  <div class='ocr_page' id='page_1' title='image "/cluster/home/n/w/nwhite01/storage/ocr_20150623/9/hvd.32044073501314/330.png"; bbox 0 0 4006 6200; ppageno 0'>
   <div class='ocr_carea' id='block_1_1' title="bbox 244 311 1826 380">
    <p class='ocr_par' dir='ltr' id='par_1_1' title="bbox 244 312 1826 380">
     <span class='ocr_line' id='line_1_1' title="bbox 244 312 1826 380; baseline -0.008 0"><span class='ocrx_word' id='word_1_1' title='bbox 244 325 325 380; x_wconf 71' lang='grc'><strong>601</strong></span> <span class='ocrx_word' id='word_1_2' title='bbox 1447 312 1826 369; x_wconf 72' lang='grc' dir='ltr'><strong>ΒΤΒΟΜΑἸὍ</strong></span> 
     </span>
    </p>
   </div>
   <div class='ocr_carea' id='block_1_2' title="bbox 1972 311 3554 380">
    <p class='ocr_par' dir='ltr' id='par_1_2' title="bbox 1972 311 3554 372">
     <span class='ocr_line' id='line_1_2' title="bbox 1972 311 3554 372; baseline 0.004 -6"><span class='ocrx_word' id='word_1_3' title='bbox 1972 313 2061 366; x_wconf 87' lang='grc' dir='ltr'><strong>ΙΒ.</strong></span> <span class='ocrx_word' id='word_1_4' title='bbox 2103 311 2250 366; x_wconf 78' lang='lat' dir='ltr'><strong>VIII.</strong></span> <span class='ocrx_word' id='word_1_5' title='bbox 3445 315 3554 372; x_wconf 77' lang='lat'><strong>602</strong></span> 
     </span>
    </p>
   </div>
   <div class='ocr_carea' id='block_1_3' title="bbox 237 434 1819 515">
    <p class='ocr_par' dir='ltr' id='par_1_3' title="bbox 237 434 1786 515">
     <span class='ocr_line' id='line_1_3' title="bbox 237 434 1786 515; baseline -0.01 -12"><span class='ocrx_word' id='word_1_6' title='bbox 237 447 389 515; x_wconf 73' lang='grc' dir='ltr'>χόν,τό</span> <span class='ocrx_word' id='word_1_7' title='bbox 427 441 657 515; x_wconf 76' lang='grc' dir='ltr'>συνεργὸν</span> <span class='ocrx_word' id='word_1_8' title='bbox 716 435 1012 513; x_wconf 75' lang='grc' dir='ltr'><strong>ὑπηρεσίαν</strong></span> <span class='ocrx_word' id='word_1_9' title='bbox 1059 436 1340 510; x_wconf 78' lang='grc' dir='ltr'><strong>σημαίνει,</strong></span> <span class='ocrx_word' id='word_1_10' title='bbox 1396 437 1485 491; x_wconf 83' lang='grc' dir='ltr'>καὶ</span> <span class='ocrx_word' id='word_1_11' title='bbox 1531 436 1631 504; x_wconf 77' lang='grc' dir='ltr'><strong>τήν</strong></span> <span class='ocrx_word' id='word_1_12' title='bbox 1693 434 1786 488; x_wconf 79' lang='grc' dir='ltr'><strong>σὺν</strong></span> 
     </span>
    </p>
   </div>
   <div class='ocr_carea' id='block_1_4' title="bbox 1970 434 3552 515">
    <p class='ocr_par' dir='ltr' id='par_1_4' title="bbox 1970 436 3552 508">
     <span class='ocr_line' id='line_1_4' title="bbox 1970 436 3552 508; baseline 0.003 -17"><span class='ocrx_word' id='word_1_13' title='bbox 1970 453 2108 492; x_wconf 86' lang='lat' dir='ltr'><strong>rsus</strong></span> <span class='ocrx_word' id='word_1_14' title='bbox 2139 442 2346 508; x_wconf 59' lang='lat' dir='ltr'><strong>aperta;</strong></span> <span class='ocrx_word' id='word_1_15' title='bbox 2375 437 2686 506; x_wconf 88' lang='lat' dir='ltr'><strong>videntur;</strong></span> <span class='ocrx_word' id='word_1_16' title='bbox 2720 436 2844 494; x_wconf 67' lang='lat' dir='ltr'><strong>alia!</strong></span> <span class='ocrx_word' id='word_1_17' title='bbox 2885 441 3080 495; x_wconf 88' lang='lat' dir='ltr'><strong>autem</strong></span> <span class='ocrx_word' id='word_1_18' title='bbox 3132 438 3396 495; x_wconf 65' lang='lat' dir='ltr'><strong>obscuras</strong></span> <span class='ocrx_word' id='word_1_19' title='bbox 3442 456 3552 496; x_wconf 89' lang='lat' dir='ltr'><strong>na-</strong></span> 
     </span>
    </p>
   </div>
   <div class='ocr_carea' id='block_1_5' title="bbox 236 524 1818 611">
    <p class='ocr_par' dir='ltr' id='par_1_5' title="bbox 236 524 1798 611">
     <span class='ocr_line' id='line_1_5' title="bbox 236 524 1798 611; baseline -0.008 -21"><span class='ocrx_word' id='word_1_20' title='bbox 236 539 353 611; x_wconf 73' lang='grc' dir='ltr'><strong>ἒτὲρφ</strong></span> <span class='ocrx_word' id='word_1_21' title='bbox 394 528 729 606; x_wconf 77' lang='grc' dir='ltr'>λειτουργίαν.</span> <span class='ocrx_word' id='word_1_22' title='bbox 790 527 858 582; x_wconf 68' lang='grc' dir='ltr'><strong>Εἴ</strong></span> <span class='ocrx_word' id='word_1_23' title='bbox 919 528 1014 602; x_wconf 72' lang='grc' dir='ltr'>μὲν</span> <span class='ocrx_word' id='word_1_24' title='bbox 1071 524 1165 581; x_wconf 80' lang='grc' dir='ltr'>οὖν</span> <span class='ocrx_word' id='word_1_25' title='bbox 1252 524 1421 600; x_wconf 72' lang='grc' dir='ltr'>μηδὲν</span> <span class='ocrx_word' id='word_1_26' title='bbox 1476 527 1798 600; x_wconf 85' lang='grc' dir='ltr'>παρέχεται,</span> 
     </span>
    </p>
   </div>
   <div class='ocr_carea' id='block_1_6' title="bbox 1971 524 3553 611">
    <p class='ocr_par' dir='ltr' id='par_1_6' title="bbox 1977 527 3553 600">
     <span class='ocr_line' id='line_1_6' title="bbox 1977 527 3553 600; baseline 0.003 -20"><span class='ocrx_word' id='word_1_27' title='bbox 1977 543 2058 596; x_wconf 87' lang='lat' dir='ltr'><strong>ra,</strong></span> <span class='ocrx_word' id='word_1_28' title='bbox 2092 543 2219 597; x_wconf 69' lang='lat' dir='ltr'><strong>qua:</strong></span> <span class='ocrx_word' id='word_1_29' title='bbox 2249 527 2409 583; x_wconf 92' lang='lat' dir='ltr'><strong>nullo</strong></span> <span class='ocrx_word' id='word_1_30' title='bbox 2439 532 2702 599; x_wconf 87' lang='lat' dir='ltr'><strong>tempore</strong></span> <span class='ocrx_word' id='word_1_31' title='bbox 2733 532 2984 599; x_wconf 90' lang='lat' dir='ltr'><strong>possunt</strong></span> <span class='ocrx_word' id='word_1_32' title='bbox 3027 544 3158 584; x_wconf 88' lang='lat' dir='ltr'><strong>esse</strong></span> <span class='ocrx_word' id='word_1_33' title='bbox 3202 533 3437 600; x_wconf 69' lang='lat' dir='ltr'><strong>apertae.</strong></span> <span class='ocrx_word' id='word_1_34' title='bbox 3486 533 3553 585; x_wconf 86' lang='lat' dir='ltr'><strong>Ft</strong></span> 
     </span>
    </p>
   </div>
   <div class='ocr_carea' id='block_1_7' title="bbox 225 613 1807 694">
    <p class='ocr_par' dir='ltr' id='par_1_7' title="bbox 225 613 1795 694">
     <span class='ocr_line' id='line_1_7' title="bbox 225 613 1795 694; baseline -0.006 -16"><span class='ocrx_word' id='word_1_35' title='bbox 225 623 314 678; x_wconf 68' lang='grc' dir='ltr'><strong>οὗόὲ</strong></span> <span class='ocrx_word' id='word_1_36' title='bbox 350 619 572 694; x_wconf 80' lang='grc' dir='ltr'>συνεργὸν</span> <span class='ocrx_word' id='word_1_37' title='bbox 620 618 947 692; x_wconf 63' lang='grc' dir='ltr'>λεχθήσεται</span> <span class='ocrx_word' id='word_1_38' title='bbox 981 636 994 648; x_wconf 87' lang='grc'><strong>·</strong></span> <span class='ocrx_word' id='word_1_39' title='bbox 1030 616 1075 670; x_wconf 84' lang='grc' dir='ltr'><strong>εἰ</strong></span> <span class='ocrx_word' id='word_1_40' title='bbox 1136 613 1194 670; x_wconf 77' lang='grc' dir='ltr'>δὲ</span> <span class='ocrx_word' id='word_1_41' title='bbox 1245 614 1567 690; x_wconf 75' lang='grc' dir='ltr'>παρέχεται,</span> <span class='ocrx_word' id='word_1_42' title='bbox 1599 613 1795 670; x_wconf 83' lang='grc' dir='ltr'>τούτου</span> 
     </span>
    </p>
   </div>
   <div class='ocr_carea' id='block_1_8' title="bbox 1967 613 3549 694">
    <p class='ocr_par' dir='ltr' id='par_1_8' title="bbox 1967 616 3549 691">
     <span class='ocr_line' id='line_1_8' title="bbox 1967 616 3549 691; baseline 0.002 -20"><span class='ocrx_word' id='word_1_43' title='bbox 1967 634 1978 671; x_wconf 70' lang='grc' dir='ltr'><strong>ι</strong></span> <span class='ocrx_word' id='word_1_44' title='bbox 2007 616 2098 672; x_wconf 88' lang='lat' dir='ltr'><strong>his</strong></span> <span class='ocrx_word' id='word_1_45' title='bbox 2131 617 2371 688; x_wconf 87' lang='lat' dir='ltr'><strong>quidem</strong></span> <span class='ocrx_word' id='word_1_46' title='bbox 2404 634 2531 688; x_wconf 62' lang='lat' dir='ltr'><strong>quae</strong></span> <span class='ocrx_word' id='word_1_47' title='bbox 2554 621 2696 672; x_wconf 89' lang='lat' dir='ltr'><strong>sunt</strong></span> <span class='ocrx_word' id='word_1_48' title='bbox 2721 622 2952 686; x_wconf 87' lang='lat' dir='ltr'><strong>natura,</strong></span> <span class='ocrx_word' id='word_1_49' title='bbox 2986 617 3113 674; x_wconf 71' lang='lat' dir='ltr'><strong>alia:</strong></span> <span class='ocrx_word' id='word_1_50' title='bbox 3140 617 3378 690; x_wconf 86' lang='lat' dir='ltr'><strong>quidem</strong></span> <span class='ocrx_word' id='word_1_51' title='bbox 3413 634 3549 691; x_wconf 90' lang='lat' dir='ltr'><strong>pos-</strong></span> 
     </span>
    </p>
   </div>
   <div class='ocr_carea' id='block_1_9' title="bbox 217 702 1799 783">
    <p class='ocr_par' dir='ltr' id='par_1_9' title="bbox 217 702 1797 783">
     <span class='ocr_line' id='line_1_9' title="bbox 217 702 1797 783; baseline -0.005 -18"><span class='ocrx_word' id='word_1_52' title='bbox 217 714 380 770; x_wconf 70' lang='grc' dir='ltr'>τέντως</span> <span class='ocrx_word' id='word_1_53' title='bbox 426 710 617 783; x_wconf 82' lang='grc' dir='ltr'>γίνεται</span> <span class='ocrx_word' id='word_1_54' title='bbox 675 705 874 778; x_wconf 73' lang='grc' dir='ltr'>αἶ’τιον,</span> <span class='ocrx_word' id='word_1_55' title='bbox 909 706 972 760; x_wconf 73' lang='grc' dir='ltr'><strong>οὗ</strong></span> <span class='ocrx_word' id='word_1_56' title='bbox 1028 706 1115 760; x_wconf 82' lang='grc' dir='ltr'><strong>καὶ</strong></span> <span class='ocrx_word' id='word_1_57' title='bbox 1175 706 1495 780; x_wconf 73' lang='grc' dir='ltr'>παρέχεται,</span> <span class='ocrx_word' id='word_1_58' title='bbox 1552 702 1797 759; x_wconf 74' lang='grc' dir='ltr'><strong>τουτέστι</strong></span> 
     </span>
    </p>
   </div>
   <div class='ocr_carea' id='block_1_10' title="bbox 1972 702 3554 783">
    <p class='ocr_par' dir='ltr' id='par_1_10' title="bbox 1972 705 3554 778">
     <span class='ocr_line' id='line_1_10' title="bbox 1972 705 3554 778; baseline 0.003 -19"><span class='ocrx_word' id='word_1_59' title='bbox 1972 709 2048 760; x_wconf 50' lang='lat' dir='ltr'><strong>int</strong></span> <span class='ocrx_word' id='word_1_60' title='bbox 2075 705 2451 778; x_wconf 81' lang='lat' dir='ltr'><strong>deprehendi,</strong></span> <span class='ocrx_word' id='word_1_61' title='bbox 2483 723 2633 776; x_wconf 90' lang='lat' dir='ltr'><strong>quas</strong></span> <span class='ocrx_word' id='word_1_62' title='bbox 2662 707 2902 777; x_wconf 85' lang='lat' dir='ltr'><strong>quidem</strong></span> <span class='ocrx_word' id='word_1_63' title='bbox 2953 709 3241 764; x_wconf 89' lang='lat' dir='ltr'><strong>vocabant</strong></span> <span class='ocrx_word' id='word_1_64' title='bbox 3293 724 3408 763; x_wconf 92' lang='lat' dir='ltr'><strong>non</strong></span> <span class='ocrx_word' id='word_1_65' title='bbox 3453 707 3554 763; x_wconf 92' lang='lat' dir='ltr'><strong>ob-</strong></span> 
     </span>
    </p>
   </div>
   <div class='ocr_carea' id='block_1_11' title="bbox 213 793 1795 872">
    <p class='ocr_par' dir='ltr' id='par_1_11' title="bbox 213 793 1795 872">
     <span class='ocr_line' id='line_1_11' title="bbox 213 793 1795 872; baseline -0.005 -17"><span class='ocrx_word' id='word_1_66' title='bbox 213 806 286 855; x_wconf 76' lang='grc' dir='ltr'>τοῦ</span> <span class='ocrx_word' id='word_1_67' title='bbox 331 798 388 854; x_wconf 80' lang='grc' dir='ltr'>δι’</span> <span class='ocrx_word' id='word_1_68' title='bbox 437 799 591 852; x_wconf 70' lang='grc' dir='ltr'>αὐτοῦ</span> <span class='ocrx_word' id='word_1_69' title='bbox 646 797 960 872; x_wconf 79' lang='grc' dir='ltr'>γινομένου.</span> <span class='ocrx_word' id='word_1_70' title='bbox 1007 797 1194 852; x_wconf 80' lang='grc' dir='ltr'>’Ἑστιν</span> <span class='ocrx_word' id='word_1_71' title='bbox 1256 793 1347 849; x_wconf 75' lang='grc' dir='ltr'>οὖν</span> <span class='ocrx_word' id='word_1_72' title='bbox 1407 795 1676 870; x_wconf 81' lang='grc' dir='ltr'>συνεργὸν,</span> <span class='ocrx_word' id='word_1_73' title='bbox 1737 794 1795 848; x_wconf 69' lang='grc' dir='ltr'><strong>οὗ</strong></span> 
     </span>
    </p>
   </div>
   <div class='ocr_carea' id='block_1_12' title="bbox 1971 793 3553 872">
    <p class='ocr_par' dir='ltr' id='par_1_12' title="bbox 1978 794 3553 868">
     <span class='ocr_line' id='line_1_12' title="bbox 1978 794 3553 868; baseline 0.003 -19"><span class='ocrx_word' id='word_1_74' title='bbox 1978 812 2135 864; x_wconf 88' lang='lat' dir='ltr'><strong>uras,</strong></span> <span class='ocrx_word' id='word_1_75' title='bbox 2157 800 2217 850; x_wconf 90' lang='lat' dir='ltr'><strong>ut</strong></span> <span class='ocrx_word' id='word_1_76' title='bbox 2239 812 2366 867; x_wconf 69' lang='lat' dir='ltr'><strong>quae</strong></span> <span class='ocrx_word' id='word_1_77' title='bbox 2385 811 2488 867; x_wconf 88' lang='lat' dir='ltr'><strong>per</strong></span> <span class='ocrx_word' id='word_1_78' title='bbox 2508 794 2678 867; x_wconf 89' lang='lat' dir='ltr'><strong>signa</strong></span> <span class='ocrx_word' id='word_1_79' title='bbox 2700 797 3026 868; x_wconf 79' lang='lat' dir='ltr'><strong>reputando</strong></span> <span class='ocrx_word' id='word_1_80' title='bbox 3067 813 3132 852; x_wconf 89' lang='lat' dir='ltr'><strong>ac</strong></span> <span class='ocrx_word' id='word_1_81' title='bbox 3153 796 3553 853; x_wconf 86' lang='lat' dir='ltr'><strong>ratiocinando</strong></span> 
     </span>
    </p>
   </div>
   <div class='ocr_carea' id='block_1_13' title="bbox 215 881 1797 962">
    <p class='ocr_par' dir='ltr' id='par_1_13' title="bbox 215 881 1797 962">
     <span class='ocr_line' id='line_1_13' title="bbox 215 881 1797 962; baseline -0.005 -18"><span class='ocrx_word' id='word_1_82' title='bbox 215 890 426 962; x_wconf 73' lang='grc' dir='ltr'>παρόντος</span> <span class='ocrx_word' id='word_1_83' title='bbox 466 886 658 961; x_wconf 81' lang='grc' dir='ltr'>ἐγίνετο</span> <span class='ocrx_word' id='word_1_84' title='bbox 706 886 769 941; x_wconf 83' lang='grc' dir='ltr'>τὸ</span> <span class='ocrx_word' id='word_1_85' title='bbox 819 884 1194 957; x_wconf 74' lang='grc' dir='ltr'>ἀποτέλεσμα·</span> <span class='ocrx_word' id='word_1_86' title='bbox 1229 881 1531 960; x_wconf 75' lang='grc' dir='ltr'><strong>προδήλως</strong></span> <span class='ocrx_word' id='word_1_87' title='bbox 1571 885 1648 957; x_wconf 84' lang='grc'><strong>(7)</strong></span> <span class='ocrx_word' id='word_1_88' title='bbox 1702 883 1797 956; x_wconf 69' lang='grc' dir='ltr'>μὲν</span> 
     </span>
    </p>
   </div>
   <div class='ocr_carea' id='block_1_14' title="bbox 1971 881 3553 962">
    <p class='ocr_par' dir='ltr' id='par_1_14' title="bbox 1971 884 3553 957">
     <span class='ocr_line' id='line_1_14' title="bbox 1971 884 3553 957; baseline 0.003 -19"><span class='ocrx_word' id='word_1_89' title='bbox 1971 884 2282 956; x_wconf 71' lang='lat' dir='ltr'><strong>dligantur,</strong></span> <span class='ocrx_word' id='word_1_90' title='bbox 2315 886 2815 956; x_wconf 85' lang='lat' dir='ltr'><strong>quemadmodum</strong></span> <span class='ocrx_word' id='word_1_91' title='bbox 2850 887 3194 957; x_wconf 75' lang='lat' dir='ltr'><strong>symmetria</strong></span> <span class='ocrx_word' id='word_1_92' title='bbox 3241 887 3553 942; x_wconf 88' lang='lat' dir='ltr'><strong>dubiarum</strong></span> 
     </span>
    </p>
   </div>
   <div class='ocr_carea' id='block_1_15' title="bbox 215 971 1797 1052">
    <p class='ocr_par' dir='ltr' id='par_1_15' title="bbox 215 971 1797 1052">
     <span class='ocr_line' id='line_1_15' title="bbox 215 971 1797 1052; baseline -0.006 -18"><span class='ocrx_word' id='word_1_93' title='bbox 215 979 280 1034; x_wconf 70' lang='grc' dir='ltr'>οὖν</span> <span class='ocrx_word' id='word_1_94' title='bbox 306 978 542 1052; x_wconf 76' lang='grc' dir='ltr'>παρόντος</span> <span class='ocrx_word' id='word_1_95' title='bbox 574 979 673 1049; x_wconf 88' lang='grc'>(8),</span> <span class='ocrx_word' id='word_1_96' title='bbox 705 973 930 1045; x_wconf 73' lang='grc' dir='ltr'>ἀδήλως</span> <span class='ocrx_word' id='word_1_97' title='bbox 973 973 1031 1030; x_wconf 69' lang='grc' dir='ltr'>δὲ</span> <span class='ocrx_word' id='word_1_98' title='bbox 1074 971 1311 1045; x_wconf 76' lang='grc' dir='ltr'>ἀδήλου.</span> <span class='ocrx_word' id='word_1_99' title='bbox 1345 974 1447 1030; x_wconf 79' lang='grc' dir='ltr'><strong>Καὶ</strong></span> <span class='ocrx_word' id='word_1_100' title='bbox 1502 973 1566 1028; x_wconf 86' lang='grc' dir='ltr'>τὸ</span> <span class='ocrx_word' id='word_1_101' title='bbox 1619 971 1797 1026; x_wconf 84' lang='grc' dir='ltr'>συναί-</span> 
     </span>
    </p>
   </div>
   <div class='ocr_carea' id='block_1_16' title="bbox 1971 971 3553 1052">
    <p class='ocr_par' dir='ltr' id='par_1_16' title="bbox 1971 975 3553 1047">
     <span class='ocr_line' id='line_1_16' title="bbox 1971 975 3553 1047; baseline 0.001 -18"><span class='ocrx_word' id='word_1_102' title='bbox 1971 975 2241 1030; x_wconf 73' lang='grc' dir='ltr'>ἀιὶοουω</span> <span class='ocrx_word' id='word_1_103' title='bbox 2281 993 2407 1046; x_wconf 67' lang='lat' dir='ltr'><strong>qua;</strong></span> <span class='ocrx_word' id='word_1_104' title='bbox 2440 976 2661 1030; x_wconf 89' lang='lat' dir='ltr'><strong>cadunt</strong></span> <span class='ocrx_word' id='word_1_105' title='bbox 2696 976 2751 1030; x_wconf 91' lang='lat' dir='ltr'><strong>in</strong></span> <span class='ocrx_word' id='word_1_106' title='bbox 2783 975 3378 1047; x_wconf 79' lang='lat' dir='ltr'><strong>contemplationem;</strong></span> <span class='ocrx_word' id='word_1_107' title='bbox 3426 975 3553 1032; x_wconf 67' lang='lat' dir='ltr'><strong>alia</strong></span> 
     </span>
    </p>
   </div>
   <div class='ocr_carea' id='block_1_17' title="bbox 212 1062 1794 1140">
    <p class='ocr_par' dir='ltr' id='par_1_17' title="bbox 212 1062 1794 1140">
     <span class='ocr_line' id='line_1_17' title="bbox 212 1062 1794 1140; baseline -0.004 -18"><span class='ocrx_word' id='word_1_108' title='bbox 212 1091 296 1122; x_wconf 81' lang='grc' dir='ltr'>τιον</span> <span class='ocrx_word' id='word_1_109' title='bbox 342 1065 390 1121; x_wconf 73' lang='grc' dir='ltr'>δὲ</span> <span class='ocrx_word' id='word_1_110' title='bbox 438 1066 492 1121; x_wconf 58' lang='lat' dir='ltr'><strong>tu</strong></span> <span class='ocrx_word' id='word_1_111' title='bbox 543 1070 640 1120; x_wconf 71' lang='grc' dir='ltr'><strong>τοῦ</strong></span> <span class='ocrx_word' id='word_1_112' title='bbox 696 1064 886 1140; x_wconf 72' lang='grc' dir='ltr'>γένους</span> <span class='ocrx_word' id='word_1_113' title='bbox 945 1063 1057 1119; x_wconf 78' lang='grc' dir='ltr'>ἐστὶ</span> <span class='ocrx_word' id='word_1_114' title='bbox 1104 1067 1211 1118; x_wconf 80' lang='grc' dir='ltr'>τῶν</span> <span class='ocrx_word' id='word_1_115' title='bbox 1259 1062 1467 1133; x_wconf 75' lang='grc' dir='ltr'>αἰτίων,</span> <span class='ocrx_word' id='word_1_116' title='bbox 1499 1062 1794 1134; x_wconf 79' lang='grc' dir='ltr'>καθάπερὸ</span> 
     </span>
    </p>
   </div>
   <div class='ocr_carea' id='block_1_18' title="bbox 1973 1062 3555 1140">
    <p class='ocr_par' dir='ltr' id='par_1_18' title="bbox 1982 1064 3555 1137">
     <span class='ocr_line' id='line_1_18' title="bbox 1982 1064 3555 1137; baseline 0.003 -19"><span class='ocrx_word' id='word_1_117' title='bbox 1982 1081 2042 1119; x_wconf 94' lang='lat' dir='ltr'><strong>ro</strong></span> <span class='ocrx_word' id='word_1_118' title='bbox 2073 1081 2200 1136; x_wconf 70' lang='lat' dir='ltr'><strong>quae</strong></span> <span class='ocrx_word' id='word_1_119' title='bbox 2227 1065 2584 1137; x_wconf 81' lang='lat' dir='ltr'><strong>deprehendi</strong></span> <span class='ocrx_word' id='word_1_120' title='bbox 2622 1070 2944 1136; x_wconf 89' lang='lat' dir='ltr'><strong>nequeunt,</strong></span> <span class='ocrx_word' id='word_1_121' title='bbox 2975 1082 3103 1137; x_wconf 61' lang='lat' dir='ltr'><strong>quas</strong></span> <span class='ocrx_word' id='word_1_122' title='bbox 3161 1064 3324 1121; x_wconf 93' lang='lat' dir='ltr'><strong>nullo</strong></span> <span class='ocrx_word' id='word_1_123' title='bbox 3383 1067 3555 1122; x_wconf 90' lang='lat' dir='ltr'><strong>modo</strong></span> 
     </span>
    </p>
   </div>
   <div class='ocr_carea' id='block_1_19' title="bbox 211 1146 1793 1229">
    <p class='ocr_par' dir='ltr' id='par_1_19' title="bbox 211 1146 1793 1229">
     <span class='ocr_line' id='line_1_19' title="bbox 211 1146 1793 1229; baseline -0.004 -17"><span class='ocrx_word' id='word_1_124' title='bbox 211 1157 552 1228; x_wconf 69' lang='grc' dir='ltr'>συστρατιώτης</span> <span class='ocrx_word' id='word_1_125' title='bbox 603 1153 1086 1227; x_wconf 76' lang='grc' dir='ltr'>στρατιώτης,καὶ</span> <span class='ocrx_word' id='word_1_126' title='bbox 1146 1153 1173 1206; x_wconf 88' lang='grc' dir='ltr'>ὁ</span> <span class='ocrx_word' id='word_1_127' title='bbox 1220 1146 1522 1229; x_wconf 74' lang='grc' dir='ltr'>συνέφηϐος</span> <span class='ocrx_word' id='word_1_128' title='bbox 1571 1148 1793 1228; x_wconf 62' lang='grc' dir='ltr'>ἔφηϐος.</span> 
     </span>
    </p>
   </div>
   <div class='ocr_carea' id='block_1_20' title="bbox 1976 1146 3558 1229">
    <p class='ocr_par' dir='ltr' id='par_1_20' title="bbox 1976 1154 3558 1226">
     <span class='ocr_line' id='line_1_20' title="bbox 1976 1154 3558 1226; baseline 0.004 -22"><span class='ocrx_word' id='word_1_129' title='bbox 1976 1160 2159 1210; x_wconf 66' lang='grc' dir='ltr'>νεευηῐ</span> <span class='ocrx_word' id='word_1_130' title='bbox 2187 1156 2393 1210; x_wconf 84' lang='lat' dir='ltr'><strong>cadere</strong></span> <span class='ocrx_word' id='word_1_131' title='bbox 2433 1155 2543 1210; x_wconf 90' lang='lat' dir='ltr'><strong>sub</strong></span> <span class='ocrx_word' id='word_1_132' title='bbox 2593 1154 3144 1226; x_wconf 84' lang='lat' dir='ltr'><strong>deprehensionem,</strong></span> <span class='ocrx_word' id='word_1_133' title='bbox 3205 1171 3333 1226; x_wconf 74' lang='lat' dir='ltr'><strong>quae</strong></span> <span class='ocrx_word' id='word_1_134' title='bbox 3381 1155 3558 1210; x_wconf 88' lang='lat' dir='ltr'><strong>etiam</strong></span> 
     </span>
    </p>
   </div>
   <div class='ocr_carea' id='block_1_21' title="bbox 211 1240 1793 1320">
    <p class='ocr_par' dir='ltr' id='par_1_21' title="bbox 211 1240 1793 1320">
     <span class='ocr_line' id='line_1_21' title="bbox 211 1240 1793 1320; baseline -0.005 -18"><span class='ocrx_word' id='word_1_135' title='bbox 211 1247 265 1302; x_wconf 84' lang='grc' dir='ltr'><strong>Τὸ</strong></span> <span class='ocrx_word' id='word_1_136' title='bbox 311 1247 390 1318; x_wconf 80' lang='grc' dir='ltr'>μὲν</span> <span class='ocrx_word' id='word_1_137' title='bbox 443 1244 527 1298; x_wconf 76' lang='grc' dir='ltr'>οὖν</span> <span class='ocrx_word' id='word_1_138' title='bbox 561 1244 812 1320; x_wconf 81' lang='grc' dir='ltr'>συνεργὸν</span> <span class='ocrx_word' id='word_1_139' title='bbox 849 1241 1022 1297; x_wconf 74' lang='grc' dir='ltr'>αἶ’τιον</span> <span class='ocrx_word' id='word_1_140' title='bbox 1051 1246 1130 1314; x_wconf 77' lang='grc' dir='ltr'><strong>τῷ</strong></span> <span class='ocrx_word' id='word_1_141' title='bbox 1161 1244 1460 1312; x_wconf 79' lang='grc' dir='ltr'>συνεκτιχῷ</span> <span class='ocrx_word' id='word_1_142' title='bbox 1505 1240 1644 1316; x_wconf 85' lang='grc' dir='ltr'>πρὸς</span> <span class='ocrx_word' id='word_1_143' title='bbox 1699 1242 1793 1310; x_wconf 72' lang='grc' dir='ltr'>τὴν</span> 
     </span>
    </p>
   </div>
   <div class='ocr_carea' id='block_1_22' title="bbox 1977 1240 3559 1320">
    <p class='ocr_par' dir='ltr' id='par_1_22' title="bbox 1977 1242 3559 1315">
     <span class='ocr_line' id='line_1_22' title="bbox 1977 1242 3559 1315; baseline 0.001 -17"><span class='ocrx_word' id='word_1_144' title='bbox 1977 1249 2187 1300; x_wconf 89' lang='lat' dir='ltr'><strong>cuntur</strong></span> <span class='ocrx_word' id='word_1_145' title='bbox 2212 1243 2447 1315; x_wconf 85' lang='lat' dir='ltr'><strong>penitus</strong></span> <span class='ocrx_word' id='word_1_146' title='bbox 2477 1244 2761 1299; x_wconf 80' lang='lat' dir='ltr'><strong>obscurae.</strong></span> <span class='ocrx_word' id='word_1_147' title='bbox 2812 1244 2881 1298; x_wconf 85' lang='lat' dir='ltr'><strong>Et</strong></span> <span class='ocrx_word' id='word_1_148' title='bbox 2937 1242 3060 1298; x_wconf 65' lang='lat' dir='ltr'><strong>alia:</strong></span> <span class='ocrx_word' id='word_1_149' title='bbox 3119 1243 3360 1314; x_wconf 89' lang='lat' dir='ltr'><strong>quidem</strong></span> <span class='ocrx_word' id='word_1_150' title='bbox 3417 1250 3559 1300; x_wconf 89' lang='lat' dir='ltr'><strong>sunt</strong></span> 
     </span>
    </p>
   </div>
   <div class='ocr_carea' id='block_1_23' title="bbox 211 1328 1793 1409">
    <p class='ocr_par' dir='ltr' id='par_1_23' title="bbox 211 1328 1793 1409">
     <span class='ocr_line' id='line_1_23' title="bbox 211 1328 1793 1409; baseline -0.004 -18"><span class='ocrx_word' id='word_1_151' title='bbox 211 1336 400 1392; x_wconf 72' lang='grc' dir='ltr'>ἐπίτασιν</span> <span class='ocrx_word' id='word_1_152' title='bbox 447 1335 635 1409; x_wconf 85' lang='grc' dir='ltr'>βοηθεῖ</span> <span class='ocrx_word' id='word_1_153' title='bbox 661 1337 760 1388; x_wconf 77' lang='grc' dir='ltr'><strong>τοῦ</strong></span> <span class='ocrx_word' id='word_1_154' title='bbox 792 1333 880 1388; x_wconf 83' lang='grc' dir='ltr'>ὑπ’</span> <span class='ocrx_word' id='word_1_155' title='bbox 910 1333 1078 1387; x_wconf 78' lang='grc' dir='ltr'>αὐτοῦ</span> <span class='ocrx_word' id='word_1_156' title='bbox 1107 1331 1400 1406; x_wconf 73' lang='grc' dir='ltr'>γινομένου</span> <span class='ocrx_word' id='word_1_157' title='bbox 1433 1348 1446 1360; x_wconf 91' lang='grc'><strong>·</strong></span> <span class='ocrx_word' id='word_1_158' title='bbox 1477 1332 1538 1385; x_wconf 87' lang='grc' dir='ltr'>τὸ</span> <span class='ocrx_word' id='word_1_159' title='bbox 1591 1328 1648 1385; x_wconf 74' lang='grc' dir='ltr'>δὲ</span> <span class='ocrx_word' id='word_1_160' title='bbox 1678 1351 1793 1385; x_wconf 85' lang='grc' dir='ltr'>συν-</span> 
     </span>
    </p>
   </div>
   <div class='ocr_carea' id='block_1_24' title="bbox 1975 1328 3557 1409">
    <p class='ocr_par' dir='ltr' id='par_1_24' title="bbox 1975 1330 3557 1404">
     <span class='ocr_line' id='line_1_24' title="bbox 1975 1330 3557 1404; baseline -0.001 -16"><span class='ocrx_word' id='word_1_161' title='bbox 1975 1332 2360 1399; x_wconf 75' lang='lat' dir='ltr'><strong>ocatarcticze,</strong></span> <span class='ocrx_word' id='word_1_162' title='bbox 2430 1331 2554 1387; x_wconf 66' lang='lat' dir='ltr'><strong>alia:</strong></span> <span class='ocrx_word' id='word_1_163' title='bbox 2615 1346 2748 1387; x_wconf 90' lang='lat' dir='ltr'><strong>vero</strong></span> <span class='ocrx_word' id='word_1_164' title='bbox 2805 1331 3110 1404; x_wconf 69' lang='lat' dir='ltr'><strong>synecticae</strong></span> <span class='ocrx_word' id='word_1_165' title='bbox 3178 1330 3302 1386; x_wconf 68' lang='lat' dir='ltr'><strong>aliae</strong></span> <span class='ocrx_word' id='word_1_166' title='bbox 3360 1336 3557 1387; x_wconf 83' lang='lat' dir='ltr'><strong>autem</strong></span> 
     </span>
    </p>
   </div>
   <div class='ocr_carea' id='block_1_25' title="bbox 213 1417 1795 1495">
    <p class='ocr_par' dir='ltr' id='par_1_25' title="bbox 213 1417 1795 1495">
     <span class='ocr_line' id='line_1_25' title="bbox 213 1417 1795 1495; baseline -0.002 -17"><span class='ocrx_word' id='word_1_167' title='bbox 213 1424 344 1478; x_wconf 67' lang='grc' dir='ltr'>αἰτίαν</span> <span class='ocrx_word' id='word_1_168' title='bbox 397 1424 490 1478; x_wconf 75' lang='grc' dir='ltr'>οὐκ</span> <span class='ocrx_word' id='word_1_169' title='bbox 544 1422 632 1478; x_wconf 75' lang='grc' dir='ltr'>ἐπὶ</span> <span class='ocrx_word' id='word_1_170' title='bbox 690 1429 791 1492; x_wconf 79' lang='grc' dir='ltr'><strong>τῆς</strong></span> <span class='ocrx_word' id='word_1_171' title='bbox 843 1421 1010 1495; x_wconf 78' lang='grc' dir='ltr'>αὐτῇς</span> <span class='ocrx_word' id='word_1_172' title='bbox 1067 1419 1208 1476; x_wconf 77' lang='grc' dir='ltr'>ἐστιν</span> <span class='ocrx_word' id='word_1_173' title='bbox 1267 1417 1471 1482; x_wconf 78' lang='grc' dir='ltr'>ἐννοίας</span> <span class='ocrx_word' id='word_1_174' title='bbox 1505 1438 1519 1452; x_wconf 83' lang='grc'>⁶</span> <span class='ocrx_word' id='word_1_175' title='bbox 1581 1417 1795 1475; x_wconf 81' lang='grc' dir='ltr'>δύναται</span> 
     </span>
    </p>
   </div>
   <div class='ocr_carea' id='block_1_26' title="bbox 1975 1417 3557 1495">
    <p class='ocr_par' dir='ltr' id='par_1_26' title="bbox 1975 1419 3557 1493">
     <span class='ocr_line' id='line_1_26' title="bbox 1975 1419 3557 1493; baseline 0 -17"><span class='ocrx_word' id='word_1_176' title='bbox 1975 1438 2234 1490; x_wconf 69' lang='lat' dir='ltr'><strong>ncausze,</strong></span> <span class='ocrx_word' id='word_1_177' title='bbox 2267 1421 2397 1477; x_wconf 68' lang='lat' dir='ltr'><strong>alia</strong></span> <span class='ocrx_word' id='word_1_178' title='bbox 2421 1438 2554 1476; x_wconf 90' lang='lat' dir='ltr'><strong>vero</strong></span> <span class='ocrx_word' id='word_1_179' title='bbox 2586 1422 2954 1491; x_wconf 78' lang='lat' dir='ltr'><strong>adjuvantes.</strong></span> <span class='ocrx_word' id='word_1_180' title='bbox 2987 1421 3056 1476; x_wconf 88' lang='lat' dir='ltr'><strong>Et</strong></span> <span class='ocrx_word' id='word_1_181' title='bbox 3111 1419 3240 1477; x_wconf 69' lang='lat' dir='ltr'><strong>alia:</strong></span> <span class='ocrx_word' id='word_1_182' title='bbox 3296 1421 3557 1493; x_wconf 87' lang='lat' dir='ltr'><strong>quidem,</strong></span> 
     </span>
    </p>
   </div>
   <div class='ocr_carea' id='block_1_27' title="bbox 210 1506 1792 1588">
    <p class='ocr_par' dir='ltr' id='par_1_27' title="bbox 210 1506 1792 1588">
     <span class='ocr_line' id='line_1_27' title="bbox 210 1506 1792 1588; baseline -0.004 -20"><span class='ocrx_word' id='word_1_183' title='bbox 323 1512 570 1568; x_wconf 79' lang='grc' dir='ltr'>συναίτιον</span> <span class='ocrx_word' id='word_1_184' title='bbox 625 1512 917 1588; x_wconf 79' lang='grc' dir='ltr'>ὑπάρχειν,</span> <span class='ocrx_word' id='word_1_185' title='bbox 973 1508 1068 1565; x_wconf 77' lang='grc' dir='ltr'><strong>κᾶν</strong></span> <span class='ocrx_word' id='word_1_186' title='bbox 1132 1511 1209 1583; x_wconf 81' lang='grc' dir='ltr'>μὴ</span> <span class='ocrx_word' id='word_1_187' title='bbox 1265 1509 1568 1564; x_wconf 82' lang='grc' dir='ltr'>συνεκτικὸν</span> <span class='ocrx_word' id='word_1_188' title='bbox 1623 1506 1792 1563; x_wconf 54' lang='grc' dir='ltr'>αἴτιον</span> 
     </span>
    </p>
   </div>
   <div class='ocr_carea' id='block_1_28' title="bbox 1975 1506 3557 1588">
    <p class='ocr_par' dir='ltr' id='par_1_28' title="bbox 1975 1509 3557 1586">
     <span class='ocr_line' id='line_1_28' title="bbox 1975 1509 3557 1586; baseline -0.001 -18"><span class='ocrx_word' id='word_1_189' title='bbox 1975 1530 2038 1568; x_wconf 90' lang='lat' dir='ltr'><strong>us</strong></span> <span class='ocrx_word' id='word_1_190' title='bbox 2071 1513 2228 1586; x_wconf 92' lang='lat' dir='ltr'><strong>quod</strong></span> <span class='ocrx_word' id='word_1_191' title='bbox 2258 1515 2348 1568; x_wconf 89' lang='lat' dir='ltr'><strong>est</strong></span> <span class='ocrx_word' id='word_1_192' title='bbox 2378 1512 2708 1568; x_wconf 91' lang='lat' dir='ltr'><strong>secundum</strong></span> <span class='ocrx_word' id='word_1_193' title='bbox 2738 1519 3008 1567; x_wconf 85' lang='lat' dir='ltr'><strong>naturam</strong></span> <span class='ocrx_word' id='word_1_194' title='bbox 3033 1528 3047 1579; x_wconf 89' lang='lat'><strong>;</strong></span> <span class='ocrx_word' id='word_1_195' title='bbox 3081 1509 3208 1567; x_wconf 68' lang='lat' dir='ltr'><strong>alias</strong></span> <span class='ocrx_word' id='word_1_196' title='bbox 3236 1527 3394 1578; x_wconf 89' lang='lat' dir='ltr'><strong>vero,</strong></span> <span class='ocrx_word' id='word_1_197' title='bbox 3428 1511 3557 1582; x_wconf 89' lang='lat' dir='ltr'><strong>ejus</strong></span> 
     </span>
    </p>
   </div>
   <div class='ocr_carea' id='block_1_29' title="bbox 209 1595 1791 1677">
    <p class='ocr_par' dir='ltr' id='par_1_29' title="bbox 209 1595 1791 1677">
     <span class='ocr_line' id='line_1_29' title="bbox 209 1595 1791 1677; baseline -0.002 -21"><span class='ocrx_word' id='word_1_198' title='bbox 209 1602 567 1675; x_wconf 71' lang='grc' dir='ltr'>ᾗτι.Νοεῖται</span> <span class='ocrx_word' id='word_1_199' title='bbox 626 1603 733 1677; x_wconf 76' lang='grc' dir='ltr'>γὰρ</span> <span class='ocrx_word' id='word_1_200' title='bbox 788 1600 881 1655; x_wconf 76' lang='grc' dir='ltr'><strong>σὺν</strong></span> <span class='ocrx_word' id='word_1_201' title='bbox 962 1600 1128 1674; x_wconf 73' lang='grc' dir='ltr'>ἑτέρῳ</span> <span class='ocrx_word' id='word_1_202' title='bbox 1185 1599 1249 1653; x_wconf 86' lang='grc' dir='ltr'>τὸ</span> <span class='ocrx_word' id='word_1_203' title='bbox 1330 1598 1620 1669; x_wconf 80' lang='grc' dir='ltr'>συναίτιον,</span> <span class='ocrx_word' id='word_1_204' title='bbox 1681 1595 1791 1654; x_wconf 78' lang='grc' dir='ltr'><strong>οὐδ</strong></span> 
     </span>
    </p>
   </div>
   <div class='ocr_carea' id='block_1_30' title="bbox 1974 1595 3556 1677">
    <p class='ocr_par' dir='ltr' id='par_1_30' title="bbox 1974 1599 3556 1672">
     <span class='ocr_line' id='line_1_30' title="bbox 1974 1599 3556 1672; baseline -0.002 -15"><span class='ocrx_word' id='word_1_205' title='bbox 1974 1602 2065 1658; x_wconf 82' lang='lat' dir='ltr'><strong>iod</strong></span> <span class='ocrx_word' id='word_1_206' title='bbox 2089 1606 2298 1672; x_wconf 59' lang='lat' dir='ltr'><strong>praeter</strong></span> <span class='ocrx_word' id='word_1_207' title='bbox 2329 1604 2620 1656; x_wconf 89' lang='lat' dir='ltr'><strong>naturam.</strong></span> <span class='ocrx_word' id='word_1_208' title='bbox 2653 1599 2797 1655; x_wconf 70' lang='lat' dir='ltr'><strong>Alia:</strong></span> <span class='ocrx_word' id='word_1_209' title='bbox 2828 1608 3022 1656; x_wconf 88' lang='lat' dir='ltr'><strong>autem</strong></span> <span class='ocrx_word' id='word_1_210' title='bbox 3058 1599 3248 1655; x_wconf 90' lang='lat' dir='ltr'><strong>morbi</strong></span> <span class='ocrx_word' id='word_1_211' title='bbox 3267 1603 3324 1654; x_wconf 92' lang='lat' dir='ltr'><strong>et</strong></span> <span class='ocrx_word' id='word_1_212' title='bbox 3345 1614 3556 1654; x_wconf 87' lang='lat' dir='ltr'><strong>secun-</strong></span> 
     </span>
    </p>
   </div>
   <div class='ocr_carea' id='block_1_31' title="bbox 211 1685 1793 1765">
    <p class='ocr_par' dir='ltr' id='par_1_31' title="bbox 211 1685 1793 1765">
     <span class='ocr_line' id='line_1_31' title="bbox 211 1685 1793 1765; baseline -0.003 -19"><span class='ocrx_word' id='word_1_213' title='bbox 211 1691 319 1764; x_wconf 71' lang='grc' dir='ltr'>αὐτῷ</span> <span class='ocrx_word' id='word_1_214' title='bbox 363 1693 430 1765; x_wconf 83' lang='grc'><strong>(9)</strong></span> <span class='ocrx_word' id='word_1_215' title='bbox 482 1689 770 1764; x_wconf 77' lang='grc' dir='ltr'>δυναμένῳ</span> <span class='ocrx_word' id='word_1_216' title='bbox 816 1690 935 1744; x_wconf 81' lang='grc' dir='ltr'>κατ’</span> <span class='ocrx_word' id='word_1_217' title='bbox 962 1687 1102 1744; x_wconf 78' lang='grc' dir='ltr'>ῗδίαν</span> <span class='ocrx_word' id='word_1_218' title='bbox 1157 1694 1383 1758; x_wconf 82' lang='grc' dir='ltr'>ποιῆσαι</span> <span class='ocrx_word' id='word_1_219' title='bbox 1437 1689 1500 1742; x_wconf 86' lang='grc' dir='ltr'>τὸ</span> <span class='ocrx_word' id='word_1_220' title='bbox 1539 1685 1793 1742; x_wconf 82' lang='grc' dir='ltr'>ἀποτέλε-</span> 
     </span>
    </p>
   </div>
   <div class='ocr_carea' id='block_1_32' title="bbox 1977 1685 3559 1765">
    <p class='ocr_par' dir='ltr' id='par_1_32' title="bbox 1977 1687 3559 1765">
     <span class='ocr_line' id='line_1_32' title="bbox 1977 1687 3559 1765; baseline -0.001 -19"><span class='ocrx_word' id='word_1_221' title='bbox 1977 1708 2050 1747; x_wconf 79' lang='lat' dir='ltr'><strong>im</strong></span> <span class='ocrx_word' id='word_1_222' title='bbox 2081 1691 2354 1746; x_wconf 89' lang='lat' dir='ltr'><strong>accidens</strong></span> <span class='ocrx_word' id='word_1_223' title='bbox 2383 1710 2398 1760; x_wconf 87' lang='lat'><strong>;</strong></span> <span class='ocrx_word' id='word_1_224' title='bbox 2433 1689 2560 1745; x_wconf 68' lang='lat' dir='ltr'><strong>alia:</strong></span> <span class='ocrx_word' id='word_1_225' title='bbox 2588 1688 2823 1760; x_wconf 91' lang='lat' dir='ltr'><strong>quidem</strong></span> <span class='ocrx_word' id='word_1_226' title='bbox 2853 1687 3248 1756; x_wconf 84' lang='lat' dir='ltr'><strong>effectionum,</strong></span> <span class='ocrx_word' id='word_1_227' title='bbox 3272 1687 3397 1765; x_wconf 68' lang='lat' dir='ltr'><strong>alite</strong></span> <span class='ocrx_word' id='word_1_228' title='bbox 3425 1703 3559 1744; x_wconf 91' lang='lat' dir='ltr'><strong>vero</strong></span> 
     </span>
    </p>
   </div>
   <div class='ocr_carea' id='block_1_33' title="bbox 209 1761 1791 1880">
    <p class='ocr_par' dir='ltr' id='par_1_33' title="bbox 209 1761 1791 1856">
     <span class='ocr_line' id='line_1_33' title="bbox 209 1761 1791 1856; baseline -0.002 -22"><span class='ocrx_word' id='word_1_229' title='bbox 209 1761 305 1853; x_wconf 69' lang='lat' dir='ltr'><strong>sua,</strong></span> <span class='ocrx_word' id='word_1_230' title='bbox 329 1761 480 1834; x_wconf 60' lang='grc' dir='ltr'>αῗτιον</span> <span class='ocrx_word' id='word_1_231' title='bbox 512 1779 570 1835; x_wconf 74' lang='grc' dir='ltr'><strong>ὃν</strong></span> <span class='ocrx_word' id='word_1_232' title='bbox 605 1761 702 1834; x_wconf 78' lang='grc' dir='ltr'><strong>σὺν</strong></span> <span class='ocrx_word' id='word_1_233' title='bbox 744 1761 934 1851; x_wconf 13' lang='grc' dir='ltr'>γαῖτίῳ.</span> <span class='ocrx_word' id='word_1_234' title='bbox 968 1776 1216 1856; x_wconf 73' lang='grc' dir='ltr'>Διαφέρει</span> <span class='ocrx_word' id='word_1_235' title='bbox 1270 1774 1329 1831; x_wconf 74' lang='grc' dir='ltr'>δὲ</span> <span class='ocrx_word' id='word_1_236' title='bbox 1373 1781 1471 1831; x_wconf 80' lang='grc' dir='ltr'><strong>τοῦ</strong></span> <span class='ocrx_word' id='word_1_237' title='bbox 1527 1778 1791 1832; x_wconf 76' lang='grc' dir='ltr'>συναιτίου</span> 
     </span>
    </p>
   </div>
   <div class='ocr_carea' id='block_1_34' title="bbox 1976 1761 3558 1880">
    <p class='ocr_par' dir='ltr' id='par_1_34' title="bbox 1976 1761 3558 1852">
     <span class='ocr_line' id='line_1_34' title="bbox 1976 1761 3558 1852; baseline -0.002 -18"><span class='ocrx_word' id='word_1_238' title='bbox 1976 1796 2113 1836; x_wconf 87' lang='lat' dir='ltr'><strong>.rum</strong></span> <span class='ocrx_word' id='word_1_239' title='bbox 2147 1779 2596 1852; x_wconf 81' lang='lat' dir='ltr'><strong>magnitudinis,</strong></span> <span class='ocrx_word' id='word_1_240' title='bbox 2628 1779 2753 1834; x_wconf 70' lang='lat' dir='ltr'><strong>aliae</strong></span> <span class='ocrx_word' id='word_1_241' title='bbox 2784 1783 2980 1835; x_wconf 91' lang='lat' dir='ltr'><strong>autem</strong></span> <span class='ocrx_word' id='word_1_242' title='bbox 3005 1761 3337 1848; x_wconf 75' lang='lat' dir='ltr'><strong>temporum</strong></span> <span class='ocrx_word' id='word_1_243' title='bbox 3369 1781 3424 1832; x_wconf 88' lang='lat' dir='ltr'><strong>et</strong></span> <span class='ocrx_word' id='word_1_244' title='bbox 3469 1792 3558 1832; x_wconf 87' lang='lat' dir='ltr'><strong>oc-</strong></span> 
     </span>
    </p>
   </div>
   <div class='ocr_carea' id='block_1_35' title="bbox 205 1863 1787 1944">
    <p class='ocr_par' dir='ltr' id='par_1_35' title="bbox 205 1863 1787 1944">
     <span class='ocr_line' id='line_1_35' title="bbox 205 1863 1787 1944; baseline -0.004 -19"><span class='ocrx_word' id='word_1_245' title='bbox 205 1870 253 1926; x_wconf 80' lang='grc' dir='ltr'>τὸ</span> <span class='ocrx_word' id='word_1_246' title='bbox 289 1869 512 1944; x_wconf 80' lang='grc' dir='ltr'>συνεργὸν</span> <span class='ocrx_word' id='word_1_247' title='bbox 563 1868 619 1924; x_wconf 80' lang='grc' dir='ltr'>ἐν</span> <span class='ocrx_word' id='word_1_248' title='bbox 680 1873 759 1941; x_wconf 79' lang='grc' dir='ltr'>τῷ</span> <span class='ocrx_word' id='word_1_249' title='bbox 815 1868 877 1923; x_wconf 87' lang='grc' dir='ltr'>τὸ</span> <span class='ocrx_word' id='word_1_250' title='bbox 932 1869 1028 1942; x_wconf 81' lang='grc' dir='ltr'>μὲν</span> <span class='ocrx_word' id='word_1_251' title='bbox 1079 1865 1349 1922; x_wconf 82' lang='grc' dir='ltr'>συναίτιον</span> <span class='ocrx_word' id='word_1_252' title='bbox 1380 1866 1497 1921; x_wconf 82' lang='grc' dir='ltr'>κατ’</span> <span class='ocrx_word' id='word_1_253' title='bbox 1529 1863 1665 1921; x_wconf 82' lang='grc' dir='ltr'>ἰδίαν</span> <span class='ocrx_word' id='word_1_254' title='bbox 1725 1867 1787 1940; x_wconf 72' lang='grc' dir='ltr'><strong>μοὶ</strong></span> 
     </span>
    </p>
   </div>
   <div class='ocr_carea' id='block_1_36' title="bbox 1975 1863 3557 1944">
    <p class='ocr_par' dir='ltr' id='par_1_36' title="bbox 1975 1867 3557 1942">
     <span class='ocr_line' id='line_1_36' title="bbox 1975 1867 3557 1942; baseline -0.002 -17"><span class='ocrx_word' id='word_1_255' title='bbox 1975 1870 2240 1925; x_wconf 85' lang='lat' dir='ltr'><strong>.sionum.</strong></span> <span class='ocrx_word' id='word_1_256' title='bbox 2266 1873 2457 1942; x_wconf 83' lang='lat' dir='ltr'><strong>Atque</strong></span> <span class='ocrx_word' id='word_1_257' title='bbox 2478 1870 2527 1924; x_wconf 88' lang='lat' dir='ltr'><strong>si</strong></span> <span class='ocrx_word' id='word_1_258' title='bbox 2550 1867 2833 1924; x_wconf 89' lang='lat' dir='ltr'><strong>tollantur</strong></span> <span class='ocrx_word' id='word_1_259' title='bbox 2864 1867 3104 1939; x_wconf 89' lang='lat' dir='ltr'><strong>quidem</strong></span> <span class='ocrx_word' id='word_1_260' title='bbox 3127 1883 3316 1924; x_wconf 66' lang='lat' dir='ltr'><strong>causa</strong></span> <span class='ocrx_word' id='word_1_261' title='bbox 3353 1881 3557 1938; x_wconf 84' lang='lat' dir='ltr'><strong>proca-</strong></span> 
     </span>
    </p>
   </div>
   <div class='ocr_carea' id='block_1_37' title="bbox 212 1956 1794 2036">
    <p class='ocr_par' dir='ltr' id='par_1_37' title="bbox 212 1956 1794 2036">
     <span class='ocr_line' id='line_1_37' title="bbox 212 1956 1794 2036; baseline -0.001 -23"><span class='ocrx_word' id='word_1_262' title='bbox 212 1965 440 2023; x_wconf 71' lang='grc' dir='ltr'>ποιοῦντος</span> <span class='ocrx_word' id='word_1_263' title='bbox 484 1962 546 2015; x_wconf 81' lang='grc' dir='ltr'>τὸ</span> <span class='ocrx_word' id='word_1_264' title='bbox 604 1960 962 2033; x_wconf 75' lang='grc' dir='ltr'>ἀποτέλεσμα</span> <span class='ocrx_word' id='word_1_265' title='bbox 1016 1959 1300 2036; x_wconf 86' lang='grc' dir='ltr'>παρέχειν·</span> <span class='ocrx_word' id='word_1_266' title='bbox 1329 1960 1392 2014; x_wconf 87' lang='grc' dir='ltr'>τὸ</span> <span class='ocrx_word' id='word_1_267' title='bbox 1441 1956 1498 2013; x_wconf 71' lang='grc' dir='ltr'>δὲ</span> <span class='ocrx_word' id='word_1_268' title='bbox 1546 1958 1794 2033; x_wconf 75' lang='grc' dir='ltr'>συνεργὸν</span> 
     </span>
    </p>
   </div>
   <div class='ocr_carea' id='block_1_38' title="bbox 1976 1956 3558 2036">
    <p class='ocr_par' dir='ltr' id='par_1_38' title="bbox 1982 1957 3558 2029">
     <span class='ocr_line' id='line_1_38' title="bbox 1982 1957 3558 2029; baseline -0.001 -15"><span class='ocrx_word' id='word_1_269' title='bbox 1982 1959 2192 2029; x_wconf 84' lang='lat' dir='ltr'><strong>rcticae,</strong></span> <span class='ocrx_word' id='word_1_270' title='bbox 2227 1963 2424 2014; x_wconf 89' lang='lat' dir='ltr'><strong>manet</strong></span> <span class='ocrx_word' id='word_1_271' title='bbox 2456 1963 2651 2014; x_wconf 88' lang='lat' dir='ltr'><strong>tamen</strong></span> <span class='ocrx_word' id='word_1_272' title='bbox 2684 1957 2944 2014; x_wconf 90' lang='lat' dir='ltr'><strong>effectus.</strong></span> <span class='ocrx_word' id='word_1_273' title='bbox 3003 1957 3308 2029; x_wconf 79' lang='lat' dir='ltr'><strong>Synectica</strong></span> <span class='ocrx_word' id='word_1_274' title='bbox 3362 1959 3558 2012; x_wconf 89' lang='lat' dir='ltr'><strong>autem</strong></span> 
     </span>
    </p>
   </div>
   <div class='ocr_carea' id='block_1_39' title="bbox 211 2045 1793 2124">
    <p class='ocr_par' dir='ltr' id='par_1_39' title="bbox 211 2045 1793 2124">
     <span class='ocr_line' id='line_1_39' title="bbox 211 2045 1793 2124; baseline 0 -22"><span class='ocrx_word' id='word_1_275' title='bbox 211 2048 248 2102; x_wconf 74' lang='grc' dir='ltr'>ἐν</span> <span class='ocrx_word' id='word_1_276' title='bbox 270 2053 330 2120; x_wconf 78' lang='grc' dir='ltr'>τῷ</span> <span class='ocrx_word' id='word_1_277' title='bbox 354 2051 458 2103; x_wconf 73' lang='grc' dir='ltr'>κατ’</span> <span class='ocrx_word' id='word_1_278' title='bbox 487 2047 627 2104; x_wconf 80' lang='grc' dir='ltr'>ἰδίαν</span> <span class='ocrx_word' id='word_1_279' title='bbox 669 2050 745 2121; x_wconf 79' lang='grc' dir='ltr'>μὴ</span> <span class='ocrx_word' id='word_1_280' title='bbox 803 2052 1002 2117; x_wconf 86' lang='grc' dir='ltr'>ποιεῖν,</span> <span class='ocrx_word' id='word_1_281' title='bbox 1036 2048 1204 2122; x_wconf 69' lang='grc' dir='ltr'>ἱτέρῳ</span> <span class='ocrx_word' id='word_1_282' title='bbox 1253 2045 1311 2103; x_wconf 76' lang='grc' dir='ltr'>δὲ</span> <span class='ocrx_word' id='word_1_283' title='bbox 1357 2046 1793 2124; x_wconf 63' lang='grc' dir='ltr'>προσερχόμενον</span> 
     </span>
    </p>
   </div>
   <div class='ocr_carea' id='block_1_40' title="bbox 1975 2045 3557 2124">
    <p class='ocr_par' dir='ltr' id='par_1_40' title="bbox 1975 2045 3557 2119">
     <span class='ocr_line' id='line_1_40' title="bbox 1975 2045 3557 2119; baseline -0.002 -15"><span class='ocrx_word' id='word_1_284' title='bbox 1975 2067 2093 2105; x_wconf 69' lang='grc' dir='ltr'>ιυεᾶ</span> <span class='ocrx_word' id='word_1_285' title='bbox 2121 2056 2229 2115; x_wconf 88' lang='lat' dir='ltr'><strong>est,</strong></span> <span class='ocrx_word' id='word_1_286' title='bbox 2263 2065 2389 2119; x_wconf 66' lang='lat' dir='ltr'><strong>quae</strong></span> <span class='ocrx_word' id='word_1_287' title='bbox 2422 2047 2472 2102; x_wconf 89' lang='lat' dir='ltr'><strong>si</strong></span> <span class='ocrx_word' id='word_1_288' title='bbox 2503 2047 2681 2115; x_wconf 83' lang='lat' dir='ltr'><strong>adsit,</strong></span> <span class='ocrx_word' id='word_1_289' title='bbox 2716 2051 2918 2102; x_wconf 91' lang='lat' dir='ltr'><strong>manet</strong></span> <span class='ocrx_word' id='word_1_290' title='bbox 2947 2047 3230 2115; x_wconf 91' lang='lat' dir='ltr'><strong>effectus;</strong></span> <span class='ocrx_word' id='word_1_291' title='bbox 3261 2050 3319 2101; x_wconf 89' lang='lat' dir='ltr'><strong>et</strong></span> <span class='ocrx_word' id='word_1_292' title='bbox 3348 2046 3394 2101; x_wconf 86' lang='lat' dir='ltr'><strong>si</strong></span> <span class='ocrx_word' id='word_1_293' title='bbox 3444 2045 3557 2102; x_wconf 89' lang='lat' dir='ltr'><strong>tol-</strong></span> 
     </span>
    </p>
   </div>
   <div class='ocr_carea' id='block_1_41' title="bbox 205 2134 1787 2215">
    <p class='ocr_par' dir='ltr' id='par_1_41' title="bbox 205 2136 1787 2215">
     <span class='ocr_line' id='line_1_41' title="bbox 205 2136 1787 2215; baseline 0 -23"><span class='ocrx_word' id='word_1_294' title='bbox 205 2139 261 2208; x_wconf 74' lang='grc' dir='ltr'>τῴ</span> <span class='ocrx_word' id='word_1_295' title='bbox 282 2140 378 2192; x_wconf 76' lang='grc' dir='ltr'>κατ’</span> <span class='ocrx_word' id='word_1_296' title='bbox 405 2137 535 2193; x_wconf 74' lang='grc' dir='ltr'>ἰδίαν</span> <span class='ocrx_word' id='word_1_297' title='bbox 568 2142 848 2210; x_wconf 78' lang='grc' dir='ltr'>ποιοῦντι,</span> <span class='ocrx_word' id='word_1_298' title='bbox 883 2143 1129 2212; x_wconf 84' lang='grc' dir='ltr'>συνεργεῖ</span> <span class='ocrx_word' id='word_1_299' title='bbox 1180 2136 1328 2210; x_wconf 77' lang='grc' dir='ltr'><strong>αὐτῷ</strong></span> <span class='ocrx_word' id='word_1_300' title='bbox 1375 2138 1510 2211; x_wconf 89' lang='grc' dir='ltr'>πρὸς</span> <span class='ocrx_word' id='word_1_301' title='bbox 1557 2138 1618 2192; x_wconf 87' lang='grc' dir='ltr'>τὸ</span> <span class='ocrx_word' id='word_1_302' title='bbox 1673 2159 1787 2215; x_wconf 67' lang='grc' dir='ltr'>σφο-</span> 
     </span>
    </p>
   </div>
   <div class='ocr_carea' id='block_1_42' title="bbox 1976 2134 3558 2215">
    <p class='ocr_par' dir='ltr' id='par_1_42' title="bbox 1977 2134 3558 2210">
     <span class='ocr_line' id='line_1_42' title="bbox 1977 2134 3558 2210; baseline -0.003 -16"><span class='ocrx_word' id='word_1_303' title='bbox 1977 2145 2090 2206; x_wconf 90' lang='lat' dir='ltr'><strong>tur,</strong></span> <span class='ocrx_word' id='word_1_304' title='bbox 2123 2137 2368 2194; x_wconf 89' lang='lat' dir='ltr'><strong>tollitur.</strong></span> <span class='ocrx_word' id='word_1_305' title='bbox 2396 2135 2761 2210; x_wconf 79' lang='lat' dir='ltr'><strong>Synecticam</strong></span> <span class='ocrx_word' id='word_1_306' title='bbox 2791 2152 2894 2207; x_wconf 92' lang='lat' dir='ltr'><strong>per</strong></span> <span class='ocrx_word' id='word_1_307' title='bbox 2915 2135 3325 2208; x_wconf 78' lang='lat' dir='ltr'><strong>synonymiam</strong></span> <span class='ocrx_word' id='word_1_308' title='bbox 3360 2134 3423 2198; x_wconf 80' lang='grc' dir='ltr'><strong>›ι‹</strong></span> <span class='ocrx_word' id='word_1_309' title='bbox 3456 2153 3558 2208; x_wconf 89' lang='lat' dir='ltr'><strong>ap-</strong></span> 
     </span>
    </p>
   </div>
   <div class='ocr_carea' id='block_1_43' title="bbox 210 2223 1792 2303">
    <p class='ocr_par' dir='ltr' id='par_1_43' title="bbox 210 2224 1792 2303">
     <span class='ocr_line' id='line_1_43' title="bbox 210 2224 1792 2303; baseline -0.001 -23"><span class='ocrx_word' id='word_1_310' title='bbox 210 2225 407 2303; x_wconf 69' lang='grc' dir='ltr'>ἓρότστον</span> <span class='ocrx_word' id='word_1_311' title='bbox 449 2229 694 2303; x_wconf 79' lang='grc' dir='ltr'>γίνεσθαι</span> <span class='ocrx_word' id='word_1_312' title='bbox 726 2227 789 2282; x_wconf 85' lang='grc' dir='ltr'>τὸ</span> <span class='ocrx_word' id='word_1_313' title='bbox 817 2225 1186 2299; x_wconf 83' lang='grc' dir='ltr'>ἀποτέλεσμα.</span> <span class='ocrx_word' id='word_1_314' title='bbox 1218 2225 1475 2283; x_wconf 83' lang='grc' dir='ltr'>Μάλιστα</span> <span class='ocrx_word' id='word_1_315' title='bbox 1523 2224 1580 2281; x_wconf 76' lang='grc' dir='ltr'>δὲ</span> <span class='ocrx_word' id='word_1_316' title='bbox 1625 2227 1687 2282; x_wconf 85' lang='grc' dir='ltr'>τὸ</span> <span class='ocrx_word' id='word_1_317' title='bbox 1744 2225 1792 2281; x_wconf 67' lang='grc' dir='ltr'><strong>ἐκ</strong></span> 
     </span>
    </p>
   </div>
   <div class='ocr_carea' id='block_1_44' title="bbox 1974 2223 3556 2303">
    <p class='ocr_par' dir='ltr' id='par_1_44' title="bbox 1974 2223 3556 2298">
     <span class='ocr_line' id='line_1_44' title="bbox 1974 2223 3556 2298; baseline -0.003 -14"><span class='ocrx_word' id='word_1_318' title='bbox 1974 2229 2154 2295; x_wconf 64' lang='lat' dir='ltr'><strong>illaut,</strong></span> <span class='ocrx_word' id='word_1_319' title='bbox 2188 2228 2366 2282; x_wconf 88' lang='lat' dir='ltr'><strong>etiam</strong></span> <span class='ocrx_word' id='word_1_320' title='bbox 2397 2243 2501 2298; x_wconf 90' lang='lat' dir='ltr'><strong>per</strong></span> <span class='ocrx_word' id='word_1_321' title='bbox 2555 2241 2618 2281; x_wconf 87' lang='lat' dir='ltr'><strong>se</strong></span> <span class='ocrx_word' id='word_1_322' title='bbox 2675 2226 3016 2297; x_wconf 82' lang='lat' dir='ltr'><strong>perfectam,</strong></span> <span class='ocrx_word' id='word_1_323' title='bbox 3077 2223 3556 2296; x_wconf 88' lang='lat' dir='ltr'><strong>quandoquidem</strong></span> 
     </span>
    </p>
   </div>
   <div class='ocr_carea' id='block_1_45' title="bbox 209 2313 1791 2392">
    <p class='ocr_par' dir='ltr' id='par_1_45' title="bbox 209 2315 1791 2392">
     <span class='ocr_line' id='line_1_45' title="bbox 209 2315 1791 2392; baseline 0 -22"><span class='ocrx_word' id='word_1_324' title='bbox 209 2322 612 2392; x_wconf 70' lang='grc' dir='ltr'>προκαταρκτικοῦ</span> <span class='ocrx_word' id='word_1_325' title='bbox 678 2317 932 2392; x_wconf 83' lang='grc' dir='ltr'>συνεργὸν</span> <span class='ocrx_word' id='word_1_326' title='bbox 993 2316 1272 2391; x_wconf 78' lang='grc' dir='ltr'>γεγονέναι</span> <span class='ocrx_word' id='word_1_327' title='bbox 1318 2316 1418 2384; x_wconf 80' lang='grc' dir='ltr'><strong>τήν</strong></span> <span class='ocrx_word' id='word_1_328' title='bbox 1476 2320 1574 2370; x_wconf 81' lang='grc' dir='ltr'><strong>τοῦ</strong></span> <span class='ocrx_word' id='word_1_329' title='bbox 1625 2315 1791 2371; x_wconf 64' lang='grc' dir='ltr'>αἰτίον</span> 
     </span>
    </p>
   </div>
   <div class='ocr_carea' id='block_1_46' title="bbox 1974 2313 3556 2392">
    <p class='ocr_par' dir='ltr' id='par_1_46' title="bbox 1981 2313 3556 2388">
     <span class='ocr_line' id='line_1_46' title="bbox 1981 2313 3556 2388; baseline -0.003 -14"><span class='ocrx_word' id='word_1_330' title='bbox 1981 2324 2000 2374; x_wconf 89' lang='grc' dir='ltr'><strong>ι</strong></span> <span class='ocrx_word' id='word_1_331' title='bbox 2029 2316 2394 2374; x_wconf 82' lang='lat' dir='ltr'><strong>sufficienter</strong></span> <span class='ocrx_word' id='word_1_332' title='bbox 2426 2331 2528 2388; x_wconf 88' lang='lat' dir='ltr'><strong>per</strong></span> <span class='ocrx_word' id='word_1_333' title='bbox 2557 2331 2620 2372; x_wconf 89' lang='lat' dir='ltr'><strong>se</strong></span> <span class='ocrx_word' id='word_1_334' title='bbox 2650 2313 2914 2370; x_wconf 80' lang='lat' dir='ltr'><strong>efﬁciens</strong></span> <span class='ocrx_word' id='word_1_335' title='bbox 2940 2313 3202 2370; x_wconf 90' lang='lat' dir='ltr'><strong>effectus.</strong></span> <span class='ocrx_word' id='word_1_336' title='bbox 3237 2313 3300 2370; x_wconf 83' lang='lat' dir='ltr'><strong>Si</strong></span> <span class='ocrx_word' id='word_1_337' title='bbox 3357 2317 3556 2370; x_wconf 88' lang='lat' dir='ltr'><strong>autem</strong></span> 
     </span>
    </p>
   </div>
   <div class='ocr_carea' id='block_1_47' title="bbox 211 2403 1793 2478">
    <p class='ocr_par' dir='ltr' id='par_1_47' title="bbox 211 2403 1217 2478">
     <span class='ocr_line' id='line_1_47' title="bbox 211 2403 1217 2478; baseline 0.002 -20"><span class='ocrx_word' id='word_1_338' title='bbox 211 2403 428 2461; x_wconf 58' lang='grc' dir='ltr'>διττείνειν</span> <span class='ocrx_word' id='word_1_339' title='bbox 454 2403 692 2478; x_wconf 69' lang='grc' dir='ltr'>δύναμιν</span> <span class='ocrx_word' id='word_1_340' title='bbox 724 2409 1051 2477; x_wconf 74' lang='grc' dir='ltr'>παρίστησιν</span> <span class='ocrx_word' id='word_1_341' title='bbox 1081 2406 1217 2478; x_wconf 86' lang='grc'><strong>(10).</strong></span> 
     </span>
    </p>
   </div>
   <div class='ocr_carea' id='block_1_48' title="bbox 1978 2403 3560 2478">
    <p class='ocr_par' dir='ltr' id='par_1_48' title="bbox 1983 2403 3560 2478">
     <span class='ocr_line' id='line_1_48' title="bbox 1983 2403 3560 2478; baseline -0.003 -14"><span class='ocrx_word' id='word_1_342' title='bbox 1983 2425 2092 2464; x_wconf 89' lang='lat' dir='ltr'><strong>usa</strong></span> <span class='ocrx_word' id='word_1_343' title='bbox 2123 2424 2224 2478; x_wconf 90' lang='lat' dir='ltr'><strong>per</strong></span> <span class='ocrx_word' id='word_1_344' title='bbox 2253 2423 2316 2463; x_wconf 91' lang='lat' dir='ltr'><strong>se</strong></span> <span class='ocrx_word' id='word_1_345' title='bbox 2347 2406 2662 2478; x_wconf 82' lang='lat' dir='ltr'><strong>perfectam</strong></span> <span class='ocrx_word' id='word_1_346' title='bbox 2694 2404 2990 2477; x_wconf 84' lang='lat' dir='ltr'><strong>signiﬁcat</strong></span> <span class='ocrx_word' id='word_1_347' title='bbox 3010 2403 3431 2476; x_wconf 86' lang='lat' dir='ltr'><strong>operationem,</strong></span> <span class='ocrx_word' id='word_1_348' title='bbox 3457 2403 3560 2460; x_wconf 90' lang='lat' dir='ltr'><strong>ad-</strong></span> 
     </span>
    </p>
   </div>
   <div class='ocr_carea' id='block_1_49' title="bbox 1901 2492 3559 2571">
    <p class='ocr_par' dir='ltr' id='par_1_49' title="bbox 1901 2492 3559 2571">
     <span class='ocr_line' id='line_1_49' title="bbox 1901 2492 3559 2571; baseline -0.002 -19"><span class='ocrx_word' id='word_1_349' title='bbox 1901 2500 2123 2571; x_wconf 89' lang='lat' dir='ltr'><strong>juvans</strong></span> <span class='ocrx_word' id='word_1_350' title='bbox 2141 2513 2321 2552; x_wconf 88' lang='lat' dir='ltr'><strong>causa</strong></span> <span class='ocrx_word' id='word_1_351' title='bbox 2341 2494 2637 2568; x_wconf 82' lang='lat' dir='ltr'><strong>significat</strong></span> <span class='ocrx_word' id='word_1_352' title='bbox 2651 2493 3138 2562; x_wconf 90' lang='lat' dir='ltr'><strong>ministerium,et</strong></span> <span class='ocrx_word' id='word_1_353' title='bbox 3162 2509 3383 2548; x_wconf 89' lang='lat' dir='ltr'><strong>munus</strong></span> <span class='ocrx_word' id='word_1_354' title='bbox 3399 2492 3559 2564; x_wconf 88' lang='lat' dir='ltr'><strong>quod</strong></span> 
     </span>
    </p>
   </div>
   <div class='ocr_carea' id='block_1_50' title="bbox 215 2581 3562 2660">
    <p class='ocr_par' dir='ltr' id='par_1_50' title="bbox 215 2581 3562 2660">
     <span class='ocr_line' id='line_1_50' title="bbox 215 2581 3562 2660; baseline -0.001 -21"><span class='ocrx_word' id='word_1_355' title='bbox 215 2584 303 2640; x_wconf 85' lang='lat' dir='ltr'><strong>obit</strong></span> <span class='ocrx_word' id='word_1_356' title='bbox 319 2603 434 2640; x_wconf 88' lang='lat' dir='ltr'><strong>cum</strong></span> <span class='ocrx_word' id='word_1_357' title='bbox 463 2586 597 2641; x_wconf 88' lang='lat' dir='ltr'><strong>alio.</strong></span> <span class='ocrx_word' id='word_1_358' title='bbox 633 2588 828 2656; x_wconf 86' lang='lat' dir='ltr'><strong>Atque</strong></span> <span class='ocrx_word' id='word_1_359' title='bbox 859 2585 907 2640; x_wconf 94' lang='lat' dir='ltr'><strong>si</strong></span> <span class='ocrx_word' id='word_1_360' title='bbox 941 2584 1084 2640; x_wconf 89' lang='lat' dir='ltr'><strong>nihil</strong></span> <span class='ocrx_word' id='word_1_361' title='bbox 1110 2583 1347 2657; x_wconf 89' lang='lat' dir='ltr'><strong>quidem</strong></span> <span class='ocrx_word' id='word_1_362' title='bbox 1380 2588 1635 2656; x_wconf 65' lang='lat' dir='ltr'><strong>prastost,</strong></span> <span class='ocrx_word' id='word_1_363' title='bbox 1669 2603 1741 2643; x_wconf 88' lang='lat' dir='ltr'><strong>ne</strong></span> <span class='ocrx_word' id='word_1_364' title='bbox 1771 2587 2000 2644; x_wconf 89' lang='lat' dir='ltr'><strong>dicetur</strong></span> <span class='ocrx_word' id='word_1_365' title='bbox 2047 2587 2288 2660; x_wconf 91' lang='lat' dir='ltr'><strong>quidem</strong></span> <span class='ocrx_word' id='word_1_366' title='bbox 2338 2585 2626 2655; x_wconf 81' lang='lat' dir='ltr'><strong>adjuvans</strong></span> <span class='ocrx_word' id='word_1_367' title='bbox 2667 2603 2681 2653; x_wconf 90' lang='lat'><strong>;</strong></span> <span class='ocrx_word' id='word_1_368' title='bbox 2725 2583 2818 2639; x_wconf 89' lang='lat' dir='ltr'><strong>sin</strong></span> <span class='ocrx_word' id='word_1_369' title='bbox 2864 2585 3062 2638; x_wconf 89' lang='lat' dir='ltr'><strong>autem</strong></span> <span class='ocrx_word' id='word_1_370' title='bbox 3122 2585 3378 2654; x_wconf 67' lang='lat' dir='ltr'><strong>prastat,</strong></span> <span class='ocrx_word' id='word_1_371' title='bbox 3428 2581 3562 2652; x_wconf 79' lang='lat' dir='ltr'><strong>ejus</strong></span> 
     </span>
    </p>
   </div>
   <div class='ocr_carea' id='block_1_51' title="bbox 213 2671 3560 2750">
    <p class='ocr_par' dir='ltr' id='par_1_51' title="bbox 213 2671 3560 2750">
     <span class='ocr_line' id='line_1_51' title="bbox 213 2671 3560 2750; baseline -0.001 -22"><span class='ocrx_word' id='word_1_372' title='bbox 213 2674 258 2728; x_wconf 81' lang='lat' dir='ltr'><strong>ﬁt</strong></span> <span class='ocrx_word' id='word_1_373' title='bbox 280 2677 486 2731; x_wconf 82' lang='lat' dir='ltr'><strong>omnino</strong></span> <span class='ocrx_word' id='word_1_374' title='bbox 517 2693 728 2743; x_wconf 77' lang='lat' dir='ltr'><strong>causa,</strong></span> <span class='ocrx_word' id='word_1_375' title='bbox 757 2676 914 2747; x_wconf 91' lang='lat' dir='ltr'><strong>quod</strong></span> <span class='ocrx_word' id='word_1_376' title='bbox 946 2674 1120 2729; x_wconf 89' lang='lat' dir='ltr'><strong>etiam</strong></span> <span class='ocrx_word' id='word_1_377' title='bbox 1155 2678 1411 2746; x_wconf 66' lang='lat' dir='ltr'><strong>praestat,</strong></span> <span class='ocrx_word' id='word_1_378' title='bbox 1443 2674 1555 2732; x_wconf 90' lang='lat' dir='ltr'><strong>hoc</strong></span> <span class='ocrx_word' id='word_1_379' title='bbox 1586 2681 1694 2746; x_wconf 91' lang='lat' dir='ltr'><strong>est,</strong></span> <span class='ocrx_word' id='word_1_380' title='bbox 1727 2678 1857 2748; x_wconf 87' lang='lat' dir='ltr'><strong>ejus</strong></span> <span class='ocrx_word' id='word_1_381' title='bbox 1888 2678 2044 2750; x_wconf 91' lang='lat' dir='ltr'><strong>quod</strong></span> <span class='ocrx_word' id='word_1_382' title='bbox 2076 2677 2140 2731; x_wconf 87' lang='lat' dir='ltr'><strong>fit</strong></span> <span class='ocrx_word' id='word_1_383' title='bbox 2170 2693 2274 2748; x_wconf 89' lang='lat' dir='ltr'><strong>per</strong></span> <span class='ocrx_word' id='word_1_384' title='bbox 2300 2674 2514 2746; x_wconf 89' lang='lat' dir='ltr'><strong>ipsam.</strong></span> <span class='ocrx_word' id='word_1_385' title='bbox 2549 2673 2648 2730; x_wconf 87' lang='lat' dir='ltr'><strong>Est</strong></span> <span class='ocrx_word' id='word_1_386' title='bbox 2695 2689 2834 2746; x_wconf 88' lang='lat' dir='ltr'><strong>ergo</strong></span> <span class='ocrx_word' id='word_1_387' title='bbox 2864 2688 3043 2728; x_wconf 90' lang='lat' dir='ltr'><strong>causa</strong></span> <span class='ocrx_word' id='word_1_388' title='bbox 3084 2671 3400 2743; x_wconf 83' lang='lat' dir='ltr'><strong>adjuvans,</strong></span> <span class='ocrx_word' id='word_1_389' title='bbox 3432 2685 3560 2744; x_wconf 64' lang='lat' dir='ltr'><strong>qua</strong></span> 
     </span>
    </p>
   </div>
   <div class='ocr_carea' id='block_1_52' title="bbox 206 2763 3564 2838">
    <p class='ocr_par' dir='ltr' id='par_1_52' title="bbox 206 2763 3564 2838">
     <span class='ocr_line' id='line_1_52' title="bbox 206 2763 3564 2838; baseline -0 -20"><span class='ocrx_word' id='word_1_390' title='bbox 206 2779 303 2818; x_wconf 79' lang='lat' dir='ltr'><strong>eum</strong></span> <span class='ocrx_word' id='word_1_391' title='bbox 359 2767 511 2821; x_wconf 86' lang='lat' dir='ltr'><strong>adest</strong></span> <span class='ocrx_word' id='word_1_392' title='bbox 569 2765 644 2820; x_wconf 83' lang='lat' dir='ltr'><strong>ﬁt</strong></span> <span class='ocrx_word' id='word_1_393' title='bbox 703 2765 967 2831; x_wconf 87' lang='lat' dir='ltr'><strong>effectus,</strong></span> <span class='ocrx_word' id='word_1_394' title='bbox 1025 2767 1264 2836; x_wconf 88' lang='lat' dir='ltr'><strong>apertus</strong></span> <span class='ocrx_word' id='word_1_395' title='bbox 1320 2764 1558 2836; x_wconf 89' lang='lat' dir='ltr'><strong>quidem</strong></span> <span class='ocrx_word' id='word_1_396' title='bbox 1607 2771 1845 2838; x_wconf 67' lang='lat' dir='ltr'><strong>aperte,</strong></span> <span class='ocrx_word' id='word_1_397' title='bbox 1884 2767 2151 2824; x_wconf 88' lang='lat' dir='ltr'><strong>obscuris</strong></span> <span class='ocrx_word' id='word_1_398' title='bbox 2214 2770 2413 2822; x_wconf 90' lang='lat' dir='ltr'><strong>autem</strong></span> <span class='ocrx_word' id='word_1_399' title='bbox 2460 2765 2744 2822; x_wconf 73' lang='lat' dir='ltr'><strong>obscurae.</strong></span> <span class='ocrx_word' id='word_1_400' title='bbox 2795 2763 2972 2820; x_wconf 89' lang='lat' dir='ltr'><strong>Porro</strong></span> <span class='ocrx_word' id='word_1_401' title='bbox 3029 2766 3224 2820; x_wconf 91' lang='lat' dir='ltr'><strong>autem</strong></span> <span class='ocrx_word' id='word_1_402' title='bbox 3274 2776 3564 2818; x_wconf 86' lang='lat' dir='ltr'><strong>concausa</strong></span> 
     </span>
    </p>
   </div>
   <div class='ocr_carea' id='block_1_53' title="bbox 206 2851 3563 2927">
    <p class='ocr_par' dir='ltr' id='par_1_53' title="bbox 206 2851 3563 2927">
     <span class='ocr_line' id='line_1_53' title="bbox 206 2851 3563 2927; baseline -0.001 -18"><span class='ocrx_word' id='word_1_403' title='bbox 206 2869 383 2926; x_wconf 81' lang='lat' dir='ltr'><strong>quoque</strong></span> <span class='ocrx_word' id='word_1_404' title='bbox 407 2859 492 2911; x_wconf 83' lang='lat' dir='ltr'><strong>est</strong></span> <span class='ocrx_word' id='word_1_405' title='bbox 519 2871 589 2912; x_wconf 79' lang='lat' dir='ltr'><strong>ex</strong></span> <span class='ocrx_word' id='word_1_406' title='bbox 634 2869 847 2924; x_wconf 81' lang='lat' dir='ltr'><strong>genere</strong></span> <span class='ocrx_word' id='word_1_407' title='bbox 903 2870 1238 2921; x_wconf 88' lang='lat' dir='ltr'><strong>causarum,</strong></span> <span class='ocrx_word' id='word_1_408' title='bbox 1297 2855 1794 2927; x_wconf 88' lang='lat' dir='ltr'><strong>quemadmodum</strong></span> <span class='ocrx_word' id='word_1_409' title='bbox 1854 2855 2178 2913; x_wconf 87' lang='lat' dir='ltr'><strong>commilito</strong></span> <span class='ocrx_word' id='word_1_410' title='bbox 2208 2859 2298 2912; x_wconf 89' lang='lat' dir='ltr'><strong>est</strong></span> <span class='ocrx_word' id='word_1_411' title='bbox 2329 2853 2518 2924; x_wconf 90' lang='lat' dir='ltr'><strong>miles,</strong></span> <span class='ocrx_word' id='word_1_412' title='bbox 2546 2861 2604 2910; x_wconf 94' lang='lat' dir='ltr'><strong>et</strong></span> <span class='ocrx_word' id='word_1_413' title='bbox 2630 2853 2962 2926; x_wconf 76' lang='lat' dir='ltr'><strong>coéphebus</strong></span> <span class='ocrx_word' id='word_1_414' title='bbox 2992 2857 3082 2910; x_wconf 92' lang='lat' dir='ltr'><strong>est</strong></span> <span class='ocrx_word' id='word_1_415' title='bbox 3135 2851 3440 2923; x_wconf 85' lang='lat' dir='ltr'><strong>ephebus;</strong></span> <span class='ocrx_word' id='word_1_416' title='bbox 3474 2854 3563 2906; x_wconf 85' lang='lat' dir='ltr'><strong>at-</strong></span> 
     </span>
    </p>
   </div>
   <div class='ocr_carea' id='block_1_54' title="bbox 210 2939 3564 3019">
    <p class='ocr_par' dir='ltr' id='par_1_54' title="bbox 210 2939 3564 3019">
     <span class='ocr_line' id='line_1_54' title="bbox 210 2939 3564 3019; baseline -0 -23"><span class='ocrx_word' id='word_1_417' title='bbox 210 2960 292 3013; x_wconf 86' lang='lat' dir='ltr'><strong>que</strong></span> <span class='ocrx_word' id='word_1_418' title='bbox 322 2945 585 3014; x_wconf 84' lang='lat' dir='ltr'><strong>adjuvans</strong></span> <span class='ocrx_word' id='word_1_419' title='bbox 618 2943 860 3014; x_wconf 89' lang='lat' dir='ltr'><strong>quidem</strong></span> <span class='ocrx_word' id='word_1_420' title='bbox 895 2959 1074 2999; x_wconf 88' lang='lat' dir='ltr'><strong>causa</strong></span> <span class='ocrx_word' id='word_1_421' title='bbox 1105 2943 1214 2998; x_wconf 88' lang='lat' dir='ltr'><strong>fert</strong></span> <span class='ocrx_word' id='word_1_422' title='bbox 1267 2960 1437 3016; x_wconf 90' lang='lat' dir='ltr'><strong>opem</strong></span> <span class='ocrx_word' id='word_1_423' title='bbox 1488 2961 1678 3000; x_wconf 79' lang='lat' dir='ltr'><strong>causae</strong></span> <span class='ocrx_word' id='word_1_424' title='bbox 1729 2946 2056 3019; x_wconf 77' lang='lat' dir='ltr'><strong>synecticze,</strong></span> <span class='ocrx_word' id='word_1_425' title='bbox 2097 2947 2169 3002; x_wconf 87' lang='lat' dir='ltr'><strong>ad</strong></span> <span class='ocrx_word' id='word_1_426' title='bbox 2220 2945 2610 3000; x_wconf 88' lang='lat' dir='ltr'><strong>intentionem</strong></span> <span class='ocrx_word' id='word_1_427' title='bbox 2652 2945 2781 3016; x_wconf 91' lang='lat' dir='ltr'><strong>ejus</strong></span> <span class='ocrx_word' id='word_1_428' title='bbox 2811 2943 2966 3016; x_wconf 93' lang='lat' dir='ltr'><strong>quod</strong></span> <span class='ocrx_word' id='word_1_429' title='bbox 3001 2943 3072 2998; x_wconf 88' lang='lat' dir='ltr'><strong>ab</strong></span> <span class='ocrx_word' id='word_1_430' title='bbox 3103 2941 3232 3014; x_wconf 88' lang='lat' dir='ltr'><strong>ipsa</strong></span> <span class='ocrx_word' id='word_1_431' title='bbox 3278 2939 3364 2998; x_wconf 80' lang='lat' dir='ltr'><strong>fit.</strong></span> <span class='ocrx_word' id='word_1_432' title='bbox 3415 2939 3564 2996; x_wconf 83' lang='lat' dir='ltr'><strong>Gon-</strong></span> 
     </span>
    </p>
   </div>
   <div class='ocr_carea' id='block_1_55' title="bbox 206 3029 3561 3107">
    <p class='ocr_par' dir='ltr' id='par_1_55' title="bbox 206 3029 3561 3107">
     <span class='ocr_line' id='line_1_55' title="bbox 206 3029 3561 3107; baseline -0.001 -21"><span class='ocrx_word' id='word_1_433' title='bbox 206 3047 344 3087; x_wconf 67' lang='lat' dir='ltr'><strong>causa</strong></span> <span class='ocrx_word' id='word_1_434' title='bbox 366 3039 550 3090; x_wconf 84' lang='lat' dir='ltr'><strong>autem</strong></span> <span class='ocrx_word' id='word_1_435' title='bbox 581 3049 712 3089; x_wconf 91' lang='lat' dir='ltr'><strong>non</strong></span> <span class='ocrx_word' id='word_1_436' title='bbox 744 3037 834 3088; x_wconf 88' lang='lat' dir='ltr'><strong>est</strong></span> <span class='ocrx_word' id='word_1_437' title='bbox 862 3032 1065 3088; x_wconf 88' lang='lat' dir='ltr'><strong>eadem</strong></span> <span class='ocrx_word' id='word_1_438' title='bbox 1100 3031 1257 3088; x_wconf 89' lang='lat' dir='ltr'><strong>notio</strong></span> <span class='ocrx_word' id='word_1_439' title='bbox 1287 3050 1300 3098; x_wconf 92' lang='lat'><strong>;</strong></span> <span class='ocrx_word' id='word_1_440' title='bbox 1337 3038 1528 3105; x_wconf 90' lang='lat' dir='ltr'><strong>potest</strong></span> <span class='ocrx_word' id='word_1_441' title='bbox 1557 3033 1713 3090; x_wconf 85' lang='lat' dir='ltr'><strong>enim</strong></span> <span class='ocrx_word' id='word_1_442' title='bbox 1763 3035 1987 3107; x_wconf 90' lang='lat' dir='ltr'><strong>aliquid</strong></span> <span class='ocrx_word' id='word_1_443' title='bbox 2022 3052 2151 3091; x_wconf 86' lang='lat' dir='ltr'><strong>esse</strong></span> <span class='ocrx_word' id='word_1_444' title='bbox 2200 3051 2515 3102; x_wconf 85' lang='lat' dir='ltr'><strong>concausa,</strong></span> <span class='ocrx_word' id='word_1_445' title='bbox 2557 3037 2616 3089; x_wconf 90' lang='lat' dir='ltr'><strong>et</strong></span> <span class='ocrx_word' id='word_1_446' title='bbox 2662 3034 2712 3089; x_wconf 89' lang='lat' dir='ltr'><strong>si</strong></span> <span class='ocrx_word' id='word_1_447' title='bbox 2758 3050 2875 3090; x_wconf 92' lang='lat' dir='ltr'><strong>non</strong></span> <span class='ocrx_word' id='word_1_448' title='bbox 2915 3033 2990 3088; x_wconf 86' lang='lat' dir='ltr'><strong>sit</strong></span> <span class='ocrx_word' id='word_1_449' title='bbox 3019 3047 3200 3088; x_wconf 88' lang='lat' dir='ltr'><strong>causa</strong></span> <span class='ocrx_word' id='word_1_450' title='bbox 3245 3029 3561 3100; x_wconf 80' lang='lat' dir='ltr'><strong>synectica.</strong></span> 
     </span>
    </p>
   </div>
   <div class='ocr_carea' id='block_1_56' title="bbox 201 3120 3563 3196">
    <p class='ocr_par' dir='ltr' id='par_1_56' title="bbox 201 3120 3563 3196">
     <span class='ocr_line' id='line_1_56' title="bbox 201 3120 3563 3196; baseline 0 -22"><span class='ocrx_word' id='word_1_451' title='bbox 201 3121 497 3194; x_wconf 72' lang='lat' dir='ltr'><strong>intelligitur</strong></span> <span class='ocrx_word' id='word_1_452' title='bbox 527 3123 700 3178; x_wconf 89' lang='lat' dir='ltr'><strong>enim</strong></span> <span class='ocrx_word' id='word_1_453' title='bbox 734 3137 1028 3177; x_wconf 85' lang='lat' dir='ltr'><strong>concausa</strong></span> <span class='ocrx_word' id='word_1_454' title='bbox 1050 3137 1179 3176; x_wconf 86' lang='lat' dir='ltr'><strong>cum</strong></span> <span class='ocrx_word' id='word_1_455' title='bbox 1213 3121 1348 3191; x_wconf 89' lang='lat' dir='ltr'><strong>alio,</strong></span> <span class='ocrx_word' id='word_1_456' title='bbox 1409 3123 1562 3194; x_wconf 91' lang='lat' dir='ltr'><strong>quod</strong></span> <span class='ocrx_word' id='word_1_457' title='bbox 1598 3140 1701 3195; x_wconf 87' lang='lat' dir='ltr'><strong>per</strong></span> <span class='ocrx_word' id='word_1_458' title='bbox 1729 3141 1791 3180; x_wconf 89' lang='lat' dir='ltr'><strong>se</strong></span> <span class='ocrx_word' id='word_1_459' title='bbox 1814 3141 1928 3181; x_wconf 92' lang='lat' dir='ltr'><strong>non</strong></span> <span class='ocrx_word' id='word_1_460' title='bbox 1989 3128 2182 3196; x_wconf 85' lang='lat' dir='ltr'><strong>potest</strong></span> <span class='ocrx_word' id='word_1_461' title='bbox 2209 3124 2481 3180; x_wconf 82' lang='lat' dir='ltr'><strong>effectum</strong></span> <span class='ocrx_word' id='word_1_462' title='bbox 2512 3123 2761 3191; x_wconf 86' lang='lat' dir='ltr'><strong>efficere,</strong></span> <span class='ocrx_word' id='word_1_463' title='bbox 2814 3129 2878 3178; x_wconf 91' lang='lat' dir='ltr'><strong>ut</strong></span> <span class='ocrx_word' id='word_1_464' title='bbox 2930 3139 3058 3193; x_wconf 75' lang='lat' dir='ltr'><strong>quas</strong></span> <span class='ocrx_word' id='word_1_465' title='bbox 3088 3120 3165 3177; x_wconf 89' lang='lat' dir='ltr'><strong>sit</strong></span> <span class='ocrx_word' id='word_1_466' title='bbox 3193 3136 3372 3176; x_wconf 85' lang='lat' dir='ltr'><strong>causa</strong></span> <span class='ocrx_word' id='word_1_467' title='bbox 3426 3134 3563 3174; x_wconf 90' lang='lat' dir='ltr'><strong>cum</strong></span> 
     </span>
    </p>
   </div>
   <div class='ocr_carea' id='block_1_57' title="bbox 205 3207 3564 3286">
    <p class='ocr_par' dir='ltr' id='par_1_57' title="bbox 205 3207 3564 3286">
     <span class='ocr_line' id='line_1_57' title="bbox 205 3207 3564 3286; baseline -0.001 -21"><span class='ocrx_word' id='word_1_468' title='bbox 205 3225 350 3268; x_wconf 76' lang='lat' dir='ltr'><strong>causa.</strong></span> <span class='ocrx_word' id='word_1_469' title='bbox 401 3212 601 3268; x_wconf 84' lang='lat' dir='ltr'><strong>Differt</strong></span> <span class='ocrx_word' id='word_1_470' title='bbox 623 3215 830 3266; x_wconf 83' lang='lat' dir='ltr'><strong>autem</strong></span> <span class='ocrx_word' id='word_1_471' title='bbox 865 3211 1148 3282; x_wconf 85' lang='lat' dir='ltr'><strong>adjuvans</strong></span> <span class='ocrx_word' id='word_1_472' title='bbox 1167 3227 1410 3267; x_wconf 82' lang='lat' dir='ltr'><strong>caussa</strong></span> <span class='ocrx_word' id='word_1_473' title='bbox 1441 3228 1754 3284; x_wconf 89' lang='lat' dir='ltr'><strong>concausa,</strong></span> <span class='ocrx_word' id='word_1_474' title='bbox 1784 3214 1936 3286; x_wconf 92' lang='lat' dir='ltr'><strong>quod</strong></span> <span class='ocrx_word' id='word_1_475' title='bbox 1997 3230 2290 3269; x_wconf 86' lang='lat' dir='ltr'><strong>concausa</strong></span> <span class='ocrx_word' id='word_1_476' title='bbox 2336 3213 2596 3284; x_wconf 91' lang='lat' dir='ltr'><strong>quidem,</strong></span> <span class='ocrx_word' id='word_1_477' title='bbox 2655 3213 2704 3267; x_wconf 93' lang='lat' dir='ltr'><strong>ei</strong></span> <span class='ocrx_word' id='word_1_478' title='bbox 2762 3212 2918 3282; x_wconf 89' lang='lat' dir='ltr'><strong>quod</strong></span> <span class='ocrx_word' id='word_1_479' title='bbox 2978 3225 3244 3267; x_wconf 90' lang='lat' dir='ltr'><strong>seorsum</strong></span> <span class='ocrx_word' id='word_1_480' title='bbox 3304 3225 3422 3264; x_wconf 83' lang='lat' dir='ltr'><strong>non</strong></span> <span class='ocrx_word' id='word_1_481' title='bbox 3474 3207 3564 3262; x_wconf 86' lang='lat' dir='ltr'><strong>ef-</strong></span> 
     </span>
    </p>
   </div>
   <div class='ocr_carea' id='block_1_58' title="bbox 204 3298 3564 3375">
    <p class='ocr_par' dir='ltr' id='par_1_58' title="bbox 204 3298 3564 3375">
     <span class='ocr_line' id='line_1_58' title="bbox 204 3298 3564 3375; baseline -0.001 -23"><span class='ocrx_word' id='word_1_482' title='bbox 204 3299 306 3365; x_wconf 83' lang='lat' dir='ltr'><strong>ﬁcit,</strong></span> <span class='ocrx_word' id='word_1_483' title='bbox 333 3302 564 3370; x_wconf 66' lang='lat' dir='ltr'><strong>prabeat</strong></span> <span class='ocrx_word' id='word_1_484' title='bbox 594 3301 921 3367; x_wconf 82' lang='lat' dir='ltr'><strong>effectum;</strong></span> <span class='ocrx_word' id='word_1_485' title='bbox 959 3300 1244 3370; x_wconf 84' lang='lat' dir='ltr'><strong>adjuvans</strong></span> <span class='ocrx_word' id='word_1_486' title='bbox 1274 3305 1470 3356; x_wconf 89' lang='lat' dir='ltr'><strong>autem</strong></span> <span class='ocrx_word' id='word_1_487' title='bbox 1529 3317 1792 3358; x_wconf 91' lang='lat' dir='ltr'><strong>seorsum</strong></span> <span class='ocrx_word' id='word_1_488' title='bbox 1855 3303 2097 3375; x_wconf 91' lang='lat' dir='ltr'><strong>quidem</strong></span> <span class='ocrx_word' id='word_1_489' title='bbox 2156 3319 2271 3357; x_wconf 91' lang='lat' dir='ltr'><strong>non</strong></span> <span class='ocrx_word' id='word_1_490' title='bbox 2329 3300 2563 3365; x_wconf 85' lang='lat' dir='ltr'><strong>efficiat,</strong></span> <span class='ocrx_word' id='word_1_491' title='bbox 2627 3299 2789 3356; x_wconf 87' lang='lat' dir='ltr'><strong>alteri</strong></span> <span class='ocrx_word' id='word_1_492' title='bbox 2848 3303 3042 3356; x_wconf 89' lang='lat' dir='ltr'><strong>autem</strong></span> <span class='ocrx_word' id='word_1_493' title='bbox 3098 3298 3381 3354; x_wconf 88' lang='lat' dir='ltr'><strong>accedens</strong></span> <span class='ocrx_word' id='word_1_494' title='bbox 3437 3311 3564 3368; x_wconf 67' lang='lat' dir='ltr'><strong>qua</strong></span> 
     </span>
    </p>
   </div>
   <div class='ocr_carea' id='block_1_59' title="bbox 205 3385 3566 3462">
    <p class='ocr_par' dir='ltr' id='par_1_59' title="bbox 205 3385 3566 3462">
     <span class='ocr_line' id='line_1_59' title="bbox 205 3385 3566 3462; baseline -0 -20"><span class='ocrx_word' id='word_1_495' title='bbox 205 3402 414 3444; x_wconf 67' lang='lat' dir='ltr'><strong>seorsum</strong></span> <span class='ocrx_word' id='word_1_496' title='bbox 443 3390 654 3457; x_wconf 86' lang='lat' dir='ltr'><strong>efficit,</strong></span> <span class='ocrx_word' id='word_1_497' title='bbox 685 3389 736 3445; x_wconf 91' lang='lat' dir='ltr'><strong>ei</strong></span> <span class='ocrx_word' id='word_1_498' title='bbox 769 3389 917 3444; x_wconf 83' lang='lat' dir='ltr'><strong>ferat</strong></span> <span class='ocrx_word' id='word_1_499' title='bbox 945 3405 1114 3462; x_wconf 88' lang='lat' dir='ltr'><strong>opem</strong></span> <span class='ocrx_word' id='word_1_500' title='bbox 1147 3391 1219 3444; x_wconf 88' lang='lat' dir='ltr'><strong>ad</strong></span> <span class='ocrx_word' id='word_1_501' title='bbox 1252 3389 1360 3445; x_wconf 93' lang='lat' dir='ltr'><strong>hoc</strong></span> <span class='ocrx_word' id='word_1_502' title='bbox 1387 3394 1452 3445; x_wconf 90' lang='lat' dir='ltr'><strong>ut</strong></span> <span class='ocrx_word' id='word_1_503' title='bbox 1491 3392 1567 3446; x_wconf 89' lang='lat' dir='ltr'><strong>sit</strong></span> <span class='ocrx_word' id='word_1_504' title='bbox 1599 3391 1840 3447; x_wconf 79' lang='lat' dir='ltr'><strong>effectus</strong></span> <span class='ocrx_word' id='word_1_505' title='bbox 1873 3391 2446 3447; x_wconf 85' lang='lat' dir='ltr'><strong>vehementissimus.</strong></span> <span class='ocrx_word' id='word_1_506' title='bbox 2499 3389 2750 3447; x_wconf 83' lang='lat' dir='ltr'><strong>Maxime</strong></span> <span class='ocrx_word' id='word_1_507' title='bbox 2803 3393 3000 3446; x_wconf 88' lang='lat' dir='ltr'><strong>autem</strong></span> <span class='ocrx_word' id='word_1_508' title='bbox 3031 3405 3097 3446; x_wconf 78' lang='lat' dir='ltr'><strong>ex</strong></span> <span class='ocrx_word' id='word_1_509' title='bbox 3141 3385 3566 3462; x_wconf 87' lang='lat' dir='ltr'><strong>procatarctica</strong></span> 
     </span>
    </p>
   </div>
   <div class='ocr_carea' id='block_1_60' title="bbox 205 3476 2638 3550">
    <p class='ocr_par' dir='ltr' id='par_1_60' title="bbox 205 3476 2638 3550">
     <span class='ocr_line' id='line_1_60' title="bbox 205 3476 2638 3550; baseline 0.002 -22"><span class='ocrx_word' id='word_1_510' title='bbox 205 3490 337 3530; x_wconf 77' lang='lat' dir='ltr'><strong>causa</strong></span> <span class='ocrx_word' id='word_1_511' title='bbox 359 3476 556 3534; x_wconf 85' lang='lat' dir='ltr'><strong>factam</strong></span> <span class='ocrx_word' id='word_1_512' title='bbox 590 3493 731 3534; x_wconf 87' lang='lat' dir='ltr'><strong>esse</strong></span> <span class='ocrx_word' id='word_1_513' title='bbox 768 3493 1009 3534; x_wconf 88' lang='lat' dir='ltr'><strong>causam</strong></span> <span class='ocrx_word' id='word_1_514' title='bbox 1040 3478 1442 3550; x_wconf 87' lang='lat' dir='ltr'><strong>adjuvantem,</strong></span> <span class='ocrx_word' id='word_1_515' title='bbox 1475 3480 1546 3534; x_wconf 89' lang='lat' dir='ltr'><strong>ad</strong></span> <span class='ocrx_word' id='word_1_516' title='bbox 1577 3478 1694 3535; x_wconf 87' lang='lat' dir='ltr'><strong>vim</strong></span> <span class='ocrx_word' id='word_1_517' title='bbox 1725 3496 1913 3536; x_wconf 83' lang='lat' dir='ltr'><strong>causae</strong></span> <span class='ocrx_word' id='word_1_518' title='bbox 1943 3479 2359 3536; x_wconf 90' lang='lat' dir='ltr'><strong>intendendam</strong></span> <span class='ocrx_word' id='word_1_519' title='bbox 2390 3478 2638 3535; x_wconf 69' lang='lat' dir='ltr'><strong>confert;</strong></span> 
     </span>
    </p>
   </div>
   <div class='ocr_carea' id='block_1_61' title="bbox 259 3620 1001 3683">
    <p class='ocr_par' dir='ltr' id='par_1_61' title="bbox 259 3620 1001 3683">
     <span class='ocr_line' id='line_1_61' title="bbox 259 3620 1001 3683; baseline -0.008 0"><span class='ocrx_word' id='word_1_520' title='bbox 259 3621 306 3683; x_wconf 72' lang='lat' dir='ltr'><strong>&#39;f‘</strong></span> <span class='ocrx_word' id='word_1_521' title='bbox 327 3620 377 3676; x_wconf 88' lang='lat' dir='ltr'><strong>P.</strong></span> <span class='ocrx_word' id='word_1_522' title='bbox 406 3623 505 3677; x_wconf 75' lang='grc'><strong>924</strong></span> <span class='ocrx_word' id='word_1_523' title='bbox 532 3622 651 3679; x_wconf 82' lang='lat' dir='ltr'><strong>ED.</strong></span> <span class='ocrx_word' id='word_1_524' title='bbox 687 3621 1001 3677; x_wconf 82' lang='lat' dir='ltr'><strong>POTTER.</strong></span> 
     </span>
    </p>
   </div>
   <div class='ocr_carea' id='block_1_62' title="bbox 222 3759 1804 3842">
    <p class='ocr_par' dir='ltr' id='par_1_62' title="bbox 222 3759 1802 3842">
     <span class='ocr_line' id='line_1_62' title="bbox 222 3759 1802 3842; baseline -0.011 0"><span class='ocrx_word' id='word_1_525' title='bbox 222 3763 318 3842; x_wconf 58' lang='grc' dir='ltr'><strong>..Ψ</strong></span> <span class='ocrx_word' id='word_1_526' title='bbox 346 3761 636 3837; x_wconf 70' lang='grc' dir='ltr'><strong>Προδῆλως</strong></span> <span class='ocrx_word' id='word_1_527' title='bbox 670 3807 684 3820; x_wconf 81' lang='grc' dir='ltr'><strong>ο</strong></span> <span class='ocrx_word' id='word_1_528' title='bbox 723 3806 737 3819; x_wconf 92' lang='grc'><strong>·</strong></span> <span class='ocrx_word' id='word_1_529' title='bbox 776 3809 790 3821; x_wconf 79' lang='grc' dir='ltr'><strong>ο</strong></span> <span class='ocrx_word' id='word_1_530' title='bbox 849 3759 1073 3833; x_wconf 77' lang='grc' dir='ltr'>ἀδήλως</span> <span class='ocrx_word' id='word_1_531' title='bbox 1160 3765 1337 3835; x_wconf 83' lang='lat' dir='ltr'><strong>Flor.,</strong></span> <span class='ocrx_word' id='word_1_532' title='bbox 1414 3761 1802 3839; x_wconf 78' lang='grc' dir='ltr'>προδήλῳ.....</span> 
     </span>
    </p>
   </div>
   <div class='ocr_carea' id='block_1_63' title="bbox 1979 3759 3561 3842">
    <p class='ocr_par' dir='ltr' id='par_1_63' title="bbox 1987 3761 3561 3842">
     <span class='ocr_line' id='line_1_63' title="bbox 1987 3761 3561 3842; baseline -0.001 -20"><span class='ocrx_word' id='word_1_533' title='bbox 1987 3766 2064 3842; x_wconf 12' lang='grc'><strong>(9,)</strong></span> <span class='ocrx_word' id='word_1_534' title='bbox 2093 3765 2277 3836; x_wconf 79' lang='grc' dir='ltr'>Αὐτῷ.</span> <span class='ocrx_word' id='word_1_535' title='bbox 2335 3764 2504 3842; x_wconf 61' lang='grc' dir='ltr'><strong>ΕιοικΔ</strong></span> <span class='ocrx_word' id='word_1_536' title='bbox 2539 3766 2743 3842; x_wconf 75' lang='lat' dir='ltr'><strong>divise,</strong></span> <span class='ocrx_word' id='word_1_537' title='bbox 2793 3761 2888 3842; x_wconf 65' lang='lat' dir='ltr'><strong>ai’»_</strong></span> <span class='ocrx_word' id='word_1_538' title='bbox 2922 3769 3020 3836; x_wconf 83' lang='grc' dir='ltr'>τῷ.</span> <span class='ocrx_word' id='word_1_539' title='bbox 3070 3766 3178 3842; x_wconf 84' lang='lat' dir='ltr'><strong>Sed</strong></span> <span class='ocrx_word' id='word_1_540' title='bbox 3239 3779 3561 3842; x_wconf 83' lang='lat' dir='ltr'><strong>pronomen</strong></span> 
     </span>
    </p>
   </div>
   <div class='ocr_carea' id='block_1_64' title="bbox 215 3827 1797 3910">
    <p class='ocr_par' dir='ltr' id='par_1_64' title="bbox 215 3827 1666 3910">
     <span class='ocr_line' id='line_1_64' title="bbox 215 3827 1666 3910; baseline 0.002 -26"><span class='ocrx_word' id='word_1_541' title='bbox 215 3827 393 3910; x_wconf 50' lang='grc' dir='ltr'>ἀδήλῳ]</span> <span class='ocrx_word' id='word_1_542' title='bbox 465 3827 507 3910; x_wconf 67' lang='lat'><strong>_&#39;</strong></span> <span class='ocrx_word' id='word_1_543' title='bbox 623 3827 628 3828; x_wconf 27' lang='grc' dir='ltr'><strong>ί</strong></span> <span class='ocrx_word' id='word_1_544' title='bbox 796 3906 830 3910; x_wconf 43' lang='grc' dir='ltr'><strong>η</strong></span> <span class='ocrx_word' id='word_1_545' title='bbox 941 3827 965 3910; x_wconf 68' lang='lat'><strong>&#39;_</strong></span> <span class='ocrx_word' id='word_1_546' title='bbox 1457 3827 1466 3839; x_wconf 84' lang='lat'><strong>&#39;</strong></span> 
     </span>
    </p>
   </div>
   <div class='ocr_carea' id='block_1_65' title="bbox 1978 3827 3560 3910">
    <p class='ocr_par' dir='ltr' id='par_1_65' title="bbox 1978 3827 3560 3910">
     <span class='ocr_line' id='line_1_65' title="bbox 1978 3827 3560 3910; baseline 0.001 -18"><span class='ocrx_word' id='word_1_547' title='bbox 2111 3827 2377 3910; x_wconf 81' lang='lat' dir='ltr'><strong>agnoscit</strong></span> <span class='ocrx_word' id='word_1_548' title='bbox 2431 3837 2606 3893; x_wconf 89' lang='lat' dir='ltr'><strong>etiam</strong></span> <span class='ocrx_word' id='word_1_549' title='bbox 2665 3827 2892 3895; x_wconf 81' lang='lat' dir='ltr'><strong>Hérveti</strong></span> <span class='ocrx_word' id='word_1_550' title='bbox 2950 3827 3161 3907; x_wconf 75' lang='lat' dir='ltr'><strong>versio,</strong></span> <span class='ocrx_word' id='word_1_551' title='bbox 3193 3827 3412 3910; x_wconf 66' lang='lat' dir='ltr'><strong>«&#39;quod</strong></span> <span class='ocrx_word' id='word_1_552' title='bbox 3458 3853 3560 3893; x_wconf 88' lang='lat' dir='ltr'><strong>nec</strong></span> 
     </span>
    </p>
   </div>
   <div class='ocr_carea' id='block_1_66' title="bbox 262 3902 1844 3983">
    <p class='ocr_par' dir='ltr' id='par_1_66' title="bbox 262 3902 1805 3983">
     <span class='ocr_line' id='line_1_66' title="bbox 262 3902 1805 3983; baseline 0.005 -25"><span class='ocrx_word' id='word_1_553' title='bbox 262 3902 625 3983; x_wconf 49' lang='lat' dir='ltr'><strong>(Bl&#39;ﬂapd‘rroe.</strong></span> <span class='ocrx_word' id='word_1_554' title='bbox 684 3906 1072 3983; x_wconf 78' lang='lat' dir='ltr'><strong>Scribendum</strong></span> <span class='ocrx_word' id='word_1_555' title='bbox 1131 3902 1440 3983; x_wconf 78' lang='grc' dir='ltr'>προδήλου,</span> <span class='ocrx_word' id='word_1_556' title='bbox 1501 3909 1654 3983; x_wconf 82' lang='lat' dir='ltr'><strong>quod</strong></span> <span class='ocrx_word' id='word_1_557' title='bbox 1717 3927 1805 3964; x_wconf 90' lang='lat' dir='ltr'><strong>re-</strong></span> 
     </span>
    </p>
   </div>
   <div class='ocr_carea' id='block_1_67' title="bbox 1975 3902 3557 3983">
    <p class='ocr_par' dir='ltr' id='par_1_67' title="bbox 1982 3902 3557 3983">
     <span class='ocr_line' id='line_1_67' title="bbox 1982 3902 3557 3983; baseline -0.001 -18"><span class='ocrx_word' id='word_1_558' title='bbox 1982 3902 2109 3983; x_wconf 75' lang='lat' dir='ltr'><strong>stim</strong></span> <span class='ocrx_word' id='word_1_559' title='bbox 2147 3902 2336 3983; x_wconf 61' lang='lat' dir='ltr'><strong>pense</strong></span> <span class='ocrx_word' id='word_1_560' title='bbox 2369 3913 2562 3983; x_wconf 77' lang='lat' dir='ltr'><strong>potest</strong></span> <span class='ocrx_word' id='word_1_561' title='bbox 2582 3911 2876 3983; x_wconf 85' lang='lat' dir='ltr'><strong>_effectum</strong></span> <span class='ocrx_word' id='word_1_562' title='bbox 2929 3902 3180 3967; x_wconf 83' lang='lat' dir='ltr'><strong>efficere.</strong></span> <span class='ocrx_word' id='word_1_563' title='bbox 3217 3932 3245 3960; x_wconf 82' lang='lat'><strong>»</strong></span> <span class='ocrx_word' id='word_1_564' title='bbox 3273 3902 3557 3964; x_wconf 64' lang='lat' dir='ltr'><strong>SYLBURG.</strong></span> 
     </span>
    </p>
   </div>
   <div class='ocr_carea' id='block_1_68' title="bbox 211 3977 1793 4063">
    <p class='ocr_par' dir='ltr' id='par_1_68' title="bbox 211 3977 1793 4063">
     <span class='ocr_line' id='line_1_68' title="bbox 211 3977 1793 4063; baseline -0.004 -32"><span class='ocrx_word' id='word_1_565' title='bbox 211 3977 350 4063; x_wconf 56' lang='lat' dir='ltr'><strong>qgirit</strong></span> <span class='ocrx_word' id='word_1_566' title='bbox 372 3977 1110 4063; x_wconf 50' lang='lat' dir='ltr'><strong>sententiarpm&#39;oppositio</strong></span> <span class='ocrx_word' id='word_1_567' title='bbox 1155 3977 1338 4063; x_wconf 76' lang='lat' dir='ltr'><strong>Atque</strong></span> <span class='ocrx_word' id='word_1_568' title='bbox 1370 3981 1478 4036; x_wconf 87' lang='lat' dir='ltr'><strong>hoc</strong></span> <span class='ocrx_word' id='word_1_569' title='bbox 1511 3977 1686 4063; x_wconf 77' lang='lat' dir='ltr'><strong>etiam</strong></span> 
     </span>
    </p>
   </div>
   <div class='ocr_carea' id='block_1_69' title="bbox 1981 3977 3563 4063">
    <p class='ocr_par' dir='ltr' id='par_1_69' title="bbox 1989 3977 3563 4063">
     <span class='ocr_line' id='line_1_69' title="bbox 1989 3977 3563 4063; baseline -0.001 -29"><span class='ocrx_word' id='word_1_570' title='bbox 1989 3982 2102 4051; x_wconf 86' lang='grc'><strong>(10)</strong></span> <span class='ocrx_word' id='word_1_571' title='bbox 2132 3977 2484 4063; x_wconf 53' lang='grc' dir='ltr'>Παρίσςτησιν.</span> <span class='ocrx_word' id='word_1_572' title='bbox 2544 3981 2814 4063; x_wconf 51' lang='lat' dir='ltr'><strong>Manent!)</strong></span> <span class='ocrx_word' id='word_1_573' title='bbox 2875 3984 3224 4063; x_wconf 82' lang='lat' dir='ltr'><strong>esse__bu_nc</strong></span> <span class='ocrx_word' id='word_1_574' title='bbox 3293 3987 3563 4063; x_wconf 61' lang='grc' dir='ltr'>Στρωμα-</span> 
     </span>
    </p>
   </div>
   <div class='ocr_carea' id='block_1_70' title="bbox 212 4045 3564 4126">
    <p class='ocr_par' dir='ltr' id='par_1_70' title="bbox 212 4045 3564 4126">
     <span class='ocr_line' id='line_1_70' title="bbox 212 4045 3564 4126; baseline 0.003 -27"><span class='ocrx_word' id='word_1_575' title='bbox 310 4049 632 4126; x_wconf 74' lang='lat' dir='ltr'><strong>_interpres._</strong></span> <span class='ocrx_word' id='word_1_576' title='bbox 665 4045 945 4126; x_wconf 68' lang='grc' dir='ltr'>Ιιαρόντρς</span> <span class='ocrx_word' id='word_1_577' title='bbox 967 4067 1066 4126; x_wconf 31' lang='grc' dir='ltr'><strong>Αθχ</strong></span> <span class='ocrx_word' id='word_1_578' title='bbox 1126 4045 1405 4126; x_wconf 78' lang='lat' dir='ltr'><strong>periocha</strong></span> <span class='ocrx_word' id='word_1_579' title='bbox 1452 4054 1808 4121; x_wconf 78' lang='lat' dir='ltr'><strong>praecedente</strong></span> <span class='ocrx_word' id='word_1_580' title='bbox 1915 4045 2030 4110; x_wconf 79' lang='grc' dir='ltr'><strong>τὲα.</strong></span> <span class='ocrx_word' id='word_1_581' title='bbox 2059 4045 2094 4107; x_wconf 71' lang='grc' dir='ltr'><strong>θ’</strong></span> <span class='ocrx_word' id='word_1_582' title='bbox 2121 4045 2486 4126; x_wconf 74' lang='lat' dir='ltr'><strong>superiorum</strong></span> <span class='ocrx_word' id='word_1_583' title='bbox 2537 4055 2834 4123; x_wconf 76' lang='lat' dir='ltr'><strong>procemiis</strong></span> <span class='ocrx_word' id='word_1_584' title='bbox 2862 4061 2918 4107; x_wconf 89' lang='lat' dir='ltr'><strong>et</strong></span> <span class='ocrx_word' id='word_1_585' title='bbox 2947 4054 3190 4125; x_wconf 73' lang='lat' dir='ltr'><strong>epilogis</strong></span> <span class='ocrx_word' id='word_1_586' title='bbox 3221 4058 3311 4110; x_wconf 82' lang='lat' dir='ltr'><strong>sat</strong></span> <span class='ocrx_word' id='word_1_587' title='bbox 3337 4045 3564 4111; x_wconf 80' lang='lat' dir='ltr'><strong>clarum</strong></span> 
     </span>
    </p>
   </div>
   <div class='ocr_carea' id='block_1_71' title="bbox 209 4118 3566 4195">
    <p class='ocr_par' dir='ltr' id='par_1_71' title="bbox 209 4118 3566 4195">
     <span class='ocr_line' id='line_1_71' title="bbox 209 4118 3566 4195; baseline 0.002 -24"><span class='ocrx_word' id='word_1_588' title='bbox 209 4118 387 4176; x_wconf 71' lang='lat' dir='ltr'><strong>videtur</strong></span> <span class='ocrx_word' id='word_1_589' title='bbox 428 4118 776 4194; x_wconf 74' lang='lat' dir='ltr'><strong>irrepsisse;</strong></span> <span class='ocrx_word' id='word_1_590' title='bbox 811 4123 900 4178; x_wconf 88' lang='lat' dir='ltr'><strong>vel</strong></span> <span class='ocrx_word' id='word_1_591' title='bbox 952 4122 1108 4195; x_wconf 86' lang='lat' dir='ltr'><strong>forte</strong></span> <span class='ocrx_word' id='word_1_592' title='bbox 1127 4118 1407 4195; x_wconf 28' lang='lat' dir='ltr'><strong>imargini</strong></span> <span class='ocrx_word' id='word_1_593' title='bbox 1453 4118 1806 4195; x_wconf 74' lang='lat' dir='ltr'><strong>ascriptum,</strong></span> <span class='ocrx_word' id='word_1_594' title='bbox 1918 4136 2024 4181; x_wconf 79' lang='lat' dir='ltr'><strong>est.</strong></span> <span class='ocrx_word' id='word_1_595' title='bbox 2055 4127 2142 4179; x_wconf 88' lang='lat' dir='ltr'><strong>An</strong></span> <span class='ocrx_word' id='word_1_596' title='bbox 2193 4118 2326 4180; x_wconf 73' lang='lat' dir='ltr'><strong>vero</strong></span> <span class='ocrx_word' id='word_1_597' title='bbox 2377 4118 2552 4180; x_wconf 53' lang='lat' dir='ltr'><strong>idem&#39;</strong></span> <span class='ocrx_word' id='word_1_598' title='bbox 2579 4127 2753 4180; x_wconf 85' lang='lat' dir='ltr'><strong>etiam</strong></span> <span class='ocrx_word' id='word_1_599' title='bbox 2805 4118 3050 4182; x_wconf 83' lang='lat' dir='ltr'><strong>ultimus</strong></span> <span class='ocrx_word' id='word_1_600' title='bbox 3083 4118 3179 4192; x_wconf 74' lang='lat' dir='ltr'><strong>sit,</strong></span> <span class='ocrx_word' id='word_1_601' title='bbox 3221 4142 3334 4180; x_wconf 90' lang='lat' dir='ltr'><strong>non</strong></span> <span class='ocrx_word' id='word_1_602' title='bbox 3368 4128 3474 4181; x_wconf 89' lang='lat' dir='ltr'><strong>abs</strong></span> <span class='ocrx_word' id='word_1_603' title='bbox 3504 4139 3566 4178; x_wconf 91' lang='lat' dir='ltr'><strong>re</strong></span> 
     </span>
    </p>
   </div>
   <div class='ocr_carea' id='block_1_72' title="bbox 209 4193 3565 4268">
    <p class='ocr_par' dir='ltr' id='par_1_72' title="bbox 209 4193 3565 4268">
     <span class='ocr_line' id='line_1_72' title="bbox 209 4193 3565 4268; baseline 0.001 -23"><span class='ocrx_word' id='word_1_604' title='bbox 209 4196 363 4268; x_wconf 76' lang='lat' dir='ltr'><strong>postea</strong></span> <span class='ocrx_word' id='word_1_605' title='bbox 415 4195 468 4249; x_wconf 92' lang='lat' dir='ltr'><strong>in</strong></span> <span class='ocrx_word' id='word_1_606' title='bbox 521 4193 755 4252; x_wconf 80' lang='lat' dir='ltr'><strong>textum</strong></span> <span class='ocrx_word' id='word_1_607' title='bbox 815 4195 888 4250; x_wconf 92' lang='lat' dir='ltr'><strong>ab</strong></span> <span class='ocrx_word' id='word_1_608' title='bbox 945 4193 1218 4266; x_wconf 89' lang='lat' dir='ltr'><strong>imperito</strong></span> <span class='ocrx_word' id='word_1_609' title='bbox 1268 4193 1465 4252; x_wconf 75' lang='lat' dir='ltr'><strong>scriba</strong></span> <span class='ocrx_word' id='word_1_610' title='bbox 1508 4193 1806 4268; x_wconf 82' lang='lat' dir='ltr'><strong>receptum</strong></span> <span class='ocrx_word' id='word_1_611' title='bbox 1920 4196 2302 4268; x_wconf 87' lang='lat' dir='ltr'><strong>dubitaveris.</strong></span> <span class='ocrx_word' id='word_1_612' title='bbox 2333 4195 2691 4268; x_wconf 15' lang='lat' dir='ltr'><strong>Pluraienim</strong></span> <span class='ocrx_word' id='word_1_613' title='bbox 2724 4198 3094 4268; x_wconf 88' lang='lat' dir='ltr'><strong>superiorum</strong></span> <span class='ocrx_word' id='word_1_614' title='bbox 3142 4196 3364 4268; x_wconf 82' lang='lat' dir='ltr'><strong>prologi</strong></span> <span class='ocrx_word' id='word_1_615' title='bbox 3396 4195 3565 4268; x_wconf 79' lang='lat' dir='ltr'><strong>nohi</strong></span> 
     </span>
    </p>
   </div>
   <div class='ocr_carea' id='block_1_73' title="bbox 209 4265 3564 4341">
    <p class='ocr_par' dir='ltr' id='par_1_73' title="bbox 209 4265 3564 4341">
     <span class='ocr_line' id='line_1_73' title="bbox 209 4265 3564 4341; baseline -0.001 -17"><span class='ocrx_word' id='word_1_616' title='bbox 209 4265 287 4316; x_wconf 70' lang='grc' dir='ltr'>εεῒ.</span> <span class='ocrx_word' id='word_1_617' title='bbox 1034 4265 1046 4266; x_wconf 28' lang='grc' dir='ltr'><strong>ί</strong></span> <span class='ocrx_word' id='word_1_618' title='bbox 1643 4265 1661 4268; x_wconf 72' lang='grc'><em>”</em></span> <span class='ocrx_word' id='word_1_619' title='bbox 1921 4267 2276 4340; x_wconf 89' lang='lat' dir='ltr'><strong>pollicentur</strong></span> <span class='ocrx_word' id='word_1_620' title='bbox 2304 4284 2482 4340; x_wconf 89' lang='lat' dir='ltr'><strong>quam</strong></span> <span class='ocrx_word' id='word_1_621' title='bbox 2516 4267 2629 4324; x_wconf 93' lang='lat' dir='ltr'><strong>huc</strong></span> <span class='ocrx_word' id='word_1_622' title='bbox 2665 4265 2854 4341; x_wconf 83' lang='lat' dir='ltr'><strong>usque</strong></span> <span class='ocrx_word' id='word_1_623' title='bbox 2903 4269 3023 4326; x_wconf 89' lang='lat' dir='ltr'><strong>sint</strong></span> <span class='ocrx_word' id='word_1_624' title='bbox 3070 4265 3442 4340; x_wconf 67' lang='lat' dir='ltr'><strong>pertractata.</strong></span> <span class='ocrx_word' id='word_1_625' title='bbox 3479 4266 3564 4322; x_wconf 87' lang='lat' dir='ltr'><strong>In.</strong></span> 
     </span>
    </p>
   </div>
  </div>
