4006 6200
377 313 486 375 603
1603 318 1959 374 CLEMENTI

2216 320 2557 374 {ANDle
3467 346 3474 353 ο
3677 320 3798 378 604

1344 629 2798 805 ΚΑΗΜΕΝΤΟΣ

784 915 1295 1088 ΤΟΥ
1482 919 3348 1090 ΑΛΕΞΑΝΔΡΕΩΣ

1789 1209 2370 1341 ΛΟΓΟΣ

1100 1457 1298 1550 ΤΙΣ
1385 1457 1462 1553 Ο
1543 1457 2309 1557 ΣΩΖΟΜΕΝΟΣ
2392 1455 3055 1554 ΠΛΟΥΣΙΟΣ.

638 1769 656 1786 ’
743 1815 1871 1985 CLEMENTIS
1999 1740 3394 1984 ALEXANDBINI

1807 2101 2315 2224 LIBER

1295 2329 1584 2444 QUIS
1648 2331 2030 2426 DIVES
2099 2329 2820 2426 SALVETUR.

375 464 3246 498 Μ

427 2640 569 2696 Cum
602 2638 1327 2713 ClementisAlexandrini
1351 2640 1622 2713 egregius
1650 2640 1722 2696 de
1753 2638 2143 2713 Salvqbilitate
2172 2637 2696 2713 diuitumlibellus,
2729 2637 2829 2710 qui
2863 2654 2965 2713 per
2995 2635 3166 2713 plura
3212 2637 3426 2713 saecula
3454 2637 3777 2713 intercide-

355 2715 468 2794 rat,
502 2715 558 2766 et
586 2712 834 2794 tandem.
854 2709 1418 2794 MichaelisGeisieri
1450 2709 1770 2794 opera‘sub
1796 2711 2062 2794 Urigenis
2095 2711 2354 2794 nomine,
2387 2710 2578 2794 alieno
2609 2709 3012 2794 prorsus’lnco’
3049 2709 3253 2794 edit-us.
3299 2711 3605 2782 (nimirum
3636 2712 3780 2794 ejus

355 2782 764 2866 Commentaer
801 2784 869 2866 ,ἐκ
914 2783 1265 2866 prophetiam
1293 2785 1597 2866 Ieremia),
1628 2781 2262 2866 tanquam’etiamnlum
2294 2783 2582 2866 ineditus:
2609 2781 2680 2838 ad
2715 2797 3036 2866 paucorum
3083 2781 3354 2866 notitiam
3387 2781 3726 2866 pervenerit
3762 2801 3777 2838 :

352 2871 526 2928 porro
555 2871 690 2911 cum
721 2853 1000 2927 deinceps
1015 2853 1288 2913 *Auctario
1318 2853 1626 2914 Grecorum
1657 2853 1884 2912 Patrum
1931 2855 2360 2928 Coimbeﬂsiano
2410 2854 2687 2928 inserlus,
2718 2853 2875 2910 inter
2919 2853 3274 2928 scriptorum
3321 2853 3776 2928 ne’olericorum,

353 2925 710 2998 quibuscum
743 2925 1206 2998 componebatur
1255 2932 1539 2998 catervas,
1571 2928 1657 2984 vel
1688 2928 1879 2984 adhuc
1932 2926 2266 2983 delituerit:
2299 2942 2420 2982 rem
2453 2943 2568 2983 non
2599 2927 2888 2998 ingratam
2919 2925 3196 2982 litteratis
3227 2926 3484 2998 futuram
3516 2927 3773 2998 speravi,

353 2996 403 3054 si
433 2999 724 3055 efﬁcerem
756 3004 821 3054 ut
848 2996 1204 3067 melioribus,
1231 3000 1340 3056 hoc
1369 3005 1477 3066 est,
1509 2996 1634 3056 suis
1665 2999 1945 3071 auspiciis
1974 3000 2211 3054 tandem
2254 2998 2570 3070 aliquando
2619 2996 2688 3053 in
2729 2997 3033 3071 publicum
3093 2997 3369 3071 prodiret.
3430 2996 3773 3071 Gen‘uinum

349 3085 480 3144 esse
513 3087 677 3144 _opus
709 3087 822 3144 non
855 3075 1081 3127 tantum
1116 3072 1290 3127 fidem
1350 3073 1574 3144 faciunt
1621 3068 1822 3144 scripti
1856 3071 2085 3144 pondus
2116 3074 2174 3126 et
2205 3068 2398 3144 decor,
2431 3071 2531 3125 sed
2572 3072 2631 3124 et
2660 3068 3292 3144 Eusebii_Caasarie_ns_is
3340 3069 3774 3144 testimonium,

359 3143 468 3215 qui
507 3140 578 3215 in
599 3142 838 3199 Historia
867 3160 976 3198 sua
1004 3144 1402 3208 ecclesiastica,
1433 3143 1648 3199 librum
1684 3140 1898 3215 saepius
1929 3142 2146 3210 laudat,
2179 3146 2238 3215 et
2265 3141 2364 3215 lib.
2399 3157 2486 3205 ιιι,
2519 3157 2646 3212 cap.
2677 3142 2768 3215 25ἵ
2828 3140 3034 3215 exinde
3088 3140 3309 3196 solidas
3361 3142 3605 3215 paginas
3661 3143 3772 3198 de-

357 3212 594 3286 scripsit
637 3233 650 3278 ;
686 3231 812 3286 quae
846 3215 1081 3284 quidem
1106 3216 1163 3270 in
1199 3232 1309 3270 ms.
1343 3215 1617 3271 Vaticano
1647 3212 1960 3279 (cui'unico
1991 3213 2328 3286 exemplari,
2363 3218 2648 3286 quantum
2681 3213 2872 3286 adhuc
2902 3213 3190 3286 novimus,
3222 3212 3375 3284 opus
3401 3212 3510 3269 hoc
3561 3229 3772 3286 serva-

353 3289 481 3340 tum
532 3284 859 3352 debemus),
893 3287 1109 3342 mutilae
1136 3287 1539 3351 occurrebant,
1571 3291 1628 3342 et
1657 3302 1726 3342 ex
1755 3287 2004 3342 Eusebio
2036 3284 2280 3340 feliciter
2322 3285 2732 3340 restituuntur.
2777 3284 2994 3340 Mentio
3039 3285 3242 3340 itidem
3273 3290 3554 3342 tractatus
3583 3285 3774 3356 huius

355 3356 1028 3430 habeturinHieronymi
1050 3358 1345 3428 Catalogo;
1379 3357 1644 3430 quinirno
1671 3375 1784 3413 non
1819 3357 2009 3413 solum
2036 3374 2170 3430 eum
2194 3357 2422 3430 laudat,
2448 3357 2547 3430 sed
2563 3357 2840 3430 [ejusdem
2879 3356 3232 3428 principium
3264 3357 3612 3413 Bibliotheca:
3641 3374 3770 3414 sua:

352 3427 603 3482 inseruit
631 3427 893 3491 Photius,
917 3427 1055 3485 cod.
1088 3447 1172 3486 ιιι.
1206 3427 1370 3485 Unde
1396 3427 1599 3499 nullus
1629 3434 1895 3499 superest
1925 3428 2234 3484 dubitandi
2267 3429 2428 3484 locus
2461 3429 2532 3484 de
2561 3428 2744 3483 libelli
2777 3427 3011 3484 auctore
3041 3427 3097 3483 et
3142 3433 3320 3484 statu.
3377 3430 3608 3484 Interim
3643 3447 3770 3486 non

353 3498 659 3572 abnuerim
685 3499 964 3572 ultimam
992 3501 1297 3572 periodum
1333 3499 1377 3553 ὦ
1406 3498 1495 3555 διὰ
1523 3503 1619 3554 τοῦ
1651 3497 1868 3564 παιδός,
1901 3505 2037 3567 etc.,
2068 3517 2101 3555 a
2130 3500 2372 3572 librario
2404 3501 2717 3572 adjectam,
2751 3500 2851 3571 qui
2882 3504 3194 3555 tractatum
3229 3500 3385 3555 hunc
3417 3517 3520 3572 pro
3569 3499 3770 3556 homi-

352 3570 433 3626 lia
462 3569 1170 3643 Origenianavendi'tavit,
1194 3577 1251 3628 et
1281 3573 1524 3643 proinde
1555 3572 1797 3629 solemni
1829 3572 2178 3628 concionum
2210 3569 2830 3628 clausula—ﬁniendum
2860 3573 3110 3627 censuit.
3132 3571 3299 3628 Talia
3319 3569 3539 3643 pas—sim
3568 3572 3769 3628 inten-

347 3648 507 3717 tasse
537 3641 645 3698 hoc
675 3643 983 3717 hominum
1009 3661 1216 3717 genus,
1241 3641 1390 3717 alibi
1423 3663 1457 3701 a
1491 3661 1604 3710 me,
1637 3645 1698 3717 in
1730 3643 2346 3717 opusculisCypriano
2377 3643 2672 3717 ascriptis,
2731 3644 3265 3717 est_observatum.
3318 3641 3767 3717 Supervacuum

351 3714 600 3770 fortasse
629 3733 744 3771 non
774 3716 946 3771 fuerit
976 3714 1356 3772 admonuisse
1387 3717 1445 3772 in
1477 3714 1796 3787 exemplari
1831 3714 2153 3772 nonnullas
2178 3716 2352 3772 fuisse
2383 3714 2649 3786 lacunas,
2678 3731 2804 3786 qua:
2839 3715 3039 3771 lectori
3071 3732 3297 3772 moram
3339 3714 3571 3772 factura:
3599 3716 3773 3772 vide-

348 3787 584 3851 bantur,
617 3803 766 3858 quas
798 3804 904 3843 nos
934 3789 1174 3844 vocibus
1206 3805 1386 3862 quam
1420 3788 1798 3862 paucissimis
1824 3787 2188 3862 interpositis
2221 3787 2645 3862 supplevimus.
2669 3787 2780 3843 Sed
2807 3787 3191 3860 neadjectitia
3218 3787 3492 3862 genuinis
3512 3788 3774 3845 commi-

348 3863 673 3928 scerentur,
707 3875 1072 3933 quaecunque
1101 3878 1135 3916 a
1164 3859 1335 3916 nobis
1368 3859 1724 3932 interpolata
1757 3859 2014 3932 fuerunt,
2047 3859 2214 3916 uncis
2244 3859 2622 3916 inclusimus.
2652 3863 2817 3915 FELL.

423 4111 572 4169 885
605 4109 738 4175 >X<I.
789 4109 898 4175 Qui
957 4109 1360 4167 encomiorum
1415 4128 1662 4168 munera
1717 4111 1998 4169 divitibus

2189 4112 2260 4169 ΑΖ
2291 4111 2357 4170 Οἱ
2393 4111 2488 4184 μὲν
2517 4110 2646 4174 τοὺς
2676 4108 3148 4187 ἐγκωμιαστικοὺς
3181 4108 3380 4185 λόγους
3409 4115 3528 4174 τοῖς
3581 4108 3771 4167 πλου-

351 4201 639 4265 tribuunt,
673 4200 714 4255 ii
745 4216 879 4257 vero
902 4199 1050 4255 mihi
1073 4199 1291 4255 nedum
1316 4199 1650 4257 adulatores
1671 4205 1730 4257 et
1751 4200 1933 4257 illiber

2195 4221 2250 4262 ηις
2291 4198 2758 4279 δωροφοροῦντες,
2791 4199 2854 4255 οὐ
2913 4201 3078 4274 μόνον
3137 4198 3372 4264 κόλακες
3427 4201 3516 4256 καὶ
3545 4197 3777 4257 ἀνελεὺ-

349 4291 435 4348 les
469 4289 672 4347 merilo
702 4290 957 4346 habendi
988 4305 1115 4346 esse
1159 4289 1454 4358 videntur,
1512 4290 1613 4362 qui
1672 4307 1882 4363 magno

2195 4311 2259 4345 m
2311 4287 2536 4353 δικαίως
2586 4290 2645 4344 ἃν
2698 4288 2892 4366 ἔμοιγε
2939 4289 3212 4364 κρίνεσθαι
3260 4287 3492 4356 δοκοῖεν,
3547 4289 3622 4352 ὡς
3674 4288 3777 4346 ἐπὶ

352 4380 667 4456 gratiﬁcari
698 4379 983 4436 simulent
1012 4395 1265 4450 quorum
1319 4379 1480 4435 nulla
1510 4380 1698 4453 gratia
1729 4398 1743 4448 ;
1797 4395 1933 4436 veru

2192 4377 2311 4452 λλῷ
2383 4381 2854 4454 προσποιούμενοι
2931 4377 3260 4456 χαρίσασθαι
3324 4379 3393 4434 τά
3449 4378 3722 4456 ἀχάριστα
3759 4398 3774 4412 ·

351 4471 526 4528 etiam
549 4470 716 4542 impii
739 4487 804 4526 ac
826 4468 1099 4526 insidiosi
1125 4485 1139 4524 :
1165 4467 1332 4542 impii
1359 4469 1622 4541 quidem,
1646 4470 1824 4540 quod,
1848 4485 1933 4541 po:

2197 4469 2256 4522 Ka‘z
2309 4469 2398 4523 καὶ
2458 4465 2672 4530 ἀσεϐεῖς
2728 4469 2817 4524 καὶ
2875 4463 3200 4524 ἐπίϐουλοι·
3254 4462 3465 4530 ἀσεϐεῖς
3528 4468 3644 4542 μὲν,
3678 4468 3779 4526 ὅτι

353 4560 574 4616 habitis
606 4558 704 4616 Dei
734 4557 1011 4614 laudibus
1041 4561 1098 4614 et
1127 4557 1337 4630 gloria,
1387 4558 1490 4630 qui
1524 4574 1680 4615 unus
1711 4558 1935 4630 perfecti

2194 4558 2368 4632 ρέντες
2397 4557 2566 4614 αῗνεῖν
2608 4558 2698 4614 καὶ
2757 4555 2995 4628 δοξάζειν
3041 4558 3133 4612 τὸν
3197 4558 3358 4631 μόνον
3405 4555 3615 4613 τέλειον
3669 4560 3776 4614 καὶ

354 4665 421 4706 ac
449 4650 638 4706 bonus
666 4651 777 4714 est,
810 4670 839 4698 «
867 4663 938 4704 ex
978 4664 1095 4720 quo
1124 4646 1323 4704 omnia
1377 4651 1435 4704 et
1483 4662 1587 4720 per
1642 4664 1816 4720 quem
1874 4663 1936 4704 on

2191 4647 2306 4703 ιθὸν
2339 4648 2493 4718 Θεὸν,
2530 4671 2558 4700 ‹‹
2593 4645 2644 4718 ἐξ
2689 4647 2752 4702 οὗ
2781 4647 2848 4702 τά
2875 4644 3068 4714 πάντα,
3102 4647 3192 4701 καὶ
3241 4643 3310 4701 δι’
3341 4645 3404 4700 οὗ
3458 4647 3526 4700 τὰ
3570 4647 3773 4719 πάντα,

353 4738 473 4803 nia,
504 4738 644 4795 etin
675 4754 790 4809 quo
812 4737 1010 4792 amnia
1039 4738 1142 4808 (a),
1166 4759 1195 4788 ‹‹
1222 4737 1423 4810 [quem
1453 4736 1566 4793 sibi
1597 4736 1696 4793 ille
1717 4737 1935 4793 honore

2189 4742 2195 4790 ἰ
2257 4736 2332 4800 εἷς
2363 4737 2422 4793 ’ὁν
2455 4739 2522 4792 τὰ
2552 4737 2746 4805 πάντα,
2779 4759 2806 4788 ››
2839 4736 3200 4810 περιάπτουσι
3227 4735 3288 4790 τὸ
3321 4735 3771 4811 [Θεοπρεπὲσταο]

351 4825 647 4898 vindicat],
678 4825 1020 4882 hominibus
1042 4826 1318 4882 tribuunt
1339 4826 1645 4898 [piaculari
1666 4830 1725 4882 et
1745 4827 1933 4899 impur

2195 4827 2248 4899 ν]
2297 4827 2405 4899 (11)
2437 4827 2598 4902 γέρας
2656 4827 2766 4897 (12)
2798 4825 3106 4899 ἀνθρώποις
3163 4823 3366 4898 ἑνα[γεῖ
3416 4825 3506 4879 καὶ
3559 4819 3775 4899 βορϐο-

349 4915 468 4973 vita
516 4913 940 4980 volutantibus,
991 4914 1152 4986 [ipsi]
1203 4915 1469 4986 proinde,
1526 4915 1587 4970 in
1645 4915 1931 4972 mercede:

2195 4910 2298 4986 δει]
2360 4913 2462 4990 βίῳ
2517 4910 2959 4986 κυλινδομέναις,
2991 4911 3208 4986 [τούτου
3254 4907 3450 4984 Evam],
3478 4913 3540 4967 τὸ
3595 4914 3777 4989 κεφά-

342 5005 570 5077 judicio
601 5003 795 5060 divino
827 5003 1130 5060 obnoxiis:
1165 5003 1432 5060 insidiosi
1465 5008 1684 5072 autem,
1719 5003 1924 5078 quonia

2190 5023 2288 5075 ιον,
2324 5003 2704 5077 ὑποκειμένοις
2753 5005 2822 5077 τῇ
2872 5000 3042 5076 κρίσει
3093 5004 3193 5056 τοῦ
3239 5005 3372 5056 Θεοῦ
3404 5020 3418 5033 ·
3475 4995 3772 5058 ἐπίϐουλοι

351 5110 486 5150 cum
508 5093 716 5151 etsolaa
736 5109 875 5166 opes
893 5093 1198 5149 sufﬁciant
1217 5094 1288 5148 ad
1305 5092 1709 5163 emolliendus,
1734 5111 1933 5150 corrur

2223 5091 2306 5148 ὅτι
2365 5092 2452 5148 καὶ
2514 5091 2680 5163 αὐτῆς
2723 5097 2826 5162 τῆς
2867 5089 3179 5166 περιουσίας
3224 5093 3344 5155 καθ’
3371 5090 3538 5160 αὐτὴν
3569 5092 3776 5163 ἱκανῆς

349 5185 690 5258 pendosque
708 5182 1068 5255 locupletum
1096 5183 1348 5255 animos,
1373 5183 1563 5255 deque
1587 5183 1676 5239 via
1698 5199 1800 5257 per
1820 5201 1931 5256 qua

2189 5205 2278 5255 της
2327 5187 2605 5259 χαυνῶσαι
2679 5182 2774 5244 τάς
2855 5180 3036 5256 ψυχὰς
3092 5185 3200 5236 τῶν
3260 5183 3610 5254 κεκτημένων
3668 5184 3771 5239 καὶ

348 5275 511 5334 salus
541 5278 801 5348 paratur,
833 5271 1037 5345 procul
1069 5273 1437 5330 avocandos:
1470 5271 1556 5328 illi
1587 5277 1790 5330 contra
1821 5273 1930 5330 etia

2190 5275 2419 5352 ιφθεῖραι
2444 5273 2532 5328 καὶ
2575 5271 2878 5336 ἀποστῆσαι
2909 5277 3009 5340 τῆς
3059 5267 3212 5341 ὁδοῦ,
3245 5267 3336 5344 δι’,
3364 5272 3432 5340 ἧς
3483 5269 3772 5347 ἐπιτυχεῖν

419 5403 482 5468 >X<
514 5403 575 5458 P.
609 5401 720 5456 625
749 5400 860 5456 ED.
899 5399 1209 5457 POTTER.
1243 5402 1319 5472 (a)
1351 5401 1519 5458 Rom.
1554 5417 1631 5472 xx,
1663 5401 1753 5456 35.

409 5523 534 5601 ’(11)
591 5522 1077 5601 βεοπρεπῇσταεον.
1112 5527 1244 5583 Haec
1307 5531 1365 5584 et
1437 5544 1562 5600 quae
1624 5531 1958 5601 sequuntur

2224 5527 2475 5600 inclusa,
2525 5543 2595 5584 ex
2650 5526 2987 5599 conjectura
3046 5523 3118 5580 ad
3175 5523 3372 5581 hiatus
3401 5523 3617 5582 codicis
3647 5541 3773 5588 ms.

347 5599 681 5658 implendos
715 5599 936 5656 addita.
971 5599 1135 5657 FsLL.

425 5625 428 5657 ι
475 5616 681 5656 ιθιιαοε
715 5616 936 5656 audita.
972 5616 1135 5657 r'sLL.

425 5616 534 5747 62)
565 5670 756 5750 Γιρας.
786 5669 982 5752 Τάρας,
1013 5687 1126 5731 ms.
1161 5671 1243 5729 In.
