4006 6200
466 34 555 105 ἵ

262 323 348 379 θῶ

1319 323 1534 379 LIBER
1570 320 1743 387 QUIB
1780 318 1996 374 DIVBS
2032 318 2434 376 SALVETUB.

3474 318 3585 377 606

262 445 341 503 ἔστι
378 441 618 515 σωτηρίας
647 461 658 473 ⁶
690 444 743 496 οἱ
775 440 832 498 δὲ
860 441 1406 520 προσεμπλήσσουσι,
1462 445 1557 507 τὰς
1600 444 1815 517 γνώμας

1938 441 2271 499 stolidiores
2299 440 2581 507 efﬁciunt,
2603 439 2851 497 divitum
2874 443 3100 498 mentes
3130 441 3583 501 immodicarum

253 540 332 591 τῶν
354 530 599 585 πλουσίων
627 537 739 594 ταῖς
760 530 987 601 ἡδοναῖς
1004 538 1112 589 τῶν
1133 534 1383 609 ἀμέτρων
1416 532 1646 589 ἐπαίνων
1681 529 1830 588 ἐπαί-

239 642 381 697 ροντες
407 641 420 653 ’
448 620 530 675 καὶ
560 621 801 692 καθάπαξ
828 627 936 677 τῶν
972 622 1118 679 ὅλων
1151 625 1491 699 πραγμάτων
1523 623 1670 692 πλὴν
1728 625 1828 677 τοῦ

234 710 449 782 πλούτου,
478 707 547 764 δι’
585 712 643 766 ὃν
692 710 1084 784 θαυμάζονται,
1116 714 1610 789 παρασκευάζοντες
1662 712 1826 787 ὑπὲρ·

230 804 406 877 φρονεῖν
441 819 451 831 ”
482 798 538 853 τὸ
570 797 638 868 δή
665 804 763 854 τοῦ
792 798 992 876 λόγου,
1023 802 1128 877 πῦρ
1160 800 1248 857 ἐπὶ
1279 807 1387 876 πῦρ
1441 800 1827 878 μετοχετεύον-

230 909 314 957 τες,
355 887 489 964 τύφῳ
557 887 723 953 τῦφον
781 889 1175 953 έπαντλοῦντες
1232 892 1323 946 καὶ
1382 887 1540 966 ὄγκον
1598 888 1826 963 πλούτῳ

230 976 677 1051 προσανιτιθέντες,
738 978 889 1053 βάρει
976 979 1128 1053 φύσει
1200 980 1419 1058 φορτίον
1506 980 1823 1056 βαρύτερον,

228 1068 276 1120 οὗ
301 1064 489 1137 μᾶλλον
519 1065 690 1140 ἐχρῆν
726 1067 975 1143 ἀφαιρεῖν
1030 1070 1120 1124 καὶ
1168 1069 1537 1146 περικόπτειν,
1570 1070 1646 1135 ὡς
1692 1091 1824 1146 σφαο

227 1154 356 1229 λεροῦ
380 1156 679 1227 νοσήματος
731 1157 821 1211 καὶ
872 1158 1265 1236 θανατηφόρου.
1297 1162 1391 1232 Τῷ
1435 1159 1536 1234 γὰρ
1584 1158 1823 1234 ὑψουμέ-

226 1245 375 1315 vran
424 1243 845 1319 μεγαλυνομένῳ
893 1246 1252 1325 ἀντίστροφος
1282 1250 1317 1318 ἡ
1350 1250 1486 1324 πρὸς
1532 1249 1595 1305 τὸ
1638 1269 1825 1304 ταπει-

227 1333 293 1387 νὸν
315 1329 570 1404 μεταϐολή
602 1334 693 1389 καί
723 1340 952 1407 πτῶσις,
983 1336 1058 1399 ὡς
1084 1338 1111 1392 ὁ
1142 1339 1288 1400 θεῖος
1338 1334 1577 1394 διδάσκει
1632 1338 1823 1414 λόγος.

227 1421 347 1492 ’8μοῖ
376 1419 428 1476 δὲ
454 1422 694 1499 φαίνεται
731 1429 925 1501 μακρῷ
978 1423 1498 1503 φιλανθρωπότερον
1548 1428 1681 1482 εἶναι
1726 1432 1825 1484 τοῦ

224 1510 483 1583 θεραπεύειν
531 1512 990 1589 [ἀνελευθέρως]
1046 1516 1172 1579 τοὺς
1254 1514 1631 1583 πλουτοῦντας
1688 1517 1824 1587 [καὶ

224 1604 567 1675 προσεπαινεῖν]
618 1602 712 1657 ἐπὶ
759 1604 912 1675 κακῴ
960 1606 1022 1660 τὸ
1072 1605 1413 1680 συναίρεσθαι
1445 1606 1680 1684 [λόγοις,
1709 1606 1821 1681 καὶ]

224 1690 297 1757 τήν
342 1690 594 1766 σωτηρίαν
653 1690 840 1755 αὐτοῖς
898 1696 1392 1771 [κατεργάζεσθαι]
1456 1697 1664 1753 ἅπαντα
1730 1697 1820 1753 τὸν

1939 530 2180 588 laudum
2203 531 2691 588 oblectationibus
2718 532 2872 587 fastu
2893 530 3221 600 efferentes,
3239 531 3417 604 idque
3437 533 3583 591 adeo

1938 625 2303 693 praestantes,
2325 627 2390 677 ut
2418 625 2623 677 caetera
2662 620 2862 677 omnia
2910 620 3081 693 plane
3107 620 3270 677 ﬂocci
3302 622 3580 692 pendant,

1937 717 2142 783 preter
2196 712 2618 780 divitiasrkob
2672 727 2819 784 quas
2864 711 2926 766 in
2975 710 3196 767 honore
3250 708 3580 782 habentur;

1936 800 2080 874 igni,
2113 806 2177 858 ut
2219 802 2457 874 dicitur,
2490 802 2687 874 ignem
2737 801 3026 870 addendo,
3057 800 3398 872 festumque
3425 801 3581 858 fastu

1933 892 2317 962 cumulando,
2347 908 2413 947 ac
2443 890 2738 947 thesauris
2768 889 2980 946 molem
3020 890 3391 961 apponendo,
3422 889 3581 963 gravi

1932 981 2221 1038 elemento
2251 980 2487 1053 gravius
2535 980 2786 1052 pondus,
2820 980 2892 1034 de
2922 995 3038 1051 quo
3070 979 3265 1052 potius
3309 979 3580 1036 auferen-

1933 1073 2073 1129 dum
2106 1075 2231 1127 erat
2267 1075 2325 1127 et
2370 1070 2826 1142 amputandum,
2859 1085 2963 1124 ceu
2995 1067 3197 1124 morbo
3247 1067 3576 1140 periculoso

1935 1178 2001 1218 ac
2046 1161 2294 1217 letifero.
2329 1160 2393 1215 Ei
2434 1160 2590 1216 enim
2641 1160 2743 1230 qui
2791 1174 2855 1213 se
2901 1155 3129 1213 extollit
3177 1173 3242 1212 ac
3290 1173 3575 1228 magnum

1934 1250 2090 1317 facit,
2123 1249 2382 1306 vicissim
2428 1247 2694 1305 succedit
2734 1246 3021 1303 tumentis
3049 1245 3232 1302 animi
3263 1245 3323 1301 in
3354 1246 3579 1303 humile

1936 1339 2184 1395 mutatio
2217 1355 2283 1395 ac
2316 1354 2512 1403 casus,
2537 1336 2624 1392 uti
2647 1337 2815 1392 docet
2858 1351 3053 1391 sermo
3103 1334 3339 1391 divinus
3362 1335 3416 1390 ίε
3451 1352 3581 1407 pro-

1935 1429 2185 1500 piusque
2215 1428 2288 1484 ad
2327 1426 2757 1483 humanitatem
2804 1424 3097 1490 existimo,
3129 1440 3309 1496 quam
3341 1423 3580 1497 palpare

1935 1517 2333 1586 [illiberaliter]
2368 1516 2579 1573 divites
2611 1516 2692 1587 [et
2738 1511 3018 1571 laudibus
3061 1514 3320 1587 evehere]
3360 1530 3465 1587 pro
3510 1531 3579 1573 eo

1933 1608 2088 1679 quod
2117 1605 2536 1674 malefecerint,
2560 1604 2825 1674 [monitis
2855 1603 3191 1673 subvenire,
3221 1604 3299 1675 et]
3329 1603 3579 1661 salutem

1930 1697 2050 1754 illis
2081 1694 2436 1769 [procurare]
2471 1694 2688 1767 quibus
2726 1691 2853 1749 ﬁeri
2900 1696 3092 1766 potest
3121 1692 3366 1761 mediis;
3400 1693 3578 1750 nimi-

224 1775 397 1832 δυνετὸν
448 1779 652 1855 τρόπον
686 1803 699 1816 ·
758 1786 923 1838 τοῦτο
1006 1784 1101 1857 μὲν
1179 1784 1595 1859 ὲξαιτουμένους
1676 1787 1815 1861 ποιρᾶ

225 1870 320 1887 (λίγ’
424 1872 445 1882 ἰ
483 1870 511 1887 n
546 1864 577 1887 ρ
625 1871 637 1887 1
827 1872 841 1887 \
885 1874 898 1887 ο
922 1869 968 1887 δε
1171 1878 1197 1887 ι.
1281 1877 1291 1887 ι
1439 1879 1467 1887 ..-
1563 1879 1571 1887 .
1800 1877 1812 1887 ι

1930 1804 2060 1843 rum
2101 1792 2279 1843 Deum
2309 1785 2552 1852 orando,
2584 1783 2686 1856 qui
2719 1800 2809 1841 res
2837 1782 3129 1855 ejusmodi
3164 1784 3290 1839 suis
3316 1781 3454 1839 ﬁliis
3486 1783 3580 1838 llr-

222 1870 340 1936 Θεοῦ,
365 1872 449 1921 τοῦ
481 1864 722 1943 βεϐαίως
752 1872 843 1926 καὶ
874 1869 1052 1941 ἡδέως
1104 1878 1223 1937 τοῖς
1278 1877 1472 1930 ἑαυτοῦ
1522 1879 1727 1939 τέκνοις
1755 1877 1822 1931 τά

221 1960 398 2011 τοιαῦτα
449 1960 785 2033 προϊεμένου
819 1980 833 1992 ·
860 1965 1021 2018 τοῦτο
1079 1960 1137 2019 δὶ
1194 1962 1284 2020 διὰ
1323 1971 1425 2035 τῆς
1456 1966 1682 2041 χάριτος
1712 1968 1824 2039 (43)

224 2049 295 2098 τοῦ
338 2051 582 2120 Σωτῆρος
640 2048 909 2122 ἰωμένους
963 2051 1056 2115 τὰς
1115 2054 1296 2129 ψυχὰς
1326 2052 1524 2124 αὐτῶν,
1555 2054 1822 2132 φωτίζον-

221 2136 385 2197 tacui
412 2140 783 2214 προσάγοντας
815 2138 902 2195 ἐπὶ
954 2142 1075 2214 τὴν,
1106 2145 1207 2208 τῆς
1263 2140 1523 2213 ἀληθείας
1577 2150 1767 2214 κτῆσιν
1802 2162 1820 2181 ⁸

221 2223 269 2289 ἧς
304 2224 326 2277 ὁ
363 2226 531 2299 τυχὼν
574 2227 673 2282 καὶ
724 2225 909 2304 ἔργοις
954 2229 1175 2307 ἀγαθοῖς
1205 2230 1680 2307 λαμπρυνάμενος,
1717 2229 1821 2307 μό-

222 2333 289 2372 νος
334 2313 472 2376 οὗτος
520 2312 784 2391 βραϐεῖον
836 2325 937 2388 τῆς
981 2318 1209 2376 αἲωνίου
1261 2326 1406 2392 ζωῆς
1448 2322 1817 2399 ἀναιρήσεται.

223 2400 435 2488 crinitis
455 2405 597 2475 καὶὴ
635 2406 779 2482 εὖχή
832 2411 1017 2483 ψυχῆς
1077 2409 1352 2487 εὐρώστου
1410 2411 1502 2467 καὶ
1559 2410 1816 2488 λιπαρᾶς,

222 2487 318 2563 ἦρι
341 2493 690 2569 τῆςέτιιάτης
717 2496 926 2571 ἡμέρας
957 2502 1054 2553 τοῦ
1088 2498 1211 2573 βίου
1260 2487 1764 2575 συμμεμετρημένη
1798 2519 1815 2536 °

219 2578 284 2631 καὶ
327 2581 557 2638 πολιτεία
604 2582 906 2649 διαθέσεως
958 2592 1208 2665 χρηστῆς
1266 2588 1355 2644 καὶ
1420 2590 1681 2665 νομίμου,
1725 2593 1815 2648 καὶ

223 2667 492 2735 τάσεις-ταῇ
524 2672 783 2737 ἐντολαῖς
809 2680 907 2731 τοῦ
941 2683 1202 2753 Σωτῆρος
1234 2677 1705 2755 έπεκτεινομένης.

272 2937 329 2991 Η.
358 2937 661 2997 Κινδυνεῦει
691 2939 751 2997 δὲ
781 2942 891 3019 οὐχ
921 2942 1130 3001 ἁπλοῦν
1165 2966 1216 3001 τι
1247 2947 1379 3003 εἶναι
1407 2948 1471 3003 τὸ
1500 2947 1673 3005 αἴτιον
1718 2955 1816 3008 τοῦ

225 3024 296 3092 τὴν
321 3030 570 3100 σωτηρίαν
604 3030 1007 3107 χαλεπωτέραν
1036 3041 1153 3100 τοῖς
1189 3035 1486 3093 πλουτοῦσι
1543 3035 1721 3096 δοκεῖν
1778 3042 1815 3113 ἢ

219 3118 302 3174 τοῖς
335 3116 672 3192 ἀχρημάτοις
725 3127 834 3177 τῶν
882 3122 1206 3199 ἀνθρώπων,
1237 3124 1385 3182 ἀλλά
1439 3128 1720 3187 ποικίλον.
1753 3131 1818 3186 Ol.

222 3204 399 3281 μὺγάρ
426 3209 653 3275 αὐτόθεν
706 3212 795 3266 καὶ
840 3195 1156 3288 προχείρως
1206 3215 1528 3280 ἀκούσαντες
1576 3225 1675 3288 τῆς
1717 3224 1815 3276 τοῦ
1847 3195 1889 3262 C

220 3296 423 3395 ξωτῇρος
441 3307 659 3395 φωνῇς,
692 3300 776 3355 ὅτι
824 3325 851 3356 ε
882 3301 1010 3378 ῥᾷον
1037 3303 1295 3376 κάμηλος
1325 3303 1414 3361 διὰ
1450 3310 1809 3383 τρυπήματος

213 3382 386 3458 (lapide:
437 3383 800 3461 διεκδύσεται,
846 3391 881 3460 ἢ
931 3390 1199 3455 πλούσιος
1246 3392 1324 3456 εἷς
1383 3382 1494 3464 τήν
1529 3396 1810 3472 βασιλείαν

212 3474 288 3522 τῶν
313 3474 552 3546 οὐρανῶν,
584 3502 617 3528 ››
654 3478 986 3554 ἀπογνόντες
1017 3481 1238 3545 ἑαυτοὺς
1287 3483 1361 3546 ὡς
1412 3486 1477 3540 οὐ
1534 3486 1810 3560 βιωσόμε-

215 3566 377 3633 vente}
401 3565 586 3639 κόσμῳ
642 3567 816 3622 πάντα
871 3572 1255 3645 χαριζόμενοι,
1286 3580 1374 3627 και
1430 3580 1531 3644 τῆς
1584 3574 1812 3641 ἐνταῦθα

214 3650 321 3739 (ait;
367 3653 433 3715 ὡς
494 3656 678 3725 μόνης
738 3657 952 3721 ἑαυτοῖς
1012 3658 1485 3733 ὑπολειπομένης,
1544 3662 1812 3739 ἐκκρεμα-

217 3735 373 3831 σθὲντες
414 3740 722 3815 ἀπέστησαν
771 3745 941 3802 πλέον
972 3754 1074 3817 τῆς
1101 3747 1215 3804 ἐκεῖ
1246 3746 1397 3819 ὁδοῦ,
1446 3735 1650 3825 μηκέτι
1703 3735 1809 3810 πο-

218 3834 730 3904 θιοπριγμονήσαντες,
779 3836 921 3906 μήτε
992 3837 1143 3899 τίνας
1215 3837 1346 3901 τοὺς
1425 3838 1724 3905 πλουσίους
1780 3844 1809 3898 ὁ

217 3916 431 4017 ὁρατὴς
481 3924 572 3979 καὶ
630 3920 964 3987 διδάσκαλος
1020 3928 1432 4004 προσαγορεύει,
1463 3932 1602 4003 μήτε
1658 3932 1808 3996 ὅπως

215 4004 521 4106 ξόκιὶδῦνατον
573 4011 628 4066 ἐν
669 4012 947 4087 ἀνθρώπῳ
976 4019 1094 4087 Θεῷ
1123 4017 1241 4089 (lli)
1299 4015 1520 4073 δυνατὸν
1579 4020 1806 4091 γίνεται,

229 4094 364 4147 Alio;
412 4095 465 4152 δὲ
503 4105 668 4155 τοῦτο
728 4102 825 4174 μὲν
877 4111 1110 4174 συνῆκαν
1167 4105 1346 4181 ὀρθῶς
1374 4108 1465 4162 καὶ
1495 4114 1807 4185 προσηκόν-

210 4198 303 4252 τως,
328 4189 417 4283 των
462 4185 520 4243 δὲ
569 4188 743 4265 ἔργων
796 4195 904 4245 τῶν
958 4192 1038 4256 εἷς
1066 4195 1168 4263 τήν
1201 4194 1476 4271 σωτηρίαν
1511 4199 1806 4276 ἀναφερόν-

209 4284 282 4319 των
321 4279 855 4351 ὀλιγωρήσαντες,οὐ
907 4284 1373 4355 παρεσκευάσαντο
1420 4287 1520 4355 τὴν
1582 4285 1803 4345 δέουσαν

207 4365 485 4452 ειξατλιευὴν
520 4365 598 4429 εἰς
626 4369 692 4421 τὸ
723 4373 831 4423 τῶν
860 4367 1238 4444 ἐλπιζομένων
1289 4379 1500 4449 τυχεῖν.
1535 4376 1694 4452 Λέγω
1753 4377 1809 4433 δὲ

214 4449 561 4528 ταῦτιέκάτερα
591 4455 682 4511 ἐπὶ
732 4462 840 4512 τῶν
897 4457 1314 4527 πλουσίων,καὶ
1368 4470 1469 4533 τῆς
1530 4449 1808 4539 δυνάμεως

214 4540 282 4590 τοῦ
320 4546 556 4616 Σωτῆρος
610 4548 703 4601 καὶ
748 4554 849 4617 τῆς
901 4548 1192 4627 ἐπιφανοῦς
1259 4554 1530 4628 σωτηρίας
1560 4555 1801 4631 ᾐσθημέ-
1839 4584 1885 4649 D

214 4643 289 4677 νων
316 4646 329 4659 ο
350 4635 442 4684 τῶν
474 4634 720 4706 ἀνοήτων
749 4643 850 4706 τῆς
880 4637 1140 4709 ἀληθείας
1169 4637 1356 4715 ὀλίγον
1390 4664 1483 4715 μοι
1520 4644 1696 4717 μέλει,

268 4804 432 4898 ΓῖΧρή
460 4812 643 4866 τοίνυν
671 4811 804 4874 τοὺς
832 4813 1161 4891 φιλαλήθως
1190 4817 1281 4872 καὶ
1298 4815 1804 4898 φιλαδέλφως(διαυ

219 4893 460 4987 κειμένους)
484 4900 573 4953 καὶ
605 4902 741 4972 μήτε
768 4906 1344 4979 καταθρασυνομένους
1386 4893 1640 4971 αὐθαδῶς
1675 4893 1801 4965 ⁷τῶν

218 4984 434 5039 κλωνίων
481 4987 721 5058 κλητὼν,
757 4994 898 5063 μήτε
957 4991 1021 5047 αὖ
1064 4994 1228 5050 πάλιν
1259 4995 1662 5063 ὑποπίπτοντας
1703 5001 1804 5055 αὖ·
1828 5001 1851 5014 “

344 5069 420 5128 διὰ
478 5077 678 5133 οῗκείαν
746 5078 1150 5157 φιλοκέρδειαν,
1191 5088 1410 5159 πρῶτον
1467 5086 1562 5159 μὲν
1624 5089 1801 5143 αὐτῶν

216 5155 387 5249 ἐξαιρεῖν
408 5170 483 5235 τῷ
511 5166 659 5242 λόγῳ
686 5169 784 5239 τὴν
815 5155 1099 5245 κενὴν(15)
1117 5155 1451 5249 ἀπόγνωσιν,
1469 5155 1564 5231 καὶ
1592 5172 1801 5247 δηλοῦν

219 5248 318 5345 ξιξεί
340 5258 421 5345 τῆς
448 5251 671 5345 δεούσης
703 5257 1011 5334 ἐξηγήσεως
1042 5266 1149 5316 τῶν
1184 5248 1387 5340 λογίων
1416 5265 1514 5319 τοῦ
1575 5266 1802 5339 Κυρίου,

219 5349 320 5388 om:
346 5340 430 5395 οὒκ
456 5343 814 5402 ἁποκέκοπται
844 5348 1030 5403 τέλεον
1062 5350 1248 5416 αὖτοῖς
1274 5354 1309 5422 ἡ
1333 5352 1684 5428 κληρονομία
1699 5362 1802 5425 τῆς

1935 1879 2111 1933 miter
2138 1893 2205 1933 ac
2230 1876 2490 1947 jucunde
2517 1873 2798 1930 fruendae
2826 1871 3109 1946 elargitur
3132 1888 3145 1928 :
3168 1875 3294 1928 tum
3322 1888 3454 1929 vero
3475 1887 3580 1944 per

1930 1967 2182 2040 gratiam
2213 1964 2529 2022 Salvatoris
2577 1979 2781 2020 eorum
2819 1961 3034 2018 animis
3082 1961 3326 2032 mederi,
3357 1960 3579 2017 illumi-

1931 2057 2128 2113 nando
2156 2059 2215 2112 et
2242 2056 2315 2111 ad
2347 2053 2769 2126 capessendam
2801 2052 3106 2108 veritatem
3138 2067 3253 2107 non
3285 2050 3370 2107 eis
3401 2052 3580 2110 duces

1930 2146 2226 2204 offerendo
2251 2160 2264 2201 :
2289 2159 2468 2216 quam
2491 2141 2766 2214 quisquis
2785 2141 3032 2213 adeptus
3063 2139 3259 2211 fuerit,
3290 2140 3579 2213 bonisque

1929 2236 2206 2309 operibus
2227 2232 2517 2300 claruerit,
2542 2231 2705 2288 solus
2733 2231 2861 2287 vitae
2890 2234 3116 2287 αξιοι-ωε
3144 2229 3408 2286 brevium
3437 2247 3580 2303 prai-

1930 2326 2049 2382 mio
2098 2323 2440 2397 reportabit.
2473 2322 2780 2378 Enimvero
2825 2321 3031 2391 oratio,
3076 2337 3205 2393 quae
3252 2319 3453 2392 utique
3502 2321 3574 2377 ad

1927 2420 2254 2473 extremum
2302 2411 2579 2486 spiritum
2610 2412 2821 2468 durare
2867 2410 3059 2477 debet,
3094 2409 3404 2465 robustum
3444 2410 3575 2466 ani-

1926 2522 2088 2563 mum
2109 2509 2288 2576 atque
2310 2518 2582 2560 serenum
2605 2518 2619 2558 :
2639 2498 2961 2581 porro'vitm
2984 2499 3129 2555 ratio
3151 2515 3218 2554 ac
3236 2497 3573 2572 disciplina,

1926 2596 2169 2669 probam
2219 2598 2496 2663 mentem,
2546 2591 2817 2663 aequique
2863 2605 2931 2647 ac
2973 2588 3125 2660 justi
3178 2591 3468 2659 tenacem,
3517 2590 3575 2645 et

1923 2702 2055 2758 qua:
2104 2685 2176 2741 ad
2230 2681 2430 2739 omnia
2483 2679 2800 2736 Salvatoris
2852 2680 3141 2750 praecepta
3194 2675 3567 2747 extendatur,

1922 2775 2196 2849 postulat.

1995 2866 2066 2921 ll.
2093 2866 2262 2921 Forte
2292 2865 2489 2918 autem
2510 2876 2626 2916 non
2652 2874 2838 2915 unum
2862 2856 3002 2929 quid
3032 2853 3281 2926 simplex
3299 2856 3389 2911 est
3408 2852 3565 2925 quod

1924 2953 2081 3021 facit,
2107 2956 2173 3009 ut
2200 2950 2611 3023 opulentorum
2654 2946 2816 3004 salus
2844 2943 3142 3003 difﬁcilior
3166 2949 3447 3017 appareat
3472 2958 3567 2998 sa-

1924 3043 2045 3099 lute
2102 3056 2441 3115 egenorum,
2484 3038 2586 3094 sed
2639 3036 2851 3093 diversi
2901 3033 3133 3107 generis
3191 3033 3372 3105 hujus
3419 3030 3565 3087 ratio

1925 3130 2232 3189 exstiterit.
2286 3129 2399 3185 Alii
2455 3128 2611 3184 enim
2672 3125 2889 3183 auditis
2945 3123 3158 3198 raptim
3215 3127 3275 3178 et
3329 3121 3566 3193 perfun~

1925 3221 2106 3278 ctorie
2144 3219 2264 3275 illis
2295 3218 2526 3275 Domini
2576 3215 2894 3273 Salvatoris
2938 3212 3183 3270 vocibus
3213 3229 3227 3269 :
3253 3233 3281 3263 «
3313 3207 3566 3267 Facilius

1917 3315 2008 3368 est
2035 3308 2323 3370 camelum
2351 3325 2455 3381 per
2498 3307 2761 3364 foramen
2791 3322 2933 3361 acus
2961 3303 3234 3373 transire,
3265 3317 3443 3373 quam
3476 3299 3564 3356 di-

1916 3401 2095 3457 vitem
2146 3400 2364 3455 intrare
2410 3398 2471 3452 in
2520 3411 2766 3468 regnum
2814 3393 3091 3450 caelorum
3116 3393 3161 3460 ³,
3207 3413 3237 3442 ››
3297 3390 3564 3445 animum

1918 3489 2350 3562 despondentes
2378 3485 2551 3558 quasi
2573 3486 2753 3542 vitam
2806 3483 3051 3539 minime
3082 3479 3478 3547 consecuturi,
3510 3481 3569 3535 et

1920 3584 2202 3649 tanquam
2254 3592 2511 3649 praesens
2542 3574 2663 3629 haec
2690 3574 2811 3629 vita
2850 3571 2975 3629 sola
3025 3570 3141 3627 illis
3189 3569 3418 3640 reliqua
3463 3567 3564 3637 sit,

1918 3667 2081 3723 illius
2112 3665 2402 3723 desiderio
2430 3663 2726 3736 suspensi,
2750 3661 2986 3734 longius
3018 3678 3051 3716 a
3082 3662 3173 3717 via
3203 3676 3330 3731 quas
3360 3658 3419 3714 in
3452 3672 3564 3712 cm-

1918 3756 2042 3813 lum
2075 3756 2255 3827 ducit,
2288 3755 2673 3820 diverterunt,
2704 3769 2777 3808 ne
2816 3750 3278 3823 pervestigantes
3320 3746 3562 3820 quidem

1917 3846 2191 3916 serieque
2221 3848 2535 3917 pensantes
2563 3857 2854 3914 quosnam
2884 3838 3170 3896 Dominus
3195 3841 3254 3893 et
3281 3836 3566 3906 magister

1917 3934 2174 4007 appellet
2217 3933 2446 3999 divites,
2475 3948 2540 3987 ac
2589 3946 2695 3987 nec
2741 3930 3036 4003 quomodo
3083 3926 3238 4000 apud
3292 3924 3562 3981 homines

1918 4023 2280 4096 impossibile
2303 4023 2415 4079 Deo
2447 4023 2526 4078 sit
2557 4020 2855 4094 possibile.
2877 4019 2989 4075 Alii
3009 4034 3163 4085 vero,
3186 4016 3297 4073 hoc
3326 4015 3563 4088 quidem

1919 4121 2071 4170 recte
2118 4114 2643 4183 convenienterque
2690 4109 3129 4175 intellexerunt;
3165 4105 3446 4179 neglectis
3473 4108 3561 4161 ta-

1918 4219 2051 4259 men
2083 4218 2211 4274 quaa
2242 4202 2313 4257 ad
2347 4200 2598 4257 salutem
2629 4203 2917 4272 spectant,
2948 4197 3246 4270 operibus,
3269 4198 3560 4267 quantum

1921 4308 2022 4363 par
2050 4295 2175 4346 erat
2212 4294 2558 4361 apparatum
2610 4304 2724 4343 non
2771 4287 3051 4354 iecerunt,
3087 4289 3152 4339 ut
3195 4298 3397 4340 eorum
3431 4297 3558 4353 qum

1915 4380 1976 4435 in
2026 4397 2129 4453 spe
2173 4380 2366 4451 posita
2412 4382 2569 4444 sunt,
2603 4380 2903 4449 compotes
2954 4374 3344 4431 efﬁcerentur.
3370 4370 3560 4428 Ambo

1918 4468 2038 4525 haec
2070 4470 2224 4524 dicta
2257 4485 2287 4521 a
2320 4483 2409 4522 me
2449 4471 2589 4521 sunt
2619 4466 2688 4521 de
2722 4463 3023 4530 divitibus,
3059 4461 3277 4532 quibus
3306 4465 3445 4516 nota
3472 4463 3563 4515 est

1916 4563 1972 4614 et
2002 4559 2189 4613 virtus
2230 4555 2548 4612 Salvatoris
2579 4560 2637 4609 et
2668 4552 2918 4608 illustris
2965 4552 3158 4621 salus;
3189 4550 3261 4606 de
3292 4549 3425 4605 aliis
3455 4565 3560 4621 pa-

1916 4663 2047 4702 rum
2079 4662 2239 4707 curo,
2274 4644 2489 4719 quibus
2521 4646 2587 4698 ut
2616 4640 3029 4713 intelligerent,
3060 4638 3325 4698 veritatis
3357 4637 3562 4696 radius

1916 4752 2032 4792 non
2064 4733 2306 4790 all'ulsit.
3143 4741 3147 4746 '

1986 4823 2089 4879 ΙΙΙ.
2113 4822 2289 4878 Decet
2306 4837 2443 4893 ergo
2467 4824 2531 4876 ut
2551 4820 2652 4893 qui
2674 4818 2935 4876 veritatis
2965 4819 3333 4890 fratrumque
3362 4833 3562 4876 amore

1913 4917 2250 4981 teneantur,
2277 4911 2493 4983 quippe
2520 4926 2624 4967 nec
2656 4909 2985 4982 petulanter
3014 4910 3332 4982 insurgunt
3369 4909 3431 4965 in
3471 4907 3560 4964 di-

1913 5003 2059 5058 vites
2108 5001 2207 5073 qui
2254 5000 2442 5056 vocati
2491 5003 2631 5055 sunt
2659 4998 2723 5071 (ἰ.
2755 5015 2801 5055 c.
2836 4998 3176 5070 Christiani)
3208 5013 3399 5070 neque
3427 5012 3561 5053 vero

1899 5091 2059 5159 lucri
2091 5090 2311 5163 proprii
2354 5106 2532 5146 causa
2561 5105 2797 5146 rursum
2848 5088 2967 5145 illis
2997 5092 3406 5158 assentantur;
3438 5086 3560 5160 pri-

1915 5198 2074 5236 mum
2107 5180 2345 5252 quidem
2380 5196 2448 5236 ex
2477 5196 2682 5236 eorum
2713 5179 2927 5236 animis
2959 5179 3118 5236 verbi
3150 5176 3561 5249 praedicatione

1913 5271 2171 5325 eximant
2202 5270 2437 5325 inanem
2478 5273 2733 5337 metum;
2766 5284 3144 5341 congruaque
3184 5264 3558 5323 oraculorum

1912 5359 2145 5415 Domini
2178 5360 2538 5432 expositione
2578 5358 2800 5431 liquido
2831 5359 3163 5429 ostendant,
3187 5357 3253 5422 >11
3280 5372 3396 5421 non
3426 5370 3558 5413 om-

266 5460 313 5521 ιι-
336 5457 387 5512 Ρ.
413 5462 513 5516 9‘26
543 5463 646 5519 ΕΙ).
681 5466 983 5524 POTTER.
1057 5471 1072 5504 ¹
1103 5470 1312 5528 Matth.
1345 5489 1507 5541 xxm,
1544 5477 1629 5530 12.
1709 5475 1728 5509 ⁸
1758 5475 1811 5533 Μ

1926 5494 1961 5532 ι.
1997 5494 2112 5543 XIX,
2154 5479 2244 5533 24.
2320 5477 2383 5541 ’κ
2414 5479 2472 5534 Ρ.
2505 5479 2611 5533 927
2643 5477 2754 5533 ED.
2789 5476 3090 5533 POTTER.

383 5574 594 5663 ξιξτῆς
624 5579 749 5663 χάρέ
776 5584 1103 5657 Interponit
1135 5602 1272 5656 ms.,
1296 5585 1464 5661 λέγω.
1494 5592 1660 5647 Pana.
1744 5638 1747 5649 .

280 5642 367 5715 (14)
393 5650 519 5720 θεῷ.
550 5642 707 5709 Η.’ἷο’
728 5670 844 5714 ms.
882 5642 963 5713 in:

1981 5592 2095 5666 (45)
2124 5593 2293 5663 Κενήν
2328 5593 2555 5665 Καινήν,
2588 5609 2697 5650 ms.
2729 5592 2895 5651 FELL.
