4006 6200
372 339 482 396 607

1608 326 2017 385 cunnus
2053 325 2553 415 ALEXANDRINI

3676 326 3799 384 608

374 461 514 518 nino
547 456 818 529 repulsos
843 470 943 512 eos
978 453 1050 510 ab
1080 451 1418 509 haereditate
1447 451 1609 524 regni
1640 450 1946 516 ccelorum,
1979 448 2028 505 si

2156 447 2425 513 Βασιλείας
2470 454 2579 506 τῶν
2626 449 2893 528 οὐρανῶν,
2927 449 3016 506 ἐὰν
3072 446 3421 506 ὑπακούσωσι
3469 452 3588 513 ταῖς
3636 447 3806 506 ἐντο-

372 550 546 606 modo
563 547 719 603 dicto
743 545 1053 600 audientes
1074 543 1196 598 sint
1217 547 1280 598 ut
1297 543 1575 598 mandata
1595 537 2027 611 exsequantur;

371 638 584 696 deinde
615 635 995 702 admoneant,
1024 631 1228 687 timere
1281 647 1380 687 eos
1413 632 1511 687 ubi
1552 630 1752 686 nullus
1783 626 2031 684 timendi

372 728 562 794 locus,
591 740 807 796 eosque
834 722 935 795 qui
956 721 1160 792 velint,
1187 721 1500 777 Dominum
1525 721 1751 792 placide
1772 717 2032 789 suscipe-

367 833 466 873 re:
502 820 750 885 tumque
784 814 856 868 ad
889 813 1010 868 hac
1045 812 1356 868 ostendere
1388 814 1446 865 et
1475 810 1848 866 institutione
1879 815 2030 863 cate-

374 905 600 962 chetica
623 905 830 959 docere
859 919 962 971 par
983 901 1114 968 erit,
1132 917 1249 972 qua
1273 915 1484 971 nempe
1505 899 1727 954 ratione
1747 897 2031 968 quibusve

375 994 653 1066 operibus
685 993 901 1064 pariter
945 989 1366 1060 at‘fectibusque
1400 1004 1535 1060 spes
1567 987 1782 1055 alatur,
1805 990 1871 1040 ut
1900 1001 2029 1055 qua

374 1099 480 1139 nec
511 1082 630 1138 illis
653 1082 892 1136 omnino
922 1085 1130 1150 negata
1160 1079 1260 1144 sit,
1288 1093 1395 1133 nec
1418 1094 1625 1133 rursus
1654 1080 1872 1130 temere
1905 1072 2032 1127 nul-

364 1172 546 1244 loque
596 1170 854 1226 hominis
907 1175 1120 1225 conatu
1171 1167 1465 1223 obveniat.
1498 1168 1603 1221 Sed
1654 1165 1810 1220 sicut
1857 1179 1920 1218 se
1967 1163 2027 1216 in

370 1260 610 1318 athletis
640 1277 731 1316 res
781 1259 1078 1327 habet(ut
1109 1273 1286 1328 parva
1337 1261 1392 1311 et
1441 1252 1844 1325 corruptibilis
1894 1267 2026 1306 cum

371 1349 605 1422 magnis
626 1354 682 1405 et
697 1344 1248 1418 incorruptibilibus
1262 1342 1679 1414 conferamus),
1696 1343 1777 1396 ita
1794 1355 2030 1413 quoque

373 1441 435 1496 in
467 1439 595 1510 ipso
624 1437 965 1509 contingere
996 1433 1212 1506 cogitet
1243 1434 1341 1506 qui
1395 1431 1590 1488 seaculi
1623 1431 1834 1503 opibus
1867 1430 2029 1484 dives

372 1533 485 1584 est.
510 1528 736 1583 Etenim
767 1526 1103 1598 quicunque
1127 1524 1198 1578 de
1226 1524 1470 1580 victoria
1500 1527 1558 1578 et
1588 1537 1804 1578 corona
1823 1519 2030 1590 despe-

375 1617 610 1682 raverit,
633 1616 687 1672 is
719 1631 826 1671 nec
858 1613 1098 1670 omnino
1123 1616 1188 1667 ut
1217 1612 1278 1667 in
1309 1628 1544 1668 arenam
1567 1613 1907 1683 descendat,
1932 1631 2030 1669 no-

378 1723 514 1763 men
547 1705 802 1771 dederit;
848 1703 947 1774 qui
996 1718 1130 1758 vero
1163 1701 1315 1756 hanc
1363 1702 1488 1773 ipse
1540 1702 1780 1772 quidem
1831 1704 2030 1760 animo

2139 537 2282 604 λαῖς·
2317 541 2415 594 εἷθ’
2447 540 2932 615 ὑπομνημονεῦσαι
2964 541 3076 614 (16)
3108 541 3184 602 ὡς
3214 536 3367 601 ἀδεὲς
3398 536 3601 594 δεδίασι
3648 537 3804 610 δέος,

2137 628 2227 681 καὶ
2259 627 2341 683 ὅτι
2379 629 2756 704 βουλομένους
2790 627 2984 692 αὐτοὺς
3024 630 3052 683 6
3085 630 3282 704 Σωτὴρ
3333 627 3581 701 ἀσμένως
3636 626 3805 704 δέχε-

2136 733 2271 771 ται·
2302 716 2425 772 τότε
2453 717 2544 772 καὶ
2595 715 3007 790 προσδεικνύναι
3057 716 3146 771 καὶ
3209 721 3587 792 μυσταγωγεῖν
3642 716 3804 779 ὅπως

2137 803 2199 859 ἂν
2231 806 2322 860 καὶ
2355 803 2424 860 δι’
2455 804 2590 861 οτίων
2624 804 2794 882 ἔργων
2813 827 2871 860 τε
2900 807 2991 860 καὶ
3024 802 3310 860 διαθέσεων
3339 803 3650 877 ἐπαίροιντο
3684 808 3808 879 (17)

2136 893 2203 947 τὰ
2229 900 2332 962 τῆς
2365 891 2607 967 ἐλπίδος,
2633 895 2708 956 ὡς
2742 891 2855 948 οὔτ’
2884 890 3181 968 ἀμηχάνου
3212 893 3560 962 καθεστώσης
3591 892 3808 966 αὐτοῖς,

2139 981 2263 1039 οὔτε
2282 984 2590 1039 τούναντίον
2618 985 2738 1054 είκῆ
2781 985 3210 1059 περιγινομένης
3245 1003 3252 1011 ·
3283 981 3412 1038 ἀλλ’
3455 982 3618 1058 ὅνπερ
3665 985 3806 1058 τρό-

2137 1094 2239 1129 πον
2296 1069 2412 1149 ἔχει
2473 1075 2536 1129 τὸ
2590 1078 2700 1128 τῶν
2731 1071 3012 1143 ἀθλητῶν,
3043 1070 3136 1126 ’ίνα
3189 1074 3361 1146 μικρὰ
3413 1072 3502 1126 καὶ
3559 1071 3810 1148 ἐπίκηρα

2144 1161 2403 1238 μεγάλοις
2435 1163 2524 1217 καὶ
2558 1163 2853 1238 ἀφθάρτοις
2907 1155 3340 1235 παραϐάλωμεν,
3370 1160 3522 1215 τουτὶ
3573 1161 3663 1216 καὶ
3717 1153 3807 1239 ἐφ’

2139 1256 2314 1327 ἑαυτῷ
2346 1257 2374 1310 6
2405 1255 2541 1310 κατά
2597 1255 2800 1327 κόσμον
2859 1252 3116 1309 πλουτῶν
3167 1252 3491 1327 λογιζέσθω.
3525 1253 3628 1310 Καὶ
3690 1253 3805 1328 γὰρ

2138 1343 2356 1400 ἐκείνων
2417 1346 2444 1400 ὁ
2489 1346 2584 1417 μὲν
2634 1344 2718 1398 ὅτι
2803 1339 3089 1413 δυνήσεται
3139 1347 3310 1414 νικᾷν,
3369 1341 3458 1396 καὶ
3515 1343 3804 1416 στεφάνων

2137 1433 2428 1511 τυγχάνειν
2500 1433 2826 1503 ἀπελπίσας,
2873 1430 2992 1488 οὐδ’
3039 1431 3188 1495 ὅλως
3262 1431 3350 1487 ἐπὶ
3406 1448 3505 1500 την
3559 1430 3810 1502 ἄθλησιν

2137 1524 2485 1600 ἀπεγράψατο
2518 1542 2530 1556 ·
2565 1525 2594 1578 6
2643 1521 2702 1578 δὲ
2745 1522 2947 1593 ταύτην
3012 1523 3107 1597 μὶν
3141 1517 3520 1596 ἐμϐαλόμενος
3547 1525 3618 1596 τῇ
3646 1522 3803 1596 γνώ-

2143 1636 2219 1689 μῃ
2267 1615 2367 1683 τὴν
2418 1611 2640 1686 ἐλπίδα,
2670 1613 2867 1674 πόνους
2898 1609 3069 1667 δὲκαὶ
3123 1612 3330 1689 τροφὰς
3376 1611 3465 1666 καὶ
3521 1612 3810 1685 γυμνάσια

2143 1705 2219 1776 μὴ
2261 1701 2622 1779 προσιέμενος
2673 1701 3042 1780 προσφόρους,
3072 1700 3448 1776 ἀστεφάνωτος
3504 1696 3806 1776 διεγένετο,

378 1811 544 1867 spem
575 1793 926 1863 conceperit,
959 1791 1189 1847 labores
1219 1795 1415 1847 tamen
1447 1795 1505 1846 et
1534 1792 1695 1847 cibos
1724 1797 1783 1848 et
1812 1794 2030 1848 exerci-

2156 1792 2228 1848 ιαὶ
2258 1789 2526 1868 διήμαρτε
2549 1795 2657 1847 τῶν
2693 1788 2955 1847 ἐλπίδων.
2987 1790 3146 1847 Οὕτω
3174 1811 3258 1852 τις
3287 1789 3378 1843 καὶ
3408 1789 3508 1858 τὴν
3546 1788 3805 1864 ἐπίγειον

376 1884 630 1940 tationes
661 1881 720 1937 in
747 1897 874 1936 eam
900 1896 1021 1936 rem
1053 1896 1344 1952 congrues
1375 1897 1491 1935 non
1515 1880 1798 1952 admittit,
1817 1898 2029 1939 corona

380 1973 700 2028 indonatus
729 1974 942 2039 manet,
963 1987 1030 2025 ac
1060 1986 1195 2040 spes
1217 1969 1382 2024 illum
1414 1969 1698 2025 frustrata
1717 1975 1825 2026 est.
1859 1972 1953 2028 Sic
1974 1977 2031 2028 et

382 2061 652 2134 quisquis
681 2058 931 2115 terrenis
979 2058 1190 2129 opibus
1238 2058 1447 2127 afﬂuit,
1479 2063 1680 2115 caveat
1710 2074 1782 2115 ne
1812 2077 1875 2117 se
1903 2061 2029 2134 ipse

383 2152 643 2224 primum
675 2167 708 2204 a
737 2148 1053 2204 Salvatoris
1083 2147 1503 2203 certaminibus
1533 2149 1910 2222 praemiisque
1939 2169 2030 2208 ex-

383 2241 613 2297 clusum
645 2239 845 2303 ducat,
873 2238 1044 2292 modo
1084 2235 1274 2291 ﬁdelis
1305 2236 1571 2306 exsistat,
1591 2254 1658 2294 ac
1689 2238 1897 2294 divinae
1932 2240 2029 2296 bo-

383 2329 586 2385 nitatis
620 2325 1089 2399 magnitudinem
1140 2323 1462 2396 intelligat;
1497 2343 1600 2382 nec
1633 2344 1841 2383 rursus
1871 2328 2032 2384 nulla

381 2416 794 2475 exercitatione
825 2414 1106 2486 nulloque
1136 2415 1454 2470 certamine
1481 2415 1688 2485 posito,
1719 2417 1868 2472 citra
1897 2417 2032 2490 pul-

382 2523 575 2564 verem
606 2509 785 2577 atque
805 2505 1075 2560 sudorem
1106 2503 1571 2566 immortalitatis
1602 2521 1665 2560 se
1695 2521 1911 2562 corona
1933 2508 2032 2563 do-

384 2596 646 2653 nandum
678 2599 898 2666 speret,
920 2593 1022 2649 sed
1055 2609 1117 2648 se
1137 2593 1328 2648 Verbo
1349 2594 1542 2649 tradat
1571 2609 1636 2648 ac
1667 2594 1879 2650 rationi
1908 2599 2034 2651 tan-

383 2701 565 2758 quam
598 2683 882 2756 palaestraa
926 2682 1228 2753 magistro,
1261 2681 1610 2754 Christoque
1642 2685 2030 2739 certaminum

379 2773 616 2848 praesidi
649 2772 946 2844 subjiciat.
979 2770 1158 2826 Cibus
1200 2769 1286 2824 illi
1335 2786 1401 2826 ac
1435 2777 1610 2842 potus
1642 2772 2030 2842 praestitutus,

381 2864 606 2920 Novum
630 2861 862 2920 Domini
885 2861 1361 2927 Testamentum;
1382 2860 1855 2931 exercitamenta,
1871 2879 2035 2919 man-

381 2954 547 3022 data;
583 2955 824 3008 ornatus
856 2967 922 3006 ac
963 2948 1179 3015 cultus,
1203 2950 1364 3004 bona:
1397 2949 1577 3004 animi
1609 2951 1942 3008 affectiones
1967 2970 2033 3009 ac

2137 1877 2614 1956 περιϐεϐλημένος
2655 1875 2984 1957 περιϐολὴν,
3022 1882 3160 1952 μήτε
3206 1879 3307 1947 τὴν
3363 1877 3540 1954 ἀρχὴν
3602 1879 3801 1933 ἑαυτὸν

2140 1969 2322 2027 ἄθλων
2352 1975 2461 2027 τῶν
2495 1977 2756 2046 Σωτῆρος
2790 1969 3190 2046 ἐκκηρυσσέτω,
3222 1967 3417 2030 πιστός
3459 1989 3522 2043 γε
3567 1964 3668 2039 ὣν,
3701 1968 3801 2022 καὶ

2136 2061 2200 2117 τὸ
2235 2058 2521 2136 μεγαλεῖον
2560 2062 2802 2135 συνορῶν
2830 2064 2934 2128 τῆς
2981 2061 3082 2113 τοῦ
3133 2059 3267 2111 Θεοῦ
3327 2054 3752 2134 φιλανθρωπίας
3783 2075 3802 2089 °

2136 2153 2282 2223 ’μήτε
2315 2150 2422 2223 μὴν
2452 2147 2604 2213 αὖθις
2655 2147 2957 2218 ἀνάσκητος
3009 2145 3099 2202 καὶ
3157 2145 3519 2219 ἀναγώνιστος
3581 2145 3805 2218 μείνας,

2140 2238 2348 2295 ἀκονιτῖ
2393 2235 2689 2313 κάνιδρωτὶ
2719 2241 2825 2292 τῶν
2856 2235 3129 2312 στεφάνων
3161 2240 3262 2303 τῆς
3302 2232 3599 2312 ἀφθαρσίας
3631 2232 3803 2288 {Am-

2145 2328 2277 2398 ζέτω
2313 2321 2638 2402 μεταλαϐεῖν
2676 2345 2687 2358 ο
2723 2323 2849 2380 ἀλλ’
2881 2323 3040 2379 αὐτὸν
3073 2318 3399 2378 ὑποϐαλέτω
3431 2323 3606 2400 φέρων
3656 2344 3807 2396 γυμ-

2140 2421 2307 2492 ναστῇ
2340 2419 2447 2490 (18)
2485 2417 2579 2489 μέν
2606 2419 2684 2488 τῷ
2717 2413 2902 2489 Λόγῳ,
2936 2412 3243 2489 ἀγωνοθέτῃ
3290 2410 3349 2467 δὲ
3387 2417 3466 2484 τῷ
3517 2415 3738 2487 Χριστῷ
3775 2430 3792 2445 ο

2138 2507 2316 2584 τροφή
2350 2503 2408 2560 δὲ
2437 2504 2585 2578 αὐτῷ
2613 2505 2705 2559 καὶ
2733 2505 2900 2558 ποτὸν
2929 2501 3162 2578 γενέσθω
3186 2500 3506 2578 τεταγμένον
3539 2503 3574 2571 ἡ
3618 2501 3802 2570 Καινή

2141 2597 2385 2667 Διαθήκη
2443 2599 2540 2650 τοῦ
2593 2593 2838 2669 Κυρίου·
2871 2593 3138 2670 γυμνάσια
3197 2589 3256 2646 δὲ
3310 2589 3549 2660 ἐντολαὶ,
3593 2588 3807 2665 εὐσχη-

2146 2683 2354 2758 μοσύνη
2407 2681 2464 2738 δὲ
2518 2682 2609 2737 καὶ
2658 2681 2866 2755 κόσμος
2921 2681 2977 2735 αἱ
3035 2678 3199 2736 καλαὶ
3251 2677 3535 2751 διαθέσεις,
3584 2679 3805 2754 ἀγάπη,

2141 2773 2348 2845 πίστις,
2381 2771 2558 2841 ἐλπὶς,
2585 2774 2786 2846 γνῶσις
2841 2769 3126 2840 ἀληθείας,
3163 2767 3490 2842 [ἐπιείκεια,]
3519 2768 3806 2844 πραότης,

2143 2860 2538 2937 εὖσπλαγχνία,
2594 2857 2883 2934 σεμνότης,
2937 2857 3046 2930 ἳνα,
3080 2856 3204 2912 ὅταν
3264 2855 3468 2933 ἐσχάτῃ
3527 2854 3803 2934 σάλπιγγι

2147 2953 2484 3025 ὑποσημήνῃ
2530 2952 2626 3004 τοῦ
2684 2946 2895 3024 δρόμου
2935 2946 3026 3002 καὶ
3065 2954 3164 3017 τῆς
3191 2944 3427 3002 ἐντεῦθεν
3459 2943 3666 3017 ἐξόδου,
3701 2967 3810 3001 κα-

381 3042 582 3109 dotes;
616 3040 782 3107 ﬁdes,
817 3055 975 3110 spes,
1007 3037 1287 3103 charitas,
1317 3037 1436 3092 veri
1466 3040 1720 3110 cognitio
1745 3040 2030 3113 [benigni-

2156 3040 2312 3114 3a'msp
2345 3039 2404 3095 ἐκ
2435 3036 2657 3094 σταδίου
2698 3041 2796 3092 τοῦ
2851 3037 2976 3111 βίου
3011 3037 3128 3109 μετ’
3156 3037 3364 3111 ἀγαθοῦ
3408 3037 3505 3090 τοῦ
3553 3033 3806 3091 συνειδό-

379 3131 514 3203 tas],
566 3129 801 3195 lenitas,
848 3128 1275 3194 misericordia,
1325 3127 1595 3195 castitas;
1631 3134 1697 3183 ut
1745 3146 1877 3184 cum
1927 3148 2030 3185 no-

2156 3151 2240 3192 τος
2269 3133 2348 3200 τῷ
2379 3126 2647 3201 ἀθλοθέτῃ
2681 3129 2930 3201 παρακτῇ
2989 3125 3306 3203 νικηφόρος,
3341 3123 3812 3199 ὡμολογημένους

381 3219 628 3275 vissima
657 3218 802 3273 tuba
831 3216 1073 3272 ineundi
1103 3232 1314 3272 cursus
1338 3215 1572 3288 signum
1605 3217 1833 3274 dederit
1859 3223 2030 3292 atque

2156 3227 2245 3289 τῆς
2299 3217 2407 3274 ἅνω
2457 3213 2718 3293 πατρίδος
2761 3189 2943 3286 ¹ὀὶξιος,
2975 3214 3050 3277 εἰς
3185 3189 3320 3288 μετὰ
3375 3189 3646 3292 στεφάνων
3709 3215 3814 3269 καὶ

380 3308 516 3364 hinc
547 3305 877 3378 emigrandi
912 3303 1071 3360 velut
1119 3304 1308 3360 stadio
1333 3305 1372 3376 ί,
1406 3321 1476 3360 ex
1505 3306 1737 3363 mortali
1770 3307 1879 3364 hac
1901 3309 2030 3379 vita,

2156 3306 2518 3384 κηρυγμάτων
2553 3303 2860 3380 ἀγγελικῶν
2895 3303 3276 3380 ἐπανέρχεται.

380 3398 536 3453 bona
581 3396 768 3450 fretus
817 3393 1198 3461 conscientia,
1246 3393 1635 3450 certaminum
1687 3399 1921 3467 praesidi
1971 3401 2160 3458 victor
2210 3402 2622 3472 praesentetur,
2685 3395 2912 3452 caelesti
2967 3395 3161 3468 palam
3210 3395 3426 3468 dignus
3474 3395 3682 3467 patria,
3741 3395 3812 3452 in

382 3501 558 3560 quam
591 3483 843 3550 coronis,
877 3481 1337 3554 angelorumque
1363 3484 1650 3554 praeconio
1683 3502 1748 3540 ac
1782 3487 1992 3558 plausu
2021 3492 2277 3548 donatus
2307 3487 2632 3544 revertitur.

445 3575 601 3632 886
616 3572 707 3629 IV.
722 3570 1022 3643 Detigitur
1035 3570 1203 3626 nobis
1217 3569 1726 3642 Salvator,uthinc
1739 3576 2030 3635 ordientes

2217 3583 2290 3634 A’.
2323 3573 2453 3644 Δοίη
2511 3572 2693 3628 τοίνυν
2751 3575 2888 3646 ἡμῖν
2938 3573 2967 3627 6
3013 3571 3230 3645 Σωτὴρ,
3263 3569 3500 3635 ἐντεῦθεν
3560 3569 3810 3646 ἀρξαμέ-

383 3677 882 3729 sermonem,vera
905 3664 963 3716 et
983 3660 1407 3732 convenientia,
1422 3678 1670 3734 quaeque
1690 3665 1763 3719 ad
1788 3665 2030 3723 fratrum

2156 3687 2262 3730 νοις
2301 3668 2398 3721 τοῦ
2430 3663 2626 3738 λόγου,
2655 3659 2871 3733 τάληθῆ
2903 3662 2992 3717 καὶ
3021 3660 3089 3716 τὰ
3117 3661 3396 3735 πρέποντα
3422 3658 3514 3715 καὶ
3563 3661 3630 3715 τὰ
3687 3681 3808 3716 σω-

382 3752 639 3810 salutem
666 3749 910 3814 faciunt,
936 3750 1339 3818 conferamus;
1375 3750 1631 3821 primum
1654 3753 1726 3808 de
1751 3771 1854 3826 spe
1886 3755 2030 3828 ipsa,

2156 3757 2311 3830 εήρια
2341 3748 2714 3826 συμϐαλέσθαι
2743 3756 2862 3813 τοῖς
2893 3748 3172 3828 ἀδελφοῖς,
3205 3747 3342 3826 πρός
3377 3769 3438 3804 τε
3485 3750 3581 3819 τήν
3643 3747 3810 3804 ἐλπί-

385 3842 596 3900 deinde
625 3840 699 3895 iis
730 3855 860 3910 qua:
884 3838 955 3893 ad
992 3854 1154 3910 spem
1176 3840 1532 3894 conducunt.
1562 3839 1664 3896 Ille
1688 3843 1924 3914 quidem
1947 3843 2030 3899 in-

2156 3841 2215 3899 δα
2243 3846 2460 3919 πρῶτον
2494 3840 2680 3910 αὐτὴν,
2712 3838 2803 3894 καί
2842 3837 3090 3914 δεύτερον
3124 3838 3260 3915 πρὸς
3289 3840 3389 3908 τήν
3418 3842 3519 3905 τῆς
3575 3836 3810 3903 ἐλπίδος

385 3929 729 4002 digentibus
750 3927 1020 3999 largitur,
1048 3928 1335 3999 docetque
1360 3933 1654 4002 rogantes,
1679 3949 1849 4004 porro
1873 3933 2030 4006 igno-

2156 3931 2538 4008 προσαγωγήν.
2568 3930 2630 3987 Ὁ
2664 3925 2730 3997 δὴ
2762 3928 3045 4005 χαρίζεται
3063 3925 3366 4001 δεομένοις,
3395 3927 3490 3982 καὶ
3518 3926 3811 3992 αἰτοῦντας

386 4018 638 4075 rantiam
686 4015 877 4087 solvit,
907 4021 1084 4088 atque
1119 4019 1587 4089 desperationem
1628 4022 1875 4077 excutit:
1911 4039 2030 4079 eos-

2156 4020 2388 4078 Βιδάσκει
2421 4038 2435 4052 ⁶
2469 4017 2588 4074 λύει
2645 4039 2705 4073 τε
2761 4020 2860 4088 τὴν
2911 4015 3154 4092 ἄγνοιαν,
3185 4018 3274 4072 καὶ
3329 4018 3429 4085 τὴν
3487 4015 3808 4091 ἀπόγνωσιν

388 4111 525 4166 dem
549 4123 755 4163 rursus
773 4107 844 4162 de
861 4106 1144 4161 divitibus
1162 4121 1462 4162 sermones
1483 4107 1791 4176 inducens,
1805 4111 1906 4182 qui
1927 4112 2030 4182 ipsi

2156 4109 2476 4181 ἀποσείεται,
2508 4107 2637 4170 τοὺς
2669 4105 2867 4170 αὐτοὺς
2914 4106 3079 4162 πάλιν
3141 4104 3372 4182 εἰσάγων
3421 4105 3616 4182 λόγους
3671 4104 3810 4180 περὶ

391 4196 1092 4269 seipsosinterpretantur
1113 4199 1359 4266 tutoque
1377 4201 1690 4267 exponant.
1708 4198 2030 4257 Nihilenim

2156 4206 2253 4257 τῶν
2285 4197 2567 4255 πλουσίων
2597 4196 2799 4251 ἐαυτῶν
2828 4196 3100 4271 ἑρμηνέας
3157 4194 3480 4272 γινομένους
3536 4194 3625 4249 καὶ
3672 4193 3815 4266 ἐξη-

389 4287 475 4345 sic
487 4287 679 4358 juvet,
697 4301 764 4340 ac
799 4285 926 4356 ipsa
949 4299 1154 4338 rursus
1178 4284 1381 4339 audire
1401 4284 1732 4358 verba,quae
1761 4287 1821 4343 in
1853 4293 2030 4346 Evan-

2156 4291 2319 4367 γητάς
2351 4289 2627 4367 ἀσφαλεῖς.
2659 4282 2830 4343 Οὐδὲν
2881 4286 2985 4361 γὰρ
3033 4285 3147 4340 οἷον
3197 4283 3373 4339 αὐτῶν
3426 4283 3574 4345 αὖθις
3631 4283 3814 4338 ἀκοῦ-

391 4375 539 4451 gelis
568 4371 847 4446 exposita,
874 4388 978 4427 nec
1001 4372 1166 4442 justo
1190 4373 1336 4429 satis
1361 4373 1630 4430 examine
1651 4380 1825 4448 atque
1847 4394 2030 4437 errore

2156 4401 2236 4434 σαι
2267 4383 2373 4434 τῶν
2407 4377 2606 4454 ῥητῶν,
2640 4375 2774 4450 ἅπερ
2827 4373 2968 4448 ὑμᾶς
3007 4372 3059 4428 ἐν
3105 4377 3222 4435 τοῖς
3269 4370 3626 4450 Εὗαγγελίοις
3666 4368 3812 4446 ἄχρι

389 4464 760 4523 auditoribus
783 4477 927 4546 ιρι-ω
958 4459 1211 4517 infantia
1239 4463 1453 4518 mentis
1493 4469 1732 4538 accepta
1761 4466 2030 4527 hactenus

2156 4473 2239 4523 νῦν
2292 4465 2652 4541 διετάρασσεν,
2720 4457 3097 4526 ἀϐασανίστως
3170 4459 3261 4516 καὶ
3337 4457 3810 4535 διημαρτημένως

384 4573 489 4612 vos
534 4552 982 4612 conturb‘arunt.
1007 4573 1037 4602 «
1064 4551 1132 4606 Et
1161 4567 1295 4607 cum
1325 4551 1508 4608 exiret
1555 4552 1614 4608 in
1663 4554 1837 4625 viam,
1871 4573 2030 4614 acce-

2156 4557 2254 4613 ὑπὸ
2285 4555 2620 4628 νηπιότητος
2669 4552 3058 4629 ἀκροωμένους
3088 4570 3102 4582 ·
3139 4574 3160 4603 α
3196 4547 3645 4625 Ἐκπορευομένῳ
3701 4548 3808 4604 αὖ-

389 4646 536 4702 deus
567 4643 811 4717 quidam
841 4657 996 4715 genu
1027 4641 1318 4708 ﬂectebat,
1351 4642 1552 4698 dicens
1583 4659 1598 4699 :
1633 4642 1908 4717 Magister
1937 4647 2030 4704 bo-

2156 4650 2229 4720 τῷ
2258 4645 2335 4708 είς
2365 4641 2489 4700 ὁδὸν
2520 4638 2839 4718 προσελθών
2869 4661 2955 4702 τις
3013 4638 3343 4716 ἐγονυπέτει,
3374 4635 3551 4714 λέγων
3588 4656 3598 4670 ’
3635 4634 3809 4693 Διδά-

389 4750 485 4803 ne,
508 4733 651 4805 quid
697 4731 906 4788 faciam
939 4735 1006 4787 ut
1031 4735 1094 4802 >14
1122 4730 1296 4787 vitam
1346 4735 1622 4788 aeternam
1672 4733 2030 4805 possideami

2156 4734 2316 4792 σκαλε
2373 4733 2554 4810 ἀγαθέ,
2587 4731 2640 4787 τί
2699 4729 2898 4805 ἀγαθὸν
2957 4730 3199 4799 ποιήσω,
3246 4724 3338 4782 ἵνα
3387 4727 3531 4796 ζωὴν
3578 4725 3805 4782 αἰώνιον

386 4823 560 4879 Jews
590 4825 788 4878 autem
821 4821 904 4878 ait
935 4838 950 4878 :
981 4819 1129 4884 Quid
1161 4835 1257 4876 me
1279 4819 1430 4877 dicis
1453 4821 1718 4878 bonum?
1747 4840 1916 4880 nemo
1938 4825 2030 4882 bo-

2156 4823 2604 4900 κληρονομήσως
2637 4821 2698 4878 Ὀ
2725 4817 2783 4874 δὲ
2813 4820 3026 4890 Ἰησοῦς
3049 4815 3197 4894 λέγει
3221 4835 3235 4848 ⁶
3267 4817 3328 4871 Τί
3360 4837 3428 4890 με
3459 4813 3638 4891 λέγεις
3668 4816 3808 4893 ἀγα-

389 4927 505 4968 nus
527 4909 640 4966 nisi
667 4925 844 4980 unus,
869 4914 1042 4965 Deus.
1069 4909 1360 4980 Pracepta
1381 4910 1533 4966 nosti
1563 4927 1576 4966 :
1610 4911 1692 4969 Ne
1725 4912 2030 4985 adulteras,

2156 4912 2279 4983 θόν;
2314 4909 2492 4975 οὐδεὶς
2550 4909 2754 4986 ἀγαθὸς
2803 4906 2853 4962 εἴ
2903 4908 2979 4981 μὴ
3027 4909 3124 4976 εἷς,
3158 4906 3186 4960 6
3235 4906 3385 4969 Θεός.
3417 4906 3528 4967 Τὰς
3577 4903 3814 4970 ἐντολὰς

389 5018 461 5058 ne
483 4999 741 5067 occidas,
766 5014 840 5055 ne
862 4997 1094 5064 fureris,
1117 5013 1190 5052 ne
1211 4997 1427 5054 falsum
1450 4999 1861 5058 testimonium
1884 5004 2030 5062 dixe-

2156 5000 2303 5066 οἶδας
2327 5021 2340 5033 ⁸
2373 5001 2466 5070 Mr,
2507 4997 2830 5075 μοιχεύσῃς,
2883 4996 2960 5071 μὴ
3011 4993 3299 5074 φονεύσῃς,
3335 4994 3412 5067 μή
3461 4988 3688 5068 κλέψῃς,
3724 4997 3809 5067 μή

386 5090 492 5162 ris,
523 5106 596 5147 ne
645 5088 911 5146 fraudem
958 5086 1184 5159 feceris,
1216 5087 1441 5144 honora
1491 5094 1715 5161 patrem
1767 5095 1938 5150 tuum
1987 5099 2030 5154 ei

2156 5089 2705 5168 ψευδομαρτυρήσῃς,
2742 5087 2818 5161 μὴ
2851 5085 3250 5160 ἀποστερήσῃς,
3279 5082 3416 5158 τίμα
3451 5083 3542 5138 τὸν
3597 5080 3817 5156 πατέρα

387 5185 634 5240 matrem
655 5182 842 5236 tuam.
865 5178 940 5234 At
967 5176 1064 5234 ille
1095 5178 1478 5252 respondens,
1503 5179 1582 5236 ait
1609 5178 1697 5236 illi
1720 5197 1735 5238 :
1759 5187 1891 5240 Hoc
1913 5200 2030 5243 om-

2156 5180 2245 5238 καὶ
2291 5181 2391 5250 τὴν
2452 5175 2681 5255 μητέρα.
2708 5177 2766 5230 Ὀ
2797 5173 2856 5231 δὲ
2884 5172 3200 5251 ἀποκριθεὶς
3232 5169 3377 5250 λῐγει
3431 5171 3579 5246 αὗτῷ
3611 5189 3625 5203 ·
3659 5171 3818 5227 Πάν-

457 5357 522 5424 ιῐα
549 5359 616 5416 Ρ.
645 5353 754 5410 928
785 5351 901 5412 ΕΙ).
930 5350 1238 5409 POTTER.
1318 5353 1336 5390 ί
1367 5355 1391 5409 Ι
1417 5354 1548 5410 Cor.
1582 5371 1661 5424 ιχ,
1692 5355 1780 5412 24.

395 5525 574 5656 alii?

459 5669 574 5743 (Π)
633 5665 1003 5747 Ἐπαίροιντο.
1065 5662 1388 5744 Ἐπαίροντο
1439 5672 1564 5741 τῆς,
1625 5687 1739 5732 ms.
1801 5675 1884 5733 In.

2225 5523 2339 5598 (18)
2369 5522 2735 5598 Γυμναστικῇ.
2783 5515 3201 5598 Precedentia,
3255 5530 3363 5598 nec
3402 5517 3627 5598 που-οι
3672 5531 3811 5588 qua

657 5523 1168 5597 Ὑπομνημονεῦσαι
1203 5565 1216 5578 .

2153 5589 2491 5672 sequuntur
2517 5595 2591 5655 ad
2620 5589 2744 5652 rem
2775 5589 3168 5665 agonisticam
3197 5591 3489 5662 spectant.
3519 5591 3682 5646 Em.

1305 5521 1790 5599 Ὑποκαυμάτωσιν
1827 5571 1840 5586 .
1927 5545 2040 5586 ms.
