4006 6200
268 361 351 418 609
1333 357 1545 414 LIBER
1582 359 1748 423 QUIS
1783 359 1850 414 D1

2034 358 2435 414 SALVETUR.
3486 361 3597 418 610

261 507 311 540 τα
343 486 468 535 ταῦτα
501 477 746 556 ἐφύλαξα.
774 483 834 536 Ὀ
888 474 945 534 δὲ
974 481 1182 550 Ἰησοῦς
1235 474 1518 553 ἐμϐλέψας
1549 479 1828 554 ἠγάπησεν

2012 497 2040 534 a
2066 480 2384 536 observavi.
2417 479 2591 536 Jesus
2635 485 2854 547 autem,
2915 479 3165 537 intuitus
3224 499 3359 539 eum
3392 484 3594 540 dilexit

255 572 372 628 αὐτὸν
413 571 487 624 καὶ
549 569 686 623 εἶπεν
714 587 726 600 ·
759 570 854 622 Ἕν
888 589 974 624 σοι
1011 569 1222 643 ὑστερεῖ
1255 588 1268 600 ·
1303 569 1348 622 εἱ
1401 567 1578 629 Θὲλεις
1623 567 1836 630 τὲλειος

2013 585 2102 640 ιω,
2134 575 2189 627 et
2219 570 2402 626 dixit:
2435 573 2629 624 Unum
2664 570 2768 624 tibi
2801 571 2986 626 deest.
3040 571 3099 626 Si
3157 571 3245 627 vis
3303 573 3595 644 perfectus

245 663 361 728 εἶναι,
389 657 633 728 πώλησον
679 656 780 712 ὅσα
836 652 1006 733 ἔχεις,
1038 658 1128 713 καὶ
1187 655 1372 722 διάδος
1419 663 1693 732 πτωχοῖς,
1742 655 1827 712 καί

2015 675 2099 728 se,
2129 660 2316 716 vende
2349 675 2714 731 quaecunque
2742 660 3029 724 habes,et
3057 660 3346 718 distribue
3373 679 3594 735 paupe-

239 749 342 820 ἕξεις
367 748 617 821 θησαυρὸν
648 746 698 802 ἐν
732 749 950 821 οὐρανῷ
983 766 998 783 ο
1026 749 1114 803 καὶ
1167 745 1345 821 δεῦρο,
1371 746 1661 803 ἀκολούθει
1716 768 1821 820 μοιη

2011 749 2134 816 bus,
2167 753 2223 803 et
2254 748 2496 804 habebis
2529 749 2870 804 thesaurum
2905 749 2964 802 in
2996 749 3176 817 crelo;
3211 754 3267 806 et
3312 751 3467 817 veni,
3502 769 3593 808 se-

235 841 283 897 '0
308 836 372 905 δὲ,
401 836 680 913 στυγνάσας
709 836 797 891 ἐπὶ
844 841 926 908 τῷ
983 832 1154 913 λόγῳ,
1188 836 1402 907 ἀπῆλθε
1441 835 1786 908 λυπούμενος

2008 855 2127 893 iere
2158 854 2271 893 me.
2304 837 2412 900 Qui
2433 835 2818 893 contristatus
2839 837 2898 893 in
2921 838 3118 907 verbo,
3149 838 3294 894 abiit
3319 856 3590 911 merens;

235 930 287 997 ἧν
319 927 405 1002 γὰρ
449 925 731 994 πλούσιος,
766 923 912 1002 ἔχων
959 929 1209 999 κτήματα
1251 924 1457 982 πολλά.
1493 921 1817 998 Περιϐλεψά·

2016 931 2074 982 at
2101 925 2255 981 enim
2287 927 2470 992 dives,
2504 926 2725 982 habens
2774 925 2994 982 multas
3053 928 3478 998 possessiones.
3531 930 3598 986 Et

235 1037 361 1088 μενος
402 1014 454 1070 δὶ
498 1017 526 1070 6
556 1017 764 1085 Ἰησοῦς
817 1014 967 1090 λέγει
995 1022 1111 1078 τοῖς
1147 1021 1416 1089 μαθηταῖς
1461 1016 1628 1070 αὐτοῦ
1661 1034 1674 1048 ο
1709 1016 1817 1070 Πῶς

2010 1014 2432 1086 rcumSpiciens
2461 1016 2652 1084 Jesus,
2675 1016 2756 1069 ait
2772 1015 3082 1087 discipulis
3104 1017 3249 1072 suis:
3274 1018 3457 1082 Quam
3483 1018 3592 1074 dif-

235 1103 468 1166 δυσκόλως
522 1105 575 1158 οἱ
623 1105 690 1159 τὰ
735 1107 1004 1180 χρήματα
1049 1103 1270 1180 ἔχοντες
1299 1102 1695 1159 εἰσελεύσονται
1753 1102 1817 1158 εἲς

2015 1104 2101 1158 :ile
2132 1103 2233 1175 qui
2265 1104 2544 1174 pecunias
2572 1103 2809 1171 habent,
2843 1106 2902 1160 in
2953 1121 3195 1177 regnum
3233 1106 3336 1161 Dei
3386 1105 3597 1162 introi-

232 1197 309 1263 τήν
337 1192 592 1268 βασιλείαν
622 1197 720 1248 τοῦ
767 1197 941 1251 Θεοῦί
976 1196 1044 1252 Οἱ
1091 1192 1148 1249 δὲ
1209 1191 1442 1267 μαθηταὶ
1492 1188 1814 1266 ἐθαμϐοῦντι

2014 1197 2116 1246 unt.
2133 1191 2410 1262 Discipuli
2425 1196 2617 1247 autem
2642 1193 2810 1247 obstu
2823 1193 3135 1262 pescebant
3151 1194 3210 1247 in
3233 1194 3422 1250 verbis
3443 1195 3596 1265 ejus.

235 1284 298 1338 ἐπὶ
329 1289 430 1346 τοῖς
470 1282 658 1358 λόγοις
692 1283 877 1339 αὐτοῦ.
914 1283 1086 1339 Ηάλιν
1117 1281 1176 1338 δὲ
1205 1284 1234 1338 ὁ
1265 1284 1477 1352 Ἰησοῦς
1525 1282 1817 1357 ἀποκριθεὶς

2013 1281 2219 1336 ;Jesus
2250 1297 2459 1336 rursus
2491 1282 2877 1351 respondens,
2911 1283 2995 1336 ait
3024 1281 3163 1338 illis:
3200 1283 3595 1356 Filioli,quam

235 1372 348 1445 λέγει
373 1370 544 1426 αὐτοῖς
579 1391 594 1404 ⁶
625 1374 850 1444 Τεκνία,
883 1377 1001 1434 πῶς
1034 1369 1300 1427 δύσκολόν
1334 1370 1445 1427 ἐστι
1483 1370 1610 1432 τοὺς
1639 1391 1817 1425 πεποι·

2018 1368 2192 1425 fficile
2221 1373 2309 1424 est
2341 1370 2706 1425 conﬁdentes
2737 1369 2796 1424 in
2830 1370 3115 1440 pecuniis,
3148 1371 3388 1427 introire
3413 1373 3474 1427 in
3507 1389 3598 1430 re-

235 1463 358 1523 θότας
385 1459 464 1514 ἰπὶ
493 1463 780 1536 χρήμασιν
813 1461 891 1523 εἲς
918 1464 1018 1529 τήν
1053 1460 1330 1537 βασιλείαν
1361 1463 1458 1515 τοῦ
1497 1463 1630 1514 Θεοῦ
1663 1457 1817 1513 εἰσελ-

2017 1475 2133 1514 ιυω
2163 1458 2262 1514 Dei
2289 1457 2301 1511 !
2333 1458 2583 1514 Facilius
2616 1463 2707 1514 est
2727 1458 3018 1514 camelum
3052 1476 3152 1531 per
3171 1460 3433 1516 foramen
3455 1479 3599 1518 acus

234 1552 346 1613 θεῖνε
376 1548 758 1625 Βύκολώτερον
823 1548 912 1604 διὰ
962 1557 1064 1619 τῆς
1119 1549 1427 1623 τρυμαλιᾶς
1469 1554 1572 1618 τῆς
1607 1546 1816 1622 βελόνη

2017 1548 2204 1620 gredi,
2236 1563 2416 1619 quam
2447 1547 2688 1603 divitem
2719 1547 2936 1603 intrare
2965 1547 3024 1602 in
3055 1564 3303 1621 regnum
3339 1551 3457 1607 Dei.
3491 1549 3599 1616 Qui

234 1636 440 1709 κάμηλος
472 1635 836 1694 εἰσελεύσεται
870 1640 905 1709 ἢ
945 1637 1211 1700 πλούσιος
1263 1638 1340 1702 είς
1394 1639 1496 1706 τήν
1559 1633 1816 1711 βασιλείαε

2018 1635 2142 1707 agis
2172 1636 2638 1702 admirabantur,
2671 1641 2847 1708 atque
2879 1637 3151 1692 dicebant
3179 1655 3192 1692 :
3229 1639 3297 1693 Et
3337 1639 3471 1710 quis
3498 1657 3600 1712 po-

233 1731 304 1781 τοῦ
329 1731 462 1784 Θεοῦ.
494 1727 562 1783 Οἱ
610 1725 673 1782 δὲ
701 1733 975 1802 περισσῶς
1007 1725 1425 1800 ἐξεπλήσσοντο,
1455 1726 1544 1780 καὶ
1600 1723 1789 1800 ἔλεγον

2017 1729 2068 1780 st
2098 1723 2296 1780 salvus
2328 1725 2453 1780 ﬁeri
2480 1724 2503 1778 ?
2531 1725 2601 1780 Et
2631 1725 2872 1781 intuens
2902 1725 3034 1781 illos
3062 1726 3238 1782 Jesus
3269 1727 3388 1783 ait:
3430 1727 3599 1800 Apud

233 1817 302 1876 Τίς
328 1813 404 1868 οῦν
425 1813 639 1869 δύναται
675 1822 915 1885 σωθῆναι
935 1834 949 1884 ;
967 1821 1022 1868 ‘0
1054 1813 1132 1888 δὲ,
1147 1809 1428 1888 ἐμϐλέψας
1446 1813 1651 1883 αὐτοῖς,
1669 1813 1813 1868 εἶπεν

2022 1814 2224 1869 ιωὶιιθε
2254 1813 2622 1884 impossibile
2643 1817 2751 1881 est,
2777 1814 2879 1870 sed
2905 1831 3017 1870 non
3041 1815 3199 1886 apud
3220 1820 3402 1871 Deum
3429 1836 3444 1884 ;
3471 1832 3604 1872 om-

240 1864 302 1876 “’⁷
332 1864 398 1868 ’⁷⁷
431 1864 639 1869 “”””’“’“’
679 1864 949 1885 “”ν“Ι”’“ἳ
991 1864 1014 1868 ⁷
1058 1864 1425 1888 ⁷⁷Ὶ”Γ””’⁷Ῐ⁷““¹
1450 1864 1504 1868 “’
1527 1864 1803 1883 ’⁷⁷*7ν”’“’

232 1908 285 1962 Ὀ
304 1927 345 1959 τι
374 1905 505 1980 παρὰ
533 1906 851 1981 ἀνθρώποις
877 1905 1136 1962 ἀδύνατον
1160 1906 1435 1980 παρὰΘεῷ
1453 1902 1814 1959 δυνατόν-πάν

2023 1864 2570 1976 ἶὲῌῖἇοίὖέἑίᾘίιία
2593 1864 2751 1974 apud
2771 1909 2975 1960 Deum.
3000 1864 3189 1976 οαξρίι
3207 1909 3266 1960 et
3289 1864 3494 1962 Petrus
3515 1907 3605 1962 di-

233 2015 281 2047 u
303 1995 385 2067 γὰρ
414 1992 606 2049 δυνατά
640 1995 758 2050 ἐστι
788 1998 936 2070 παρὰ
963 2000 1044 2068 τῷ
1073 1999 1207 2066 Θεῷ.
1227 1995 1462 2066 Ἠρξατο
1486 1994 1514 2047 6
1531 1993 1733 2068 llé'rpoc
1757 1991 1815 2047 λά

2023 2009 2119 2048 re:
2154 1997 2298 2048 Ecce
2330 2009 2436 2048 nos
2463 1993 2797 2048 dimisimus
2827 1995 3048 2062 omnia,
3081 2000 3138 2049 et
3163 1999 3351 2050 secuti
3395 2012 3605 2052 sumus

233 2103 317 2158 γειν
343 2083 490 2155 αὐτῷ·
524 2081 660 2152 Ἴδε,
694 2087 858 2157 ἡμεῖς
888 2085 1172 2162 ἀφήκαμεν
1204 2085 1380 2139 πάντα
1411 2082 1501 2138 καὶ
1530 2083 1809 2153 ἠκολουθή

2021 2124 2032 2136 .
2069 2083 2454 2154 Respondeas
2482 2082 2678 2152 Jesus,
2713 2083 2792 2137 ait
2817 2099 2831 2137 :
2856 2088 3038 2138 Amen
3065 2084 3196 2140 dico
3221 2085 3603 2153 vobis,omnis

234 2171 359 2243 σαμέν
385 2194 481 2228 σοι.
514 2174 869 2248 Ἀποκριθεὶς
899 2172 956 2228 δὲ
987 2175 1015 2228 6
1047 2174 1282 2245 Ἰηοοῦς,
1315 2173 1483 2247 λέγει’
1513 2173 1688 2244 Ἀμήν
1712 2172 1816 2244 ὑμῖ

2022 2171 2051 2226 Li
2083 2188 2192 2227 sua
2222 2171 2526 2242 reliquerit
2555 2177 2612 2226 et
2642 2181 2911 2242 parentes
2942 2177 3000 2227 et
3022 2173 3230 2229 fratres
3247 2178 3304 2230 et
3323 2176 3604 2246 pecunias

234 2259 364 2334 λέγω,
392 2262 442 2322 ὃς
469 2260 526 2316 ἃν
560 2263 681 2338 ἀφῇ
711 2263 780 2317 τὰ
809 2260 920 2317 ἴδια
950 2263 1038 2317 καὶ
1072 2268 1276 2335 γονεῖς,
1302 2262 1392 2316 καὶ
1433 2259 1723 2338 ἀδελφοὺς,
1750 2281 1816 2314 κα

2021 2265 2190 2332 opter
2219 2276 2314 2315 me
2344 2270 2397 2315 et
2427 2265 2664 2332 propter
2693 2261 3100 2332 Evangelium;
3133 2263 3353 2319 centies
3373 2267 3603 2321 tantum

233 2352 445 2423 χρήματα
495 2349 681 2406 ἕνεκεν
739 2351 876 2426 ἐμοῦ
934 2353 1021 2406 καὶ
1081 2349 1254 2407 ἕνεκεν
1331 2355 1428 2406 τοῦ
1508 2348 1815 2426 Εὖαγγιλίο

2025 2366 2111 2405 mc
2142 2349 2202 2404 in
2236 2354 2500 2421 tempore
2524 2349 2632 2405 hoc
2664 2349 2925 2422 recipiet,
2959 2367 3130 2422 agros
3153 2355 3210 2406 et
3240 2352 3519 2423 pecunias
3549 2356 3607 2410 et

238 2458 334 2509 μου,
361 2437 700 2514 ἀπολήψεται
762 2439 1245 2514 ἑκατομπλασίονα
1290 2444 1378 2495 νῦν
1425 2438 1476 2494 ἐν
1536 2443 1618 2511 τῷ
1669 2442 1820 2514 καιρῆ

2021 2455 2165 2495 imos
2196 2443 2252 2495 et
2283 2439 2496 2494 fratres
2528 2455 2668 2494 cum
2702 2440 3236 2512 persecutionibus,
3257 2441 3389 2498 etin
3408 2441 3603 2499 futuro

234 2527 386 2599 τούτῳ,
413 2528 608 2604 ἀγροὺς
669 2529 759 2585 καὶ
815 2532 1079 2606 γρηματα
1134 2531 1224 2585 καὶ
1260 2528 1431 2591 οἰκίας
1455 2528 1544 2583 καὶ
1577 2525 1814 2606 ἀδελφοῦ

2025 2533 2073 2584 ta
2101 2533 2318 2585 aeterna
2347 2528 2479 2584 erit.
2513 2527 2680 2583 Multi
2713 2532 2909 2586 autem
2931 2533 3106 2586 erunt
3136 2529 3312 2602 primi
3352 2531 3607 2590 novissi-

238 2617 338 2685 μετᾶ
363 2613 634 2692 διωγμῶν,
676 2617 726 2673 ἐν
757 2616 813 2674 δὲ
840 2617 921 2692 τῷ
952 2619 1240 2697 ἐρχομένῳ
1273 2620 1384 2690 ζωή
1421 2617 1561 2673 ἐστιν
1593 2616 1817 2680 αἲώνιος

1201 2641 1240 2692 ῳ
1273 2620 1384 2690 ζωή
1421 2617 1561 2673 ἐστιν
1593 2616 1842 2680 αἲώνιος.
1957 2617 2060 2688 mi,
2094 2623 2153 2675 et
2183 2617 2493 2676 novissimi
2522 2618 2720 2691 primi.
2755 2641 2783 2668 n

239 2705 406 2759 Ηολλοὶ
458 2705 514 2761 δὲ
563 2705 789 2764 ἔσονται
845 2713 1057 2779 πρῶτοι
1109 2701 1357 2784 ἔσχατοι,
1387 2706 1479 2762 καὶ
1535 2707 1586 2761 οἱ
1619 2705 1844 2781 ἔσχατοι

235 2799 424 2865 πρῶτοι.
455 2821 478 2849 ι

290 2887 347 2941 Ε’.
374 2888 547 2942 Ταῦτα
599 2886 706 2959 μὲν
757 2885 809 2940 ἐν
857 2891 936 2958 τῷ
965 2887 1099 2942 κατά
1129 2887 1355 2962 Μάρκον
1385 2884 1708 2961 Εύαγγελίῳ
1755 2882 1845 2960 γε·

2033 2888 2094 2944 ν.
2127 2887 2258 2944 Haec
2288 2885 2528 2958 quidem
2555 2885 2616 2942 in
2649 2885 2826 2942 Marci
2858 2885 3164 2959 Evengelio
3199 2886 3418 2960 scripta
3447 2891 3615 2958 sunt;

237 2991 422 3047 γραπται
449 2993 462 3006 ·
493 2976 584 3028 καὶ
616 2974 681 3029 ἐν
714 2981 830 3037 τοῖς
862 2973 1056 3038 ἄλλοις
1106 2973 1162 3030 δὲ
1191 2981 1350 3030 πᾶσιν
1385 2977 1495 3048 (19)
1527 2971 1819 3050 ὁμολογου

2032 2977 2104 3032 lin
2131 2980 2189 3032 et
2219 2977 2278 3031 in
2312 2975 2556 3048 reliquis
2577 2975 2749 3047 plane
2767 2976 3041 3032 omnibus
3065 2977 3270 3033 eadem
3289 2976 3614 3047 habentur,-

243 3064 400 3130 μένως,
431 3061 616 3138 ὀλίγον
663 3064 760 3136 μὲν
792 3062 924 3128 ἴσως
955 3065 1262 3140 ἑκασταχοῦ
1290 3069 1399 3119 τῶν
1449 3063 1710 3139 ῥημάτων
1762 3062 1825 3118 ἐν·

2039 3066 2164 3122 ucis
2192 3065 2439 3121 forsitan
2474 3082 2578 3137 per
2607 3065 2873 3138 singulos
2906 3066 3096 3121 verbis
3128 3066 3483 3136 immutatis,
3513 3066 3617 3124 sed

240 3149 468 3219 ἠλπίκει,
499 3154 685 3206 πάντα
743 3151 798 3208 δὲ
852 3155 954 3223 τὴν
1009 3155 1176 3222 αὐτὴν
1228 3160 1327 3224 τῆς
1365 3154 1596 3226 γνώμης
1624 3173 1822 3230 συμφω

2035 3172 2092 3210 ne
2106 3154 2374 3211 eamdem
2389 3154 2607 3225 ubique
2620 3153 2975 3210 sententiam
2989 3155 3530 3213 contiueant.Decet
3542 3173 3617 3214 au

239 3238 326 3293 νίαν
373 3238 757 3299 ἐπιδείκνυται.
791 3247 881 3297 Δεῖ
939 3240 1016 3313 δὲ,
1049 3247 1232 3319 σαφῶς
1290 3239 1524 3314 εἰδότας,
1563 3241 1637 3304 ὡς
1696 3238 1820 3296 οὐδὲ

2041 3261 2082 3299 n
2115 3259 2221 3299 nos
2245 3243 2345 3315 qui
2366 3248 2563 3315 aperte
2586 3243 2865 3312 sciamus,
2890 3243 3037 3300 nihil
3063 3244 3423 3302 Salvatorem
3438 3247 3623 3318 quasi

243 3326 546 3400 ἀνθρωπίνως
598 3333 628 3384 ὁ
689 3332 909 3406 Σωτήρ,
965 3329 1114 3386 ἀλλά
1160 3333 1337 3386 πάντα
1383 3331 1501 3401 θείᾳ
1551 3329 1712 3408 σοφίᾳ
1764 3350 1825 3384 κα

2034 3349 2223 3389 ιωεοο
2243 3349 2404 3388 more
2425 3331 2690 3388 locutum
2714 3349 2865 3401 esse,
2895 3333 2998 3388 sed
3025 3333 3227 3390 divina
3247 3335 3616 3406 mysticaque

242 3422 433 3492 μυστικῇ
481 3417 730 3474 διδάσκει
787 3419 916 3482 τοὺς
975 3421 1293 3494 ἑαυτοῦ,μή
1344 3419 1608 3495 σαρκίνως
1660 3421 1824 3495 ἀκροᾶ

2034 3422 2264 3495 ,pientia
2294 3438 2434 3478 suos
2465 3427 2680 3478 cuncta
2710 3422 3017 3494 docuisse;
3049 3438 3354 3480 sermones
3374 3423 3482 3480 hos
3499 3440 3616 3480 non

243 3506 335 3558 σθαι
380 3512 480 3562 τῶν
528 3507 878 3584 λεγομὲνων,
912 3507 1056 3564 ἀλλᾶ
1094 3510 1187 3564 τὸν
1234 3509 1287 3565 ἐν
1333 3509 1517 3571 αὐτοῖς
1549 3510 1825 3586 κεκρυμμέ

2041 3511 2285 3567 rnaliter
2315 3511 2539 3579 audire,
2564 3511 2667 3566 sed
2690 3511 2968 3567 latentem
2987 3511 3047 3566 in
3070 3511 3155 3568 eis
3177 3529 3420 3568 sensum
3439 3513 3620 3586 digna

241 3615 309 3648 νον
337 3601 444 3652 νοῦν
478 3601 620 3672 μετᾶ
642 3606 747 3668 τῆς
782 3599 928 3669 ἀξίας
962 3601 1240 3671 ζητήσεως
1273 3600 1364 3655 καὶ
1409 3601 1673 3664 συνέσεως
1715 3598 1823 3676 ἐρει

2043 3600 2422 3674 vestigatione
2454 3600 2786 3671 mentisque
2813 3599 3052 3656 solertia
3067 3617 3132 3657 ac
3153 3601 3473 3674 sagacitate
3494 3617 3625 3673 per-

245 3687 316 3751 νᾷν
360 3688 439 3740 καὶ
489 3690 954 3760 καταμανθάνειν.
989 3688 1086 3743 Καὶ
1145 3691 1250 3763 γὰρ
1306 3689 1373 3743 τὰ
1434 3690 1522 3743 ὑπ’
1552 3689 1716 3744 αὐτοῦ
1763 3711 1826 3744 το

2039 3689 2201 3744 lirere
2235 3693 2293 3745 et
2317 3689 2640 3745 addiscere.
2669 3689 2815 3746 Nam
2839 3706 2974 3745 cum
2997 3694 3056 3746 et
3075 3689 3206 3762 ipsa
3233 3705 3469 3764 quoque
3495 3707 3621 3763 quas

249 3773 412 3847 Κυρίου
444 3773 718 3832 δοκοῦντα
746 3777 1038 3845 ἡπλῷσθαι
1084 3777 1220 3853 πρὸς
1269 3777 1398 3841 τοὺς
1453 3779 1695 3851 μαθητὰς
1751 3782 1830 3834 τῷ

2039 3803 2043 3828 ι
2074 3779 2204 3849 ipso
2239 3780 2482 3834 Domino
2504 3779 2775 3835 videntur
2804 3777 3113 3850 discipulis
3135 3779 3316 3835 fuisse
3339 3779 3621 3852 exposita,

248 3861 510 3936 ᾐίθιτμένως
544 3867 936 3941 ύπειρημένων
970 3865 1122 3921 οὐδὲν
1151 3867 1404 3936 ἥττονος,
1429 3865 1575 3922 ἀλλά
1607 3866 1830 3922 πλείονο

2041 3885 2091 3921 ιιι
2129 3865 2364 3934 minori,
2396 3867 2499 3922 sed
2531 3865 2741 3936 majori
2772 3866 3099 3922 etiamnum
3151 3868 3623 3925 consideratione

249 3944 308 4003 ἔτι
330 3957 404 4006 νῦν
433 3963 528 4024 τῆς
572 3955 911 4019 ἐπιστάσεως
970 3954 1270 4031 εὑρίσκεται
1331 3954 1562 4028 δεόμενα
1619 3953 1707 4011 διὰ
1762 3957 1831 4025 τὴ

2043 3957 2236 4028 digere
2269 3961 2608 4025 noscantur,
2643 3971 2811 4026 quem
2847 3971 2976 4027 quae
3011 3955 3325 4014 obscurius
3354 3973 3420 4013 ac
3467 3955 3625 4013 velut

251 4038 665 4112 ὑπερϐάλλουσαν
711 4051 810 4112 τῆς
870 4046 1184 4120 φρονήσεως
1221 4044 1272 4100 ἐν
1302 4046 1488 4107 αὐτοῖς
1527 4040 1833 4121 ὑπερϐολήν

2041 4046 2283 4118 iigmate
2305 4044 2461 4099 dicta
2486 4045 2724 4108 sunt,ob
2752 4046 3276 4116 profundissimam
3299 4046 3360 4102 in
3382 4046 3469 4104 eis
3489 4045 3623 4103 alti-

250 4131 390 4184 Ὅπου
418 4129 470 4186 δὲ
496 4133 592 4186 καὶ
622 4133 698 4186 τὰ
725 4134 1060 4205 νομιζόμενα
1095 4135 1183 4188 ὑπ’
1215 4133 1380 4189 αὐτοῦ
1412 4132 1727 4210 διηνοῖχθαι
1748 4139 1832 4190 τοῖ

2043 4134 2242 4188 dinem
2273 4149 2580 4201 sensuum;
2611 4151 2858 4203 cumque
2891 4135 3035 4191 adeo
3056 4135 3234 4191 etiam
3255 4135 3375 4202 illa,
3401 4153 3530 4208 quas
3551 4135 3623 4191 ab

249 4215 348 4284 ἔσω,
374 4221 453 4273 καὶ
486 4222 684 4282 αὐτοῖς
709 4227 826 4284 τοῖς
859 4225 956 4290 τῆς
994 4223 1273 4297 βασιλείας
1320 4225 1531 4286 τεκνοις
1583 4224 1672 4278 ὑπ’
1703 4223 1831 4278 αύτο

2059 4223 2271 4280 scholae
2294 4223 2631 4279 domesticis
2656 4224 2926 4279 videntur
2948 4224 3276 4296 explanata,
3301 4241 3366 4281 ac
3379 4225 3625 4297 iis,quos

249 4307 588 4382 καλουμένοις,
624 4307 709 4365 ἔτι
743 4310 940 4385 χρῄζει
973 4309 1260 4387 φροντίδος
1305 4311 1584 4382 πλείονος,
1614 4311 1760 4383 ἤπου
1807 4336 1831 4388 γ

2041 4334 2049 4367 ι
2080 4329 2146 4369 eo
2169 4311 2323 4368 ﬁlios
2355 4313 2517 4384 regni
2548 4313 2883 4369 invenimus
2903 4320 3161 4384 vocatos,
3185 4314 3393 4385 majori
3429 4313 3623 4369 adhuc

249 4394 298 4446 τὰ
345 4392 560 4466 δόξαντα
612 4398 714 4470 μὲν
770 4397 961 4459 ἁπλῶς
1020 4398 1387 4474 ἐξενηνέχθαι,
1419 4400 1510 4454 καὶ
1571 4397 1660 4454 διὰ
1706 4403 1831 4455 τοῦτ

2047 4419 2126 4458 ιυε
2158 4402 2414 4458 habeant
2435 4402 2828 4474 indagatione,
2851 4419 3027 4473 quam
3052 4421 3177 4474 quae
3198 4404 3470 4458 videntur
3487 4401 3629 4458 sim-

256 4479 366 4551 μηδὲ
413 4483 808 4560 διηρωτημένα
861 4487 996 4562 πρὸς
1050 4492 1159 4542 τῷν
1205 4488 1565 4559 ἀκουσάντων,
1600 4488 1676 4551 είς
1734 4487 1835 4544 ὅλο

2043 4491 2206 4547 iciter
2223 4491 2295 4546 ab
2313 4507 2380 4546 eo
2402 4489 2646 4562 prolata,
2673 4507 2800 4563 qua
2823 4491 3069 4562 proinde
3090 4508 3262 4548 nemo
3289 4491 3625 4547 auditorum

257 4567 376 4626 ἂτὸ
401 4573 552 4636 τέλος
601 4575 734 4631 αὐτὸ
775 4582 877 4646 τῆς
925 4575 1199 4654 σωτηρίας
1245 4575 1630 4655 διαφερόντων,
1663 4599 1838 4650 σκοπη

2047 4579 2364 4652 terrogavit
2421 4583 2486 4634 ut
2541 4583 2988 4650 exponerentur,
3020 4579 3084 4642 »Β
3139 4578 3497 4652 pertinentia
3551 4577 3625 4634 ad

258 4663 462 4731 σομὲνων
489 4662 546 4719 δὲ
579 4669 879 4737 θαυμαστῷ
917 4665 1008 4720 καὶ
1055 4666 1425 4742 ὑπερουρανίῳ
1471 4663 1710 4730 διανοίας
1773 4667 1840 4743 βά

2048 4684 2176 4724 sum
2211 4667 2426 4724 salutis
2456 4667 2658 4734 finem,
2688 4668 3078 4740 mirandoque
3108 4685 3176 4724 ac
3225 4666 3630 4740 supercmlesti

257 4758 338 4816 θξι,
365 4752 454 4807 οὐκ
480 4751 826 4816 ἐπιπολαίως
859 4750 1112 4829 δέχεσθαι
1163 4760 1281 4817 ταῖς
1335 4755 1524 4819 ἀκοαῖς
1578 4762 1839 4832 προσῆκεν

2048 4757 2199 4813 enlis
2225 4756 2650 4812 consideranda
2680 4757 3004 4828 profundo;
3065 4773 3182 4813 non
3233 4756 3630 4830 perfunctorie

260 4832 376 4890 ἰλλᾶ
415 4843 693 4904 καθιέντας
751 4842 843 4896 τὸν
899 4845 1024 4896 νοῦν
1081 4840 1164 4897 ἐπ’
1212 4843 1343 4898 αὐτὸ
1399 4843 1461 4897 τὸ
1511 4845 1731 4918 Πνεῦμα
1774 4864 1837 4899 το

2047 4864 2104 4902 ec
2134 4847 2376 4902 auribus
2409 4844 2756 4911 haurienda,
2791 4847 2891 4902 sed
2925 4845 3006 4902 ita
3027 4851 3090 4903 ut
3109 4847 3181 4904 ad
3203 4848 3403 4920 ipsum
3427 4846 3629 4904 Salva-

263 4927 481 5001 Σωτῆρος
513 4936 610 4984 καῖ.
639 4931 702 4985 τὸ
730 4937 832 5001 τῆς
857 4931 1089 5007 γνώμης
1119 4931 1458 5008 ἀπόρῥητον-

2048 4937 2125 4992 ris
2154 4935 2436 5006 Spiritum
2468 4950 2535 4991 ac
2567 4934 2871 4990 sententia
2902 4952 3181 4992 arcanum
3215 4936 3482 4992 animum
3528 4937 3630 4992 de-

1889 5090 1892 5092 ,
1983 5025 2305 5081 mittamus.

317 5113 365 5166 ς’.
403 5106 713 5182 Ἡρώτηται
767 5108 860 5181 μὲν
905 5108 1008 5183 γὰρ
1058 5105 1236 5179 ἡδέως
1265 5111 1293 5164 6
1327 5108 1528 5184 Κύριος
1566 5113 1727 5184 ἡμῶν
1782 5113 1873 5166 καὶ

2052 5114 2148 5170 VI.
2178 5113 2453 5170 Jucunda
2485 5115 2638 5168 certe
2688 5111 2936 5170 Domino
2995 5119 3197 5171 nostro
3231 5131 3297 5171 ac
3345 5111 3634 5170 Salvatori

267 5194 426 5267 Σωτὴρ
457 5197 720 5271 ἐρώτημα
746 5195 1233 5269 καταλληλότατον
1266 5197 1446 5272 αὐτῷ·
1482 5202 1516 5270 ἡ
1576 5201 1700 5270 Ζωή
1749 5221 1848 5276 περ

2046 5203 2181 5259 »Ιειῐξι
2202 5203 2448 5271 quaastio
2470 5206 2582 5269 est,
2607 5201 2718 5274 ipsi
2742 5201 3025 5259 nimirum
3048 5203 3628 5260 convenientissima.

262 5283 455 5350 ζωῆς,ὁ
501 5287 700 5360 Σωτὴρ
758 5287 882 5363 περὶ
943 5289 1298 5363 σωτηρίας,ὁ
1357 5286 1692 5352 Διδάσκαλος
1750 5310 1844 5366 περ

2051 5309 2207 5366 ampe
2237 5291 2436 5349 oblata
2467 5291 2710 5366 questio
2740 5292 2884 5348 Vitae
2916 5293 2986 5351 de
3024 5293 3162 5364 vita,
3213 5292 3500 5350 Salvatori
3558 5292 3633 5348 de

313 5432 367 5499 ἰι
387 5435 447 5493 Ρ.
478 5440 587 5494 9‘29
618 5441 722 5496 ΕΙ).
751 5441 1056 5498 POTTER.
1089 5443 1168 5515 (α)
1198 5442 1376 5502 Marc.
1407 5461 1464 5513 x,
1499 5444 1584 5511 17,
1620 5445 1706 5512 18,
1738 5461 1904 5519 seqq.

323 5584 419 5657 (19)
448 5591 640 5668 Πᾷσιν.
673 5591 1274 5668 Matth_aao_nimirum
1333 5598 1392 5652 et
1456 5594 1690 5666 Marco;
1739 5612 1879 5653 nam
1916 5589 2176 5656 Joannes
2227 5612 2320 5654 res
2377 5600 2571 5668 gestas
2628 5596 2700 5652 ad
2752 5595 3012 5653 historias
3080 5597 3322 5654 modum
3388 5591 3637 5652 minime

268 5663 600 5720 Inui-undas
632 5665 907 5738 suscepit.
944 5664 1109 5722 FELL.
