4006 6200
367 379 470 435 611
713 446 726 457 θ
1589 372 1949 427 CLEMENTI

2216 371 2545 430 IANDRINI
3668 375 3798 434 612

368 503 577 570 salute,
610 499 889 574 Magistro
918 515 984 556 ac
1017 497 1241 555 doctori
1271 497 1342 554 de
1370 495 1561 569 capite
1617 512 1818 552 eorum
1877 511 1950 568 qu

2199 491 2410 549 >αλαίου
2466 497 2572 549 τῶν
2653 490 3058 569 διδασκομένων
3140 494 3447 572 δογμάτων.
3502 499 3781 571 Ἀλήθεια

367 592 640 664 dogmate
669 589 1076 664 tradebantur,
1107 587 1351 642 Veritati
1374 587 1446 643 de
1477 603 1609 642 vera
1657 585 1949 642 immortal

2205 583 2240 639 δῖ
2295 591 2396 653 τῆς
2442 581 2712 656 ἀληθινῆς
2743 585 3058 657 ἀθανασίας,
3087 586 3116 640 6
3166 587 3342 662 Λόγος
3375 591 3626 664 περὶτοῦ
3663 597 3787 645 [Ια-

365 663 510 750 tate,
542 679 730 736 Verbo
760 681 832 735 de
862 663 1102 752 paterno
1133 677 1308 733 verbo
1340 681 1514 748 atque
1543 675 1834 744 doctrina,
1869 681 1946 732 Pe

2209 695 2244 735 »ς
2275 671 2466 750 λόγου,
2499 675 2527 728 6
2558 675 2782 737 Τέλειος
2812 673 2936 747 περὶ
2975 677 3076 746 τῆς
3129 675 3344 742 τελείας
3397 663 3791 748 ἀναπαύσεως,

365 771 516 827 fecto
543 769 615 826 de
644 769 899 842 perfecta
928 768 1144 840 requie,
1169 763 1607 838 lncorruptibili
1635 766 1708 821 de
1729 765 1947 821 tirmaii

2201 765 2500 842 Ἀφθαρτος
2546 762 2670 840 περὶ
2717 770 2817 834 τῆς
2878 759 3098 840 βεϐαίας
3152 765 3476 844 ἀφθαρσίας.
3519 769 3783 842 Ἢρώτη-

365 858 761 932 corruptione.
792 857 874 914 De
902 856 1022 912 illis
1052 854 1348 912 oblatailli
1373 854 1618 928 quaestio
1637 859 1943 927 est,quoru

2261 851 2385 926 περὶ
2427 851 2636 908 τούτων
2695 853 2820 930 περῖ
2879 852 2954 909 ὦν
3007 856 3099 910 καὶ
3156 853 3549 928 κατελήλυθεν,
3584 857 3786 914 ἃπαι-

363 947 541 1005 etiam
571 965 751 1005 causa
781 946 1179 1018 descenderat,
1213 945 1432 1018 quibus
1463 945 1740 1012 instituit,
1766 961 1890 1016 quae
1913 945 1945 1000 d

2207 962 2284 1011 πει,
2317 940 2351 995 ἃ
2383 938 2646 1012 διδάσκει,
2680 941 2715 996 ἃ
2741 941 2999 1018 παρέχει,
3023 941 3117 999 ’ίνα
3143 941 3290 1020 δείξῃ
3323 947 3420 1016 τήν
3447 944 3546 1002 τοῖ’)
3595 949 3789 1024 Εὐαγ-

363 1045 472 1107 cet,
505 1054 632 1110 quae
663 1037 901 1109 praebet,
936 1039 1000 1092 ut
1029 1034 1298 1092 ostendat
1346 1033 1636 1106 Evangelii
1695 1049 1938 1106 argume

2209 1028 2305 1084 ,ίου
2341 1029 2612 1100 ὑπόθεσιν,
2644 1029 2728 1086 ὅτι
2759 1029 2910 1094 δόσις
2943 1030 3085 1088 ἐστὶν
3121 1033 3347 1089 αἲωνίου
3375 1039 3544 1106 ζωῆς.
3577 1037 3791 1112 ΙΙροεῖ-

361 1129 492 1182 tum
524 1141 674 1196 esse,
706 1130 774 1182 ut
800 1125 920 1182 vita
939 1129 1154 1182 aeterna
1176 1125 1305 1197 ipsa
1332 1123 1639 1181 tribuatur.
1667 1123 1943 1180 Praescieb

2225 1117 2284 1174 δὲ
2332 1119 2407 1182 ὡς
2457 1121 2588 1184 Θεὸς
2629 1119 2720 1176 καὶ
2767 1120 2800 1176 ἃ
2842 1120 3034 1196 μέλλει
3066 1119 3586 1200 διερωτηθήσεσθαι,
3614 1126 3711 1182 καὶ
3746 1125 3787 1182 ἃ

365 1220 558 1272 autem
589 1219 657 1271 ut
690 1215 860 1285 Deus,
893 1225 1020 1270 tum
1045 1231 1171 1286 quae
1200 1213 1652 1286 interrogandus
1681 1217 1826 1284 erat,
1880 1217 1944 1268 tu

2208 1208 2316 1265 ἱκλει
2346 1231 2429 1272 τις
2489 1209 2637 1283 αὐτῷ
2685 1209 3090 1286 ἀποκρίνεσθαι.
3122 1211 3214 1276 Τίς
3251 1213 3350 1289 γὰρ
3407 1215 3499 1270 καὶ
3559 1215 3790 1290 μᾶλλον

364 1306 520 1376 quod
552 1321 902 1378 responsum
923 1303 1292 1376 interrogans
1313 1307 1470 1360 esset
1489 1304 1946 1374 accepturus.Qu

2209 1328 2212 1347 ι
2245 1301 2536 1378 προφήτης
2566 1305 2890 1380 προφητῶν,
2923 1301 3014 1356 καὶ
3055 1301 3259 1378 Κύριος
3307 1305 3506 1368 παντὸς
3550 1327 3791 1384 προφη-

362 1394 519 1450 enim
541 1393 600 1450 id
625 1394 820 1466 potius
841 1394 1041 1449 fecerit
1062 1409 1237 1465 quam
1258 1391 1543 1464 propheta
1564 1390 1944 1464 prophetarut

2211 1393 2270 1444 οῦ
2354 1389 2701 1464 πνεόματος;
2763 1389 2995 1462 Κληθεῖς
3055 1389 3111 1446 δὲ
3191 1393 3411 1469 ἀγαθὸς,
3465 1395 3559 1449 ἀπ’
3606 1397 3793 1453 αὑτοῦ

361 1483 670 1556 omnisque
701 1481 1024 1557 prophetici
1055 1481 1304 1556 spiritus
1334 1481 1553 1537 arbiter
1584 1496 1652 1537 ac
1682 1479 1936 1536 Dominu

2201 1479 2340 1534 ώτου
2368 1482 2466 1535 τοῦ
2499 1477 2744 1557 ῥήματος
2774 1479 2972 1536 τούτου
3014 1481 3078 1536 τὸ
3124 1479 3410 1557 ἐνδόσιμον
3445 1479 3658 1558 λαϐὼν,
3693 1485 3783 1542 έν-

361 1577 616 1630 Vocatus
645 1576 842 1630 autem
867 1573 1079 1640 bonus,
1109 1589 1140 1627 a
1173 1571 1360 1643 primo
1391 1570 1502 1626 hoc
1548 1570 1724 1627 verbo
1772 1585 1943 1642 sump

2199 1571 2300 1626 ἑθεν
2358 1569 2448 1625 καὶ
2499 1577 2602 1641 τῆς
2651 1568 3004 1637 διδασκαλίας
3033 1569 3278 1649 ἄρχεται,
3312 1573 3648 1654 ἐπιστρέφων
3681 1579 3781 1632 τὸν

361 1663 664 1719 occasione
694 1663 829 1718 inde
861 1661 1036 1718 etiam
1067 1659 1417 1717 doctrinami
1451 1660 1816 1732 auspicatur,
1872 1675 1938 1714 co

2203 1660 2374 1730 θητήν
2433 1658 2520 1715 ἐπὶ
2577 1661 2669 1716 τὸν
2721 1663 2852 1718 Θεὸν
2895 1661 2988 1718 τὸν
3026 1663 3242 1740 ἀγαθὸν,
3270 1664 3360 1720 καὶ
3408 1670 3626 1742 πρῶτον
3677 1669 3780 1722 καί

361 1755 594 1808 vertens
625 1750 898 1824 discipuli
929 1750 1192 1808 animum
1225 1749 1285 1806 in
1341 1755 1528 1806 Deum
1586 1750 1831 1815 bonum,
1889 1764 1943 1820 pl

2197 1773 2283 1807 νον
2321 1757 2466 1824 ζωῆς
2493 1753 2721 1809 αἰωνίου
2750 1753 2973 1828 ταμίαν,
3003 1756 3066 1825 ἣν
3109 1757 3138 1811 ὁ
3183 1756 3305 1819 Υἱὸς
3356 1753 3578 1813 δίδωσιν
3627 1760 3777 1831 ἡμῖν

365 1856 647 1914 mumque
677 1857 743 1896 ac
773 1839 963 1898 solum
992 1839 1122 1896 vitm
1148 1843 1378 1896 mternze
1406 1838 1796 1912 praebitorem,
1829 1855 1947 1911 qua

1148 1843 1378 1896 mternze
1406 1838 1796 1912 praebitorem,
1829 1853 2005 1911 quam
2035 1873 2084 1940 B
2116 1842 2244 1918 παρ’
2274 1841 2482 1898 ἐκείνου
2512 1837 2719 1900 λαϐών.

361 1929 434 1986 ab
465 1947 531 1988 eo
561 1934 885 2004 acceptam,
918 1930 1090 1987 nobis
1121 1930 1348 1986 confert
1376 1929 1574 1986 Filius.

426 2018 550 2078 VII.
583 2021 784 2094 Itaque
806 2019 1129 2076 maximum
1153 2023 1210 2076 et
1230 2019 1587 2092 praecipuum
1615 2019 1999 2075 documento-

2197 2023 2254 2080 ζ’.
2309 2021 2515 2080 Οὐκοῦν
2577 2022 2639 2078 τὸ
2700 2023 2952 2098 μέγιστον
3013 2022 3103 2079 καὶ
3177 2024 3604 2102 κορυφαιότατον
3660 2031 3779 2082 τῶν

354 2127 486 2169 rum
519 2111 592 2168 ad
621 2109 797 2168 vitam
829 2110 1246 2182 spectantium,
1279 2109 1352 2165 ab
1383 2107 1552 2164 initio
1584 2109 1783 2166 statim
1807 2109 1936 2164 anin

2199 2111 2249 2174 ὸς
2305 2113 2406 2181 τήν
2464 2111 2606 2180 ζωὴν
2673 2111 3030 2186 μαθημάτων,
3065 2113 3170 2168 ἀπὸ
3222 2120 3324 2184 τῆς
3383 2115 3564 2190 ἀρχῆς
3605 2115 3781 2179 εὐθὺς

353 2199 732 2258 inserendum
764 2202 874 2270 est;
916 2202 980 2254 ut
1012 2199 1165 2254 Deus
1225 2205 1477 2254 internus
1508 2213 1636 2254 esse
1666 2214 1732 2254 ac
1758 2202 1935 2252 aetern

2195 2198 2498 2265 ιαταθέσθαι
2525 2204 2593 2276 τῇ
2615 2203 2771 2278 ψυχῇ
2795 2199 2880 2256 δεῖ
2909 2221 2924 2236 ο
2954 2206 3156 2279 γνῶναι
3186 2203 3277 2258 τὸν
3311 2203 3437 2259 Θεὸν
3486 2205 3578 2258 τὸν
3628 2203 3777 2260 αἰώ-

354 2305 490 2347 rum
519 2289 706 2360 dator,
743 2292 1118 2360 agnoscatur;
1144 2286 1521 2360 primumque
1545 2304 1610 2342 ac
1630 2304 1696 2344 su
1707 2303 1936 2360 premur

2189 2312 2248 2364 ιν,
2279 2289 2372 2345 καὶ
2417 2287 2624 2366 δοτῆρα
2670 2290 2931 2364 αἰωνίων,
2963 2293 3053 2348 καὶ
3101 2296 3344 2369 πρῶτον,
3392 2293 3482 2348 καὶ
3531 2293 3771 2370 ὑπέρτα-

219 2437 224 2444 ,
323 2383 328 2388 “
356 2383 414 2436 et
441 2395 626 2436 unum
659 2395 722 2435 ac
751 2379 970 2434 bonum
1001 2377 1210 2444 Deum,
1243 2377 1429 2432 Deum
1461 2376 1632 2432 nobis
1665 2392 1766 2448 per

2207 2423 2220 2449 ,
2253 2379 2344 2434 καὶ
2393 2375 2510 2448 ἓνα,
2559 2379 2650 2434 καὶ
2705 2379 2899 2456 ἀγαθὸν
2954 2381 3084 2436 Θεὸν
3144 2383 3444 2452 κτήσασθαι
3492 2379 3580 2436 διὰ
3624 2383 3781 2457 γνώο

353 2469 497 2526 tiam
527 2471 586 2526 et
613 2465 1199 2540 comprehensionem
1228 2464 1618 2522 vindicemus.
1667 2467 1781 2521 Hoc
1842 2466 1932 2521 eni

2189 2490 2244 2531 υς
2293 2469 2382 2524 καὶ
2427 2467 2812 2544 καταλήψεως.
2848 2467 2998 2540 Αὕτη
3043 2469 3146 2546 γὰρ
3197 2467 3460 2544 ἄτρεπτος
3508 2471 3598 2525 καὶ
3627 2471 3771 2526 ἀσά-

352 2555 656 2614 immobile
675 2556 1209 2628 inconcussumque
1229 2553 1582 2628 principium
1599 2558 1656 2610 et
1676 2554 1934 2626 principe

2191 2558 2297 2621 ›τὸς
2329 2559 2500 2635 ἀρχὴ,
2533 2560 2620 2614 καὶ
2679 2559 2885 2635 κρηπὶς
2943 2565 3112 2629 ζωῆς,
3141 2559 3417 2634 ἐπιστήμη
3478 2565 3611 2616 Θεοῦ
3663 2563 3773 2615 τοῦ

355 2647 482 2704 vitm
511 2645 945 2716 fulcimentum,
980 2643 1100 2715 Dei,
1133 2645 1233 2716 qui
1265 2648 1356 2700 est
1383 2660 1517 2700 vere
1547 2643 1875 2712 scientia,et
1896 2661 1928 2715 q

2185 2669 2276 2710 τως
2321 2645 2500 2715 ὄντος,
2527 2649 2613 2704 καὶ
2649 2649 2717 2704 τὰ
2747 2643 2896 2718 ὄντα,
2923 2644 3170 2704 τουτέστι
3197 2648 3265 2704 τά
3296 2647 3510 2722 αἰώνια,
3543 2645 3767 2723 δωρου-

354 2753 424 2795 ea
453 2753 580 2810 qua
611 2739 753 2792 sunt
772 2739 1011 2806 (aeterna
1029 2733 1278 2803 scilicet)
1297 2733 1564 2808 largitur;
1589 2749 1658 2790 ex
1681 2749 1796 2804 quo
1818 2733 1932 2788 etia

2182 2759 2273 2793 νου
2299 2755 2315 2772 ⁸
2344 2737 2394 2809 ἐξ
2425 2738 2488 2792 οὗ
2515 2739 2603 2792 καὶ
2637 2739 2700 2793 τὸ
2730 2738 2864 2793 εἶναι
2891 2743 3015 2800 τοῖς
3041 2736 3236 2801 ἄλλοις
3269 2737 3501 2814 ὑπάρχει
3547 2739 3638 2793 καί
3693 2740 3764 2794 τὸ

355 2825 488 2884 aliis
519 2825 807 2898 provenit,
839 2828 905 2880 ut
932 2839 1061 2880 esse
1091 2821 1400 2894 accipiant,
1451 2837 1636 2894 eoque
1679 2821 1935 2877 incolum

2185 2831 2286 2881 ἱναι
2317 2829 2430 2900 (20)
2463 2822 2673 2883 λαϐεῖν.
2705 2828 2773 2884 Ἡ
2805 2827 2898 2900 μὲν
2929 2827 3031 2904 γὰρ
3059 2826 3256 2882 τούτου
3287 2828 3476 2903 ἄγνοια
3529 2827 3767 2890 θάνατός

354 2917 494 2974 sint.
522 2914 711 2986 Hujus
741 2913 958 2987 quippe
981 2911 1268 2986 ignoratio
1292 2929 1449 2970 mors
1469 2915 1579 2981 est;
1599 2910 1851 2985 cognitio
1865 2929 1936 2967 ve:

2186 2937 2268 2987 rw,
2298 2917 2334 2985 ἡ
2367 2912 2425 2970 δὲ
2453 2913 2742 2991 έπίγνωσις
2789 2912 2955 2971 αὐτοῦ
2999 2915 3089 2970 καὶ
3139 2914 3430 2988 οἰκείωσις,
3478 2915 3569 2971 καὶ
3615 2917 3768 2991 πρὸς

351 3011 410 3064 et
437 3003 810 3063 necessitudo
841 3007 1018 3074 atque
1037 3001 1108 3057 ad
1131 3018 1265 3058 eum
1289 3000 1524 3058 dilectio
1546 3002 1838 3074 ductaque
1859 3017 1928 3056 cu

1741 3017 1838 3074 [ue
1859 3017 1994 3058 cum
2103 3005 2262 3062 αὐτὸν
2295 3004 2479 3082 ἀγάπη
2511 3006 2600 3062 καὶ
2625 3004 2978 3081 ἐξομοίωσις,
3013 3003 3151 3080 μόνη
3186 3007 3323 3078 ζωή.

351 3111 419 3152 eo
451 3091 932 3157 similitudo,sola
961 3093 1078 3147 vita
1099 3091 1346 3147 exsistit.

423 3185 572 3262 88}
607 3183 749 3240 VIII.
780 3186 950 3237 Hunc
981 3197 1116 3254 ergo
1146 3181 1402 3252 primum
1435 3181 1868 3253 agnoscendum
1895 3182 1995 3252 ju-

2186 3185 2256 3242 ΗΖ
2289 3187 2492 3242 Τοῦτον
2549 3183 2640 3241 οὖν
2694 3189 2910 3262 πρῶτον
2969 3183 3260 3260 ἐπιγνῶναι
3315 3188 3394 3257 τῷ
3464 3182 3768 3258 ζησομένῳ

350 3274 450 3330 bet
478 3256 530 3330 ei
561 3273 662 3346 qui
692 3288 889 3328 veram
917 3271 1095 3326 vitam
1126 3271 1204 3326 sit
1225 3273 1502 3326 acturus:
1536 3291 1564 3321 ι(
1597 3273 1778 3336 Quem
1820 3287 1932 3327 neu

2187 3295 2201 3328 ν
2235 3270 2407 3338 ὅντως
2441 3275 2584 3344 ζωὴν
2630 3273 3078 3350 παρακελεύεται,
3115 3299 3142 3327 ιι
3183 3276 3242 3330 ὃν
3273 3271 3448 3336 οὐδεὶς
3490 3271 3769 3349 ἐπιγινώ-

356 3361 518 3418 novit
545 3360 661 3417 nisi
693 3359 894 3428 Filius,
919 3364 977 3416 et
1007 3359 1098 3415 cui
1120 3359 1296 3416 Filius
1317 3359 1794 3432 revelaverit.(a)»
1817 3360 1938 3416 Exi:

2189 3385 2240 3434 ιι,
2275 3362 2326 3419 εἷ’
2357 3365 2434 3437 μὴ
2466 3365 2495 3419 6
2535 3364 2650 3426 ι”ιὸς
2702 3362 3048 3440 ἀποκαλύψῃ.
3085 3387 3114 3416 ››
3145 3365 3373 3422 Ἔπειτα
3415 3363 3479 3418 τὸ
3531 3363 3771 3438 μέγεθος

354 3451 427 3506 de
485 3449 894 3524 cognoscenda
945 3451 1036 3504 est
1093 3448 1438 3520 magnitudo
1493 3446 1808 3506 Salvatoris
1865 3466 1936 3522 po

2188 3451 2198 3507 ἱ
2231 3461 2491 3527 Σωτῆρος
2527 3455 2643 3528 μετ’
2674 3451 2876 3508 ἐκεῖνον
2908 3453 3000 3509 καὶ
3028 3455 3128 3523 τὴν
3175 3447 3472 3522 καινότητα
3509 3458 3610 3522 τῆς
3652 3452 3770 3528 χά-

353 3535 522 3596 illum
555 3553 818 3610 novaque
848 3536 1056 3609 gratia,
1089 3536 1363 3608 quodque
1394 3537 1566 3607 juxta
1625 3537 1935 3610 Apostolur

2184 3564 2253 3606 ξος
2315 3543 2526 3618 μαθεῖν,
2555 3541 2639 3598 ὅτι
2698 3540 2790 3615 δή,
2821 3543 2957 3599 κατᾶ
2999 3543 3091 3598 τὸν
3123 3539 3492 3610 Ἀπόστολον,
3523 3542 3550 3598 ὁ
3581 3541 3766 3614 νόμος

357 3649 384 3686 α
417 3628 509 3684 lex
541 3644 645 3702 per
673 3627 932 3700 Moysem
965 3625 1102 3682 data
1131 3629 1258 3693 est;
1291 3625 1484 3698 gratia
1513 3629 1571 3682 et
1624 3627 1838 3684 veritas
1894 3645 1939 3700 ρι

2185 3654 2194 3687 ι
2224 3633 2504 3694 Μωυσέως
2535 3630 2722 3703 ἐδόθη,
2745 3634 2780 3702 ἡ
2812 3633 2976 3709 χάρις
3005 3633 3092 3688 καὶ
3126 3633 3160 3702 ἠ
3192 3631 3444 3704 ἀλήθεια,
3474 3628 3546 3686 δι’
3567 3631 3767 3701 Ἰησοῦ

353 3721 556 3776 Jesum
583 3716 878 3773 Christum
912 3715 1065 3772 facta
1093 3715 1314 3788 est(b);-
1351 3731 1456 3771 nec
1487 3715 1652 3788 paria
1679 3720 1837 3785 sunt,
1865 3735 1935 3790 qu

2190 3725 2338 3776 ιστοῦ
2365 3719 2606 3796 ἐγένετο’
2640 3745 2669 3775 ιι
2703 3721 2793 3776 καὶ
2825 3719 2926 3776 οὐκ
2947 3718 3041 3776 ’ίσα
3068 3721 3138 3776 τά
3165 3721 3276 3792 (21)
3309 3717 3396 3776 διὰ
3427 3716 3628 3774 δούλου
3659 3740 3770 3773 πιο

349 3824 454 3882 per
473 3823 703 3864 servum
738 3806 968 3862 fidelem
999 3807 1135 3862 data
1164 3809 1323 3872 sunt,
1356 3810 1415 3861 et
1445 3821 1570 3877 qua:
1602 3823 1635 3861 ιι
1680 3822 1815 3864 vero
1873 3807 1931 3862 ﬁl

2185 3815 2230 3865 ιῦ
2278 3807 2535 3883 διδόμενα
2574 3815 2690 3872 τοῖς
2743 3809 2846 3865 ὑπὸ
2890 3813 2988 3866 τοῦ
3025 3810 3251 3886 γνησίου
3281 3809 3406 3864 Υἱοῦ
3464 3805 3767 3884 δωρουμέ-

352 3899 565 3954 donata
595 3900 754 3952 sunt.
794 3895 1048 3966 Denique
1077 3893 1127 3950 si
1158 3895 1373 3967 Moysis
1401 3894 1824 3978 lexsufﬁciens
1867 3913 1934 3954 er

2187 3920 2236 3962 ς.
2268 3899 2333 3954 Et
2361 3903 2487 3974 γοῦν
2518 3899 2699 3960 ἱκανὸς
2739 3899 2805 3968 ἦν
2833 3897 2862 3953 6
2893 3897 3173 3961 Μωῦσέως
3217 3897 3383 3972 νόμος
3427 3899 3570 3968 ζωήν
3614 3896 3763 3952 αἷώο

347 3991 414 4043 ut
439 3986 620 4043 vitam
656 3988 995 4058 praestaret;
1031 3984 1250 4038 frustra
1280 3983 1560 4040 nimirum
1585 3984 1846 4042 Salvator
1865 3989 1929 4058 ip.

2185 4011 2211 4042 ν
2245 3993 2570 4064 παρασχεῖν,
2601 3987 2775 4062 μάτην
2811 3987 2906 4062 μὲν
2939 3988 2967 4042 6
2998 3989 3194 4060 Κωτήρ
3247 3987 3406 4050 αὐτὸς
3455 3987 3767 4063 παραγίνε-

346 4075 668 4144 adveniret,
701 4073 1006 4146 nostrique
1036 4089 1214 4128 causa
1243 4079 1555 4144 pateretur,
1577 4075 1649 4129 ab
1671 4079 1802 4130 ortu
1835 4080 1928 4131 nat

2191 4121 2205 4148 ,
2236 4077 2326 4134 καὶ
2357 4077 2557 4154 πάσχει
2591 4075 2662 4132 δι’
2686 4080 2834 4151 ἡμᾶς
2866 4077 2972 4132 ἀπὸ
3001 4079 3260 4154 γενέσεως
3295 4077 3459 4154 μέχρι
3506 4080 3604 4131 τοῦ
3649 4097 3765 4148 0'7,-

342 4165 542 4222 vitatis
565 4164 636 4220 ad
661 4167 876 4220 metam
907 4178 1090 4234 usque
1111 4177 1350 4217 emenso
1369 4161 1639 4217 humanae
1661 4163 1788 4219 vitae
1807 4182 1924 4220 curn

2185 4167 2255 4222 ἷου
2291 4168 2392 4236 τήν
2427 4165 2825 4242 ἀνθρωπότητα
2855 4163 3158 4243 διατρέχων
3195 4185 3208 4200 ⁸
3249 4166 3424 4240 μάτην
3615 4162 3676 4220 δῖε
3733 4168 3767 4223 ὁ

345 4253 497 4312 culo.
528 4256 770 4309 Frustra
800 4267 1055 4324 quoque,
1088 4249 1190 4322 qui
1220 4248 1417 4306 omnia
1447 4249 1596 4323 legis
1645 4253 1925 4310 mandata

2183 4278 2268 4318 σας
2297 4257 2616 4325 πεποιηκὼς
2644 4253 2706 4312 ἐκ
2732 4255 2990 4326 νεότητος
3029 4256 3124 4318 τὰς
3177 4255 3450 4330 νομίμους
3503 4253 3765 4328 ἐντολὰς,

334 4343 650 4415 juventute
680 4339 1042 4414 impleverat,
1073 4345 1138 4412 ιχ(
1165 4339 1237 4395 ab
1281 4338 1416 4408 alio,
1476 4339 1558 4394 illi
1620 4341 1916 4412 provolutu

2185 4346 2238 4400 >ὰ
2269 4343 2444 4401 ἄλλου
2478 4341 2597 4421 ᾔτει
2628 4345 2942 4420 γονυπετῶν
2971 4345 3072 4415 τήν
3107 4343 3418 4402 ἀθανασίαν.
3451 4340 3594 4402 Οὐδὲ
3643 4344 3767 4422 γὰρ

341 4431 696 4489 immortalis
725 4430 854 4487 vitae
885 4433 1220 4502 exposceret
1250 4427 1508 4501 praemia.
1569 4429 1770 4502 Neque
1827 4432 1920 4488 eni

2185 4433 2430 4511 τλήρωκε
2479 4435 2643 4508 μόνον
2703 4435 2794 4490 τὸν
2853 4434 3049 4508 νόμον,
3083 4431 3230 4490 ἀλλά
3285 4434 3376 4490 καὶ
3435 4432 3590 4498 εὐθὺς
3642 4431 3767 4490 ἀπὸ

343 4521 536 4579 solum
565 4521 756 4594 legem
805 4521 1154 4588 servaverat,
1187 4518 1290 4576 sed
1322 4521 1380 4574 et
1409 4535 1443 4574 ιι
1478 4518 1670 4590 prima
1725 4524 1892 4578 aetate
1921 4540 1925 4576 1

2184 4522 2319 4596 ὗτης
2375 4522 2597 4594 ἡλικίας
2654 4522 2974 4599 ἀρξάμενος.
3033 4523 3187 4579 Ἕπεὶ
3251 4522 3342 4578 καὶ
3405 4523 3458 4578 τί
3517 4522 3656 4597 μέγα
3722 4523 3766 4594 ἦ

341 4627 472 4668 eam
501 4625 626 4666 rem
655 4606 1180 4672 incubuerat.Quid
1202 4607 1361 4663 enim
1395 4607 1590 4678 magni
1625 4613 1728 4664 aut
1773 4626 1923 4686 egre!

2190 4611 2490 4688 ὲρλαμπρον
2545 4617 2720 4688 γῆρας
2776 4609 2968 4688 ἄγονον
3027 4612 3476 4687 ἁμαρτημάτων;
3528 4607 3656 4666 ἀλλ’
3713 4610 3772 4666 έὶ

343 4703 452 4770 est,
483 4703 756 4756 senectus
778 4715 892 4756 non
919 4698 1004 4754 ita
1035 4697 1380 4754 delictorum
1404 4697 1592 4754 ferax?
1619 4699 1719 4754 sed
1753 4700 1803 4756 si
1852 4719 1925 4774 qu

2208 4700 2261 4758 ἐν
2289 4702 2620 4776 σκιρτήματι
2649 4700 2915 4774 νεοτησίῳ
2957 4699 3047 4756 καὶ
3076 4705 3156 4773 τῷ
3184 4700 3422 4756 καύσωνι
3469 4705 3572 4770 τῆς
3616 4695 3772 4767 ἠλι-

342 4786 683 4844 lasciviente
707 4788 944 4858 juventa
974 4803 1040 4843 ac
1069 4787 1257 4844 aetatis
1285 4791 1428 4843 aestu
1459 4791 1756 4845 maturum
1780 4807 1895 4862 prae

2191 4813 2216 4854 ς
2251 4791 2561 4867 παρέχηται
2621 4791 2881 4867 φρόνημα
2926 4791 3186 4863 πεπανὸν,
3239 4789 3330 4846 καὶ
3389 4783 3770 4865 πρεσϐύτερον

341 4891 583 4933 sensum
619 4876 788 4946 ferat,
823 4884 878 4932 et
907 4892 1083 4948 quam
1111 4893 1216 4948 pro
1237 4875 1522 4949 temporis
1544 4876 1770 4935 ratione
1795 4881 1916 4937 seni

2184 4879 2442 4956 ὶχρόνου,
2477 4878 2789 4954 θαυμαστὸς
2822 4879 2982 4943 οὗτος
3035 4880 3344 4955 ἀγωνιστὴς
3393 4877 3481 4934 καὶ
3527 4874 3766 4952 διαπρε-

340 4968 657 5038 appareat;
690 4963 786 5020 hic
817 4963 986 5036 plane
1018 4965 1404 5020 admirandus
1426 4981 1493 5020 ac
1517 4965 1832 5036 praeclarus
1885 4987 1919 5040 p

2187 4991 2225 5037 :,
2247 4970 2333 5024 καὶ
2395 4969 2494 5037 τὴν
2527 4969 2754 5044 γνώμην
2787 4966 3151 5042 πολιώτερος.
3186 4965 3346 5024 Ἀλλ’
3379 4966 3532 5041 ὅμως
3591 4966 3769 5030 οὗτος

341 5053 444 5128 gi],
475 5057 531 5110 et
555 5052 786 5125 judicio
815 5069 1018 5109 canus.
1053 5053 1156 5108 Hic
1187 5057 1386 5110 tamen
1417 5070 1548 5110 cum
1580 5058 1781 5112 tantus
1810 5074 1923 5116 esse

2187 5062 2402 5120 οιοῦτος
2450 5053 2692 5134 ἀκριϐῶς
2742 5058 3053 5130 πέπεισται,
3085 5055 3223 5112 διότι
3277 5057 3427 5130 αὐτῷ
3475 5055 3610 5132 πρὸς
3653 5057 3767 5128 μὲν

340 5143 611 5216 apprime
636 5145 876 5200 noverat
905 5147 1216 5214 certusque
1245 5147 1386 5210 erat,
1423 5142 1571 5198 nihil
1601 5145 1712 5200 sibi
1748 5147 1922 5218 quide

2187 5147 2442 5217 αιοσύνην
2503 5145 2656 5202 οὐδὲν
2709 5144 2873 5219 ἐνδει,
2901 5152 3047 5217 ζωῆς
3096 5144 3153 5202 δὲ
3185 5145 3332 5208 ὅλως
3364 5142 3590 5220 προσδεῖ
3621 5165 3633 5178 ·
3664 5140 3769 5201 διὸ

339 5232 410 5288 ad
439 5233 738 5305 justitiam
774 5232 1014 5290 deesse:
1049 5232 1289 5288 omnino
1319 5237 1518 5288 autem
1548 5231 1633 5288 illi
1682 5233 1800 5290 vita
1838 5253 1921 5310 0p:

2183 5237 2261 5306 τὴν
2307 5237 2447 5292 αἰτεῖ
2495 5236 2644 5310 παρὰ
2697 5240 2796 5291 τοῦ
2849 5233 3036 5292 δοῦναι
3092 5235 3259 5310 μόνου
3291 5233 3612 5309 δυναμένου.
3647 5234 3765 5290 Καὶ

338 5327 503 5394 erat;
536 5323 756 5380 idcirco
787 5320 1051 5395 praestari
1080 5324 1247 5393 rogat
1278 5320 1349 5378 ab
1379 5337 1469 5389 eo,
1505 5322 1603 5390 qui
1637 5323 1800 5381 solus
1847 5327 1920 5384 da

2183 5326 2228 5388 ὃς
2281 5327 2374 5400 μὲν
2407 5326 2498 5382 τὸν
2528 5325 2700 5400 νόμον
2731 5325 2847 5400 ἄγει
2876 5323 3206 5402 παῤῥησίαν,
3231 5329 3328 5382 τοῦ
3360 5327 3494 5380 Θεοῦ
3545 5319 3602 5378 δὲ
3655 5322 3765 5379 τὸν

408 5472 474 5540 ἄ(
512 5475 570 5532 Ρ.
602 5475 710 5530 930
739 5472 852 5532 ED.
883 5473 1188 5530 POTTER.
1221 5472 1300 5546 (α)
1322 5471 1528 5531 Matth.
1561 5491 1641 5544 x1,
1683 5476 1760 5532 l7.
1795 5477 1867 5552 (b)
1888 5479 1990 5536 Joa

1592 5491 1641 5544 :1,
1683 5476 1760 5532 l7.
1795 5477 1867 5552 (b)
1888 5479 2034 5537 Joan
2057 5496 2095 5550 ι,
2121 5481 2208 5547 17,
2233 5477 2300 5551 (ο)
2315 5479 2441 5534 Gal.
2475 5495 2537 5552 ιι,
2570 5479 2660 5536 21.
2695 5479 2774 5550 (d)
2792 5477 2966 5536 Marc.
2997 5495 3056 5551 x,
3085 5479 3174 5536 20.

406 5628 522 5775 (20;
548 5630 760 5683 Μεῖναι.
795 5627 966 5685 Forte
996 5626 1075 5716 μὴ
1109 5625 1265 5683 εἶναι.
1301 5627 1464 5685 FELL.

406 5699 489 5774 (24
547 5703 667 5758 Ἴσα
695 5697 786 5759 τά.
827 5701 934 5758 Ms.
969 5718 1046 5763 εις
1077 5699 1164 5760 τά,
1201 5703 1286 5757 In.

2169 5630 2275 5760 (ἓξ)
2331 5628 2542 5701 Μάτην.
2631 5631 2794 5690 Conf.
2876 5635 3086 5690 Strom.
3140 5649 3246 5702 vn,
3295 5650 3352 5705 p.
3410 5633 3538 5704 747,
3597 5631 3751 5702 edit.

403 5699 519 5774 (24)
547 5703 667 5758 Ἴσα
695 5699 786 5759 τά.
827 5701 934 5758 Ms.
969 5699 1046 5763 εἰς
1077 5699 1164 5760 τά,
1201 5703 1286 5757 In.

699 5699 786 5759 τά.
827 5701 934 5758 Ms.
969 5699 1046 5763 εἰς
1077 5699 1164 5760 τά.
1201 5703 1286 5757 Io.
2097 5699 2281 5760 Paris.
