4006 6200
1212 334 1219 341 ’
1287 336 1503 394 LIBER
1537 336 1710 403 QUIS
1743 332 1965 392 DIVES
2001 337 2405 392 SALVETUR.

3435 339 3545 397 6H

220 471 315 525 των
353 462 566 519 heretici.
600 462 694 520 Ἐκ
748 446 983 523 πίστεως
1031 458 1110 523 εἷς
1153 457 1335 514 πίστιν
1379 460 1785 534 μετατάσσεται.

1919 460 2108 531 )ossit.
2140 463 2211 516 At
2241 460 2479 532 quidem
2510 460 2583 515 ad
2617 458 2803 531 legem
2823 460 2977 533 quod
3000 464 3247 532 spectat,
3267 460 3437 533 longe
3452 480 3547 521 se-

213 560 280 620 Ὠς
316 550 568 629 σφαλερῶς
624 550 677 607 ἐν
724 549 886 623 νόμῳ
959 546 1202 605 σαλεύων
1269 547 1361 604 καὶ
1431 539 1794 611 ἔπικινδύνως

199 647 456 719 ναυλοχῶν,
484 641 560 707 εἰς
586 639 678 697 τὸν
713 646 951 713 Σωτῆρα
982 638 1400 715 μιθορμίζεται.

244 937 393 994 Θ¹Ὁ
509 933 1138 993 τ”Ῑῖ”’ὲλ’
1376 935 1391 949 ⁸
1528 932 1605 953 "
1736 932 1749 945 ’

292 981 304 994 .
442 955 569 1012 γοδν
672 955 841 1006 quos,
901 955 1004 990 ουκ
1121 955 1273 1012 εγχει
1337 952 1432 1008 μεν
1485 954 1666 1001 αυτον,
1721 952 1796 995 ως

192 1032 326 1082 πάντα
342 1026 407 1080 τά
431 1023 489 1080 ἐκ
516 1025 693 1099 νόμου
735 1026 814 1098 μὴ
863 1023 1293 1100 πεπληρωκότα,
1320 1022 1469 1080 ἀλλὰ
1520 1022 1609 1079 καὶ
1666 1021 1796 1098 ἀγα-

188 1115 337 1187 sint
367 1112 791 1191 ὖπερασπάζεται
821 1120 926 1184 τῆς
978 1113 1031 1168 ἐν
1067 1115 1153 1176 οἱς
1204 1109 1402 1187 ἔμαθεν
1441 1109 1745 1176 εὐπειθείας
1782 1129 1796 1144 ’

189 1205 316 1273 ἁτελῆ
354 1201 407 1260 δὲ
451 1203 585 1259 εἶναι
632 1203 800 1283 φησὶν
852 1203 927 1267 ὡς
971 1204 1107 1278 πρὸς
1134 1203 1234 1273 τήν
1268 1202 1491 1258 αἰώνιον
1526 1201 1692 1273 ζωὴν,
1723 1198 1798 1262 ὡς

186 1293 232 1350 ού
252 1292 407 1349 τέλεια
432 1292 849 1367 πεπληρωκότα
881 1313 896 1328 ο
929 1293 1020 1349 καὶ
1051 1294 1227 1368 νόμον
1264 1293 1359 1367 μὲν
1414 1290 1667 1367 ἐργάτην,
1700 1289 1799 1364 ἀρ-

183 1385 254 1460 γὸν
292 1380 339 1439 δὲ
383 1388 523 1453 ζωῆς
572 1383 872 1454 ἀληθινῆς.
906 1382 1059 1439 Καλᾶ
1116 1382 1212 1458 μὲν
1243 1381 1469 1437 κάκεῖνα
1502 1400 1515 1414 ·
1541 1379 1624 1443 τίς
1657 1376 1705 1434 δ’
1733 1375 1797 1433 οὔ

184 1493 344 1552 eam;
375 1474 434 1528 Ἡ
486 1471 589 1550 γὰρ
625 1471 885 1542 «ἐντολὴ
950 1471 1074 1549 ἁγία
1135 1494 1161 1525 ιο
1227 1468 1362 1547 ἄχρι
1422 1466 1800 1546 παιδαγωγίας

182 1563 293 1625 τινὸς
337 1562 464 1634 μετά
521 1558 705 1640 φόϐου
751 1561 844 1617 καὶ
875 1557 1263 1635 προπαιδείας,
1298 1560 1389 1616 ἐπὶ
1437 1561 1539 1629 τήν
1566 1562 1664 1614 τοῦ
1692 1559 1800 1629 Ἰη-

188 1654 257 1704 σοῦ
301 1651 613 1724 νομοθεσίαν
678 1652 783 1720 τῆν
844 1647 1009 1726 ἄκραν
1062 1648 1155 1705 καὶ
1185 1648 1350 1727 χάριν
1378 1651 1796 1727 προχωροῦσα,·

186 1737 415 1813 πλήρωμα
444 1736 501 1794 δὲ
524 1740 713 1813 νόμου
742 1740 980 1814 Χριστὸς
1004 1738 1080 1803 εἷς
1110 1735 1458 1810 δικαιοσύνην
1510 1736 1666 1793 παντῖ
1721 1740 1801 1810 τῷ

1900 568 2079 607 curus
2108 554 2254 618 erat,
2288 550 2390 606 Dei
2420 554 2619 606 tamen
2652 548 2797 606 Filio
2828 549 3141 623 supplicat.
3179 556 3257 607 Ex
3315 552 3428 609 fide
3484 554 3546 612 in

1900 642 2076 697 fidem
2108 640 2481 697 transfertur.
2508 638 2699 696 Veluti
2723 639 2824 712 qui
2848 657 2965 696 non
2989 644 3113 696 tuto
3136 641 3195 697 in
3219 642 3364 717 legis
3386 643 3547 699 navi-

1902 730 1997 804 gio
2018 731 2346 802 jactaretur
2373 746 2440 785 ac
2462 728 2789 800 periculose
2810 730 3124 787 stationem
3140 730 3445 803 habuerat,
3474 734 3548 790 ad

1900 820 2260 877 Salvatorem
2290 818 2665 877 transmittit.

1973 936 2065 994 IX.
2097 939 2169 992 At
2196 953 2331 994 vero
2345 936 2519 994 Jesus
2545 953 2661 993 non
2684 936 2851 993 illum
2878 938 3200 1011 redarguit,
3220 940 3374 1012 quod
3396 939 3544 1014 legis

1904 1026 2102 1083 omnia
2122 1043 2239 1083 non
2269 1026 2618 1100 impleverit,
2653 1026 2795 1099 quin
2819 1027 2996 1083 etiam
3031 1027 3245 1101 diligit,
3284 1033 3343 1085 et
3387 1030 3543 1103 quod

1904 1116 1999 1184 iis,
2032 1116 2248 1188 quibus
2278 1116 2467 1173 fuerat
2497 1115 2829 1183 institutus,
2852 1121 3089 1173 strenue
3110 1119 3425 1176 obsecutus
3447 1120 3545 1189 sit,

1902 1206 2097 1278 passis
2131 1206 2287 1262 ulnis
2317 1204 2713 1277 amplectitur.
2747 1207 2819 1262 ad
2844 1204 3021 1263 vitam
3045 1212 3243 1265 tamen
3267 1212 3545 1267 aeternam

1906 1294 2063 1367 quod
2096 1295 2325 1363 attinet,
2383 1295 2793 1367 imperfectum
2824 1311 2957 1352 eum
2991 1297 3352 1369 pronuntiat,
3387 1298 3544 1372 quod

1905 1403 1973 1444 ea
2003 1404 2130 1459 quas
2162 1386 2537 1459 perfectionis
2567 1391 2729 1455 sunt,
2762 1404 2877 1443 non
2902 1386 3264 1460 impleverit;
3299 1406 3365 1446 ac
3399 1389 3546 1463 legis
3618 1394 3621 1395 ⁷

1907 1476 2146 1549 quidem
2176 1475 2512 1548 operarium
2544 1474 2706 1542 dicit,
2739 1491 2939 1533 verum
2971 1476 3031 1532 in
3062 1482 3287 1534 eterna
3312 1479 3440 1536 vitae
3459 1497 3546 1539 re-

1908 1566 2019 1622 bus
2049 1568 2426 1621 cessatorem.
2451 1568 2610 1621 Bona
2630 1565 2863 1636 quidem
2895 1569 2951 1621 et
2979 1564 3115 1638 illa;
3145 1566 3279 1640 quis
3299 1572 3393 1624 eat
3412 1568 3545 1625 inﬂ-

1907 1653 2065 1710 tias?
2093 1653 2239 1710 Nam
2261 1654 2655 1710 «mandatum
2689 1658 2958 1711 sanctum
2989 1655 3067 1727 (a)
3090 1677 3118 1705 »
3150 1655 3434 1715 hactenus
3483 1662 3550 1715 ut

1909 1743 2210 1817 paedagogi
2242 1742 2553 1814 cujusdam
2573 1741 2692 1799 vice
2713 1760 2849 1799 cum
2870 1742 3081 1800 timore
3103 1744 3384 1818 fungatur
3400 1762 3548 1819 prm-

188 1828 471 1884 πιστεύοντι·
501 1830 640 1906 οὐχὶ
690 1827 750 1884 δὲ
799 1827 1033 1892 δούλους
1082 1833 1261 1884 ποιῶν
1301 1828 1377 1891 ὡς
1412 1825 1633 1897 δοῦλος,
1657 1823 1805 1882 ἀλλὰ

1919 1830 2535 1904 νίεεᾳυθίιιειίῑιιῐὶοῐιίε
2556 1831 2655 1903 (b),
2679 1831 2749 1887 ad
2774 1848 3075 1889 summum
3096 1831 3244 1907 legis
3263 1837 3406 1892 Jesu
3430 1851 3551 1892 ver-

184 1919 251 1973 ιιιὶ
274 1918 405 1982 υἱοὺς
430 1917 519 1974 καὶ
548 1917 831 1998 ἀδελφοὺς
860 1919 951 1974 καὶ
985 1917 1481 1995 συγκληρονόμοος
1512 1916 1639 1980 τοὺς
1681 1914 1798 1971 ἐπι-

182 2006 415 2071 τελοῦντας
439 2009 500 2063 τὸ
528 2008 761 2082 θέλημα
785 2012 885 2064 τοῦ
914 2007 1150 2084 Πατρός.

236 2309 282 2364 1'.
305 2331 330 2359 α
353 2305 412 2365 Εἰ
465 2304 659 2371 θέλεις
713 2301 923 2369 τέλειος
969 2306 1215 2381 γενέσθαι
1246 2324 1259 2338 ·
1295 2304 1397 2362 ούκ
1438 2304 1543 2382 ἄρα
1588 2327 1677 2362 πω
1711 2308 1800 2364 τὲ-

187 2393 299 2457 λειος
323 2395 382 2464 ἦν
406 2413 419 2428 ·
453 2393 623 2450 οὐδὲν
675 2395 780 2472 γὰρ
821 2395 1036 2451 τελείου
1089 2393 1448 2472 τελειότερον.
1482 2395 1588 2454 Καὶ
1645 2394 1806 2461 θείως

183 2485 369 2551 τὸ,ιεί
414 2485 621 2553 θέλεις,
664 2507 695 2536 n
738 2484 804 2539 τὸ
865 2483 1204 2555 αὐτεξούσιον
1264 2491 1364 2555 τῆς
1411 2482 1807 2563 προσδιαλεγο-

193 2573 323 2647 μένης
342 2574 479 2647 αὐτῷ
508 2577 715 2650 ψυχῆς
743 2571 1019 2644 ἐδήλωσεν
1055 2593 1069 2607 ο
1104 2572 1193 2629 ἐπὶ
1237 2578 1318 2647 τῷ
1375 2574 1646 2649 ἀνθρώπῳ
1700 2574 1804 2652 γὰρ

189 2664 240 2732 ἧν
263 2666 292 2732 ἦ
316 2662 529 2740 αἵρεσις,
565 2663 653 2726 ὥς
711 2660 978 2737 ἐλευθέρῳ
1004 2682 1019 2697 ο
1050 2661 1140 2718 ἐπὶ
1198 2667 1317 2737 Θεῷ
1370 2660 1428 2718 δὲ
1455 2665 1492 2734 ἡ
1523 2661 1697 2737 δόσις,
1728 2664 1803 2727 ὡς

195 2752 350 2826 Κυρίῳ.
400 2750 603 2809 Δίδωσι
669 2749 729 2806 δὲ
779 2748 1142 2827 βουλομένοις
1184 2753 1276 2807 καὶ
1337 2750 1805 2830 ὖπερσπουδακόσι

193 2842 260 2896 ui
283 2838 571 2914 δεομένοις,
598 2838 686 2896 ἵν’
717 2839 892 2904 οὕτως
936 2837 1076 2904 ἴδιος
1124 2839 1299 2896 αὐτῶν
1428 2841 1670 2918 σωτηρία
1716 2842 1807 2918 γε·

192 2950 329 2999 νηται.
358 2930 432 2989 Οὐ
485 2931 592 3006 γὰρ
666 2929 956 3005 ἀναγκάζει
1010 2931 1040 2986 ὁ
1100 2930 1231 2994 Θεὸς
1289 2929 1406 3005 (βία
1453 2931 1556 3007 γάρ
1607 2930 1805 3007 ἐχθρὸν

190 3018 480 3092 acaum
529 3025 667 3083 τοῖς
728 3022 955 3090 ζητοῦσι
1011 3019 1245 3095 πορίζει,
1277 3019 1368 3076 καὶ
1422 3025 1540 3083 τοῖς
1596 3020 1807 3076 αἰτοῦσι

189 3108 392 3183 παρέχει,
418 3109 510 3165 καὶ
564 3113 698 3170 τοῖς
747 3107 1035 3183 κρούουσιν
1102 3108 1332 3183 ἀνοίγει.
1365 3107 1431 3167 Εἰ
1480 3108 1657 3172 θὶλεις
1688 3110 1806 3180 οὗν,

1908 1921 2079 1977 ticem
2110 1920 2482 1994 gratiamque
2511 1919 2665 1976 viam
2697 1925 2966 1977 sternens
3000 1940 3013 1979 :
3056 1921 3357 1994 plenitudo
3412 1941 3548 1982 vero

1907 2009 2056 2083 legis
2069 2009 2338 2066 Christus
2352 2009 2423 2066 ad
2433 2008 2728 2082 justitiam
2742 2010 2904 2066 omni
2920 2011 3178 2068 credenti
3197 2013 3290 2086 (c);
3313 2029 3432 2071 non
3449 2013 3550 2088 qui

1910 2104 1976 2157 ut
2000 2116 2204 2157 servus
2233 2115 2428 2156 servos
2459 2097 2655 2170 faciat,
2688 2098 2790 2155 sed
2821 2103 2879 2157 et
2936 2099 3088 2157 filios
3118 2105 3177 2158 et
3230 2101 3437 2159 fratres
3493 2106 3553 2160 et

1910 2188 2264 2258 coheredes,
2297 2188 2487 2244 Patris
2518 2186 2881 2245 voluntatem
2909 2188 3191 2248 facientes
3218 2195 3477 2264 prastat.

1982 2309 2052 2361 X.
2083 2324 2107 2354 ι
2140 2305 2198 2360 Si
2227 2304 2317 2361 vis
2347 2304 2639 2377 perfectus
2657 2320 2787 2361 esse
2807 2304 2926 2377 (d)»
2946 2306 3217 2363 Nondum
3261 2321 3397 2380 ergo
3416 2323 3554 2381 per-

1912 2394 2099 2450 fectus
2129 2397 2256 2450 erat
2281 2410 2294 2448 :
2319 2394 2574 2466 perfecto
2604 2409 2861 2466 namque
2899 2393 3048 2450 nihil
3094 2395 3410 2467 perfectius
3437 2401 3552 2455 est.

1912 2485 2185 2540 Ceterum
2218 2481 2490 2556 praeclare
2519 2480 2662 2538 illud
2720 2486 2897 2554 atque
2952 2482 3178 2541 divine:
3230 2506 3260 2537 α
3288 2485 3349 2542 Si
3376 2486 3492 2556 vis,
3523 2505 3550 2540 ι

1913 2572 2303 2645 colloquentis
2359 2571 2569 2628 animle
2616 2570 2865 2629 liberam
2923 2572 3154 2630 arbitrii
3215 2574 3553 2633 facultatem

1913 2662 2208 2720 ostendit:
2240 2661 2299 2718 in
2329 2660 2565 2719 homine
2580 2660 2819 2734 quippe.
2841 2665 3125 2735 tanquam
3146 2662 3350 2736 libero,
3372 2663 3559 2723 libera

1914 2756 2039 2810 erat
2051 2750 2370 2809 voluntatis
2390 2750 2597 2808 electio
2620 2768 2637 2820 ;
2661 2752 2720 2806 in
2740 2757 2861 2808 Doe
2881 2756 3075 2809 autem
3091 2753 3249 2822 dare,
3271 2757 3555 2827 tanquam
3604 2744 3609 2747 ⁷

1919 2842 2162 2899 Ι)οωὶοο
2189 2847 2366 2914 atque
2407 2839 2651 2897 arbitro.
2708 2841 2819 2898 Dat
2869 2845 3064 2898 autem
3115 2842 3443 2899 volentibus
3499 2846 3559 2900 et

1916 2947 2151 2988 summo
2181 2930 2380 2988 studio
2418 2929 2823 2986 adnitentibus
2870 2934 2930 2986 et
2983 2932 3309 3003 orantibus,
3358 2937 3427 2989 ut
3472 2932 3558 2990 sic

1919 3020 2151 3077 illorum
2166 3020 2404 3093 propria
2414 3019 2662 3076 exsistat
2681 3018 2864 3077 salus.
2888 3019 3088 3092 Neque
3110 3021 3268 3078 enim
3289 3025 3442 3078 Deus
3459 3036 3558 3080 oo-

1916 3110 2002 3183 git
2024 3110 2139 3183 (vis
2168 3109 2327 3166 enim
2359 3109 2598 3166 inimica
2617 3113 2709 3165 est
2735 3108 2897 3180 Deo),
2917 3110 3017 3165 sed
3036 3111 3437 3181 querentibus
3458 3110 3560 3167 tri-

186 3194 635 3271 εὲὗντως,θέλεις,
673 3197 764 3253 καὶ
815 3198 893 3271 μὴ
950 3197 1134 3254 ἑαυτὸν
1181 3197 1467 3270 ἐξαπατᾷς,
1497 3205 1696 3270 κτῆσαι
1739 3201 1803 3257 τὸ

1919 3198 2064 3271 buit,
2097 3203 2157 3256 et
2183 3198 2520 3272 petentibus
2532 3198 2769 3272 praebet,
2784 3215 2850 3255 ac
2864 3198 3242 3271 pulsantibus
3254 3202 3441 3273 aperit
3461 3201 3558 3272 (ε).

185 3283 451 3346 ίνδέον.Ἔν
483 3309 573 3344 σοι
627 3287 838 3356 λείπει,
870 3288 936 3343 τὸ
987 3286 1044 3344 ’ὲν
1078 3289 1141 3345 τὸ
1186 3287 1377 3369 μένον,
1408 3290 1471 3345 τὸ
1502 3290 1723 3366 ἀγαθὸν,
1747 3292 1809 3347 τὸ

186 3371 268 3444 ἤδη
293 3377 411 3453 ὑπὲρ
439 3376 653 3451 νόμον,
688 3378 822 3453 ὅπερ
852 3377 1026 3450 νόμος
1064 3378 1128 3432 ού
1177 3373 1427 3447 δίδωσιν,
1460 3379 1594 3455 ὅπερ
1639 3378 1811 3453 νόμος

188 3463 235 3518 οὗ
256 3472 429 3542 χωρεῖ,
451 3468 485 3522 ’ὁ
510 3471 629 3522 τῶν
672 3467 892 3535 ζώντων
922 3462 1065 3521 ἴδιόν
1123 3464 1287 3524 ἐστιν.
1321 3465 1552 3540 Ἀμέλει
1582 3468 1610 3523 ὁ
1640 3469 1814 3525 πάντα

192 3554 339 3611 τᾶτοῦ
365 3556 537 3630 νόμου
566 3555 886 3632 πληρώσας
916 3553 975 3612 ἐκ
1005 3553 1261 3626 νεότητος
1290 3557 1380 3612 καὶ
1428 3556 1495 3612 τὰ
1537 3557 1814 3634 ὑπέρογκα

192 3645 531 3719 tanaim,
560 3644 625 3700 ἓν
661 3648 829 3699 τοῦτο
858 3651 1129 3721 πραθῆναι
1158 3650 1275 3707 τοῖς
1304 3644 1460 3709 ὅλοις
1490 3645 1553 3702 ού
1584 3644 1814 3719 δεδύνη-

192 3751 275 3801 ται,
298 3734 353 3790 τὸ
402 3739 498 3791 τοῦ
557 3740 837 3809 Σωτῆρος
883 3732 1177 3809 ἐξαίρετον,
1205 3733 1301 3790 ’ίνα
1326 3731 1469 3810 λάϐῃ
1505 3737 1649 3806 ζωήν
1678 3736 1811 3792 αἰώ-

194 3843 301 3891 νιον,
326 3826 382 3893 ἣν
407 3824 592 3880 ἐπόθει
625 3843 645 3857 ’
682 3820 831 3878 ἀλλά
862 3820 1199 3899 δυσχεράνας
1241 3824 1506 3897 ἀπῆλθεν,
1528 3826 1813 3901 ἀχθεσθεὶς

192 3914 257 3982 τῷ
292 3913 709 3991 παραγγέλματι
762 3918 865 3981 τῆς
912 3916 1081 3982 ζωῆς,
1145 3913 1281 3989 ὑπὲρ
1332 3915 1399 3983 ῆς
1454 3914 1710 3972 ἱκέτευεν.
1740 3914 1813 3969 Ού

190 4002 268 4075 vi;
314 4003 526 4072 ἀληθῶς
592 4005 753 4073 ζωὴν
806 4000 1025 4075 ἤθελεν,
1052 4002 1127 4064 ὡς
1172 4000 1421 4080 ἔφασκεν,
1462 4004 1608 4060 ἀλλὰ
1657 4003 1811 4075 δόξαν

192 4091 516 4167 προαιρέσεως
576 4093 795 4168 Erebi:
859 4090 1030 4164 μόνην
1075 4086 1470 4165 περιεϐάλλετο
1504 4113 1516 4126 ·
1548 4092 1639 4148 καὶ
1688 4092 1814 4170 περὶ

191 4177 339 4233 πολλὰ
368 4181 457 4252 μὲν
491 4180 618 4243 οἷός
650 4200 709 4234 τε
750 4179 820 4249 ἦν
853 4178 1236 4254 ἀσχολεῖσθαι,
1264 4181 1328 4235 τὸ
1386 4177 1445 4236 δὲ
1485 4179 1565 4253 ἓν,
1596 4182 1658 4237 τὸ
1712 4183 1812 4252 τῆς

194 4269 306 4335 ζωῆς
356 4264 518 4345 ἔργον
582 4266 861 4331 ἀδύνατος
918 4268 1011 4323 καὶ
1066 4266 1387 4344 ἀπρόθυμος
1435 4269 1527 4325 καὶ
1584 4270 1813 4339 ἀσθενὴς

190 4352 409 4416 ἐκτελεῖν.
438 4358 671 4415 Ὅποῖόν
732 4379 788 4414 τι
844 4357 935 4413 καὶ
991 4358 1129 4434 πρὸς
1162 4361 1264 4429 τὴν
1298 4360 1526 4436 Μάρθαν
1587 4360 1731 4416 εἶπεν
1784 4361 1814 4416 ὁ

192 4447 350 4523 Σειήρ
378 4447 813 4525 ἆσχολουμένην
853 4444 1043 4503 πολλὰ
1094 4448 1201 4503 καὶ
1235 4446 1674 4525 περιελκομένην
1723 4449 1813 4505 καὶ

188 4541 557 4612 ταρασσομένην
612 4536 944 4601 διακονικῶς
974 4556 992 4574 ο
1016 4539 1118 4609 τὴν
1168 4536 1228 4594 δὲ
1256 4536 1498 4619 ἀδελφὴν
1549 4539 1817 4616 αἴτιωμὲ-

192 4642 285 4693 νην,
309 4628 387 4681 δτι
412 4629 477 4682 τὸ
519 4629 822 4702 ὑπηρετεῖν
866 4625 1239 4698 ἀπολιποῦσα,
1263 4633 1383 4692 τοῖς
1427 4629 1587 4685 ποσὶν
1639 4631 1813 4686 αὐτοῦ

189 4720 555 4789 manu,
608 4719 920 4792 μαθητικῆν
966 4716 1175 4796 ἄγουσα
1220 4717 1466 4796 σχολήν
1504 4743 1533 4771 ‹‹
1567 4718 1644 4775 Σὺ
1690 4722 1817 4798 περὶ

194 4799 347 4860 una
368 4807 617 4882 ταράσσῃ
653 4828 667 4842 υ
703 4806 888 4883 Μαρία
917 4805 976 4863 δί
1000 4808 1102 4879 τὴν
1134 4807 1344 4884 ἀγαθὴν
1383 4806 1581 4883 μερίδα
1637 4807 1818 4880 ἐξελὲ-

195 4888 315 4964 Erro,
340 4896 426 4951 καὶ
470 4895 579 4952 οὐκ
629 4895 1052 4974 ἀφαιρεθήσεται
1103 4897 1195 4951 ἀπ’
1228 4894 1396 4966 αὐτῆς
1424 4917 1438 4932 ·
1472 4921 1502 4950 ››
1535 4894 1678 4953 οὕτω
1725 4896 1816 4952 καὶ

193 4984 352 5067 τοότον
401 4983 649 5052 ἐκέλευε,
705 4989 806 5051 τῆς
884 4985 1421 5063 πολυπραγμοσύνης
1498 4982 1814 5067 ἀφειμένον,

195 5065 255 5121 bi
292 5071 717 5147 προστετηκέναι
764 5075 856 5130 καὶ
906 5071 1367 5150 προσκαθέζεσθαι
1393 5078 1463 5151 τῇ
1504 5065 1691 5152 χάριτι
1719 5080 1817 5132 τοῦ

198 5160 319 5227 Cari,»
341 5162 561 5219 αῗὼνιον
596 5160 970 5239 προτιθέντος.

1922 3288 1981 3345 Si
2002 3288 2088 3346 vis
2113 3288 2315 3362 igitur,
2349 3288 2403 3345 si
2456 3304 2590 3345 vere
2641 3288 2748 3356 vis,
2801 3292 2859 3343 et
2908 3286 3165 3361 teipsum
3206 3304 3321 3345 non
3379 3289 3558 3361 fallis,

1922 3378 2068 3434 illud
2099 3394 2377 3451 compara
2398 3393 2514 3449 quo
2539 3377 2827 3434 deﬁceris.
2851 3375 3045 3434 Unum
3062 3378 3171 3435 tibi
3194 3379 3360 3435 deest
3381 3395 3397 3448 ;
3417 3378 3562 3436 illud

1922 3485 2108 3525 unum
2139 3468 2296 3540 quod
2328 3470 2549 3537 manet,
2581 3467 2737 3539 quod
2770 3467 2991 3524 bonum
3011 3470 3121 3534 est,
3144 3468 3301 3540 quod
3331 3472 3424 3525 est
3434 3469 3560 3540 jam

1922 3575 2104 3631 supra
2133 3557 2346 3631 legem,
2376 3557 2533 3628 quod
2564 3554 2657 3612 lex
2676 3572 2792 3612 non
2824 3557 2944 3623 dat,
2972 3556 3127 3628 quod
3159 3555 3252 3613 lex
3300 3573 3417 3614 non
3462 3573 3562 3614 ca-

1924 3646 2030 3719 pit,
2064 3646 2221 3719 quod
2242 3645 2564 3702 viventium
2597 3645 2901 3717 proprium
2931 3649 3039 3702 est.
3070 3645 3333 3719 Denique
3354 3646 3455 3719 qui
3474 3652 3563 3704 to-

1921 3740 2044 3792 tam
2068 3735 2254 3807 legem
2288 3751 2322 3791 a
2343 3736 2654 3805 juventute
2681 3733 3042 3806 impleverat,
3074 3739 3134 3791 et
3162 3736 3261 3807 qui
3285 3737 3358 3792 de
3386 3752 3449 3793 se
3478 3736 3565 3793 sic

1925 3828 2328 3897 magnaatque
2349 3824 2604 3895 superba
2624 3824 2856 3880 locutus
2872 3829 3019 3890 erat,
3037 3839 3222 3881 unum
3249 3825 3354 3882 hoc
3375 3824 3566 3883 omni-

1924 3915 2035 3970 bus
2067 3928 2271 3986 parare
2300 3913 2585 3984 nequivit,
2617 3914 2772 3985 quod
2794 3912 3111 3970 Salvatoris
3132 3913 3430 3987 singulare
3453 3918 3565 3987 est,

1926 4008 1991 4059 ut
2002 4003 2178 4058 vitam
2193 4007 2496 4069 aeternam,
2511 4003 2681 4073 cujus
2694 4019 2765 4059 eu
2776 4019 2827 4059 m
2851 4003 3209 4060 desiderium
3227 4004 3566 4075 incesserat,

1925 4093 2237 4166 arriperet:
2260 4092 2324 4157 ἰι
2354 4092 2457 4148 sed
2487 4092 2675 4148 tristis
2705 4092 2869 4161 abiit,
2915 4092 3045 4148 vitae
3104 4094 3381 4150 mandato
3429 4110 3567 4168 gra-

1923 4187 2115 4253 vatus,
2146 4182 2318 4253 cujus
2349 4181 2541 4254 gratia
2558 4180 2949 4254 supplicatum
2973 4187 3230 4238 venerat.
3254 4182 3381 4239 Non
3405 4183 3565 4238 enim

1923 4286 2058 4329 vere
2087 4272 2267 4328 vitam
2290 4270 2607 4337 ambiebat,
2640 4275 2705 4327 ut
2730 4271 2924 4327 verbis
2954 4272 3321 4344 proferebat;
3345 4270 3447 4327 sed
3470 4270 3567 4326 bo-

1926 4379 2014 4417 na:
2044 4361 2332 4417 duntaxat
2372 4359 2691 4416 voluntatis
2739 4360 2958 4417 famam
3017 4360 3454 4431 aucupabatur:
3498 4373 3567 4415 ac

1926 4450 2167 4515 quidem
2196 4451 2354 4506 circa
2380 4449 2573 4505 multa
2600 4447 2888 4505 sollicitus
2916 4464 3047 4505 esse
3102 4450 3347 4521 poterat,
3379 4462 3569 4504 unum

1926 4556 2060 4596 vero
2080 4539 2251 4607 illud,
2279 4555 2428 4611 opus
2458 4536 2601 4593 illud
2630 4536 2841 4594 salutis
2870 4541 2938 4593 ut
2966 4538 3289 4610 perficeret,
3320 4552 3439 4592 non
3467 4552 3568 4594 va-

1922 4630 2080 4687 lebat
2111 4646 2126 4697 ;
2159 4628 2335 4699 inque
2365 4642 2486 4684 rem
2517 4627 2768 4699 supinus
2801 4630 2859 4683 et
2887 4626 3162 4684 inﬁrmus
3207 4628 3353 4685 erat.
3403 4627 3570 4684 Sicut

1925 4718 2083 4776 enim
2113 4716 2349 4773 Martha;
2375 4715 2522 4773 dixit
2550 4714 2861 4783 Dominus,
2893 4732 3029 4773 cum
3058 4715 3121 4772 in
3161 4714 3365 4773 multis
3412 4722 3569 4773 esset

1927 4807 2183 4865 sollicita
2201 4810 2261 4864 et
2291 4805 2666 4861 ministrandi
2699 4821 2842 4862 cura
2870 4804 3295 4863 distraheretur
3321 4822 3389 4862 ac
3442 4810 3570 4863 tur-

1927 4898 2185 4964 baretur,
2214 4895 2522 4968 sororique
2547 4893 2689 4951 vitio
2712 4894 2878 4951 daret
2904 4895 3084 4966 quod,
3134 4894 3337 4952 relicto
3394 4894 3572 4951 mini-

1927 4986 2127 5054 sterio,
2173 4985 2401 5042 sederet
2457 4985 2527 5040 ad
2585 4984 2765 5057 pedes
2823 4984 2975 5056 ejus,
3030 4984 3328 5058 discipula
3385 4985 3571 5042 otium

1927 5081 2210 5150 captans:
2244 5097 2273 5126 «
2296 5075 2384 5130 Tu
2415 5089 2554 5146 erga
2574 5073 2764 5130 multa
2782 5072 3039 5131 turbaris
3071 5088 3085 5129 :
3138 5073 3324 5130 Maria
3375 5076 3573 5130 autem

1928 5167 2212 5238 optimam
2228 5168 2452 5237 partem
2466 5163 2661 5235 elegit,
2674 5180 2798 5235 quas
2816 5179 2931 5221 non
2945 5164 3242 5220 auferetur
3262 5163 3333 5219 ab
3355 5179 3424 5221 ea
3443 5162 3570 5234 (1);»

192 5245 259 5303 ita
281 5250 426 5310 hunc
455 5271 725 5327 quoque,
757 5256 1064 5328 negotiosa
1091 5256 1475 5330 occupatione
1491 5256 1848 5327 omissa,uni
1878 5261 2110 5315 tantum
2142 5254 2642 5326 adhaarerejubet,
2665 5254 2909 5326 ejusque
2928 5253 3188 5311 assidere
3216 5252 3438 5325 gratiis,
3470 5264 3574 5323 qui

198 5332 302 5405 ipse
326 5341 501 5399 vitam
532 5347 821 5400 sternam
854 5352 1215 5417 proponeret.

245 5606 510 5689 *_P.fﬁi
553 5610 674 5689 Ερ.
724 5612 1026 5689 ΡΟΤΤΕῌ.
1077 5614 1158 5689 is)
1217 5612 1390 5671 ROM.
1423 5631 1549 5689 Δνιι,
1605 5614 1674 5670 12
1728 5614 1802 5688 (b)

1919 5616 2104 5689 11.111,
2157 5614 2249 5672 24.
2308 5613 2380 5687 (c)
2440 5614 2609 5671 Rom.
2658 5629 2718 5687 x,
2771 5612 2825 5670 4.
2876 5611 2968 5687 (d)
3024 5608 3233 5668 Matth.
3290 5623 3411 5678 xix,
3477 5608 3569 5663 21.

194 5678 599 5758 (libatum
618 5685 693 5757 7;
723 5685 862 5745 an.
892 5702 952 5744 xx
978 5686 1037 5746 9.
1065 5678 1300 5760 (D'Luc.
1321 5702 1383 5756 ι,
1410 5685 1503 5756 41,
