4006 6200
427 365 535 424 615

1659 344 2060 401 ΟῙιΕΜΕΝΤΙΒ
2098 343 2598 399 ALEXANDRINI

3731 351 3847 406 616

497 487 602 544 XI.
637 482 786 552 Quid
819 494 956 552 ergo
985 476 1094 533 fuit
1125 474 1281 548 quod
1312 472 1398 527 illi
1431 471 1627 543 fugam
1655 467 1865 532 suasit,
1906 464 2071 520 fecit-

2257 463 2363 520 IA'.
2397 464 2456 517 Τί
2489 463 2666 520 τοίνυν
2698 466 2764 534 ἦν
2793 465 2857 521 τὸ
2907 467 3353 542 προτρεψάμενον
3397 469 3558 525 αὐτὸν
3607 469 3686 534 είς
3736 494 3850 546 φυ-

431 594 543 652 que
573 579 640 631 ut
667 589 730 629 se
761 589 795 628 a
829 568 1130 642 magistro,
1179 582 1213 620 a
1260 558 1707 652 supplicatione,
1769 576 1802 613 a
1859 573 1982 652 spe,
2008 645 2020 652 ι
2043 571 2078 610 a

430 645 567 734 vita,
599 682 631 720 a
662 659 959 718 laboribus
985 655 1345 729 quibusjam
1377 650 1724 722 perfunctus
1754 650 1898 716 erat,
1932 645 2076 702 sub-

429 757 667 813 duceret
691 754 713 807 ?
739 750 976 819 Nempe,
1010 769 1038 796 «
1061 743 1259 799 Vende
1292 757 1418 812 quae
1470 739 1705 794 habes.»
1763 737 1910 802 Quid
1941 749 2076 790 vero

432 847 543 903 hoc
565 842 672 900 sibi
702 836 1061 895 vult?Haud
1095 848 1253 902 sane,
1286 831 1442 902 quod
1477 828 1713 900 quidam
1749 826 1916 881 obvio
1958 829 2075 879 sta-

431 935 538 991 tim
571 946 750 988 sensu
783 925 1103 997 accipiunt,
1130 920 1438 977 facultates
1471 916 1672 988 projici
1702 915 1869 986 jubet
1897 917 1954 968 et
1985 929 2078 984 pe-

432 1021 636 1080 cunias
688 1037 723 1074 a
780 1033 843 1072 se
894 1028 1197 1080 amovere;
1233 1009 1334 1065 sed
1368 1023 1495 1079 quze
1528 1006 1600 1060 de
1661 1003 1879 1059 divitiis
1929 1018 2080 1057 vana

424 1112 652 1186 judicia
683 1111 821 1166 sunt
841 1106 1039 1161 animo
1071 1099 1482 1163 exterminare,
1511 1111 1650 1167 erga
1671 1111 1769 1150 eas
1800 1094 2075 1186 effrenem

431 1180 741 1260 libidinem
777 1213 844 1253 ac
877 1193 1134 1250 avaritiae
1165 1190 1381 1258 labem,
1409 1180 2078 1248 sollicitudines,saeculi

434 1292 658 1366 spiuas,
692 1303 818 1360 qua:
852 1284 1142 1340 suﬂ‘ocant
1167 1279 1297 1333 vita;
1331 1293 1552 1332 semen.
1576 1274 1745 1330 Haud
1771 1272 1924 1328 enim
1951 1287 2076 1366 ma-

434 1358 619 1454 gnum
649 1358 1014 1449 dignumque
1047 1367 1440 1434 aemulatione,
1475 1369 1715 1430 temere,
1748 1379 1862 1417 non
1892 1366 1958 1416 ut
1992 1358 2077 1414 vi-

434 1448 553 1529 tam
588 1448 973 1530 nanciscaris,
1004 1458 1224 1516 divitiis
1273 1471 1507 1523 carere;
1571 1453 1655 1509 sic
1686 1467 1943 1522 namque
1975 1448 2076 1520 qui

434 1558 583 1618 nihil
613 1571 856 1630 prorsus
886 1552 1130 1618 habent,
1164 1546 1288 1616 sed,
1321 1543 1482 1601 omni
1502 1540 1766 1598 destituti
1785 1539 1911 1596 vitae
1930 1537 2078 1630 sola:

431 1650 537 1719 tio,
566 1627 893 1721 quotidiani
930 1637 1181 1696 mendici
1229 1651 1332 1708 per
1386 1633 1512 1688 vias
1570 1631 1777 1721 inopes
1816 1627 2076 1721 projecti

435 1718 602 1807 sunt,
623 1752 754 1793 cum
784 1737 838 1788 et
871 1733 1048 1786 Deum
1079 1727 1353 1798 ignorent
1388 1722 1608 1796 Deique
1631 1718 1952 1792 justitiam,
2010 1733 2078 1773 ea

436 1830 719 1885 duntaxat
750 1821 976 1878 ratione
1010 1817 1166 1889 quod
1184 1819 1442 1905 estrema
1462 1812 1806 1905 premantur
1825 1822 2074 1905 pauper-
2105 1839 2154 1904 B

438 1922 580 1987 tate,
613 1911 890 1984 omnique
920 1907 1051 1963 vita:
1083 1902 1350 1960 subsidio
1382 1902 1639 1964 careant,
1671 1914 1737 1954 ac
1767 1895 1854 1952 vel
1896 1895 2074 1987 mini-

438 1983 953 2065 mis‘deﬁciantur,
981 1993 1246 2052 omnium
1270 1987 1591 2046 beatissimi
1619 1989 1816 2044 essent
1845 2001 1910 2041 ac
1941 1983 2076 2040 reli-

439 2091 780 2169 giosissimi,
839 2087 1063 2158 solique
1123 2086 1419 2152 compotes
1465 2078 1597 2132 vitae
1654 2079 1900 2130 aeternae.
1962 2073 2077 2129 Nec

438 2167 586 2242 nova
607 2199 699 2237 res
729 2177 997 2235 abdicare
1029 2172 1281 2235 divitias,
1339 2172 1392 2223 et
1452 2167 1512 2221 in
1571 2179 1857 2237 pauperes
1906 2167 2081 2233 atque

437 2288 651 2348 egenos
681 2265 912 2338 elargiri
939 2282 954 2335 ;
987 2261 1142 2334 quod
1174 2265 1230 2315 et
1261 2256 1431 2348 multi
1464 2258 1598 2311 ante
1627 2251 1944 2348 Salvator-is
1975 2251 2078 2306 ad-

434 2340 675 2418 ventum
696 2354 1117 2430 praestiterunt,
1143 2365 1260 2421 qua
1271 2351 1334 2402 ut
1351 2346 1678 2400 litterarum
1695 2340 1906 2398 studiis
1925 2357 2080 2430 mor-

439 2456 669 2520 tuaaque
699 2428 1001 2518 sapientiae
1023 2440 1319 2506 vacarent,
1353 2451 1467 2506 qua
1499 2436 1563 2488 ut
1592 2431 1756 2488 inani
1798 2428 2082 2502 jactantia

441 2538 700 2598 nominis
727 2534 1053 2593 claritatem
1085 2545 1149 2584 ac
1190 2523 1448 2600 gloriolae
1505 2538 1707 2578 curam
1755 2522 2080 2593 captarent.

440 2635 814 2700 Anaxagoras,
841 2617 1171 2688 Democriti,
1202 2617 1492 2672 Cratetes.

514 2697 672 2773 θεέ
687 2715 815 2770 XII.
847 2710 995 2776 Quid
1017 2709 1198 2780 igitur
1217 2708 1282 2760 ut
1305 2718 1517 2758 novum
1539 2699 1760 2770 Deique
1781 2697 2080 2770 proprium

439 2807 628 2882 jubet,
660 2820 727 2860 ac
755 2801 950 2858 solum
980 2793 1271 2868 ejusmodi
1297 2789 1685 2882 rutivivif‘icare
1707 2791 1904 2882 queat,
1928 2785 2083 2882 quod

445 2875 709 2968 antiquis
731 2891 979 2948 salutem
1014 2902 1130 2942 non
1163 2881 1406 2940 attulit?
1436 2879 1580 2945 Quid
1609 2893 1782 2968 vero”
1806 2875 2084 2968 eximium

445 2962 678 3059 quidvac
709 2977 1005 3054 singulare
1037 2991 1186 3031 nova
1219 2975 1508 3040 creatura,
1551 2967 1650 3022 Dei
1679 2965 1862 3022 Filius
1884 2962 2089 3036 praeci-

440 3055 530 3149 pit
557 3090 624 3130 ac
654 3069 870 3128 docet?
898 3071 1022 3122 Non
1057 3065 1162 3119 hoc
1193 3060 1434 3149 mandat
1465 3057 1647 3149 quod,
1669 3055 1730 3149 in
1787 3057 2088 3149 aspectum

444 3140 622 3234 cadit,
655 3159 810 3233 quod
842 3157 939 3214 alii
969 3156 1175 3220 iecere,
1207 3151 1303 3207 sed
1339 3147 1496 3234 aliud
1555 3145 1688 3218 quid
1715 3233 1721 3234 γ
1745 3145 1942 3234 majus
2001 3140 2093 3196 di-

446 3232 759 3321 viniusque
788 3251 845 3303 et
875 3242 1208 3318 perfectius,
1259 3237 1412 3309 quod
1442 3233 1543 3289 illo
1574 3232 1977 3306 signiﬁcatur:
2028 3235 2094 3286 ut

450 3341 716 3396 animum
747 3335 973 3392 scilicet
997 3331 1386 3399 ati'ectumque
1441 3323 1595 3379 vitiis
1657 3323 1970 3386 nudemus,
2029 3336 2096 3376 ac

455 3447 582 3502 qua:
609 3425 800 3483 aliena
831 3426 988 3491 sunt,
1022 3417 1303 3474 radicitus
1354 3431 1422 3470 ex
1451 3429 1517 3469 eo
1570 3411 1986 3467 exscindamus
2041 3413 2099 3464 et

453 3499 780 3590 ejiciamus.
811 3517 934 3568 Hoc
966 3505 1246 3563 nimirum
1281 3503 1386 3558 viri
1418 3500 1611 3557 ﬁdelis
1650 3500 1951 3572 proprium
1991 3499 2097 3553 do-

453 3586 820 3671 cumentum,
853 3600 1150 3672 dignaque
1177 3593 1469 3649 Salvatore
1525 3590 1810 3646 doctrina.
1864 3586 2098 3659 Antiqui

453 3697 633 3765 enim,
652 3689 1002 3763 contemptis
1013 3683 1418 3750 exterioribus,
1433 3680 1839 3753 possessiones
1861 3677 2096 3749 quidem

454 3785 999 3858 reliquerunt>1<ac
1032 3775 1393 3840 amiserunt;
1456 3771 1552 3826 sed
1595 3768 1734 3824 vitia
1793 3766 1973 3822 animi
2032 3782 2098 3821 ac

452 3855 918 3950 perturbationes
950 3865 1200 3923 arbitror
1227 3866 1285 3918 et
1314 3863 1623 3916 auxerunt.
1664 3856 1908 3950 Superbi
1941 3855 2098 3950 enim

453 3943 521 4022 ex
555 3965 661 4020 hoc
686 3967 743 4016 et
764 3959 895 4017 elati
931 3957 1260 4016 evaserunt,
1288 3951 1484 4006 inanis
1503 3947 1696 4021 gloria
1721 3945 1898 4018 pleni,
1922 3949 1980 3999 et
1999 3943 2100 4016 qui

454 4052 814 4124 reliquorum
849 4047 1186 4115 contemptu
1214 4041 1589 4105 ducerentur,
1630 4034 1795 4106 quasi
1847 4033 1959 4104 ipsi
1993 4032 2098 4087 ali-

452 4121 598 4215 quid
629 4156 807 4212 supra
837 4135 1137 4191 hominem
1171 4128 1513 4203 gessissent.
1561 4124 1862 4215 Quomodo
1919 4121 2101 4215 igitur

451 4211 720 4290 salvator
744 4229 803 4283 in
836 4230 1120 4281 aeternum
1147 4217 1392 4274 victuris
1426 4214 1785 4288 praeciperet,
1826 4228 1950 4282 quae
1984 4211 2104 4266 sint

448 4321 719 4378 nocitura
743 4316 1058 4384 labemque
1089 4308 1361 4372 allatura,
1387 4303 1540 4376 quod
1569 4301 1778 4358 attinet
1798 4302 1866 4355 ad
1896 4299 2102 4365 vitam,

450 4425 628 4485 quam
660 4409 862 4463 sancte
891 4395 1246 4475 pollicetur?
1272 4395 1418 4485 Nam
1455 4393 1565 4449 etsi
1598 4389 1741 4445 illud
1763 4387 2100 4485 contigerit,

452 4477 644 4574 potest
663 4496 822 4570 quis,
843 4489 1108 4565 deposito
1141 4484 1482 4542 facultatum
1503 4495 1696 4574 onere,
1721 4477 2103 4574 nihilominus

2186 553 2313 624 γὴν,
2368 554 2456 607 καὶ
2503 557 2750 619 ’ποιῆσαν
2821 555 3280 630 ἀπαυτομολῆσαι
3339 563 3436 614 τοῦ
3484 557 3845 630 διδασκάλου,

2182 640 2281 707 τῆς
2329 642 2560 712 ἱκεσίας,
2588 651 2688 713 τῆς
2747 642 2995 718 ἐλπίδος,
3026 653 3126 716 τῆς
3159 652 3325 717 ζωῆς,
3355 652 3465 703 τῶν
3494 669 3848 726 προπεπονη-

2191 729 2402 804 μένων;
2435 756 2461 783 ‹‹
2499 731 2766 804 Πώλησον
2794 735 2861 789 τὰ
2895 736 3220 812 ὑπάρχοντά
3252 759 3368 794 σου,
3409 763 3437 790 ››
3467 739 3535 795 Τί
3570 735 3628 794 δὶ
3675 741 3846 794 τοῦτό

2188 820 2329 875 ἐστιν
2358 840 2371 890 ;
2403 820 2524 898 Οὐχ
2568 821 2601 876 ἃ
2649 823 2965 899 προχείρως
3016 823 3268 901 δέχονταί
3304 847 3472 896 τινες,
3503 829 3602 897 τήν
3665 829 3844 904 ὑπάρ-

2186 935 2389 990 χουσαν
2441 915 2620 970 οὐσίαν
2669 916 2967 993 ἀπορρίψω
3013 921 3338 993 προστάσσει
3387 920 3478 974 καὶ
3536 921 3846 990 ἀποστῆναι

2187 1003 2291 1058 ἀπὸ
2319 1008 2426 1059 τῶν
2453 1006 2759 1080 χρημάτων
2797 1025 2809 1038 ⁶
2846 1005 2993 1062 ἀλλά
3020 1010 3088 1062 τὰ
3143 1005 3390 1083 δόγματα
3437 1009 3562 1084 περῖ
3610 1011 3847 1084 χρημά-

2185 1114 2290 1147 των
2350 1093 2582 1166 ἐξορίσαι
2638 1102 2738 1165 τῆς
2796 1099 3002 1171 ψυχῆς,
3034 1097 3136 1165 τὴν
3166 1097 3288 1174 περῖ
3325 1096 3456 1152 αὐτὰ
3497 1098 3688 1153 πτοίαν
3747 1101 3849 1154 καὶ

2183 1180 2364 1253 νόσον,
2395 1182 2492 1246 τὰς
2547 1183 2834 1258 μερίμνας,
2875 1185 2970 1247 τὰς
3027 1183 3259 1247 ἀκάνθας
3316 1189 3418 1240 τοῦ
3469 1186 3614 1261 βίου,
3663 1185 3720 1239 αἳ
3779 1185 3851 1239 τὸ

2186 1271 2400 1345 σπέρμα
2460 1278 2559 1341 τῆς
2637 1275 2780 1341 ζωῆς
2853 1271 3245 1348 συμπνίγουσιν
3320 1271 3458 1331 Οὔτε
3533 1273 3637 1351 γὰρ
3704 1273 3851 1349 μέγα

2183 1361 2273 1414 καὶ
2307 1358 2557 1430 ζηλωτὸν
2587 1360 2650 1414 τὸ
2679 1357 2974 1430 τηνάλλως
3001 1361 3225 1435 ἀπορεῖν
3271 1362 3575 1438 ’χρημάτων
3632 1365 3712 1436 μὴ
3754 1362 3851 1418 ἐπὶ

2185 1447 2342 1524 λόγῳ
2376 1454 2521 1518 ζωῆς
2555 1466 2568 1480 '
2605 1447 2745 1503 οὕτω
2780 1449 2874 1522 μὲν
2931 1448 3034 1526 γὰρ
3091 1449 3221 1517 ’ἦσαν
3278 1452 3329 1505 οἱ
3393 1450 3561 1526 μηδὲν
3618 1448 3852 1527 ἔχοντες

2189 1533 2443 1610 μηδαμῆ,
2485 1533 2632 1591 ἀλλὰ
2674 1535 2876 1611 ἔρημοι
2925 1537 3016 1592 καὶ
3077 1545 3323 1611 μεταῖται
3352 1544 3460 1595 τῶν
3487 1539 3568 1618 ἐφ’
3599 1542 3848 1615 ἡμέραν,

2185 1626 2238 1679 οἱ
2269 1626 2404 1679 κατᾶ
2430 1626 2526 1687 τὰς
2559 1622 2721 1687 ὁδοὺς
2771 1625 3094 1701 ἐρριμμένοι
3138 1627 3380 1703 πτωχοὶ,
3411 1628 3733 1706 ἀγνοοῦντες
3788 1626 3850 1683 δὲ

2185 1714 2312 1768 Θεὸν
2344 1715 2430 1768 καὶ
2465 1711 2810 1785 δικαιοσύνην
2845 1719 3000 1784 Θεοῦ,
3033 1717 3149 1772 κατ’
3183 1715 3313 1772 αὐτὸ
3369 1718 3533 1790 μόνον
3562 1718 3626 1773 τὸ
3658 1715 3847 1793 ἄκρως

2187 1802 2408 1876 ἀπορεῖν
2486 1801 2575 1856 καὶ
2651 1802 2956 1877 ἀμηχανεῖν
3027 1804 3149 1878 βίου
3220 1804 3310 1859 καὶ
3370 1810 3478 1860 τῶν
3531 1803 3848 1881 ἐλαχίστων

2187 1888 2458 1959 σπανίζειν
2513 1891 2922 1966 μακαριώτατοι
2970 1891 3060 1947 καὶ
3112 1892 3540 1971 θεοφιλέστατοι,
3589 1894 3682 1948 καὶ
3741 1896 3849 1968 μό-

2185 2000 2268 2034 νοι
2304 1981 2447 2048 ζωὴν
2481 1977 2699 2055 ἔχοντες
2726 1979 2967 2034 αἰώνιον.
3005 1979 3146 2038 Οὔτε
3173 1983 3352 2037 καινὸν
3398 1984 3459 2037 τὸ
3511 1983 3851 2038 ἀπείπασθαι

2186 2067 2423 2122 πλοῦτον
2455 2067 2547 2122 καὶ
2593 2067 2919 2144 χαρίσασθαι
2949 2075 3201 2144 πτωχοῖς
3229 2071 3264 2140 ἢ
3295 2071 3542 2141 πένησιν,
3575 2071 3605 2126 ὃ
3633 2069 3853 2127 πολλοὶ

2188 2159 2293 2233 πρὸ
2335 2164 2437 2227 τῆς
2484 2162 2582 2212 τοῦ
2641 2164 2901 2233 Σωτῆρος
2944 2156 3179 2223 καθόδου
3210 2162 3602 2229 πεποιήκασιν,
3636 2161 3690 2214 οἱ
3743 2161 3853 2233 μὶν

2187 2253 2289 2316 τῆς
2339 2245 2414 2307 εἷς
2461 2247 2662 2320 λόγους
2711 2244 2924 2322 σχολῆς
2966 2247 3056 2302 καὶ
3104 2255 3300 2324 νεκρᾶς
3346 2247 3536 2327 σοφίας
3562 2245 3761 2319 ἕνεκεν,
3795 2251 3857 2305 οἱ

2193 2333 2251 2390 δὲ
2301 2337 2493 2413 φήμης
2550 2342 2712 2405 κενῆς
2769 2336 2861 2390 καὶ
2917 2333 3252 2408 κενοδοξίας,
3309 2337 3667 2416 Ἀναξαγόραι
3751 2340 3855 2395 καὶ

2192 2423 2530 2499 Δημόκριτοι
2560 2423 2648 2478 καὶ
2681 2424 2980 2498 Κράτήτες.

2266 2697 2364 2748 lB'.
2397 2690 2466 2748 Τί
2499 2688 2595 2745 οὖν
2623 2690 2700 2752 ὡς
2730 2691 2937 2762 καινὸν,
2970 2688 3108 2746 ἴδιον
3147 2695 3281 2747 Θεοῦ
3325 2691 3699 2768 παραγγέλλει
3754 2697 3856 2750 καὶ

2199 2775 2360 2853 μόνον
2411 2780 2698 2848 ζωοποιὸν,
2730 2780 2759 2834 ὃ
2803 2779 2931 2841 τοὺς
2979 2779 3281 2856 προτέρους
3331 2779 3431 2836 οὔκ
3459 2776 3662 2850 Eamus;
3694 2785 3756 2837 Τί
3796 2781 3861 2840 δὶ

2197 2869 2464 2941 ἐξαίρετόν
2487 2890 2542 2924 τι
2570 2871 2605 2938 ἡ
2635 2869 2796 2937 καινὴ
2853 2868 3042 2939 κτίσις,
3073 2870 3101 2924 ὁ
3163 2870 3288 2932 Υἱὸς
3339 2874 3473 2924 Θεοῦ
3519 2870 3714 2944 μηνύει
3757 2874 3858 2927 καὶ

2199 2957 2477 3027 διδάσκεις
2510 2958 2589 3014 Οὐ
2620 2958 2681 3012 τὸ
2708 2955 3060 3032 φαινόμενον,
3094 2957 3225 3031 ὅπερ
3280 2955 3444 3014 ἄλλοι
3495 2963 3863 3032 πεποιήκασι,

2199 3051 2494 3124 παρεγγυᾷ,
2550 3045 2679 3102 ἀλλ’
2733 3043 2914 3123 ἕτερόν
2973 3068 3025 3102 τι
3085 3044 3174 3101 διὸ.
3229 3051 3390 3102 τοῦτο
3447 3048 3864 3123 σημαινόμενον

2207 3145 2392 3214 μεῖζον
2449 3138 2540 3193 καὶ
2589 3139 2859 3213 θειότερον
2904 3137 2993 3193 κα)
3052 3136 3414 3215 τελειότερον,
3443 3139 3506 3194 τὸ
3533 3141 3631 3209 τήν
3663 3143 3868 3217 ψυχὴν

2207 3193 2331 3214 ι’πντ
2595 3193 2615 3201 ν
2768 3193 2777 3213 ι
3218 3193 3222 3194 ν
3279 3193 3350 3215 ’r’
3401 3193 3414 3206 ι
3458 3193 3497 3194 η
3548 3193 3621 3209 ‘I'
3677 3193 3859 3217 I‘h‘u'

2123 3193 2166 3262 C
2205 3230 2375 3298 αὐτὴν
2433 3227 2522 3282 καὶ
2569 3227 2667 3296 τὴν
2718 3224 2952 3281 διάθεσιν
2991 3232 3275 3304 γυμνῶσαι
3323 3233 3431 3283 τῶν
3460 3229 3566 3284 ἀπὸ
3593 3233 3703 3284 τῶν
3756 3252 3872 3286 πα-

2206 3323 2312 3384 θῶν
2361 3317 2448 3371 καὶ
2507 3313 2794 3390 πρόρριζοι³
2816 3313 2884 3370 τὰ
2915 3314 3183 3390 ἀλλότρια
3209 3322 3312 3385 τῆς
3343 3318 3574 3390 γνώμης
3604 3315 3868 3391 ἐκτεμεῖν

2204 3406 2294 3462 καὶ
2332 3399 2601 3459 ἐκϐαλεῖν.
2633 3406 2807 3457 Τοῦτο
2855 3404 2956 3478 γὰρ
2999 3401 3138 3458 ἴδιον
3177 3405 3270 3478 μὲν
3302 3409 3403 3459 τοῦ
3432 3409 3624 3460 πιστοῦ
3653 3406 3718 3461 τὸ
3753 3408 3870 3480 μά-

2206 3509 2377 3568 θημα,
2411 3494 2558 3565 ἄξιον
2591 3489 2648 3546 δὶ
2676 3495 2774 3547 τοῦ
2806 3498 3068 3568 Σωτῆρος
3099 3494 3159 3548 τὸ
3209 3491 3470 3569 δίδαγμα.
3502 3495 3566 3553 Οἱ
3606 3495 3713 3571 γάρ
3769 3518 3871 3553 τοι

2205 3589 2467 3661 πρότερον
2524 3584 3034 3655 καταφρονήσαντες
3091 3588 3201 3637 τῶν
3260 3583 3436 3653 ἐκτὸς,
3466 3586 3534 3640 τὰ
3566 3586 3658 3658 μὶν
3716 3590 3870 3658 κτή-

2209 3693 2350 3747 ματα
2405 3670 2616 3748 ἀφῆκαν
2677 3669 2764 3723 καὶ
2840 3670 3263 3745 παραπώλεσαν,
3311 3672 3378 3727 τὰ
3431 3669 3488 3727 δὶ
3541 3672 3684 3743 πάθη
3743 3679 3868 3730 τῶν

2206 3767 2399 3838 ψυχῶν
2455 3759 2609 3832 οἶμαι
2654 3759 2735 3814 ὅτι
2779 3759 2870 3814 καὶ
2913 3762 3359 3836 προσεπέτειναν.
3424 3763 3516 3819 Ἐν
3593 3762 3871 3836 ὗπερεψίᾳ

2205 3852 2305 3933 γὰρ
2356 3847 2604 3924 ἐγένοντο
2652 3847 2742 3902 καὶ
2792 3847 3079 3920 ἀλαζονείᾳ
3119 3849 3210 3904 καὶ
3249 3847 3530 3921 κενοδοξία
3583 3849 3673 3905 καί
3703 3871 3877 3927 περι-

2209 3940 2469 4018 φρονήσει
2527 3941 2635 3991 τῶν
2691 3935 2878 3992 ἄλλων
2936 3937 3370 4010 ἀνθρώπων,ὡς
3400 3938 3556 3992 αὐτοί
3615 3958 3666 3991 τι
3728 3940 3875 4017 ὖπὶρ

2210 4029 2489 4106 ἄνθρωπον
2553 4025 2923 4100 ἐργαζόμενοι.
2959 4030 3081 4088 Πῶς
3139 4025 3200 4080 ἂν
3252 4024 3342 4082 οὖν
3374 4027 3402 4081 ὁ
3437 4029 3631 4102 Σωτήρ
3677 4031 3876 4105 παρῇ-

2208 4141 2285 4174 νει
2331 4122 2446 4177 τοῖς
2491 4115 2572 4170 ἀεὶ
2627 4115 2989 4188 βιωσομένοις
3036 4116 3100 4169 τά
3147 4115 3428 4190 βλάψοντα
3471 4117 3559 4171 καὶ
3591 4115 3884 4190 λυμανοῦο

2215 4229 2342 4282 μενα
2383 4206 2520 4280 πρὸς
2566 4204 2667 4272 τὴν
2721 4205 2864 4273 ζωὴν
2907 4205 2968 4273 ἣν
3014 4203 3448 4280 ἐπαγγέλλεται;
3486 4207 3584 4262 Καὶ
3639 4208 3740 4281 γὰρ
3803 4207 3875 4262 ἂν

2209 4294 2426 4351 κάκεῖνό
2477 4293 2609 4360 ἐστι,
2643 4289 2866 4346 δύναταί
2910 4313 2993 4354 τις
3039 4293 3547 4367 ἀποφορτισάμενος
3598 4295 3698 4364 τὴν
3724 4302 3875 4366 κτῆ-

2213 4407 2316 4452 σιν,
2369 4379 2521 4437 οὐδὲν
2564 4383 2726 4450 ἧττον
2779 4376 2856 4435 ἔτι
2902 4381 3004 4449 τὴν
3055 4379 3341 4453 ἐπιθυμίαν
3386 4381 3476 4438 καὶ
3532 4383 3631 4450 τὴν
3686 4380 3877 4460 ὄρεξιν

2210 4478 2320 4529 τῶν
2372 4471 2678 4546 χρημάτων
2725 4464 2872 4545 ἔχειν
2923 4469 3266 4540 ἐντετηκυῖαν
3323 4472 3408 4526 καὶ
3461 4476 3701 4541 συζῶσαν
3729 4491 3744 4504 ⁸
3776 4477 3884 4530 καὶ

453 4553 645 4645 adhuc
674 4553 1058 4659 pecuniarum
1083 4575 1462 4649 cupiditatem
1493 4570 1561 4625 ad
1586 4568 1747 4624 sitim
1770 4568 1969 4623 animo
1986 4567 2083 4621 ino

2213 4563 2311 4631 τὴν
2374 4561 2468 4634 μὲν
2523 4566 2724 4634 χρῆσιν
2781 4553 3240 4628 ἀποϐεϐληκέναι,
3275 4559 3495 4635 ἀπορῶν
3541 4557 3599 4615 δὲ
3631 4563 3745 4634 ἅμα
3772 4564 3881 4618 καὶ

452 4677 617 4733 litam
647 4655 1056 4748 vigentemque
1086 4665 1301 4722 habere
1326 4677 1339 4716 :
1365 4677 1432 4717 ac
1465 4674 1637 4715 usum
1668 4657 1918 4748 quidem
1934 4655 2104 4748 abie-

456 4765 626 4834 cisse,
659 4743 986 4835 invdigentia
1020 4762 1216 4812 tamen
1241 4749 1541 4820 simulque
1572 4743 2098 4835 desideriodilapi-

457 4855 602 4910 datm
634 4852 714 4910 rei
745 4833 1072 4915 familiaris,
1100 4841 1412 4916 dupliciter
1429 4837 1645 4906 dolere,
1669 4839 1794 4890 tum
1818 4833 2097 4888 nimirum

457 4943 614 5017 quod
650 4941 844 4997 desint
865 4934 1198 4994 necessaria
1228 4930 1481 4994 servitia,
1532 4932 1655 4982 tum
1691 4924 1845 4997 quod
1877 4939 1946 4978 ea
1997 4923 2100 4977 ab-

450 5032 666 5104 jeeisse
700 5026 993 5102 poeniteat.
1029 5021 1179 5078 Fieri
1211 5019 1370 5076 enim
1402 5032 1518 5071 non
1549 5017 1761 5104 potest,
1804 5027 1908 5104 nec
1935 5027 2104 5104 secus

459 5100 724 5195 unquam
758 5118 846 5184 fit,
871 5119 937 5170 ut
965 5109 1060 5169 cui
1116 5109 1314 5166 desint
1367 5103 1701 5163 necessaria
1757 5101 1973 5195 quibus
2019 5100 2104 5195 vi-

2217 4651 2404 4706 ποθῶν
2453 4649 2588 4723 ἅπερ
2638 4646 2930 4717 ἐσπάθησε,
2963 4645 3134 4717 διπλῆ
3182 4645 3491 4716 λυπεῖσθαι,
3521 4649 3610 4704 καὶ
3666 4653 3738 4724 τῇ
3767 4659 3886 4722 τῆς

2211 4735 2504 4808 ὑπηρεσίας
2557 4733 2792 4807 ἀπουσίᾳ
2837 4735 2931 4790 καὶ
2975 4739 3045 4810 τῇ
3094 4739 3196 4800 τῆς
3238 4734 3529 4808 μετανοίας
3574 4740 3880 4812 παρουσίᾳ,

2211 4829 2526 4904 ,Ανέφικτον
2575 4826 2678 4902 γὰρ
2735 4825 2824 4880 καὶ
2883 4825 3198 4902 ἀμήχανον,
3256 4821 3516 4899 δεόμενον
3573 4831 3680 4881 τῶν
3734 4831 3887 4905 πρὸς

2210 4917 2271 4972 τὸ
2307 4915 2568 4992 βιοτεύειν
2598 4912 2904 4989 ἀναγκαίων
2941 4915 3015 4986 μὴ
3067 4914 3437 4970 κατακλᾶσθαι
3485 4917 3584 4985 τὴν
3634 4918 3882 4992 γνώμην

2212 5006 2299 5062 καὶ
2335 5003 2601 5079 ἀσχολίαν
2634 5001 2777 5078 ἄγειν
2807 5003 2911 5058 ἀπὸ
2941 5007 3047 5057 τῶν
3097 5002 3444 5079 κρειττόνων,
3479 5005 3729 5061 ὁπωσοῦν
3778 5009 3886 5063 καὶ

2215 5097 2427 5150 ὁθενοῦν
2459 5098 2630 5148 ταῦτα
2658 5093 2995 5168 πειρώμενον
3029 5091 3354 5167 ἐκπορίζειν.

458 5183 581 5268 tam
612 5183 926 5272 sustentet,
959 5217 1074 5257 non
1105 5198 1304 5255 animo
1338 5195 1526 5266 trangi
1561 5197 1734 5264 atque
1765 5207 1798 5246 a
1823 5188 2149 5261 potioribus
2179 5183 2493 5242 sollicitata
2523 5187 2720 5240 mente
2749 5187 3043 5252 avocetur,
3097 5183 3240 5238 dum
3291 5183 3498 5254 quovis
3549 5186 3717 5242 modo
3776 5194 3897 5247 aut

459 5299 707 5358 undevis
740 5297 859 5353 hac
890 5307 1095 5367 parare
1128 5291 1393 5345 conatur.

532 5388 690 5446 XIII.
722 5389 796 5443 At
820 5385 1041 5457 quanto
1071 5377 1259 5437 satius
1292 5372 1657 5448 oppositum,
1690 5375 1756 5426 ut
1812 5385 1914 5442 per
1969 5384 2109 5441 opes

461 5477 786 5538 mediocres
807 5479 864 5532 et
893 5473 1019 5546 ipse
1049 5467 1207 5526 mala
1227 5481 1345 5522 non
1371 5461 1595 5534 toleret,
1620 5464 1676 5518 et
1699 5459 1915 5532 quibus
1939 5473 2109 5531 opor-

529 5675 595 5744 ’Β
622 5678 684 5732 Ρ.
715 5673 824 5732 952
853 5673 962 5731 ED.
999 5666 1293 5728 POTTER.

2292 5363 2390 5422 Il".
2438 5361 2538 5418 Καὶ
2579 5360 2737 5435 πόσῳ
2789 5359 3212 5436 χρησιμώτερον
3263 5360 3325 5415 τὸ
3391 5359 3652 5435 ἐναντίον,
3713 5362 3889 5420 ἱκανᾶ

2217 5453 2551 5528 κεκτημένον
2612 5449 2772 5506 αὐτόν
2829 5471 2888 5505 τε
2931 5450 3056 5527 περὶ
3094 5450 3196 5520 τήν
3252 5456 3444 5522 κτῆσιν
3505 5453 3582 5527 μή
3639 5473 3901 5510 κακοπα-
