  <div class='ocr_page' id='page_1' title='image "/cluster/home/n/w/nwhite01/storage/ocr_20150623/9/hvd.32044073501314/338.png"; bbox 0 0 4006 6200; ppageno 0'>
   <div class='ocr_carea' id='block_1_1' title="bbox 219 353 3528 419">
    <p class='ocr_par' dir='ltr' id='par_1_1' title="bbox 219 353 3528 419">
     <span class='ocr_line' id='line_1_1' title="bbox 219 353 3528 419; baseline 0.001 -9"><span class='ocrx_word' id='word_1_1' title='bbox 219 360 301 416; x_wconf 80' lang='grc'><strong>617</strong></span> <span class='ocrx_word' id='word_1_2' title='bbox 1254 353 1469 408; x_wconf 73' lang='lat' dir='ltr'><strong>LIBER</strong></span> <span class='ocrx_word' id='word_1_3' title='bbox 1505 354 1672 419; x_wconf 84' lang='lat' dir='ltr'><strong>QUlS</strong></span> <span class='ocrx_word' id='word_1_4' title='bbox 1712 353 1925 408; x_wconf 78' lang='lat' dir='ltr'><strong>DIVES</strong></span> <span class='ocrx_word' id='word_1_5' title='bbox 1960 358 2368 416; x_wconf 75' lang='lat' dir='ltr'><strong>SALVBTUR.</strong></span> <span class='ocrx_word' id='word_1_6' title='bbox 3417 359 3528 412; x_wconf 75' lang='lat'><strong>(318</strong></span> 
     </span>
    </p>
   </div>
   <div class='ocr_carea' id='block_1_2' title="bbox 216 471 1798 554">
    <p class='ocr_par' dir='ltr' id='par_1_2' title="bbox 216 471 1798 549">
     <span class='ocr_line' id='line_1_2' title="bbox 216 471 1798 549; baseline -0.007 -11"><span class='ocrx_word' id='word_1_7' title='bbox 216 480 394 547; x_wconf 74' lang='grc' dir='ltr'>θεῖν,υέ</span> <span class='ocrx_word' id='word_1_8' title='bbox 445 476 515 537; x_wconf 74' lang='grc' dir='ltr'>οἷς</span> <span class='ocrx_word' id='word_1_9' title='bbox 571 477 793 545; x_wconf 75' lang='grc' dir='ltr'>καθ-ἧκεν</span> <span class='ocrx_word' id='word_1_10' title='bbox 853 473 1200 549; x_wconf 74' lang='grc' dir='ltr'>ἔπικουρεῖν;</span> <span class='ocrx_word' id='word_1_11' title='bbox 1254 474 1345 535; x_wconf 89' lang='grc' dir='ltr'>Τίς</span> <span class='ocrx_word' id='word_1_12' title='bbox 1401 473 1505 549; x_wconf 81' lang='grc' dir='ltr'><strong>γὰρ</strong></span> <span class='ocrx_word' id='word_1_13' title='bbox 1549 471 1798 544; x_wconf 55' lang='grc' dir='ltr'>ἅνκοιολ</span> 
     </span>
    </p>
   </div>
   <div class='ocr_carea' id='block_1_3' title="bbox 1937 471 3519 554">
    <p class='ocr_par' dir='ltr' id='par_1_3' title="bbox 1937 479 3519 554">
     <span class='ocr_line' id='line_1_3' title="bbox 1937 479 3519 554; baseline 0.001 -21"><span class='ocrx_word' id='word_1_14' title='bbox 1937 482 1947 532; x_wconf 70' lang='lat' dir='ltr'><strong>t</strong></span> <span class='ocrx_word' id='word_1_15' title='bbox 1977 483 2331 553; x_wconf 80' lang='lat' dir='ltr'><strong>suppeditet.</strong></span> <span class='ocrx_word' id='word_1_16' title='bbox 2365 485 2498 549; x_wconf 63' lang='lat' dir='ltr'><strong>Quae</strong></span> <span class='ocrx_word' id='word_1_17' title='bbox 2530 482 2687 537; x_wconf 89' lang='lat' dir='ltr'><strong>enim</strong></span> <span class='ocrx_word' id='word_1_18' title='bbox 2732 483 2854 552; x_wconf 83' lang='lat' dir='ltr'><strong>jam</strong></span> <span class='ocrx_word' id='word_1_19' title='bbox 2897 481 3054 554; x_wconf 89' lang='lat' dir='ltr'><strong>apud</strong></span> <span class='ocrx_word' id='word_1_20' title='bbox 3090 479 3358 535; x_wconf 77' lang='lat' dir='ltr'><strong>homines</strong></span> <span class='ocrx_word' id='word_1_21' title='bbox 3389 479 3519 534; x_wconf 89' lang='lat' dir='ltr'><strong>reli-</strong></span> 
     </span>
    </p>
   </div>
   <div class='ocr_carea' id='block_1_4' title="bbox 211 560 1793 642">
    <p class='ocr_par' dir='ltr' id='par_1_4' title="bbox 211 560 1761 640">
     <span class='ocr_line' id='line_1_4' title="bbox 211 560 1761 640; baseline -0.005 -16"><span class='ocrx_word' id='word_1_22' title='bbox 211 570 325 625; x_wconf 66' lang='lat' dir='ltr'><strong>m-n&#39;:</strong></span> <span class='ocrx_word' id='word_1_23' title='bbox 357 562 678 620; x_wconf 76' lang='grc' dir='ltr'>καταλίποιτο</span> <span class='ocrx_word' id='word_1_24' title='bbox 730 563 876 638; x_wconf 75' lang='grc' dir='ltr'>παρὰ</span> <span class='ocrx_word' id='word_1_25' title='bbox 920 563 1256 640; x_wconf 81' lang='grc' dir='ltr'>ἀνθρώποις,</span> <span class='ocrx_word' id='word_1_26' title='bbox 1306 561 1351 616; x_wconf 82' lang='grc' dir='ltr'><strong>εί</strong></span> <span class='ocrx_word' id='word_1_27' title='bbox 1404 560 1597 636; x_wconf 72' lang='grc' dir='ltr'>μηδεὶς</span> <span class='ocrx_word' id='word_1_28' title='bbox 1645 561 1761 638; x_wconf 80' lang='grc' dir='ltr'>ἔχει</span> 
     </span>
    </p>
   </div>
   <div class='ocr_carea' id='block_1_5' title="bbox 1943 560 3525 642">
    <p class='ocr_par' dir='ltr' id='par_1_5' title="bbox 1943 566 3525 642">
     <span class='ocr_line' id='line_1_5' title="bbox 1943 566 3525 642; baseline 0 -21"><span class='ocrx_word' id='word_1_29' title='bbox 1943 585 1990 623; x_wconf 69' lang='lat' dir='ltr'><strong>la</strong></span> <span class='ocrx_word' id='word_1_30' title='bbox 2018 571 2474 627; x_wconf 77' lang='lat' dir='ltr'><strong>communicatio</strong></span> <span class='ocrx_word' id='word_1_31' title='bbox 2505 572 2604 639; x_wconf 92' lang='lat' dir='ltr'><strong>sit,</strong></span> <span class='ocrx_word' id='word_1_32' title='bbox 2636 570 2686 626; x_wconf 87' lang='lat' dir='ltr'><strong>si</strong></span> <span class='ocrx_word' id='word_1_33' title='bbox 2719 587 2890 626; x_wconf 90' lang='lat' dir='ltr'><strong>nemo</strong></span> <span class='ocrx_word' id='word_1_34' title='bbox 2923 569 3248 642; x_wconf 78' lang='lat' dir='ltr'><strong>quidquam</strong></span> <span class='ocrx_word' id='word_1_35' title='bbox 3279 566 3525 624; x_wconf 86' lang='lat' dir='ltr'><strong>habeat?</strong></span> 
     </span>
    </p>
   </div>
   <div class='ocr_carea' id='block_1_6' title="bbox 201 649 1783 732">
    <p class='ocr_par' dir='ltr' id='par_1_6' title="bbox 201 649 1763 732">
     <span class='ocr_line' id='line_1_6' title="bbox 201 649 1763 732; baseline -0.004 -21"><span class='ocrx_word' id='word_1_36' title='bbox 201 657 355 732; x_wconf 57' lang='grc' dir='ltr'><strong>μηδὲ-η</strong></span> <span class='ocrx_word' id='word_1_37' title='bbox 382 658 490 716; x_wconf 84' lang='grc' dir='ltr'>Πῶς</span> <span class='ocrx_word' id='word_1_38' title='bbox 518 651 574 707; x_wconf 77' lang='grc' dir='ltr'><strong>ἃν</strong></span> <span class='ocrx_word' id='word_1_39' title='bbox 601 656 758 707; x_wconf 89' lang='grc' dir='ltr'>τοῦτο</span> <span class='ocrx_word' id='word_1_40' title='bbox 796 653 860 707; x_wconf 84' lang='grc' dir='ltr'><strong>τὸ</strong></span> <span class='ocrx_word' id='word_1_41' title='bbox 919 650 1096 727; x_wconf 82' lang='grc' dir='ltr'><strong>δόγμα</strong></span> <span class='ocrx_word' id='word_1_42' title='bbox 1143 649 1379 712; x_wconf 78' lang='grc' dir='ltr'><strong>πολλοῖς</strong></span> <span class='ocrx_word' id='word_1_43' title='bbox 1428 649 1622 713; x_wconf 86' lang='grc' dir='ltr'>ἄλλοις</span> <span class='ocrx_word' id='word_1_44' title='bbox 1671 651 1763 706; x_wconf 86' lang='grc' dir='ltr'><strong>καὶ</strong></span> 
     </span>
    </p>
   </div>
   <div class='ocr_carea' id='block_1_7' title="bbox 1937 649 3519 732">
    <p class='ocr_par' dir='ltr' id='par_1_7' title="bbox 1937 659 3519 732">
     <span class='ocr_line' id='line_1_7' title="bbox 1937 659 3519 732; baseline 0.001 -21"><span class='ocrx_word' id='word_1_45' title='bbox 1937 660 2174 714; x_wconf 76' lang='lat' dir='ltr'><strong>iomodo</strong></span> <span class='ocrx_word' id='word_1_46' title='bbox 2207 677 2338 715; x_wconf 87' lang='lat' dir='ltr'><strong>vero</strong></span> <span class='ocrx_word' id='word_1_47' title='bbox 2367 660 2584 732; x_wconf 84' lang='lat' dir='ltr'><strong>dogma</strong></span> <span class='ocrx_word' id='word_1_48' title='bbox 2614 659 2722 715; x_wconf 92' lang='lat' dir='ltr'><strong>hoc</strong></span> <span class='ocrx_word' id='word_1_49' title='bbox 2751 676 2866 714; x_wconf 89' lang='lat' dir='ltr'><strong>non</strong></span> <span class='ocrx_word' id='word_1_50' title='bbox 2899 663 3097 730; x_wconf 88' lang='lat' dir='ltr'><strong>aperte</strong></span> <span class='ocrx_word' id='word_1_51' title='bbox 3127 661 3348 729; x_wconf 88' lang='lat' dir='ltr'><strong>pugnet</strong></span> <span class='ocrx_word' id='word_1_52' title='bbox 3385 671 3519 712; x_wconf 91' lang='lat' dir='ltr'><strong>cum</strong></span> 
     </span>
    </p>
   </div>
   <div class='ocr_carea' id='block_1_8' title="bbox 192 737 1774 822">
    <p class='ocr_par' dir='ltr' id='par_1_8' title="bbox 192 737 1762 818">
     <span class='ocr_line' id='line_1_8' title="bbox 192 737 1762 818; baseline -0.006 -16"><span class='ocrx_word' id='word_1_53' title='bbox 192 749 338 805; x_wconf 70' lang='grc' dir='ltr'>καλοῖς</span> <span class='ocrx_word' id='word_1_54' title='bbox 372 746 457 797; x_wconf 88' lang='grc' dir='ltr'><strong>τοῦ</strong></span> <span class='ocrx_word' id='word_1_55' title='bbox 501 739 694 818; x_wconf 78' lang='grc' dir='ltr'>Κυρίου</span> <span class='ocrx_word' id='word_1_56' title='bbox 735 737 1007 816; x_wconf 72' lang='grc' dir='ltr'><strong>δόγμασιν</strong></span> <span class='ocrx_word' id='word_1_57' title='bbox 1055 739 1180 816; x_wconf 82' lang='grc' dir='ltr'>οὐχὶ</span> <span class='ocrx_word' id='word_1_58' title='bbox 1215 738 1762 817; x_wconf 61' lang='grc' dir='ltr'>φανερῶςζέναντιού-</span> 
     </span>
    </p>
   </div>
   <div class='ocr_carea' id='block_1_9' title="bbox 1941 737 3523 822">
    <p class='ocr_par' dir='ltr' id='par_1_9' title="bbox 1941 745 3523 822">
     <span class='ocr_line' id='line_1_9' title="bbox 1941 745 3523 822; baseline -0.001 -21"><span class='ocrx_word' id='word_1_59' title='bbox 1941 746 2076 803; x_wconf 87' lang='lat' dir='ltr'><strong>ultis</strong></span> <span class='ocrx_word' id='word_1_60' title='bbox 2109 747 2241 804; x_wconf 90' lang='lat' dir='ltr'><strong>aliis</strong></span> <span class='ocrx_word' id='word_1_61' title='bbox 2273 765 2338 804; x_wconf 90' lang='lat' dir='ltr'><strong>ac</strong></span> <span class='ocrx_word' id='word_1_62' title='bbox 2371 747 2687 822; x_wconf 71' lang='lat' dir='ltr'><strong>praeclaris,</strong></span> <span class='ocrx_word' id='word_1_63' title='bbox 2713 765 2840 820; x_wconf 70' lang='lat' dir='ltr'><strong>qum</strong></span> <span class='ocrx_word' id='word_1_64' title='bbox 2894 746 3175 803; x_wconf 87' lang='lat' dir='ltr'><strong>Dominus</strong></span> <span class='ocrx_word' id='word_1_65' title='bbox 3205 745 3400 801; x_wconf 85' lang='lat' dir='ltr'><strong>sanxit</strong></span> <span class='ocrx_word' id='word_1_66' title='bbox 3433 761 3523 800; x_wconf 88' lang='lat' dir='ltr'><strong>ra-</strong></span> 
     </span>
    </p>
   </div>
   <div class='ocr_carea' id='block_1_10' title="bbox 193 826 1775 907">
    <p class='ocr_par' dir='ltr' id='par_1_10' title="bbox 193 826 1762 907">
     <span class='ocr_line' id='line_1_10' title="bbox 193 826 1762 907; baseline -0.003 -21"><span class='ocrx_word' id='word_1_67' title='bbox 193 856 306 907; x_wconf 70' lang='grc' dir='ltr'>μενον</span> <span class='ocrx_word' id='word_1_68' title='bbox 345 831 622 906; x_wconf 71' lang='grc' dir='ltr'><strong>εὑρίσκοιτο</strong></span> <span class='ocrx_word' id='word_1_69' title='bbox 667 830 756 884; x_wconf 81' lang='grc' dir='ltr'><strong>καὶ</strong></span> <span class='ocrx_word' id='word_1_70' title='bbox 812 829 1130 904; x_wconf 84' lang='grc' dir='ltr'>μαχόμενον</span> <span class='ocrx_word' id='word_1_71' title='bbox 1173 850 1188 898; x_wconf 77' lang='grc' dir='ltr'><strong>ς</strong></span> <span class='ocrx_word' id='word_1_72' title='bbox 1251 854 1278 879; x_wconf 89' lang='grc'><strong>‹‹</strong></span> <span class='ocrx_word' id='word_1_73' title='bbox 1319 830 1591 898; x_wconf 74' lang='grc' dir='ltr'>Ποιήσατε</span> <span class='ocrx_word' id='word_1_74' title='bbox 1637 826 1762 882; x_wconf 80' lang='grc' dir='ltr'>ἐαυ-</span> 
     </span>
    </p>
   </div>
   <div class='ocr_carea' id='block_1_11' title="bbox 1941 826 3523 907">
    <p class='ocr_par' dir='ltr' id='par_1_11' title="bbox 1941 835 3523 906">
     <span class='ocr_line' id='line_1_11' title="bbox 1941 835 3523 906; baseline -0.001 -17"><span class='ocrx_word' id='word_1_75' title='bbox 1941 851 2049 906; x_wconf 84' lang='lat' dir='ltr'><strong>que</strong></span> <span class='ocrx_word' id='word_1_76' title='bbox 2077 835 2259 892; x_wconf 87' lang='lat' dir='ltr'><strong>voluit</strong></span> <span class='ocrx_word' id='word_1_77' title='bbox 2286 837 2314 891; x_wconf 89' lang='lat'><strong>?</strong></span> <span class='ocrx_word' id='word_1_78' title='bbox 2345 861 2371 887; x_wconf 89' lang='grc'><strong>‹‹</strong></span> <span class='ocrx_word' id='word_1_79' title='bbox 2409 837 2596 894; x_wconf 80' lang='lat' dir='ltr'><strong>Facite</strong></span> <span class='ocrx_word' id='word_1_80' title='bbox 2627 836 2794 892; x_wconf 85' lang='lat' dir='ltr'><strong>vobis</strong></span> <span class='ocrx_word' id='word_1_81' title='bbox 2827 835 3046 892; x_wconf 90' lang='lat' dir='ltr'><strong>amicos</strong></span> <span class='ocrx_word' id='word_1_82' title='bbox 3080 835 3151 890; x_wconf 91' lang='lat' dir='ltr'><strong>de</strong></span> <span class='ocrx_word' id='word_1_83' title='bbox 3183 849 3523 889; x_wconf 85' lang='lat' dir='ltr'><strong>mammona</strong></span> 
     </span>
    </p>
   </div>
   <div class='ocr_carea' id='block_1_12' title="bbox 191 914 1773 999">
    <p class='ocr_par' dir='ltr' id='par_1_12' title="bbox 191 914 1757 999">
     <span class='ocr_line' id='line_1_12' title="bbox 191 914 1757 999; baseline -0.002 -25"><span class='ocrx_word' id='word_1_84' title='bbox 191 929 276 984; x_wconf 77' lang='grc' dir='ltr'>τοῖς</span> <span class='ocrx_word' id='word_1_85' title='bbox 315 919 485 999; x_wconf 75' lang='grc' dir='ltr'>φίλους</span> <span class='ocrx_word' id='word_1_86' title='bbox 531 918 588 974; x_wconf 80' lang='grc' dir='ltr'>ἐκ</span> <span class='ocrx_word' id='word_1_87' title='bbox 632 923 729 974; x_wconf 87' lang='grc' dir='ltr'><strong>τοῦ</strong></span> <span class='ocrx_word' id='word_1_88' title='bbox 774 924 1040 992; x_wconf 81' lang='grc' dir='ltr'>μαμμονᾶ</span> <span class='ocrx_word' id='word_1_89' title='bbox 1092 924 1190 987; x_wconf 80' lang='grc' dir='ltr'><strong>τῆς</strong></span> <span class='ocrx_word' id='word_1_90' title='bbox 1226 914 1459 982; x_wconf 75' lang='grc' dir='ltr'><strong>ἀδικίας.</strong></span> <span class='ocrx_word' id='word_1_91' title='bbox 1490 918 1600 988; x_wconf 81' lang='grc' dir='ltr'>ἳνα,</span> <span class='ocrx_word' id='word_1_92' title='bbox 1633 917 1757 972; x_wconf 81' lang='grc' dir='ltr'>ὅταν</span> 
     </span>
    </p>
   </div>
   <div class='ocr_carea' id='block_1_13' title="bbox 1937 914 3519 999">
    <p class='ocr_par' dir='ltr' id='par_1_13' title="bbox 1937 922 3519 997">
     <span class='ocr_line' id='line_1_13' title="bbox 1937 922 3519 997; baseline -0.001 -19"><span class='ocrx_word' id='word_1_93' title='bbox 1937 923 2222 996; x_wconf 85' lang='lat' dir='ltr'><strong>iquitatis,</strong></span> <span class='ocrx_word' id='word_1_94' title='bbox 2267 931 2350 997; x_wconf 90' lang='lat' dir='ltr'><strong>ut,</strong></span> <span class='ocrx_word' id='word_1_95' title='bbox 2394 943 2527 982; x_wconf 90' lang='lat' dir='ltr'><strong>cum</strong></span> <span class='ocrx_word' id='word_1_96' title='bbox 2577 925 2925 993; x_wconf 83' lang='lat' dir='ltr'><strong>defeceritis,</strong></span> <span class='ocrx_word' id='word_1_97' title='bbox 2980 923 3263 995; x_wconf 83' lang='lat' dir='ltr'><strong>recipiant</strong></span> <span class='ocrx_word' id='word_1_98' title='bbox 3310 939 3413 979; x_wconf 88' lang='lat' dir='ltr'><strong>vos</strong></span> <span class='ocrx_word' id='word_1_99' title='bbox 3459 922 3519 977; x_wconf 88' lang='lat' dir='ltr'><strong>in</strong></span> 
     </span>
    </p>
   </div>
   <div class='ocr_carea' id='block_1_14' title="bbox 190 1005 1772 1086">
    <p class='ocr_par' dir='ltr' id='par_1_14' title="bbox 190 1005 1758 1080">
     <span class='ocr_line' id='line_1_14' title="bbox 190 1005 1758 1080; baseline -0.003 -15"><span class='ocrx_word' id='word_1_100' title='bbox 190 1012 409 1078; x_wconf 78' lang='grc' dir='ltr'>ἰιλίπητε,</span> <span class='ocrx_word' id='word_1_101' title='bbox 455 1006 699 1079; x_wconf 74' lang='grc' dir='ltr'>δέξωνται</span> <span class='ocrx_word' id='word_1_102' title='bbox 763 1009 905 1080; x_wconf 75' lang='grc' dir='ltr'>ὑμᾶς</span> <span class='ocrx_word' id='word_1_103' title='bbox 966 1007 1040 1069; x_wconf 77' lang='grc' dir='ltr'>εἷς</span> <span class='ocrx_word' id='word_1_104' title='bbox 1096 1007 1190 1069; x_wconf 71' lang='grc' dir='ltr'>τὰς</span> <span class='ocrx_word' id='word_1_105' title='bbox 1252 1005 1506 1069; x_wconf 81' lang='grc' dir='ltr'>αἰωνίους</span> <span class='ocrx_word' id='word_1_106' title='bbox 1539 1005 1758 1076; x_wconf 85' lang='grc' dir='ltr'>σκηνάς.</span> 
     </span>
    </p>
   </div>
   <div class='ocr_carea' id='block_1_15' title="bbox 1937 1005 3519 1086">
    <p class='ocr_par' dir='ltr' id='par_1_15' title="bbox 1937 1010 3519 1086">
     <span class='ocr_line' id='line_1_15' title="bbox 1937 1010 3519 1086; baseline -0.001 -19"><span class='ocrx_word' id='word_1_107' title='bbox 1937 1029 2086 1069; x_wconf 89' lang='lat' dir='ltr'><strong>.erna</strong></span> <span class='ocrx_word' id='word_1_108' title='bbox 2117 1015 2494 1071; x_wconf 88' lang='lat' dir='ltr'><strong>tabernacula</strong></span> <span class='ocrx_word' id='word_1_109' title='bbox 2507 1015 2603 1086; x_wconf 89' lang='lat' dir='ltr'><strong>(a).</strong></span> <span class='ocrx_word' id='word_1_110' title='bbox 2622 1018 2826 1071; x_wconf 90' lang='lat' dir='ltr'><strong>Parate</strong></span> <span class='ocrx_word' id='word_1_111' title='bbox 2842 1014 3150 1070; x_wconf 80' lang='lat' dir='ltr'><strong>thesauros</strong></span> <span class='ocrx_word' id='word_1_112' title='bbox 3164 1012 3223 1067; x_wconf 90' lang='lat' dir='ltr'><strong>in</strong></span> <span class='ocrx_word' id='word_1_113' title='bbox 3238 1010 3406 1073; x_wconf 75' lang='lat' dir='ltr'><strong>cmlo,</strong></span> <span class='ocrx_word' id='word_1_114' title='bbox 3422 1011 3519 1067; x_wconf 90' lang='lat' dir='ltr'><strong>ubi</strong></span> 
     </span>
    </p>
   </div>
   <div class='ocr_carea' id='block_1_16' title="bbox 189 1093 1771 1175">
    <p class='ocr_par' dir='ltr' id='par_1_16' title="bbox 189 1093 1761 1170">
     <span class='ocr_line' id='line_1_16' title="bbox 189 1093 1761 1170; baseline -0.003 -18"><span class='ocrx_word' id='word_1_115' title='bbox 189 1101 402 1169; x_wconf 66' lang='grc' dir='ltr'>κτήσεσθε</span> <span class='ocrx_word' id='word_1_116' title='bbox 457 1097 754 1170; x_wconf 75' lang='grc' dir='ltr'>θησαυροὺς</span> <span class='ocrx_word' id='word_1_117' title='bbox 827 1095 879 1150; x_wconf 77' lang='grc' dir='ltr'>ὲν</span> <span class='ocrx_word' id='word_1_118' title='bbox 942 1096 1177 1166; x_wconf 81' lang='grc' dir='ltr'>ούρανῷ,</span> <span class='ocrx_word' id='word_1_119' title='bbox 1233 1093 1374 1149; x_wconf 78' lang='grc' dir='ltr'>ὅπου</span> <span class='ocrx_word' id='word_1_120' title='bbox 1452 1096 1590 1167; x_wconf 68' lang='grc' dir='ltr'>μήτε</span> <span class='ocrx_word' id='word_1_121' title='bbox 1661 1096 1761 1164; x_wconf 77' lang='grc' dir='ltr'>σὴς</span> 
     </span>
    </p>
   </div>
   <div class='ocr_carea' id='block_1_17' title="bbox 1940 1093 3522 1175">
    <p class='ocr_par' dir='ltr' id='par_1_17' title="bbox 1940 1102 3522 1175">
     <span class='ocr_line' id='line_1_17' title="bbox 1940 1102 3522 1175; baseline 0.003 -23"><span class='ocrx_word' id='word_1_122' title='bbox 1940 1118 2059 1173; x_wconf 72' lang='lat' dir='ltr'><strong>que</strong></span> <span class='ocrx_word' id='word_1_123' title='bbox 2089 1119 2283 1175; x_wconf 59' lang='lat' dir='ltr'><strong>aerugo</strong></span> <span class='ocrx_word' id='word_1_124' title='bbox 2315 1120 2501 1174; x_wconf 90' lang='lat' dir='ltr'><strong>neque</strong></span> <span class='ocrx_word' id='word_1_125' title='bbox 2531 1106 2686 1159; x_wconf 86' lang='lat' dir='ltr'><strong>tinea</strong></span> <span class='ocrx_word' id='word_1_126' title='bbox 2720 1102 3336 1173; x_wconf 85' lang='lat' dir='ltr'><strong>demoliuntur,neque</strong></span> <span class='ocrx_word' id='word_1_127' title='bbox 3363 1103 3522 1156; x_wconf 78' lang='lat' dir='ltr'><strong>fures</strong></span> 
     </span>
    </p>
   </div>
   <div class='ocr_carea' id='block_1_18' title="bbox 190 1181 1772 1263">
    <p class='ocr_par' dir='ltr' id='par_1_18' title="bbox 190 1181 1758 1262">
     <span class='ocr_line' id='line_1_18' title="bbox 190 1181 1758 1262; baseline -0.004 -20"><span class='ocrx_word' id='word_1_128' title='bbox 190 1192 290 1259; x_wconf 65' lang='grc' dir='ltr'>μήτε</span> <span class='ocrx_word' id='word_1_129' title='bbox 317 1188 493 1262; x_wconf 74' lang='grc' dir='ltr'>βρῶσις</span> <span class='ocrx_word' id='word_1_130' title='bbox 524 1185 864 1262; x_wconf 80' lang='grc' dir='ltr'>ἀφανίζουσι,</span> <span class='ocrx_word' id='word_1_131' title='bbox 899 1185 1040 1258; x_wconf 71' lang='grc' dir='ltr'>μήτε</span> <span class='ocrx_word' id='word_1_132' title='bbox 1065 1181 1294 1238; x_wconf 89' lang='grc' dir='ltr'>κλέπται</span> <span class='ocrx_word' id='word_1_133' title='bbox 1331 1181 1696 1259; x_wconf 85' lang='grc' dir='ltr'>διορύσσουσι.</span> <span class='ocrx_word' id='word_1_134' title='bbox 1730 1207 1758 1236; x_wconf 85' lang='grc'><strong>››</strong></span> 
     </span>
    </p>
   </div>
   <div class='ocr_carea' id='block_1_19' title="bbox 1939 1181 3521 1263">
    <p class='ocr_par' dir='ltr' id='par_1_19' title="bbox 1939 1189 3521 1263">
     <span class='ocr_line' id='line_1_19' title="bbox 1939 1189 3521 1263; baseline 0.001 -19"><span class='ocrx_word' id='word_1_135' title='bbox 1939 1190 2152 1247; x_wconf 72' lang='grc' dir='ltr'>Ϊοᾱίυηι</span> <span class='ocrx_word' id='word_1_136' title='bbox 2198 1193 2294 1263; x_wconf 84' lang='lat' dir='ltr'><strong>(b).</strong></span> <span class='ocrx_word' id='word_1_137' title='bbox 2334 1215 2354 1242; x_wconf 76' lang='grc' dir='ltr'><strong>ι</strong></span> <span class='ocrx_word' id='word_1_138' title='bbox 2399 1195 2663 1256; x_wconf 90' lang='lat' dir='ltr'><strong>Quanam</strong></span> <span class='ocrx_word' id='word_1_139' title='bbox 2712 1192 2842 1262; x_wconf 87' lang='lat' dir='ltr'><strong>quis</strong></span> <span class='ocrx_word' id='word_1_140' title='bbox 2893 1190 3116 1246; x_wconf 72' lang='lat' dir='ltr'><strong>ratione</strong></span> <span class='ocrx_word' id='word_1_141' title='bbox 3164 1189 3521 1245; x_wconf 83' lang='lat' dir='ltr'><strong>esurientem</strong></span> 
     </span>
    </p>
   </div>
   <div class='ocr_carea' id='block_1_20' title="bbox 191 1270 1773 1352">
    <p class='ocr_par' dir='ltr' id='par_1_20' title="bbox 191 1270 1760 1352">
     <span class='ocr_line' id='line_1_20' title="bbox 191 1270 1760 1352; baseline -0.003 -21"><span class='ocrx_word' id='word_1_142' title='bbox 191 1283 277 1339; x_wconf 74' lang='grc' dir='ltr'>Πῶς</span> <span class='ocrx_word' id='word_1_143' title='bbox 322 1277 371 1329; x_wconf 75' lang='grc' dir='ltr'><strong>αν</strong></span> <span class='ocrx_word' id='word_1_144' title='bbox 422 1295 498 1335; x_wconf 86' lang='grc' dir='ltr'><strong>τις</strong></span> <span class='ocrx_word' id='word_1_145' title='bbox 544 1279 809 1329; x_wconf 80' lang='grc' dir='ltr'><strong>πεινῶντα</strong></span> <span class='ocrx_word' id='word_1_146' title='bbox 865 1275 1076 1352; x_wconf 89' lang='grc' dir='ltr'>τρέφοι,</span> <span class='ocrx_word' id='word_1_147' title='bbox 1107 1273 1196 1328; x_wconf 87' lang='grc' dir='ltr'><strong>καὶ</strong></span> <span class='ocrx_word' id='word_1_148' title='bbox 1249 1270 1493 1346; x_wconf 82' lang='grc' dir='ltr'>διψῶντα</span> <span class='ocrx_word' id='word_1_149' title='bbox 1522 1272 1760 1342; x_wconf 80' lang='grc' dir='ltr'>ποτίζοι,</span> 
     </span>
    </p>
   </div>
   <div class='ocr_carea' id='block_1_21' title="bbox 1939 1270 3521 1352">
    <p class='ocr_par' dir='ltr' id='par_1_21' title="bbox 1939 1280 3521 1352">
     <span class='ocr_line' id='line_1_21' title="bbox 1939 1280 3521 1352; baseline -0.001 -18"><span class='ocrx_word' id='word_1_150' title='bbox 1939 1284 2009 1347; x_wconf 76' lang='lat' dir='ltr'><strong>at,</strong></span> <span class='ocrx_word' id='word_1_151' title='bbox 2041 1280 2258 1336; x_wconf 89' lang='lat' dir='ltr'><strong>sitienti</strong></span> <span class='ocrx_word' id='word_1_152' title='bbox 2295 1287 2498 1352; x_wconf 91' lang='lat' dir='ltr'><strong>potum</strong></span> <span class='ocrx_word' id='word_1_153' title='bbox 2528 1281 2624 1336; x_wconf 82' lang='lat' dir='ltr'><strong>det</strong></span> <span class='ocrx_word' id='word_1_154' title='bbox 2652 1282 2747 1351; x_wconf 82' lang='grc' dir='ltr'>(ε),</span> <span class='ocrx_word' id='word_1_155' title='bbox 2783 1280 3003 1335; x_wconf 91' lang='lat' dir='ltr'><strong>nudum</strong></span> <span class='ocrx_word' id='word_1_156' title='bbox 3036 1281 3327 1349; x_wconf 84' lang='lat' dir='ltr'><strong>contegat,</strong></span> <span class='ocrx_word' id='word_1_157' title='bbox 3357 1294 3521 1349; x_wconf 87' lang='lat' dir='ltr'><strong>pere-</strong></span> 
     </span>
    </p>
   </div>
   <div class='ocr_carea' id='block_1_22' title="bbox 185 1359 1767 1442">
    <p class='ocr_par' dir='ltr' id='par_1_22' title="bbox 185 1359 1764 1438">
     <span class='ocr_line' id='line_1_22' title="bbox 185 1359 1764 1438; baseline -0.003 -19"><span class='ocrx_word' id='word_1_158' title='bbox 185 1365 246 1419; x_wconf 68' lang='grc' dir='ltr'>εαὶ</span> <span class='ocrx_word' id='word_1_159' title='bbox 281 1364 451 1438; x_wconf 67' lang='grc' dir='ltr'>γυμνὸν</span> <span class='ocrx_word' id='word_1_160' title='bbox 497 1363 776 1432; x_wconf 83' lang='grc' dir='ltr'>σκεπάζοι,</span> <span class='ocrx_word' id='word_1_161' title='bbox 827 1361 916 1417; x_wconf 75' lang='grc' dir='ltr'>καὶ</span> <span class='ocrx_word' id='word_1_162' title='bbox 973 1359 1196 1436; x_wconf 79' lang='grc' dir='ltr'>ἂστεγον</span> <span class='ocrx_word' id='word_1_163' title='bbox 1257 1363 1499 1434; x_wconf 79' lang='grc' dir='ltr'>συνάγοι,</span> <span class='ocrx_word' id='word_1_164' title='bbox 1559 1361 1594 1415; x_wconf 83' lang='grc' dir='ltr'><strong>’ὰ</strong></span> <span class='ocrx_word' id='word_1_165' title='bbox 1646 1366 1764 1422; x_wconf 90' lang='grc' dir='ltr'>τοῖς</span> 
     </span>
    </p>
   </div>
   <div class='ocr_carea' id='block_1_23' title="bbox 1939 1359 3521 1442">
    <p class='ocr_par' dir='ltr' id='par_1_23' title="bbox 1939 1367 3521 1442">
     <span class='ocr_line' id='line_1_23' title="bbox 1939 1367 3521 1442; baseline 0 -21"><span class='ocrx_word' id='word_1_166' title='bbox 1939 1368 2107 1423; x_wconf 91' lang='lat' dir='ltr'><strong>inum</strong></span> <span class='ocrx_word' id='word_1_167' title='bbox 2140 1367 2395 1441; x_wconf 78' lang='lat' dir='ltr'><strong>colligat,</strong></span> <span class='ocrx_word' id='word_1_168' title='bbox 2435 1387 2560 1442; x_wconf 75' lang='lat' dir='ltr'><strong>quae</strong></span> <span class='ocrx_word' id='word_1_169' title='bbox 2597 1369 2710 1424; x_wconf 89' lang='lat' dir='ltr'><strong>nisi</strong></span> <span class='ocrx_word' id='word_1_170' title='bbox 2745 1369 2878 1440; x_wconf 88' lang='lat' dir='ltr'><strong>quis</strong></span> <span class='ocrx_word' id='word_1_171' title='bbox 2908 1367 3104 1437; x_wconf 86' lang='lat' dir='ltr'><strong>faciat,</strong></span> <span class='ocrx_word' id='word_1_172' title='bbox 3131 1367 3323 1438; x_wconf 87' lang='lat' dir='ltr'><strong>ignem</strong></span> <span class='ocrx_word' id='word_1_173' title='bbox 3357 1383 3521 1421; x_wconf 88' lang='lat' dir='ltr'><strong>com-</strong></span> 
     </span>
    </p>
   </div>
   <div class='ocr_carea' id='block_1_24' title="bbox 189 1449 1771 1528">
    <p class='ocr_par' dir='ltr' id='par_1_24' title="bbox 189 1449 1761 1525">
     <span class='ocr_line' id='line_1_24' title="bbox 189 1449 1761 1525; baseline -0.001 -19"><span class='ocrx_word' id='word_1_174' title='bbox 189 1457 241 1525; x_wconf 75' lang='grc' dir='ltr'>μή</span> <span class='ocrx_word' id='word_1_175' title='bbox 277 1455 528 1522; x_wconf 68' lang='grc' dir='ltr'>ποιήσασιν</span> <span class='ocrx_word' id='word_1_176' title='bbox 578 1449 796 1510; x_wconf 86' lang='grc' dir='ltr'>ἀπειλεῖ</span> <span class='ocrx_word' id='word_1_177' title='bbox 842 1455 948 1524; x_wconf 89' lang='grc' dir='ltr'><strong>πῦρ</strong></span> <span class='ocrx_word' id='word_1_178' title='bbox 991 1451 1081 1505; x_wconf 81' lang='grc' dir='ltr'><strong>καὶ</strong></span> <span class='ocrx_word' id='word_1_179' title='bbox 1129 1450 1321 1513; x_wconf 82' lang='grc' dir='ltr'>σκότος</span> <span class='ocrx_word' id='word_1_180' title='bbox 1369 1452 1430 1505; x_wconf 88' lang='grc' dir='ltr'>τὸ</span> <span class='ocrx_word' id='word_1_181' title='bbox 1481 1449 1761 1523; x_wconf 77' lang='grc' dir='ltr'>ἐξώτερον,</span> 
     </span>
    </p>
   </div>
   <div class='ocr_carea' id='block_1_25' title="bbox 1936 1449 3518 1528">
    <p class='ocr_par' dir='ltr' id='par_1_25' title="bbox 1937 1455 3518 1528">
     <span class='ocr_line' id='line_1_25' title="bbox 1937 1455 3518 1528; baseline 0.001 -18"><span class='ocrx_word' id='word_1_182' title='bbox 1937 1458 2134 1512; x_wconf 91' lang='lat' dir='ltr'><strong>inatur</strong></span> <span class='ocrx_word' id='word_1_183' title='bbox 2181 1463 2237 1513; x_wconf 93' lang='lat' dir='ltr'><strong>et</strong></span> <span class='ocrx_word' id='word_1_184' title='bbox 2288 1459 2559 1514; x_wconf 86' lang='lat' dir='ltr'><strong>tenebras</strong></span> <span class='ocrx_word' id='word_1_185' title='bbox 2607 1459 2944 1526; x_wconf 83' lang='lat' dir='ltr'><strong>exteribres,</strong></span> <span class='ocrx_word' id='word_1_186' title='bbox 2993 1457 3042 1511; x_wconf 91' lang='lat' dir='ltr'><strong>si</strong></span> <span class='ocrx_word' id='word_1_187' title='bbox 3092 1455 3346 1527; x_wconf 85' lang='lat' dir='ltr'><strong>quisque</strong></span> <span class='ocrx_word' id='word_1_188' title='bbox 3393 1456 3518 1528; x_wconf 89' lang='lat' dir='ltr'><strong>ipse</strong></span> 
     </span>
    </p>
   </div>
   <div class='ocr_carea' id='block_1_26' title="bbox 187 1538 1769 1619">
    <p class='ocr_par' dir='ltr' id='par_1_26' title="bbox 187 1538 1758 1616">
     <span class='ocr_line' id='line_1_26' title="bbox 187 1538 1758 1616; baseline -0.003 -20"><span class='ocrx_word' id='word_1_189' title='bbox 187 1543 224 1596; x_wconf 72' lang='lat' dir='ltr'><strong>ai</strong></span> <span class='ocrx_word' id='word_1_190' title='bbox 258 1545 437 1596; x_wconf 74' lang='grc' dir='ltr'>πάντων</span> <span class='ocrx_word' id='word_1_191' title='bbox 484 1540 648 1604; x_wconf 77' lang='grc' dir='ltr'>αὐτὸς</span> <span class='ocrx_word' id='word_1_192' title='bbox 691 1538 917 1601; x_wconf 70' lang='grc' dir='ltr'>’ἕκαστος</span> <span class='ocrx_word' id='word_1_193' title='bbox 965 1538 1154 1616; x_wconf 89' lang='grc' dir='ltr'>φθάνοι</span> <span class='ocrx_word' id='word_1_194' title='bbox 1199 1539 1406 1594; x_wconf 89' lang='grc' dir='ltr'>τούτων</span> <span class='ocrx_word' id='word_1_195' title='bbox 1474 1540 1708 1612; x_wconf 82' lang='grc' dir='ltr'>ὑστερῶν</span> <span class='ocrx_word' id='word_1_196' title='bbox 1744 1558 1758 1609; x_wconf 87' lang='grc'><strong>;</strong></span> 
     </span>
    </p>
   </div>
   <div class='ocr_carea' id='block_1_27' title="bbox 1940 1538 3522 1619">
    <p class='ocr_par' dir='ltr' id='par_1_27' title="bbox 1945 1543 3522 1619">
     <span class='ocr_line' id='line_1_27' title="bbox 1945 1543 3522 1619; baseline 0.001 -20"><span class='ocrx_word' id='word_1_197' title='bbox 1945 1545 2032 1600; x_wconf 91' lang='lat' dir='ltr'><strong>ior</strong></span> <span class='ocrx_word' id='word_1_198' title='bbox 2081 1548 2286 1603; x_wconf 86' lang='lat' dir='ltr'><strong>horum</strong></span> <span class='ocrx_word' id='word_1_199' title='bbox 2339 1548 2601 1602; x_wconf 88' lang='lat' dir='ltr'><strong>omnium</strong></span> <span class='ocrx_word' id='word_1_200' title='bbox 2652 1562 2873 1619; x_wconf 83' lang='lat' dir='ltr'><strong>egenus</strong></span> <span class='ocrx_word' id='word_1_201' title='bbox 2921 1543 3251 1602; x_wconf 82' lang='lat' dir='ltr'><strong>exstiterit?</strong></span> <span class='ocrx_word' id='word_1_202' title='bbox 3284 1545 3432 1610; x_wconf 90' lang='lat' dir='ltr'><strong>Quin</strong></span> <span class='ocrx_word' id='word_1_203' title='bbox 3465 1549 3522 1600; x_wconf 90' lang='lat' dir='ltr'><strong>et</strong></span> 
     </span>
    </p>
   </div>
   <div class='ocr_carea' id='block_1_28' title="bbox 189 1625 1771 1710">
    <p class='ocr_par' dir='ltr' id='par_1_28' title="bbox 189 1625 1760 1702">
     <span class='ocr_line' id='line_1_28' title="bbox 189 1625 1760 1702; baseline -0.003 -16"><span class='ocrx_word' id='word_1_204' title='bbox 189 1629 314 1687; x_wconf 74' lang='grc' dir='ltr'>Ἀλλὰ</span> <span class='ocrx_word' id='word_1_205' title='bbox 355 1633 451 1702; x_wconf 70' lang='grc' dir='ltr'><strong>μὴν</strong></span> <span class='ocrx_word' id='word_1_206' title='bbox 500 1629 667 1691; x_wconf 78' lang='grc' dir='ltr'>αὐτός</span> <span class='ocrx_word' id='word_1_207' title='bbox 716 1649 775 1683; x_wconf 81' lang='grc' dir='ltr'><strong>τε</strong></span> <span class='ocrx_word' id='word_1_208' title='bbox 822 1627 1188 1699; x_wconf 79' lang='grc' dir='ltr'>ἐπιξενοῦσθαι</span> <span class='ocrx_word' id='word_1_209' title='bbox 1257 1627 1513 1702; x_wconf 85' lang='grc' dir='ltr'>Ζακχαίῳ</span> <span class='ocrx_word' id='word_1_210' title='bbox 1551 1625 1760 1682; x_wconf 75' lang='grc' dir='ltr'>κελεύει</span> 
     </span>
    </p>
   </div>
   <div class='ocr_carea' id='block_1_29' title="bbox 1935 1625 3517 1710">
    <p class='ocr_par' dir='ltr' id='par_1_29' title="bbox 1937 1634 3517 1710">
     <span class='ocr_line' id='line_1_29' title="bbox 1937 1634 3517 1710; baseline 0 -19"><span class='ocrx_word' id='word_1_211' title='bbox 1937 1654 1998 1692; x_wconf 90' lang='lat' dir='ltr'><strong>se</strong></span> <span class='ocrx_word' id='word_1_212' title='bbox 2028 1637 2213 1709; x_wconf 86' lang='lat' dir='ltr'><strong>excipi</strong></span> <span class='ocrx_word' id='word_1_213' title='bbox 2239 1654 2300 1694; x_wconf 91' lang='lat' dir='ltr'><strong>se</strong></span> <span class='ocrx_word' id='word_1_214' title='bbox 2323 1637 2628 1710; x_wconf 88' lang='lat' dir='ltr'><strong>hospitioa</strong></span> <span class='ocrx_word' id='word_1_215' title='bbox 2650 1635 2919 1692; x_wconf 70' lang='lat' dir='ltr'><strong>Zacchaao</strong></span> <span class='ocrx_word' id='word_1_216' title='bbox 2943 1635 3114 1707; x_wconf 92' lang='lat' dir='ltr'><strong>jubet</strong></span> <span class='ocrx_word' id='word_1_217' title='bbox 3143 1637 3200 1691; x_wconf 88' lang='lat' dir='ltr'><strong>et</strong></span> <span class='ocrx_word' id='word_1_218' title='bbox 3231 1634 3517 1702; x_wconf 69' lang='lat' dir='ltr'><strong>Matthaeo,</strong></span> 
     </span>
    </p>
   </div>
   <div class='ocr_carea' id='block_1_30' title="bbox 188 1714 1770 1798">
    <p class='ocr_par' dir='ltr' id='par_1_30' title="bbox 188 1714 1762 1791">
     <span class='ocr_line' id='line_1_30' title="bbox 188 1714 1762 1791; baseline -0.003 -17"><span class='ocrx_word' id='word_1_219' title='bbox 188 1720 495 1791; x_wconf 75' lang='grc' dir='ltr'>ιαΞΙατθαίῳ</span> <span class='ocrx_word' id='word_1_220' title='bbox 538 1724 660 1779; x_wconf 87' lang='grc' dir='ltr'>τοῖς</span> <span class='ocrx_word' id='word_1_221' title='bbox 698 1721 810 1789; x_wconf 78' lang='lat'><strong>(23)</strong></span> <span class='ocrx_word' id='word_1_222' title='bbox 857 1715 1142 1778; x_wconf 77' lang='grc' dir='ltr'>πλουσίοις</span> <span class='ocrx_word' id='word_1_223' title='bbox 1189 1716 1280 1771; x_wconf 81' lang='grc' dir='ltr'><strong>καὶ</strong></span> <span class='ocrx_word' id='word_1_224' title='bbox 1318 1714 1605 1780; x_wconf 83' lang='grc' dir='ltr'>τελώναις.</span> <span class='ocrx_word' id='word_1_225' title='bbox 1660 1715 1762 1772; x_wconf 80' lang='grc' dir='ltr'><strong>Καὶ</strong></span> 
     </span>
    </p>
   </div>
   <div class='ocr_carea' id='block_1_31' title="bbox 1936 1714 3518 1798">
    <p class='ocr_par' dir='ltr' id='par_1_31' title="bbox 1936 1723 3518 1798">
     <span class='ocr_line' id='line_1_31' title="bbox 1936 1723 3518 1798; baseline 0.001 -20"><span class='ocrx_word' id='word_1_226' title='bbox 1936 1725 1971 1779; x_wconf 85' lang='lat' dir='ltr'><strong>ll</strong></span> <span class='ocrx_word' id='word_1_227' title='bbox 2021 1725 2227 1782; x_wconf 88' lang='lat' dir='ltr'><strong>divites</strong></span> <span class='ocrx_word' id='word_1_228' title='bbox 2277 1731 2475 1783; x_wconf 87' lang='lat' dir='ltr'><strong>essent</strong></span> <span class='ocrx_word' id='word_1_229' title='bbox 2505 1732 2561 1782; x_wconf 88' lang='lat' dir='ltr'><strong>et</strong></span> <span class='ocrx_word' id='word_1_230' title='bbox 2591 1725 2889 1798; x_wconf 88' lang='lat' dir='ltr'><strong>publicani</strong></span> <span class='ocrx_word' id='word_1_231' title='bbox 2916 1724 3012 1797; x_wconf 80' lang='grc' dir='ltr'>(ά).</span> <span class='ocrx_word' id='word_1_232' title='bbox 3045 1725 3123 1780; x_wconf 91' lang='lat' dir='ltr'><strong>Ac</strong></span> <span class='ocrx_word' id='word_1_233' title='bbox 3155 1723 3392 1794; x_wconf 88' lang='lat' dir='ltr'><strong>quidem</strong></span> <span class='ocrx_word' id='word_1_234' title='bbox 3427 1724 3518 1780; x_wconf 89' lang='lat' dir='ltr'><strong>di-</strong></span> 
     </span>
    </p>
   </div>
   <div class='ocr_carea' id='block_1_32' title="bbox 186 1801 1768 1887">
    <p class='ocr_par' dir='ltr' id='par_1_32' title="bbox 186 1801 1763 1884">
     <span class='ocr_line' id='line_1_32' title="bbox 186 1801 1763 1884; baseline -0.001 -23"><span class='ocrx_word' id='word_1_235' title='bbox 186 1810 233 1862; x_wconf 66' lang='lat' dir='ltr'><strong>ti</strong></span> <span class='ocrx_word' id='word_1_236' title='bbox 256 1809 327 1879; x_wconf 69' lang='grc' dir='ltr'><strong>μὲν</strong></span> <span class='ocrx_word' id='word_1_237' title='bbox 368 1810 630 1884; x_wconf 70' lang='grc' dir='ltr'>χρήματα</span> <span class='ocrx_word' id='word_1_238' title='bbox 678 1806 872 1868; x_wconf 74' lang='grc' dir='ltr'>αὐτοὺς</span> <span class='ocrx_word' id='word_1_239' title='bbox 899 1806 960 1861; x_wconf 85' lang='grc' dir='ltr'>οὐ</span> <span class='ocrx_word' id='word_1_240' title='bbox 1010 1804 1219 1861; x_wconf 78' lang='grc' dir='ltr'>κελεύει</span> <span class='ocrx_word' id='word_1_241' title='bbox 1255 1811 1515 1877; x_wconf 81' lang='grc' dir='ltr'>μεθεῖναι,</span> <span class='ocrx_word' id='word_1_242' title='bbox 1547 1805 1648 1873; x_wconf 79' lang='grc' dir='ltr'><strong>τήν</strong></span> <span class='ocrx_word' id='word_1_243' title='bbox 1705 1801 1763 1859; x_wconf 77' lang='grc' dir='ltr'>δὲ</span> 
     </span>
    </p>
   </div>
   <div class='ocr_carea' id='block_1_33' title="bbox 1938 1801 3520 1887">
    <p class='ocr_par' dir='ltr' id='par_1_33' title="bbox 1939 1811 3520 1887">
     <span class='ocr_line' id='line_1_33' title="bbox 1939 1811 3520 1887; baseline 0 -21"><span class='ocrx_word' id='word_1_244' title='bbox 1939 1814 2105 1870; x_wconf 91' lang='lat' dir='ltr'><strong>ittere</strong></span> <span class='ocrx_word' id='word_1_245' title='bbox 2145 1832 2243 1870; x_wconf 91' lang='lat' dir='ltr'><strong>eos</strong></span> <span class='ocrx_word' id='word_1_246' title='bbox 2283 1814 2563 1887; x_wconf 86' lang='lat' dir='ltr'><strong>pecunias</strong></span> <span class='ocrx_word' id='word_1_247' title='bbox 2596 1831 2708 1870; x_wconf 92' lang='lat' dir='ltr'><strong>non</strong></span> <span class='ocrx_word' id='word_1_248' title='bbox 2731 1815 2942 1885; x_wconf 87' lang='lat' dir='ltr'><strong>jubet;</strong></span> <span class='ocrx_word' id='word_1_249' title='bbox 2975 1813 3075 1868; x_wconf 86' lang='lat' dir='ltr'><strong>sed</strong></span> <span class='ocrx_word' id='word_1_250' title='bbox 3110 1811 3336 1882; x_wconf 78' lang='lat' dir='ltr'><strong>adjecto</strong></span> <span class='ocrx_word' id='word_1_251' title='bbox 3361 1812 3520 1881; x_wconf 86' lang='lat' dir='ltr'><strong>justo</strong></span> 
     </span>
    </p>
   </div>
   <div class='ocr_carea' id='block_1_34' title="bbox 184 1857 1766 1974">
    <p class='ocr_par' dir='ltr' id='par_1_34' title="bbox 184 1857 1764 1971">
     <span class='ocr_line' id='line_1_34' title="bbox 193 1857 1758 1884; baseline -0.002 -5"><span class='ocrx_word' id='word_1_252' title='bbox 193 1857 233 1862; x_wconf 65' lang='grc'><strong>’”</strong></span> <span class='ocrx_word' id='word_1_253' title='bbox 256 1857 322 1879; x_wconf 80' lang='lat' dir='ltr'><strong>r&#39;&quot;</strong></span> <span class='ocrx_word' id='word_1_254' title='bbox 369 1857 629 1884; x_wconf 61' lang='grc' dir='ltr'><strong><em>ω’·η-ν--ν-</em></strong></span> <span class='ocrx_word' id='word_1_255' title='bbox 681 1857 872 1868; x_wconf 48' lang='grc'>⁷⁷⁷⁷⁷⁷*</span> <span class='ocrx_word' id='word_1_256' title='bbox 905 1857 954 1861; x_wconf 63' lang='grc'><strong>’⁷</strong></span> <span class='ocrx_word' id='word_1_257' title='bbox 1013 1857 1216 1861; x_wconf 32' lang='lat'><strong>&quot;&quot;&#39;_7&quot;</strong></span> <span class='ocrx_word' id='word_1_258' title='bbox 1255 1857 1455 1877; x_wconf 37' lang='grc' dir='ltr'><strong>Ι“““ν“⁷⁷“</strong></span> <span class='ocrx_word' id='word_1_259' title='bbox 1484 1857 1515 1876; x_wconf 56' lang='grc'><strong><em>⁷1</em></strong></span> <span class='ocrx_word' id='word_1_260' title='bbox 1561 1857 1570 1859; x_wconf 23' lang='grc' dir='ltr'>ἡ</span> <span class='ocrx_word' id='word_1_261' title='bbox 1604 1857 1637 1873; x_wconf 63' lang='grc' dir='ltr'><strong>Ι⁷</strong></span> <span class='ocrx_word' id='word_1_262' title='bbox 1714 1857 1758 1859; x_wconf 67' lang='grc'><strong>’⁷</strong></span> 
     </span>
     <span class='ocr_line' id='line_1_35' title="bbox 184 1892 1764 1971; baseline -0.002 -20"><span class='ocrx_word' id='word_1_263' title='bbox 184 1895 338 1952; x_wconf 74' lang='grc' dir='ltr'>δικαίαν</span> <span class='ocrx_word' id='word_1_264' title='bbox 377 1897 544 1971; x_wconf 85' lang='grc' dir='ltr'>κρίσιν</span> <span class='ocrx_word' id='word_1_265' title='bbox 592 1896 826 1964; x_wconf 74' lang='grc' dir='ltr'>ἐπιθεὶς,</span> <span class='ocrx_word' id='word_1_266' title='bbox 872 1895 960 1950; x_wconf 80' lang='grc' dir='ltr'><strong>καὶ</strong></span> <span class='ocrx_word' id='word_1_267' title='bbox 1009 1896 1109 1964; x_wconf 73' lang='grc' dir='ltr'><strong>τὴν</strong></span> <span class='ocrx_word' id='word_1_268' title='bbox 1157 1893 1341 1949; x_wconf 77' lang='grc' dir='ltr'>ἄδικον</span> <span class='ocrx_word' id='word_1_269' title='bbox 1392 1892 1630 1971; x_wconf 82' lang='grc' dir='ltr'>ἀφελὼν,</span> <span class='ocrx_word' id='word_1_270' title='bbox 1667 1915 1764 1948; x_wconf 91' lang='grc' dir='ltr'>κα-</span> 
     </span>
    </p>
   </div>
   <div class='ocr_carea' id='block_1_35' title="bbox 1937 1857 3519 1974">
    <p class='ocr_par' dir='ltr' id='par_1_35' title="bbox 1940 1857 3519 1974">
     <span class='ocr_line' id='line_1_36' title="bbox 1940 1857 3518 1887; baseline -0.004 1"><span class='ocrx_word' id='word_1_271' title='bbox 1940 1857 2105 1870; x_wconf 79' lang='lat'><strong>&quot;&quot;&quot;&quot;</strong></span> <span class='ocrx_word' id='word_1_272' title='bbox 2145 1857 2243 1870; x_wconf 64' lang='grc' dir='ltr'><strong>νυν</strong></span> <span class='ocrx_word' id='word_1_273' title='bbox 2283 1857 2563 1887; x_wconf 69' lang='grc' dir='ltr'><strong>Γνν“¹¹⁶“““¹</strong></span> <span class='ocrx_word' id='word_1_274' title='bbox 2596 1857 2708 1870; x_wconf 72' lang='grc' dir='ltr'><strong><em>⁵⁶ν⁵⁴</em></strong></span> <span class='ocrx_word' id='word_1_275' title='bbox 2731 1857 2904 1885; x_wconf 71' lang='grc' dir='ltr'><strong>δ’·υν*</strong></span> <span class='ocrx_word' id='word_1_276' title='bbox 2928 1857 2942 1883; x_wconf 72' lang='grc' dir='ltr'><strong>ι</strong></span> <span class='ocrx_word' id='word_1_277' title='bbox 2975 1857 3075 1868; x_wconf 69' lang='grc' dir='ltr'><strong>νν*</strong></span> <span class='ocrx_word' id='word_1_278' title='bbox 3110 1857 3333 1882; x_wconf 75' lang='lat' dir='ltr'><strong>&quot;&quot;J&quot;&quot;&#39;</strong></span> <span class='ocrx_word' id='word_1_279' title='bbox 3361 1857 3518 1881; x_wconf 66' lang='lat' dir='ltr'><strong>d“&quot;</strong></span> 
     </span>
     <span class='ocr_line' id='line_1_37' title="bbox 1941 1898 3519 1974; baseline -0.003 -18"><span class='ocrx_word' id='word_1_280' title='bbox 1941 1902 2092 1958; x_wconf 89' lang='lat' dir='ltr'><strong>dicio</strong></span> <span class='ocrx_word' id='word_1_281' title='bbox 2123 1903 2435 1974; x_wconf 83' lang='lat' dir='ltr'><strong>ablataque</strong></span> <span class='ocrx_word' id='word_1_282' title='bbox 2463 1903 2703 1973; x_wconf 89' lang='lat' dir='ltr'><strong>injusto,</strong></span> <span class='ocrx_word' id='word_1_283' title='bbox 2731 1901 3040 1973; x_wconf 88' lang='lat' dir='ltr'><strong>subjungit</strong></span> <span class='ocrx_word' id='word_1_284' title='bbox 3074 1917 3086 1955; x_wconf 95' lang='lat'>:</span> <span class='ocrx_word' id='word_1_285' title='bbox 3137 1922 3165 1949; x_wconf 85' lang='grc'><strong>‹‹</strong></span> <span class='ocrx_word' id='word_1_286' title='bbox 3199 1898 3379 1954; x_wconf 84' lang='lat' dir='ltr'><strong>Hodie</strong></span> <span class='ocrx_word' id='word_1_287' title='bbox 3427 1915 3519 1954; x_wconf 89' lang='lat' dir='ltr'><strong>sa-</strong></span> 
     </span>
    </p>
   </div>
   <div class='ocr_carea' id='block_1_36' title="bbox 182 1982 1764 2062">
    <p class='ocr_par' dir='ltr' id='par_1_36' title="bbox 182 1982 1763 2061">
     <span class='ocr_line' id='line_1_38' title="bbox 182 1982 1763 2061; baseline -0.002 -21"><span class='ocrx_word' id='word_1_288' title='bbox 182 1986 358 2061; x_wconf 78' lang='grc' dir='ltr'>τιλέγει.</span> <span class='ocrx_word' id='word_1_289' title='bbox 391 2011 411 2037; x_wconf 77' lang='grc' dir='ltr'><strong>ι</strong></span> <span class='ocrx_word' id='word_1_290' title='bbox 445 1988 704 2060; x_wconf 64' lang='grc' dir='ltr'>Σήμερον</span> <span class='ocrx_word' id='word_1_291' title='bbox 747 1984 992 2060; x_wconf 87' lang='grc' dir='ltr'>σωτηρία</span> <span class='ocrx_word' id='word_1_292' title='bbox 1020 1987 1100 2055; x_wconf 83' lang='grc' dir='ltr'><strong>τῷ</strong></span> <span class='ocrx_word' id='word_1_293' title='bbox 1133 1983 1269 2056; x_wconf 76' lang='grc' dir='ltr'>οἷ’κῳ</span> <span class='ocrx_word' id='word_1_294' title='bbox 1316 1983 1494 2055; x_wconf 87' lang='grc' dir='ltr'>τούτῳ</span> <span class='ocrx_word' id='word_1_295' title='bbox 1524 1982 1763 2058; x_wconf 79' lang='grc' dir='ltr'>ἐγένετο,</span> 
     </span>
    </p>
   </div>
   <div class='ocr_carea' id='block_1_37' title="bbox 1940 1982 3522 2062">
    <p class='ocr_par' dir='ltr' id='par_1_37' title="bbox 1941 1987 3522 2062">
     <span class='ocr_line' id='line_1_39' title="bbox 1941 1987 3522 2062; baseline -0.003 -14"><span class='ocrx_word' id='word_1_296' title='bbox 1941 2008 1970 2048; x_wconf 89' lang='lat' dir='ltr'><strong>s</strong></span> <span class='ocrx_word' id='word_1_297' title='bbox 2015 1991 2154 2048; x_wconf 92' lang='lat' dir='ltr'><strong>huic</strong></span> <span class='ocrx_word' id='word_1_298' title='bbox 2202 1991 2402 2048; x_wconf 87' lang='lat' dir='ltr'><strong>domui</strong></span> <span class='ocrx_word' id='word_1_299' title='bbox 2452 1993 2605 2049; x_wconf 82' lang='lat' dir='ltr'><strong>facta</strong></span> <span class='ocrx_word' id='word_1_300' title='bbox 2634 1996 2744 2060; x_wconf 88' lang='lat' dir='ltr'><strong>est,</strong></span> <span class='ocrx_word' id='word_1_301' title='bbox 2777 2007 2844 2046; x_wconf 87' lang='lat' dir='ltr'><strong>eo</strong></span> <span class='ocrx_word' id='word_1_302' title='bbox 2876 1990 3032 2062; x_wconf 90' lang='lat' dir='ltr'><strong>quod</strong></span> <span class='ocrx_word' id='word_1_303' title='bbox 3082 1994 3138 2044; x_wconf 89' lang='lat' dir='ltr'><strong>et</strong></span> <span class='ocrx_word' id='word_1_304' title='bbox 3184 1989 3308 2060; x_wconf 77' lang='lat' dir='ltr'><strong>ipse</strong></span> <span class='ocrx_word' id='word_1_305' title='bbox 3367 1987 3522 2043; x_wconf 82' lang='lat' dir='ltr'><strong>filius</strong></span> 
     </span>
    </p>
   </div>
   <div class='ocr_carea' id='block_1_38' title="bbox 183 2067 1765 2152">
    <p class='ocr_par' dir='ltr' id='par_1_38' title="bbox 183 2067 1761 2149">
     <span class='ocr_line' id='line_1_40' title="bbox 183 2067 1761 2149; baseline -0.004 -19"><span class='ocrx_word' id='word_1_306' title='bbox 183 2077 318 2130; x_wconf 70' lang='grc' dir='ltr'>ηθὸτι</span> <span class='ocrx_word' id='word_1_307' title='bbox 359 2077 434 2130; x_wconf 84' lang='grc' dir='ltr'>καί</span> <span class='ocrx_word' id='word_1_308' title='bbox 484 2075 654 2136; x_wconf 81' lang='grc' dir='ltr'>αὐτὸς</span> <span class='ocrx_word' id='word_1_309' title='bbox 711 2074 830 2136; x_wconf 72' lang='grc' dir='ltr'>υἱὸς</span> <span class='ocrx_word' id='word_1_310' title='bbox 861 2067 1113 2149; x_wconf 75' lang='grc' dir='ltr'>Ἀϐραάμ</span> <span class='ocrx_word' id='word_1_311' title='bbox 1169 2072 1387 2128; x_wconf 76' lang='grc' dir='ltr'>ἐστιν.»</span> <span class='ocrx_word' id='word_1_312' title='bbox 1448 2071 1606 2130; x_wconf 78' lang='grc' dir='ltr'>Οὕτω</span> <span class='ocrx_word' id='word_1_313' title='bbox 1662 2074 1761 2142; x_wconf 77' lang='grc' dir='ltr'>τὴν</span> 
     </span>
    </p>
   </div>
   <div class='ocr_carea' id='block_1_39' title="bbox 1942 2067 3524 2152">
    <p class='ocr_par' dir='ltr' id='par_1_39' title="bbox 1942 2079 3524 2152">
     <span class='ocr_line' id='line_1_41' title="bbox 1942 2079 3524 2152; baseline -0.003 -18"><span class='ocrx_word' id='word_1_314' title='bbox 1942 2080 2136 2136; x_wconf 71' lang='grc' dir='ltr'>»ι-ιώαε.</span> <span class='ocrx_word' id='word_1_315' title='bbox 2171 2103 2199 2130; x_wconf 86' lang='grc'><strong>››</strong></span> <span class='ocrx_word' id='word_1_316' title='bbox 2233 2081 2326 2136; x_wconf 85' lang='lat' dir='ltr'><strong>Sic</strong></span> <span class='ocrx_word' id='word_1_317' title='bbox 2356 2097 2488 2136; x_wconf 86' lang='lat' dir='ltr'><strong>vero</strong></span> <span class='ocrx_word' id='word_1_318' title='bbox 2546 2079 2746 2136; x_wconf 86' lang='lat' dir='ltr'><strong>laudat</strong></span> <span class='ocrx_word' id='word_1_319' title='bbox 2791 2079 3173 2152; x_wconf 87' lang='lat' dir='ltr'><strong>pecuniarum</strong></span> <span class='ocrx_word' id='word_1_320' title='bbox 3225 2093 3422 2141; x_wconf 91' lang='lat' dir='ltr'><strong>usum,</strong></span> <span class='ocrx_word' id='word_1_321' title='bbox 3460 2079 3524 2130; x_wconf 87' lang='lat' dir='ltr'><strong>ut</strong></span> 
     </span>
    </p>
   </div>
   <div class='ocr_carea' id='block_1_40' title="bbox 185 2161 1767 2242">
    <p class='ocr_par' dir='ltr' id='par_1_40' title="bbox 185 2161 1760 2238">
     <span class='ocr_line' id='line_1_42' title="bbox 185 2161 1760 2238; baseline -0.003 -20"><span class='ocrx_word' id='word_1_322' title='bbox 185 2167 323 2238; x_wconf 82' lang='grc' dir='ltr'>χριίαν</span> <span class='ocrx_word' id='word_1_323' title='bbox 352 2165 511 2218; x_wconf 76' lang='grc' dir='ltr'>αὐτῶν</span> <span class='ocrx_word' id='word_1_324' title='bbox 542 2162 780 2230; x_wconf 79' lang='grc' dir='ltr'>ἐπαινεῖ,</span> <span class='ocrx_word' id='word_1_325' title='bbox 828 2167 966 2216; x_wconf 89' lang='grc' dir='ltr'>ῶστε</span> <span class='ocrx_word' id='word_1_326' title='bbox 1011 2161 1101 2215; x_wconf 87' lang='grc' dir='ltr'><strong>καὶ</strong></span> <span class='ocrx_word' id='word_1_327' title='bbox 1151 2161 1285 2235; x_wconf 73' lang='grc' dir='ltr'>μετὰ</span> <span class='ocrx_word' id='word_1_328' title='bbox 1311 2167 1411 2229; x_wconf 83' lang='grc' dir='ltr'>τῆς</span> <span class='ocrx_word' id='word_1_329' title='bbox 1440 2161 1760 2237; x_wconf 76' lang='grc' dir='ltr'>προσθήκης</span> 
     </span>
    </p>
   </div>
   <div class='ocr_carea' id='block_1_41' title="bbox 1939 2161 3521 2242">
    <p class='ocr_par' dir='ltr' id='par_1_41' title="bbox 1939 2164 3521 2242">
     <span class='ocr_line' id='line_1_43' title="bbox 1939 2164 3521 2242; baseline -0.001 -20"><span class='ocrx_word' id='word_1_330' title='bbox 1939 2185 2007 2223; x_wconf 61' lang='grc' dir='ltr'><strong>ιω</strong></span> <span class='ocrx_word' id='word_1_331' title='bbox 2040 2169 2148 2224; x_wconf 90' lang='lat' dir='ltr'><strong>hac</strong></span> <span class='ocrx_word' id='word_1_332' title='bbox 2180 2169 2506 2242; x_wconf 75' lang='lat' dir='ltr'><strong>adjectione</strong></span> <span class='ocrx_word' id='word_1_333' title='bbox 2555 2167 3151 2225; x_wconf 89' lang='lat' dir='ltr'><strong>communicationem</strong></span> <span class='ocrx_word' id='word_1_334' title='bbox 3203 2164 3521 2238; x_wconf 73' lang='lat' dir='ltr'><strong>praecipiat,</strong></span> 
     </span>
    </p>
   </div>
   <div class='ocr_carea' id='block_1_42' title="bbox 185 2247 1767 2329">
    <p class='ocr_par' dir='ltr' id='par_1_42' title="bbox 185 2247 1761 2324">
     <span class='ocr_line' id='line_1_44' title="bbox 185 2247 1761 2324; baseline -0.003 -16"><span class='ocrx_word' id='word_1_335' title='bbox 185 2253 334 2324; x_wconf 62' lang='grc' dir='ltr'>ττὲτης</span> <span class='ocrx_word' id='word_1_336' title='bbox 380 2255 468 2321; x_wconf 69' lang='grc' dir='ltr'>τήν</span> <span class='ocrx_word' id='word_1_337' title='bbox 524 2252 818 2307; x_wconf 79' lang='grc' dir='ltr'>κοινωνίαν</span> <span class='ocrx_word' id='word_1_338' title='bbox 888 2250 1181 2318; x_wconf 75' lang='grc' dir='ltr'>ἐπιτάσσει,</span> <span class='ocrx_word' id='word_1_339' title='bbox 1237 2250 1474 2318; x_wconf 79' lang='grc' dir='ltr'>ποτίζειν</span> <span class='ocrx_word' id='word_1_340' title='bbox 1532 2250 1622 2304; x_wconf 87' lang='grc' dir='ltr'>τὸν</span> <span class='ocrx_word' id='word_1_341' title='bbox 1681 2247 1761 2304; x_wconf 86' lang='grc' dir='ltr'>δι-</span> 
     </span>
    </p>
   </div>
   <div class='ocr_carea' id='block_1_43' title="bbox 1934 2247 3516 2329">
    <p class='ocr_par' dir='ltr' id='par_1_43' title="bbox 1934 2256 3516 2328">
     <span class='ocr_line' id='line_1_45' title="bbox 1934 2256 3516 2328; baseline -0.001 -17"><span class='ocrx_word' id='word_1_342' title='bbox 1934 2261 2073 2313; x_wconf 61' lang='lat' dir='ltr'><strong>ltum</strong></span> <span class='ocrx_word' id='word_1_343' title='bbox 2107 2259 2245 2314; x_wconf 89' lang='lat' dir='ltr'><strong>dare</strong></span> <span class='ocrx_word' id='word_1_344' title='bbox 2277 2258 2521 2324; x_wconf 89' lang='lat' dir='ltr'><strong>sitienti,</strong></span> <span class='ocrx_word' id='word_1_345' title='bbox 2555 2257 2833 2314; x_wconf 88' lang='lat' dir='ltr'><strong>esurienti</strong></span> <span class='ocrx_word' id='word_1_346' title='bbox 2872 2273 3080 2328; x_wconf 92' lang='lat' dir='ltr'><strong>panem</strong></span> <span class='ocrx_word' id='word_1_347' title='bbox 3112 2256 3390 2326; x_wconf 68' lang='lat' dir='ltr'><strong>praebere,</strong></span> <span class='ocrx_word' id='word_1_348' title='bbox 3417 2269 3516 2325; x_wconf 90' lang='lat' dir='ltr'><strong>pe-</strong></span> 
     </span>
    </p>
   </div>
   <div class='ocr_carea' id='block_1_44' title="bbox 189 2336 1771 2419">
    <p class='ocr_par' dir='ltr' id='par_1_44' title="bbox 189 2336 1762 2416">
     <span class='ocr_line' id='line_1_46' title="bbox 189 2336 1762 2416; baseline -0.002 -20"><span class='ocrx_word' id='word_1_349' title='bbox 189 2345 338 2414; x_wconf 56' lang='grc' dir='ltr'>φῶντα,</span> <span class='ocrx_word' id='word_1_350' title='bbox 365 2340 512 2416; x_wconf 76' lang='grc' dir='ltr'>άρτον</span> <span class='ocrx_word' id='word_1_351' title='bbox 546 2339 762 2396; x_wconf 82' lang='grc' dir='ltr'>διδόναι</span> <span class='ocrx_word' id='word_1_352' title='bbox 813 2361 892 2413; x_wconf 83' lang='grc' dir='ltr'>τῳ</span> <span class='ocrx_word' id='word_1_353' title='bbox 938 2344 1211 2409; x_wconf 83' lang='grc' dir='ltr'>πεινῶντι,</span> <span class='ocrx_word' id='word_1_354' title='bbox 1255 2336 1617 2414; x_wconf 83' lang='grc' dir='ltr'>ὑποδέχεσθαι</span> <span class='ocrx_word' id='word_1_355' title='bbox 1667 2339 1762 2393; x_wconf 84' lang='grc' dir='ltr'><strong>τὸν</strong></span> 
     </span>
    </p>
   </div>
   <div class='ocr_carea' id='block_1_45' title="bbox 1941 2336 3523 2419">
    <p class='ocr_par' dir='ltr' id='par_1_45' title="bbox 1941 2341 3523 2419">
     <span class='ocr_line' id='line_1_47' title="bbox 1941 2341 3523 2419; baseline -0.002 -18"><span class='ocrx_word' id='word_1_356' title='bbox 1941 2346 2168 2418; x_wconf 88' lang='lat' dir='ltr'><strong>grinum</strong></span> <span class='ocrx_word' id='word_1_357' title='bbox 2221 2348 2544 2419; x_wconf 87' lang='lat' dir='ltr'><strong>suscipere,</strong></span> <span class='ocrx_word' id='word_1_358' title='bbox 2593 2348 2817 2402; x_wconf 88' lang='lat' dir='ltr'><strong>nudum</strong></span> <span class='ocrx_word' id='word_1_359' title='bbox 2861 2346 3094 2402; x_wconf 84' lang='lat' dir='ltr'><strong>vestire.</strong></span> <span class='ocrx_word' id='word_1_360' title='bbox 3126 2342 3288 2408; x_wconf 87' lang='lat' dir='ltr'><strong>Quod</strong></span> <span class='ocrx_word' id='word_1_361' title='bbox 3320 2342 3371 2398; x_wconf 90' lang='lat' dir='ltr'><strong>si</strong></span> <span class='ocrx_word' id='word_1_362' title='bbox 3400 2341 3523 2398; x_wconf 66' lang='lat' dir='ltr'><strong>hinc</strong></span> 
     </span>
    </p>
   </div>
   <div class='ocr_carea' id='block_1_46' title="bbox 179 2425 1761 2508">
    <p class='ocr_par' dir='ltr' id='par_1_46' title="bbox 179 2425 1760 2508">
     <span class='ocr_line' id='line_1_48' title="bbox 179 2425 1760 2508; baseline -0.001 -24"><span class='ocrx_word' id='word_1_363' title='bbox 179 2430 365 2505; x_wconf 78' lang='grc' dir='ltr'>Ξιπεγον,</span> <span class='ocrx_word' id='word_1_364' title='bbox 401 2430 750 2508; x_wconf 77' lang='grc' dir='ltr'>ἆμφιεννύναι</span> <span class='ocrx_word' id='word_1_365' title='bbox 789 2429 879 2484; x_wconf 88' lang='grc' dir='ltr'>τὸν</span> <span class='ocrx_word' id='word_1_366' title='bbox 929 2427 1157 2502; x_wconf 85' lang='grc' dir='ltr'>γυμνόν.</span> <span class='ocrx_word' id='word_1_367' title='bbox 1209 2427 1270 2485; x_wconf 78' lang='grc' dir='ltr'><strong>Εἰ</strong></span> <span class='ocrx_word' id='word_1_368' title='bbox 1321 2425 1378 2483; x_wconf 70' lang='grc' dir='ltr'>δὲ</span> <span class='ocrx_word' id='word_1_369' title='bbox 1422 2428 1518 2490; x_wconf 82' lang='grc' dir='ltr'><strong>τὰς</strong></span> <span class='ocrx_word' id='word_1_370' title='bbox 1569 2428 1760 2502; x_wconf 78' lang='grc' dir='ltr'>χρείας</span> 
     </span>
    </p>
   </div>
   <div class='ocr_carea' id='block_1_47' title="bbox 1939 2425 3521 2508">
    <p class='ocr_par' dir='ltr' id='par_1_47' title="bbox 1939 2432 3521 2508">
     <span class='ocr_line' id='line_1_49' title="bbox 1939 2432 3521 2508; baseline 0 -22"><span class='ocrx_word' id='word_1_371' title='bbox 1939 2453 2042 2492; x_wconf 78' lang='grc' dir='ltr'><strong>ιωο</strong></span> <span class='ocrx_word' id='word_1_372' title='bbox 2074 2436 2277 2492; x_wconf 89' lang='lat' dir='ltr'><strong>munia</strong></span> <span class='ocrx_word' id='word_1_373' title='bbox 2305 2436 2528 2508; x_wconf 86' lang='lat' dir='ltr'><strong>absque</strong></span> <span class='ocrx_word' id='word_1_374' title='bbox 2553 2435 2816 2507; x_wconf 87' lang='lat' dir='ltr'><strong>pecuniis</strong></span> <span class='ocrx_word' id='word_1_375' title='bbox 2839 2433 3069 2506; x_wconf 79' lang='lat' dir='ltr'><strong>explere</strong></span> <span class='ocrx_word' id='word_1_376' title='bbox 3091 2435 3300 2506; x_wconf 84' lang='lat' dir='ltr'><strong>potest,</strong></span> <span class='ocrx_word' id='word_1_377' title='bbox 3320 2432 3521 2503; x_wconf 87' lang='lat' dir='ltr'><strong>jubet-</strong></span> 
     </span>
    </p>
   </div>
   <div class='ocr_carea' id='block_1_48' title="bbox 179 2516 1761 2596">
    <p class='ocr_par' dir='ltr' id='par_1_48' title="bbox 179 2516 1753 2595">
     <span class='ocr_line' id='line_1_50' title="bbox 179 2516 1753 2595; baseline -0.001 -24"><span class='ocrx_word' id='word_1_378' title='bbox 179 2521 252 2595; x_wconf 72' lang='grc' dir='ltr'>οὐχ</span> <span class='ocrx_word' id='word_1_379' title='bbox 290 2521 380 2574; x_wconf 74' lang='grc' dir='ltr'>οἷὸν</span> <span class='ocrx_word' id='word_1_380' title='bbox 423 2542 478 2574; x_wconf 88' lang='grc' dir='ltr'><strong>τε</strong></span> <span class='ocrx_word' id='word_1_381' title='bbox 525 2516 846 2591; x_wconf 72' lang='grc' dir='ltr'>ἐκπληροῦν</span> <span class='ocrx_word' id='word_1_382' title='bbox 889 2518 1086 2580; x_wconf 87' lang='grc' dir='ltr'>ταύτας</span> <span class='ocrx_word' id='word_1_383' title='bbox 1139 2518 1216 2590; x_wconf 76' lang='grc' dir='ltr'><strong>μὴ</strong></span> <span class='ocrx_word' id='word_1_384' title='bbox 1269 2517 1375 2572; x_wconf 84' lang='grc' dir='ltr'>ἀπὸ</span> <span class='ocrx_word' id='word_1_385' title='bbox 1425 2517 1753 2592; x_wconf 83' lang='grc' dir='ltr'>χρημάτων,</span> 
     </span>
    </p>
   </div>
   <div class='ocr_carea' id='block_1_49' title="bbox 1937 2516 3519 2596">
    <p class='ocr_par' dir='ltr' id='par_1_49' title="bbox 1937 2519 3519 2596">
     <span class='ocr_line' id='line_1_51' title="bbox 1937 2519 3519 2596; baseline -0.003 -18"><span class='ocrx_word' id='word_1_386' title='bbox 1937 2541 1982 2579; x_wconf 84' lang='grc' dir='ltr'>ιθ</span> <span class='ocrx_word' id='word_1_387' title='bbox 2007 2530 2070 2580; x_wconf 89' lang='lat' dir='ltr'><strong>ut</strong></span> <span class='ocrx_word' id='word_1_388' title='bbox 2091 2525 2340 2580; x_wconf 86' lang='lat' dir='ltr'><strong>divortio</strong></span> <span class='ocrx_word' id='word_1_389' title='bbox 2369 2525 2521 2581; x_wconf 87' lang='lat' dir='ltr'><strong>facto</strong></span> <span class='ocrx_word' id='word_1_390' title='bbox 2544 2524 2676 2579; x_wconf 89' lang='lat' dir='ltr'><strong>illas</strong></span> <span class='ocrx_word' id='word_1_391' title='bbox 2705 2524 3138 2596; x_wconf 86' lang='lat' dir='ltr'><strong>relinquamus;</strong></span> <span class='ocrx_word' id='word_1_392' title='bbox 3174 2521 3313 2592; x_wconf 88' lang='lat' dir='ltr'><strong>quid</strong></span> <span class='ocrx_word' id='word_1_393' title='bbox 3338 2519 3519 2582; x_wconf 79' lang='lat' dir='ltr'><strong>aliud,</strong></span> 
     </span>
    </p>
   </div>
   <div class='ocr_carea' id='block_1_50' title="bbox 175 2603 1757 2685">
    <p class='ocr_par' dir='ltr' id='par_1_50' title="bbox 175 2603 1751 2683">
     <span class='ocr_line' id='line_1_52' title="bbox 175 2603 1751 2683; baseline 0.001 -24"><span class='ocrx_word' id='word_1_394' title='bbox 175 2605 320 2661; x_wconf 58' lang='lat' dir='ltr'><strong>invii</strong></span> <span class='ocrx_word' id='word_1_395' title='bbox 360 2610 662 2683; x_wconf 78' lang='grc' dir='ltr'>χρημάτων</span> <span class='ocrx_word' id='word_1_396' title='bbox 719 2606 1040 2682; x_wconf 78' lang='grc' dir='ltr'>ἀφίστασθαι</span> <span class='ocrx_word' id='word_1_397' title='bbox 1091 2604 1324 2676; x_wconf 79' lang='grc' dir='ltr'>κελεύει,</span> <span class='ocrx_word' id='word_1_398' title='bbox 1365 2606 1418 2660; x_wconf 91' lang='grc' dir='ltr'><strong>τί</strong></span> <span class='ocrx_word' id='word_1_399' title='bbox 1463 2605 1520 2660; x_wconf 69' lang='grc' dir='ltr'><strong>ἂν</strong></span> <span class='ocrx_word' id='word_1_400' title='bbox 1569 2603 1751 2680; x_wconf 72' lang='grc' dir='ltr'>ἓτερον</span> 
     </span>
    </p>
   </div>
   <div class='ocr_carea' id='block_1_51' title="bbox 1936 2603 3518 2685">
    <p class='ocr_par' dir='ltr' id='par_1_51' title="bbox 1936 2612 3518 2685">
     <span class='ocr_line' id='line_1_53' title="bbox 1936 2612 3518 2685; baseline -0.002 -18"><span class='ocrx_word' id='word_1_401' title='bbox 1936 2630 2083 2679; x_wconf 66' lang='lat' dir='ltr'><strong>lasso,</strong></span> <span class='ocrx_word' id='word_1_402' title='bbox 2107 2614 2244 2668; x_wconf 80' lang='lat' dir='ltr'><strong>facit</strong></span> <span class='ocrx_word' id='word_1_403' title='bbox 2273 2614 2583 2685; x_wconf 88' lang='lat' dir='ltr'><strong>Dominus,</strong></span> <span class='ocrx_word' id='word_1_404' title='bbox 2612 2630 2786 2684; x_wconf 87' lang='lat' dir='ltr'><strong>quam</strong></span> <span class='ocrx_word' id='word_1_405' title='bbox 2818 2618 2882 2669; x_wconf 89' lang='lat' dir='ltr'><strong>ut</strong></span> <span class='ocrx_word' id='word_1_406' title='bbox 2901 2613 3102 2668; x_wconf 90' lang='lat' dir='ltr'><strong>eadem</strong></span> <span class='ocrx_word' id='word_1_407' title='bbox 3147 2612 3288 2665; x_wconf 88' lang='lat' dir='ltr'><strong>dare</strong></span> <span class='ocrx_word' id='word_1_408' title='bbox 3318 2614 3518 2665; x_wconf 89' lang='lat' dir='ltr'><strong>etnon</strong></span> 
     </span>
    </p>
   </div>
   <div class='ocr_carea' id='block_1_52' title="bbox 173 2693 1755 2773">
    <p class='ocr_par' dir='ltr' id='par_1_52' title="bbox 173 2693 1748 2772">
     <span class='ocr_line' id='line_1_54' title="bbox 173 2693 1741 2738; baseline 0.003 -27"><span class='ocrx_word' id='word_1_409' title='bbox 173 2695 209 2738; x_wconf 54' lang='grc' dir='ltr'><em>’Υ</em></span> <span class='ocrx_word' id='word_1_410' title='bbox 347 2703 368 2712; x_wconf 56' lang='grc' dir='ltr'>δ</span> <span class='ocrx_word' id='word_1_411' title='bbox 459 2700 471 2718; x_wconf 59' lang='grc' dir='ltr'><strong>ρ</strong></span> <span class='ocrx_word' id='word_1_412' title='bbox 547 2697 597 2716; x_wconf 64' lang='lat' dir='ltr'><strong>pl</strong></span> <span class='ocrx_word' id='word_1_413' title='bbox 913 2696 927 2712; x_wconf 57' lang='grc' dir='ltr'>ἱ</span> <span class='ocrx_word' id='word_1_414' title='bbox 1031 2695 1042 2714; x_wconf 76' lang='lat'>’</span> <span class='ocrx_word' id='word_1_415' title='bbox 1228 2693 1252 2712; x_wconf 59' lang='grc' dir='ltr'><strong>κ</strong></span> <span class='ocrx_word' id='word_1_416' title='bbox 1603 2695 1617 2716; x_wconf 72' lang='lat'><strong>‘</strong></span> <span class='ocrx_word' id='word_1_417' title='bbox 1727 2696 1741 2714; x_wconf 56' lang='grc' dir='ltr'>δ</span> 
     </span>
     <span class='ocr_line' id='line_1_55' title="bbox 173 2693 1748 2772; baseline 0.001 -25"><span class='ocrx_word' id='word_1_418' title='bbox 173 2719 228 2766; x_wconf 77' lang='grc' dir='ltr'><strong>..η</strong></span> <span class='ocrx_word' id='word_1_419' title='bbox 265 2718 405 2751; x_wconf 80' lang='grc' dir='ltr'>ποιων</span> <span class='ocrx_word' id='word_1_420' title='bbox 453 2719 480 2752; x_wconf 91' lang='grc' dir='ltr'><strong>ο</strong></span> <span class='ocrx_word' id='word_1_421' title='bbox 525 2705 756 2772; x_wconf 71' lang='grc' dir='ltr'>Κύριος,</span> <span class='ocrx_word' id='word_1_422' title='bbox 803 2696 839 2765; x_wconf 75' lang='grc' dir='ltr'>ἦ</span> <span class='ocrx_word' id='word_1_423' title='bbox 871 2717 937 2750; x_wconf 89' lang='grc' dir='ltr'><strong>τα</strong></span> <span class='ocrx_word' id='word_1_424' title='bbox 985 2696 1119 2750; x_wconf 79' lang='grc' dir='ltr'>αυτὰ</span> <span class='ocrx_word' id='word_1_425' title='bbox 1167 2693 1375 2750; x_wconf 76' lang='grc' dir='ltr'>διδόναι</span> <span class='ocrx_word' id='word_1_426' title='bbox 1423 2716 1480 2750; x_wconf 89' lang='grc' dir='ltr'><strong>τε</strong></span> <span class='ocrx_word' id='word_1_427' title='bbox 1528 2717 1619 2750; x_wconf 90' lang='grc' dir='ltr'><strong>και</strong></span> <span class='ocrx_word' id='word_1_428' title='bbox 1675 2717 1748 2766; x_wconf 89' lang='grc' dir='ltr'><strong>ηη</strong></span> 
     </span>
    </p>
   </div>
   <div class='ocr_carea' id='block_1_53' title="bbox 1933 2693 3515 2773">
    <p class='ocr_par' dir='ltr' id='par_1_53' title="bbox 1933 2701 3515 2773">
     <span class='ocr_line' id='line_1_56' title="bbox 1933 2701 3515 2773; baseline -0.002 -17"><span class='ocrx_word' id='word_1_429' title='bbox 1933 2719 2002 2757; x_wconf 81' lang='lat' dir='ltr'><strong>.re</strong></span> <span class='ocrx_word' id='word_1_430' title='bbox 2044 2703 2272 2772; x_wconf 83' lang='lat' dir='ltr'><strong>jubeat.</strong></span> <span class='ocrx_word' id='word_1_431' title='bbox 2303 2702 2458 2758; x_wconf 87' lang='lat' dir='ltr'><strong>alere</strong></span> <span class='ocrx_word' id='word_1_432' title='bbox 2507 2709 2564 2759; x_wconf 89' lang='lat' dir='ltr'><strong>et</strong></span> <span class='ocrx_word' id='word_1_433' title='bbox 2613 2719 2726 2758; x_wconf 91' lang='lat' dir='ltr'><strong>non</strong></span> <span class='ocrx_word' id='word_1_434' title='bbox 2778 2701 2953 2769; x_wconf 91' lang='lat' dir='ltr'><strong>alere,</strong></span> <span class='ocrx_word' id='word_1_435' title='bbox 2988 2701 3286 2773; x_wconf 88' lang='lat' dir='ltr'><strong>suscipere</strong></span> <span class='ocrx_word' id='word_1_436' title='bbox 3313 2704 3372 2755; x_wconf 89' lang='lat' dir='ltr'><strong>et</strong></span> <span class='ocrx_word' id='word_1_437' title='bbox 3400 2713 3515 2753; x_wconf 91' lang='lat' dir='ltr'><strong>non</strong></span> 
     </span>
    </p>
   </div>
   <div class='ocr_carea' id='block_1_54' title="bbox 172 2781 1754 2863">
    <p class='ocr_par' dir='ltr' id='par_1_54' title="bbox 172 2781 1748 2862">
     <span class='ocr_line' id='line_1_57' title="bbox 172 2781 1748 2862; baseline 0.002 -27"><span class='ocrx_word' id='word_1_438' title='bbox 172 2781 318 2839; x_wconf 71' lang='grc' dir='ltr'>Ξιόόναι</span> <span class='ocrx_word' id='word_1_439' title='bbox 354 2792 647 2862; x_wconf 83' lang='grc' dir='ltr'>παραινῶν,</span> <span class='ocrx_word' id='word_1_440' title='bbox 700 2786 916 2862; x_wconf 79' lang='grc' dir='ltr'>τρέφειν</span> <span class='ocrx_word' id='word_1_441' title='bbox 964 2805 1021 2840; x_wconf 85' lang='grc' dir='ltr'><strong>τε</strong></span> <span class='ocrx_word' id='word_1_442' title='bbox 1065 2785 1154 2838; x_wconf 82' lang='grc' dir='ltr'><strong>καὶ</strong></span> <span class='ocrx_word' id='word_1_443' title='bbox 1208 2787 1283 2857; x_wconf 78' lang='grc' dir='ltr'>μὴ</span> <span class='ocrx_word' id='word_1_444' title='bbox 1325 2783 1561 2860; x_wconf 77' lang='grc' dir='ltr'>τρέφειν,</span> <span class='ocrx_word' id='word_1_445' title='bbox 1612 2785 1748 2839; x_wconf 82' lang='grc' dir='ltr'>ὑπο-</span> 
     </span>
    </p>
   </div>
   <div class='ocr_carea' id='block_1_55' title="bbox 1931 2781 3513 2863">
    <p class='ocr_par' dir='ltr' id='par_1_55' title="bbox 1935 2787 3513 2863">
     <span class='ocr_line' id='line_1_58' title="bbox 1935 2787 3513 2863; baseline -0.003 -17"><span class='ocrx_word' id='word_1_446' title='bbox 1935 2791 2178 2863; x_wconf 86' lang='lat' dir='ltr'><strong>scipere,</strong></span> <span class='ocrx_word' id='word_1_447' title='bbox 2194 2793 2630 2848; x_wconf 87' lang='lat' dir='ltr'><strong>communicare</strong></span> <span class='ocrx_word' id='word_1_448' title='bbox 2645 2796 2700 2847; x_wconf 92' lang='lat' dir='ltr'><strong>et</strong></span> <span class='ocrx_word' id='word_1_449' title='bbox 2715 2809 2828 2847; x_wconf 91' lang='lat' dir='ltr'><strong>non</strong></span> <span class='ocrx_word' id='word_1_450' title='bbox 2845 2789 3323 2847; x_wconf 78' lang='lat' dir='ltr'><strong>communicare?</strong></span> <span class='ocrx_word' id='word_1_451' title='bbox 3351 2787 3513 2854; x_wconf 88' lang='lat' dir='ltr'><strong>Quod</strong></span> 
     </span>
    </p>
   </div>
   <div class='ocr_carea' id='block_1_56' title="bbox 168 2871 1750 2948">
    <p class='ocr_par' dir='ltr' id='par_1_56' title="bbox 168 2871 1748 2948">
     <span class='ocr_line' id='line_1_59' title="bbox 168 2871 1748 2948; baseline 0.001 -22"><span class='ocrx_word' id='word_1_452' title='bbox 168 2871 352 2948; x_wconf 68' lang='grc' dir='ltr'>δέχεσθαι</span> <span class='ocrx_word' id='word_1_453' title='bbox 392 2878 472 2931; x_wconf 82' lang='grc' dir='ltr'><strong>καὶ</strong></span> <span class='ocrx_word' id='word_1_454' title='bbox 528 2874 874 2944; x_wconf 81' lang='grc' dir='ltr'>ἀποκλείειν,</span> <span class='ocrx_word' id='word_1_455' title='bbox 931 2878 1216 2929; x_wconf 80' lang='grc' dir='ltr'>κοινωνεῖν</span> <span class='ocrx_word' id='word_1_456' title='bbox 1264 2872 1350 2929; x_wconf 61' lang='grc' dir='ltr'><strong>καῖ</strong></span> <span class='ocrx_word' id='word_1_457' title='bbox 1406 2875 1482 2947; x_wconf 83' lang='grc' dir='ltr'>μή</span> <span class='ocrx_word' id='word_1_458' title='bbox 1545 2894 1748 2929; x_wconf 86' lang='grc' dir='ltr'>κοινω-</span> 
     </span>
    </p>
   </div>
   <div class='ocr_carea' id='block_1_57' title="bbox 1179 2871 2761 2948">
    <p class='ocr_par' dir='ltr' id='par_1_57' title="bbox 1179 2872 2761 2947">
     <span class='ocr_line' id='line_1_60' title="bbox 1179 2872 2761 2947; baseline 0.004 -19"><span class='ocrx_word' id='word_1_459' title='bbox 1179 2878 1216 2928; x_wconf 71' lang='lat' dir='ltr'><strong>iv</strong></span> <span class='ocrx_word' id='word_1_460' title='bbox 1264 2872 1350 2929; x_wconf 69' lang='lat' dir='ltr'><strong>mi</strong></span> <span class='ocrx_word' id='word_1_461' title='bbox 1406 2875 1482 2947; x_wconf 82' lang='grc' dir='ltr'>μή</span> <span class='ocrx_word' id='word_1_462' title='bbox 1545 2894 1748 2929; x_wconf 81' lang='grc' dir='ltr'>κοινω-</span> <span class='ocrx_word' id='word_1_463' title='bbox 1856 2879 2117 2936; x_wconf 90' lang='lat' dir='ltr'><strong>omnium</strong></span> <span class='ocrx_word' id='word_1_464' title='bbox 2152 2879 2619 2937; x_wconf 82' lang='lat' dir='ltr'><strong>insulsissimum</strong></span> <span class='ocrx_word' id='word_1_465' title='bbox 2653 2884 2761 2936; x_wconf 88' lang='lat' dir='ltr'><strong>est.</strong></span> 
     </span>
    </p>
   </div>
   <div class='ocr_carea' id='block_1_58' title="bbox 167 2963 1090 3040">
    <p class='ocr_par' dir='ltr' id='par_1_58' title="bbox 167 2963 1090 3040">
     <span class='ocr_line' id='line_1_61' title="bbox 167 2963 1090 3040; baseline 0.004 -26"><span class='ocrx_word' id='word_1_466' title='bbox 167 2967 238 3014; x_wconf 71' lang='grc' dir='ltr'>νεῖν</span> <span class='ocrx_word' id='word_1_467' title='bbox 259 2984 270 3032; x_wconf 87' lang='grc'><strong>;</strong></span> <span class='ocrx_word' id='word_1_468' title='bbox 290 2963 398 3040; x_wconf 69' lang='grc' dir='ltr'>ὅπερ</span> <span class='ocrx_word' id='word_1_469' title='bbox 429 2966 682 3021; x_wconf 79' lang='grc' dir='ltr'>ἁπάντων</span> <span class='ocrx_word' id='word_1_470' title='bbox 718 2963 1090 3040; x_wconf 75' lang='grc' dir='ltr'>ἀλογώτατον.</span> 
     </span>
    </p>
   </div>
   <div class='ocr_carea' id='block_1_59' title="bbox 216 3140 1798 3222">
    <p class='ocr_par' dir='ltr' id='par_1_59' title="bbox 216 3140 1738 3222">
     <span class='ocr_line' id='line_1_62' title="bbox 216 3140 1738 3222; baseline 0.002 -27"><span class='ocrx_word' id='word_1_471' title='bbox 216 3145 286 3199; x_wconf 73' lang='lat' dir='ltr'><strong>Lt&#39;.</strong></span> <span class='ocrx_word' id='word_1_472' title='bbox 334 3145 434 3202; x_wconf 78' lang='grc' dir='ltr'>Οὐκ</span> <span class='ocrx_word' id='word_1_473' title='bbox 484 3144 587 3222; x_wconf 76' lang='grc' dir='ltr'><strong>ἄρα</strong></span> <span class='ocrx_word' id='word_1_474' title='bbox 648 3143 1015 3221; x_wconf 75' lang='grc' dir='ltr'>ἀπορριπτέον</span> <span class='ocrx_word' id='word_1_475' title='bbox 1072 3141 1140 3196; x_wconf 79' lang='grc' dir='ltr'><strong>τὰ</strong></span> <span class='ocrx_word' id='word_1_476' title='bbox 1234 3141 1324 3196; x_wconf 78' lang='grc' dir='ltr'><strong>καὶ</strong></span> <span class='ocrx_word' id='word_1_477' title='bbox 1382 3140 1508 3205; x_wconf 79' lang='grc' dir='ltr'>τοὺς</span> <span class='ocrx_word' id='word_1_478' title='bbox 1567 3140 1738 3205; x_wconf 83' lang='grc' dir='ltr'>πέλας</span> 
     </span>
    </p>
   </div>
   <div class='ocr_carea' id='block_1_60' title="bbox 1915 3140 3497 3222">
    <p class='ocr_par' dir='ltr' id='par_1_60' title="bbox 1921 3141 3497 3218">
     <span class='ocr_line' id='line_1_63' title="bbox 1921 3141 3497 3218; baseline -0.003 -16"><span class='ocrx_word' id='word_1_479' title='bbox 1921 3146 2072 3202; x_wconf 84' lang='lat' dir='ltr'><strong>XIV.</strong></span> <span class='ocrx_word' id='word_1_480' title='bbox 2105 3146 2229 3202; x_wconf 88' lang='lat' dir='ltr'><strong>Non</strong></span> <span class='ocrx_word' id='word_1_481' title='bbox 2275 3163 2412 3218; x_wconf 88' lang='lat' dir='ltr'><strong>ergo</strong></span> <span class='ocrx_word' id='word_1_482' title='bbox 2461 3145 2800 3217; x_wconf 71' lang='lat' dir='ltr'><strong>abjiciendaa</strong></span> <span class='ocrx_word' id='word_1_483' title='bbox 2831 3149 2970 3202; x_wconf 88' lang='lat' dir='ltr'><strong>sunt</strong></span> <span class='ocrx_word' id='word_1_484' title='bbox 2998 3161 3158 3217; x_wconf 90' lang='lat' dir='ltr'><strong>opes,</strong></span> <span class='ocrx_word' id='word_1_485' title='bbox 3193 3160 3319 3216; x_wconf 68' lang='lat' dir='ltr'><strong>quis</strong></span> <span class='ocrx_word' id='word_1_486' title='bbox 3349 3146 3406 3199; x_wconf 88' lang='lat' dir='ltr'><strong>et</strong></span> <span class='ocrx_word' id='word_1_487' title='bbox 3435 3141 3497 3198; x_wconf 89' lang='lat' dir='ltr'><strong>in</strong></span> 
     </span>
    </p>
   </div>
   <div class='ocr_carea' id='block_1_61' title="bbox 169 3226 1751 3309">
    <p class='ocr_par' dir='ltr' id='par_1_61' title="bbox 169 3226 1742 3309">
     <span class='ocr_line' id='line_1_64' title="bbox 169 3226 1742 3309; baseline -0.001 -24"><span class='ocrx_word' id='word_1_488' title='bbox 169 3228 408 3306; x_wconf 60' lang='grc' dir='ltr'>ὠφελοῦντα</span> <span class='ocrx_word' id='word_1_489' title='bbox 450 3235 744 3309; x_wconf 76' lang='grc' dir='ltr'>χρήματα·</span> <span class='ocrx_word' id='word_1_490' title='bbox 790 3232 1045 3304; x_wconf 73' lang='grc' dir='ltr'>κτήματα</span> <span class='ocrx_word' id='word_1_491' title='bbox 1094 3231 1195 3306; x_wconf 87' lang='grc' dir='ltr'><strong>γάρ</strong></span> <span class='ocrx_word' id='word_1_492' title='bbox 1246 3230 1356 3285; x_wconf 82' lang='grc' dir='ltr'>ἐστι</span> <span class='ocrx_word' id='word_1_493' title='bbox 1398 3229 1569 3300; x_wconf 81' lang='grc' dir='ltr'>κτητᾶ</span> <span class='ocrx_word' id='word_1_494' title='bbox 1619 3226 1742 3284; x_wconf 74' lang='grc' dir='ltr'>ὄντα</span> 
     </span>
    </p>
   </div>
   <div class='ocr_carea' id='block_1_62' title="bbox 1913 3226 3495 3309">
    <p class='ocr_par' dir='ltr' id='par_1_62' title="bbox 1913 3231 3495 3305">
     <span class='ocr_line' id='line_1_65' title="bbox 1913 3231 3495 3305; baseline -0.003 -15"><span class='ocrx_word' id='word_1_495' title='bbox 1913 3234 2103 3290; x_wconf 71' lang='lat' dir='ltr'><strong>oximi</strong></span> <span class='ocrx_word' id='word_1_496' title='bbox 2149 3235 2357 3290; x_wconf 89' lang='lat' dir='ltr'><strong>cedant</strong></span> <span class='ocrx_word' id='word_1_497' title='bbox 2414 3235 2774 3291; x_wconf 85' lang='lat' dir='ltr'><strong>utilitatem:</strong></span> <span class='ocrx_word' id='word_1_498' title='bbox 2824 3234 3038 3290; x_wconf 91' lang='lat' dir='ltr'><strong>etenim</strong></span> <span class='ocrx_word' id='word_1_499' title='bbox 3093 3231 3495 3305; x_wconf 89' lang='lat' dir='ltr'><strong>possessiones</strong></span> 
     </span>
    </p>
   </div>
   <div class='ocr_carea' id='block_1_63' title="bbox 167 3315 1749 3398">
    <p class='ocr_par' dir='ltr' id='par_1_63' title="bbox 167 3315 1744 3398">
     <span class='ocr_line' id='line_1_66' title="bbox 167 3315 1744 3398; baseline 0.002 -29"><span class='ocrx_word' id='word_1_500' title='bbox 167 3319 228 3370; x_wconf 73' lang='lat' dir='ltr'><strong>ui</strong></span> <span class='ocrx_word' id='word_1_501' title='bbox 267 3325 495 3393; x_wconf 72' lang='grc' dir='ltr'>χρήματα</span> <span class='ocrx_word' id='word_1_502' title='bbox 541 3324 807 3398; x_wconf 77' lang='grc' dir='ltr'>χρήσιμα</span> <span class='ocrx_word' id='word_1_503' title='bbox 854 3315 984 3374; x_wconf 80' lang='grc' dir='ltr'>ὅντα</span> <span class='ocrx_word' id='word_1_504' title='bbox 1021 3319 1109 3373; x_wconf 82' lang='grc' dir='ltr'><strong>καὶ</strong></span> <span class='ocrx_word' id='word_1_505' title='bbox 1164 3319 1240 3380; x_wconf 82' lang='grc' dir='ltr'><strong>εἰς</strong></span> <span class='ocrx_word' id='word_1_506' title='bbox 1287 3325 1489 3394; x_wconf 81' lang='grc' dir='ltr'>χρῆσιν</span> <span class='ocrx_word' id='word_1_507' title='bbox 1539 3318 1744 3393; x_wconf 84' lang='grc' dir='ltr'>ἀνθρώ-</span> 
     </span>
    </p>
   </div>
   <div class='ocr_carea' id='block_1_64' title="bbox 1911 3315 3493 3398">
    <p class='ocr_par' dir='ltr' id='par_1_64' title="bbox 1915 3321 3493 3396">
     <span class='ocr_line' id='line_1_67' title="bbox 1915 3321 3493 3396; baseline -0.003 -17"><span class='ocrx_word' id='word_1_508' title='bbox 1915 3330 2152 3389; x_wconf 92' lang='lat' dir='ltr'><strong>cuntur,</strong></span> <span class='ocrx_word' id='word_1_509' title='bbox 2185 3325 2324 3396; x_wconf 89' lang='lat' dir='ltr'><strong>quia</strong></span> <span class='ocrx_word' id='word_1_510' title='bbox 2355 3340 2554 3379; x_wconf 85' lang='lat' dir='ltr'><strong>earum</strong></span> <span class='ocrx_word' id='word_1_511' title='bbox 2588 3341 2653 3380; x_wconf 90' lang='lat' dir='ltr'><strong>ea</strong></span> <span class='ocrx_word' id='word_1_512' title='bbox 2686 3323 2911 3380; x_wconf 87' lang='lat' dir='ltr'><strong>indoles</strong></span> <span class='ocrx_word' id='word_1_513' title='bbox 2937 3328 3027 3379; x_wconf 89' lang='lat' dir='ltr'><strong>est</strong></span> <span class='ocrx_word' id='word_1_514' title='bbox 3058 3326 3122 3377; x_wconf 89' lang='lat' dir='ltr'><strong>ut</strong></span> <span class='ocrx_word' id='word_1_515' title='bbox 3151 3321 3493 3394; x_wconf 88' lang='lat' dir='ltr'><strong>possidean-</strong></span> 
     </span>
    </p>
   </div>
   <div class='ocr_carea' id='block_1_65' title="bbox 169 3404 1751 3484">
    <p class='ocr_par' dir='ltr' id='par_1_65' title="bbox 169 3404 1741 3484">
     <span class='ocr_line' id='line_1_68' title="bbox 169 3404 1741 3484; baseline 0.001 -24"><span class='ocrx_word' id='word_1_516' title='bbox 169 3427 248 3460; x_wconf 75' lang='grc' dir='ltr'>,των</span> <span class='ocrx_word' id='word_1_517' title='bbox 299 3409 759 3484; x_wconf 73' lang='grc' dir='ltr'>παρεσκευασμένα</span> <span class='ocrx_word' id='word_1_518' title='bbox 825 3408 929 3462; x_wconf 80' lang='grc' dir='ltr'>ὑπὸ</span> <span class='ocrx_word' id='word_1_519' title='bbox 984 3412 1081 3462; x_wconf 91' lang='grc' dir='ltr'><strong>τοῦ</strong></span> <span class='ocrx_word' id='word_1_520' title='bbox 1141 3411 1296 3462; x_wconf 89' lang='grc' dir='ltr'>Θεοῦ.</span> <span class='ocrx_word' id='word_1_521' title='bbox 1353 3409 1386 3460; x_wconf 79' lang='grc' dir='ltr'>ἅ</span> <span class='ocrx_word' id='word_1_522' title='bbox 1442 3404 1508 3475; x_wconf 80' lang='grc' dir='ltr'>δὴ</span> <span class='ocrx_word' id='word_1_523' title='bbox 1564 3408 1741 3482; x_wconf 86' lang='grc' dir='ltr'>παρά-</span> 
     </span>
    </p>
   </div>
   <div class='ocr_carea' id='block_1_66' title="bbox 1914 3404 3496 3484">
    <p class='ocr_par' dir='ltr' id='par_1_66' title="bbox 1920 3407 3496 3484">
     <span class='ocr_line' id='line_1_69' title="bbox 1920 3407 3496 3484; baseline -0.004 -16"><span class='ocrx_word' id='word_1_524' title='bbox 1920 3430 1982 3480; x_wconf 88' lang='lat' dir='ltr'><strong>r;</strong></span> <span class='ocrx_word' id='word_1_525' title='bbox 2017 3413 2253 3483; x_wconf 86' lang='lat' dir='ltr'><strong>insuper</strong></span> <span class='ocrx_word' id='word_1_526' title='bbox 2301 3429 2441 3484; x_wconf 88' lang='lat' dir='ltr'><strong>opes</strong></span> <span class='ocrx_word' id='word_1_527' title='bbox 2489 3411 2862 3484; x_wconf 87' lang='lat' dir='ltr'><strong>appellantur</strong></span> <span class='ocrx_word' id='word_1_528' title='bbox 2896 3416 2959 3479; x_wconf 53' lang='grc' dir='ltr'><strong>’Β</strong></span> <span class='ocrx_word' id='word_1_529' title='bbox 3005 3411 3146 3482; x_wconf 92' lang='lat' dir='ltr'><strong>quia</strong></span> <span class='ocrx_word' id='word_1_530' title='bbox 3192 3425 3357 3480; x_wconf 84' lang='lat' dir='ltr'><strong>opem</strong></span> <span class='ocrx_word' id='word_1_531' title='bbox 3409 3407 3496 3462; x_wconf 84' lang='lat' dir='ltr'><strong>fe-</strong></span> 
     </span>
    </p>
   </div>
   <div class='ocr_carea' id='block_1_67' title="bbox 168 3492 1750 3571">
    <p class='ocr_par' dir='ltr' id='par_1_67' title="bbox 168 3492 1741 3571">
     <span class='ocr_line' id='line_1_70' title="bbox 168 3492 1741 3571; baseline 0.001 -24"><span class='ocrx_word' id='word_1_532' title='bbox 168 3515 290 3549; x_wconf 77' lang='grc' dir='ltr'>ιειται</span> <span class='ocrx_word' id='word_1_533' title='bbox 335 3499 412 3552; x_wconf 84' lang='grc' dir='ltr'><strong>καὶ</strong></span> <span class='ocrx_word' id='word_1_534' title='bbox 481 3493 870 3568; x_wconf 70' lang='grc' dir='ltr'>ὑποϐέϐληται</span> <span class='ocrx_word' id='word_1_535' title='bbox 919 3497 1158 3571; x_wconf 79' lang='grc' dir='ltr'>καθάπερ</span> <span class='ocrx_word' id='word_1_536' title='bbox 1216 3496 1321 3566; x_wconf 77' lang='grc' dir='ltr'><strong>ὕλη</strong></span> <span class='ocrx_word' id='word_1_537' title='bbox 1379 3517 1460 3558; x_wconf 88' lang='grc' dir='ltr'><strong>τις</strong></span> <span class='ocrx_word' id='word_1_538' title='bbox 1517 3496 1605 3550; x_wconf 81' lang='grc' dir='ltr'>καὶ</span> <span class='ocrx_word' id='word_1_539' title='bbox 1649 3492 1741 3571; x_wconf 80' lang='grc' dir='ltr'>ὅρ-</span> 
     </span>
    </p>
   </div>
   <div class='ocr_carea' id='block_1_68' title="bbox 1916 3492 3498 3571">
    <p class='ocr_par' dir='ltr' id='par_1_68' title="bbox 1925 3498 3498 3562">
     <span class='ocr_line' id='line_1_71' title="bbox 1925 3498 3498 3562; baseline -0.004 -4"><span class='ocrx_word' id='word_1_540' title='bbox 1925 3508 2007 3562; x_wconf 90' lang='lat' dir='ltr'><strong>nt.</strong></span> <span class='ocrx_word' id='word_1_541' title='bbox 2027 3508 2085 3557; x_wconf 90' lang='lat' dir='ltr'><strong>et</strong></span> <span class='ocrx_word' id='word_1_542' title='bbox 2106 3501 2383 3558; x_wconf 90' lang='lat' dir='ltr'><strong>humanis</strong></span> <span class='ocrx_word' id='word_1_543' title='bbox 2408 3503 2614 3557; x_wconf 89' lang='lat' dir='ltr'><strong>usibus</strong></span> <span class='ocrx_word' id='word_1_544' title='bbox 2655 3507 2794 3558; x_wconf 89' lang='lat' dir='ltr'><strong>sunt</strong></span> <span class='ocrx_word' id='word_1_545' title='bbox 2819 3518 2852 3555; x_wconf 88' lang='lat' dir='ltr'><strong>a</strong></span> <span class='ocrx_word' id='word_1_546' title='bbox 2882 3501 2996 3556; x_wconf 89' lang='lat' dir='ltr'><strong>Deo</strong></span> <span class='ocrx_word' id='word_1_547' title='bbox 3029 3498 3498 3556; x_wconf 69' lang='lat' dir='ltr'><strong>accommodata.</strong></span> 
     </span>
    </p>
   </div>
   <div class='ocr_carea' id='block_1_69' title="bbox 167 3582 1749 3664">
    <p class='ocr_par' dir='ltr' id='par_1_69' title="bbox 167 3582 1736 3663">
     <span class='ocr_line' id='line_1_72' title="bbox 167 3582 1736 3663; baseline 0.003 -25"><span class='ocrx_word' id='word_1_548' title='bbox 167 3605 257 3657; x_wconf 70' lang='grc' dir='ltr'>τινα</span> <span class='ocrx_word' id='word_1_549' title='bbox 299 3589 416 3662; x_wconf 79' lang='grc' dir='ltr'>πρὸς</span> <span class='ocrx_word' id='word_1_550' title='bbox 460 3595 664 3663; x_wconf 81' lang='grc' dir='ltr'>χρῆσιν</span> <span class='ocrx_word' id='word_1_551' title='bbox 730 3586 937 3661; x_wconf 74' lang='grc' dir='ltr'>ἀγαθὴν</span> <span class='ocrx_word' id='word_1_552' title='bbox 982 3591 1099 3649; x_wconf 86' lang='grc' dir='ltr'>τοῖς</span> <span class='ocrx_word' id='word_1_553' title='bbox 1149 3582 1321 3640; x_wconf 79' lang='grc' dir='ltr'>εἰδόσι</span> <span class='ocrx_word' id='word_1_554' title='bbox 1371 3585 1434 3639; x_wconf 87' lang='grc' dir='ltr'>τὸ</span> <span class='ocrx_word' id='word_1_555' title='bbox 1488 3584 1736 3662; x_wconf 84' lang='grc' dir='ltr'>ὄργανον.</span> 
     </span>
    </p>
   </div>
   <div class='ocr_carea' id='block_1_70' title="bbox 1919 3582 3501 3664">
    <p class='ocr_par' dir='ltr' id='par_1_70' title="bbox 1919 3590 3501 3664">
     <span class='ocr_line' id='line_1_73' title="bbox 1919 3590 3501 3664; baseline -0.001 -20"><span class='ocrx_word' id='word_1_556' title='bbox 1919 3609 2026 3647; x_wconf 71' lang='grc' dir='ltr'>»ιιι-ο</span> <span class='ocrx_word' id='word_1_557' title='bbox 2073 3592 2288 3646; x_wconf 67' lang='lat' dir='ltr'><strong>divitiae</strong></span> <span class='ocrx_word' id='word_1_558' title='bbox 2335 3608 2401 3648; x_wconf 86' lang='lat' dir='ltr'><strong>ac</strong></span> <span class='ocrx_word' id='word_1_559' title='bbox 2451 3608 2590 3664; x_wconf 93' lang='lat' dir='ltr'><strong>opes</strong></span> <span class='ocrx_word' id='word_1_560' title='bbox 2641 3596 2851 3662; x_wconf 66' lang='lat' dir='ltr'><strong>praesto</strong></span> <span class='ocrx_word' id='word_1_561' title='bbox 2899 3597 3040 3646; x_wconf 92' lang='lat' dir='ltr'><strong>sunt</strong></span> <span class='ocrx_word' id='word_1_562' title='bbox 3084 3590 3501 3659; x_wconf 78' lang='lat' dir='ltr'><strong>subjacentque</strong></span> 
     </span>
    </p>
   </div>
   <div class='ocr_carea' id='block_1_71' title="bbox 168 3671 1750 3752">
    <p class='ocr_par' dir='ltr' id='par_1_71' title="bbox 168 3671 1740 3751">
     <span class='ocr_line' id='line_1_74' title="bbox 168 3671 1740 3751; baseline 0.001 -24"><span class='ocrx_word' id='word_1_563' title='bbox 168 3673 253 3727; x_wconf 66' lang='grc' dir='ltr'><strong>Ἐὲο</strong></span> <span class='ocrx_word' id='word_1_564' title='bbox 277 3680 368 3749; x_wconf 71' lang='grc' dir='ltr'>χρῆ</span> <span class='ocrx_word' id='word_1_565' title='bbox 393 3681 686 3751; x_wconf 74' lang='grc' dir='ltr'>τεχνικῶς,</span> <span class='ocrx_word' id='word_1_566' title='bbox 737 3674 989 3749; x_wconf 83' lang='grc' dir='ltr'>τεχνικός</span> <span class='ocrx_word' id='word_1_567' title='bbox 1022 3671 1184 3731; x_wconf 80' lang='grc' dir='ltr'>ἐστιν.</span> <span class='ocrx_word' id='word_1_568' title='bbox 1219 3673 1304 3727; x_wconf 73' lang='grc' dir='ltr'>ἐὰν</span> <span class='ocrx_word' id='word_1_569' title='bbox 1366 3674 1587 3748; x_wconf 83' lang='grc' dir='ltr'>ὑστερῇς</span> <span class='ocrx_word' id='word_1_570' title='bbox 1639 3680 1740 3743; x_wconf 77' lang='grc' dir='ltr'><strong>τῆς</strong></span> 
     </span>
    </p>
   </div>
   <div class='ocr_carea' id='block_1_72' title="bbox 1913 3671 3495 3752">
    <p class='ocr_par' dir='ltr' id='par_1_72' title="bbox 1913 3676 3495 3752">
     <span class='ocr_line' id='line_1_75' title="bbox 1913 3676 3495 3752; baseline 0.001 -23"><span class='ocrx_word' id='word_1_571' title='bbox 1913 3679 2002 3735; x_wconf 71' lang='lat' dir='ltr'><strong>:lul</strong></span> <span class='ocrx_word' id='word_1_572' title='bbox 2035 3679 2282 3735; x_wconf 89' lang='lat' dir='ltr'><strong>materia</strong></span> <span class='ocrx_word' id='word_1_573' title='bbox 2310 3681 2576 3752; x_wconf 71' lang='lat' dir='ltr'><strong>quaedam</strong></span> <span class='ocrx_word' id='word_1_574' title='bbox 2609 3685 2664 3734; x_wconf 91' lang='lat' dir='ltr'><strong>et</strong></span> <span class='ocrx_word' id='word_1_575' title='bbox 2695 3676 3495 3743; x_wconf 88' lang='lat' dir='ltr'><strong>instrumentum,boniusus</strong></span> 
     </span>
    </p>
   </div>
   <div class='ocr_carea' id='block_1_73' title="bbox 167 3757 1749 3842">
    <p class='ocr_par' dir='ltr' id='par_1_73' title="bbox 167 3757 1738 3834">
     <span class='ocr_line' id='line_1_76' title="bbox 167 3757 1738 3834; baseline 0.004 -24"><span class='ocrx_word' id='word_1_576' title='bbox 167 3757 324 3834; x_wconf 50' lang='lat' dir='ltr'><strong>rip“,</strong></span> <span class='ocrx_word' id='word_1_577' title='bbox 349 3763 604 3819; x_wconf 76' lang='grc' dir='ltr'>ἀπολαύει</span> <span class='ocrx_word' id='word_1_578' title='bbox 636 3771 741 3833; x_wconf 82' lang='grc' dir='ltr'><strong>τῆς</strong></span> <span class='ocrx_word' id='word_1_579' title='bbox 793 3769 891 3831; x_wconf 84' lang='grc' dir='ltr'>σῆς</span> <span class='ocrx_word' id='word_1_580' title='bbox 925 3759 1273 3822; x_wconf 85' lang='grc' dir='ltr'>ἀπαιδευσίας</span> <span class='ocrx_word' id='word_1_581' title='bbox 1312 3764 1423 3833; x_wconf 65' lang='grc'><strong>(24)</strong></span> <span class='ocrx_word' id='word_1_582' title='bbox 1478 3759 1534 3816; x_wconf 75' lang='grc' dir='ltr'><strong>ὃν</strong></span> <span class='ocrx_word' id='word_1_583' title='bbox 1592 3761 1738 3816; x_wconf 82' lang='grc' dir='ltr'>ἀναί-</span> 
     </span>
    </p>
   </div>
   <div class='ocr_carea' id='block_1_74' title="bbox 1911 3757 3493 3842">
    <p class='ocr_par' dir='ltr' id='par_1_74' title="bbox 1911 3764 3493 3839">
     <span class='ocr_line' id='line_1_77' title="bbox 1911 3764 3493 3839; baseline -0.004 -15"><span class='ocrx_word' id='word_1_584' title='bbox 1911 3769 2165 3824; x_wconf 75' lang='lat' dir='ltr'><strong>&#39;aestandi</strong></span> <span class='ocrx_word' id='word_1_585' title='bbox 2197 3785 2396 3836; x_wconf 85' lang='lat' dir='ltr'><strong>causa,</strong></span> <span class='ocrx_word' id='word_1_586' title='bbox 2431 3767 2521 3824; x_wconf 89' lang='lat' dir='ltr'><strong>his</strong></span> <span class='ocrx_word' id='word_1_587' title='bbox 2571 3767 2666 3839; x_wconf 93' lang='lat' dir='ltr'><strong>qui</strong></span> <span class='ocrx_word' id='word_1_588' title='bbox 2698 3773 2811 3822; x_wconf 82' lang='lat' dir='ltr'><strong>vim</strong></span> <span class='ocrx_word' id='word_1_589' title='bbox 2863 3765 3241 3822; x_wconf 87' lang='lat' dir='ltr'><strong>instrumenti</strong></span> <span class='ocrx_word' id='word_1_590' title='bbox 3281 3764 3493 3821; x_wconf 89' lang='lat' dir='ltr'><strong>sciant.</strong></span> 
     </span>
    </p>
   </div>
   <div class='ocr_carea' id='block_1_75' title="bbox 165 3845 1747 3927">
    <p class='ocr_par' dir='ltr' id='par_1_75' title="bbox 165 3845 1742 3927">
     <span class='ocr_line' id='line_1_78' title="bbox 165 3845 1742 3927; baseline -0.001 -21"><span class='ocrx_word' id='word_1_591' title='bbox 165 3869 261 3906; x_wconf 68' lang='grc' dir='ltr'>τισι.</span> <span class='ocrx_word' id='word_1_592' title='bbox 288 3854 522 3908; x_wconf 85' lang='grc' dir='ltr'>Τοιοῦτον</span> <span class='ocrx_word' id='word_1_593' title='bbox 551 3854 645 3908; x_wconf 81' lang='grc' dir='ltr'><strong>καὶ</strong></span> <span class='ocrx_word' id='word_1_594' title='bbox 703 3853 733 3906; x_wconf 81' lang='grc' dir='ltr'>ὁ</span> <span class='ocrx_word' id='word_1_595' title='bbox 764 3852 1002 3913; x_wconf 86' lang='grc' dir='ltr'>πλοῦτος</span> <span class='ocrx_word' id='word_1_596' title='bbox 1045 3845 1270 3927; x_wconf 74' lang='grc' dir='ltr'>ὄργανόν</span> <span class='ocrx_word' id='word_1_597' title='bbox 1321 3849 1452 3908; x_wconf 81' lang='grc' dir='ltr'>ἐστι.</span> <span class='ocrx_word' id='word_1_598' title='bbox 1514 3850 1742 3906; x_wconf 88' lang='grc' dir='ltr'>Δύνασαι</span> 
     </span>
    </p>
   </div>
   <div class='ocr_carea' id='block_1_76' title="bbox 1918 3845 3500 3927">
    <p class='ocr_par' dir='ltr' id='par_1_76' title="bbox 1942 3852 3500 3925">
     <span class='ocr_line' id='line_1_79' title="bbox 1942 3852 3500 3925; baseline -0.004 -13"><span class='ocrx_word' id='word_1_599' title='bbox 1942 3875 2011 3912; x_wconf 77' lang='lat' dir='ltr'><strong>ex</strong></span> <span class='ocrx_word' id='word_1_600' title='bbox 2040 3857 2182 3913; x_wconf 91' lang='lat' dir='ltr'><strong>artis</strong></span> <span class='ocrx_word' id='word_1_601' title='bbox 2213 3857 2542 3912; x_wconf 86' lang='lat' dir='ltr'><strong>rationibus</strong></span> <span class='ocrx_word' id='word_1_602' title='bbox 2575 3857 2777 3925; x_wconf 83' lang='lat' dir='ltr'><strong>utaris,</strong></span> <span class='ocrx_word' id='word_1_603' title='bbox 2802 3855 3106 3912; x_wconf 81' lang='lat' dir='ltr'><strong>artificiale</strong></span> <span class='ocrx_word' id='word_1_604' title='bbox 3135 3858 3260 3922; x_wconf 86' lang='lat' dir='ltr'><strong>est;</strong></span> <span class='ocrx_word' id='word_1_605' title='bbox 3295 3852 3343 3909; x_wconf 91' lang='lat' dir='ltr'><strong>si</strong></span> <span class='ocrx_word' id='word_1_606' title='bbox 3375 3856 3500 3907; x_wconf 88' lang='lat' dir='ltr'><strong>arte</strong></span> 
     </span>
    </p>
   </div>
   <div class='ocr_carea' id='block_1_77' title="bbox 170 3937 1752 4016">
    <p class='ocr_par' dir='ltr' id='par_1_77' title="bbox 170 3937 1745 4016">
     <span class='ocr_line' id='line_1_80' title="bbox 170 3937 1745 4016; baseline 0.003 -26"><span class='ocrx_word' id='word_1_607' title='bbox 170 3941 342 4010; x_wconf 70' lang='grc' dir='ltr'>χρῆσθαι</span> <span class='ocrx_word' id='word_1_608' title='bbox 369 3939 584 4006; x_wconf 83' lang='grc' dir='ltr'>δικαίως</span> <span class='ocrx_word' id='word_1_609' title='bbox 609 3941 803 4013; x_wconf 81' lang='grc' dir='ltr'><strong>αὗτῷ;</strong></span> <span class='ocrx_word' id='word_1_610' title='bbox 852 3940 989 4016; x_wconf 85' lang='grc' dir='ltr'>πρὸς</span> <span class='ocrx_word' id='word_1_611' title='bbox 1041 3937 1386 4010; x_wconf 86' lang='grc' dir='ltr'>δικαιοσύνην</span> <span class='ocrx_word' id='word_1_612' title='bbox 1434 3951 1745 4016; x_wconf 88' lang='grc' dir='ltr'>καθυπηρε-</span> 
     </span>
    </p>
   </div>
   <div class='ocr_carea' id='block_1_78' title="bbox 1922 3937 3504 4016">
    <p class='ocr_par' dir='ltr' id='par_1_78' title="bbox 1924 3940 3504 4016">
     <span class='ocr_line' id='line_1_81' title="bbox 1924 3940 3504 4016; baseline -0.003 -16"><span class='ocrx_word' id='word_1_613' title='bbox 1924 3962 2072 4011; x_wconf 84' lang='lat' dir='ltr'><strong>reas,</strong></span> <span class='ocrx_word' id='word_1_614' title='bbox 2117 3943 2421 4016; x_wconf 74' lang='lat' dir='ltr'><strong>imperitiae</strong></span> <span class='ocrx_word' id='word_1_615' title='bbox 2471 3951 2582 4000; x_wconf 63' lang='lat' dir='ltr'><strong>tuis</strong></span> <span class='ocrx_word' id='word_1_616' title='bbox 2635 3943 2825 4000; x_wconf 88' lang='lat' dir='ltr'><strong>labem</strong></span> <span class='ocrx_word' id='word_1_617' title='bbox 2875 3943 3189 4009; x_wconf 87' lang='lat' dir='ltr'><strong>contrahit,</strong></span> <span class='ocrx_word' id='word_1_618' title='bbox 3238 3958 3372 3997; x_wconf 92' lang='lat' dir='ltr'><strong>cum</strong></span> <span class='ocrx_word' id='word_1_619' title='bbox 3424 3940 3504 3995; x_wconf 90' lang='lat' dir='ltr'><strong>sit</strong></span> 
     </span>
    </p>
   </div>
   <div class='ocr_carea' id='block_1_79' title="bbox 171 4027 1753 4107">
    <p class='ocr_par' dir='ltr' id='par_1_79' title="bbox 171 4027 1744 4105">
     <span class='ocr_line' id='line_1_82' title="bbox 171 4027 1744 4105; baseline -0.001 -21"><span class='ocrx_word' id='word_1_620' title='bbox 171 4032 240 4080; x_wconf 77' lang='grc' dir='ltr'>τξῖ.</span> <span class='ocrx_word' id='word_1_621' title='bbox 285 4028 492 4093; x_wconf 80' lang='grc' dir='ltr'>Ἀδίκως</span> <span class='ocrx_word' id='word_1_622' title='bbox 569 4051 657 4093; x_wconf 86' lang='grc' dir='ltr'><strong>τις</strong></span> <span class='ocrx_word' id='word_1_623' title='bbox 719 4029 866 4102; x_wconf 83' lang='grc' dir='ltr'><strong>αὐτῷ</strong></span> <span class='ocrx_word' id='word_1_624' title='bbox 929 4036 1172 4105; x_wconf 81' lang='grc' dir='ltr'>χρῆται;</span> <span class='ocrx_word' id='word_1_625' title='bbox 1238 4027 1404 4083; x_wconf 89' lang='grc' dir='ltr'>πάλιν</span> <span class='ocrx_word' id='word_1_626' title='bbox 1465 4029 1744 4104; x_wconf 75' lang='grc' dir='ltr'>ὑπηρέτης</span> 
     </span>
    </p>
   </div>
   <div class='ocr_carea' id='block_1_80' title="bbox 1922 4027 3504 4107">
    <p class='ocr_par' dir='ltr' id='par_1_80' title="bbox 1922 4031 3504 4107">
     <span class='ocr_line' id='line_1_83' title="bbox 1922 4031 3504 4107; baseline -0.003 -19"><span class='ocrx_word' id='word_1_627' title='bbox 1922 4050 2046 4088; x_wconf 85' lang='lat' dir='ltr'><strong>sum</strong></span> <span class='ocrx_word' id='word_1_628' title='bbox 2081 4033 2152 4087; x_wconf 88' lang='lat' dir='ltr'><strong>ab</strong></span> <span class='ocrx_word' id='word_1_629' title='bbox 2181 4033 2339 4087; x_wconf 89' lang='lat' dir='ltr'><strong>omni</strong></span> <span class='ocrx_word' id='word_1_630' title='bbox 2372 4033 2635 4088; x_wconf 89' lang='lat' dir='ltr'><strong>immune</strong></span> <span class='ocrx_word' id='word_1_631' title='bbox 2687 4033 2881 4107; x_wconf 91' lang='lat' dir='ltr'><strong>culpa.</strong></span> <span class='ocrx_word' id='word_1_632' title='bbox 2914 4033 3082 4090; x_wconf 85' lang='lat' dir='ltr'><strong>Tales</strong></span> <span class='ocrx_word' id='word_1_633' title='bbox 3113 4031 3327 4086; x_wconf 69' lang='lat' dir='ltr'><strong>divitiae</strong></span> <span class='ocrx_word' id='word_1_634' title='bbox 3355 4047 3504 4102; x_wconf 88' lang='lat' dir='ltr'><strong>quo-</strong></span> 
     </span>
    </p>
   </div>
   <div class='ocr_carea' id='block_1_81' title="bbox 174 4110 1756 4195">
    <p class='ocr_par' dir='ltr' id='par_1_81' title="bbox 174 4110 1748 4195">
     <span class='ocr_line' id='line_1_84' title="bbox 174 4110 1748 4195; baseline 0.004 -31"><span class='ocrx_word' id='word_1_635' title='bbox 174 4110 324 4177; x_wconf 71' lang='grc' dir='ltr'>ὶέαίας</span> <span class='ocrx_word' id='word_1_636' title='bbox 349 4119 666 4192; x_wconf 70' lang='grc' dir='ltr'>εὑρίσκεται.</span> <span class='ocrx_word' id='word_1_637' title='bbox 726 4119 932 4195; x_wconf 84' lang='grc' dir='ltr'>Πέφυκε</span> <span class='ocrx_word' id='word_1_638' title='bbox 965 4116 1065 4192; x_wconf 72' lang='grc' dir='ltr'><strong>γὰρ</strong></span> <span class='ocrx_word' id='word_1_639' title='bbox 1123 4117 1434 4193; x_wconf 81' lang='grc' dir='ltr'>ὑπηρετεῖν,</span> <span class='ocrx_word' id='word_1_640' title='bbox 1484 4114 1612 4171; x_wconf 82' lang='grc' dir='ltr'>ἀλλ’</span> <span class='ocrx_word' id='word_1_641' title='bbox 1646 4117 1748 4172; x_wconf 82' lang='grc' dir='ltr'>οὐκ</span> 
     </span>
    </p>
   </div>
   <div class='ocr_carea' id='block_1_82' title="bbox 1927 4110 3509 4195">
    <p class='ocr_par' dir='ltr' id='par_1_82' title="bbox 1927 4118 3509 4191">
     <span class='ocr_line' id='line_1_85' title="bbox 1927 4118 3509 4191; baseline -0.002 -15"><span class='ocrx_word' id='word_1_642' title='bbox 1927 4139 1970 4178; x_wconf 76' lang='grc' dir='ltr'>ιθ</span> <span class='ocrx_word' id='word_1_643' title='bbox 2000 4126 2140 4177; x_wconf 90' lang='lat' dir='ltr'><strong>sunt</strong></span> <span class='ocrx_word' id='word_1_644' title='bbox 2165 4140 2178 4186; x_wconf 88' lang='lat'><strong>;</strong></span> <span class='ocrx_word' id='word_1_645' title='bbox 2212 4121 2671 4178; x_wconf 85' lang='lat' dir='ltr'><strong>instrumentum</strong></span> <span class='ocrx_word' id='word_1_646' title='bbox 2697 4128 2855 4178; x_wconf 91' lang='lat' dir='ltr'><strong>sunt.</strong></span> <span class='ocrx_word' id='word_1_647' title='bbox 2880 4128 3050 4179; x_wconf 88' lang='lat' dir='ltr'><strong>Potes</strong></span> <span class='ocrx_word' id='word_1_648' title='bbox 3071 4121 3188 4176; x_wconf 90' lang='lat' dir='ltr'><strong>illis</strong></span> <span class='ocrx_word' id='word_1_649' title='bbox 3210 4118 3509 4191; x_wconf 89' lang='lat' dir='ltr'><strong>uti,justi-</strong></span> 
     </span>
    </p>
   </div>
   <div class='ocr_carea' id='block_1_83' title="bbox 176 4201 1758 4285">
    <p class='ocr_par' dir='ltr' id='par_1_83' title="bbox 176 4201 1748 4285">
     <span class='ocr_line' id='line_1_86' title="bbox 176 4201 1748 4285; baseline 0.002 -27"><span class='ocrx_word' id='word_1_650' title='bbox 176 4201 327 4276; x_wconf 67' lang='grc' dir='ltr'>ἱρχειν.</span> <span class='ocrx_word' id='word_1_651' title='bbox 353 4209 421 4265; x_wconf 71' lang='lat'><strong>0&#39;3</strong></span> <span class='ocrx_word' id='word_1_652' title='bbox 453 4209 562 4285; x_wconf 75' lang='grc' dir='ltr'><strong>χρή</strong></span> <span class='ocrx_word' id='word_1_653' title='bbox 595 4209 789 4264; x_wconf 82' lang='grc' dir='ltr'>τοίνυν</span> <span class='ocrx_word' id='word_1_654' title='bbox 839 4207 902 4262; x_wconf 86' lang='grc' dir='ltr'>τὸ</span> <span class='ocrx_word' id='word_1_655' title='bbox 950 4205 1001 4277; x_wconf 82' lang='grc' dir='ltr'><strong>ἐξ</strong></span> <span class='ocrx_word' id='word_1_656' title='bbox 1049 4207 1214 4261; x_wconf 80' lang='grc' dir='ltr'>αὑτοῦ</span> <span class='ocrx_word' id='word_1_657' title='bbox 1249 4207 1325 4279; x_wconf 77' lang='grc' dir='ltr'><strong>μὴ</strong></span> <span class='ocrx_word' id='word_1_658' title='bbox 1359 4203 1488 4281; x_wconf 83' lang='grc' dir='ltr'>ἔχον</span> <span class='ocrx_word' id='word_1_659' title='bbox 1521 4208 1658 4278; x_wconf 74' lang='grc' dir='ltr'>μήτε</span> <span class='ocrx_word' id='word_1_660' title='bbox 1685 4206 1748 4261; x_wconf 85' lang='grc' dir='ltr'>τὸ</span> 
     </span>
    </p>
   </div>
   <div class='ocr_carea' id='block_1_84' title="bbox 1925 4201 3507 4285">
    <p class='ocr_par' dir='ltr' id='par_1_84' title="bbox 1925 4208 3507 4282">
     <span class='ocr_line' id='line_1_87' title="bbox 1925 4208 3507 4282; baseline -0.002 -17"><span class='ocrx_word' id='word_1_661' title='bbox 1925 4229 1937 4265; x_wconf 87' lang='grc' dir='ltr'><strong>ι</strong></span> <span class='ocrx_word' id='word_1_662' title='bbox 1966 4212 2178 4267; x_wconf 91' lang='lat' dir='ltr'><strong>comite</strong></span> <span class='ocrx_word' id='word_1_663' title='bbox 2198 4210 2226 4264; x_wconf 86' lang='lat'><strong>?</strong></span> <span class='ocrx_word' id='word_1_664' title='bbox 2257 4213 2326 4265; x_wconf 93' lang='lat' dir='ltr'><strong>ad</strong></span> <span class='ocrx_word' id='word_1_665' title='bbox 2358 4213 2644 4282; x_wconf 81' lang='lat' dir='ltr'><strong>justitiam</strong></span> <span class='ocrx_word' id='word_1_666' title='bbox 2673 4213 2953 4267; x_wconf 71' lang='lat' dir='ltr'><strong>ministrae</strong></span> <span class='ocrx_word' id='word_1_667' title='bbox 2977 4217 3134 4266; x_wconf 88' lang='lat' dir='ltr'><strong>sunt.</strong></span> <span class='ocrx_word' id='word_1_668' title='bbox 3160 4209 3354 4266; x_wconf 91' lang='lat' dir='ltr'><strong>Utitur</strong></span> <span class='ocrx_word' id='word_1_669' title='bbox 3374 4208 3507 4280; x_wconf 91' lang='lat' dir='ltr'><strong>quis</strong></span> 
     </span>
    </p>
   </div>
   <div class='ocr_carea' id='block_1_85' title="bbox 177 4290 1759 4369">
    <p class='ocr_par' dir='ltr' id='par_1_85' title="bbox 177 4290 1748 4369">
     <span class='ocr_line' id='line_1_88' title="bbox 177 4290 1748 4369; baseline -0.006 -12"><span class='ocrx_word' id='word_1_670' title='bbox 177 4290 318 4364; x_wconf 60' lang='grc' dir='ltr'><strong>ἀγῑθὸν</strong></span> <span class='ocrx_word' id='word_1_671' title='bbox 359 4300 487 4369; x_wconf 74' lang='grc' dir='ltr'>μήτε</span> <span class='ocrx_word' id='word_1_672' title='bbox 531 4298 596 4353; x_wconf 81' lang='grc' dir='ltr'><strong>τὸ</strong></span> <span class='ocrx_word' id='word_1_673' title='bbox 638 4297 827 4368; x_wconf 82' lang='grc' dir='ltr'>κακὸν,</span> <span class='ocrx_word' id='word_1_674' title='bbox 882 4294 1118 4350; x_wconf 81' lang='grc' dir='ltr'>ἀναίτιον</span> <span class='ocrx_word' id='word_1_675' title='bbox 1178 4291 1258 4364; x_wconf 81' lang='grc' dir='ltr'>ὄν,</span> <span class='ocrx_word' id='word_1_676' title='bbox 1309 4294 1599 4349; x_wconf 76' lang='grc' dir='ltr'>αἰτιᾶσθαι·</span> <span class='ocrx_word' id='word_1_677' title='bbox 1646 4292 1748 4348; x_wconf 84' lang='grc' dir='ltr'><strong>ἀλ-</strong></span> 
     </span>
    </p>
   </div>
   <div class='ocr_carea' id='block_1_86' title="bbox 1924 4290 3506 4369">
    <p class='ocr_par' dir='ltr' id='par_1_86' title="bbox 1929 4297 3506 4368">
     <span class='ocr_line' id='line_1_89' title="bbox 1929 4297 3506 4368; baseline -0.003 -15"><span class='ocrx_word' id='word_1_678' title='bbox 1929 4299 1998 4364; x_wconf 92' lang='lat' dir='ltr'><strong>is,</strong></span> <span class='ocrx_word' id='word_1_679' title='bbox 2023 4317 2088 4355; x_wconf 86' lang='lat' dir='ltr'><strong>ea</strong></span> <span class='ocrx_word' id='word_1_680' title='bbox 2121 4317 2234 4356; x_wconf 91' lang='lat' dir='ltr'><strong>non</strong></span> <span class='ocrx_word' id='word_1_681' title='bbox 2267 4301 2480 4356; x_wconf 91' lang='lat' dir='ltr'><strong>comite</strong></span> <span class='ocrx_word' id='word_1_682' title='bbox 2501 4301 2528 4355; x_wconf 90' lang='lat'><strong>?</strong></span> <span class='ocrx_word' id='word_1_683' title='bbox 2560 4301 2841 4356; x_wconf 68' lang='lat' dir='ltr'><strong>ministrae</strong></span> <span class='ocrx_word' id='word_1_684' title='bbox 2866 4318 3072 4356; x_wconf 89' lang='lat' dir='ltr'><strong>rursus</strong></span> <span class='ocrx_word' id='word_1_685' title='bbox 3098 4299 3243 4354; x_wconf 83' lang='lat' dir='ltr'><strong>ﬁunt</strong></span> <span class='ocrx_word' id='word_1_686' title='bbox 3267 4297 3506 4368; x_wconf 85' lang='lat' dir='ltr'><strong>injusti-</strong></span> 
     </span>
    </p>
   </div>
   <div class='ocr_carea' id='block_1_87' title="bbox 175 4381 1757 4458">
    <p class='ocr_par' dir='ltr' id='par_1_87' title="bbox 175 4381 1748 4458">
     <span class='ocr_line' id='line_1_90' title="bbox 175 4381 1748 4458; baseline 0 -22"><span class='ocrx_word' id='word_1_687' title='bbox 175 4382 220 4432; x_wconf 75' lang='lat' dir='ltr'><strong>li</strong></span> <span class='ocrx_word' id='word_1_688' title='bbox 251 4384 300 4436; x_wconf 69' lang='grc' dir='ltr'><strong>τὸ</strong></span> <span class='ocrx_word' id='word_1_689' title='bbox 342 4382 631 4458; x_wconf 80' lang='grc' dir='ltr'>δυνάμενον</span> <span class='ocrx_word' id='word_1_690' title='bbox 693 4385 784 4439; x_wconf 71' lang='grc' dir='ltr'>καὶ</span> <span class='ocrx_word' id='word_1_691' title='bbox 833 4381 1016 4445; x_wconf 86' lang='grc' dir='ltr'>καλῶς</span> <span class='ocrx_word' id='word_1_692' title='bbox 1071 4383 1286 4444; x_wconf 88' lang='grc' dir='ltr'>τούτοις</span> <span class='ocrx_word' id='word_1_693' title='bbox 1341 4390 1579 4458; x_wconf 78' lang='grc' dir='ltr'>χρῆσθαι</span> <span class='ocrx_word' id='word_1_694' title='bbox 1628 4382 1748 4437; x_wconf 83' lang='grc' dir='ltr'>καὶ·</span> 
     </span>
    </p>
   </div>
   <div class='ocr_carea' id='block_1_88' title="bbox 1925 4381 3507 4458">
    <p class='ocr_par' dir='ltr' id='par_1_88' title="bbox 1925 4388 3507 4453">
     <span class='ocr_line' id='line_1_91' title="bbox 1925 4388 3507 4453; baseline -0.003 -11"><span class='ocrx_word' id='word_1_695' title='bbox 1925 4407 1969 4442; x_wconf 87' lang='lat' dir='ltr'><strong>e.</strong></span> <span class='ocrx_word' id='word_1_696' title='bbox 2004 4388 2232 4444; x_wconf 88' lang='lat' dir='ltr'><strong>Divitiis</strong></span> <span class='ocrx_word' id='word_1_697' title='bbox 2284 4393 2436 4444; x_wconf 87' lang='lat' dir='ltr'><strong>enim</strong></span> <span class='ocrx_word' id='word_1_698' title='bbox 2471 4406 2538 4443; x_wconf 80' lang='lat' dir='ltr'><strong>ex</strong></span> <span class='ocrx_word' id='word_1_699' title='bbox 2569 4389 2764 4444; x_wconf 91' lang='lat' dir='ltr'><strong>indole</strong></span> <span class='ocrx_word' id='word_1_700' title='bbox 2804 4396 2892 4445; x_wconf 90' lang='lat' dir='ltr'><strong>est</strong></span> <span class='ocrx_word' id='word_1_701' title='bbox 2924 4393 2986 4444; x_wconf 91' lang='lat' dir='ltr'><strong>ut</strong></span> <span class='ocrx_word' id='word_1_702' title='bbox 3019 4388 3360 4453; x_wconf 88' lang='lat' dir='ltr'><strong>inserviant,</strong></span> <span class='ocrx_word' id='word_1_703' title='bbox 3393 4400 3507 4439; x_wconf 90' lang='lat' dir='ltr'><strong>non</strong></span> 
     </span>
    </p>
   </div>
   <div class='ocr_carea' id='block_1_89' title="bbox 177 4470 1759 4550">
    <p class='ocr_par' dir='ltr' id='par_1_89' title="bbox 177 4470 1748 4550">
     <span class='ocr_line' id='line_1_92' title="bbox 177 4470 1748 4550; baseline -0.004 -18"><span class='ocrx_word' id='word_1_704' title='bbox 177 4476 322 4541; x_wconf 72' lang='grc' dir='ltr'>ῑαῶς,</span> <span class='ocrx_word' id='word_1_705' title='bbox 361 4475 442 4550; x_wconf 78' lang='grc' dir='ltr'>ἀφ’</span> <span class='ocrx_word' id='word_1_706' title='bbox 491 4477 564 4530; x_wconf 78' lang='grc' dir='ltr'><strong>ὧν</strong></span> <span class='ocrx_word' id='word_1_707' title='bbox 607 4473 670 4529; x_wconf 81' lang='grc' dir='ltr'><strong>ἃν</strong></span> <span class='ocrx_word' id='word_1_708' title='bbox 716 4472 912 4544; x_wconf 72' lang='grc' dir='ltr'>’ἐληται</span> <span class='ocrx_word' id='word_1_709' title='bbox 960 4473 1080 4527; x_wconf 81' lang='grc' dir='ltr'>καθ’</span> <span class='ocrx_word' id='word_1_710' title='bbox 1125 4472 1278 4526; x_wconf 86' lang='grc' dir='ltr'>αὑτό·</span> <span class='ocrx_word' id='word_1_711' title='bbox 1324 4476 1485 4527; x_wconf 88' lang='grc' dir='ltr'>τοῦτο</span> <span class='ocrx_word' id='word_1_712' title='bbox 1535 4470 1592 4526; x_wconf 76' lang='grc' dir='ltr'>δὲ</span> <span class='ocrx_word' id='word_1_713' title='bbox 1638 4471 1748 4527; x_wconf 73' lang='grc' dir='ltr'>ἐστι</span> 
     </span>
    </p>
   </div>
   <div class='ocr_carea' id='block_1_90' title="bbox 1930 4470 3512 4550">
    <p class='ocr_par' dir='ltr' id='par_1_90' title="bbox 1948 4478 3512 4550">
     <span class='ocr_line' id='line_1_93' title="bbox 1948 4478 3512 4550; baseline -0.003 -18"><span class='ocrx_word' id='word_1_714' title='bbox 1948 4482 2188 4548; x_wconf 70' lang='grc' dir='ltr'>ριιιεειῐιῑ</span> <span class='ocrx_word' id='word_1_715' title='bbox 2218 4483 2319 4533; x_wconf 70' lang='lat' dir='ltr'><strong>aut</strong></span> <span class='ocrx_word' id='word_1_716' title='bbox 2349 4478 2660 4550; x_wconf 89' lang='lat' dir='ltr'><strong>imperent.</strong></span> <span class='ocrx_word' id='word_1_717' title='bbox 2685 4478 2828 4533; x_wconf 88' lang='lat' dir='ltr'><strong>Cum</strong></span> <span class='ocrx_word' id='word_1_718' title='bbox 2861 4478 3041 4550; x_wconf 85' lang='lat' dir='ltr'><strong>igitur</strong></span> <span class='ocrx_word' id='word_1_719' title='bbox 3063 4492 3202 4548; x_wconf 91' lang='lat' dir='ltr'><strong>opes</strong></span> <span class='ocrx_word' id='word_1_720' title='bbox 3224 4492 3291 4530; x_wconf 87' lang='lat' dir='ltr'><strong>ex</strong></span> <span class='ocrx_word' id='word_1_721' title='bbox 3312 4490 3374 4529; x_wconf 89' lang='lat' dir='ltr'><strong>se</strong></span> <span class='ocrx_word' id='word_1_722' title='bbox 3407 4489 3512 4528; x_wconf 73' lang='lat' dir='ltr'><strong>ne~</strong></span> 
     </span>
    </p>
   </div>
   <div class='ocr_carea' id='block_1_91' title="bbox 175 4557 1757 4657">
    <p class='ocr_par' dir='ltr' id='par_1_91' title="bbox 175 4557 1748 4637">
     <span class='ocr_line' id='line_1_94' title="bbox 175 4557 1748 4637; baseline -0.003 -18"><span class='ocrx_word' id='word_1_723' title='bbox 175 4563 260 4619; x_wconf 63' lang='grc' dir='ltr'><strong>ὀἷς</strong></span> <span class='ocrx_word' id='word_1_724' title='bbox 297 4562 560 4636; x_wconf 69' lang='grc' dir='ltr'>ανθρώπου</span> <span class='ocrx_word' id='word_1_725' title='bbox 642 4563 735 4618; x_wconf 82' lang='grc' dir='ltr'><strong>καὶ</strong></span> <span class='ocrx_word' id='word_1_726' title='bbox 792 4563 1100 4637; x_wconf 80' lang='grc' dir='ltr'>κριτήριον,</span> <span class='ocrx_word' id='word_1_727' title='bbox 1162 4559 1443 4634; x_wconf 73' lang='grc' dir='ltr'>ἐλεύθερον</span> <span class='ocrx_word' id='word_1_728' title='bbox 1507 4557 1634 4636; x_wconf 78' lang='grc' dir='ltr'>ἕχον</span> <span class='ocrx_word' id='word_1_729' title='bbox 1697 4559 1748 4616; x_wconf 83' lang='grc' dir='ltr'>ἐν</span> 
     </span>
    </p>
   </div>
   <div class='ocr_carea' id='block_1_92' title="bbox 1932 4557 3514 4657">
    <p class='ocr_par' dir='ltr' id='par_1_92' title="bbox 1932 4562 3514 4636">
     <span class='ocr_line' id='line_1_95' title="bbox 1932 4562 3514 4636; baseline -0.002 -16"><span class='ocrx_word' id='word_1_730' title='bbox 1932 4584 1977 4620; x_wconf 79' lang='lat' dir='ltr'><strong>ie</strong></span> <span class='ocrx_word' id='word_1_731' title='bbox 2010 4567 2224 4620; x_wconf 89' lang='lat' dir='ltr'><strong>bonum</strong></span> <span class='ocrx_word' id='word_1_732' title='bbox 2261 4583 2446 4634; x_wconf 90' lang='lat' dir='ltr'><strong>neque</strong></span> <span class='ocrx_word' id='word_1_733' title='bbox 2481 4565 2697 4620; x_wconf 84' lang='lat' dir='ltr'><strong>malum</strong></span> <span class='ocrx_word' id='word_1_734' title='bbox 2731 4567 3002 4633; x_wconf 88' lang='lat' dir='ltr'><strong>habeant,</strong></span> <span class='ocrx_word' id='word_1_735' title='bbox 3029 4569 3206 4636; x_wconf 74' lang='lat' dir='ltr'><strong>atque</strong></span> <span class='ocrx_word' id='word_1_736' title='bbox 3228 4562 3387 4619; x_wconf 88' lang='lat' dir='ltr'><strong>omni</strong></span> <span class='ocrx_word' id='word_1_737' title='bbox 3409 4578 3514 4617; x_wconf 41' lang='lat' dir='ltr'><strong>vae</strong></span> 
     </span>
    </p>
   </div>
   <div class='ocr_carea' id='block_1_93' title="bbox 178 4642 1760 4726">
    <p class='ocr_par' dir='ltr' id='par_1_93' title="bbox 178 4642 1757 4726">
     <span class='ocr_line' id='line_1_96' title="bbox 178 4642 1757 4726; baseline -0.001 -20"><span class='ocrx_word' id='word_1_738' title='bbox 178 4642 302 4721; x_wconf 61' lang='grc' dir='ltr'>ξιποτῷ</span> <span class='ocrx_word' id='word_1_739' title='bbox 353 4652 433 4706; x_wconf 77' lang='grc' dir='ltr'><strong>καὶ</strong></span> <span class='ocrx_word' id='word_1_740' title='bbox 498 4653 562 4707; x_wconf 86' lang='grc' dir='ltr'>τὸ</span> <span class='ocrx_word' id='word_1_741' title='bbox 614 4650 956 4722; x_wconf 75' lang='grc' dir='ltr'>αὐτεξούσιον</span> <span class='ocrx_word' id='word_1_742' title='bbox 1003 4652 1101 4719; x_wconf 75' lang='grc' dir='ltr'><strong>τῆς</strong></span> <span class='ocrx_word' id='word_1_743' title='bbox 1157 4651 1598 4726; x_wconf 74' lang='grc' dir='ltr'>μεταχειρήσεως</span> <span class='ocrx_word' id='word_1_744' title='bbox 1648 4655 1757 4706; x_wconf 89' lang='grc' dir='ltr'><strong>τῶν</strong></span> 
     </span>
    </p>
   </div>
   <div class='ocr_carea' id='block_1_94' title="bbox 1932 4642 3514 4726">
    <p class='ocr_par' dir='ltr' id='par_1_94' title="bbox 1935 4649 3514 4724">
     <span class='ocr_line' id='line_1_97' title="bbox 1935 4649 3514 4724; baseline -0.002 -16"><span class='ocrx_word' id='word_1_745' title='bbox 1935 4659 1999 4708; x_wconf 92' lang='lat' dir='ltr'><strong>nt</strong></span> <span class='ocrx_word' id='word_1_746' title='bbox 2054 4654 2315 4720; x_wconf 85' lang='lat' dir='ltr'><strong>crimine,</strong></span> <span class='ocrx_word' id='word_1_747' title='bbox 2352 4655 2505 4708; x_wconf 89' lang='lat' dir='ltr'><strong>haud</strong></span> <span class='ocrx_word' id='word_1_748' title='bbox 2559 4655 2695 4724; x_wconf 71' lang='lat' dir='ltr'><strong>ipsze</strong></span> <span class='ocrx_word' id='word_1_749' title='bbox 2744 4653 3143 4724; x_wconf 58' lang='lat' dir='ltr'><strong>vituperandis</strong></span> <span class='ocrx_word' id='word_1_750' title='bbox 3186 4656 3361 4719; x_wconf 89' lang='lat' dir='ltr'><strong>sunt;</strong></span> <span class='ocrx_word' id='word_1_751' title='bbox 3412 4649 3514 4706; x_wconf 88' lang='lat' dir='ltr'><strong>sed</strong></span> 
     </span>
    </p>
   </div>
   <div class='ocr_carea' id='block_1_95' title="bbox 181 4729 1763 4815">
    <p class='ocr_par' dir='ltr' id='par_1_95' title="bbox 181 4729 1759 4815">
     <span class='ocr_line' id='line_1_98' title="bbox 181 4729 1759 4815; baseline 0.004 -28"><span class='ocrx_word' id='word_1_752' title='bbox 181 4729 399 4796; x_wconf 63' lang='grc' dir='ltr'>δοθέντων.</span> <span class='ocrx_word' id='word_1_753' title='bbox 468 4743 630 4797; x_wconf 78' lang='grc' dir='ltr'>Ὥστε</span> <span class='ocrx_word' id='word_1_754' title='bbox 710 4741 786 4813; x_wconf 79' lang='grc' dir='ltr'>μή</span> <span class='ocrx_word' id='word_1_755' title='bbox 861 4741 927 4794; x_wconf 75' lang='grc' dir='ltr'><strong>τά</strong></span> <span class='ocrx_word' id='word_1_756' title='bbox 1000 4739 1255 4812; x_wconf 77' lang='grc' dir='ltr'>κτήματά</span> <span class='ocrx_word' id='word_1_757' title='bbox 1316 4759 1400 4800; x_wconf 90' lang='grc' dir='ltr'><strong>τις</strong></span> <span class='ocrx_word' id='word_1_758' title='bbox 1458 4738 1759 4815; x_wconf 81' lang='grc' dir='ltr'>ἀφανιζέτω</span> 
     </span>
    </p>
   </div>
   <div class='ocr_carea' id='block_1_96' title="bbox 1935 4729 3517 4815">
    <p class='ocr_par' dir='ltr' id='par_1_96' title="bbox 1935 4737 3517 4806">
     <span class='ocr_line' id='line_1_99' title="bbox 1935 4737 3517 4806; baseline -0.002 -10"><span class='ocrx_word' id='word_1_759' title='bbox 1935 4743 2023 4797; x_wconf 82' lang='lat' dir='ltr'><strong>lod</strong></span> <span class='ocrx_word' id='word_1_760' title='bbox 2058 4759 2164 4797; x_wconf 90' lang='lat' dir='ltr'><strong>suo</strong></span> <span class='ocrx_word' id='word_1_761' title='bbox 2195 4743 2504 4806; x_wconf 79' lang='lat' dir='ltr'><strong>arbitratu,</strong></span> <span class='ocrx_word' id='word_1_762' title='bbox 2529 4747 2586 4796; x_wconf 87' lang='lat' dir='ltr'><strong>et</strong></span> <span class='ocrx_word' id='word_1_763' title='bbox 2618 4759 2651 4796; x_wconf 90' lang='lat' dir='ltr'><strong>a</strong></span> <span class='ocrx_word' id='word_1_764' title='bbox 2681 4759 2742 4796; x_wconf 89' lang='lat' dir='ltr'><strong>se</strong></span> <span class='ocrx_word' id='word_1_765' title='bbox 2793 4741 2910 4796; x_wconf 88' lang='lat' dir='ltr'><strong>illis</strong></span> <span class='ocrx_word' id='word_1_766' title='bbox 2943 4744 3086 4798; x_wconf 90' lang='lat' dir='ltr'><strong>bene</strong></span> <span class='ocrx_word' id='word_1_767' title='bbox 3119 4746 3224 4797; x_wconf 89' lang='lat' dir='ltr'><strong>aut</strong></span> <span class='ocrx_word' id='word_1_768' title='bbox 3253 4740 3406 4795; x_wconf 90' lang='lat' dir='ltr'><strong>male</strong></span> <span class='ocrx_word' id='word_1_769' title='bbox 3433 4737 3517 4795; x_wconf 89' lang='lat' dir='ltr'><strong>uti</strong></span> 
     </span>
    </p>
   </div>
   <div class='ocr_carea' id='block_1_97' title="bbox 187 4822 1769 4904">
    <p class='ocr_par' dir='ltr' id='par_1_97' title="bbox 187 4822 1762 4904">
     <span class='ocr_line' id='line_1_100' title="bbox 187 4822 1762 4904; baseline 0.004 -28"><span class='ocrx_word' id='word_1_770' title='bbox 187 4822 345 4889; x_wconf 61' lang='lat' dir='ltr'><strong>mlo»</strong></span> <span class='ocrx_word' id='word_1_771' title='bbox 371 4830 403 4898; x_wconf 69' lang='grc' dir='ltr'><strong>ἢ</strong></span> <span class='ocrx_word' id='word_1_772' title='bbox 430 4833 494 4884; x_wconf 68' lang='grc' dir='ltr'><strong>τὰ</strong></span> <span class='ocrx_word' id='word_1_773' title='bbox 537 4832 691 4900; x_wconf 80' lang='grc' dir='ltr'>πάθη</span> <span class='ocrx_word' id='word_1_774' title='bbox 735 4834 837 4897; x_wconf 80' lang='grc' dir='ltr'>τῆς</span> <span class='ocrx_word' id='word_1_775' title='bbox 895 4827 1102 4903; x_wconf 67' lang='grc' dir='ltr'>ψυχῆς,</span> <span class='ocrx_word' id='word_1_776' title='bbox 1130 4827 1197 4882; x_wconf 81' lang='grc' dir='ltr'>τὰ</span> <span class='ocrx_word' id='word_1_777' title='bbox 1247 4829 1322 4900; x_wconf 77' lang='grc' dir='ltr'><strong>μὴ</strong></span> <span class='ocrx_word' id='word_1_778' title='bbox 1375 4832 1762 4904; x_wconf 82' lang='grc' dir='ltr'>συγχωροῦντα</span> 
     </span>
    </p>
   </div>
   <div class='ocr_carea' id='block_1_98' title="bbox 1933 4822 3515 4904">
    <p class='ocr_par' dir='ltr' id='par_1_98' title="bbox 1933 4829 3515 4902">
     <span class='ocr_line' id='line_1_101' title="bbox 1933 4829 3515 4902; baseline -0.002 -16"><span class='ocrx_word' id='word_1_779' title='bbox 1933 4837 2100 4898; x_wconf 68' lang='grc' dir='ltr'>ιῐθεις</span> <span class='ocrx_word' id='word_1_780' title='bbox 2137 4847 2305 4885; x_wconf 90' lang='lat' dir='ltr'><strong>mens</strong></span> <span class='ocrx_word' id='word_1_781' title='bbox 2337 4831 2561 4886; x_wconf 90' lang='lat' dir='ltr'><strong>scilicet</strong></span> <span class='ocrx_word' id='word_1_782' title='bbox 2593 4831 2854 4886; x_wconf 88' lang='lat' dir='ltr'><strong>humana</strong></span> <span class='ocrx_word' id='word_1_783' title='bbox 2900 4849 2965 4886; x_wconf 89' lang='lat' dir='ltr'><strong>ac</strong></span> <span class='ocrx_word' id='word_1_784' title='bbox 3011 4831 3212 4902; x_wconf 86' lang='lat' dir='ltr'><strong>judicii</strong></span> <span class='ocrx_word' id='word_1_785' title='bbox 3249 4829 3515 4896; x_wconf 84' lang='lat' dir='ltr'><strong>facultas,</strong></span> 
     </span>
    </p>
   </div>
   <div class='ocr_carea' id='block_1_99' title="bbox 185 4913 1767 4995">
    <p class='ocr_par' dir='ltr' id='par_1_99' title="bbox 185 4913 1762 4995">
     <span class='ocr_line' id='line_1_102' title="bbox 185 4913 1762 4995; baseline 0.002 -27"><span class='ocrx_word' id='word_1_786' title='bbox 185 4914 255 4978; x_wconf 67' lang='grc' dir='ltr'>τὴν</span> <span class='ocrx_word' id='word_1_787' title='bbox 282 4915 458 4987; x_wconf 72' lang='grc' dir='ltr'>ἀμείνω</span> <span class='ocrx_word' id='word_1_788' title='bbox 515 4925 722 4995; x_wconf 78' lang='grc' dir='ltr'>χρῆσιν</span> <span class='ocrx_word' id='word_1_789' title='bbox 753 4921 865 4972; x_wconf 89' lang='grc' dir='ltr'><strong>τῶν</strong></span> <span class='ocrx_word' id='word_1_790' title='bbox 905 4913 1286 4992; x_wconf 81' lang='grc' dir='ltr'>ὑπαρχόντων,</span> <span class='ocrx_word' id='word_1_791' title='bbox 1327 4914 1442 4988; x_wconf 72' lang='grc' dir='ltr'>ἵνα,</span> <span class='ocrx_word' id='word_1_792' title='bbox 1473 4915 1640 4978; x_wconf 87' lang='grc' dir='ltr'>καλὸς</span> <span class='ocrx_word' id='word_1_793' title='bbox 1671 4917 1762 4971; x_wconf 86' lang='grc' dir='ltr'>καὶ</span> 
     </span>
    </p>
   </div>
   <div class='ocr_carea' id='block_1_100' title="bbox 1936 4913 3518 4995">
    <p class='ocr_par' dir='ltr' id='par_1_100' title="bbox 1936 4919 3518 4990">
     <span class='ocr_line' id='line_1_103' title="bbox 1936 4919 3518 4990; baseline -0.001 -16"><span class='ocrx_word' id='word_1_794' title='bbox 1936 4921 1968 4975; x_wconf 88' lang='lat' dir='ltr'><strong>ll</strong></span> <span class='ocrx_word' id='word_1_795' title='bbox 2004 4919 2254 4974; x_wconf 88' lang='lat' dir='ltr'><strong>liberum</strong></span> <span class='ocrx_word' id='word_1_796' title='bbox 2289 4921 2366 4974; x_wconf 90' lang='lat' dir='ltr'><strong>sit</strong></span> <span class='ocrx_word' id='word_1_797' title='bbox 2398 4936 2515 4990; x_wconf 91' lang='lat' dir='ltr'><strong>qua</strong></span> <span class='ocrx_word' id='word_1_798' title='bbox 2568 4920 2790 4975; x_wconf 88' lang='lat' dir='ltr'><strong>ratione</strong></span> <span class='ocrx_word' id='word_1_799' title='bbox 2818 4922 2902 4976; x_wconf 89' lang='lat' dir='ltr'><strong>uti</strong></span> <span class='ocrx_word' id='word_1_800' title='bbox 2926 4919 3061 4974; x_wconf 88' lang='lat' dir='ltr'><strong>velit</strong></span> <span class='ocrx_word' id='word_1_801' title='bbox 3090 4919 3207 4974; x_wconf 92' lang='lat' dir='ltr'><strong>illis</strong></span> <span class='ocrx_word' id='word_1_802' title='bbox 3239 4919 3309 4975; x_wconf 89' lang='lat' dir='ltr'><strong>ad</strong></span> <span class='ocrx_word' id='word_1_803' title='bbox 3344 4934 3518 4974; x_wconf 91' lang='lat' dir='ltr'><strong>usum</strong></span> 
     </span>
    </p>
   </div>
   <div class='ocr_carea' id='block_1_101' title="bbox 189 4997 1771 5081">
    <p class='ocr_par' dir='ltr' id='par_1_101' title="bbox 189 4997 1762 5081">
     <span class='ocr_line' id='line_1_104' title="bbox 189 4997 1762 5081; baseline 0.003 -25"><span class='ocrx_word' id='word_1_804' title='bbox 189 4997 334 5072; x_wconf 67' lang='grc' dir='ltr'>ἀγαθὸς</span> <span class='ocrx_word' id='word_1_805' title='bbox 357 5008 664 5081; x_wconf 80' lang='grc' dir='ltr'>γενόμενος,</span> <span class='ocrx_word' id='word_1_806' title='bbox 712 5006 804 5061; x_wconf 87' lang='grc' dir='ltr'><strong>καὶ</strong></span> <span class='ocrx_word' id='word_1_807' title='bbox 834 5005 1049 5066; x_wconf 86' lang='grc' dir='ltr'>τούτοις</span> <span class='ocrx_word' id='word_1_808' title='bbox 1078 5009 1198 5068; x_wconf 89' lang='grc' dir='ltr'>τοῖς</span> <span class='ocrx_word' id='word_1_809' title='bbox 1228 5006 1478 5079; x_wconf 77' lang='grc' dir='ltr'>χρήμασι</span> <span class='ocrx_word' id='word_1_810' title='bbox 1525 5008 1762 5081; x_wconf 72' lang='grc' dir='ltr'>χρῆσθαι</span> 
     </span>
    </p>
   </div>
   <div class='ocr_carea' id='block_1_102' title="bbox 1937 4997 3519 5081">
    <p class='ocr_par' dir='ltr' id='par_1_102' title="bbox 1937 5007 3519 5080">
     <span class='ocr_line' id='line_1_105' title="bbox 1937 5007 3519 5080; baseline -0.001 -16"><span class='ocrx_word' id='word_1_811' title='bbox 1937 5009 2189 5064; x_wconf 68' lang='grc' dir='ltr'>ποοοεείε.</span> <span class='ocrx_word' id='word_1_812' title='bbox 2217 5007 2392 5063; x_wconf 89' lang='lat' dir='ltr'><strong>Nemo</strong></span> <span class='ocrx_word' id='word_1_813' title='bbox 2418 5009 2596 5080; x_wconf 90' lang='lat' dir='ltr'><strong>igitur</strong></span> <span class='ocrx_word' id='word_1_814' title='bbox 2625 5009 2858 5064; x_wconf 75' lang='lat' dir='ltr'><strong>divitias</strong></span> <span class='ocrx_word' id='word_1_815' title='bbox 2889 5015 2946 5065; x_wconf 90' lang='lat' dir='ltr'><strong>et</strong></span> <span class='ocrx_word' id='word_1_816' title='bbox 2975 5026 3137 5080; x_wconf 90' lang='lat' dir='ltr'><strong>opes,</strong></span> <span class='ocrx_word' id='word_1_817' title='bbox 3158 5013 3215 5064; x_wconf 87' lang='lat' dir='ltr'><strong>et</strong></span> <span class='ocrx_word' id='word_1_818' title='bbox 3244 5024 3360 5063; x_wconf 91' lang='lat' dir='ltr'><strong>non</strong></span> <span class='ocrx_word' id='word_1_819' title='bbox 3394 5024 3519 5062; x_wconf 89' lang='lat' dir='ltr'><strong>ma-</strong></span> 
     </span>
    </p>
   </div>
   <div class='ocr_carea' id='block_1_103' title="bbox 189 5081 1771 5171">
    <p class='ocr_par' dir='ltr' id='par_1_103' title="bbox 189 5081 1766 5171">
     <span class='ocr_line' id='line_1_106' title="bbox 189 5081 1766 5171; baseline 0 -23"><span class='ocrx_word' id='word_1_820' title='bbox 189 5081 344 5164; x_wconf 68' lang='grc' dir='ltr'>δυνηθῇ</span> <span class='ocrx_word' id='word_1_821' title='bbox 369 5095 565 5165; x_wconf 82' lang='grc' dir='ltr'>καλῶς,</span> <span class='ocrx_word' id='word_1_822' title='bbox 599 5095 684 5152; x_wconf 80' lang='grc' dir='ltr'><strong>Τὸ</strong></span> <span class='ocrx_word' id='word_1_823' title='bbox 711 5094 805 5149; x_wconf 79' lang='grc' dir='ltr'>οὖν</span> <span class='ocrx_word' id='word_1_824' title='bbox 838 5093 1200 5164; x_wconf 78' lang='grc' dir='ltr'>ἀποτάξασθαι</span> <span class='ocrx_word' id='word_1_825' title='bbox 1253 5098 1382 5148; x_wconf 77' lang='grc' dir='ltr'>πᾶσι</span> <span class='ocrx_word' id='word_1_826' title='bbox 1426 5098 1543 5158; x_wconf 88' lang='grc' dir='ltr'>τοῖς</span> <span class='ocrx_word' id='word_1_827' title='bbox 1593 5095 1766 5171; x_wconf 81' lang='grc' dir='ltr'>ὑπάρ-</span> 
     </span>
    </p>
   </div>
   <div class='ocr_carea' id='block_1_104' title="bbox 1942 5081 3524 5171">
    <p class='ocr_par' dir='ltr' id='par_1_104' title="bbox 1942 5097 3524 5170">
     <span class='ocr_line' id='line_1_107' title="bbox 1942 5097 3524 5170; baseline -0.002 -17"><span class='ocrx_word' id='word_1_828' title='bbox 1942 5115 1964 5153; x_wconf 85' lang='lat' dir='ltr'><strong>s</strong></span> <span class='ocrx_word' id='word_1_829' title='bbox 2013 5097 2253 5153; x_wconf 81' lang='lat' dir='ltr'><strong>aﬂ‘eclus</strong></span> <span class='ocrx_word' id='word_1_830' title='bbox 2305 5114 2369 5152; x_wconf 87' lang='lat' dir='ltr'><strong>ac</strong></span> <span class='ocrx_word' id='word_1_831' title='bbox 2415 5098 2881 5169; x_wconf 88' lang='lat' dir='ltr'><strong>perturbationes</strong></span> <span class='ocrx_word' id='word_1_832' title='bbox 2933 5098 3216 5168; x_wconf 84' lang='lat' dir='ltr'><strong>destruat,</strong></span> <span class='ocrx_word' id='word_1_833' title='bbox 3249 5113 3352 5170; x_wconf 84' lang='lat' dir='ltr'><strong>per</strong></span> <span class='ocrx_word' id='word_1_834' title='bbox 3381 5111 3524 5169; x_wconf 89' lang='lat' dir='ltr'><strong>quas</strong></span> 
     </span>
    </p>
   </div>
   <div class='ocr_carea' id='block_1_105' title="bbox 190 5179 1772 5257">
    <p class='ocr_par' dir='ltr' id='par_1_105' title="bbox 190 5179 1766 5256">
     <span class='ocr_line' id='line_1_108' title="bbox 190 5179 1766 5256; baseline 0.006 -30"><span class='ocrx_word' id='word_1_835' title='bbox 190 5189 311 5245; x_wconf 65' lang='grc' dir='ltr'>ζουσι</span> <span class='ocrx_word' id='word_1_836' title='bbox 335 5181 412 5233; x_wconf 81' lang='grc' dir='ltr'>καὶ</span> <span class='ocrx_word' id='word_1_837' title='bbox 461 5181 722 5250; x_wconf 79' lang='grc' dir='ltr'>πωλῆσαι</span> <span class='ocrx_word' id='word_1_838' title='bbox 753 5179 928 5236; x_wconf 79' lang='grc' dir='ltr'>πάντα</span> <span class='ocrx_word' id='word_1_839' title='bbox 953 5179 1021 5234; x_wconf 82' lang='grc' dir='ltr'>τὰ</span> <span class='ocrx_word' id='word_1_840' title='bbox 1053 5179 1389 5256; x_wconf 80' lang='grc' dir='ltr'>ὑπάρχοντα,</span> <span class='ocrx_word' id='word_1_841' title='bbox 1434 5184 1627 5236; x_wconf 89' lang='grc' dir='ltr'>τοῦτον</span> <span class='ocrx_word' id='word_1_842' title='bbox 1675 5184 1766 5238; x_wconf 88' lang='grc' dir='ltr'><strong>τὸν</strong></span> 
     </span>
    </p>
   </div>
   <div class='ocr_carea' id='block_1_106' title="bbox 1943 5179 3525 5257">
    <p class='ocr_par' dir='ltr' id='par_1_106' title="bbox 1943 5186 3525 5257">
     <span class='ocr_line' id='line_1_109' title="bbox 1943 5186 3525 5257; baseline -0.001 -16"><span class='ocrx_word' id='word_1_843' title='bbox 1943 5204 1991 5241; x_wconf 69' lang='grc' dir='ltr'>ιι]</span> <span class='ocrx_word' id='word_1_844' title='bbox 2019 5186 2193 5242; x_wconf 89' lang='lat' dir='ltr'><strong>liceat</strong></span> <span class='ocrx_word' id='word_1_845' title='bbox 2223 5187 2304 5242; x_wconf 90' lang='lat' dir='ltr'><strong>uti</strong></span> <span class='ocrx_word' id='word_1_846' title='bbox 2340 5186 2720 5242; x_wconf 78' lang='lat' dir='ltr'><strong>facultatibus</strong></span> <span class='ocrx_word' id='word_1_847' title='bbox 2752 5186 2810 5242; x_wconf 91' lang='lat' dir='ltr'><strong>in</strong></span> <span class='ocrx_word' id='word_1_848' title='bbox 2844 5188 3062 5243; x_wconf 91' lang='lat' dir='ltr'><strong>bonum</strong></span> <span class='ocrx_word' id='word_1_849' title='bbox 3084 5186 3355 5254; x_wconf 86' lang='lat' dir='ltr'><strong>virtutis;</strong></span> <span class='ocrx_word' id='word_1_850' title='bbox 3411 5200 3525 5257; x_wconf 89' lang='lat' dir='ltr'><strong>quo</strong></span> 
     </span>
    </p>
   </div>
   <div class='ocr_carea' id='block_1_107' title="bbox 193 5333 3532 5469">
    <p class='ocr_par' dir='ltr' id='par_1_107' title="bbox 193 5333 3532 5469">
     <span class='ocr_line' id='line_1_110' title="bbox 193 5333 3532 5469; baseline -0.003 -68"><span class='ocrx_word' id='word_1_851' title='bbox 193 5337 390 5469; x_wconf 39' lang='lat' dir='ltr'><strong>mis-9.</strong></span> <span class='ocrx_word' id='word_1_852' title='bbox 417 5336 517 5392; x_wconf 79' lang='lat'><strong>933</strong></span> <span class='ocrx_word' id='word_1_853' title='bbox 546 5336 662 5393; x_wconf 78' lang='grc' dir='ltr'><strong>ΕΙ).</strong></span> <span class='ocrx_word' id='word_1_854' title='bbox 688 5335 990 5394; x_wconf 79' lang='lat' dir='ltr'><strong>POTTER.</strong></span> <span class='ocrx_word' id='word_1_855' title='bbox 1101 5334 1178 5406; x_wconf 89' lang='lat' dir='ltr'><strong>(a)</strong></span> <span class='ocrx_word' id='word_1_856' title='bbox 1211 5333 1350 5391; x_wconf 90' lang='lat' dir='ltr'><strong>Luo.</strong></span> <span class='ocrx_word' id='word_1_857' title='bbox 1384 5351 1496 5405; x_wconf 75' lang='lat' dir='ltr'><strong>xu,</strong></span> <span class='ocrx_word' id='word_1_858' title='bbox 1524 5336 1578 5392; x_wconf 88' lang='lat'><strong>9.</strong></span> <span class='ocrx_word' id='word_1_859' title='bbox 1693 5338 1770 5412; x_wconf 86' lang='lat' dir='ltr'><strong>(b)</strong></span> <span class='ocrx_word' id='word_1_860' title='bbox 1801 5339 2002 5398; x_wconf 87' lang='lat' dir='ltr'><strong>Matth.</strong></span> <span class='ocrx_word' id='word_1_861' title='bbox 2041 5357 2115 5407; x_wconf 83' lang='lat' dir='ltr'><strong>v1,</strong></span> <span class='ocrx_word' id='word_1_862' title='bbox 2157 5340 2242 5395; x_wconf 89' lang='grc'><strong>19.</strong></span> <span class='ocrx_word' id='word_1_863' title='bbox 2358 5340 2429 5412; x_wconf 89' lang='lat' dir='ltr'><strong>(c)</strong></span> <span class='ocrx_word' id='word_1_864' title='bbox 2460 5339 2672 5396; x_wconf 85' lang='lat' dir='ltr'><strong>Matth.</strong></span> <span class='ocrx_word' id='word_1_865' title='bbox 2703 5357 2834 5411; x_wconf 84' lang='lat' dir='ltr'><strong>xxv,</strong></span> <span class='ocrx_word' id='word_1_866' title='bbox 2863 5341 2953 5396; x_wconf 88' lang='grc'><strong>35.</strong></span> <span class='ocrx_word' id='word_1_867' title='bbox 3065 5340 3141 5412; x_wconf 77' lang='grc' dir='ltr'>(ά)</span> <span class='ocrx_word' id='word_1_868' title='bbox 3173 5340 3307 5396; x_wconf 92' lang='lat' dir='ltr'><strong>Luc.</strong></span> <span class='ocrx_word' id='word_1_869' title='bbox 3342 5355 3394 5407; x_wconf 82' lang='grc' dir='ltr'><strong>ν,</strong></span> <span class='ocrx_word' id='word_1_870' title='bbox 3425 5337 3532 5409; x_wconf 84' lang='lat'><strong>20;</strong></span> 
     </span>
    </p>
   </div>
   <div class='ocr_carea' id='block_1_108' title="bbox 244 5534 1826 5654">
    <p class='ocr_par' dir='ltr' id='par_1_108' title="bbox 244 5534 1766 5654">
     <span class='ocr_line' id='line_1_111' title="bbox 244 5534 1766 5654; baseline 0.008 -30"><span class='ocrx_word' id='word_1_871' title='bbox 244 5572 330 5652; x_wconf 62' lang='grc' dir='ltr'><strong>(ἓξ)</strong></span> <span class='ocrx_word' id='word_1_872' title='bbox 356 5577 487 5654; x_wconf 45' lang='grc' dir='ltr'>Τοῖς,</span> <span class='ocrx_word' id='word_1_873' title='bbox 511 5576 690 5654; x_wconf 68' lang='lat' dir='ltr'><strong>Addit</strong></span> <span class='ocrx_word' id='word_1_874' title='bbox 714 5574 1098 5654; x_wconf 64' lang='lat' dir='ltr'><strong>Combeﬁsius</strong></span> <span class='ocrx_word' id='word_1_875' title='bbox 1131 5578 1332 5631; x_wconf 88' lang='lat' dir='ltr'><strong>contra</strong></span> <span class='ocrx_word' id='word_1_876' title='bbox 1364 5573 1540 5632; x_wconf 81' lang='lat' dir='ltr'><strong>fidem</strong></span> <span class='ocrx_word' id='word_1_877' title='bbox 1573 5534 1766 5636; x_wconf 83' lang='lat' dir='ltr'><strong>exem-</strong></span> 
     </span>
    </p>
   </div>
   <div class='ocr_carea' id='block_1_109' title="bbox 1597 5534 3179 5654">
    <p class='ocr_par' dir='ltr' id='par_1_109' title="bbox 1597 5577 3179 5654">
     <span class='ocr_line' id='line_1_112' title="bbox 1597 5577 3179 5654; baseline 0.003 -24"><span class='ocrx_word' id='word_1_878' title='bbox 1597 5591 1766 5636; x_wconf 72' lang='lat' dir='ltr'><strong>Ixem-</strong></span> <span class='ocrx_word' id='word_1_879' title='bbox 1951 5578 2066 5654; x_wconf 76' lang='grc'><strong>(24)</strong></span> <span class='ocrx_word' id='word_1_880' title='bbox 2099 5577 2510 5643; x_wconf 84' lang='grc' dir='ltr'>Ἀπαιδευσίας.</span> <span class='ocrx_word' id='word_1_881' title='bbox 2545 5581 2842 5643; x_wconf 87' lang='grc' dir='ltr'>Ἀπουσίας</span> <span class='ocrx_word' id='word_1_882' title='bbox 2873 5599 2984 5638; x_wconf 84' lang='lat' dir='ltr'><strong>ms.</strong></span> <span class='ocrx_word' id='word_1_883' title='bbox 3021 5582 3179 5637; x_wconf 72' lang='lat' dir='ltr'><strong>FILL.</strong></span> 
     </span>
    </p>
   </div>
   <div class='ocr_carea' id='block_1_110' title="bbox 192 5639 980 5713">
    <p class='ocr_par' dir='ltr' id='par_1_110' title="bbox 192 5639 980 5713">
     <span class='ocr_line' id='line_1_113' title="bbox 192 5639 980 5713; baseline 0.006 -14"><span class='ocrx_word' id='word_1_884' title='bbox 192 5639 351 5713; x_wconf 63' lang='lat' dir='ltr'><strong>picis,</strong></span> <span class='ocrx_word' id='word_1_885' title='bbox 374 5645 778 5704; x_wconf 73' lang='grc' dir='ltr'>συνδειπνεῖται.</span> <span class='ocrx_word' id='word_1_886' title='bbox 813 5648 980 5704; x_wconf 70' lang='grc' dir='ltr'><strong>Ριιι.</strong></span> 
     </span>
    </p>
   </div>
   <div class='ocr_carea' id='block_1_111' title="bbox 453 5763 3220 5829">
    <p class='ocr_par' dir='ltr' id='par_1_111' title="bbox 453 5763 3220 5829">
     <span class='ocr_line' id='line_1_114' title="bbox 453 5763 3220 5829; baseline -0.001 -4"><span class='ocrx_word' id='word_1_887' title='bbox 453 5764 720 5829; x_wconf 61' lang='lat' dir='ltr'><strong>Panos.</strong></span> <span class='ocrx_word' id='word_1_888' title='bbox 765 5766 875 5827; x_wconf 81' lang='lat' dir='ltr'><strong>GI.</strong></span> <span class='ocrx_word' id='word_1_889' title='bbox 923 5763 1029 5826; x_wconf 84' lang='lat' dir='ltr'><strong>1x.</strong></span> <span class='ocrx_word' id='word_1_890' title='bbox 3139 5765 3220 5824; x_wconf 81' lang='lat'><strong>20</strong></span> 
     </span>
    </p>
   </div>
  </div>
