4006 6200
465 381 573 436 619

1616 393 1624 401 '
1701 373 2111 429 CLEMENTIS
2145 373 2646 430 ALEXANDRINI
3763 371 3855 428 620

467 507 748 563 nimirum
778 503 971 559 bonus
1000 500 1134 573 quis
1183 515 1249 557 ac
1296 497 1513 572 probus
1543 499 1803 566 effectus,
1838 497 1928 554 his
1959 513 2106 569 quo-

2231 497 2420 571 τρόπον
2454 494 2752 566 ἐκδεκτέον,
2812 497 2888 558 ὡς
2914 495 3029 571 ,ἰπὶ
3082 500 3192 552 τῶν
3223 498 3476 572 ψυχικῶν
3504 499 3689 560 παθῶν
3721 495 3857 574 εἰρη-

468 611 581 668 que
611 591 828 650 divitiis
849 608 913 647 ac
946 588 1209 664 pecuniis
1232 589 1409 661 probe
1427 603 1612 660 exque
1635 587 1866 644 honesti
1889 589 2115 644 ratione

2226 585 2401 660 μένων

468 685 552 741 uti
587 683 793 757 possit.
825 680 987 745 Quod
1031 679 1206 750 igitur
1251 678 1480 734 cunctis
1525 677 1737 750 opibus
1781 676 2119 733 renuntiare
2159 677 2458 749 jubemur,
2487 683 2544 734 et
2590 681 2652 734 ut
2701 694 2832 752 qua:
2877 677 2938 734 in
2986 693 3168 735 censu
3215 681 3377 745 sunt,
3409 676 3611 734 omnia
3656 679 3857 736 venda-

469 789 642 840 mus;
690 772 750 828 in
799 771 956 827 hunc
1008 769 1245 824 modum
1293 767 1736 839 intelligendum
1785 771 1898 835 est,
1930 770 1996 824 ut
2043 766 2115 824 de
2157 767 2464 825 all‘ectibus
2511 767 2693 824 animi
2743 783 2808 825 ac
2857 767 3401 840 perturbationibus
3447 768 3672 825 dictum
3720 768 3857 826 acci-

469 865 694 1006 pit;
752 946 864 1004 XV.
925 946 1040 1018 Ego
1095 947 1248 1001 certe
1306 943 1451 1002 illud
1513 943 1691 1001 etiam
1759 942 2110 1001 addiderim.

469 1036 950 1108 Quandoquidem
985 1033 1098 1090 alia
1130 1033 1366 1106 quidem
1399 1037 1557 1090 extra
1588 1033 1866 1105 animam,
1887 1032 2000 1090 alia
2031 1033 2114 1088 in-

469 1135 566 1185 tus
597 1127 776 1199 inque
823 1125 1019 1181 anima
1067 1127 1244 1195 sunt;
1295 1140 1361 1180 ac
1411 1123 1700 1196 siquidem
1753 1123 1950 1179 anima
1997 1122 2116 1180 illis

469 1218 616 1274 bene
642 1216 1004 1286 honesteque
1035 1217 1254 1283 utatur,
1278 1211 1380 1268 illa
1409 1229 1639 1285 quoque
1667 1212 1820 1268 bona
1849 1211 2118 1268 honesta-

472 1319 585 1376 que
607 1303 919 1370 videntur;
955 1300 1044 1357 sin
1067 1304 1261 1356 autem
1287 1299 1456 1371 male,
1481 1300 1673 1369 mala;
1708 1317 1871 1369 num,
1896 1317 2116 1372 quaeso,

473 1393 575 1466 qui
624 1391 933 1449 facultates
981 1389 1314 1446 abalienare
1362 1389 1553 1461 jubet,
1586 1389 1693 1446 has
1724 1389 1912 1462 magis
1946 1407 2120 1462 repu-

473 1483 615 1551 diat,
640 1483 858 1555 quibus
889 1478 1138 1536 sublatis
1162 1479 1353 1534 adhuc
1377 1479 1516 1534 vitia
1537 1483 1780 1535 manent
1801 1495 1867 1535 ac
1889 1483 2117 1551 pertur-

477 1573 777 1640 bationes;
829 1588 901 1626 an
951 1584 1085 1625 vero
1138 1567 1292 1633 illas,
1334 1567 1549 1640 quibus
1609 1568 1924 1640 peremptis
1980 1568 2120 1640 ipsa

477 1679 708 1734 quoque
733 1659 909 1716 utiles
940 1659 1152 1714 divitiae
1184 1657 1376 1713 ﬁant?
1420 1657 1720 1728 Siquidem
1755 1657 1933 1730 igitur
1957 1657 2120 1728 abje-

475 1754 584 1810 ctis
615 1751 748 1824 quis
780 1747 1074 1807 saecularis
1114 1747 1302 1802 fastus
1346 1745 1585 1815 divitiis,
1616 1745 1894 1802 vitiorum
1927 1745 2120 1802 adhuc

2295 943 2395 1002 IE'.
2449 943 2590 1020 Ἐγὼ
2644 947 2771 1020 γοῦν
2833 944 3050 1000 κάκεῖνο
3103 943 3335 1020 φήσαιμ’
3386 942 3470 1000 ἀν.
3530 941 3750 1014 Ἐπειδῆ
3801 945 3862 1001 τὰ

2229 1033 2322 1106 μὶν
2354 1031 2504 1096 ἐντός
2547 1031 2657 1088 ἐστι
2699 1041 2798 1104 τῆς
2831 1037 3041 1109 ψυχῆς,
3089 1033 3155 1088 τά
3213 1031 3271 1088 δὲ
3330 1031 3507 1097 ἐκτός.
3554 1031 3648 1089 κᾶν
3710 1034 3859 1107 μὲνή

2225 1123 2378 1197 ψυχή
2423 1128 2630 1198 χρῆται
2673 1119 2884 1194 καλῶς,
2931 1121 3076 1178 καλά
3125 1120 3216 1178 καί
3255 1127 3426 1179 ταῦτα
3480 1119 3648 1178 δοκεῖ’
3696 1120 3782 1178 ἐὰν
3811 1119 3862 1178 δὶ

2225 1215 2504 1284 πονηρῶς,
2534 1211 2767 1284 πονηράο
2803 1212 2832 1267 ὁ
2861 1211 3100 1268 κελεύων
3147 1210 3557 1289 ἀπαλλοτριοῦν
3587 1213 3652 1266 τά
3700 1213 3859 1286 ὗπάρ-

2228 1317 2420 1374 χοντα,
2449 1298 2678 1376 πότερον
2730 1303 2897 1356 ταῦτα
2947 1305 3312 1376 παραιτεῖται,
3366 1301 3440 1355 ὧν
3489 1300 3862 1377 ἀναιρεθέντων

2227 1383 2304 1442 ἔτι
2333 1389 2400 1444 τά
2439 1389 2584 1459 πάθη
2635 1389 2804 1462 μένει·
2851 1390 2888 1459 ἢ
2937 1387 3112 1444 ἐκεῖνα
3164 1387 3401 1464 μᾶλλον,
3447 1390 3522 1444 ὧν
3571 1389 3860 1465 ἀναιρεθέν-

2225 1498 2333 1532 των
2379 1478 2468 1532 καί
2517 1477 2584 1533 τὰ
2625 1480 2880 1553 κτήματα
2927 1481 3179 1554 χρήσιμα
3227 1478 3473 1555 γίνεταις
3524 1478 3586 1535 Ei
3634 1480 3861 1535 τοίνυνὸ

2227 1562 2524 1622 ἀποϐαλὼν
2599 1568 2698 1636 τήν
2775 1569 3046 1641 κοσμικὴν
3131 1567 3445 1643 περιουσίαν
3511 1567 3586 1625 ἔτι
3655 1566 3864 1625 δύναται

2227 1655 2484 1712 πλουτεῖν
2515 1660 2622 1712 τῶν
2656 1657 2865 1729 παθῶν,
2895 1656 2985 1712 καὶ
3034 1663 3136 1728 τῆς
3165 1655 3307 1729 ὓλης
3347 1658 3425 1731 μὴ
3476 1657 3757 1736 παρούσης
3813 1662 3860 1733 (ἡ

2230 1743 2331 1821 γάρ
2363 1766 2449 1802 τοι
2483 1743 2720 1809 διάθεσις
2768 1747 2831 1802 τὸ
2874 1746 3042 1813 αὐτῆς
3091 1744 3294 1824 ἐνεργεῖ
3341 1747 3432 1802 καὶ
3479 1748 3569 1804 τὸν
3605 1747 3864 1826 λογισμὸν

475 1859 540 1899 ac
575 1843 886 1898 all‘ectuum
920 1840 1114 1910 segete
1145 1835 1302 1893 dives
1333 1851 1462 1892 esse
1489 1839 1703 1907 potest,
1733 1836 1963 1892 tametsi
2003 1839 2120 1892 ter-

2231 1832 2410 1911 ἄγχει,
2468 1834 2560 1890 καὶ
2617 1835 2786 1906 πιέζει
2838 1837 2928 1892 καὶ
2988 1834 3314 1914 φλεγμαίνει
3380 1842 3502 1900 ταῖς
3553 1837 3865 1917 συντρόφοις

475 1948 615 1988 rena
662 1928 993 1987 substantia
1041 1927 1091 1981 ei
1141 1942 1255 1981 non
1306 1925 1567 1997 suppetit
1613 1925 1928 1997 (cupiditas
1960 1924 2116 1982 enim

475 2021 632 2093 quod
665 2035 840 2075 suum
865 2021 951 2073 est
971 2015 1107 2087 agit,
1131 2016 1516 2085 animumque
1536 2012 1692 2069 velut
1716 2013 1990 2086 prmfocat
2020 2031 2117 2070 au-

475 2112 679 2184 gitque
708 2112 764 2165 et
794 2105 1024 2180 premit,
1050 2103 1424 2175 alumnisque
1455 2120 1522 2159 ac
1552 2102 1774 2159 inulitis
1816 2101 2124 2159 desideriis

479 2198 789 2270 accendit),
813 2193 957 2251 nihil
989 2193 1160 2267 plane
1190 2193 1241 2249 ei
1273 2191 1514 2265 profuit,
1547 2193 1697 2262 quod
1729 2207 1950 2264 egenus
1977 2191 2124 2247 divi-

483 2289 584 2344 tiis
617 2289 805 2343 factus
834 2289 943 2351 est,
971 2283 1070 2356 qui
1098 2281 1256 2338 vitiis
1277 2284 1333 2338 et
1352 2281 1660 2338 affectibus
1691 2281 1851 2336 dives
1874 2280 1970 2336 sit.
1997 2279 2124 2337 Non

485 2378 641 2436 enim
681 2393 749 2433 ea
790 2374 1006 2446 abjecit
1053 2389 1183 2445 quae
1229 2371 1558 2442 abjicienda
1599 2379 1801 2438 erant;
1847 2371 1946 2427 sed
1997 2387 2124 2442 quae

484 2465 802 2541 promiscui
835 2480 1018 2520 usus:
1072 2479 1138 2518 ac
1178 2462 1287 2518 sibi
1322 2459 1560 2532 quidem
1592 2460 1827 2516 servitia
1857 2459 2122 2529 abstulit,

479 2559 739 2614 innatam
772 2571 905 2610 vero
954 2551 1219 2608 libidinis
1249 2549 1485 2621 Vitiique
1524 2549 1825 2605 materiam
1856 2547 2125 2605 exteriori

477 2645 721 2719 penuria
742 2641 1063 2700 succendit.
1089 2629 1564 2696 Renuntiandum
1584 2654 1722 2711 ergo
1749 2638 2123 2694 facultatibus

479 2753 607 2810 quae
639 2734 822 2791 noxia
853 2733 993 2802 sint,
1028 2747 1142 2787 non
1176 2729 1248 2785 iis
1280 2728 1454 2785 rebus
1493 2744 1622 2802 quae
1652 2727 1699 2784 si
1735 2727 1868 2800 quis
1899 2733 2123 2784 rectum

477 2840 654 2882 usum
683 2820 1017 2890 attenderit,
1051 2821 1375 2876 conducere
1405 2817 1579 2874 etiam
1615 2817 1862 2890 possint.
1895 2817 2124 2874 Condu-

478 2918 621 2970 cunt
643 2929 777 2968 vero
807 2927 938 2984 qua)
970 2909 1280 2982 prudentia
1329 2907 1541 2964 comite
1588 2910 1645 2962 et
1693 2907 2010 2963 sobrietate
2057 2920 2126 2963 ac

479 3004 692 3076 pietate
742 3001 1181 3074 dispensentur.
1218 2997 1394 3054 Porro
1442 3012 1509 3052 ea
1552 2995 1952 3052 submovenda
1997 3011 2123 3068 quis

476 3092 647 3148 noxia
679 3108 690 3147 :
729 3107 856 3162 quae
889 3092 1084 3145 autem
1117 3086 1258 3144 foris
1289 3089 1449 3155 sunt,
1481 3103 1550 3142 ea
1581 3084 1726 3140 nihil
1759 3085 1958 3140 damni
1992 3083 2127 3140 aﬂ'e-

2229 1923 2586 1999 ἐπιθυμίαις)·
2619 1921 2772 1980 οὐδὲν
2804 1923 2893 1980 οὖν
2938 1922 3218 2002 προῦργου
3265 1927 3483 2002 γέγονεν
3531 1926 3678 2000 αύτῷ
3729 1949 3868 1984 πτω-

2229 2011 2412 2089 χεύειν
2447 2012 2774 2088 χρημάτων,
2802 2011 3134 2070 πλουτοῦντι
3162 2019 3270 2070 τῶν
3301 2016 3508 2073 παθῶν.
3566 2015 3646 2074 Ού
3675 2017 3779 2093 γὰρ
3807 2017 3868 2073 τὸ.

2233 2097 2522 2174 ἀπόϐλητα
2551 2097 2841 2175 ἀπέϐαλεν,
2875 2101 3023 2159 ἀλλά
3049 2105 3117 2159 τά
3153 2101 3444 2180 ἀδιάφορα·
3492 2104 3581 2162 καὶ
3621 2111 3734 2162 τῶν
3780 2108 3866 2182 μὶν

2235 2191 2572 2265 ὑπηρετικῶν
2641 2192 2822 2248 ἑαυτὸν
2909 2194 3251 2268 περιέκοψεν,
3326 2191 3570 2268 ἐξέκαυσε
3645 2192 3707 2252 δὲ
3778 2197 3867 2265 τήν

2233 2278 2370 2350 ὕλην
2401 2288 2500 2350 τῆς
2527 2301 2708 2336 κακιαι
2753 2283 2851 2352 τήν
2906 2280 3143 2362 ἔμφυτον
3175 2284 3245 2356 τῇ
3276 2304 3386 2339 των
3443 2283 3594 2347 ἐκτὸς
3653 2285 3868 2360 ἀπορίᾳ.

2233 2367 2586 2425 Ἀποτακτίον
2666 2370 2757 2424 οὗν
2810 2375 2928 2433 τοῖς
3005 2370 3311 2449 ὑπάρχουσι
3373 2378 3490 2436 τοῖς
3557 2368 3869 2451 βλαϐεροῖς,

2235 2457 2364 2533 ούχί
2395 2463 2529 2527 τοῖς,
2564 2458 2651 2513 ἐὰν
2690 2457 2977 2528 ἐπιστῆταί
3031 2481 3117 2522 τις
3172 2461 3270 2530 τήν
3315 2459 3483 2538 ὀρθήν
3511 2469 3741 2538 χρῆσιν,
3788 2462 3872 2518 καί

2234 2547 2562 2625 συνωφελεῖν
2619 2545 2958 2622 δυναμένοις.
3009 2548 3228 2628 Ὠφελεῖ
3278 2547 3336 2605 δὲ
3380 2551 3447 2605 τά
3495 2551 3629 2625 μετά
3675 2553 3872 2630 φρονή-

2235 2657 2368 2699 σεως
2398 2636 2487 2691 καὶ
2537 2637 2893 2714 σωφροσύνης
2941 2639 3031 2693 καὶ
3089 2633 3360 2704 εὐσεϐείας
3417 2639 3870 2715 οἶκονομούμενα.

2233 2725 2513 2781 Ἀπωστὲα
2544 2722 2601 2780 δὲ
2631 2725 2722 2780 καὶ
2753 2725 3036 2800 ἐπιζήμια·
3070 2727 3136 2782 τά
3186 2725 3244 2783 δὲ
3299 2726 3452 2792 ἐκτὸς
3499 2729 3561 2785 ού
3623 2728 3874 2806 βλάπτει.

2232 2812 2415 2876 Οὕτως
2445 2814 2535 2869 οὖν
2569 2813 2598 2868 ύ
2632 2813 2828 2890 Κύριος
2870 2815 2959 2870 καὶ
3007 2818 3106 2886 τήν
3153 2820 3261 2872 τῶν
3305 2815 3456 2880 ἐκτὸς
3509 2817 3702 2894 χρείαν
3740 2817 3876 2874 είσάο

2233 2923 2339 2978 γει,
2367 2901 2606 2958 κελεύων
2668 2903 2958 2969 ἀποθέσθαι
3007 2903 3074 2959 ού
3104 2905 3172 2960 τὰ
3204 2906 3455 2982 βιωτικά,
3488 2905 3634 2964 ἀλλά
3658 2906 3733 2962 τὰ
3761 2907 3880 2963 τού-

2231 3013 2348 3055 τοις
2380 2997 2561 3057 κακῶς
2607 2993 2896 3069 χρώμενα·
2939 2997 3107 3049 ταῦτα
3146 2991 3193 3049 δ’
3224 2995 3291 3066 ἦν
3323 2997 3389 3051 τά
3417 3003 3517 3067 τῆς
3554 2999 3749 3072 ψυχῆς
3795 2995 3881 3075 ἀρ-

2235 3081 2416 3158 ῥωστή
2427 3102 2569 3156 ματα
2597 3081 2686 3136 καὶ
2715 3083 2785 3137 τὰ
2813 3081 2980 3152 πάθη.

475 3187 633 3237 runt.
691 3180 784 3236 Sic
841 3178 1021 3250 igitur
1080 3175 1359 3232 Dominus
1413 3173 1589 3230 etiam
1639 3173 1991 3230 exteriorum
2052 3189 2226 3230 usum
2287 3172 2572 3238 insinuat,
2622 3172 2841 3244 jubens
2901 3190 3115 3246 ponere
3171 3191 3287 3232 non
3339 3191 3429 3248 ea,
3487 3175 3706 3250 quibus
3766 3175 3881 3233 vita

475 3272 879 3335 sustentatur;
910 3272 974 3338 ›ι‹
1003 3265 1103 3320 sed
1139 3281 1264 3337 quae
1296 3262 1413 3318 illis
1445 3261 1598 3318 male
1628 3265 1888 3331 utantur,
1922 3261 2299 3332 egritudines
2328 3259 2512 3315 animi
2535 3261 2789 3333 vitisque
2819 3277 2922 3318 seu
2954 3263 3217 3319 affectus.

548 3357 687 3414 XVI.
723 3361 944 3411 Horum
976 3354 1144 3427 copia
1172 3353 1302 3425 ipsa
1331 3351 1568 3424 quidem
1601 3354 1943 3423 suppetens,
1977 3367 2120 3405 cuu-

2304 3348 2392 3417 1ζ’.
2425 3348 2486 3405 Ὁ
2514 3345 2721 3403 τούτων
2765 3347 3030 3420 πλοῦτος,
3088 3350 3274 3421 παρὼν
3333 3352 3451 3425 μὲν,
3502 3350 3666 3408 ’ἀπασι
3724 3355 3880 3408 Θανα-

477 3446 588 3502 ctis
621 3444 920 3500 mortifera
950 3447 1078 3509 est;
1111 3445 1168 3496 et
1197 3441 1245 3496 si
1277 3443 1492 3512 pereat,
1525 3438 1735 3494 salutis
1782 3455 1962 3494 causa
2009 3444 2118 3496 est.

474 3535 559 3592 Ab
590 3551 658 3591 ea
688 3532 992 3600 mundam,
1021 3531 1127 3586 hoc
1149 3533 1258 3597 est,
1282 3544 1597 3602 pauperem
1632 3528 1972 3600 nudamque
2002 3527 2121 3582 ani-

476 3641 634 3680 mam
668 3626 943 3696 praestare
967 3621 1150 3690 decet,
1175 3618 1371 3690 sicque
1390 3619 1514 3689 jam
1537 3615 1891 3673 Salvatorem
1917 3617 2120 3674 audire

473 3715 760 3770 dicentem
788 3729 800 3766 :
840 3733 860 3760 ι
893 3709 1061 3779 Veni,
1085 3723 1328 3782 sequere
1361 3722 1451 3762 me
1480 3706 1584 3778 (α).
1615 3728 1642 3755 ›ι
1675 3704 1779 3762 Via
1807 3705 1962 3761 enim
1993 3705 2120 3778 ipse

473 3808 614 3860 tunc
645 3803 728 3870 ﬁt,
761 3799 999 3856 habenti
1029 3815 1129 3854 cor
1158 3813 1370 3870 purum
1407 3814 1419 3852 :
1470 3794 1529 3850 in
1576 3795 1873 3868 impuram
1922 3799 2118 3851 autem

471 3891 750 3961 animam,
782 3889 880 3946 Dei
921 3887 1110 3961 gratia
1141 3902 1255 3942 non
1287 3885 1465 3942 subit.
1499 3885 1737 3958 Impura
1785 3889 1982 3941 autem
2028 3887 2120 3941 est

475 3999 601 4056 quae
646 3977 950 4036 desideriis
999 3977 1180 4046 dives,
1215 3973 1530 4046 multisque
1578 3974 1898 4046 amoribus,
1931 3972 2120 4045 iisque

472 4069 877 4132 saecularibus,
910 4066 1025 4122 feta
1049 4071 1138 4121 est
1167 4068 1341 4134 atque
1373 4065 1645 4135 parturit.
1677 4066 1822 4118 Nam
1857 4062 1957 4135 qui
1991 4079 2119 4135 pos-

472 4156 836 4216 sessionibus
856 4153 1136 4225 locuples,
1163 4167 1493 4222 aurumque
1522 4153 1579 4206 et
1609 4155 1920 4223 argentum
1944 4155 2001 4206 et
2021 4153 2120 4207 do-

2225 3436 2490 3514 τηφόρος,
2541 3436 2927 3512 ἀπολλύμενος
2977 3435 3056 3504 δὶ,
3116 3441 3412 3515 σωτήριοςο
3465 3441 3528 3496 οὗ
3571 3438 3654 3497 δεῖ
3710 3454 3882 3507 καθι-

2229 3528 2510 3602 ρεύουσαν,
2569 3525 2809 3581 τουτέστι
2889 3527 3282 3604 πτωχεύουσαν
3335 3529 3424 3585 καί
3484 3531 3698 3606 γυμνήν
3785 3533 3882 3602 τὴν

2227 3616 2410 3690 ψῦχήν
2453 3615 2890 3691 παρασχόμενον,
2919 3614 3093 3681 οὕτως
3121 3613 3231 3688 ἤδη
3263 3621 3360 3672 τοῦ
3393 3623 3655 3694 Σωτῆρος
3715 3619 3880 3674 ἀκοῦ-

2228 3724 2313 3758 σαι
2365 3703 2640 3779 λέγοντος·
2704 3730 2732 3756 ‹‹
2767 3710 2955 3782 Δεῦρο,
2986 3705 3277 3770 ἀκολούθει
3323 3727 3440 3781 μοι,
3471 3729 3497 3760 ι
3558 3704 3724 3770 Ὁδὸς
3778 3709 3877 3784 γὰρ

2229 3792 2388 3855 αὐτὸς
2429 3791 2538 3864 ἤδη
2593 3798 2675 3867 τῷ
2728 3799 2948 3872 καθαρῷ
2997 3796 3096 3865 τήν
3152 3792 3374 3872 καρδίαν
3433 3795 3658 3874 γίνεται·
3692 3797 3775 3862 είς
3821 3794 3879 3853 δὶ

2227 3881 2525 3958 ἀκάθαρτον
2567 3885 2750 3960 ψυχὴν
2791 3889 2925 3940 Θεοῦ
2957 3886 3118 3960 χάρις
3171 3886 3235 3940 οὗ
3283 3883 3682 3962 παρεισδύεται.
3723 3887 3876 3944 ’Δκάο

2228 3973 2422 4048 θαρτος
2455 3969 2512 4027 δὲ
2542 3975 2576 4043 ἡ
2609 3971 2926 4029 πλουτοῦσα
2971 3978 3082 4030 τῶν
3127 3973 3454 4049 ἐπιθυμιῶν.
3487 3977 3572 4031 καὶ
3607 3972 3881 4031 ὠδίνουσα

2228 4059 2463 4124 πολλοῖς
2497 4059 2658 4137 ἔρωσι
2686 4063 2776 4116 καὶ
2830 4068 3142 4136 κοσμικοῖς.
3173 4065 3235 4121 Ὀ
3287 4064 3382 4137 μὶν
3412 4065 3510 4140 γὰρ
3544 4063 3691 4141 ἔχων
3747 4066 3881 4135 κτή-

2231 4169 2372 4222 ματα
2426 4149 2516 4203 καὶ
2565 4150 2768 4226 χρυσὸν
2827 4151 2917 4205 καὶ
2969 4147 3222 4228 ἄργυρον,
3255 4152 3347 4206 καὶ
3404 4151 3577 4217 οἰκίας
3606 4153 3680 4215 ὡς
3745 4157 3882 4210 Θεοῦ

473 4265 599 4305 mos
625 4253 907 4319 tanquam
941 4241 1042 4300 Dei
1072 4243 1226 4298 dona
1255 4240 1454 4310 habet,
1485 4244 1715 4311 Deoque
1743 4238 2005 4312 largitori
2057 4240 2116 4295 in

2231 4237 2473 4312 μωρεάς.
2512 4238 2709 4311 καὶτῷ
2763 4260 2823 4296 τε
2870 4237 3075 4296 διδόντι
3131 4245 3248 4314 Θεῷ
3279 4237 3610 4318 λειτουργῶν
3639 4241 3734 4297 ἀπ’
3785 4242 3883 4298 αύ-

471 4337 779 4394 hominum
808 4331 1057 4390 salutem
1081 4347 1150 4388 ex
1170 4330 1255 4387 eis
1278 4328 1655 4401 obsequitur;
1692 4329 1967 4401 novitque
1998 4329 2114 4384 fra-

2231 4332 2331 4382 τῶν
2365 4327 2441 4392 εἷς
2490 4328 2791 4400 ἀνθρώπων
2833 4330 3130 4405 σωτηρίαν·
3192 4330 3281 4385 καὶ
3340 4327 3524 4399 εἰδὼς,
3575 4329 3657 4387 ὅτι
3708 4335 3882 4387 ταῦτα

468 4431 624 4484 trum
659 4425 854 4498 potius
885 4437 1080 4489 causa,
1107 4436 1283 4492 quam
1318 4419 1374 4474 in
1408 4418 1497 4475 sui
1531 4417 1782 4491 gratiam
1840 4419 1958 4474 hinc
1989 4435 2023 4473 a
2052 4433 2114 4474 se

2231 4419 2478 4491 κέκτηταί
2536 4417 2625 4474 διὰ
2679 4419 2806 4484 τοὺς
2861 4417 3128 4500 ἀδελφοὺς
3190 4419 3406 4495 μᾶλλον
3441 4421 3477 4490 ἢ
3519 4421 3732 4478 ἔαυτόνο
3790 4423 3883 4477 καί

465 4514 754 4590 possideri
780 4531 793 4582 ;
827 4511 1136 4583 animoque
1158 4525 1333 4582 quam
1360 4524 1461 4580 pro
1483 4506 1716 4563 illorum
1743 4507 2113 4580 possessione

2231 4509 2478 4584 κρείττων
2512 4507 2773 4584 ὑπάρχων
2830 4516 2932 4579 τῆς
2986 4512 3228 4582 κτήσεως
3290 4510 3482 4583 αὐτῶν,
3543 4512 3618 4586 μὴ
3675 4507 3884 4573 δοῦλος

466 4603 856 4679 praestantior,
891 4618 1004 4658 non
1035 4604 1098 4655 ut
1129 4615 1332 4656 servus
1363 4597 1572 4670 hisque
1621 4597 2011 4671 mancipatus,
2044 4613 2113 4652 ea

2231 4599 2296 4653 ὧν
2347 4599 2628 4669 κέκτηται,
2689 4596 2832 4670 μηδέ
2881 4596 2932 4653 ἐν
2994 4602 3062 4674 τῇ
3111 4601 3266 4675 ψυχῆ
3321 4604 3488 4655 ταῦτα
3539 4599 3883 4678 περιφέρων,

466 4695 765 4766 possidet;
820 4706 1008 4763 neque
1038 4687 1235 4745 animo
1266 4687 1624 4758 circumfert,
1658 4703 1763 4743 nec
1815 4686 1898 4742 eis
1931 4687 2108 4742 vitam

2231 4683 2369 4759 μηδὲ
2400 4685 2451 4740 ἐν
2505 4685 2721 4748 τούτοις
2775 4685 2970 4763 ὁρίζων
3024 4687 3114 4742 καὶ
3170 4686 3516 4766 περιγράφων
3546 4689 3646 4758 τήν
3680 4688 3883 4744 ἑαυτοῦ

465 4798 632 4837 suam
657 4780 863 4836 deﬁnit
885 4795 950 4834 ac
973 4776 1530 4848 circumscribit,sed
1555 4779 1611 4832 et
1641 4776 1866 4831 honesti
1890 4774 2112 4847 aliquid

2231 4777 2393 4847 ζωὴν,
2428 4773 2573 4832 ἀλλά
2600 4796 2650 4830 τι
2681 4774 2771 4831 καὶ
2803 4775 3007 4832 καλλὸν
3066 4773 3222 4853 ἔργον
3273 4778 3361 4833 καὶ
3413 4783 3556 4842 θεῖον
3606 4778 3688 4834 ἀεὶ
3753 4775 3882 4834 δια-

463 4869 655 4942 operis
687 4873 863 4940 atque
893 4865 1071 4922 divini
1096 4867 1153 4922 in
1175 4865 1392 4922 laboris
1427 4869 1650 4938 partem
1685 4881 1915 4937 semper
1943 4882 2114 4922 assu-

2231 4868 2425 4919 πονῶν·
2471 4860 2566 4918 κᾶν
2617 4865 3051 4940 ἀποστερηθῆναι
3112 4862 3206 4941 δὲῃ
3259 4865 3390 4922 ποτὶ
3443 4865 3676 4934 τούτων,
3708 4865 3880 4922 δυνά-

460 4959 581 5029 mit,
615 4964 672 5014 et
702 4957 748 5014 si
782 4957 1010 5028 quando
1043 4971 1278 5011 necesse
1327 4955 1503 5011 fuerit
1549 4955 1667 5010 illis
1717 4953 1954 5026 privari,
1986 4954 2114 5027 pla-

2231 4973 2385 5028 μενος
2409 4949 2550 5025 ’ίλεῳ
2579 4955 2648 5026 τῇ
2680 4954 2905 5028 γνώμῃ,
2933 4953 3022 5008 καὶ
3069 4953 3393 5030 ἀπαλλαγήν
3426 4953 3601 5010 αὐτῶν
3634 4959 3885 5032 ἐνεγκεῖν

456 5048 586 5104 cido
609 5047 807 5102 animo
831 5043 1072 5117 parique
1102 5043 1398 5100 hilaritate
1420 5044 1933 5116 eorumjacturam
1963 5042 2112 5101 ferre

2231 5041 2274 5113 ἐξ
2328 5039 2469 5111 ἴσου,
2523 5040 2761 5116 καθάπερ
2815 5040 2905 5096 καὶ
2963 5042 3061 5110 τήν
3122 5040 3456 5118 περιουσίαν.
3511 5041 3668 5105 οὗτος
3699 5043 3732 5097 ὁ
3769 5065 3880 5116 μα-

453 5143 642 5211 potest
673 5153 739 5192 ac
769 5133 1192 5190 abundantiam
1235 5149 1252 5188 :
1303 5132 1395 5188 hic
1426 5131 1526 5188 ille
1557 5136 1646 5188 est
1676 5132 1777 5204 qui
1809 5149 1840 5188 a
1870 5132 2108 5189 Domino

2231 5129 2578 5207 ιιαριζόμενος
2625 5129 2726 5184 ὑπὸ
2773 5133 2871 5184 τοῦ
2923 5129 3142 5205 Κυρίου,
3191 5130 3280 5185 καὶ
3335 5131 3561 5207 πτωχὸς
3607 5135 3686 5204 τῷ
3712 5131 3889 5188 πνεύ-

452 5228 658 5284 beatus
687 5223 1053 5298 praedicatur,
1076 5228 1132 5276 et
1156 5237 1376 5294 pauper
1397 5221 1608 5293 spiritu
1634 5226 1877 5278 vocatur
1898 5221 2108 5294 (b),ex-

2231 5241 2353 5293 ματι
2386 5218 2751 5293 καλούμενος,
2795 5217 3146 5294 κληρονόμος
3198 5216 3423 5294 ’ἕτοιμος
3456 5219 3686 5296 ούρανοῦ
3723 5221 3894 5297 βασι-

454 5316 688 5389 peditus
719 5315 902 5369 haeres
933 5311 1094 5382 regni
1124 5310 1425 5376 ccelorum,
1460 5326 1572 5365 non
1619 5311 1717 5380 qui
1769 5311 2108 5368 divitiarum

2231 5309 2398 5381 Λείας,
2431 5307 2496 5363 ού
2529 5306 2787 5370 ολούσιος
2822 5313 2978 5378 ζῆσαι
3013 5309 3092 5381 μή
3125 5307 3442 5383 δυνάμενος.

453 5405 770 5477 impatiens
800 5415 1000 5458 earum
1032 5399 1196 5455 cultu
1226 5399 1420 5455 vivere
1451 5415 1567 5454 non
1597 5404 1810 5470 potest.

517 5543 670 5610 ›ι‹Ρ.
703 5541 953 5600 93431).
988 5540 1281 5597 POTTER.
1385 5540 1458 5612 (α)
1493 5539 1672 5597 Maro.
1706 5541 1884 5613 x,21.
1962 5541 2120 5614 (ωλι

2231 5558 2277 5598 1.
2312 5557 2368 5609 v,
2399 5539 2453 5595 3.

520 5689 636 5764 (25)
670 5683 1016 5763 Εἲρημίνων.
1047 5685 1246 5744 Scribe
1276 5681 1585 5760 εἱρημίνον.
