4006 6200
217 377 292 430 621

1241 367 1454 420 LIBER
1493 365 1662 431 QUIS
1695 364 1914 421 DIVES
1948 367 2350 423 SALVETUB.

3389 365 3497 422 622

267 500 327 555 ιτ,
350 497 388 547 '0
423 490 471 546 δὲ
512 488 559 544 ὲν
732 492 888 563 ψυχῆ
944 489 1035 542 τὸν
1089 491 1327 543 πλοῦτον
1388 489 1586 566 φέρων,
1644 487 1736 542 καὶ

1923 490 2095 546 XVII.
2120 492 2192 545 At
2220 491 2321 561 qui
2355 491 2466 545 fert
2495 505 2633 560 opes
2661 489 2722 544 in
2755 490 2972 556 animo,
3005 494 3061 544 et
3090 489 3216 545 loco
3245 490 3499 561 Spiritus

204 587 286 641 ἁντῗ
302 586 399 638 Θεοῦ
437 579 727 650 Πνεύματος
759 576 812 632 ἐν
842 581 912 650 τῇ
959 574 1152 651 καρδίᾳ
1207 579 1408 652 χρυσὸν
1468 577 1644 652 φέρων
1699 576 1736 646 ἢ

201 675 331 749 ἀγρὸν,
353 671 422 724 ui
450 669 538 736 τήν
567 666 752 733 κτῆσιν
798 665 1032 737 ἄμετρον
1077 665 1158 719 ἀεὶ
1207 668 1404 731 ποιῶν,
1459 665 1548 718 καὶ
1611 663 1736 718 ἐκά-

191 781 298 816 mra
318 760 369 813 τὸ
390 756 559 812 πλεῖον
593 755 837 829 βλέπων,
883 774 1032 808 κατω
1060 754 1319 815 νενευκὼς
1349 753 1439 807 καὶ
1469 757 1584 814 τοῖς
1642 755 1739 806 τοῦ

191 854 339 920 κόσμου
364 845 623 921 θηράτροις
680 841 1079 915 πεπεδημένος,
1113 849 1183 918 γῆ
1239 843 1313 896 ὢν
1361 842 1452 896 καὶ
1508 840 1584 902 εἷς
1633 847 1737 915 γῆν

191 936 532 1007 ἐπελευσόμενος
563 976 578 998 ,
646 933 810 986 πόθεν
885 929 1102 986 δύναται
1167 928 1445 1005 βασιλείας
1494 931 1739 1005 οὐρανῶν

191 1028 441 1096 ἐπιθυμῆσαι
485 1021 567 1077 καέ
621 1020 956 1099 φροντίσαι,
1016 1021 1301 1095 ἀνθρωπος
1353 1018 1416 1072 ού
1473 1015 1737 1091 καρδίαν,

189 1114 287 1169 ἀλλά
323 1112 458 1187 ἀγρὸν
508 1111 541 1178 ἢ
601 1107 878 1182 μέταλλον
934 1112 1138 1183 φορῶν,
1171 1106 1223 1162 ἐν
1269 1106 1483 1167 τούτοις
1513 1106 1740 1176 εὐρεθη-

189 1203 347 1274 θέμενος
393 1199 664 1273 ἐπάναγκες
725 1196 776 1252 ἐν
836 1197 914 1259 οἶς
955 1194 1170 1264 autem;
1218 1197 1396 1253 ’Ὀπου
1422 1195 1524 1270 γὰρ
1557 1195 1585 1249 6
1615 1198 1739 1255 νοῦς

186 1296 247 1346 τοῦ
282 1289 546 1362 ἀνθρώπου,
594 1287 709 1340 ἐκεῖ
757 1285 848 1340 καὶ
898 1286 926 1339 ὁ
975 1285 1243 1358 θησαυρὸς
1293 1282 1478 1338 αὐτοῦ.
1535 1290 1745 1353 Θησαυ-

186 1377 345 1452 ροῦςδή
370 1397 424 1451 γε
465 1378 493 1430 6
540 1375 742 1449 Κύριος
787 1371 895 1428 εἶδε
952 1371 1184 1436 διττούς*
1231 1373 1323 1426 τὸν
1376 1372 1470 1443 μὲν
1520 1371 1740 1446 ἀγαθὸν,

187 1467 345 1542 Ογὶρει
390 1464 568 1541 ἀγαθὸς
611 1460 901 1535 ἄνθρωπος
957 1459 1018 1516 ἐκ
1067 1465 1166 1515 τοῦ
1212 1459 1410 1534 ἀγαθοῦ
1467 1461 1742 1534 Θησαυροῦ

185 1564 248 1623 τῆς
268 1552 448 1630 καρδίας
475 1551 734 1629 προφέρει
763 1551 826 1605 τὸ
865 1551 1078 1622 ἀγαθόν·
1140 1571 1169 1600 ιι
1225 1548 1318 1602 τὸν
1369 1544 1427 1601 δὲ
1478 1547 1742 1620 πονηρὸν,

187 1645 229 1701 '0
360 1664 382 1696 ι
422 1641 576 1702 κακὸς
630 1639 695 1694 ἐκ
732 1642 828 1693 τοῦ
865 1639 1033 1692 κακοῦ
1062 1637 1334 1712 θησαυροῦ
1365 1637 1623 1712 προφέρει
1679 1635 1743 1691 τὸ

185 1734 329 1786 ναόν·
374 1731 445 1785 ότι
503 1730 560 1784 ἐκ
608 1733 714 1783 τοῦ
761 1726 1189 1802 περισσεύματος
1252 1732 1353 1794 τῆς
1397 1723 1625 1793 καρδίας
1679 1724 1744 1780 τὸ

188 1823 307 1893 πόμα
350 1817 510 1873 λαλεῖ.
542 1840 572 1868 κ
628 1819 840 1889 Ὠσπερ
899 1813 990 1870 οὗν
1049 1814 1319 1889 θησαυρὸς
1353 1813 1454 1889 εὐχ
1483 1815 1560 1875 εἷς
1618 1813 1746 1888 παρ’

183 1867 298 1979 ιότξ,
340 1908 455 1971 καθὸ
508 1905 598 1961 καὶ
659 1867 1016 1979 παρΤἡμῖν,
1074 1867 1116 1958 6'
1157 1867 1238 1957 τὸΙ
1277 1867 1546 1978 αἰφνίδιον
1608 1867 1744 1975 μέγα
1774 1867 1822 1932 Β

183 1997 312 2071 κέρδος
353 1996 398 2051 ἐν
440 1997 641 2069 εὑρέσει
674 1991 880 2054 διδούς·
918 1989 1062 2048 ἀλλά
1105 1991 1195 2046 καὶ
1228 1988 1477 2068 δεύτερος
1526 1991 1553 2045 6
1585 1991 1742 2063 ἀκερ-

181 2086 245 2154 Ei;
265 2088 333 2141 ιιιὶ
354 2085 540 2157 ἄζηλος
569 2084 666 2139 καὶ
733 2081 1030 2152 δύσκτητος
1078 2080 1168 2135 καὶ
1224 2079 1538 2153 ἐπιζήμιος·
1598 2079 1741 2136 οὕτω

183 2179 239 2230 καὶ
278 2177 476 2236 πλοῦτος
530 2176 560 2229 6
622 2173 727 2248 μὲν
783 2193 866 2234 τις
924 2171 1160 2246 ἀγαθῶν,
1193 2171 1222 2225 ὁ
1253 2167 1311 2225 δὲ
1340 2175 1541 2226 κακῶν·
1603 2169 1655 2225 εἶ’
1679 2191 1743 2246 γε

178 2267 238 2320 τὸν
276 2266 472 2321 πλοῦτον
518 2263 611 2318 καὶ
661 2261 762 2317 τὸν
824 2260 1090 2336 θησαυρὸν
1165 2259 1265 2314 οὐκ
1320 2259 1743 2334 ἀπηρτημένους

177 2354 284 2425 {sua
309 2353 545 2424 ἀλλήλων
563 2356 635 2426 τῇ
669 2350 852 2429 φύσει.
883 2349 983 2404 Καὶ
1032 2349 1061 2402 ὁ
1094 2351 1189 2422 μὲν
1215 2369 1300 2410 τις
1331 2347 1573 2410 πλοῦτος
1603 2369 1743 2418 κτη-

176 2445 235 2504 τὸς
254 2443 298 2498 ἂν
323 2443 392 2514 εἴη
428 2444 514 2498 καὶ
571 2436 948 2516 περίόλητος,
1007 2440 1036 2494 6
1095 2436 1154 2494 δὲ
1209 2435 1442 2508 ἄκτητος
1485 2438 1574 2492 καὶ
1608 2439 1743 2493 ἀπό-

177 2529 336 2602 ὃλητυς.
359 2535 448 2588 Τὸν
479 2532 645 2587 αὐτὸν
684 2527 747 2585 δί
785 2529 986 2604 τρόπον
1018 2527 1108 2582 καὶ
1139 2527 1388 2602 πτωχεία
1433 2528 1741 2602 μακαριστή

177 2623 240 2692 μὶν
273 2625 300 2690 ἡ
337 2623 694 2695 πνευματική’
752 2615 838 2673 διὸ
884 2616 974 2672 καὶ
1005 2617 1339 2691 προσέθηκεν
1384 2617 1413 2671 ὁ
1442 2621 1740 2680 Ματθαῖοςο

177 2735 193 2760 ιι
214 2711 428 2784 Μακάριοι
457 2711 506 2765 οἱ
528 2709 783 2783 πτωχοί.
820 2731 850 2758 υ
883 2711 1043 2777 Πῶς;
1077 2731 1106 2758 ιι
1134 2710 1225 2776 Τῷ
1253 2704 1543 2777 πνεύματι.
1580 2730 1602 2758 ι
1642 2704 1744 2761 Καὶ

175 2797 312 2852 πάλιν·
352 2825 376 2852 ιι
434 2799 721 2874 Μακάριοι
776 2797 829 2850 οἱ
876 2799 1166 2857 πεινῶντες
1208 2794 1299 2849 καὶ
1344 2790 1603 2867 διψῶντες
1644 2794 1745 2862 τήν

174 2885 436 2959 ξτιιαιοσύνην
489 2893 588 2944 τοῦ
631 2886 797 2943 Θεοῦ.
853 2909 881 2937 ››
931 2885 1139 2943 Οὐκοῦν
1182 2881 1364 2947 ἀθλιοι
1415 2884 1466 2938 οἱ
1516 2881 1746 2938 ἐναντίοι

173 2979 342 3052 πτωχοὶ,
370 2983 494 3033 Θεοῦ
525 2979 626 3051 μὲν
658 2974 915 3049 ἄμοιροι,
945 2973 1295 3048 ἀμοιρότεροι
1319 2969 1376 3028 δὲ
1402 2979 1502 3041 τῆς
1534 2973 1749 3046 ἀνθρω-

171 3065 281 3135 πίνης
301 3069 544 3139 κτήσεως,
576 3065 836 3140 ἄγευστοι
868 3059 926 3117 δὲ
956 3059 1303 3132 δικαιοσύνης
1333 3065 1488 3119 Θεοῦ.

1850 577 1947 632 Dei
1979 579 2089 634 fert
2115 595 2326 634 aurum
2375 580 2434 634 in
2483 579 2658 633 corde
2701 578 2821 634 sive
2851 594 3082 650 agrum,
3117 577 3394 650 nulloque
3424 579 3498 636 iis

1848 667 2110 724 adhibito
2141 669 2314 724 modo
2347 669 2562 740 prsidia
2591 673 2647 723 et
2677 670 3078 740 possessiones
3118 684 3350 741 semper
3390 685 3496 723 au-

1848 761 1964 828 get,
1989 773 2055 812 ac
2077 757 2338 828 quotidie
2360 757 2473 813 alia
2495 756 2778 829 pluraque
2797 758 2994 813 animo
3025 759 3262 830 cogitat,
3287 759 3346 813 in
3377 762 3467 813 ter
3488 789 3498 799 -

1849 863 1973 900 ram
2008 862 2227 917 pronus
2258 862 2651 918 cernuusque,
2683 864 2749 900 ac
2781 847 2987 902 mundi
3026 846 3255 918 laqueis
3307 847 3498 902 irreti.

1849 940 1966 1003 tus,
1991 935 2090 1006 qui
2125 940 2278 990 terra
2309 935 2386 989 sit
2414 941 2472 989 et
2501 937 2557 990 in
2591 940 2806 990 terram
2839 951 3180 991 reversurus
3211 935 3308 1002 sit,
3342 936 3498 991 unde

1850 1022 1901 1076 is
1925 1023 2084 1094 regni
2117 1023 2398 1078 calorum
2423 1021 2712 1078 desiderio
2733 1026 3086 1078 accendatur
3104 1040 3170 1078 ac
3199 1025 3328 1095 ejus
3359 1040 3499 1079 cura

1849 1110 2001 1165 affici
2033 1112 2257 1181 possit;
2290 1113 2464 1167 homo
2495 1111 2738 1182 scilicet,
2759 1114 2857 1183 qui
2884 1129 2997 1167 non
3021 1129 3140 1182 cor,
3163 1113 3263 1168 sed
3288 1129 3496 1185 agrum

1851 1204 1951 1254 aut
1983 1199 2283 1256 metallum
2337 1204 2519 1272 gerat,
2553 1217 2727 1272 quem
2763 1200 2934 1272 plane
2964 1217 3200 1258 necesse
3231 1201 3307 1258 sit
3334 1201 3394 1256 in
3425 1201 3497 1256 iis

1850 1289 2228 1359 deprehendi,
2263 1305 2514 1360 quorum
2566 1306 2764 1345 amore
2815 1295 3020 1359 captus
3067 1291 3339 1347 exsistit?
3386 1291 3496 1346 Ubi

1851 1379 2006 1432 enim
2037 1382 2126 1432 est
2157 1394 2324 1433 mens
2355 1378 2636 1443 hominis,
2670 1379 2748 1432 ibi
2782 1383 2837 1433 et
2871 1379 3184 1434 thesaurus
3216 1381 3342 1450 ejus
3386 1385 3494 1435 est.

1851 1465 2151 1538 Duplicem
2179 1483 2348 1537 porro
2369 1467 2716 1522 thesaurum
2742 1469 2902 1523 novit
2925 1469 3226 1524 Dominus:
3250 1468 3498 1525 alterum

1853 1555 2071 1610 bonum
2100 1573 2112 1622 ;
2147 1577 2176 1604 «
2204 1556 2392 1610 bonus
2414 1555 2570 1610 enim
2594 1556 2769 1611 homo
2791 1557 2862 1611 de
2888 1557 3035 1612 bono
3059 1557 3335 1614 thesauro
3367 1574 3498 1613 cor-

1852 1643 1943 1698 dis
1973 1644 2062 1699 sui
2093 1644 2311 1716 profert
2339 1645 2599 1712 bonum;
2635 1666 2665 1694 ι
2695 1643 2943 1701 alterum
2976 1645 3218 1713 malum,
3248 1667 3271 1698 α
3305 1645 3499 1702 malus

1853 1734 2007 1788 enim
2039 1734 2110 1788 de
2141 1731 2295 1788 malo
2325 1733 2603 1788 thesauro
2634 1736 2846 1804 profert
2887 1734 3145 1803 malum;
3191 1749 3258 1789 ex
3311 1736 3500 1790 abun-

1853 1821 2052 1877 danlia
2071 1823 2229 1878 enim
2253 1821 2446 1878 cordis
2467 1838 2532 1877 os
2555 1821 2964 1894 loquitur(a).»
2994 1823 3500 1889 Quemadmodum

1853 1909 2034 1981 igitur
2061 1910 2377 1965 thesaurus
2411 1927 2526 1964 non
2560 1927 2716 1966 unus
2745 1913 2898 1982 apud
2927 1927 3084 1977 eum,
3115 1911 3274 1967 velut
3322 1913 3495 1967 etiam

1853 2015 1915 2054 se
1963 2015 2056 2054 res
2101 1999 2157 2053 in
2204 1999 2374 2053 nobis
2423 1999 2620 2063 habet,
2653 2015 2770 2070 quo
2817 1999 3042 2055 scilicet
3077 2000 3379 2072 inopinato
3409 2001 3500 2056 in-

1851 2093 2048 2152 vento,
2080 2086 2292 2158 ingens
2324 2086 2551 2142 lucrum
2586 2087 2898 2143 oifendenti
2930 2092 3279 2159 prestatur;
3313 2089 3413 2144 sed
3447 2093 3503 2143 et

1853 2175 2003 2231 alius
2025 2178 2116 2230 est
2137 2175 2358 2230 nullius
2382 2175 2590 2246 frugis,
2615 2177 2879 2248 nihilque
2909 2178 3290 2248 expetendus,
3309 2178 3499 2233 infau-

1855 2269 1959 2320 stae
1989 2263 2378 2334 possessionis
2404 2268 2578 2335 atque
2611 2265 3074 2320 damnosus:sic
3104 2270 3243 2321 sunt
3268 2282 3502 2339 quoque

1857 2354 2164 2416 bonorum,
2198 2353 2383 2422 deque
2415 2352 2702 2408 malorum
2737 2368 2968 2424 genere,
3003 2353 3214 2408 divitiae
3248 2351 3504 2427 ;'siqui-

1856 2442 1987 2497 dem
2021 2440 2255 2496 divitias
2276 2446 2334 2496 et
2355 2441 2694 2496 thesaurum
2724 2442 2880 2497 haud
2906 2441 3060 2497 inter
3080 2458 3143 2498 se
3175 2447 3384 2498 natura
3411 2442 3504 2497 di-

1856 2530 1988 2585 rimi
2016 2531 2255 2584 scimus.
2304 2538 2385 2585 Ac
2417 2530 2654 2600 quidem
2686 2537 2854 2587 erant
2883 2532 3097 2586 divitia)
3129 2532 3338 2587 merito
3370 2548 3505 2604 pos-

1855 2620 2114 2676 sidenda!
2147 2636 2214 2674 ac
2245 2619 2931 2692 amplexandaaﬁtemque
2954 2638 3025 2677 ne
3048 2621 3236 2693 digna:
3264 2621 3503 2693 quidem

1857 2725 1988 2780 qua:
2030 2708 2442 2779 possideantur
2489 2725 2555 2764 ac
2604 2711 2964 2780 respuendae.
2993 2710 3076 2765 Ad
3125 2713 3188 2776 ›ι‹
3231 2710 3505 2765 eumdem

1859 2798 2092 2853 modum
2146 2797 2320 2852 etiam
2377 2804 2688 2870 paupertas
2721 2798 3004 2871 spiritalis
3053 2799 3288 2871 quidem
3338 2799 3507 2854 beata

1859 2885 2231 2957 praedicanda
2268 2904 2282 2950 ;
2337 2887 2490 2941 unde
2533 2891 2591 2942 et
2640 2886 2855 2957 adjecit
2885 2887 3194 2946 Matthasus
3226 2903 3240 2941 :
3293 2905 3316 2934 ι
3349 2885 3510 2943 Beati

1861 2991 2144 3046 pauperes
2176 2975 2273 3046 (ὁ).
2298 2995 2322 3025 ι
2351 2975 2473 3039 Quo
2503 2975 2558 3030 id
2593 2977 2809 3032 modo?
2839 2976 3129 3032 Nimirum
3167 2995 3188 3024 ι
3225 2992 3512 3048 pauperes

1859 3063 2094 3134 spiritu.
2123 3085 2151 3112 ››
2177 3070 2254 3118 Ac
2278 3080 2522 3119 rursus:
2559 3087 2588 3114 «
2619 3063 2778 3120 Beati
2808 3065 2906 3137 qui
2938 3065 3206 3121 esuriunt
3226 3069 3283 3120 et
3303 3063 3516 3120 sitiunt

165 3155 386 3224 justitiam
413 3156 510 3214 Dei
543 3162 639 3224 (ε).
680 3178 705 3206 ι
746 3154 930 3226 Igitur
958 3153 1156 3209 miseri
1191 3168 1478 3224 pauperes
1508 3150 1809 3207 contraria?
1840 3151 2077 3217 indolis,
2111 3152 2212 3223 qui
2244 3151 2347 3208 Dei
2374 3159 2638 3224 expertes
2673 3155 2977 3226 magisque
3015 3160 3278 3226 expertes
3309 3152 3512 3208 huma-

171 3261 320 3300 narum
345 3246 713 3312 facultatum,
752 3243 848 3298 Dei
871 3243 1168 3312 justitiam
1195 3257 1265 3297 ne
1294 3241 1527 3314 quidem
1561 3239 1916 3297 delibarunt.

217 3331 296 3388 lH.
329 3334 469 3388 Ὠστε
507 3331 641 3387 τοῦς
685 3329 992 3391 πλουσίους
1025 3331 1419 3402 μαθηματικῶς
1441 3329 1551 3400 (26)
1583 3327 1744 3381 ἀκου-
1776 3332 1820 3398 ο

171 3423 294 3491 δέον,
331 3424 442 3484 τοὺς
491 3420 788 3481 δυσκόλως
831 3417 1304 3491 εἷσελευσομὲνους
1336 3417 1411 3480 εἷς
1459 3418 1556 3486 τήν
1594 3418 1752 3492 βασι-

174 3507 296 3577 λείαν,
323 3513 388 3583 μὴ
412 3516 612 3574 σκαιῶς
648 3506 800 3582 μηδέ
830 3507 1099 3583 ἀγροίκως
1158 3504 1300 3580 μηδὲ
1345 3510 1639 3581 σαρκικῶς.
1689 3502 1756 3560 Ei’

172 3599 377 3668 γὶροὲτω
404 3599 684 3667 λέλεκται,
722 3594 851 3652 οὐδὲ
891 3596 981 3652 ἐπὶ
1027 3601 1144 3657 τοῖς
1197 3594 1350 3657 ἐκτὸς
1398 3597 1433 3663 ἡ
1484 3594 1754 3668 σωτηρία,

178 3684 264 3739 sine
297 3687 333 3741 εἰ
373 3686 552 3743 πολλά
601 3683 737 3741 οὔτε
786 3685 835 3740 εἴ
878 3685 1042 3759 ὀλίγα
1081 3689 1270 3754 ταῦτα,
1300 3684 1335 3754 ἢ
1373 3683 1540 3755 μικρά
1569 3683 1604 3750 ἢ
1662 3703 1755 3754 με·

383 3774 566 3849 ἔνδοξα
594 3775 633 3844 ἢ
668 3771 858 3843 ἄδοξα,
890 3772 927 3841 ἢ
968 3770 1236 3845 εὐδόκιμα
1265 3770 1298 3842 ἧ
1339 3769 1596 3844 ἀδόκιμα·
1631 3768 1758 3826 ἀλλ’

256 3867 310 3934 τῇ
332 3871 419 3932 τῆς
446 3869 638 3940 ψυχῆς
675 3863 870 3936 ἀρετῇ,
901 3860 1198 3930 πίστει,καὶ
1220 3858 1518 3930 ἐλπίδι,καὶ
1550 3859 1756 3934 ἀγάπῃ,

174 3950 235 4003 ui
271 3951 591 4031 φιλαδελφίᾳ,
642 3951 741 4007 καὶ
789 3950 1011 4025 γνώσει,
1059 3949 1149 4004 καὶ
1188 3950 1479 4024 πραότητι,
1508 3947 1598 4002 καὶ
1631 3948 1758 4002 ἀτυ-

178 4039 258 4112 φίᾳ,
281 4043 352 4094 καὶ
380 4043 629 4113 ἀληθείᾳ,
683 4042 762 4095 ὧν
796 4040 961 4094 ἆθλον
1011 4040 1046 4108 ἡ
1078 4037 1342 4113 σωτηρία.
1369 4034 1510 4095 Οὐδὲ
1538 4036 1642 4110 γὰρ
1673 4033 1762 4090 διὰ

177 4126 326 4192 καλλος
353 4131 596 4202 σώματος
633 4130 859 4200 ζήσεταί
889 4149 996 4196 τις,
1028 4129 1062 4197 ἢ
1093 4126 1400 4182 τούναντίον
1433 4124 1718 4180 ἀπολεῖται
1745 4144 1757 4158 ·

182 4214 419 4291 ἁλλ’ὁμὶν
444 4225 525 4292 τῷ
573 4217 800 4274 δοθέντι
848 4217 1084 4289 σώματι,
1117 4215 1292 4288 ἀγνῶς
1329 4214 1420 4269 καὶ
1469 4215 1604 4269 κατά
1632 4214 1760 4268 Θεὸν

181 4306 424 4377 λούμενος,
484 4311 713 4378 ζήσεται
752 4324 764 4337 ·
825 4306 853 4360 6
901 4302 959 4359 δὲ
1020 4303 1252 4380 φθείρων
1310 4303 1400 4358 τὸν
1457 4303 1582 4357 ναὸν
1632 4305 1766 4357 Θεοῦ

183 4393 458 4464 ﬂagitant.
509 4398 748 4451 Δύναται
795 4392 854 4448 δὲ
903 4414 987 4456 τις
1013 4392 1106 4447 καὶ
1158 4391 1385 4467 αἰσχρὸς
1410 4389 1767 4464 ἀσελγαίνειν,

182 4481 400 4548 ιιῖιαλὸς
441 4489 776 4562 σωφρονεῖν·
828 4479 970 4539 Οὐδὲ
1015 4479 1176 4556 ΐσχὺς
1224 4479 1313 4534 καὶ
1365 4480 1616 4551 σώματος
1675 4477 1772 4550 μὲ-

185 4581 297 4638 τεοὺς
320 4580 583 4644 ζωοποιεῖ,
618 4571 753 4629 οὐδὲ
780 4576 888 4626 τῶν
925 4567 1108 4644 μελῶν
1141 4566 1292 4624 οὐδὶν
1320 4565 1609 4623 ἀπολλύει·
1645 4564 1772 4622 ἀλλ’

1929 3329 2084 3384 840
2115 3328 2313 3384 XVIII.
2349 3330 2560 3385 Divites
2591 3346 2726 3401 ergo
2769 3331 2871 3402 qui
2920 3330 3157 3387 difficile
3206 3331 3512 3387 intrabunt

1864 3418 1924 3472 in
1977 3433 2222 3489 regnum
2281 3417 2560 3474 ccelorum
2618 3419 2896 3474 subtilius
2927 3436 2993 3474 ac
3018 3419 3240 3475 erudite
3296 3417 3510 3475 intelli-

1865 3507 2061 3578 gendi,
2086 3523 2198 3561 non
2227 3524 2406 3578 pravo
2429 3508 2617 3576 fsensu
2659 3507 3058 3579 rusticiusque
3077 3525 3142 3564 ac
3165 3507 3383 3564 carnali
3415 3507 3511 3562 in-

1868 3595 2123 3652 tellectu.
2150 3600 2274 3650 Non
2303 3596 2459 3650 enim
2494 3597 2568 3650 ita
2596 3597 2816 3652 dictum
2848 3602 2956 3666 est,
2991 3613 3096 3653 nec
3142 3597 3201 3652 in
3251 3599 3336 3653 eis
3381 3613 3509 3668 quas

1867 3685 2007 3740 foris
2056 3690 2196 3739 sunt
2237 3683 2398 3740 salus
2442 3685 2630 3755 posita
2677 3689 2789 3750 est,
2829 3686 2950 3741 sive
3005 3685 3108 3741 illa
3157 3686 3343 3741 multa
3390 3687 3512 3741 sive

1868 3789 2053 3844 pauca
2075 3773 2212 3840 sint,
2237 3772 2355 3828 sive
2387 3791 2557 3844 parva
2593 3775 2714 3828 sive
2745 3790 2978 3846 magna,
3004 3775 3124 3831 sive
3153 3774 3327 3831 laude
3357 3775 3515 3831 clara

1869 3862 1989 3916 sive
2022 3863 2293 3930 obscura,
2325 3862 2447 3917 sive
2505 3863 2747 3934 probata
2795 3864 2916 3918 sive
2964 3865 3244 3936 reproba;
3296 3865 3398 3921 sed
3450 3866 3508 3919 in

1869 3950 2050 4006 animi
2120 3952 2352 4016 virtute,
2414 3951 2546 4016 fide,
2606 3969 2709 4022 spe
2774 3959 2830 4007 et
2895 3953 3200 4024 charitate,
3261 3953 3515 4009 fraterno

1871 4055 2091 4107 amore,
2116 4045 2172 4093 et
2202 4039 2468 4105 scientia,
2501 4045 2557 4094 et
2589 4043 3065 4106 mansuetudine,
3096 4047 3154 4098 et
3205 4043 3515 4109 modestia,

1869 4133 1927 4182 et
1982 4126 2244 4196 veritate,
2292 4145 2542 4198 quorum
2599 4131 2901 4197 praemium
2961 4131 3124 4186 salus
3179 4137 3286 4186 est.
3321 4129 3517 4200 Neque

1871 4215 2027 4270 enim
2064 4214 2212 4270 vivet
2242 4216 2534 4287 quispiam
2569 4220 2722 4288 quod
2759 4217 3002 4289 pulchro
3035 4219 3109 4274 sit
3137 4235 3394 4291 corpore,
3419 4223 3523 4273 aut

1875 4312 2092 4372 contra,
2129 4305 2376 4376 peribit;
2428 4306 2528 4360 sed
2563 4306 2662 4375 qui
2696 4312 2854 4362 caste
2884 4323 3070 4377 exque
3098 4307 3310 4362 divinis
3340 4307 3524 4363 ratio-

1878 4394 2054 4448 nibus
2095 4394 2281 4447 utitur
2323 4409 2599 4472 concesso
2647 4411 2905 4464 corpore,
2940 4395 2989 4449 is
3018 4395 3204 4461 vivet;
3259 4394 3357 4466 qui
3390 4411 3524 4451 vero

1878 4482 1976 4537 Dei
2000 4481 2283 4552 templum
2315 4483 2658 4553 corrumpit,
2684 4483 3055 4552 disperdetur
3075 4483 3375 4552 (d).Potest
3393 4499 3527 4538 vero

1883 4570 2016 4640 quis
2046 4570 2219 4624 etiam
2254 4570 2536 4624 deformis
2567 4570 2869 4640 indulgere
2903 4571 3150 4637 libidini,
3184 4577 3242 4626 et
3271 4572 3371 4642 qui
3405 4571 3531 4644 pul-

187 4657 404 4725 ἧτῡῦτοις
457 4664 617 4737 ψυχὴ
680 4662 947 4737 χρωμένη
1000 4659 1097 4726 τὴν
1149 4657 1324 4734 αἰτίαν
1376 4655 1457 4734 ἐφ’
1516 4655 1755 4729 ἓκατὲραη

1884 4658 2023 4713 cher
2066 4659 2162 4721 sit,
2197 4659 2430 4711 studere
2484 4658 2758 4711 castitati.
2791 4657 2988 4729 Neque
3017 4659 3198 4714 robur
3228 4662 3531 4732 molesque

189 4749 436 4824 πει-ρὲχεται.
467 4752 741 4830 Ὑπόφερε
783 4752 940 4824 γοῦν,
972 4747 1126 4822 φησὶ,
1173 4745 1470 4818 παιόμενος
1497 4745 1561 4800 τὸ
1609 4745 1778 4819 πρόσ-

189 4854 315 4890 πῢν
356 4841 478 4915 ὅπερ
523 4839 756 4896 δύναται
796 4837 887 4892 καὶ
935 4834 1159 4911 ἴσχυρός
1189 4857 1274 4899 τις
1321 4832 1393 4889 ὥν
1425 4833 1512 4889 καὶ
1545 4834 1777 4889 εὐεκτῶν

190 4921 420 4983 lanci-ra:
455 4974 471 4998 ,
545 4929 642 4984 καὶ
719 4925 886 4982 πάλιν
947 4923 1224 4988 ἀσθενικός
1281 4943 1363 4984 τις
1418 4923 1492 4976 ὢν
1533 4920 1782 4996 ⁴ἀκρασίᾳ

188 5014 364 5085 γνώμης
412 5012 768 5092 παραϐῆναι.
832 5014 986 5068 Οὕτω
1040 5013 1130 5068 καὶ
1183 5010 1390 5087 ἄπορός
1451 5031 1532 5072 τις
1578 5011 1642 5065 αὖ
1691 5009 1780 5065 καὶ

192 5093 308 5164 iam
351 5106 583 5179 εὑρεθείη
633 5106 759 5159 ποτ’
804 5101 865 5158 ἃν
907 5102 1118 5176 μεθύων
1149 5106 1269 5164 ταῖς
1324 5098 1659 5172 ἐπιθυμίαις,
1691 5095 1781 5151 καὶ

192 5191 391 5263 χρήμασι
441 5196 746 5264 πλούσιος,
801 5196 987 5269 νήφων
1040 5193 1131 5247 καὶ
1187 5189 1491 5266 πτωχεύων
1542 5185 1782 5258 ἡδονῶν,

189 5281 486 5353 πεπεισμένος
509 5331 524 5354 ,
580 5284 802 5344 συνετὸς
825 5327 844 5354 ,
899 5282 1131 5356 καθαρὸς
1157 5327 1171 5353 ,
1212 5277 1660 5352 κεκολασμένος.
1719 5275 1784 5333 Εἴ

246 5437 298 5499 ’ῐι
327 5438 379 5490 Ρ.
407 5437 512 5492 935
540 5435 663 5493 ED.
692 5433 998 5491 POTTER.

202 5502 256 5572 (tl
282 5504 463 5563 Hatth.
493 5526 550 5579 v,
581 5508 696 5575 39;
729 5507 869 5563 Luc.
899 5523 974 5575 vx,
1003 5501 1111 5571 29';
1133 5501 1196 5560 ’II
1227 5503 1358 5559 Cor.
1391 5517 1468 5570 ιιι,
1499 5501 1590 5557 20.

1076 5432 1153 5505 (α)
1185 5430 1391 5505 Matth.
1416 5428 1595 5505 v1,A2_i
1625 5447 1638 5498 ;
1671 5444 1774 5498 χιι,
1807 5427 1898 5497 35,
1930 5427 2019 5484 34.

1887 4762 1951 4801 ac
1977 4745 2291 4816 proceritas
2313 4746 2570 4815 corporis
2593 4745 2770 4800 vitam
2794 4747 3176 4814 atferuntmec
3200 4751 3532 4804 membrum

1892 4835 2128 4906 aliquod
2163 4835 2262 4888 dat
2294 4833 2648 4904 perniciem;
2701 4835 2801 4890 sed
2863 4851 3097 4891 causam
3132 4837 3189 4891 in
3219 4843 3540 4911 utrumque

1891 4923 2126 4996 praebet,
2162 4939 2288 4994 quae
2341 4923 2433 4978 his
2483 4925 2681 4978 anima
2730 4926 2931 4980 utitur.
2957 4925 3214 4990 Sustine,
3246 4926 3460 4999 inquit,
3491 4927 3542 4984 si

1891 5013 2024 5081 quis
2050 5017 2106 5066 te
2128 5011 2187 5066 in
2214 5012 2417 5066 faciem
2451 5013 2621 5066 caedit
2641 5015 2712 5083 (e)
2739 5030 2754 5077 ;
2804 5013 2896 5066 cui
2930 5018 2986 5068 et
3013 5015 3294 5070 robustus
3325 5022 3382 5071 et
3411 5033 3547 5087 pro-

1894 5116 2068 5171 spera
2099 5105 2269 5156 utens
2303 5099 2636 5156 valetudine
2667 5101 2950 5156 obaudire
2981 5108 3210 5172 potest;
3260 5109 3314 5159 et
3345 5109 3550 5160 contra

1895 5189 2031 5261 quis
2063 5188 2358 5257 infirmus,
2396 5190 2612 5245 mentis
2643 5189 2968 5262 petulantia
2991 5193 3121 5262 ejus
3151 5201 3554 5266 transgressor

1895 5293 2040 5334 esse.
2070 5277 2165 5333 Sic
2197 5285 2249 5333 et
2287 5294 2493 5333 rursus
2537 5293 2755 5349 egenus
2800 5279 3040 5351 quidam
3074 5285 3130 5335 et
3161 5281 3350 5352 inops,
3385 5281 3550 5354 cupi-

2097 5427 2174 5500 (b)
2209 5427 2412 5486 Matth.
2433 5431 2561 5500 v,3.
2638 5431 2710 5504 (c)
2743 5431 2966 5488 Ibid.6.

3044 5432 3122 5505 (ά)
3155 5432 3174 5488 Ι
3207 5432 3333 5488 Cor.
3356 5448 3440 5503 ιιι,
3465 5432 3553 5490 17.

255 5668 348 5740 (23}
375 5641 801 5749 Μαθημᾷτικῶς.
833 5672 1001 5733 Forte
1027 5671 1430 5745 πνευματικῶς,
1455 5670 1559 5728 aut
1589 5662 1755 5741 μεμελ

1864 5662 2012 5724 Ενῶς.
2042 5664 2206 5727 FBLL.
