4006 6200
473 359 580 414 623

1686 361 2098 418 CLEMENTIS
2135 361 2640 416 ALEXANDRINI
3773 364 3862 423 624

471 482 759 541 ditatibus
784 482 981 540 ebrius
1010 483 1318 554 exstiterit,
1351 483 1571 557 quique
1616 485 1853 556 divitiis,
1887 485 2112 551 afﬂuat,

2234 478 2412 536 τοίνυν
2465 479 2576 537 ἐστὶ
2630 482 2693 536 τὸ
2753 481 3052 556 ζησόμενον
3117 481 3356 556 μάλιστα
3405 483 3499 541 καὶ
3567 489 3784 562 πρῶτον
3834 492 3862 560 ἠ

471 572 704 628 sobrius
733 580 790 629 et
817 588 1039 645 egenus
1067 572 1430 644 voluptatum
1462 591 1481 631 :
1515 589 1726 648 nempe
1753 573 2114 646 obsequendi

473 661 694 730 animo,
739 662 1004 732 sedulus,
1032 663 1326 729 cordatus,
1364 663 1644 734 mundus,
1677 664 2022 737 castigatus.
2057 661 2123 718 Si

472 749 656 823 igitur
675 752 831 822 quod
855 751 1230 823 potissimum
1255 751 1631 824 primumque
1651 752 1831 810 vitam
1853 756 1944 808 est
1964 751 2124 808 habi-

474 843 697 907 turum,
727 839 920 896 anima
969 848 1076 905 est,
1127 840 1296 912 eique
1343 841 1522 898 vitam
1569 846 1828 914 praestat,
1861 857 1989 915 qua
2038 839 2124 896 illi

474 928 662 986 virtus
693 929 857 1000 quasi
908 929 1249 987 adnascitur
1294 935 1470 1003 atque
1520 949 1717 990 comes
1769 936 1878 1002 est,
1914 931 2124 989 vitium

478 1022 670 1073 autem
705 1018 883 1074 vitam
917 1018 1188 1090 perimit;
1228 1024 1428 1092 aperte
1475 1024 1726 1092 constat,
1756 1021 1947 1094 ipsam
1997 1023 2126 1077 tum

473 1122 678 1163 eorum
709 1122 952 1179 egenam
988 1125 1113 1179 quas
1163 1108 1296 1179 quis
1344 1108 1566 1167 divitiis
1597 1109 1931 1181 labefactat,
1964 1109 2124 1166 inoo-

473 1195 701 1252 lumem
726 1195 1006 1264 fore;tum
1028 1196 1102 1252 iis
1123 1196 1468 1254 afﬂuentem
1494 1215 1623 1271 quas
1645 1216 1714 1256 ex
1735 1197 1958 1255 divitiis
1989 1213 2126 1270 pro-

474 1284 617 1340 olive
638 1283 989 1353 inolescunt,
1013 1286 1250 1343 interitu
1277 1289 1674 1358 mergendam.
1697 1291 1813 1344 Nec
1837 1288 1964 1359 jam
1985 1284 2126 1342 alibi

2231 568 2411 643 ψυχὴ,
2457 569 2548 623 καὶ
2596 568 2721 646 περὶ
2763 569 2965 641 ταύτην
3015 570 3182 647 ἀρετὴ
3238 572 3336 646 μὶν
3391 572 3640 648 φυομένη
3698 577 3865 651 σώζει,

2230 655 2392 712 κακία
2449 655 2508 713 δὲ
2555 663 2795 722 θανατοῖ’
2849 656 3020 730 δῆλον
3053 657 3165 732 ἤδη
3198 665 3404 740 σαφῶς,
3461 663 3545 719 δτι
3602 663 3739 736 αὗτή
3789 668 3866 722 καὶ

2233 747 2594 822 πτωχεύουσα
2643 751 2719 806 ὧν
2768 747 2828 804 ἃν
2858 771 2944 813 τις
2995 750 3099 808 ὑπὸ
3145 749 3390 808 πλούτου
3421 755 3535 826 (27)
3566 751 3868 834 διαφθείρει,

2235 835 2488 906 σώζεται,
2520 837 2611 893 καὶ
2641 835 2955 894 πλουτοῦσα
2982 839 3216 909 τούτων,
3265 841 3338 896 ὧν
3387 839 3659 919 ἐπιτρίϐει
3713 844 3870 901 πλοῦ-

2231 945 2348 994 τος,
2384 929 2724 990 θανατοῦται.
2777 926 2881 986 Καὶ
2944 928 3138 1001 μηκέτι
3186 934 3440 1004 ζητῶμεν
3474 927 3730 1008 ἀλλαχοῦ
3782 936 3867 1005 τὴν

2234 1013 2409 1076 αἰτίαν
2439 1019 2537 1071 τοῦ
2583 1015 2781 1079 τέλους
2827 1016 2973 1086 πλὴν
3009 1016 3061 1072 έν
3101 1021 3171 1093 τῇ
3199 1025 3302 1090 τῆς
3331 1021 3520 1095 ψυχῆς
3561 1022 3868 1078 καταστάσει

2233 1103 2327 1158 καὶ
2383 1100 2612 1161 διαθέσει
2671 1103 2810 1182 πρός
2854 1126 2913 1161 τε
2962 1106 3062 1179 τήν
3119 1107 3363 1178 ὑπακοὴν
3408 1112 3544 1164 Θεοῦ
3581 1108 3670 1164 καὶ
3719 1122 3869 1176 καθα·

2237 1192 2462 1268 ρότητα,
2506 1195 2647 1270 πρός
2692 1215 2752 1250 τε
2799 1190 3101 1271 παράϐασιν
3135 1195 3374 1254 ἐντολῶν
3401 1197 3491 1254 καὶ
3534 1197 3722 1262 κακίας
3751 1198 3870 1256 συ).⁴

2241 1280 2435 1357 λογήν.

473 1392 653 1449 quam
685 1375 744 1430 in
775 1375 984 1431 animae
1017 1374 1145 1447 ipso
1176 1379 1337 1433 statu
1369 1380 1425 1432 et
1457 1377 1783 1448 aﬂ'ectione,
1816 1381 1881 1433 ut
1928 1378 2043 1433 Deo
2084 1375 2446 1447 obsequatur
2493 1376 2892 1448 mundamque
2939 1392 3003 1432 se
3046 1376 3321 1449 prebeat,
3371 1376 3449 1434 et'
3473 1382 3540 1433 ut
3589 1382 3873 1453 transgre-

472 1465 684 1520 diendo
719 1464 1014 1530 mandata,
1045 1464 1250 1520 vitium
1283 1482 1350 1520 ac
1380 1465 1668 1522 malitiam
1698 1465 1956 1539 colligat,
1987 1479 2228 1521 causam
2260 1479 2596 1535 quaeramus
2627 1481 2733 1520 cur
2761 1462 2883 1520 haec
2917 1464 2999 1520 ita
3029 1465 3306 1537 utrinque
3333 1469 3622 1523 eveniant.

542 1553 680 1610 XIX.
714 1552 862 1610 Vere
892 1552 1071 1626 igitur
1099 1554 1397 1625 probeque
1428 1555 1592 1614 dives
1640 1559 1730 1612 est
1779 1555 1904 1627 qui,
1939 1555 2122 1610 fretus

471 1641 790 1698 virtutibus
817 1645 901 1698 est
926 1647 983 1698 et
1016 1641 1218 1712 quavis
1252 1643 1487 1699 fortuna
1517 1647 1720 1700 sancte
1763 1647 1822 1700 et
1873 1643 1985 1698 ﬁde
2036 1640 2122 1697 uti

474 1738 672 1806 potest
701 1749 715 1787 :
747 1731 893 1788 falso
923 1737 1118 1788 autem
1150 1733 1332 1802 dives,
1362 1734 1465 1805 qui
1497 1750 1671 1792 carne
1703 1733 1864 1790 dives
1896 1736 2005 1802 est,
2039 1732 2122 1788 vi-

475 1827 717 1894 tamque
759 1820 1061 1878 transtulit
1085 1823 1160 1879 ad
1191 1822 1538 1880 exteriorem
1571 1824 1962 1880 substantiam
1996 1838 2122 1894 qua

2304 1554 2402 1608 ῙΘ’.
2454 1552 2515 1609 Ὀ
2567 1551 2659 1625 μὶν
2714 1549 2818 1625 ἄρα
2859 1549 3086 1623 ἀληθῶς
3133 1554 3221 1608 καὶ
3267 1552 3456 1617 καλῶς
3492 1553 3633 1610 ἐστιν
3691 1555 3722 1611 ὀ
3776 1561 3874 1612 τῶν

2231 1640 2436 1716 ἀρετῶν
2493 1639 2780 1711 πλούσιος,
2810 1642 2902 1696 καὶ
2953 1643 3100 1717 πάσῃ
3139 1641 3284 1719 τύχη
3312 1645 3552 1718 χρῆσθαι
3579 1643 3747 1709 ὁσίως
3793 1646 3873 1702 καὶ

2231 1733 2438 1792 πιστῶς
2469 1727 2788 1804 δυνάμενος·
2819 1731 2848 1785 6
2881 1727 2940 1786 δὲ
2965 1729 3142 1796 νόθως
3169 1730 3461 1801 πλούσιος,
3495 1735 3524 1789 6
3551 1734 3688 1790 κατά
3718 1734 3876 1811 σάρκα

2235 1817 2522 1890 πλούσιος,
2571 1820 2664 1875 καὶ
2691 1821 2791 1892 τήν
2823 1821 2968 1891 ζωήν
3001 1819 3076 1884 εἰς
3098 1823 3198 1893 τὴν
3227 1821 3329 1894 ἔξω
3356 1826 3548 1890 κτῆσιν
3593 1845 3874 1898 μετενηνο-

473 1910 732 1985 prseterit
788 1916 964 1982 atque
1018 1911 1236 1981 interit,
1287 1929 1353 1968 ac
1407 1914 1762 1985 quandoque
1791 1913 1851 1968 in
1882 1911 2118 1971 alterius

2235 1909 2353 1984 χὼς
2379 1911 2478 1980 τὴν
2511 1910 2935 1986 παρερχομένην
2985 1911 3074 1966 καὶ
3128 1912 3514 1990 φθειρομένην,
3563 1913 3651 1969 καῖ
3685 1911 3880 1971 ἄλλοτε

474 2017 719 2058 censum
768 2000 1002 2066 transit,
1045 2005 1103 2057 et
1157 2001 1232 2057 ad
1288 2005 1614 2057 extremum
1676 2001 1898 2059 nullius
1957 2000 2118 2073 plane

2237 1994 2416 2053 ἄλλου
2437 1997 2755 2074 γινομένην,
2778 1999 2868 2054 καὶ
2899 1997 2952 2054 έν
2980 2002 3060 2073 τῷ
3077 1986 3222 2056 τέλει
3253 1997 3488 2074 μηδενὸς
3514 1999 3879 2076 μηδαμῆᾸΙά-

472 2090 725 2146 exsistit.
780 2090 844 2154 »ἒ
893 2093 1118 2147 Rursus
1171 2092 1372 2146 eadem
1424 2091 1650 2147 ratione
1695 2098 1779 2147 est
1840 2096 1898 2146 et
1949 2106 2118 2146 verus

472 2196 715 2252 pauper,
743 2183 800 2235 et
845 2179 1085 2251 spurius
1114 2177 1268 2236 alius
1295 2178 1545 2252 falsique
1594 2179 1850 2237 nominis
1897 2195 2122 2253 pauper

472 2259 702 2325 exsistit
743 2285 756 2322 :
800 2285 1047 2340 quorum
1082 2284 1293 2341 nempe
1321 2268 1474 2325 alius
1505 2285 1726 2342 pauper
1770 2270 1981 2342 spiritu
2031 2269 2117 2341 ﬁt,

472 2358 625 2430 quod
647 2361 737 2414 est
758 2357 1082 2430 proprium,
1109 2357 1260 2414 alius
1291 2357 1556 2414 saeculari
1590 2360 1769 2426 fastu,
1791 2361 1945 2431 quod
1979 2358 2116 2415 alie-

471 2465 636 2504 num.
661 2447 862 2504 Mundi
885 2447 1066 2520 igitur
1088 2448 1236 2504 fastu
1263 2448 1527 2521 pauperi,
1557 2465 1622 2504 ac
1651 2449 1748 2520 qui
1779 2449 1941 2506 dives
1963 2449 2118 2506 vitiis

469 2540 689 2606 sit,non
715 2537 816 2610 qui
838 2537 1049 2610 spiritu
1073 2545 1384 2609 pauper,et
1403 2538 1728 2593 secundum
1755 2543 1933 2593 Deum
1956 2536 2116 2593 dives

471 2626 1101 2697 exsistat,Recede,ait,
1126 2626 1196 2682 ab
1219 2626 1330 2696 his,
1355 2643 1503 2699 quas
1524 2625 1584 2682 in
1608 2625 1805 2682 animo
1827 2625 2118 2699 possides,

471 2715 680 2772 alienis
710 2715 1185 2784 facultatibus,ut
1207 2715 1426 2771 mundo
1448 2717 1622 2772 corde
1644 2716 1896 2773 evadens
1918 2716 2118 2773 videas

473 2809 656 2861 Deum
681 2822 696 2874 ;
728 2805 884 2878 quod
917 2809 974 2860 et
1002 2803 1118 2860 alia
1153 2804 1458 2860 verborum
1491 2805 1676 2861 forma
1703 2809 1815 2871 est,
1839 2810 1904 2860 ut
1933 2805 2116 2860 intres

469 2894 529 2950 in
553 2910 798 2968 regnum
831 2893 1131 2950 caelorum.
1157 2894 1422 2960 Quonam
1443 2910 1577 2951 vero
1609 2894 1782 2950 modo
1803 2894 1877 2949 ab
1905 2894 1991 2950 eis
2023 2909 2116 2948 re-

468 2983 766 3040 cesseris?
813 2983 1151 3040 Vendendo.
1185 2981 1330 3046 Quid
1363 2982 1547 3053 ergo?
1592 2984 1675 3037 Ita
1726 2982 2004 3038 nimirum
2054 2987 2118 3038 ut

467 3073 820 3145 praediorum
855 3072 1041 3145 pretio
1073 3072 1381 3145 pecuniam
1413 3071 1702 3142 recipias?
1721 3075 1944 3143 Nempe
1977 3089 2117 3143 opes

463 3162 678 3233 Opibus
698 3160 1388 3220 commutando.conﬂata
1413 3177 1542 3232 qua
1564 3160 1622 3215 in
1646 3160 1848 3217 oculos
1869 3161 2119 3218 incurrit

467 3250 837 3307 substantia?
857 3251 1258 3322 Nequaquam.
1282 3251 1390 3305 Sed
1414 3251 1495 3304 ita
1515 3253 1576 3304 ut
1594 3249 1720 3306 loco
1742 3267 1965 3320 earum,
1989 3267 2115 3322 quis

2226 2083 2313 2141 λιν
2346 2087 2410 2141 αὗ
2439 2088 2527 2144 καὶ
2561 2088 2698 2144 κατὰ
2724 2088 2817 2144 τὸν
2849 2088 3011 2144 αὐτὸν
3029 2089 3232 2163 τρόπον
3264 2089 3360 2145 καὶ
3377 2093 3598 2167 γνήσιος
3626 2094 3876 2168 πτωχὸς,

2224 2175 2315 2231 καὶ
2346 2175 2506 2241 νόθος
2538 2175 2712 2240 ἄλλος
2739 2178 2967 2253 πτωχὸς
3013 2179 3104 2234 καὶ
3134 2176 3518 2254 ψευδώνυμος·
3561 2180 3591 2235 6
3621 2182 3719 2254 μὲν
3751 2183 3880 2236 κατά

2223 2272 2438 2342 πνεῦμα
2467 2268 2715 2344 πτωχὸς,
2745 2269 2809 2324 τὸ
2851 2267 3014 2341 ἴδιον,
3047 2271 3076 2325 6
3125 2267 3182 2326 δὶ
3226 2271 3366 2326 κατὰ
3407 2272 3640 2345 κόσμον,
3688 2271 3755 2327 τὸ
3783 2271 3876 2328 ἀλ-

2224 2357 2469 2432 λότριον.
2506 2360 2600 2429 Τῷ
2649 2356 2717 2426 δὴ
2773 2357 2912 2414 κατά
2959 2356 3164 2432 κόσμον
3212 2363 3427 2435 πτωχῷ
3483 2359 3573 2414 καὶ
3629 2357 3881 2432 πλουσίῳ

2222 2447 2358 2501 κατά
2387 2447 2456 2500 τὰ
2482 2445 2654 2516 πάθη,
2685 2447 2714 2501 6
2745 2449 2857 2520 (27)
2879 2447 3016 2502 κατὰ
3041 2451 3258 2522 πνεῦμα
3281 2449 3347 2504 οὐ
3378 2449 3606 2526 πτωχὸς
3625 2449 3721 2504 καὶ
3752 2448 3881 2504 κατά

2223 2533 2350 2589 Θεὸν
2384 2531 2674 2604 πλούσιος,
2702 2534 3028 2608 ’Δπόστηθι,
3053 2536 3210 2613 φησὶ,
3257 2540 3366 2591 τῶν
3411 2538 3779 2613 ὑπαρχόντων
3826 2536 3880 2592 έν

2221 2624 2292 2696 τῇ
2337 2626 2516 2700 ψυχῇ,
2546 2644 2643 2679 σου
2670 2623 2964 2698 κτημάτων
2987 2622 3322 2698 ἀλλοτρίων,
3368 2624 3482 2698 ἵνα,
3529 2627 3769 2701 καθαρὸς
3818 2629 3884 2700 τῇ

2222 2709 2417 2787 καρδίᾳ
2464 2712 2778 2788 γενόμενος,
2826 2711 2952 2789 ἴδῃς
2995 2715 3087 2769 τὸν
3117 2714 3269 2770 Θεόν·
3311 2716 3446 2792 ὅπερ
3478 2715 3569 2771 καὶ
3599 2713 3668 2770 δι’
3705 2716 3886 2787 ἑτέρας

2225 2810 2410 2879 φωνῆς
2442 2801 2604 2874 ἐστιν,
2637 2801 2901 2867 εἰσελθεῖν
2932 2803 3009 2868 εἷς
3053 2805 3153 2874 τήν
3211 2805 3493 2881 βασιλείαν
3540 2809 3648 2860 τῶν
3708 2806 3882 2880 οὖρα-

2223 2895 2352 2949 νῶν.
2394 2892 2491 2946 Καὶ
2539 2896 2658 2954 πῶς
2707 2891 2884 2948 αὐτῶν
2932 2892 3210 2968 ἀποστῇςς
3262 2893 3553 2966 Πωλήσας.
3612 2893 3682 2950 Τί
3739 2894 3881 2962 οὗνς

2225 2983 2488 3057 χρήματα
2543 2980 2664 3036 ἀντὶ
2711 2982 3007 3054 κτημάτων
3068 2977 3260 3057 λάϐῃς,
3321 2981 3591 3038 ἀντίδοσιν
3624 2981 3878 3039 πλούτου

2224 3069 2775 3146 προσποιησάμενος,
2827 3067 3173 3147 ἐξαργυρίσας
3221 3072 3324 3141 τήν
3375 3072 3600 3151 φανερὰν
3651 3070 3878 3140 οὗσίαν;

2223 3156 2518 3232 υύδαμῶς.
2561 3156 2739 3216 Ἀλλὰ
2783 3157 2901 3213 ἀντὶ
2945 3159 3053 3214 τῶν
3113 3161 3394 3237 προτέρων
3450 3159 3874 3236 ἐνυπᾶρχόντων

2223 3251 2293 3321 τῇ
2347 3249 2616 3322 ψυχῇ;,ἣν
2681 3251 2851 3301 σῶσαι
2908 3249 3116 3316 ποθεῖς,
3175 3247 3624 3324 ἀντεισαγόμενος
3680 3245 3878 3326 ἕτερον

467 3337 664 3395 animo
691 3344 824 3394 ante
854 3339 1104 3406 inerant,
1129 3355 1302 3410 quem
1334 3355 1462 3394 esse
1490 3337 1716 3394 salvum
1751 3338 1939 3410 cupis,
1963 3339 2107 3396 alias

2233 3335 2459 3393 πλοῦτον
2516 3335 2768 3401 θεοποιὸν
2815 3335 2907 3390 καὶ
2967 3338 3110 3406 ζωῆς
3163 3338 3412 3412 χορηγὸν
3469 3335 3720 3402 αἰωνίου,
3787 3337 3885 3399 τάς

469 3427 703 3484 divitias
733 3427 968 3483 deiﬁcas
986 3427 1238 3499 vitasque
1265 3431 1490 3482 eterna
1523 3429 1781 3499 pararias
1809 3429 1902 3500 (ex
1933 3429 2117 3485 divini

469 3515 693 3573 scilicet
723 3516 948 3572 ratione
978 3516 1240 3571 mandati
1271 3521 1573 3572 consertos
1620 3516 1802 3572 animi
1853 3516 2117 3590 affectus)

470 3605 727 3674 inferas;
778 3621 882 3677 pro
934 3605 1149 3676 quibus
1179 3604 1290 3660 erit
1313 3605 1419 3661 tibi
1454 3621 1673 3661 merces
1703 3621 1770 3660 ac
1801 3613 2118 3676 perpetuus

472 3695 660 3751 honor
678 3699 736 3751 et
754 3693 917 3750 salus
948 3700 1277 3766 eternaque
1309 3693 1692 3766 incorruptio.
1718 3695 1781 3749 In
1811 3693 1968 3750 hunc
1998 3711 2119 3752 mo-

469 3785 610 3841 dum
631 3788 786 3840 recte
807 3783 1010 3839 vendis
1033 3799 1161 3854 quis
1183 3782 1472 3855 possides,
1497 3781 1684 3839 multa
1712 3781 1816 3839 illa
1835 3787 1893 3838 et
1911 3799 2115 3855 super-

467 3871 608 3939 ﬂua,
639 3877 697 3929 et
725 3889 852 3944 quae
881 3872 988 3927 tibi
1020 3870 1232 3928 caelum
1266 3871 1606 3942 occludunt,
1640 3887 1774 3928 cum
1807 3871 1925 3928 illis
1955 3889 2114 3929 com-

466 3966 725 4028 mutans,
746 3977 876 4033 qum
907 3960 1158 4017 salutem
1191 3960 1397 4016 afferre
1425 3960 1671 4033 possint.
1710 3961 1814 4016 Illa
1864 3961 2117 4018 habeant

463 4050 681 4107 carnali
714 4051 830 4106 ritu
864 4066 1152 4123 pauperes
1173 4054 1229 4105 et
1259 4049 1359 4120 qui
1391 4049 1484 4104 his
1515 4049 1852 4120 indigeant:
1887 4054 1950 4105 tu
1980 4067 2114 4107 vero

460 4139 827 4213 spiritalibus
850 4155 1052 4196 eorum
1073 4138 1200 4194 loco
1223 4137 1466 4209 receptis
1497 4138 1742 4204 divitiis,
1763 4138 2110 4197 thesaurum

458 4229 519 4285 in
554 4228 716 4285 caelis
747 4228 991 4285 habeas.

527 4318 650 4375 XX.
672 4322 808 4374 Hec
831 4333 934 4390 per
963 4315 1368 4388 metaphoram
1401 4314 1558 4372 dicta
1605 4332 1722 4373 non
1775 4316 2111 4391 intelligens

2229 3427 2365 3481 κατὰ
2408 3425 2506 3494 τήν
2557 3423 2783 3494 ἐντολὴν
2833 3427 2928 3480 τοῦ
2959 3429 3094 3481 Θεοῦ
3151 3422 3437 3489 διαθέσεις·
3486 3426 3600 3490 ἀνθ’
3654 3426 3736 3482 ὧν
3799 3445 3890 3481 σοι

2225 3512 2501 3587 περιέσται
2553 3513 2744 3587 μισθὸς
2795 3514 2886 3568 καὶ
2934 3515 3073 3583 τιμὴ
3131 3511 3409 3586 διηνεκὴς,
3467 3513 3558 3570 καὶ
3607 3514 3890 3590 σωτηρία⁹

2224 3602 2315 3658 καί
2345 3603 2566 3664 αἰώνιος
2595 3601 2883 3676 ἀφθαρσία.
2916 3599 3075 3660 Οὕτω
3121 3599 3307 3665 καλῶς
3339 3601 3546 3665 πωλεῖς
3595 3603 3662 3657 τὰ
3717 3602 3892 3678 ὑπάρ-

2226 3711 2419 3768 χοντα,
2449 3692 2517 3747 τὰ
2559 3689 2746 3747 πολλά
2785 3691 2877 3746 καὶ
2924 3693 3174 3767 περισσὰ,
3232 3691 3323 3747 καὶ
3371 3690 3739 3748 ἀποκλείοντά
3800 3712 3888 3746 σοι

2222 3780 2353 3843 τοὺς
2405 3778 2688 3856 οὐρανοὺς,
2747 3777 3390 3855 ἀντικαταλλασσόμενος
3434 3781 3611 3836 αὐτῶν
3647 3782 3721 3836 τὰ
3772 3785 3890 3836 σῶ-

2224 3889 2310 3924 σαι
2343 3866 2636 3942 δυνάμενα.
2678 3869 2890 3925 Ἐκεῖνα
2924 3866 3196 3945 ἐχέτωσαν
3249 3869 3302 3924 οἱ
3359 3869 3606 3944 σαρκικοί
3652 3869 3890 3944 πτωχοὶ

2223 3959 2314 4014 καὶ
2358 3959 2568 4015 τούτων
2615 3956 2886 4032 δεόμενοι·
2930 3958 2993 4014 σὺ
3043 3956 3102 4014 δὲ
3147 3959 3240 4014 τὸν
3270 3959 3635 4033 πνευματικὸν
3698 3957 3888 4015 πλοῦ-

2219 4069 2314 4104 τοε
2381 4042 2690 4105 ἀντιλαϐὼν
2755 4041 2910 4123 ἔχοις
2969 4047 3033 4102 ἃν
3088 4045 3200 4120 ἤδη
3261 4046 3536 4126 θησαυρόν
3593 4045 3644 4103 ἰν
3709 4047 3889 4123 οὖρα-

2221 4157 2360 4194 νοις.

2295 4317 2367 4372 Κ’.
2418 4317 2599 4372 Ταῦτα
2634 4313 2709 4388 μὴ
2742 4313 2941 4376 συνιεὶς
2986 4314 3122 4369 κατά
3149 4313 3378 4390 τρόπον,
3424 4315 3454 4371 6
3497 4313 3894 4391 πολυχρήμα-

455 4406 553 4464 ille
576 4406 780 4463 multis
802 4404 1068 4478 pecuniis
1090 4403 1352 4477 locuples
1373 4409 1431 4461 et
1449 4405 1623 4461 homo
1645 4405 1849 4479 legalis
1872 4426 1886 4475 ;
1924 4422 2112 4479 neque

2233 4425 2312 4468 τος
2359 4403 2449 4459 καὶ
2495 4401 2722 4476 ἔννομος
2777 4399 3089 4478 ἄνθρωπος,
3141 4399 3284 4476 μηδὶ
3333 4401 3483 4466 ὅπως
3516 4403 3545 4458 6
3574 4403 3740 4466 αὐτὸς
3796 4405 3897 4460 καὶ

454 4502 521 4552 ut
571 4495 756 4568 possit
793 4495 950 4552 idem
997 4499 1054 4549 et
1103 4509 1325 4566 pauper
1351 4509 1482 4550 esse
1512 4497 1568 4549 et
1599 4494 1782 4564 dives,
1812 4503 1866 4550 et
1899 4495 2112 4553 habere

2233 4494 2444 4570 πτωχὸς
2492 4489 2714 4546 δύναται
2769 4491 2899 4546 εἶναι
2957 4489 3048 4546 καὶ
3105 4488 3395 4558 πλούσιος,
3453 4492 3546 4548 καὶ
3601 4487 3756 4568 ἔχειν
3821 4493 3898 4548 τὰ

454 4585 732 4657 pecunias
761 4590 818 4641 et
844 4601 959 4640 non
1009 4583 1243 4652 habere,
1271 4599 1497 4639 necnon
1529 4583 1615 4639 uti
1667 4584 1879 4640 saeculo
1903 4589 1962 4640 et
1993 4602 2106 4641 non

2233 4585 2483 4660 χρήματα
2532 4579 2623 4635 καὶ
2677 4581 2753 4653 μὴ
2815 4574 2987 4655 ἔχειν,
3037 4579 3128 4634 καὶ
3177 4583 3417 4657 χρῆσθαι
3444 4581 3529 4653 τῷ
3559 4582 3761 4655 κόσμῳ
3792 4583 3894 4638 καὶ

451 4676 559 4743 uti,
588 4675 732 4730 abiit
759 4673 946 4730 tristis
968 4677 1025 4729 et
1046 4688 1321 4744 mmrens,
1347 4672 1543 4729 relicta
1561 4672 1696 4728 vitae
1720 4678 1896 4741 sorte,
1922 4691 2100 4746 quam

2233 4672 2300 4743 ιιή
2359 4671 2620 4746 χρῆσθαι,
2674 4665 2888 4738 ἀπῆλθε
2944 4667 3171 4743 στυγνὸς
3225 4669 3312 4724 καὶ
3373 4671 3647 4748 κατηφὴς,
3690 4667 3893 4726 λιπὼν

2260 4767 2272 4781 .
2377 4780 2388 4781 ,
2421 4759 2514 4781 ιηΔ
2580 4759 2679 4781 -εο-
2747 4761 2892 4781 Lg-
2947 4758 3013 4781 ειν-
3046 4755 3324 4781 ι--Δ-.---εν..
3584 4756 3708 4781 υ..
3747 4759 3836 4781 ,ιε
3875 4757 3893 4781 ς

449 4761 822 4818 solummodo
851 4777 1086 4833 cupere,
1118 4777 1186 4817 ac
1235 4777 1348 4816 non
1395 4760 1572 4818 etiam
1601 4763 1834 4836 assequi
1871 4763 2099 4834 potuit;

2233 4767 2314 4829 εήν
2371 4759 2517 4829 τάξιν
2577 4759 2680 4822 τῆς
2747 4761 2917 4828 ζωῆς,
2946 4758 3014 4826 ἧς
3043 4755 3325 4830 ἐπιθυμεῖν
3359 4758 3548 4832 μόνον,
3578 4756 3708 4813 ἀλλ’
3739 4757 3897 4835 οὐχὶ

451 4849 552 4922 qui
585 4850 696 4906 sibi
728 4850 1006 4906 nimirum
1054 4851 1208 4922 quod
1257 4850 1510 4906 arduum
1559 4856 1706 4920 erat,
1737 4851 2107 4924 impossibile

2233 4850 2303 4905 ιαὶ
2354 4852 2545 4923 τυχεῖν
2591 4842 2851 4916 ἠδύνατο,
2893 4845 2958 4900 τὸ
3004 4843 3270 4901 δύσκολον
3319 4847 3557 4918 ποιήσας
3603 4843 3893 4902 ἀδύνατον

448 4939 1059 4994 reddiderit.Arduum
1083 4953 1337 5010 namque
1356 4953 1423 4994 ac
1445 4938 1684 4994 difﬁcile
1707 4955 1823 4995 non
1847 4940 2106 4996 circum-

2233 4937 2377 4999 ὠτὸς
2409 4937 2604 5007 ἑαυτῷ.
2639 4933 2914 4990 Δόσκολον
2939 4934 3042 5010 γὰρ
3089 4935 3157 5004 ἦν
3193 4936 3270 5009 μὴ
3318 4935 3691 5012 περιάγεσθαι,
3730 4933 3900 5009 μηδι

447 5027 582 5082 duci
615 5027 882 5083 animum
913 5031 970 5083 et
991 5026 1355 5094 labefactari,
1391 5026 1760 5083 afﬂuentium
1813 5029 2103 5086 bonorum

2233 5024 2672 5104 ιαταστρέιρεσθαι
2757 5025 2855 5093 τήν
2927 5025 3113 5100 ψυχὴν
3193 5026 3299 5080 ἀπὸ
3371 5029 3480 5080 τῶν
3553 5021 3902 5099 προσόντων

445 5115 768 5188 ﬂoridaque
795 5116 988 5188 specie
1009 5115 1305 5188 prmstigio
1329 5131 1504 5188 prope
1528 5115 1937 5189 obrepentium
1961 5134 2104 5174 con-

2233 5113 2398 5194 ίϐρῶν
2455 5119 2536 5188 τῷ
2588 5110 2860 5188 προδήλῳ
2899 5111 3129 5186 πλούτῳ
3157 5114 3244 5168 καὶ
3293 5113 3538 5188 ἀνθηρῶν
3562 5114 3903 5190 τοητευμά-

442 5206 648 5277 spicuo
682 5221 862 5262 censu
894 5221 960 5261 ac
991 5204 1252 5272 divitiis;
1304 5221 1418 5260 non
1477 5209 1677 5261 tamen
1733 5205 2103 5278 impossibile

2233 5224 2339 5263 :wv'
2389 5203 2488 5260 οὐκ
2536 5199 2797 5258 ἀδύνατον
2851 5199 2911 5257 δὲ
2955 5201 3044 5258 καὶ
3094 5202 3146 5257 ἐν
3173 5203 3354 5276 τούτῳ
3385 5198 3645 5259 λαϐέσθαι
3687 5222 3902 5276 σωτη-

441 5311 575 5351 cum
608 5294 702 5351 his
731 5297 912 5352 etiam
945 5293 1207 5350 nancisci
1238 5293 1512 5360 salutem,
1537 5294 1588 5350 si
1613 5294 1749 5365 quis
1774 5296 1846 5351 ab
1869 5295 1944 5352 iis
1969 5298 2100 5370 opi-

2233 5297 2356 5366 ›ίας,
2416 5293 2467 5350 εἴ
2510 5312 2594 5354 τις
2645 5291 2829 5347 δαυτὸν
2883 5291 2991 5348 ἀπὸ
3037 5295 3136 5347 τοῦ
3167 5290 3431 5362 αἰσθητοῦ
3474 5291 3719 5348 πλούτου
3795 5292 3907 5368 ἔστι

513 5429 577 5492 ,ις
609 5423 673 5474 Ρ.
704 5420 811 5476 936
838 5419 958 5477 ΕΙ).
991 5416 1287 5476 ΡΟἸνΓΕΒ.

509 5540 926 5616 (2Ἱ)Πλο6του.
957 5540 1165 5597 Τούτου
1198 5561 1310 5600 ms.
1347 5544 1515 5616 FsLL.
1582 5614 1590 5616 _
1759 5613 1781 5616 __
1855 5615 1860 5616 ί

2233 5565 2300 5603 .n.
2339 5543 2498 5613 1832,
2535 5541 2894 5616 particulam
2927 5538 2988 5595 οὐ
3023 5539 3376 5616 repudiavit,
3409 5542 3493 5599 ita
3545 5545 3614 5616 ut
3671 5540 3698 5595 6
3734 5545 3907 5600 κατὰ

506 5612 648 5700 (27:)
689 5616 869 5700 νει-ιιι
896 5615 1188 5700 interpres
1239 5614 1722 5700 .quasi‘g‘legisset
1751 5613 2090 5700 8c_(subau-

2233 5616 2426 5700 πνειξμα.
2461 5612 2708 5700 πτωχὸς.
2734 5612 2907 5700 irai-3t.
3024 5612 3112 5700 1!.—
3130 5613 3289 5700 verbi
3321 5613 3653 5687 sequuntis,
3703 5617 3897 5691 φησι,

439 5684 654 5747 diendo
693 5685 850 5762 tm).
909 5684 1186 5761 Klotiius,
1236 5684 1297 5746 in
1355 5684 1611 5744 editione
1653 5701 1763 5744 sua
1813 5684 2090 5762 Lipsiana
2179 5684 2541 5762 .subjectum
2568 5684 2796 5746 evadat.
2828 5685 2991 5747 Enn.
3022 5684 3272 5746 Panos.
