4006 6200
225 327 346 387 6%

1383 326 1598 384 LIBER
1633 327 1804 392 QUIB
1842 327 2062 382 DIVBS
2095 328 2500 385 BALVETUR.

3535 331 3644 386 ϐω

221 457 319 512 τὸν
365 452 560 524 νοητὸν
619 454 714 509 καὶ
770 449 1117 518 θεοδίδακτον
1174 449 1490 526 μεταγάγοι,
1549 451 1641 505 καὶ
1714 449 1876 524 μάθοι

1991 452 2102 508 bus
2134 469 2260 524 quis
2290 453 2350 510 in
2403 469 2646 511 sensum
2675 455 2914 522 cadunt,
2971 456 3044 512 ad
3075 471 3175 512 eas
3215 470 3280 512 se
3306 457 3642 528 transferat,

222 550 339 606 τοῖς
363 541 692 619 ἀδιαφόροις
722 543 955 618 χρῆσθαι
987 540 1175 603 καλῶς
1201 540 1294 596 καὶ
1350 538 1526 610 ἰδίως,
1555 541 1646 595 καὶ
1693 539 1771 602 ὡς
1819 538 1882 595 ἂν

219 634 293 696 εἷς
319 634 468 702 ζωήν
499 631 730 687 αἰώνιον
759 632 999 708 ὁρμῷτο.
1028 632 1133 687 Καὶ
1164 630 1216 684 οἱ
1249 629 1486 703 μαθηταὶ
1536 627 1594 684 δὲ
1634 630 1698 684 τὸ
1738 633 1884 706 πρῶ-

209 743 299 777 τον
331 724 434 796 μὲν
467 723 564 777 καὶ
617 722 774 776 αότοὶ
827 717 1097 795 περιδεεῖς
1145 719 1235 774 καὶ
1283 717 1661 794 καταπληγεῖς
1717 716 1884 793 γεγό-

210 833 382 868 νασιν.
440 810 803 872 Ἀκούσαντες
845 810 899 865 τί
946 808 1191 880 δήποτες
1222 807 1327 884 ἆρά
1376 829 1438 884 γε
1485 807 1572 862 ὅτι
1618 809 1884 882 χρήματα

214 903 299 956 καὶ
333 901 497 956 αὐτοὶ
551 900 844 970 ἐκέκτηντο
893 897 1081 954 πολλά
1106 918 1120 969 ;
1149 894 1329 954 Ἀλλᾶ
1383 896 1474 952 καὶ
1527 895 1662 952 αὐτὰ
1716 900 1883 951 ταῦτα

215 992 276 1045 τὶ
300 986 566 1044 δικτύδια
623 988 712 1043 καὶ
771 985 1055 1064 ἄγκιστρα,
1086 986 1174 1042 καὶ
1230 986 1296 1040 τὰ
1341 984 1640 1060 ὑπηρετικὰ
1692 984 1880 1062 σκαφί-

218 1079 301 1136 δια
344 1079 578 1155 ἀφῆκαν
627 1075 819 1147 πάλαι,
853 1077 990 1153 ἅπερ
1034 1078 1102 1146 ἦν
1162 1075 1346 1136 αὐτοῖς
1383 1077 1541 1148 μόνα.
1574 1073 1638 1131 Τί
1665 1072 1756 1129 οὖν
1785 1094 1886 1153 φυ-

218 1163 476 1236 εηθὲντες
509 1167 737 1242 Αὲγουσι
767 1185 782 1198 ’
817 1189 847 1216 «
877 1165 974 1227 Τίς
1028 1162 1248 1220 δύναται
1300 1165 1539 1232 σωθῆναι
1567 1181 1581 1231 ;
1615 1189 1643 1215 ››
1685 1160 1880 1224 Καλῶς

214 1255 478 1325 ἤκουσαν,
539 1257 636 1310 καὶ
699 1257 774 1317 ὡς
841 1255 1101 1328 μαθηταὶ,
1158 1254 1256 1308 τοῦ
1326 1247 1717 1328 παραϐολικῶς
1791 1250 1880 1306 καὶ

217 1346 443 1423 ἀσαφῶς
477 1343 782 1421 λεχθέντος
816 1345 922 1400 ὑπὸ
959 1347 1056 1399 τοῦ
1107 1341 1325 1416 Κυρίου,
1355 1342 1444 1397 καὶ
1493 1337 1728 1416 ᾔσθοντο
1783 1344 1882 1397 τοῦ

218 1434 413 1508 βάθους
440 1437 556 1488 τῶν
595 1431 802 1508 λόγων.
830 1433 1028 1489 Ἕνεκα
1073 1431 1169 1505 μὶν
1217 1429 1309 1485 οὖν
1363 1428 1666 1506 χρημάτων
1715 1430 1881 1501 ἀκτη-

219 1524 481 1596 μοσύνης,
516 1519 810 1586 εὐέλπιδες
837 1522 975 1590 ἦσαν
1033 1522 1169 1596 πρὸς
1223 1518 1494 1596 σωτηρίαν
1529 1537 1542 1552 ·
1577 1517 1764 1588 ἔπειδή
1825 1515 1883 1573 δὲ

217 1610 519 1686 συνῄδεσαν
553 1611 782 1674 ἑαυτοῖς
847 1613 1018 1684 μήπω
1068 1612 1135 1665 τὰ
1187 1607 1334 1680 πάθη
1385 1607 1572 1664 τέλεον
1632 1609 1882 1664 ἀποτιθε-

221 1703 398 1775 μένοις
428 1701 792 1776 (ἆρτιμαθεῖς
838 1701 942 1776 γὰρ
1002 1700 1134 1769 ἦσαν
1192 1700 1283 1753 καὶ
1341 1699 1534 1754 νεωστὶ
1592 1698 1730 1774 πρὸς
1782 1701 1881 1752 τοῦ

215 1795 476 1862 Σωτῆρος
540 1785 1077 1862 ⁴ἠνδρολογημὲνοι),
1135 1789 1407 1862 περισσῶς
1463 1783 1881 1857 ἐξεπλήττοντο,

211 1876 292 1930 ul
321 1875 717 1951 ἀπεγίνωσκον
771 1874 995 1936 ἑαυτοὺς
1053 1871 1205 1930 οὐδὲν
1231 1896 1286 1929 τι
1314 1875 1477 1944 ἧττον
1522 1873 1730 1930 ἐκείνου
1785 1878 1882 1929 τοῦ

1994 558 2122 613 quae
2155 543 2213 598 in
2248 549 2441 599 mente
2489 543 2927 616 intelliguntur,
2982 550 3213 617 Deoque
3257 546 3502 601 docente
3535 563 3641 601 no-

1994 635 2280 698 scuntur;
2313 633 2654 705 noveritque
2680 634 2848 703 zbeue
2879 634 2964 689 uti
3015 634 3132 691 illis
3165 651 3292 706 quae
3323 634 3641 706 promiscui

1995 736 2141 776 usus
2171 726 2310 776 sunt
2333 722 2689 793 propriaque
2712 722 2793 777 illi
2817 724 3064 789 ratione,
3091 728 3149 779 et
3178 728 3242 779 ut
3271 723 3452 779 animi
3485 723 3641 778 desi-

1994 808 2158 864 derio
2175 810 2246 864 ad
2277 810 2457 865 vitam
2481 815 2758 866 aeternam
2781 811 3057 867 enitatur.
3087 812 3236 879 Quin
3260 817 3315 868 et
3339 811 3642 883 discipuli,

1993 896 2076 953 illi
2097 898 2335 970 quidem
2361 899 2617 970 primum
2644 899 2853 955 timore
2868 900 3202 972 perculsiac
3223 899 3455 956 attoniti
3478 905 3636 956 sunt.

1993 983 2116 1048 Quo
2145 1001 2353 1057 nempe
2379 986 2580 1041 audito
2602 987 2629 1041 ?
2648 985 2799 1042 Num
2832 989 2987 1059 quod
3021 987 3135 1060 ipsi
3167 1004 3400 1059 quoque
3423 987 3640 1045 multas

1993 1073 2272 1144 pecunias
2299 1074 2639 1130 habebant?
2667 1075 2884 1131 Verum
2907 1076 3035 1148 ipso
3064 1093 3302 1149 quoque
3333 1075 3467 1133 vilia
3497 1077 3644 1133 retia

1992 1161 2319 1233 hamosque
2368 1179 2433 1218 ac
2482 1164 2828 1235 piscatoriae
2859 1166 3108 1237 scaphas
3155 1166 3632 1237 lintresquejam

1990 1250 2128 1306 olim
2163 1251 2539 1322 reliquerant,
2563 1269 2688 1324 quae
2711 1253 2836 1309 sola
2853 1253 2972 1310 illis
2990 1255 3049 1310 in
3076 1270 3253 1310 censu
3280 1261 3466 1310 erant.
3491 1255 3640 1320 Quid

1991 1354 2129 1412 ergo
2156 1341 2430 1396 timentes
2443 1341 2629 1396 aiunt:
2645 1364 2673 1391 ‹‹
2692 1341 2758 1396 Et
2769 1342 2904 1414 quis
2919 1347 3107 1414 potest
3123 1343 3322 1399 salvus
3335 1344 3458 1399 fieri
3473 1344 3578 1415 (c)?
3607 1366 3634 1396 ι

1991 1427 2270 1486 Praeclare
2303 1430 2626 1501 audierant,
2659 1434 2716 1486 et
2746 1431 3122 1504 utdiscipuli,
3155 1433 3308 1505 quod
3341 1449 3444 1505 per
3468 1450 3640 1506 para-

1993 1517 2185 1574 bolam
2210 1535 2507 1592 sensuque
2535 1520 2873 1576 obscuriore
2904 1537 2938 1576 a
2977 1521 3219 1578 Domino
3250 1523 3474 1578 dictum
3508 1524 3634 1579 fue-

1991 1612 2103 1676 rat,
2163 1625 2228 1663 ac
2285 1609 2590 1664 sententia
2651 1609 3023 1665 altitudinem
3079 1611 3506 1668 intellexerant.
3567 1613 3638 1669 Et

1991 1696 2226 1766 quidem
2255 1697 2409 1770 quod
2435 1698 2644 1754 attinet
2663 1699 2735 1754 ad
2769 1699 3152 1771 pecuniarum
3179 1700 3633 1765 abdicationem,

1988 1797 2052 1862 ιι‹
2081 1787 2232 1843 bona
2261 1803 2362 1858 spe
2393 1789 2817 1860 consequeudze
2839 1787 3046 1843 salutis
3077 1789 3203 1844 treti
3234 1795 3403 1846 erant
3431 1815 3446 1857 ;
3479 1791 3631 1862 quod

1989 1894 2127 1933 vero
2157 1877 2407 1931 necdum
2444 1893 2507 1931 se
2539 1877 2788 1948 perfecte
2832 1877 3075 1933 affectus
3115 1878 3375 1951 vitisque
3403 1879 3636 1936 exuisse

208 1964 670 2042 αολυχρημάτου
727 1964 818 2019 καὶ
869 1961 1056 2026 δεινῶς
1091 1970 1189 2034 τῆς
1218 1965 1464 2034 κτήσεως
1521 1963 1876 2038 περιεχουμὲ-

1992 1965 2104 2022 sibi
2135 1966 2352 2021 conscii
2384 1970 2548 2020 erant
2575 1965 2817 2037 (quippe
2852 1983 3038 2038 nuper
3075 1967 3390 2040 disciplina
3419 1969 3634 2024 imbuti

206 2076 316 2123 νου,
347 2054 420 2124 ἣν
482 2075 556 2129 γε
613 2054 905 2128 προέκρινε
965 2058 1112 2122 ζωῆς
1167 2051 1414 2108 αἰωνίου.
1446 2052 1631 2122 ’Δειον
1682 2051 1777 2106 οὖν
1813 2052 1876 2122 ἦν

1992 2070 2310 2126 recensque
2330 2070 2363 2107 a
2384 2053 2682 2110 Salvatore
2697 2055 2752 2108 in
2780 2054 3061 2110 familiam
3080 2055 3290 2127 asciti),
3309 2073 3490 2128 supra
3511 2074 3636 2113 mo-

203 2150 313 2204 τοῖς
377 2146 674 2216 μαθηταῖς
737 2137 911 2220 φόϐου
958 2141 1179 2210 παντὸς,
1212 2141 1260 2197 εἲ
1289 2142 1377 2196 καὶ
1411 2142 1440 2196 6
1470 2143 1735 2216 χρήματα
1789 2162 1876 2197 κε-

1992 2145 2132 2200 dum
2166 2143 2380 2198 animis
2411 2142 2660 2214 perculsi
2692 2148 2882 2212 erant,
2906 2161 3192 2216 suamque
3221 2145 3333 2218 ipsi
3357 2146 3632 2215 salutem,

208 2232 472 2306 κτημὲνος
538 2232 644 2286 καὶ
697 2231 728 2285 6
779 2235 888 2286 τῶν
944 2235 1131 2294 παθῶν
1181 2227 1373 2306 ἔγκυος
1429 2227 1523 2301 ὣν,
1557 2229 1876 2301 ὲπλούτουν,

1992 2234 2149 2289 haud
2183 2249 2354 2288 secus
2385 2249 2449 2288 ac
2471 2231 2667 2287 divitis
2698 2232 2856 2288 illius
2905 2233 3174 2290 habentis
3206 2233 3424 2290 multas
3457 2251 3635 2307 pecu-

208 2322 288 2378 καὶ
340 2321 508 2376 αὐτοὶ
599 2318 1009 2396 παραπλησίως
1087 2317 1523 2390 ἀπελαθήσονται
1608 2318 1876 2394 οὐρανῶν.

1993 2325 2144 2388 uias,
2175 2323 2414 2394 diraque
2441 2322 2639 2377 animo
2671 2323 2751 2377 rei
2786 2321 3062 2378 familiari
3094 2323 3312 2378 addicti
3344 2325 3546 2396 (quam
3580 2329 3638 2382 et

207 2411 451 2474 Ἀπαοῶνν
487 2411 614 2486 γὰρ
645 2409 740 2464 καὶ
783 2410 1031 2484 καθαρῶν
1072 2411 1268 2484 ψυχῶν
1330 2407 1470 2463 ἐστιν
1520 2410 1555 2478 ἡ
1608 2410 1876 2486 σωτηφία.

1991 2411 2122 2466 vitae
2169 2415 2394 2466 aeterne
2446 2408 2820 2481 pratulerat),
2865 2408 2923 2463 in
2951 2409 3278 2482 desperatis
3318 2410 3634 2479 habebant,

205 2504 401 2571 lagno
455 2501 682 2572 itaque
731 2497 851 2555 illis
881 2499 1092 2554 timore
1143 2499 1390 2571 dignum
1442 2499 1750 2555 videbatur
1794 2516 1808 2555 :
1853 2500 1904 2556 si
1955 2505 2082 2556 tum
2131 2499 2182 2555 is
2231 2497 2329 2572 qui
2384 2497 2660 2570 pecunias
2708 2497 2967 2563 haberet,
3018 2502 3141 2553 tum
3189 2498 3286 2568 qui
3329 2499 3635 2556 affectibus

203 2587 480 2664 gravidus
532 2591 733 2650 esset,
775 2585 836 2639 in
885 2583 1134 2640 divitum
1194 2601 1375 2640 censu
1433 2584 1686 2642 habendi
1742 2589 1961 2654 essent,
1993 2585 2226 2658 ipsique
2276 2585 2518 2656 perinde
2561 2598 2740 2656 regno
2790 2583 3070 2640 calorum
3102 2583 3371 2656 ejiciendi
3421 2585 3629 2641 forent.

204 2676 446 2732 Animas
479 2675 660 2731 enim
694 2674 994 2730 immunes
1024 2675 1097 2730 ab
1128 2673 1436 2730 affectibus
1467 2689 1534 2730 ac
1565 2674 1694 2730 labe
1723 2691 1902 2747 puras
1935 2679 2134 2731 manet
2163 2673 2347 2730 salus.

267 2793 396 2848 ΚΧ.
426 2791 497 2848 ”Ο
554 2786 620 2844 δὲ
660 2787 868 2865 Κύριος
925 2787 1272 2863 ἀποκρίνεται
1304 2807 1318 2821 ο
1352 2813 1380 2839 ‹‹
1416 2789 1564 2843 Διότι
1612 2789 1674 2844 τὸ
1703 2787 1755 2844 ἐν
1791 2790 1882 2844 ἁν-

209 2882 446 2955 ορῶποις
508 2876 792 2934 ἀδύνατον
846 2874 1068 2932 δυνατὸν
1111 2882 1246 2950 Θεῷ.
1281 2902 1310 2929 ››
1345 2875 1515 2933 Πάλιν
1571 2879 1660 2933 καὶ
1719 2882 1882 2934 τοῦτο

218 2969 456 3046 μεγίλης
520 2967 731 3045 σοφίας
793 2967 984 3040 μεστόν
1045 2965 1186 3021 ἐστιν
1219 2985 1232 2998 °
1283 2965 1365 3022 ὅτι
1422 2968 1538 3022 καθ’
1567 2967 1725 3022 αὐτὸν
1787 2968 1879 3040 μὲν

213 3059 382 3113 ἀσκῶν
429 3057 530 3112 καὶ
601 3053 1037 3127 διαπονούμενος
1077 3054 1332 3110 ἀπάθειαν
1381 3053 1690 3130 ἅνθρωπος,
1723 3053 1878 3112 οὐδὶν

213 3148 340 3202 ἐκύει
373 3167 391 3179 ο
441 3146 542 3202 ἰὰν
611 3143 671 3200 δὲ
731 3143 955 3220 γένηται
1014 3141 1185 3214 δῆλος
1215 3145 1632 3218 ὑπερεπιθυμῶν
1685 3146 1880 3200 τούτου

211 3238 290 3291 καὶ
323 3232 778 3304 διεσπουδακὼς,
810 3237 878 3307 τῇ
905 3235 1188 3309 προσθήκῃ
1233 3240 1334 3304 τῆς
1384 3238 1481 3288 τοῦ
1537 3238 1672 3290 Θεοῦ
1722 3231 1879 3290 δυνά-

216 3347 352 3397 μεως
380 3325 760 3400 περιγίνεται.
793 3321 1168 3396 Βουλομέναις
1201 3323 1296 3395 μὲν
1343 3323 1447 3399 γὰρ
1497 3325 1526 3378 6
1575 3325 1703 3386 Θεὸς
1759 3330 1878 3387 ταῖς

214 3417 792 3512 ψυχαῖςᾳσυνεπιπνεῖ
823 3432 837 3446 ο
871 3411 918 3466 εί
968 3409 1027 3466 δὶ
1083 3411 1384 3512 ἀποσταῖεν,
1411 3419 1512 3482 τῆς
1543 3412 1877 3512 προβυμίας,
1913 3445 1956 3512 c

214 3505 297 3557 καὶ
329 3505 392 3559 τὸ
420 3501 588 3558 δοθὲν
620 3503 683 3557 ἐκ
713 3505 846 3556 Θεοῦ
876 3504 1088 3573 πνεῦμα
1137 3499 1460 3570 συνεστάλη.
1492 3502 1568 3558 Τὸ
1633 3501 1725 3574 μὶν
1779 3502 1880 3578 γὰρ

217 3590 438 3654 Ξκοντας
471 3593 703 3661 σώζειν,
737 3589 847 3645 ἐστῖ
883 3590 1213 3666 βιαζομένου
1236 3608 1250 3621 °
1282 3590 1344 3644 τὸ
1394 3586 1452 3645 δὲ
1499 3591 1876 3666 αἱρουμένους,

215 3681 619 3756 χαριζομένου.
648 3677 793 3738 Οὐδὶ
821 3683 928 3734 τῶν
959 3675 1331 3744 καθευδόντων
1361 3678 1448 3734 κοί
1503 3676 1879 3755 βλακευόντων

217 3768 355 3824 ἰστῖν
389 3772 428 3839 ἦ
465 3767 732 3845 βασιλεία
757 3772 856 3824 τοῦ
914 3772 1072 3836 Θεοῦ,
1105 3766 1232 3823 ἀλλ’
1266 3793 1294 3820 ι(
1329 3768 1381 3822 οἱ
1434 3767 1647 3844 βιασταὶ
1703 3770 1880 3844 ἁρπά-

220 3865 393 3926 ζουσιν
423 3859 625 3930 αὐτήν.
661 3882 692 3909 υ
725 3857 870 3928 Αὕτη
903 3859 1005 3933 γὰρ
1035 3855 1200 3930 μόνον
1239 3855 1332 3933 βία
1379 3855 1554 3926 καλὴ,
1583 3859 1715 3913 Θεὸν
1761 3857 1883 3933 βιά-

217 3950 429 4016 σασθαι,
459 3947 559 4002 καὶ
616 3947 766 4018 παρὰ
823 3949 956 4002 Θεοῦ
1016 3946 1160 4015 ζωήν
1218 3947 1476 4022 ἁρπάσαι.
1508 3947 1570 4004 Ὀ
1618 3944 1675 4002 δὶ
1717 3949 1882 4023 γνοὺς

217 4037 339 4099 τοὺς
373 4033 647 4112 βεϐαίως,
683 4032 895 4109 μᾶλλον
929 4032 987 4090 δὲ
1020 4034 1214 4111 βιαίως
1259 4035 1679 4108 ἀντεχομένους,
1727 4057 1882 4091 συνε-

217 4126 492 4200 χώρησεν,
526 4125 633 4196 εἶξε
661 4144 678 4158 ο
710 4124 890 4200 χαίρει
918 4123 1021 4200 γὰρ
1053 4124 1082 4178 6
1127 4123 1256 4186 Θεὸς
1304 4125 1370 4178 τὰ
1419 4128 1642 4179 τοιαῦτα
1697 4127 1882 4194 ἡττώ-

223 4235 402 4286 μενος.
435 4215 742 4290 Τοιγάρτοι
770 4213 979 4268 τούτων
1009 4211 1242 4276 ἀκούσας
1271 4213 1300 4267 6
1331 4213 1595 4286 μακάριος
1657 4214 1879 4288 Πέτρος,

219 4305 246 4357 6
293 4303 590 4368 hlmoc,
648 4302 677 4356 6
737 4299 1023 4378 ἑξαίρετος,
1073 4303 1103 4356 6
1158 4305 1376 4378 πρῶτος
1430 4306 1537 4356 τῶν
1599 4303 1880 4376 μαθητῶν,

219 4393 346 4466 ὑπὲρ
381 4393 447 4447 οὗ
484 4392 661 4465 μόνου
691 4391 780 4446 καὶ
811 4391 1006 4446 ἓαυτοῦ
1033 4391 1126 4446 τὸν
1158 4392 1326 4466 φόρον
1360 4391 1388 4446 6
1421 4392 1616 4466 Σωτήρ
1650 4391 1878 4464 ἐκτελεῖ,

219 4483 431 4556 ταχέως
476 4481 698 4557 ἥρπασε
746 4479 836 4534 καὶ
884 4473 1146 4535 συνέλαϐε
1174 4478 1266 4534 τὸν
1298 4477 1492 4555 λόγον.
1527 4479 1625 4535 Καὶ
1655 4481 1708 4535 τί
1771 4503 1880 4559 φη-

222 4590 338 4639 σινς
379 4596 402 4622 ε
432 4568 549 4629 Ἴδε
576 4571 744 4641 ἡμεῖς
780 4569 1066 4646 ἀφήκαμεν
1114 4569 1310 4639 πάντα,
1333 4570 1424 4623 καὶ
1480 4567 1879 4640 ἠκολουθήσα-

223 4660 312 4730 μέν
343 4681 453 4715 σοι.
489 4682 518 4712 ι
553 4659 629 4713 τὰ
661 4655 720 4712 δὲ
749 4660 924 4713 πάντα
955 4659 998 4712 εί
1035 4659 1130 4731 μὶν
1172 4659 1239 4713 τὰ
1264 4661 1519 4731 κτήματα
1569 4657 1636 4713 τὰ
1688 4660 1880 4714 ἑαυτοῦ

223 4746 386 4823 λεγει,
441 4747 710 4822 τὶσσαρας
757 4741 993 4808 ὀϐολοὺς
1042 4743 1172 4808 ἴσως
1224 4750 1322 4802 τοῦ
1374 4745 1508 4802 ὅλου
1555 4743 1870 4802 καταλιπὼν

2063 2792 2209 2847 841
2243 2791 2392 2847 XXI.
2427 2790 2708 2847 Dominus
2738 2806 2869 2846 vero
2919 2790 3259 2862 respondit:
3292 2813 3320 2840 ‹‹
3353 2790 3514 2855 Quod
3546 2796 3637 2846 est

1991 2879 2359 2952 impossibile
2383 2881 2535 2952 apud
2552 2878 2844 2948 homines,
2863 2884 2952 2935 est
2969 2878 3243 2951 possibile
3257 2878 3371 2936 Deo
3391 2879 3490 2952 (b).
3515 2901 3544 2929 »
3569 2881 3638 2935 Et

1992 2969 2100 3025 hoc
2134 2987 2340 3024 rursus
2374 2985 2597 3037 magna:
2639 2969 2938 3040 sapientiai
2971 2969 3208 3041 plenum
3243 2973 3370 3024 est:
3419 2970 3638 3025 idcirco

1991 3058 2271 3114 nimirum
2297 3059 2449 3130 quod
2483 3058 2657 3114 homo
2688 3059 2814 3130 ipse
2836 3075 2868 3112 a
2893 3074 2976 3124 se,
3002 3074 3227 3130 suaque
3251 3058 3466 3114 virtute
3497 3075 3635 3129 ope-

1991 3164 2114 3202 ram
2151 3163 2395 3219 ponens,
2429 3147 2790 3218 studensque
2813 3163 2878 3202 ac
2897 3146 3172 3202 laborans
3196 3151 3259 3203 ut
3281 3146 3636 3220 compressis

1990 3236 2295 3292 aﬂ‘ectibus
2326 3235 2629 3308 tranquilli
2661 3237 2984 3302 animitiat,
3021 3235 3161 3291 nihil
3194 3236 3326 3292 inde
3358 3240 3631 3307 praestat:

1989 3327 2080 3380 sin
2114 3330 2308 3380 autem
2341 3327 2472 3396 ejus
2503 3325 2794 3382 desiderio
2843 3324 3247 3380 vehementius
3278 3324 3633 3392 inardescat,

1992 3412 2471 3485 diligentiamque
2503 3430 2737 3468 omnem
2790 3414 3089 3477 adhibeat,
3120 3414 3401 3484 adjuncta
3427 3413 3509 3468 illi
3544 3413 3601 3467 di
3622 3443 3634 3454 -

1991 3502 2128 3557 vina
2154 3503 2370 3558 virtute
2389 3503 2590 3558 evadet
2615 3507 2874 3558 votorum
2899 3518 3161 3574 compos.
3192 3507 3345 3557 Deus
3377 3518 3634 3573 namque

1990 3590 2322 3646 volentibus
2345 3592 2556 3646 animis
2578 3592 2821 3663 aspirat.
2841 3591 2942 3647 Sin
2966 3597 3161 3646 autem
3185 3608 3219 3647 a
3249 3596 3438 3663 coepta
3461 3591 3643 3646 animi

1990 3677 2733 3746 alacritate'abscesserint,
2765 3679 2940 3735 etiam
2975 3680 3148 3736 datus
3179 3698 3212 3735 a
3242 3679 3357 3736 Deo
3388 3679 3638 3752 spiritus

1991 3767 2378 3824 contrahitur.
2429 3769 2634 3825 Invitis
2661 3769 2817 3825 enim
2863 3769 3113 3825 salutem
3147 3769 3372 3834 afferre,
3397 3770 3525 3841 ejus
3555 3772 3645 3825 est

1991 3857 2092 3928 qui
2120 3857 2239 3912 vim
2273 3857 2477 3914 atl‘erat
2505 3857 2868 3925 ;volentibus
2887 3863 3079 3914 autem
3101 3858 3285 3914 libero
3309 3859 3491 3914 animi
3519 3875 3649 3930 pro-

1991 3946 2200 4019 posito,
2236 3946 2362 4016 ejus
2388 3945 2487 4017 qui
2520 3947 3176 4019 liberaliterindulgeat.
3205 3948 3319 4004 Nec
3349 3947 3645 4004 dormien-

1989 4036 2139 4092 tium
2170 4042 2228 4090 et
2258 4036 2316 4090 in
2350 4035 2575 4092 deliciis
2601 4037 2899 4107 agentium
2923 4042 3009 4092 est
3041 4053 3287 4110 regnum
3319 4037 3597 4094 ccelorum
3626 4055 3641 4106 ;

1993 4147 2020 4176 ‹‹
2057 4125 2155 4181 sed
2182 4123 2415 4180 violenti
2434 4125 2672 4197 rapiunt
2695 4126 2796 4198 (c).
2829 4125 2994 4182 illud.
3019 4131 3150 4182 Haec
3172 4127 3326 4182 enim
3343 4127 3469 4183 sola
3491 4128 3644 4182 bona

1988 4213 2284 4279 violentia,
2321 4213 2436 4270 Deo
2459 4215 2574 4269 vim
2600 4216 2832 4285 inferre,
2862 4220 3037 4287 atque
3065 4232 3098 4270 a
3123 4216 3240 4272 Deo
3271 4217 3451 4271 vitam
3482 4231 3648 4285 rape-

1990 4318 2070 4358 re.
2108 4302 2215 4367 Qui
2265 4307 2460 4359 autem
2495 4304 2656 4359 novit
2686 4320 2805 4370 eos,
2862 4304 2960 4375 qui
2991 4313 3225 4360 strenue
3256 4321 3321 4361 ac
3373 4303 3643 4372 ﬁrmiter,

1990 4393 2108 4449 imo
2140 4395 2240 4464 qui
2274 4393 2556 4448 violenter
2585 4393 2664 4448 rei
2695 4392 3063 4460 incumbant,
3089 4395 3218 4464 eius
3249 4393 3476 4466 capiam
3503 4391 3644 4447 facit

1991 4481 2304 4553 ceditque,-
2333 4483 2547 4554 gaudet
2576 4481 2730 4536 enim
2763 4488 2912 4536 Deus
2941 4481 2997 4535 in
3032 4482 3122 4536 his
3145 4498 3206 4536 se
3230 4480 3400 4536 vinci.
3439 4482 3642 4550 Itaque

1992 4587 2128 4626 cum
2163 4569 2283 4626 haec
2309 4571 2569 4626 audisset
2587 4570 2793 4625 beatus
2819 4570 3044 4636 Petrus,
3069 4569 3290 4625 electus
3323 4567 3419 4623 ille
3437 4573 3494 4622 et
3516 4567 3637 4624 exi-

1991 4659 2171 4728 mius,
2223 4659 2448 4730 primus
2494 4656 2590 4713 ille
2633 4657 3081 4729 discipulorum,
3136 4673 3239 4729 pro
3271 4673 3388 4728 quo
3437 4673 3552 4712 uno
3582 4661 3641 4712 et

1992 4747 2185 4818 seipso
2210 4747 2488 4802 Dominus
2512 4746 2796 4801 tributum
2819 4746 3018 4818 pendit
3038 4747 3138 4819 (d);
3160 4761 3491 4802 sermonem
3506 4763 3637 4801 con-

227 4818 731 4912 μάιλᾶνεται,’καὶ
771 4835 977 4890 τούτων
1011 4834 1255 4906 ἀνταξίαν
1305 4834 1614 4912 ἀποφαίνων
1666 4835 1724 4890 ἂν
1776 4835 1870 4892 λάε

1993 4838 2182 4893 festim
2211 4837 2405 4909 rapuit
2431 4837 2664 4908 vimque
2695 4839 2824 4908 ejus
2847 4835 3309 4908 comprehendit.
3335 4836 3482 4900 Quid
3505 4853 3638 4892 vero

224 4927 432 4994 σοιτῆν
465 4922 754 5001 βασιλείαν
784 4928 891 4980 τῶν
923 4922 1161 4998 οὐρανῶν
1201 4923 1248 4979 εί
1299 4921 1355 4979 Si
1399 4924 1532 5000 ἅπερ
1581 4925 1712 5000 ἄχρι
1773 4929 1868 4979 νῦν

1991 4927 2058 4982 lit
2078 4926 2106 4980 ?
2128 4948 2155 4976 ‹‹
2188 4927 2330 4982 Ecce
2363 4942 2468 4982 nos
2500 4925 2843 4997 reliquimus
2867 4926 3086 4997 omnia,
3119 4929 3175 4982 et
3205 4925 3392 4982 secuti
3423 4943 3634 4982 sumus

224 5013 473 5088 ἰλὲγομεν
520 5014 590 5068 τὰ
640 5010 850 5067 παλαιᾶ
897 5014 964 5067 τὰ
992 5014 1269 5085 κτήματα,
1301 5011 1388 5066 καὶ
1439 5012 1648 5089 ψυχικὰ
1703 5014 1867 5085 νοσή-

227 5123 365 5175 ματα
391 5101 824 5178 ἂποῤῥίψαντες,
850 5098 1068 5156 ⁴ἕπονται
1115 5102 1232 5156 κατ’
1263 5098 1420 5176 ἴχνος
1478 5105 1558 5174 τῷ
1615 5098 1867 5157 διδασκά-

222 5189 323 5264 λφ,
349 5194 497 5247 τοῦτ’
528 5191 826 5246 ἆνάπτοιτο
877 5187 984 5260 ἤδη
1042 5195 1160 5253 τοῖς
1217 5187 1270 5244 ἐν
1313 5188 1568 5264 οὐρανοῖς
1599 5189 1867 5269 ὲγγραφη-

1976 5020 2033 5072 te
2063 5015 2152 5087 (θ).
2182 5039 2209 5065 ››
2235 5017 2408 5071 Porro
2432 5015 2652 5086 omnia,
2677 5016 2724 5071 si
2749 5031 2814 5071 ea
2837 5016 2990 5071 dicat
3017 5031 3140 5088 qua:
3163 5016 3222 5071 in
3241 5033 3417 5071 censu
3441 5015 3594 5072 habe
3613 5030 3636 5040 ·

1978 5105 2101 5172 bat,
2131 5102 2354 5160 relictis
2377 5104 2642 5175 forsitan,
2659 5121 2787 5177 quae
2802 5109 2919 5159 tota
2938 5104 3275 5160 substantia
3297 5108 3472 5174 esset,
3492 5121 3637 5176 qua-

1981 5197 2113 5249 tuor
2170 5193 2379 5262 obolis,
2446 5193 2754 5265 magniﬁce
2812 5191 3116 5266 glorietur,
3170 5195 3636 5266 imprudensque

225 5282 492 5351 οομένοις.
545 5278 709 5336 Οὕτω
748 5278 851 5353 γὰρ
909 5277 1227 5344 ἀκολουθεῖν
1286 5273 1458 5340 ὅντως
1511 5281 1590 5350 τῷ
1648 5285 1868 5353 Σωτῆρι

1991 5281 2229 5354 dignum
2266 5281 2478 5338 horum
2513 5281 2818 5355 praemium
2851 5282 3156 5355 vicemque
3186 5298 3427 5352 regnum
3458 5280 3633 5336 coelo-

226 5367 623 5444 ὸημαρτησίαν
651 5367 739 5422 καὶ
771 5366 1095 5438 τελειότητα
1121 5367 1222 5435 τὴν
1272 5364 1480 5422 ἐκείνου
1531 5366 1868 5444 μετερχόμε-

1978 5387 2110 5426 rum
2163 5372 2523 5445 pronuntiet.
2556 5373 2613 5427 Si
2659 5379 2851 5428 autem
2908 5389 3053 5444 quas
3087 5372 3376 5428 hactenus
3409 5385 3630 5426 memo-

323 5575 613 5649 515?.937
670 5574 781 5649 EQ.
834 5573 1140 5634 PO’I‘TER.
1173 5572 1254 5647 (al
1282 5571 1458 5632 Marc.
1506 5589 1563 5646 ι,
1612 5573 1702 5631 26.
1737 5575 1810 5648 (b)
1873 5622 1876 5631 λ

1993 5615 2006 5631 .
2056 5592 2220 5646 xvm,
2271 5576 2365 5645 27,
2421 5577 2492 5649 (c)
2523 5577 2726 5636 Matth.
2757 5593 2836 5646 xI,
2892 5577 2981 5633 12.
3012 5577 3088 5649 (d)
3116 5575 3324 5634 Matth.
3355 5591 3495 5643 xvu,
3532 5574 3624 5630 26.

227 5648 299 5719 (ι)
325 5646 527 5708 ωδ.
558 5663 682 5718 xxx,
704 5647 794 5705 28.
