4006 6200
464 303 574 361 627
1709 301 2119 360 eLanmms
2155 299 2658 356 munem:
3051 259 3060 262 ’
3750 292 3837 356 628

465 426 754 496 ravimus,
784 428 1078 487 veteribus
1108 433 1520 503 spiritualibus
1542 433 1710 505 quasi
1736 430 2042 488 facultatib

2255 447 2347 492 νον,
2404 428 2494 481 καὶ
2551 427 2687 500 πρὸς
2732 424 2939 494 ἐκείνην
2991 420 3169 499 ὥσπερ
3227 422 3524 498 κάτοπτρον
3577 429 3837 496 κυσμῶντα

463 514 767 587 animique
797 517 1233 589 egritudinibus
1263 526 1440 594 atque
1471 523 1626 577 vitiis
1661 519 1955 592 projectis,
1988 535 2045 574 m

2252 515 2319 568 ιαί
2373 514 2708 590 ῥυθμίζοντα
2760 515 2858 583 τὴν
2911 514 3120 589 ψυχὴν,
3161 510 3255 567 καὶ
3309 511 3478 567 πάντα
3523 509 3607 568 διὰ
3649 516 3834 571 πάντων

471 602 640 674 gistri
672 607 919 676 vestigia
949 614 1315 678 sequuntur;
1351 611 1408 664 id
1432 627 1564 666 vero
1594 611 1715 680 jam
1752 609 1869 663 illis
1900 623 2050 684 conn

1217 626 1315 678 ur;
1351 611 1408 664 id
1432 627 1564 666 vero
1594 611 1715 680 jam
1752 609 1869 663 illis
1900 623 2117 684 conne-
2231 603 2438 675 ὁμοίως
2469 601 2799 669 διατεθέντα.

468 697 608 760 ctat,
658 695 756 765 qui
807 694 968 751 cmlis
1017 699 1348 755 ascribendi
1407 704 1567 755 sunt.
1612 699 1704 754 sic
1751 699 1906 754 enim
1939 711 2137 752 revera
2194 700 2511 764 praestatur
2563 703 2628 750 ut
2673 694 3032 751 Salvatorem
3097 697 3402 764 sequatur,
3453 692 3547 762 qui
3592 691 3738 749 illius
3786 694 3846 749 ab

471 782 633 838 omni
664 785 988 839 immunem
1013 802 1162 842 noxa
1191 787 1367 843 vitam
1390 789 1544 845 colat
1573 804 1638 843 ac
1673 789 2106 859 perfectionem,
2142 781 2360 854 quique
2390 784 2449 839 in
2481 783 2641 839 illam
2711 784 2871 840 velut
2915 782 3223 855 speculum
3256 783 3581 836 contuendo
3617 783 3842 838 animum

475 878 746 945 perornet
769 880 1216 946 componatque,
1267 894 1332 932 ac
1381 879 1441 933 in
1489 877 1764 932 omnibus
1804 891 1973 947 pares
2003 872 2090 928 illi
2123 887 2315 927 mores
2347 890 2588 944 prorsus
2621 873 2850 928 induat.

547 965 610 1026 ›ι‹
644 961 802 1018 XXII.
841 982 867 1015 ι
891 964 1268 1035 Respondens
1315 973 1512 1023 autem
1540 968 1740 1035 Josus,
1773 966 1894 1020 ait:
1945 967 2125 1020 Amen

2313 967 2425 1018 ΚΒ.
2477 985 2498 1014 ¢
2538 962 2879 1038 Ἀποκριθεὶς
2933 959 2992 1016 δὶ
3021 962 3050 1016 ὁ
3078 963 3292 1030 Ἰησοῦς
3352 960 3491 1014 εἶπεν
3517 978 3529 990 ·
3570 961 3733 1032 Ἀμὴν
3772 960 3842 1014 λέ-

486 1051 617 1105 dico
662 1049 848 1119 vobis,
879 1052 978 1123 qui
1031 1054 1332 1125 reliquerit
1377 1057 1634 1128 propria,
1680 1062 1738 1110 et
1769 1057 2040 1125 parentes

2259 1071 2316 1124 τω
2354 1051 2505 1123 ὑμῖν,
2537 1051 2596 1113 ὃς
2629 1051 2687 1106 ἂν
2722 1052 2832 1125 ἀφῇ
2857 1052 2924 1105 τὰ
2957 1047 3087 1117 ἴδια,
3119 1049 3212 1104 καὶ
3241 1053 3423 1124 γονεῖς
3465 1047 3554 1102 καὶ
3589 1046 3841 1125 ἀδελοοὺς,

487 1138 696 1194 fratres
726 1143 779 1194 et
814 1141 1091 1211 pecunias
1123 1149 1359 1213 pr0pter
1390 1160 1482 1199 me
1512 1149 1569 1199 et
1608 1149 1838 1214 propter
1871 1142 2069 1211 Evangi

2259 1138 2327 1194 ιαὶ
2355 1142 2618 1214 χρήματα
2646 1136 2823 1194 ἕνεκεν
2854 1139 2991 1212 ἐμοῦ
3018 1139 3108 1193 καὶ
3155 1135 3336 1194 ’ένεκεν
3384 1141 3479 1192 τοῦ
3525 1137 3841 1212 Εὖαγγελίου,

481 1226 627 1282 lium
652 1227 889 1299 recipiet
917 1230 1132 1285 centies
1162 1236 1392 1286 tantum
1410 1232 1510 1303 (a).
1530 1254 1558 1281 »
1580 1234 1651 1286 At
1682 1246 1871 1303 neque
1897 1233 2004 1285 hoc
2028 1245 2059 1281 v

2259 1227 2589 1302 ἱπολήψεται
2621 1227 3118 1300 έκατομπλασίονα.
3137 1251 3166 1279 ιι
3188 1227 3374 1284 Ἀλλὰ
3407 1224 3543 1299 μηδὲ
3567 1228 3699 1281 τοῦθ’
3727 1227 3841 1299 ὑμᾶς

481 1317 697 1382 turbet,
732 1333 835 1371 nec
865 1319 1020 1388 quod
1052 1319 1245 1374 adhuc
1277 1320 1616 1375 durioribus
1649 1320 1836 1375 verbis
1869 1318 1980 1374 alio
2006 1317 2060 1371 lo

2258 1318 2665 1388 intrapacsétm,
2702 1315 2842 1390 μηδὶ
2877 1319 2939 1372 τὸ
2969 1316 3045 1372 ἔτι
3077 1316 3449 1391 σκληρότερον
3479 1314 3715 1391 ἀλλαχοῦ
3743 1321 3840 1378 ταῖς

484 1403 706 1460 editum
738 1410 865 1460 est:
900 1428 928 1455 ‹‹
963 1408 1071 1472 Qui
1123 1425 1235 1462 non
1287 1409 1409 1463 odit
1441 1415 1662 1478 patrem
1697 1414 1752 1462 et
1795 1416 2042 1462 matrem

2257 1410 2450 1478 ρωναῖς
2479 1405 2915 1481 έξενηνεγμένον,
2947 1429 2977 1456 ‹‹
3007 1407 3105 1467 ’ος
3145 1405 3210 1459 οὐ
3255 1409 3405 1477 μισεῖ
3432 1402 3626 1479 πατέρα
3649 1404 3727 1457 καὶ
3759 1425 3839 1475 μη-

489 1492 664 1557 ﬁlios,
697 1493 890 1548 adhuc
932 1500 1128 1550 autem
1161 1501 1219 1550 et
1249 1497 1504 1552 animam
1557 1513 1748 1562 suam,
1799 1512 1912 1550 non
1945 1499 2071 1566 pote

2258 1496 2389 1569 τέρα,
2421 1495 2512 1548 καὶ
2562 1492 2782 1564 παῖδας,
2813 1494 3036 1570 προσέτι
3068 1491 3126 1548 δὲ
3148 1495 3238 1548 καὶ
3288 1494 3389 1561 τὴν
3442 1493 3617 1567 ψυχὴν
3661 1491 3840 1558 ἑαυτοῦ,

491 1597 622 1638 esse
635 1597 798 1636 meus
820 1583 1295 1655 discipulus(b).»
1317 1585 1442 1639 Non
1463 1585 1619 1639 enim
1642 1584 1913 1655 precepit
1934 1582 2069 1638 odiu

2258 1582 2378 1654 ἐμὸς
2417 1584 2666 1656 μαθητὴς
2699 1584 2831 1638 εἶναι
2882 1583 2944 1637 ού
2993 1581 3236 1639 δύναται.
3272 1606 3301 1633 ››
3333 1581 3406 1636 Οὐ
3446 1582 3545 1656 γὰρ
3591 1579 3840 1654 εἰσηγεῖται

509 1671 895 1726 etdivortium
929 1689 962 1725 a
991 1672 1358 1728 oharissimis
1409 1673 1560 1729 Deus
1593 1674 1774 1745 pacis,
1809 1673 1910 1744 qui
1940 1677 1998 1727 et
2025 1673 2083 1725 in

2259 1676 2407 1736 αῖσος
2439 1671 2527 1726 καὶ
2562 1669 2806 1728 διάλυσιν
2834 1672 2940 1726 ἀπὸ
2972 1675 3078 1726 τῶν
3111 1671 3390 1745 φιλτάτων
3431 1671 3459 1725 ὁ
3512 1672 3606 1734 τῆς
3655 1667 3841 1743 εῒρήνης

501 1757 688 1813 micos
736 1759 972 1828 diligere
1014 1761 1239 1830 jubeat.
1292 1763 1453 1826 Quod
1487 1763 1537 1817 si
1583 1763 1805 1816 inimici
1855 1761 2083 1832 diligent

2259 1761 2396 1829 Θεὸς,
2428 1759 2458 1814 8
2481 1781 2542 1835 γε
2571 1761 2662 1816 καὶ
2691 1759 2820 1822 τοὺς
2851 1761 3082 1836 ἐχθροὺς
3123 1760 3336 1835 ἀγαπᾷν
3384 1762 3667 1833 παραινῶν.
3694 1757 3750 1814 Ei
3797 1755 3841 1812 δὲ

633 1812 678 1813 η
842 1812 966 1828 υ---
1014 1812 1238 1830 “me--.”
1304 1812 1453 1826 νη
1488 1812 1537 1817 __
1584 1812 1805 1816 τῲ---
1864 1812 2070 1832 --νοη

494 1851 655 1916 sunt,
691 1847 814 1918 pari
867 1848 1043 1902 etiam
1074 1849 1298 1905 ratione
1341 1851 1413 1905 ab
1459 1851 1546 1905 eis
1594 1850 1985 1916 ascendendo,
2033 1865 2067 1919 q

2259 1812 3011 1925 ἐυιξίέεόροὗζάῇζηέζέζξ
3031 1812 3298 1922 ὲὶάλὶήέᾷ
3331 1812 3841 1903 ἀτέῖἑέεινωφάζιόντι

490 1941 630 1990 sunt
652 1951 861 2005 genere
882 1937 1352 2007 conjunctissimi
1375 1954 1390 1994 :
1411 1945 1512 1994 aut
1535 1940 1583 1994 si
1606 1939 1741 1995 odio
1772 1938 2024 1994 habendi
2048 1954 2072 1992 ει

2258 1937 2336 1991 καὶ
2365 1936 2492 1999 τοὺς
2521 1937 2795 2013 ἐγγυτάτω
2826 1940 3016 2012 γένους
3047 1957 3060 1970 ·
3092 1939 3128 2008 ἢ
3170 1937 3217 1992 εἰ
3270 1937 3525 2010 μισητέον
3571 1935 3685 1996 τοὺς
3733 1933 3840 2009 πρὸς

497 2023 647 2079 fines
663 2025 980 2093 etcognati,
1004 2026 1209 2097 potiori
1234 2028 1460 2083 ratione
1493 2027 1841 2099 rejiciendos
1864 2027 2079 2082 inimici

2253 2023 2496 2097 αἵματος,
2555 2026 2698 2082 πολὺ
2761 2025 2974 2099 μᾶλλον
3014 2025 3143 2088 τοὺς
3195 2024 3431 2102 ἐχθροὺς
3483 2018 3835 2080 ἀποϐάλλεσθαι

495 2114 902 2170 descendendo
935 2116 1082 2171 ratio
1113 2117 1335 2172 edocet.
1369 2118 1617 2173 Proinde
1648 2117 1763 2172 alia
1792 2117 1968 2172 aliam
2001 2133 2077 2172 sei

2260 2115 2444 2169 ιατιὼν
2479 2116 2508 2169 ὁ
2540 2114 2708 2188 λόγος
2738 2113 3002 2171 διδάσκει.
3033 2117 3195 2170 Ὥστε
3225 2112 3512 2185 ἀλλήλους
3550 2114 3842 2185 ἀναιροῦντες

491 2204 978 2276 tentiamiliquido
1001 2207 1272 2262 destruit.
1298 2209 1370 2262 At
1388 2224 1502 2263 non
1528 2209 1771 2264 invicem
1796 2208 2073 2262 destruun

2259 2201 2551 2277 ἐλέγχοιντ’
2576 2202 2638 2258 ἂν
2669 2205 2720 2258 οἱ
2753 2204 2933 2280 λόγοι.
2968 2201 3128 2259 Ἀλλ’
3161 2202 3277 2259 οὐδ’
3307 2203 3628 2278 ἀναιροῦσιν,
3657 2196 3841 2272 οὐδ’έγ-

500 2308 692 2365 neque
723 2293 841 2349 ulla
864 2311 924 2349 re
941 2295 1344 2364 adversantur,
1363 2303 1465 2351 aut
1485 2296 1569 2352 vel
1593 2314 1768 2368 prope
1798 2298 2082 2352 destruun

2257 2291 2337 2367 (ὗς
2367 2311 2381 2326 ⁹
2431 2293 2539 2347 ἀπὸ
2591 2293 2692 2368 γὰρ
2739 2295 2836 2362 τῆς
2874 2292 3041 2362 αὐτῆς
3094 2293 3326 2368 γνώμης
3348 2291 3438 2347 καὶ
3471 2290 3731 2349 διαθέσεως
3769 2288 3839 2342 καὶ

502 2381 582 2437 Ex
611 2384 814 2438 eodem
848 2384 1065 2455 quippe
1097 2384 1305 2439 affectu
1352 2390 1408 2440 et
1436 2386 1658 2454 animo,
1690 2387 2014 2456 eademque
2044 2401 2084 2438 ri

2255 2380 2327 2435 iul
2357 2385 2436 2453 τῷ
2468 2380 2616 2454 αὒτῷ
2648 2381 2762 2455 ὅρῳ
2792 2384 2996 2457 πατέρα
3029 2381 3218 2454 μισοίη
3268 2403 3353 2446 τις
3398 2379 3458 2435 ἂν
3507 2380 3688 2455 ἐχθρὸν
3729 2379 3837 2452 ἀγα-

489 2469 868 2542 gulapatrem
890 2471 1024 2528 odio
1039 2471 1250 2528 habeat
1271 2474 1523 2528 amando
1545 2473 1877 2542 inimicum,
1902 2473 2002 2544 qui
2030 2489 2062 2527 n

2256 2472 2380 2537 τῶν,
2413 2470 2442 2523 ὁ
2485 2472 2626 2541 μήτε
2672 2470 2867 2545 ἐχθρὸν
2914 2470 3283 2543 ἀμυνόμενος,
3322 2471 3458 2543 μήτε
3513 2470 3702 2542 πατέρα
3733 2467 3838 2538 Χρι-

486 2557 796 2614 inimicum
847 2559 1184 2625 ulciscatur,
1240 2577 1428 2633 neque
1481 2568 1703 2633 patrem
1739 2563 1870 2634 plus
1903 2562 2068 2616 Chris

2257 2561 2369 2612 πτοῦ
2401 2557 2568 2612 πλέον
2601 2555 2943 2631 αἰδούμενος.
2982 2559 3066 2615 ’Ev
3099 2557 3295 2631 ἐκείνῳ
3331 2558 3428 2630 μέν
3464 2558 3560 2632 γὰρ
3605 2559 3677 2627 τῷ
3720 2552 3839 2625 λόγῳ

383 2713 388 2719 _
486 2657 774 2706 vereatur.
806 2650 870 2705 In
899 2649 998 2706 illo
1031 2651 1267 2722 quidem
1291 2652 1465 2707 verbo
1485 2653 1685 2707 odium
1719 2659 1965 2708 resecat:

2257 2651 2402 2708 ιῖσος
2435 2646 2684 2702 ἐκκόπτει
2721 2647 2813 2702 καὶ
2843 2647 3193 2718 κακοποιίαν,
3227 2646 3282 2702 ἐν
3316 2645 3492 2718 τούτῳ
3522 2643 3576 2699 δὲ
3617 2644 3706 2710 τήν
3731 2642 3839 2714 πρὸς

491 2736 778 2792 luntatem
833 2737 1114 2794 inferendi
1168 2739 1343 2805 mala,
1378 2741 1434 2793 in
1487 2741 1595 2796 hoc
1627 2757 1760 2796 vero
1795 2741 2037 2795 nimiam
2072 2757 2073 2762 ‘

2256 2736 2306 2789 τὰ
2361 2735 2638 2812 σύντροφα
2696 2734 2991 2803 δυσωπίαν,
3026 2735 3070 2790 εἰ
3120 2735 3359 2811 βλάπτοι
3402 2736 3534 2810 πρὸς
3589 2730 3838 2805 σωτηρίαν.

490 2828 838 2896 conjunctos
869 2829 1265 2896 reverentiam,
1289 2830 1428 2882 dum
1450 2829 1570 2885 haec
1603 2829 1779 2885 saluti
1811 2830 2072 2885 officiat.

2264 2823 2307 2880 Εἰ
2343 2829 2478 2898 γοῦν
2514 2824 2672 2888 ἄθεος
2709 2824 2794 2895 εἴη
2823 2827 2929 2881 τινὶ
2960 2826 3165 2896 πατὴρ,
3284 2824 3422 2893 υἱὸς,
3453 2823 3486 2892 ἢ
3537 2819 3768 2894 ἀδελφὸς,
3794 2838 3846 2870 κα

501 2929 636 2986 ergo
653 2915 909 2972 inﬁdelis
939 2915 1192 2988 cuipiam
1229 2924 1392 2988 pater
1410 2925 1511 2972 aut
1539 2919 1695 2973 (ilius
1717 2923 1819 2974 aut
1842 2921 2019 2973 frater
2038 2935 2083 2974 e1

2259 2911 2478 2986 ιώλυμα
2518 2921 2619 2982 τῆς
2667 2914 2901 2976 πίστεως
2945 2916 3182 2989 γένοιτο,
3215 2913 3310 2968 καὶ
3359 2909 3612 2986 ἐμπόδιον
3640 2915 3729 2978 τῆς
3754 2905 3841 2961 ἄνω

500 3003 734 3070 stiterit,
757 3010 932 3076 atque
953 3005 1163 3060 horum
1195 3006 1437 3074 quilibet
1469 3008 1596 3062 lidei
1620 3008 1861 3078 vitaeque
1892 3009 1949 3062 in
1975 3008 2075 3064 cce]

2262 3009 2414 3072 ζωῆς,
2447 3004 2625 3075 τούτῳ
2673 3004 2749 3075 μή
2801 3005 3174 3077 συμφερέσθω,
3211 3000 3356 3075 μηδὲ
3403 2994 3844 3074 ὁμονοείτω,ἆλλὰ

501 3094 930 3164 consequentiae
967 3093 1452 3166 impedimentum
1488 3095 1860 3166 praestiterit;
1895 3096 2031 3152 huic
2063 3116 2083 3152 ι

2260 3094 2343 3161 εήν
2377 3093 2641 3165 σαρκικήν
2673 3091 2984 3162 οἴκειότητα
3015 3090 3105 3147 διὰ
3126 3094 3227 3160 τὴν
3275 3089 3634 3164 πνευματικὴν
3680 3085 3842 3160 ἔχθραν

490 3183 840 3250 consentiat,
881 3187 980 3237 aut
1012 3200 1147 3237 eum
1197 3182 1296 3238 illo
1347 3185 1718 3239 concordiam
1771 3186 2001 3250 habeat,
2029 3189 2128 3241 sed
2162 3175 2203 3242 C
2246 3177 2578 3241 διαλυσάτω.

501 3269 787 3342 spiritalis
801 3270 1119 3326 inimicitia:
1133 3287 1310 3326 causa
1327 3273 1620 3327 carnalem
1647 3274 2142 3330 necessitudinem

499 3357 705 3413 diluat.

567 3445 738 3503 XXII.
775 3447 914 3503 Rom
945 3448 1259 3503 arbitrator
1300 3447 1420 3504 litis
1467 3465 1596 3504 esse
1624 3451 2136 3507 contestationem-

2319 3446 2441 3500 Kl".
2477 3444 2718 3516 Νόμισον
2747 3444 2883 3500 εἶναι
2912 3445 2975 3500 τὸ
3017 3450 3247 3520 πρᾶγμα
3300 3443 3645 3501 διαδικασίαν.
3672 3441 3725 3498 Ὀ
3763 3437 3837 3510 μὶν

498 3535 647 3590 Hinc
695 3537 930 3607 quidem
966 3537 1230 3592 videatur
1274 3545 1476 3594 astans
1506 3545 1668 3610 pater
1699 3539 1926 3595 dicere:
1961 3564 1986 3589 «
2024 3541 2080 3612 Ei

2256 3536 2426 3608 πατήρ
2460 3555 2544 3590 σοι
2571 3531 2796 3588 δοκείτω
2826 3535 3105 3610 παρεστὼς
3153 3533 3331 3608 λέγειν
3369 3552 3383 3566 ·
3415 3555 3437 3582 ι
3470 3531 3601 3608 Ἐγὼ
3659 3526 3838 3600 ἔσπειρα

506 3629 562 3678 te
590 3626 1008 3696 proseminavi,
1061 3626 1312 3680 enutrivi
1340 3643 1352 3694 ;
1387 3642 1630 3697 sequere
1659 3643 1773 3695 me,
1809 3629 2088 3700 pariterqu

2253 3622 2334 3677 καὶ
2383 3617 2579 3698 ἔθρεψα
2612 3640 2626 3654 ⁸
2658 3621 2950 3678 ἀκολούθει
3011 3643 3127 3695 μοι,
3181 3624 3268 3679 καὶ
3325 3619 3604 3691 συναδίκει,
3646 3619 3723 3674 καὶ
3778 3616 3835 3687 μή

493 3711 694 3784 inique
727 3729 853 3785 age,
889 3731 992 3770 nec
1023 3714 1235 3770 Christi
1261 3714 1374 3786 legi
1429 3720 1772 3786 obsequere,
1807 3738 1834 3765 »
1867 3733 1931 3769 ac
1961 3719 2075 3788 qui:

2255 3712 2437 3766 πείθου
2465 3717 2545 3784 τῷ
2568 3716 2798 3788 Χριστοῦ
2818 3714 2976 3785 νόμῳ
2993 3732 3005 3744 υ
3024 3733 3048 3764 s
3068 3713 3158 3766 καὶ
3182 3712 3282 3766 ὅσα
3305 3711 3363 3767 ἂν
3392 3711 3529 3767 εἴποι
3556 3708 3837 3785 βλάσφημος

491 3801 632 3872 quid
650 3803 810 3857 aliud
830 3804 916 3858 vir
931 3804 1380 3875 blasphemuset
1395 3813 1662 3859 mortuus
1681 3811 1887 3859 natura
1909 3807 2073 3860 dixer‘

2257 3797 2533 3874 ’ὶνθρωπος
2563 3801 2654 3855 καὶ
2685 3821 2874 3874 νεκρος
2902 3805 2969 3875 τῇ
3002 3800 3177 3878 φύσει.
3202 3803 3491 3877 Ἑτέρωθεν
3523 3796 3578 3854 δὲ
3604 3795 3745 3852 ἄκοτε
3764 3795 3839 3846 τοῦ

491 3889 743 3946 Aliunde
769 3908 902 3947 vero
944 3895 1078 3947 audi
1114 3893 1470 3948 Salvatorem
1500 3910 1512 3947 :
1539 3915 1566 3943 «
1596 3893 1710 3949 Εαο
1743 3902 1797 3948 te
1831 3909 2070 3966 regener

2257 3895 2513 3964 Σωτῆρος
2546 3908 2559 3922 ·
2597 3913 2622 3943 α
2654 3889 2798 3965 Ἐγώ
2839 3910 2895 3945 σε
2940 3890 3263 3965 ἁνεγέννησα
3309 3894 3486 3951 κακῶς
3533 3887 3628 3942 ὑπὸ
3670 3885 3839 3954 κόσμου

492 3978 567 4043 vi,
601 3980 700 4050 qui
735 3982 886 4036 male
914 3999 948 4036 a
978 3983 1199 4037 mundo
1228 3983 1434 4038 mortis
1466 3982 1696 4037 victima
1730 3984 1941 4038 fuisses
1973 4000 2074 4054 gen

2258 3979 2381 4053 πρὸς
2411 3981 2635 4034 θάνατον
2667 3979 3034 4054 γεγενημένον
3064 3997 3075 4009 ο
3095 3969 3840 4057 ἠλευθέρωσα,ἷασάμην,ἐλυ-

488 4071 585 4122 tus
611 4083 626 4122 :
659 4068 715 4122 in
740 4069 1072 4124 libertatem
1093 4072 1340 4140 asserui,
1365 4073 1584 4134 sanavi,
1620 4072 1858 4126 redemi.
1889 4072 2000 4143 Ego
2033 4073 2070 4128 Ι]

2259 4069 2722 4144 ερωσάμην.Ἐγώ
2755 4086 2840 4122 σοι
2863 4066 3018 4140 δείξω
3044 4072 3178 4123 Θεοῦ
3208 4069 3414 4143 πατρὸς
3445 4066 3637 4141 ἂγαθοῦ
3662 4059 3841 4134 πρόσω-

491 4153 626 4211 boni
661 4159 846 4229 patris
879 4159 982 4214 tibi
1018 4158 1244 4214 vultum
1262 4160 1566 4214 ostendam
1595 4177 1607 4214 :
1641 4159 1758 4214 noli
1783 4166 2005 4231 patrem
2036 4178 2069 4216 v

2259 4177 2343 4212 τον
2371 4174 2382 4186 ·
2421 4159 2497 4230 μὴ
2530 4156 2687 4212 κάλει
2714 4162 2921 4228 σεαυτῷ
2953 4157 3158 4232 πατέρα
3190 4157 3279 4212 ἐπὶ
3312 4164 3416 4234 γῆς
3438 4173 3451 4188 ο
3477 4157 3525 4210 οἱ
3554 4149 3715 4227 νεκροὶ
3739 4145 3841 4234 τοὺς

486 4259 620 4300 care
652 4262 829 4316 super
858 4253 1075 4302 terram
1101 4264 1114 4302 :
1169 4249 1382 4302 mortui
1411 4248 1697 4318 sepeliant
1726 4254 1992 4304 mortuos
2017 4266 2029 4305 :
2067 4269 2068 4274 η

2258 4247 2465 4318 νεκροὺς
2521 4242 2868 4300 θαπτέτωσαν
2904 4264 2916 4276 ·
2945 4244 3008 4299 σὺ
3069 4243 3128 4300 δέ
3180 4265 3279 4318 μοι
3329 4233 3661 4301 ἀκολούθει·
3701 4233 3840 4302 ἀνάξω

484 4347 620 4388 vero
645 4350 737 4389 me
759 4335 1344 4406 sequere;sublimem
1368 4336 1522 4390 enim
1544 4336 1752 4390 ducam
1778 4337 1837 4390 in
1867 4339 2065 4408 requie

2255 4336 2346 4410 γάρ
2378 4355 2436 4389 σε
2465 4333 2541 4395 εἷς
2574 4335 2867 4388 ἀνάπαυσιν
2918 4334 3168 4410 ἀρρήτων
3219 4340 3315 4389 καῖ
3361 4331 3594 4388 ἀλέκτων
3645 4322 3837 4402 ἀγαθῶν,

486 4435 855 4489 arcanorum,
888 4429 946 4479 et
971 4441 1098 4496 qua;
1130 4440 1301 4479 nemo
1332 4425 1523 4494 eloqui
1560 4429 1754 4494 queat,
1801 4425 2068 4480 bonorun

2260 4425 2375 4496 ιμή
2409 4420 2693 4499 ὀφθαλμὸς
2722 4420 2850 4489 εἶδε,
2887 4427 3028 4495 μήτε
3058 4423 3151 4484 οὗς
3189 4421 3415 4492 ἤκουσε,
3451 4421 3583 4494 μήτε
3623 4414 3699 4471 ἐπὶ
3740 4425 3842 4499 κ-αρ·

486 4525 618 4580 quae
649 4511 854 4567 oculus
875 4530 988 4568 non
1022 4514 1186 4581 vidit,
1219 4530 1322 4569 nec
1352 4514 1511 4568 auris
1563 4515 1784 4582 audiat,
1813 4531 1918 4570 nec
1941 4517 1996 4570 in
2031 4533 2068 4572 cl

2256 4511 2356 4568 Βίαν
2405 4496 2706 4585 ἀνθρώπων
2756 4507 2946 4581 ἀνέϐη,
2992 4511 3067 4572 εἷς
3134 4511 3168 4565 ἃ
3237 4510 3585 4583 ἐπιθυμοῦσιν
3651 4496 3838 4576 ἄγγελοι

485 4597 745 4656 hominis
778 4603 1172 4658 ascenderunt
1201 4604 1294 4674 (c),
1329 4603 1385 4657 in
1415 4619 1544 4673 quae
1576 4602 1911 4658 desiderant
1942 4621 2067 4678 angi

2257 4602 2580 4676 παρακύψαι,
2631 4601 2719 4655 καὶ
2775 4598 2906 4656 ἰδεῖν
2967 4601 3100 4676 ἅπερ
3180 4600 3470 4674 ἡτοίμασεν
3515 4598 3542 4650 ὁ
3591 4592 3707 4652 Θεὸς
3747 4591 3839 4678 τοῖς

485 4689 844 4758 prospicere,
895 4699 952 4746 et
989 4671 1354 4762 videre-quae
1400 4671 1732 4763 preparavit
1786 4699 1933 4748 Ueus
1986 4671 2067 4748 bo:

2255 4671 2427 4764 ἁγίοις
2479 4671 2656 4764 άγαθὰ
2708 4690 2799 4744 καὶ
2853 4695 2971 4752 τοῖς
3023 4671 3273 4766 φιλοῦσιν
3303 4671 3458 4744 αὐτὸν
3487 4688 3696 4742 τέκνοις.
3723 4671 3837 4766 Ἐἶώ

485 4777 708 4831 sanctis
723 4781 942 4849 sequed
955 4761 1292 4852 iligentibus
1306 4761 1665 4852 ﬁlii—s(dl.Ego
1681 4784 1962 4837 nutritius
1977 4789 2067 4837 tut

2253 4761 2343 4834 σου
2373 4761 2625 4856 τροφεὺς,
2650 4775 2808 4853 ἄρτον
2843 4761 3074 4851 ὲμαυτόν
3109 4775 3311 4841 διδοὺς,
3344 4777 3405 4832 οὗ
3434 4773 3739 4856 γευσάμενος
3761 4761 3835 4856 οῦ-

493 4863 594 4934 qui
611 4868 903 4938 meipsum
921 4851 1130 4939 panem
1153 4870 1463 4940 pi-tebeam,
1486 4851 1774 4941 quemlqui
1793 4880 2075 4942 gustaver'

2247 4868 2357 4931 δεὶς
2388 4851 2466 4923 ἔτι
2487 4851 2940 4941 πεῖραν-θανάτου
2971 4861 3261 4939 λαμϐάνει,
3288 4866 3378 4922 καὶ
3408 4863 3554 4936 πόμα
3588 4857 3694 4914 καθ’
3721 4851 3811 4924 ἡμέ

493 4971 665 5013 nemo
697 4956 886 5012 adhuc
922 4959 1129 5014 mortis
1160 4958 1483 5029 periculum
1519 4958 1724 5025 iaciet;
1759 4959 1859 5030 qui
1891 4961 2072 5014 funda

2255 4979 2340 5030 οαν
2392 4955 2632 5017 ἐνδιδοὺς
2691 4956 3000 5023 ἀθανασίας,
3033 4957 3177 5030 Ἐγὼ
3230 4953 3550 5012 διδάσκαλος
3589 4948 3837 5032 ὑπερθυρα·

487 5045 746 5116 quotidie
777 5051 978 5117 potum
1013 5025 1490 5102 immortalitatis.
1542 5047 1658 5117 Ego
1691 5025 1966 5120 magister
1995 5065 2069 5104 cce

2251 5025 2372 5103 νίων
2401 5044 2783 5118 παιδευμάτων
2811 5065 2824 5077 ·
2863 5044 2996 5104 ὑπὶο
3046 5048 3142 5100 σοῦ
3189 5043 3324 5120 πρὸς
3375 5043 3464 5098 τὸν
3497 5037 3703 5103 θάνατον
3729 5025 3833 5120 διη-

491 5132 758 5190 celsioris
790 5135 1064 5190 doctrinm
1096 5151 1162 5190 ac
1195 5135 1534 5207 disciplina).
1562 5139 1670 5190 Pro
1703 5142 1759 5190 te
1790 5153 1922 5190 cum
1949 5153 2073 5192 mor

2250 5157 2564 5212 γωνισαμην
2596 5114 2688 5189 ναὶ
2716 5135 2808 5189 τὸν
2841 5134 2932 5188 σὸν
2993 5133 3198 5206 ἐξέτισα
3234 5114 3497 5200 ’θάνατοη
3520 5127 3581 5224 ,ὃν
3605 5114 3832 5224 .ὥφιξλες

484 5234 776 5281 certamen
802 5224 1103 5291 desudavi,
1129 5241 1196 5280 ac
1217 5224 1386 5291 cujus
1421 5241 1552 5279 reus
1580 5242 1758 5295 poenae
1781 5242 1911 5280 eras
1934 5226 2005 5280 ob
2033 5243 2064 5296 p

2247 5224 2331 5281 ἐπὶ
2361 5229 2480 5286 τοῖς
2509 5223 3035 5299 προημαρτημένοις
3067 5221 3156 5276 καὶ
3185 5225 3254 5296 τῇ
3285 5221 3419 5298 πρὸς
3447 5216 3570 5273 Θεὸν
3595 5213 3829 5275 amati?”

483 5317 634 5369 trala
666 5313 876 5368 delicta
903 5315 1131 5383 Deoque
1164 5316 1434 5382 negatam
1460 5312 1634 5367 ﬁdem
1669 5319 1726 5368 et
1755 5313 2065 5370 iucredulit

2246 5314 2466 5372 Τούτων
2497 5317 2607 5368 τῶν
2635 5311 2812 5388 λόγων
2844 5309 3171 5385 ἑκατέρωθεν
3207 5308 3510 5376 διακούσας,
3539 5301 3659 5374 ὑπὲρ
3702 5313 3828 5351 σεαυ-

477 5401 556 5459 tis
581 5403 814 5470 crimen,
847 5418 952 5475 ego
984 5401 1220 5458 exsolvi.
1257 5424 1282 5452 ››
1311 5401 1416 5468 Qui
1451 5401 1558 5457 hos
1601 5403 1873 5474 utrinque
1903 5418 2059 5490 ser‘m

2250 5409 2335 5459 τοῦ
2383 5401 2626 5471 δίκασον,
2657 5401 2747 5457 καὶ
2793 5401 2892 5470 τήν
2939 5403 3119 5478 ψῆφον
3167 5399 3343 5475 ἔνεγκε
3380 5401 3448 5472 τῇ
3479 5393 3658 5450 σαυτθῦ
3683 5401 3832 5448 σωτη-

586 5617 649 5682 ›ι‹
678 5623 738 5677 p.
771 5621 876 5676 938
907 5621 1016 5679 ED.
1047 5620 1348 5678 POTTER.
1386 5621 1460 5691 (a)
1492 5619 1668 5676 Maro.
1700 5636 1758 5686 x,
1786 5619 1857 5674 29
1889 5620 1964 5692 (ι)
1988 5621 2168 5681 Luc.)

1801 5619 1857 5674 39
1889 5620 1964 5692 (ὁ)
1988 5621 2128 5681 Luc.
2157 5639 2273 5693 xxv,
2305 5623 2397 5679 26.
2431 5624 2498 5690 (ο)
2534 5623 2551 5677 Ι
2582 5623 2708 5677 Cor.
2741 5638 2805 5691 ii,
2834 5621 2888 5676 9.
2920 5620 3043 5691 (ἀμ
3077 5623 3198 5677 Pet.
3225 5636 3265 5688 ι,
3299 5620 3383 5674 12.
