4006 6200
247 309 365 367 O29

1397 309 1614 364 LIBER
1649 305 1818 371 QUIS
1853 305 2073 361 DIVBS
2108 306 2512 364 SALVRTUR.

3542 307 3651 363 630

239 435 352 508 ρὶα.
381 430 492 490 Κᾶν
518 429 770 510 ἀδελφὸς
798 429 966 506 ὅμοια
1017 428 1182 508 λέγῃ,
1233 429 1329 485 κᾶν
1361 429 1572 503 τέκνον,
1603 428 1698 485 κᾶν
1730 429 1864 503 γυνή

2008 445 2112 486 nes
2140 431 2367 499 audias,
2400 447 2504 504 pro
2535 435 2591 487 te
2624 429 2750 504 ipse
2775 437 2898 487 esto
2920 429 3123 503 judex,
3169 429 3348 502 inque
3378 433 3491 486 tuae
3523 446 3648 488 rem

234 521 334 579 κᾶν
371 525 650 591 ὁστισοῦν,
712 522 820 597 πρὸ
875 520 1090 576 πάντων
1149 519 1203 575 ἓν
1260 521 1345 575 σοὶ
1406 517 1637 596 Χριστὸς
1669 520 1697 574 6
1727 522 1870 574 νικῶ*

2005 517 2212 575 salutis
2236 518 2381 576 ferto
2411 519 2787 576 sententiam.
2823 523 2888 574 Et
2918 519 2966 574 si
3001 519 3176 574 frater
3199 517 3418 574 similia
3449 518 3649 592 loqua-

227 607 379 666 ἔστω·
417 611 558 685 ὑπὲρ
593 613 696 665 σοῦ
725 611 829 686 γάρ
851 610 1201 684 ἀγωνίζεται.

287 879 412 934 ΚΔ’.
477 875 718 931 Δύνασαι
774 875 866 931 καὶ
912 879 1020 930 τῶν
1081 895 1192 951 χρη
1206 877 1389 948 μάτων
1444 873 1764 948 ἐπίπροσθεν
1815 875 1884 929 εἴ·

219 987 324 1021 ναι.
369 967 628 1040 Φράσον·
663 991 693 1018 ι(
728 964 826 1020 Ναὶ
857 965 960 1020 οῦκ
986 965 1179 1042 ἀπάγει
1231 986 1298 1038 με
1356 965 1597 1040 Χριστὸσ
1621 969 1722 1034 τῆς
1754 965 1885 1035 κτή-

220 1077 376 1128 σεως,
411 1057 444 1110 ὁ
477 1055 684 1130 Κύριος
741 1054 803 1108 οὐ
847 1058 1057 1133 φθονεῖ.
1087 1078 1116 1107 ιι
1173 1053 1332 1112 Ἀλλ’
1363 1056 1492 1128 ὁρᾷς
1523 1055 1740 1109 σεαυτὸν
1788 1055 1886 1124 ἡτ-

218 1146 474 1219 τώμερον
527 1145 625 1199 ὑπ’
670 1144 848 1199 αὐτῶν
906 1143 1000 1199 καὶ
1055 1142 1520 1219 ἀνατρεπόμενον;
1569 1145 1754 1221 Ἄφες,
1800 1141 1883 1219 ῥί-

218 1238 342 1306 ψον,
403 1233 675 1306 μῖσησον,
731 1232 1018 1304 ἀπόταξαι,
1075 1231 1227 1311 φύγε.
1290 1257 1318 1285 ‹‹
1351 1231 1455 1287 Κᾶν
1489 1233 1518 1288 6
1567 1230 1739 1302 δεξιός
1786 1253 1882 1287 σου

223 1321 516 1400 ὀφθαλμὸς
550 1322 889 1396 σκανδαλίζῃ
917 1343 998 1390 σε,
1025 1347 1052 1374 ιο
1075 1319 1288 1397 ταχέως
1313 1347 1341 1373 ‹‹
1375 1317 1605 1396 ἔκκοψον
1633 1321 1816 1380 αὐτόν.
1848 1346 1878 1375 ››

217 1413 611 1486 Αἱρετώτερον
670 1409 1069 1488 ἒτεροφθάλμῳ
1129 1409 1378 1487 βασιλεία
1436 1415 1594 1483 Θεοῦ,
1653 1409 1688 1480 ἢ
1750 1407 1877 1465 ὁλο-

217 1498 412 1576 κλήρῳ
448 1501 517 1554 τὸ
580 1504 716 1574 πῦρ.
767 1497 872 1554 Κᾶν
922 1499 1069 1575 χεὶρ,
1112 1495 1206 1554 κᾶν
1253 1502 1408 1568 ποῦς,
1461 1499 1560 1552 κᾶν
1606 1500 1642 1568 ἡ
1699 1499 1877 1573 ψυχὴ,

215 1590 450 1662 μίσησον
512 1589 715 1660 αὐτήν.
773 1593 871 1646 "Av
948 1588 1052 1663 γάρ
1128 1587 1348 1643 ἐνταῦθα
1399 1585 1675 1659 ἀπόληται
1743 1588 1876 1664 ὑπὲρ

214 1682 467 1754 χριστοῦ,
501 1678 626 1734 ἐκεῖ
656 1680 903 1753 ζωογονή
911 1699 1080 1734 σεται.

271 1859 393 1916 KE'.
445 1855 677 1928 ταύτης
727 1853 785 1912 δὲ
833 1855 1042 1930 ὁμοίως
1088 1853 1272 1930 ἔχεται
1331 1857 1428 1925 τῆς
1490 1854 1718 1929 γνώμης
1778 1853 1868 1910 καὶ

205 1949 265 2003 τὸ
290 1947 604 2020 ἑπόμενον·
640 1971 669 1996 α
704 1947 818 2004 Νῦν
869 1946 922 2000 ἐν
965 1949 1046 2018 τῷ
1091 1948 1266 2020 καιρῷ
1301 1943 1482 2017 τούτῷ
1531 1942 1729 2020 ἀγροὺς
1779 1944 1868 1999 καί

208 2038 475 2112 χρήματα
527 2033 628 2090 καὶ
678 2033 861 2097 οίκίας
927 2033 1018 2089 καὶ
1067 2030 1336 2107 ἀδελφοὺς
1397 2033 1473 2106 μὴ
1536 2029 1682 2107 ἔχειν
1738 2033 1871 2105 μετὰ

207 2124 498 2200 διωγμῶν.
561 2149 586 2176 ι
622 2121 765 2182 Οὔτε
807 2123 911 2199 γάρ
959 2122 1342 2198 ἀχρημάτους,
1394 2119 1517 2175 οὔτε
1573 2120 1870 2190 ἀνεστίους,

203 2213 318 2269 ὥτε
344 2211 709 2292 ἀναδέλφους
741 2211 830 2267 ἐπὶ
877 2213 977 2282 τήν
1023 2212 1167 2280 ζωὴν
1222 2207 1401 2280 καλεῖ,
1434 2209 1546 2265 ἐπεὶ
1581 2210 1668 2264 καὶ
1703 2208 1869 2264 πλου·

201 2303 343 2367 eice;
391 2302 708 2372 κέκληκεν
757 2299 884 2357 ἀλλ’
935 2298 995 2354 6'v
1046 2301 1248 2375 τρόπον
1299 2301 1728 2374 προειρήκαμεν,
1779 2300 1865 2354 καὶ

201 2390 469 2463 ἀδελφοὺς
517 2392 648 2446 κατ’
700 2389 887 2459 αὐτὸν,
943 2388 1125 2464 ὥσπερ
1180 2388 1378 2462 Ιιὲτρον
1427 2389 1543 2461 μετ’
1589 2385 1868 2461 Ἀνδρέου,

199 2481 282 2534 καὶ
312 2475 595 2538 Ἰάκωϐον
635 2479 774 2552 μετά
823 2477 1078 2536 Ἰωάννου
1124 2477 1252 2540 τοὺς
1308 2471 1597 2532 Ζεϐεδαίου
1648 2473 1868 2545 παῖδας,

205 2568 327 2624 ἀλλ’
377 2569 773 2642 ὁμονοοῦντας
820 2565 1099 2636 ἀλλήλοις
1140 2587 1198 2622 τε
1242 2565 1333 2621 καὶ
1385 2571 1618 2641 Χριστῷ.
1681 2567 1759 2623 Τὸ
1813 2563 1871 2621 δὲ

206 2682 233 2708 ιε
266 2659 400 2731 μετά
434 2656 720 2734 >λιιιιγμῶν
752 2681 780 2710 »
814 2659 983 2712 ταῦτα
1013 2654 1211 2712 ἕκαστα
1253 2653 1400 2732 ἔχειν
1447 2653 1867 2729 ἀποδοκιμάζει.

206 2748 458 2821 Διωγμὸς
495 2744 563 2801 δὲ
608 2748 640 2801 6
696 2743 793 2818 μὲν
841 2766 925 2807 τις
979 2742 1169 2816 ἔξωθεν
1219 2743 1571 2821 περιγίνεται,
1619 2747 1726 2799 τῶν
1772 2745 1868 2799 ἀν-

210 2840 438 2911 θρώπων
472 2835 514 2905 ἢ
561 2832 641 2890 δι’
690 2829 916 2910 ἔχθραν,
948 2835 983 2904 ἢ
1019 2831 1107 2889 διὰ
1154 2833 1374 2911 φθόνον,
1406 2835 1440 2904 ἢ
1473 2830 1564 2888 διὰ
1610 2831 1868 2910 φιλοκέρ-

217 2923 378 2992 δειαν,
439 2927 479 2995 ἢ
544 2925 673 2980 κατ’
731 2923 1001 2999 ἐνέργειαν
1059 2919 1385 2992 διαϐολικήν
1459 2922 1588 2985 τοὺς
1645 2922 1870 2985 πιστοὺς

215 3014 584 3069 ἐλαυνόντων
619 3015 650 3067 6
683 3009 742 3067 δὲ
769 3009 1167 3088 χαλεπώτατος
1197 3009 1408 3065 ἔνδοθὲν
1440 3008 1555 3064 ἐστι
1603 3006 1867 3084 διωγμὸς,

209 3101 451 3173 eam;
495 3101 722 3174 ἑκάστῳ
764 3107 866 3171 τῆς
903 3104 1091 3175 ψυχῆς
1133 3094 1617 3174 προπεμπόμενος,
1667 3097 1871 3170 λυμαι-

210 3193 440 3263 νομένης
471 3193 590 3247 ὑπὸ
620 3190 929 3262 ἔπιθυμιῶν
970 3188 1139 3253 ἀθὲων
1193 3189 1284 3243 καὶ
1331 3185 1546 3258 ἡδονῶν
1593 3187 1865 3243 ποικίλων
1898 3169 1941 3237 C

209 3281 290 3334 καὶ
320 3280 559 3359 φαύλων
598 3277 842 3334 ἐλπίδων
889 3278 978 3332 καὶ
1027 3281 1278 3355 φθαρτῶν
1323 3276 1863 3350 ὀνειροποκημάτων·

212 3369 327 3424 ὅταν
351 3370 435 3424 ἀεὶ
471 3373 591 3424 τῶν
642 3364 918 3423 πλειόνων
972 3362 1296 3442 όρεγομένη,
1345 3365 1434 3421 καὶ
1476 3364 1731 3421 λυσσῶσα
1764 3366 1868 3421 ὑπὸ

210 3457 404 3531 ἀγρίων
467 3456 730 3533 ἐρώτων,
785 3457 876 3511 καὶ
934 3454 1251 3532 φλεγομένη
1319 3454 1556 3528 καθάπερ
1623 3456 1869 3531 κέντροις

213 3545 462 3620 ἧμύωψι
504 3546 631 3608 τοῖς
681 3544 1061 3617 προκειμένοις
1116 3544 1256 3617 αὐτῇ
1314 3542 1558 3612 πάθεσιν,
1613 3543 1866 3616 ὲξαιμάσ-

213 3635 542 3707 σιςταιπρὸς
597 3629 838 3694 σπουδάς
900 3628 1192 3704 μανιώδεις
1220 3630 1312 3686 καὶ
1367 3636 1513 3700 ζωῆς
1559 3630 1864 3707 ἀπόγνωσιν

214 3724 296 3775 καὶ
325 3726 468 3777 Θεοῦ
523 3720 950 3799 καταφρόνησιν.
1004 3717 1180 3781 Οῦτος
1213 3720 1241 3774 ὁ
1274 3716 1520 3794 διωγμὸς
1572 3720 1868 3796 βαρύτερος

215 3810 748 3886 καὶχαλιπώτερος,
791 3807 1006 3873 ἔνδοθεν
1045 3807 1396 3882 ὁρμώμενος,
1454 3807 1534 3862 ἀεὶ
1581 3811 1775 3877 συνὼν,
1807 3809 1866 3864 ὅν

219 3897 340 3954 οὐδὲ
368 3902 624 3976 ἱκῳυγεῖν
668 3900 698 3954 6
727 3896 1065 3969 διωκόμενος
1114 3895 1354 3952 δύναται·
1397 3897 1490 3951 τὸν
1519 3897 1622 3972 γὰρ
1670 3898 1866 3974 ἐχθρὸν

221 3988 270 4043 ἦν
300 3991 476 4060 ἑαυτῷ
507 3988 759 4064 περιάγει
811 3991 1113 4062 πανταχοῦ.
1173 3984 1332 4042 Οὕτω
1387 3986 1478 4041 καὶ
1530 3988 1800 4060 πὺρωσις,
1832 3991 1867 4058 ἠ

222 4079 312 4148 μὲν
371 4077 572 4148 ἔξωθεν
618 4077 1043 4151 προσπίπτουσα
1109 4071 1408 4148 δοκμασίαν
1462 4077 1868 4150 κατεργάζεται,

219 4169 253 4235 ἡ
281 4164 340 4221 ὂὶ
381 4163 603 4230 ἔνδοθεν
655 4166 880 4229 θάνατον
933 4161 1337 4238 διαπράττεται.
1391 4162 1490 4220 Καὶ
1538 4163 1811 4237 πόλεμος,
1842 4167 1871 4220 6

225 4256 313 4326 μὶν
343 4254 584 4315 ἑπσκτὸς
633 4251 836 4330 ῥᾳδίως
885 4251 1234 4320 καταλύεται,
1291 4253 1320 4307 6
1373 4249 1431 4307 δὲ
1486 4250 1538 4307 ἐν
1587 4256 1657 4326 τῇ
1717 4256 1869 4330 ψυχῇ

227 4347 386 4421 μέχρι
419 4345 658 4409 θανάτου
684 4347 1131 4418 παραμετρεῆαι.
1193 4341 1347 4398 Μετὰ
1404 4339 1656 4415 διωγμοῦ
1683 4347 1870 4398 τοιοῦσ

225 4454 315 4490 του
353 4433 604 4488 πλοῦτον
642 4431 731 4486 ἐάν
790 4427 926 4506 ἔχῃς
982 4432 1073 4486 τὸν
1136 4430 1413 4500 αἰσθητὸν,
1471 4427 1566 4484 κᾶν
1602 4428 1871 4508 ἀδελφοὺς

2002 611 2120 675 tur,
2154 611 2212 663 et
2242 607 2290 664 si
2325 608 2502 676 ﬁlius,
2537 613 2592 664 et
2623 608 2672 664 si
2699 625 2862 670 uxor,
2891 612 2944 663 et
2990 607 3039 664 si
3091 607 3280 679 quivis
3309 607 3482 678 alius,
3514 613 3647 664 ante

1998 704 2063 770 ιιι
2087 713 2291 753 omnes
2317 697 2585 753 Christus
2620 698 2678 752 in
2699 702 2756 752 te
2787 700 3008 766 vincat;
3061 697 3280 769 quippe
3328 697 3499 768 cujus
3549 697 3646 754 ille

2000 787 2191 859 gratia
2221 787 2277 842 in
2313 803 2547 843 arenam
2583 787 2921 844 descendat.

2070 874 2266 930 XXIV—
2290 879 2458 931 Potes
2480 879 2536 932 et
2565 875 2830 947 pecuniis
2853 890 3162 948 opponere.
3188 874 3374 931 Dicito
3399 892 3412 931 :
3442 896 3463 926 ι
3491 875 3643 932 Sane

1996 981 2114 1020 non
2145 970 2301 1020 vetat
2331 965 2598 1021 Christus
2648 981 2718 1021 ne
2764 965 3166 1037 possessiones
3219 964 3490 1031 habeam,
3523 981 3640 1020 non

1993 1054 2213 1110 invidet
2247 1057 2546 1112 Dominus.
2575 1078 2602 1105 ››
2629 1059 2697 1111 At
2723 1057 2889 1112 vides
2921 1055 3154 1111 illarum
3203 1059 3261 1110 te
3307 1053 3460 1108 vinci
3502 1053 3637 1109 libi-

1994 1143 2154 1208 dine,
2185 1149 2242 1199 et
2271 1161 2305 1199 a
2337 1145 2544 1200 mentis
2581 1149 2738 1200 statu
2787 1161 2855 1200 ea
2901 1148 2960 1200 te
3008 1143 3338 1200 dimoveri?
3375 1142 3633 1210 Dimitte,

1992 1231 2230 1303 projice,
2262 1233 2594 1306 odioﬂhabe,
2628 1233 2996 1299 abrenuntia,
3040 1233 3195 1303 fuge.
3229 1254 3255 1280 «
3290 1231 3359 1286 Et
3399 1231 3446 1287 si
3493 1232 3635 1286 dex-

1990 1323 2079 1377 ter
2108 1321 2312 1378 oculus
2341 1321 2700 1378 scandalizat
2733 1326 2809 1391 te,
2845 1343 2872 1370 ››
2904 1336 3080 1391 quam
3131 1321 3388 1392 primum
3421 1343 3447 1369 ‹‹
3493 1335 3631 1376 erue

1988 1414 2240 1480 eum(a).
2271 1433 2298 1459 »
2357 1411 2562 1467 Melius
2621 1414 2708 1466 est
2751 1426 2885 1466 cum
2930 1409 3179 1466 unoculo
3227 1424 3474 1481 regnum
3509 1409 3631 1477 Dei,

1989 1515 2165 1570 quam
2200 1499 2426 1573 integro
2459 1499 2634 1573 ignis.
2667 1499 2794 1554 Sive
2825 1498 2903 1555 sit
2937 1515 3173 1570 manus,
3206 1498 3328 1554 sive
3360 1514 3483 1570 pes,
3508 1497 3628 1554 sive

1986 1588 2208 1654 anima,
2267 1588 2418 1643 habe
2475 1588 2629 1645 odio.
2690 1587 2751 1642 Si
2808 1587 2965 1644 enim
3023 1586 3119 1642 hic
3177 1586 3391 1643 Christi
3449 1603 3629 1642 causa

1985 1676 2161 1733 etiam
2197 1685 2408 1750 pereat,
2441 1677 2637 1733 futuro
2667 1693 2788 1734 aevo
2818 1676 2889 1731 ad
2912 1675 3088 1732 vitam
3119 1676 3502 1748 reparandam
3526 1692 3624 1731 ex-

1901 1802 1949 1864 Β
1982 1771 2201 1864 avecta

2051 1856 2204 1912 342
2237 1854 2408 1910 XXV.
2471 1855 2635 1911 Hunc
2695 1871 2936 1912 sensum
2993 1854 3211 1911 habent
3267 1858 3324 1912 et
3368 1871 3494 1927 quae
3526 1872 3618 1911 ee-

1978 1949 2286 2018 quuntur:
2325 1969 2346 1993 ·
2383 1949 2570 2010 Nunc,
2617 1945 2674 2000 in
2727 1950 2992 2016 tempore
3039 1944 3170 2010 hoc,
3214 1961 3408 2018 agros,
3441 1962 3613 2019 pecu-

1981 2034 2160 2102 niam,
2195 2035 2400 2089 domos
2432 2041 2486 2088 et
2516 2035 2723 2089 fratres
2756 2051 2870 2089 non
2903 2033 3116 2089 habere
3165 2050 3298 2088 cum
3347 2051 3622 2107 persecu-

1977 2122 2354 2194 tionibus(b).
2393 2145 2412 2171 ι
2448 2122 2648 2194 Neque
2677 2123 2832 2178 enim
2866 2130 3026 2178 vocat
3051 2122 3122 2178 ad
3155 2123 3331 2179 vitam
3382 2124 3482 2196 qui
3516 2141 3620 2197 pe-

1979 2211 2150 2268 cunia
2181 2217 2435 2282 careant,
2465 2211 2564 2282 qui
2596 2211 2721 2267 sine
2781 2211 2900 2267 lare
2949 2216 3007 2267 et
3055 2216 3229 2278 tecto,
3262 2213 3364 2284 qui
3415 2205 3622 2272 fratres

1980 2299 2173 2356 nullos
2204 2300 2477 2367 habeant,
2510 2317 2642 2356 cum
2685 2301 2973 2356 vocaverit
3002 2301 3178 2357 etiam
3211 2302 3419 2358 divites
3447 2324 3458 2368 ;
3493 2305 3616 2373 sed,

1979 2394 2044 2444 ut
2073 2406 2251 2461 supra
2282 2389 2560 2458 diximus,
2593 2389 2803 2445 fratres
2834 2405 3068 2462 quoque
3101 2389 3260 2445 illius
3291 2391 3483 2448 cultos
3507 2409 3627 2450 mo-

1978 2479 2164 2546 ribus,
2189 2478 2616 2536 velutiPetrum
2642 2483 2699 2534 et
2719 2479 3030 2549 Andream,
3075 2496 3299 2535 necnon
3341 2480 3624 2538 Jacobum
3680 2493 3683 2498 ‘

1978 2572 2035 2624 et
2076 2569 2362 2624 Joannem
2393 2567 2651 2624 Zebedaai
2710 2566 2904 2634 ﬁlios;
2960 2584 3157 2623 verum
3194 2569 3346 2623 inter
3377 2586 3440 2624 se
3487 2586 3625 2627 con-

1977 2658 2182 2713 cordes
2203 2661 2262 2712 et
2292 2673 2424 2712 cum
2446 2657 2698 2712 Christo.
2724 2656 3004 2712 Ceterum
3028 2656 3262 2729 singula
3283 2658 3405 2715 haec
3427 2682 3456 2709 «
3488 2676 3622 2717 cum

1974 2745 2482 2818 persecutionibus
2517 2769 2543 2794 »
2589 2745 2802 2801 habere
2847 2762 2959 2801 non
3004 2746 3229 2818 probat.
3290 2747 3621 2803 Persecutio

1976 2851 2112 2890 vero
2141 2834 2254 2890 alia
2285 2835 2516 2906 quidem
2570 2834 2898 2890 forinsecus
2946 2835 3216 2905 obtingit,
3268 2852 3618 2908 persequen-

1977 2923 2138 2980 tibus
2168 2923 2510 2979 hominibus
2539 2923 2735 2978 ﬁdeles
2768 2928 2826 2978 et
2855 2923 2942 2979 vel
2966 2923 3285 2979 inimicitia;
3308 2941 3506 2993 causa,
3530 2925 3617 2982 vel

1977 3014 2232 3080 invidiae,
2279 3014 2365 3070 vel
2414 3013 2585 3082 lucri,
2630 3013 2717 3069 vel
2762 3014 3142 3086 suggestione
3189 3016 3497 3072 diabolica.
3546 3020 3618 3072 At

1978 3104 2325 3177 gravissima
2358 3104 2686 3176 persecutio
2720 3109 2832 3170 est,
2867 3120 2992 3174 quae
3041 3105 3229 3159 oritur
3259 3105 3618 3162 intrinsecus

1978 3210 2048 3249 ex
2104 3194 2233 3266 ipsa
2285 3194 2574 3264 cujusque
2631 3193 2849 3258 anima,
2909 3193 3220 3264 depravata
3251 3194 3448 3267 impiis
3480 3196 3623 3251 desi-

1977 3283 2156 3338 deriis
2189 3283 2479 3353 variisque
2510 3281 2925 3352 voluptatibus,
2956 3298 3178 3338 necnon
3213 3283 3478 3355 improba
3518 3301 3622 3357 spe

1977 3371 2370 3442 inanibusque
2400 3370 2734 3436 insomniis;
2757 3388 2882 3442 quae
2917 3370 3083 3443 plura
3106 3388 3334 3441 semper
3364 3373 3616 3429 habendi

1976 3461 2297 3532 cupiditate
2324 3464 2380 3515 et
2413 3461 2617 3514 ferinis
2647 3459 2950 3515 amoribus
2985 3459 3209 3522 rabida,
3244 3466 3618 3534 mtuansque,

1978 3550 2222 3620 objectis
2273 3547 2430 3603 velut
2478 3547 2736 3604 stimulis
2783 3547 3140 3620 aculeisque,
3190 3549 3519 3620 affectibus,
3553 3569 3619 3608 ac

1975 3636 2339 3702 libidinibus,
2373 3640 2711 3691 cruentetur
2731 3638 2800 3690 ad
2836 3637 3053 3692 furiosa
3078 3638 3295 3706 studia,
3314 3639 3380 3694 ad
3409 3639 3615 3712 despe-

1978 3726 2220 3781 rendam
2281 3725 2531 3781 salutem
2586 3726 2800 3797 Deique
2847 3727 3223 3797 spretionem.
3285 3728 3616 3786 Persecutio

1977 3813 2100 3870 haec
2131 3813 2362 3886 gravior
2389 3817 2478 3868 est
2494 3818 2550 3868 et
2580 3813 2864 3879 acerbior,
2883 3830 2950 3868 ex
2981 3815 3175 3871 animo
3197 3815 3324 3887 ipso
3347 3834 3616 3888 prorum-

1977 3919 2144 3976 pens,
2175 3918 2523 3973 semperque
2578 3919 2854 3973 praesens,
2904 3919 3079 3974 quam
3115 3919 3220 3959 nec
3256 3906 3472 3962 evitare
3512 3925 3618 3980 po-

1977 3995 2092 4048 test
2121 3992 2221 4062 qui
2254 3989 2354 4045 illa
2383 3990 2679 4062 appetitur
2712 4008 2724 4047 :
2760 3991 2971 4064 quippe
3029 3991 3126 4061 qui
3189 3993 3414 4050 hostem
3456 3997 3616 4052 omni

1979 4079 2104 4136 loco
2136 4080 2194 4134 in
2228 4081 2446 4150 seipse
2496 4080 2891 4135 circumferat.
2942 4080 3224 4137 Similiter
3269 4083 3444 4140 etiam
3491 4103 3619 4159 quae

1979 4169 2341 4226 extrinsecus
2369 4168 2703 4236 adhibetur,
2735 4169 2995 4225 incensio
3028 4187 3096 4225 ac
3121 4174 3386 4243 tentatio,
3412 4176 3624 4246 proba-

1979 4259 2196 4314 tionem
2244 4261 2556 4328 operatur;
2623 4275 2748 4329 quas
2805 4275 2938 4314 vero
3020 4261 3342 4316 intresecus
3415 4264 3622 4336 oritur,

1981 4351 2228 4403 mortem
2279 4346 2524 4401 inducit.
2579 4347 2796 4402 Bellum
2850 4364 3083 4419 quoque
3139 4350 3528 4407 accidentario
3559 4371 3624 4409 ac

1979 4437 2137 4492 velut
2162 4453 2299 4490 casu
2334 4440 2572 4490 externo
2601 4445 2804 4508 agente
2833 4437 3174 4506 conflatum,
3209 4439 3378 4495 facile
3405 4440 3624 4497 dissol-

228 4525 353 4588 τώς
395 4524 538 4598 πρὸς
586 4521 822 4595 αἵματος
867 4520 959 4575 καὶ
1010 4521 1076 4576 τὰ
1114 4519 1260 4575 ἄλλα
1298 4517 1558 4595 ἐνάχυρα,
1612 4521 1870 4578 κατάλιπε

1986 4525 2160 4591 vitur;
2195 4525 2348 4594 quod
2393 4528 2586 4578 autem
2640 4523 2749 4594 ipsi
2801 4524 2994 4579 animo
3027 4525 3200 4592 inest,
3251 4528 3319 4582 ad
3373 4534 3621 4586 mortem

227 4615 322 4680 τήν
381 4613 597 4668 τούτων
667 4611 1006 4686 παγκτησίαν
1081 4610 1181 4677 τὴν
1257 4607 1346 4664 ἐπὶ
1421 4613 1594 4680 κακῷ,
1652 4609 1874 4685 εῒρήνην

232 4706 438 4772 σεαυτῷ
495 4701 806 4776 παράσχες,
865 4697 1264 4772 ἐλευθερώθητι
1331 4693 1578 4772 διωγμοῦ
1641 4703 1877 4774 μακροῦ,

236 4791 582 4864 ἀπστράφηθι
633 4789 772 4863 πρὸς
813 4787 878 4842 τὸ
934 4785 1265 4862 Εὐαγγὲλιω
1315 4787 1408 4840 ἀπ’
1460 4785 1695 4855 ἐκείνων,
1751 4788 1879 4844 ἑλοῦ

233 4879 319 4932 τὸν
354 4884 594 4949 Σωτῆρα
649 4877 756 4951 πρὸ
812 4876 1053 4942 πάντων,
1110 4875 1204 4928 τὸν
1258 4880 1358 4943 τῆς
1421 4880 1520 4943 σῆς
1575 4878 1878 4953 συνήγορον

237 4968 321 5020 καὶ
363 4964 722 5040 παράκλητον
775 4967 984 5039 ψυχῆς,
1039 4964 1133 5018 τὸν
1190 4969 1291 5032 τῆς
1344 4962 1572 5038 ἀπείρου
1622 4965 1880 5038 πρύτανιν

241 5062 400 5125 ζωῆς.
463 5081 486 5107 σ
535 5057 612 5110 Τὰ
665 5054 768 5129 γὰρ
829 5053 1145 5130 βλεπόμενα
1195 5052 1519 5126 πρόσκαιρα·
1573 5053 1641 5108 τὰ
1697 5052 1753 5109 δι
1807 5057 1883 5129 μὴ

1985 4629 2174 4685 usque
2205 4613 2556 4670 extenditur.
2605 4612 2746 4666 Cum
2776 4612 2879 4666 tali
2915 4613 3094 4683 igitur
3129 4617 3532 4686 persecutione
3572 4621 3622 4676 si

1987 4701 2252 4757 carnales
2273 4699 2508 4754 divitias
2539 4698 2778 4762 habeas,
2809 4701 2855 4754 si
2889 4700 3098 4756 fratres
3130 4703 3394 4760 carnales
3424 4709 3480 4761 et
3509 4707 3626 4764 alia

1991 4791 2261 4862 pignora;
2296 4804 2529 4842 omnem
2555 4789 2702 4842 hanc
2725 4789 3154 4858 possessionem
3173 4807 3535 4867 censumque
3565 4797 3624 4853 in

1991 4879 2211 4934 malum
2245 4880 2544 4932 cedentem
2580 4877 2861 4949 relinque,
2893 4879 2998 4932 tibi
3031 4879 3154 4950 ipse
3183 4897 3384 4952 pacem
3418 4887 3627 4958 praebe,

1992 4967 2217 5040 prolixa
2257 4966 2506 5021 liberare
2555 4965 2975 5035 persecutione,
3016 4967 3086 5022 ad
3139 4969 3510 5043 Evangelium
3559 4977 3632 5030 ab
3733 4970 3738 4974 ⁷

1994 5055 2112 5110 illis
2142 5061 2495 5122 convertere,
2519 5073 2630 5126 prie
2662 5056 2934 5110 omnibus
2955 5055 3310 5114 Salvatorem
3336 5061 3635 5134 elige,tuae

242 5144 553 5218 βλεπόμενα
584 5143 806 5200 αἰώνια.
849 5166 878 5194 ››
925 5141 1025 5196 Καὶ
1074 5140 1128 5196 ἐν
1181 5141 1276 5214 μὶν
1327 5145 1407 5213 τῷ
1435 5142 1664 5215 παρόντι
1697 5143 1870 5217 χρόνι,

1996 5147 2304 5215 patronum
2341 5159 2406 5197 ac
2429 5142 2703 5198 solatium
2726 5142 3312 5218 animmnullumque
3336 5148 3506 5206 ﬁnem
3541 5151 3642 5208 ha-

237 5234 503 5309 ὁκύμορα
528 5231 621 5288 καὶ
669 5225 920 5299 ἀϐέϐαια,
967 5230 1021 5285 ἐν
1049 5233 1132 5301 τῷ
1171 5227 1460 5304 ἐρχομένῳ
1491 5226 1548 5284 δὲ
1580 5232 1692 5300 ζωή
1744 5229 1884 5285 ἐστιν

238 5323 366 5376 αἰών
380 5343 486 5384 ιος.

1997 5231 2204 5288 bilurie
2221 5230 2590 5302 praebitorem
2617 5231 2768 5286 vitas.
2788 5253 2816 5280 ‹‹
2848 5235 2982 5298 Quae
2997 5233 3154 5288 enim
3177 5235 3468 5307 videntur,
3494 5244 3608 5296 tem
3624 5271 3642 5283 -

1999 5320 2222 5393 poralia
2243 5326 2401 5382 sunt;
2436 5337 2562 5391 quae
2594 5326 2786 5377 autem
2823 5337 2938 5376 non
2957 5321 3478 5390 videntur,aeterna
3501 5331 3589 5398 (c).
3613 5352 3641 5380 ι»

238 5412 298 5468 Et
331 5414 390 5469 in
419 5411 699 5486 presenti
717 5411 953 5483 quidem
1013 5407 1077 5472 ιιι
1122 5413 1386 5480 tempore
1439 5409 1664 5465 caduca
1705 5418 1848 5466 sunt
1887 5408 2166 5482 nullaque
2215 5409 2495 5465 ﬁrmitate
2543 5408 2722 5478 fulta;
2757 5410 2814 5465 in
2849 5409 3046 5466 futuro
3078 5417 3275 5468 autem
3307 5419 3523 5474 aeterna
3553 5424 3639 5476 est

237 5502 367 5558 vita.
1816 5527 1818 5530 ·

239 5677 294 5735 v,
321 5660 408 5722 48.

306 5541 456 5665 ξι».
486 5592 596 5648 939
624 5591 738 5648 ne.
764 5588 1069 5648 por'raa.
1181 5587 1243 5649 ›ι‹
1270 5594 1332 5645 p.
1362 5589 1470 5644 940
1498 5587 1610 5646 ED.
1638 5561 1870 5649 POTTE

2055 5589 2133 5664 (a)
2167 5589 2366 5646 Matth.
2399 5606 2451 5662 v,
2483 5591 2575 5645 29.
2688 5589 2763 5663 (b)
2794 5589 2973 5648 Marc.
3003 5607 3098 5661 xx,
3129 5591 3218 5647 30.
3330 5594 3474 5665 (0)11
3504 5596 3633 5656 Cor.
