4006 6200
473 345 574 402 631
1681 413 1684 416 ,
1704 342 2111 402 CLEMENTIS
2146 340 2652 397 ALEXANDRINI
3739 345 3824 404 832

544 468 742 526 XXVI.
772 490 802 520 ιι
831 467 1016 524 Erunt
1075 467 1246 541 primi
1297 466 1626 533 novissimi,
1673 471 1730 524 et
1763 463 2120 538 ﬁncvissimi,

2311 463 2420 530 κζ’,
2453 487 2482 514 ‹‹
2514 464 2763 519 Ἔσονται
2795 463 2847 516 οἱ
2875 467 3087 538 πρῶτοι
3133 460 3370 539 ἔσχατοι,
3411 462 3496 519 καὶ
3543 465 3591 520 οἱ
3635 461 3828 542 ἔσχατοι

477 559 652 632 primi
674 558 999 630 (a).oMulta
1026 558 1118 613 hic
1149 558 1314 613 locus
1348 557 1524 612 habet
1558 554 1967 613 reconditioris
1990 569 2120 608 sen-

2237 553 2468 624 πρῶτοι,
2508 575 2529 602 ι
2564 554 2740 608 Τοῦτο
2781 550 3066 625 πολύχουν
3114 552 3208 624 μὲν
3263 551 3368 606 ἐστι
3422 553 3550 608 κατὰ
3598 555 3688 624 τὴν
3715 556 3826 612 ὑπό-

479 666 582 705 sus
613 655 670 703 et
698 664 824 720 qua:
856 651 1064 719 egeant
1085 646 1503 718 explicatione;
1537 663 1653 701 non
1689 651 1888 701 tamen
1925 645 1996 699 de
2029 641 2120 697 ille

2239 659 2389 693 νοιαν
2423 641 2513 694 καὶ
2545 641 2636 695 τὸν
2669 641 2934 717 σοφισμὸν
2969 643 3101 714 (28),
3142 639 3201 695 ού
3253 642 3358 713 μὴν
3407 635 3456 695 ἔν
3501 663 3560 718 γε
3599 648 3671 715 τῷ
3711 665 3828 713 παρ-

482 733 1678 810 ὶωρνωεεηῐὶειυιιῐηνοτιίιυτᾳυωειίοΝοο
1698 736 1856 790 enim
1880 734 1949 789 ad
1975 731 2120 788 solos

2240 727 2353 783 όντι
2385 730 2484 798 τὴν
2533 731 2758 800 ζήτησιν
2808 729 3046 786 ἀπαιτεῖ.
3080 729 3157 786 Ού
3185 730 3287 805 γὰρ
3336 730 3492 802 μόνον
3543 729 3676 805 ῥέπει
3717 734 3828 808 πρὸς

485 828 695 882 divites
724 829 969 897 spectat,
1004 826 1103 880 sed
1141 825 1210 880 ad
1244 841 1450 880 omnes
1483 825 1654 896 plane
1707 823 1978 879 homines
2029 821 2120 894 qui

2237 816 2364 878 τοὺς
2412 817 2877 892 πολυκτήμονας,
2925 817 3052 874 ἀλλ’
3099 816 3290 880 ἅπλῶς
3342 819 3473 893 πρὸς
3524 820 3730 882 ἅπαντας
3755 821 3827 876 ἆνο

483 914 618 970 ﬁdei
650 914 826 969 semel
860 929 1070 968 nomen
1105 913 1332 968 dedere.
1367 915 1564 983 Itaque
1618 912 1756 967 huic
1809 912 1982 966 modo
2031 925 2120 964 su-

2241 905 2518 980 θρώπους,
2559 906 2687 970 τοὺς
2714 905 2890 960 πίστει
2945 907 3184 979 καθάπαξ
3245 906 3460 968 έαυτοὺς
3516 905 3827 971 ἐπιδιδόντας.

487 1003 904 1076 persedeamus
935 1001 1182 1072 quaesito
1211 1019 1223 1056 :
1263 1003 1412 1072 quod
1448 1006 1640 1056 autem
1679 1000 2008 1070 subjectum
2041 1013 2120 1052 ar-

2239 1001 2397 1050 Ὥστε
2425 1000 2587 1050 τοῦτο
2648 997 2742 1069 μὶν
2795 995 3096 1050 ἀνακεῖσθω
3152 995 3218 1050 τὰ
3271 999 3384 1050 νῦν’
3423 997 3482 1051 τὸ
3512 994 3564 1052 δέ
3608 1017 3662 1072 γε
3709 1019 3826 1072 προ·

487 1095 766 1165 gumento
796 1095 886 1146 est
915 1091 994 1146 ita
1026 1091 1494 1146 demonstratum
1537 1089 1809 1156 arbitror,
1848 1094 1910 1143 ut
1956 1087 2120 1143 satis-

2241 1083 2490 1157 κείμενον
2518 1088 2655 1158 ἡμῖν
2687 1086 2840 1158 οἶμαι
2893 1083 3060 1159 μηδέν
3091 1106 3142 1140 τι
3194 1083 3520 1160 ἐνδεέστερον
3561 1093 3650 1156 τῆς
3693 1085 3830 1162 ἐπαγο

491 1182 711 1237 l‘actum
772 1179 848 1236 sit
898 1179 1043 1234 datie
1103 1179 1270 1246 ﬁdei;
1330 1181 1485 1250 quod
1521 1195 1730 1252 nempe
1763 1177 2028 1235 Salvator
2061 1173 2120 1230 ad

2242 1171 2429 1250 γελίας
2469 1171 2768 1250 δεδεῖχθαι,
2802 1173 2885 1230 ὅτι
2916 1173 3041 1237 τοὺς
3089 1173 3388 1239 πλουσίους
3441 1171 3619 1230 οὐδένα
3664 1177 3831 1252 τρόπον

489 1271 651 1343 ipsas
682 1268 916 1324 divitias
949 1269 1103 1339 quod
1135 1268 1341 1323 attinet
1362 1267 1652 1340 longeque
1675 1269 1968 1340 copiosam
1994 1267 2120 1321 sub-

2245 1265 2273 1320 ὁ
2307 1266 2502 1339 Σωτὴρ
2551 1266 2667 1320 κατ’
2718 1264 2879 1321 αὐτόν
2933 1287 2994 1340 γε
3038 1263 3133 1321 τόν
3179 1266 3420 1322 πλοῦτον
3452 1267 3538 1322 καὶ
3566 1268 3656 1336 τήν
3701 1287 3830 1344 περι-

492 1358 792 1423 stantiam,
823 1358 1034 1413 divites
1057 1357 1217 1412 nullo
1267 1358 1434 1412 modo
1458 1357 1770 1412 excluserit
1801 1360 1903 1411 aut
1924 1353 2007 1410 eis
2042 1371 2120 1410 sa-

2245 1348 2425 1423 ϐολὴν
2453 1358 2556 1419 τῆς
2603 1355 2848 1425 κτήσεως
2896 1354 3306 1421 ἀποκέκλεικεν,
3355 1353 3472 1410 οὐδ’
3522 1357 3690 1419 αὐτοῖς
3714 1357 3832 1411 ἀπο-

492 1450 675 1505 lutem
699 1447 1114 1514 intercluserit,
1148 1447 1199 1502 si
1231 1448 1406 1503 modo
1441 1448 1670 1519 possint
1708 1463 1774 1502 ac
1818 1445 1998 1500 velint
2053 1445 2120 1498 dit

2242 1443 2572 1517 τετάφρευκε
2628 1443 2726 1512 τήν
2782 1442 3078 1518 σωτηρίαν,
3129 1441 3266 1520 εἴγε
3313 1442 3554 1500 δύναιντο
3605 1447 3682 1500 καὶ
3727 1447 3832 1520 βού-

493 1539 644 1594 vinis
683 1538 965 1594 inclinare
1025 1537 1342 1603 mandatis,
1387 1537 1684 1606 vitamque
1734 1551 1900 1589 suam
1961 1533 2120 1589 rebut

2244 1531 2429 1586 Lowro
2464 1531 2790 1586 ὑποκύπτειν
2833 1533 2932 1600 τὴν
2973 1533 3174 1588 ἑαυτῶν
3229 1533 3398 1602 ζωὴν,
3443 1537 3536 1589 τοῦ
3583 1538 3702 1589 Θεοῦ
3739 1539 3836 1597 ταῖς

496 1627 892 1700 temporaneis
921 1626 1248 1697 praeferant,
1285 1641 1509 1681 necnon
1542 1624 1671 1680 ﬁxis
1719 1623 1779 1679 in
1825 1622 2120 1678 Dominun

2247 1617 2514 1690 ἐντολαῖς,
2559 1621 2648 1676 καὶ
2695 1625 2805 1676 τῶν
2842 1622 3186 1696 προσκαίρων
3238 1626 3546 1699 προτιμῷεν
3597 1623 3678 1677 καὶ
3729 1621 3836 1698 βλέ-

500 1717 851 1780 luminibus,
883 1717 1011 1786 ejus
1042 1720 1106 1769 ut
1136 1715 1269 1770 boni
1303 1713 1711 1787 gubernatoris
1737 1717 1946 1768 nutum
1975 1711 2120 1766 avidi

2249 1731 2401 1766 ποιεν
2455 1713 2592 1787 πρὸς
2649 1712 2742 1766 τὸν
2796 1713 2993 1787 Κύριον
3053 1714 3231 1768 ἀτενεῖ
3284 1718 3365 1785 τῷ
3436 1713 3710 1790 βλέμματι,
3756 1735 3836 1768 κα-

502 1805 926 1878 exspectatione
955 1804 1278 1871 attendant,
1334 1803 1470 1873 quid
1523 1803 1685 1871 velit,
1727 1801 1866 1873 quid
1912 1800 2115 1872 jubeat

2252 1802 2418 1875 θάπερ
2479 1801 2553 1863 εἷς
2611 1801 2811 1878 ἀγαθοῦ
2861 1797 3191 1875 κυϐερνήτου
3245 1806 3415 1875 νεῦμα
3470 1800 3769 1875 δεδορκότες,
3793 1803 3834 1855 τί

505 1895 646 1968 quid
677 1895 930 1963 mandet,
963 1909 1141 1964 quam
1165 1893 1290 1949 suis
1320 1893 1514 1948 nautis
1537 1893 1635 1947 dat
1664 1897 1945 1948 tesseram
1973 1907 1986 1958 ;
2027 1905 2120 1961 qui

2254 1887 2532 1966 βούλεται,
2562 1890 2616 1945 τί
2669 1890 3012 1965 προστάσσει,
3068 1891 3419 1964 τίσημαίνει,
3461 1892 3512 1947 τί
3548 1887 3716 1947 δίδωσι
3740 1897 3834 1952 τοῖς

498 1984 736 2039 tandem
768 1989 826 2038 et
853 1983 1006 2037 unde
1037 1997 1271 2037 cursum
1289 1979 2120 2053 navigationisjintendat.Quic

2247 1979 2412 2034 αὑτοῦ
2440 1979 2659 2042 ναύταις
2689 1980 2751 2036 τὸ
2783 1980 3054 2054 σύνθημα,
3095 1985 3201 2036 ποῦ
3234 1981 3324 2036 καὶ
3371 1981 3525 2036 πόθεν
3569 1983 3654 2036 τὸν
3694 1981 3834 2056 δρμον

495 2071 651 2127 enim
685 2076 884 2143 peccat
915 2069 1128 2142 aliquis
1177 2073 1279 2126 aut
1328 2074 1517 2136 nocet,
1571 2069 1726 2140 quod
1779 2072 1912 2124 ante
1960 2068 2120 2122 fidem

2246 2067 2657 2145 ἐπαγγέλλεται.
2713 2069 2765 2124 τί
2819 2070 2919 2145 γὰρ
2977 2067 3155 2125 ἀδικεῖ
3205 2091 3312 2143 τις,
3345 2070 3390 2124 εί
3445 2069 3708 2146 προσέχων
3754 2070 3834 2137 τὴν

492 2165 823 2232 susceptam
856 2159 1119 2215 animum
1152 2159 1437 2215 adhibens
1461 2173 1722 2230 ususque
1752 2157 2132 2229 parcimonia,

487 2255 720 2321 quantm
744 2247 1125 2303 sufﬁciantad
1151 2248 1458 2302 honestam
1480 2247 1612 2301 vitae
1646 2247 2131 2302 sustentationem

481 2339 596 2394 sibi
629 2337 932 2393 facultates
965 2337 1233 2408 paravit?
1281 2342 1404 2406 aut,
1459 2337 1614 2410 quod
1666 2335 1839 2392 etiam
1875 2352 1908 2390 a
1962 2335 2133 2407 culpa

477 2427 760 2483 remotius
791 2432 899 2496 est,
934 2427 982 2482 si
1013 2426 1208 2482 statim
1243 2443 1276 2481 a
1308 2431 1420 2482 Deo
1455 2427 1747 2498 praebente
1771 2425 2128 2490 animam,in

475 2517 717 2572 domum
749 2515 1038 2587 ejusmodi
1063 2515 1369 2571 hominum
1389 2530 1693 2588 genusque
1715 2514 2018 2586 copiosum
2046 2514 2128 2568 in-

478 2605 694 2660 ductus
709 2611 819 2676 est,
845 2610 1050 2677 potens
1081 2605 1305 2660 scilicet
1337 2603 1584 2674 pecunia
1628 2609 1685 2658 et
1728 2603 1948 2658 divitiis
1979 2619 2126 2674 prae-

483 2693 688 2750 stans?
736 2693 794 2750 Si
828 2694 984 2750 enim
1015 2694 1236 2764 ejectus
1283 2693 1400 2749 vita
1428 2699 1538 2759 est,
1572 2693 1726 2764 quod
1773 2709 1884 2748 non
1919 2697 2127 2764 sponte

486 2799 595 2838 sua
625 2785 778 2839 inter
805 2783 1040 2838 divitias
1079 2788 1254 2838 natus
1301 2787 1390 2837 est
1436 2781 1715 2852 injuriam
1767 2786 1920 2837 certe
1946 2798 1980 2837 a
2010 2781 2127 2837 Deo

485 2873 752 2928 Creatore
783 2873 1021 2945 patitur,
1055 2871 1411 2944 temporaria
1457 2871 1694 2943 quidem
1745 2871 2128 2942 prosperitate

484 2963 760 3030 donatus,
791 2962 910 3018 vita
939 2966 1135 3018 autem
1159 2966 1373 3018 eterna
1397 2961 1970 3032 privatus.Quorsum
1995 2976 2128 3015 vero

485 3068 727 3124 prorsus
754 3068 902 3124 opus
933 3057 1056 3107 erat
1085 3068 1223 3123 opes
1271 3067 1302 3106 e
1347 3056 1499 3106 terra
1549 3049 1858 3120 pullulare,
1891 3049 1937 3104 si
1973 3065 2124 3104 mor-

2243 2158 2496 2232 γνώμην,
2527 2157 2616 2213 καὶ
2647 2156 2968 2236 φειδόμενος
3013 2159 3118 2234 πρὸ
3147 2166 3252 2228 τῆς
3299 2159 3547 2227 πίστεως,
3593 2160 3698 2236 βίον
3740 2159 3837 2212 ἱκα-

2240 2247 2326 2302 νὸν
2361 2245 2674 2318 συνελέξατο
2709 2268 2722 2317 ;
2769 2249 2802 2318 ἢ
2833 2247 2924 2302 καὶ
2953 2248 3016 2303 τὸ
3045 2248 3247 2304 τούτου
3299 2246 3508 2322 μᾶλλον
3553 2245 3838 2323 ἀνέγκλητον

2241 2336 2284 2390 εἰ
2345 2335 2499 2400 εύθὺς
2551 2335 2655 2391 ὑπό
2701 2341 2797 2390 τοῦ
2854 2340 2988 2392 Θεοῦ
3061 2338 3164 2407 τὴν
3231 2340 3418 2413 ψυχὴν
3469 2335 3728 2410 νέμοντος,
3776 2335 3838 2396 είς

2241 2425 2386 2480 οἶκον
2444 2425 2705 2480 τοιούτων
2778 2426 3075 2501 ἀνθρώπων
3133 2425 3424 2500 είσῳκίσθη
3486 2423 3631 2502 γένος
3697 2426 3840 2502 (ipp:-

2241 2511 2431 2592 λαφὶς,
2462 2519 2579 2578 τοῖς
2634 2515 2915 2590 χρήμασιν
2977 2513 3168 2590 ἰσχύον
3229 2516 3322 2570 καὶ
3369 2519 3446 2587 τῷ
3483 2514 3693 2587 πλούτῳ
3732 2534 3838 2588 κρα-

2235 2606 2362 2656 τοῦν
2393 2621 2406 2671 ;
2441 2602 2633 2679 Είγὰρ
2684 2601 2773 2658 διὰ
2827 2604 2926 2672 τήν
2982 2603 3240 2659 ἀκούσιον
3293 2603 3346 2660 έν
3399 2603 3616 2677 πλούτῳ
3661 2602 3834 2678 γένεσιν

2238 2690 2558 2762 ἀπελήλατο
2620 2697 2788 2763 ζωῆς,
2845 2690 3108 2748 ἀδικεῖται
3147 2693 3366 2766 μᾶλλον
3399 2694 3499 2749 ὑπὸ
3549 2697 3640 2748 τοῦ
3683 2712 3832 2766 γεινα-

2241 2781 2404 2852 μένου
2457 2785 2610 2853 Θεοῦ,
2683 2781 3021 2856 προσκαίρου
3080 2783 3174 2855 μέν
3234 2780 3559 2852 ἡδυπαθείας
3608 2781 3835 2851 κατηξιω·

2241 2869 2425 2942 μένος,
2473 2867 2649 2925 ἀϊδίου
2701 2867 2758 2925 δὲ
2811 2875 2957 2940 ζωῆς
3010 2870 3470 2946 ἀπεστερημένος.
3517 2871 3577 2927 Τί
3620 2868 3672 2926 δὶ
3713 2868 3833 2930 ὅλως

2236 2961 2474 3012 πλοῦτον
2534 2959 2703 3034 ἐχρῆν
2757 2959 2817 3014 έκ
2870 2966 2972 3034 γῆς
3025 2959 3305 3016 ἀνατεῖλαί
3365 2981 3514 3032 ποτε,
3545 2960 3586 3014 εἰ
3630 2957 3836 3036 χορηγὸς

2233 3045 2323 3101 καὶ
2355 3047 2614 3120 πρόξενός
2644 3047 2754 3103 ἐστι
2802 3047 3031 3103 θανάτου
3065 3068 3078 3119 ;
3125 3047 3294 3104 Ἀλλ’
3322 3049 3367 3104 εἰ
3399 3046 3610 3104 δύναταί
3659 3068 3730 3109 τις
3767 3043 3834 3098 ἐν·

481 3145 602 3196 tem
631 3141 949 3212 important
969 3141 1218 3212 ejusque
1249 3143 1515 3195 auctores
1547 3138 1875 3196 exsistunt?
1898 3139 1955 3192 Si
1991 3138 2120 3210 quis

2237 3129 2441 3208 δοτέρω
2471 3139 2577 3189 τῶν
2629 3135 2986 3211 ὑπαρχόντων
3036 3134 3306 3210 κάμπτειν
3349 3144 3449 3206 τῆς
3497 3133 3735 3206 ἐξουσίας,
3761 3131 3834 3185 καὶ

481 3197 939 3300 tamen,quibus
971 3197 1153 3284 fultus
1183 3228 1403 3283 divitiis
1435 3235 1545 3294 est,
1577 3229 1646 3281 de
1678 3227 1934 3298 potentia
1955 3197 2120 3282 dece-

2237 3219 2428 3296 μέτρια
2487 3229 2722 3300 φρονεῖν,
2775 3223 2865 3278 καὶ
2924 3230 3244 3300 σωφρονεῖν,
3287 3225 3378 3281 καὶ
3415 3225 3539 3280 Θεὸν
3574 3219 3718 3296 μόνον
3748 3227 3834 3290 ζη-

478 3317 614 3391 dere
644 3317 1028 3388 animumque
1059 3317 1286 3372 ﬂectere
1335 3320 1564 3388 potest;
1612 3319 1670 3371 et
1714 3315 1974 3371 modeste
2031 3332 2124 3371 sa-

481 3421 618 3476 pere
647 3411 825 3476 atque
857 3404 1092 3460 sobrius
1123 3421 1271 3471 esse,
1313 3404 1615 3476 Deumque
1652 3421 1832 3460 unum
1867 3421 2124 3475 quaerere

479 3509 546 3548 ac
581 3496 757 3547 Deum
801 3492 1096 3558 anhelare,
1154 3497 1212 3548 et
1267 3508 1397 3547 cum
1451 3493 1566 3548 Deo
1624 3493 2124 3548 conversationem

480 3581 694 3636 habere
724 3597 736 3636 :
772 3580 863 3636 hic
897 3597 1115 3654 pauper
1148 3585 1353 3653 praesto
1388 3580 1677 3637 mandatis
1707 3584 1814 3650 est,
1843 3580 2009 3648 liber,
2034 3582 2124 3636 in-

481 3670 694 3737 victus,
737 3670 901 3726 nulla
959 3669 1231 3726 laborans
1279 3669 1646 3742 aegritudine,
1694 3669 1856 3725 nullo
1903 3686 1972 3725 ex
2021 3686 2124 3742 pe-

481 3758 674 3815 cuniis
706 3758 963 3815 vulnere.
995 3760 1090 3815 Sin
1125 3760 1344 3826 minus,
1379 3783 1406 3810 ‹‹
1443 3759 1672 3815 facilius
1714 3759 1973 3814 cumelus
2024 3775 2126 3829 per

482 3864 650 3904 acum
685 3848 1250 3920 ingredietur,quam
1279 3849 1438 3905 dives
1469 3849 1758 3919 ejusmodi
1791 3848 2032 3903 intrabit
2062 3849 2121 3902 in

481 3952 724 4007 regnum
757 3937 1183 4010 ccalorum(b).»
1209 3939 1384 3994 Porro
1416 3939 1592 3994 etiam
1607 3938 1783 3993 altius
1815 3937 2118 4010 quidpiam

476 4024 767 4097 signiticet
813 4026 1095 4096 camelus,
1144 4043 1244 4098 per
1296 4030 1515 4082 arctam
1561 4042 1626 4081 ac
1674 4032 2119 4098 coangustatam

473 4114 623 4170 viam
655 4120 1028 4171 antevertens
1059 4115 1330 4183 divitem;
1363 4116 1518 4187 quod
1547 4114 1864 4171 Salvatoris
1897 4121 2119 4187 myste-

467 4204 680 4260 terium
716 4205 773 4260 in
809 4203 1178 4275 Expositione
1226 4203 1650 4276 principiorum
1710 4208 1767 4260 et
1809 4203 2114 4276 theologiaa

466 4292 806 4350 condiscere
835 4293 988 4349 licet.

538 4382 760 4439 XXVII.
793 4382 1007 4438 Verum
1037 4398 1400 4454 exponamus
1434 4381 1690 4452 primum
1721 4383 1792 4438 de
1834 4382 2112 4454 parabola

2231 3316 2366 3382 τεῖν,
2406 3312 2496 3366 καὶ
2545 3312 2673 3368 Θεὸν
2716 3311 2990 3384 ἀναπνεῖν,
3041 3313 3130 3369 καὶ
3188 3319 3311 3387 Θεῷ
3369 3311 3832 3388 συμπολιτεύεσθαι,

2232 3400 2456 3474 πτωχὸς
2518 3399 2675 3462 οὗτος
2727 3400 3030 3476 παρέστηκε
3086 3407 3203 3464 ταῖς
3252 3402 3518 3473 ἐντολαῖς,
3573 3399 3835 3472 ἐλεύθερος,

2233 3487 2527 3560 ἀήττητος,
2561 3489 2773 3555 ἄνοσος,
2804 3485 3046 3560 ἄτρωτος
3092 3490 3194 3546 ὑπὸ
3234 3491 3558 3566 χρημάτων.
3589 3487 3648 3546 Ei
3675 3485 3724 3542 δὶ
3752 3485 3834 3558 μὴ,

2235 3601 2262 3628 ‹‹
2297 3578 2486 3632 θᾶττον
2515 3577 2770 3651 κάμηλος
2799 3575 2906 3636 διὰ.
2944 3577 3177 3654 βελόνης
3221 3578 3599 3650 εἰσελεύσεται,
3627 3579 3659 3648 ἢ
3689 3576 3836 3630 ὁτοι-

2233 3668 2391 3727 οῦτος
2432 3663 2697 3728 πλούσιος
2751 3665 2836 3720 ἐπὶ
2884 3667 2985 3736 τὴν
3050 3665 3330 3744 βασιλείαν
3377 3673 3472 3723 τοῦ
3522 3667 3645 3723 Θεοῦ
3695 3683 3832 3737 παρε-

2235 3752 2502 3811 λεύσεται.
2537 3780 2564 3807 ››
2621 3755 2944 3829 Σημαινέτω
2994 3757 3088 3830 μέν
3140 3755 3232 3812 οῦν
3287 3779 3340 3812 τι
3391 3757 3480 3812 καὶ
3534 3752 3830 3830 ὑψηλότερον

2231 3845 2265 3912 ἡ
2297 3842 2577 3917 κάμηλος,
2628 3841 2718 3900 διὰ
2767 3849 2955 3915 στενῆς
3014 3844 3144 3901 ὁδοῦ
3189 3845 3279 3901 καὶ
3334 3844 3691 3919 τεθλιμμένης
3722 3839 3832 3918 φθά’

2231 3953 2396 3987 νουσα
2425 3935 2516 3988 τὸν
2549 3933 2835 4003 πλούσιον,
2869 3935 3000 4004 ὅπερ
3033 3933 3085 3990 ἐν
3135 3941 3202 4005 τῆ
3259 3936 3449 4012 ἀρχῶν
3483 3936 3590 4009 (29)
3627 3931 3707 3987 καὶ
3731 3941 3832 3994 θεο-

2231 4020 2422 4096 λογίας
2483 4022 2735 4098 ἐξηγήσει
2789 4025 3088 4097 μυστήριον
3143 4028 3240 4080 τοῦ
3305 4031 3562 4099 Σωτῆρος
3633 4021 3832 4093 ὑπάρχει

2232 4117 2442 4184 μαθεῖν.

2296 4382 2414 4439 KZ'.
2446 4379 2524 4438 Ού
2559 4383 2666 4453 μὴν
2723 4379 2872 4437 ἀλλᾶ
2911 4381 2974 4438 τό
3009 4403 3070 4457 γε
3100 4381 3428 4460 φαινόμενον
3481 4385 3706 4457 πρῶτον,
3756 4373 3831 4430 καὶ

472 4473 625 4544 quod
657 4471 814 4527 illius
846 4471 1230 4544 conspicuum
1275 4477 1383 4542 est,
1417 4476 1471 4526 et
1495 4472 1663 4542 cujus
1720 4472 1910 4544 gratia
1959 4473 2112 4527 dicta

2237 4469 2288 4525 it‘
2333 4469 2364 4525 6'
2412 4467 2687 4538 λέλεκται,
2745 4475 2846 4540 τῆς
2905 4464 3233 4543 παραϐολῆς
3297 4471 3637 4546 παρεχέσθω.
3691 4460 3830 4520 Διδα-

471 4561 602 4617 fuit.
627 4563 839 4618 Doceat
863 4561 1180 4634 locupletes
1207 4561 1361 4616 haud
1401 4560 1809 4633 negligentiam
1834 4561 2104 4629 salutem,

2237 4560 2390 4615 τκέτω
2419 4559 2510 4620 τῦς
2559 4557 2920 4634 εὐποροῦντας
2967 4559 3044 4621 ὡς
3093 4557 3191 4614 οὐκ
3236 4557 3540 4631 ἂμελητεον
3586 4563 3679 4626 τῆς
3723 4554 3829 4608 δαυ-

471 4652 640 4724 quasi
673 4653 802 4722 ejus
825 4653 948 4722 jam
981 4668 1115 4723 spes
1149 4650 1342 4707 omnis
1390 4649 1506 4706 illis
1556 4649 1789 4706 sublata
1839 4649 1952 4718 sit;
2010 4666 2112 4706 nec

2237 4653 2327 4703 τῶν
2363 4647 2652 4722 σωτηρίας,
2696 4647 2772 4712 ὡς
2818 4644 2927 4718 ἤδη
2977 4648 3576 4724 προκατεγνωσμένους,
3607 4641 3718 4700 οὐδὲ
3743 4659 3826 4695 ra-

468 4756 602 4794 vero
636 4757 838 4796 rursus
887 4756 1027 4812 opes
1082 4741 1284 4812 pelago
1337 4740 1686 4812 mergendas
1735 4745 1837 4794 aut
1886 4740 2112 4811 impro-

2237 4735 2598 4793 ταποντιστέον
2627 4738 2740 4811 (30)
2779 4737 2843 4791 αὖ
2887 4733 3054 4792 πάλιν
3100 4737 3192 4792 τὸν
3232 4735 3492 4807 πλοῦτον,
3529 4732 3645 4790 οὔτε
3686 4748 3824 4786 κατα-

467 4829 709 4890 bandas.
747 4829 914 4900 quasi
946 4829 1008 4894 »Β
1037 4828 1162 4885 vitis
1195 4829 1542 4884 insidiantes
1577 4834 1634 4884 et
1675 4827 1942 4884 inimicas
1968 4847 1980 4884 :
2005 4829 2105 4884 sed

466 4919 836 4988 discendum,
870 4921 1163 4991 quomodo
1191 4937 1380 4992 quave
1404 4921 1628 4975 ratione
1653 4920 1770 4975 illis
1797 4921 2102 4988 utendum,

2217 4825 2493 4883 δικαπέον
2555 4827 2629 4888 ὡς
2702 4828 2802 4895 τῆς
2850 4830 2994 4896 ζωῆς
3053 4820 3347 4882 ἐπίϐουλον
3405 4824 3494 4880 καὶ
3562 4819 3823 4892 πολέμιον·

2216 4914 2362 4972 ἀλλᾶ
2395 4915 2664 4988 μαθητέον
2713 4913 2831 4970 τίνα
2874 4914 3078 4991 τρόπον
3126 4914 3214 4968 καὶ
3265 4917 3382 4976 πῶς
3436 4911 3652 4986 μλούτῳ
3697 4927 3824 4982 χρη·

462 5014 521 5066 et
551 5015 616 5064 ut
646 5010 759 5064 vita
789 5009 1182 5080 comparanda
1212 5009 1304 5063 sit.
1339 5008 1482 5063 Nam
1509 5011 1646 5080 quia
1704 5027 1814 5064 non
1861 5011 2102 5065 omnino

2237 5007 2388 5071 τέον,
2421 5005 2509 5059 καὶ
2541 5006 2638 5073 τὴν
2697 5005 2841 5073 ζωὴν
2898 5003 3144 5074 κτητέον.
3181 5000 3403 5072 Ἐπειδή
3460 5001 3559 5074 κὰρ
3615 4996 3726 5053 οὔτε
3775 4993 3824 5047 ἐκ

457 5098 608 5170 perit
629 5098 784 5169 quis,
807 5099 1022 5152 timens
1046 5096 1185 5168 quia
1205 5096 1364 5152 dives
1389 5097 1485 5164 sit,
1510 5114 1614 5152 nec
1639 5099 1877 5154 omnino
1900 5099 2100 5156 salvus

2237 5094 2411 5157 παντὸς
2441 5089 2750 5148 ἀπόλλυταί
2799 5110 2900 5159 τις,
2961 5093 3046 5146 ὅτι
3101 5090 3330 5148 πλουτεῖ
3381 5087 3592 5156 δεδιὼς,
3647 5081 3824 5141 ούτιὲκ

454 5192 566 5256 est,
591 5204 658 5244 ea
679 5187 894 5242 fiducia
914 5202 980 5241 ac
1003 5202 1126 5258 spe,
1161 5202 1276 5258 qua
1299 5202 1360 5240 se
1392 5186 1619 5241 salvum
1655 5187 1775 5242 fore
1807 5187 2050 5242 conﬁdit
2083 5205 2096 5244 :

519 5363 582 5428 >11
611 5357 671 5414 P.
703 5357 805 5412 941
840 5357 947 5413 ED.
981 5355 1277 5412 POT'I‘Ell.
1393 5356 1469 5428 (α)
1500 5355 1677 5413 Marc.
1710 5373 1766 5428 κ,
1796 5357 1886 5412 31.

2209 5185 2408 5245 παντὸς
2452 5183 2679 5252 σώζεται
2731 5179 2946 5258 θαῤῥῶν
3003 5182 3092 5236 καὶ
3152 5179 3418 5236 πιστεύων
3475 5179 3551 5241 ὡς
3604 5174 3825 5244 σωθήσε-

1999 5358 2075 5430 (b)
2110 5356 2259 5416 Ibid.
2289 5355 2380 5410 25.

525 5529 970 5610 ﬂectendi}.
1014 5535 1126 5588 Seu
1171 5529 1536 5610 σαφηνισμόν,
1567 5555 1595 5583 ‹‹
1627 5531 2097 5605 explicationem,

2237 5546 2252 5601 ἱ
2279 5528 2523 5610 if“?

451 5604 992 5660 dilucidaticnem.»

525 5677 636 5749 (29)
669 5674 765 5730 Καὶ
798 5673 941 5730 Oeok.
971 5675 1159 5747 Hujus
1187 5674 1323 5732 libri
1349 5675 1568 5733 mentio
1612 5674 1862 5733 habetur
1891 5675 2098 5745 Slrom,

2211 5667 2384 5747 σοι)δὶ
2416 5670 2737 5742 historiam,
2761 5684 2940 5742 quam
2968 5667 3098 5727 vide

2281 5600 2396 5672 (30)
2452 5593 2934 5656 Καταποντιστέον.
3012 5596 3272 5724 Respicit
3337 5593 3581 5652 Cratetia
3649 5587 3816 5674 philo-

2281 5671 2383 5741 phi
2416 5670 2737 5741 historiam,
2761 5684 2940 5741 quam
2968 5667 3098 5727 vide
3145 5684 3181 5726 n
3212 5667 3464 5741 Diogene
3491 5665 3750 5727 Laertwo.
3793 5729 3797 5734 _
