4006 6200
246 368 337 425 θα

1303 356 1522 414 LIBER
1555 355 1728 421 QUIB
1763 357 1983 413 υιηε
2018 359 2403 419 ΒΔΙΝΕἸἯΒ

3459 365 3569 423 631

243 509 346 547 κιο
380 486 482 564 φέρε
537 480 788 538 σκεπτέον
839 481 908 550 ἦν
958 500 1080 536 τινα
1124 500 1226 548 την
1277 475 1478 534 ἱλπίδα
1532 478 1723 540 αὐτοῖς
1779 478 1800 531 ὁ

1920 497 2026 554 age
2056 485 2520 553 consideremus,
2561 503 2738 560 quam
2770 486 2889 544 illis
2921 503 3088 561 spem
3131 486 3395 546 Salvator
3422 508 3568 562 pra-

236 579 384 651 Σωπξρ
434 573 742 648 ὑπογράφει,
771 568 863 624 καὶ
915 573 1035 630 πῶς
1095 567 1153 623 ἂν
1215 567 1279 623 τὸ
1335 568 1428 640 μὲν
1489 565 1814 621 ἀνέλπιστον

227 667 432 742 ἐχέγγυον
481 661 706 734 γένοιτο,
757 660 820 714 τὸ
891 656 950 713 δὲ
1015 655 1263 713 timeat»
1323 656 1402 718 εἷς
1448 661 1638 726 κτῆσιν
1692 654 1816 732 ἀφί-

219 751 543 822 κοιτο.Φῃσὶν
605 750 693 805 οὗν
743 751 771 804 ὁ
824 745 1172 818 διδάσκαλος,
1200 747 1286 808 τίς
1333 748 1368 815 ἡ
1415 744 1644 820 μεγίστη
1707 748 1814 798 τῶν

217 842 430 909 ἐντολῶν,
461 837 814 911 ἠρωτημὲνος
847 855 860 867 ⁸
894 861 924 889 ι‹
960 837 1293 911 Ἀγαπήσεις
1331 835 1420 889 τὸν
1467 833 1667 908 Κύριον
1723 833 1816 888 τὸν

218 931 317 988 Θεόν
365 951 450 984 σου
506 927 555 1000 ἐξ
610 926 746 997 ὅλης
796 932 898 995 τῆς
943 929 1130 1000 ψυχῆς
1163 944 1280 993 σου,
1314 923 1405 978 καὶ
1434 921 1486 995 ἆξ
1519 921 1658 992 ὅλης
1718 929 1819 991 τῆς

472 1038 587 1073 σου.
619 1038 648 1070 ι
684 1015 904 1084 Ταύτης
938 1015 1110 1087 μείζω
1143 1009 1418 1086 μηδεμίαν
1471 1011 1700 1080 ἐντολὴν
1754 1013 1821 1066 εἶ·

213 1132 277 1166 ναι
305 1130 317 1141 ο
343 1109 423 1162 καὶ
456 1105 600 1181 μάλα
631 1106 858 1168 εἰκότως
888 1125 901 1138 ο
936 1104 1024 1159 καὶ
1051 1105 1154 1180 γὰρ
1183 1103 1272 1158 καὶ
1304 1102 1429 1178 περὶ
1459 1107 1556 1158 τοῦ
1596 1103 1819 1179 πρώτου

213 1202 281 1257 καὶ
303 1200 407 1272 περί
436 1201 529 1252 τοῦ
563 1194 826 1270 μεγίστου
853 1191 1258 1269 παρήγγελται,
1285 1192 1448 1248 αὐτοῦ
1505 1197 1614 1248 τοῦ
1656 1199 1816 1252 Θεοῦ,

216 1288 382 1362 napo;
429 1289 611 1358 ἡμῶν,
646 1283 718 1340 δι’
748 1285 810 1339 οὗ
869 1282 959 1338 καὶ
1002 1282 1191 1359 γέγονε
1245 1285 1334 1338 καὶ
1383 1280 1496 1338 ἔστι
1526 1281 1590 1338 τὰ
1620 1283 1817 1355 πάντα,

215 1381 282 1433 καὶ
328 1377 395 1439 εἰς
446 1377 504 1430 ὃν
547 1375 618 1430 τὰ
671 1375 957 1447 σωζόμενα
1012 1372 1176 1430 πάλιν
1254 1371 1629 1447 ἐπανέρχεται.
1687 1373 1816 1428 Ὑπὸ

211 1466 361 1520 τούτου
385 1464 557 1521 τοίνυν
589 1464 1090 1538 προαγαπηθὲντας
1119 1461 1210 1516 καὶ
1266 1465 1364 1516 τοῦ
1415 1461 1664 1535 γενεσθαι
1721 1481 1818 1516 τυ·

211 1557 364 1630 χόντας
400 1554 504 1629 ούχ
551 1555 705 1608 δσιον
760 1551 961 1608 ἄλλοτι
1009 1545 1376 1626 πρεσϐύτερον
1409 1549 1558 1625 ἄγειν
1590 1550 1680 1606 καὶ
1734 1571 1820 1606 τι-

213 1647 466 1718 μιὺτερον·
496 1643 806 1704 ἑκτίνοντας
863 1642 1036 1715 μόνην
1092 1642 1191 1710 τὴν
1257 1639 1418 1716 χάριν
1474 1638 1675 1711 ταύτην
1725 1664 1819 1714 μι-

210 1734 307 1806 κρὰν
331 1733 410 1788 ἐπὶ
436 1734 744 1808 μεγίστοις,
770 1729 916 1787 ἄλλο
951 1727 1006 1808 δὲ
1049 1727 1348 1802 μηδοτιοῦν
1390 1725 1619 1805 ἔχοντας
1663 1731 1814 1786 ἀνεν-

1927 572 2182 642 scribat;
2217 581 2274 630 et
2305 592 2421 648 qua
2448 577 2586 632 item
2625 578 2848 634 ratione
2873 579 3028 649 quod
3061 582 3224 634 extra
3243 595 3409 651 spem
3442 581 3563 636 fore

1928 660 2178 728 videtur,
2211 663 2471 736 pignoris
2491 665 2614 722 loco
2646 667 2766 737 ﬁat,
2797 669 3073 740 quodque
3103 667 3206 723 illa
3246 668 3471 736 nititur,
3506 669 3563 724 in

1930 751 2300 821 adeptionem
2325 758 2545 811 evadat.
2584 756 2677 813 Ait
2705 757 2888 828 igitur
2920 757 3221 829 magister,
3256 759 3568 830 interroga-

1931 842 2051 905 tus,
2081 842 2234 912 quod
2265 843 2340 898 sit
2366 844 2688 901 maximum
2709 846 3138 915 mandatorum,
3162 869 3190 896 ‹‹
3219 847 3435 919 Diliges
3459 848 3570 904 Do-

1931 928 2154 983 minum
2187 931 2370 987 Deum
2391 948 2459 988 ex
2489 937 2615 990 tota
2643 934 2842 989 anima
2863 940 2982 998 tua,
3014 939 3070 989 et
3098 950 3166 989 ex
3195 939 3319 990 tota
3350 935 3567 992 virtute

1929 1019 2031 1072 tua
2052 1020 2151 1088 (α).
2183 1039 2205 1067 ο
2233 1020 2347 1074 Hoc
2368 1022 2597 1076 nullum
2626 1038 2754 1078 esse
2781 1024 3348 1092 majusmaudatum;
3372 1026 3568 1094 etjure

1930 1107 2168 1177 quidem
2201 1109 2423 1180 optimo
2456 1127 2470 1166 :
2505 1127 2637 1166 nam
2672 1121 2726 1166 et
2754 1113 2826 1167 de
2857 1113 3045 1183 primo
3077 1113 3450 1184 maximoque
3481 1113 3570 1168 la-

1931 1198 2057 1250 tum
2093 1199 2430 1254 mandatum
2462 1206 2572 1270 est,
2603 1201 2675 1256 de
2705 1202 2832 1272 ipso
2881 1201 3158 1257 nimirum
3208 1202 3347 1271 Deo,
3403 1202 3569 1260 Patre

1930 1289 2148 1353 nostro,
2185 1303 2286 1358 per
2305 1304 2478 1358 quem
2504 1289 2654 1344 facta
2679 1294 2819 1344 unt
2838 1295 3013 1360 atque
3037 1289 3327 1346 exsistunt
3344 1291 3564 1355 omnia.

1928 1379 1986 1428 et
2015 1375 2085 1430 ad
2118 1391 2290 1446 quem
2317 1394 2525 1433 rursus
2554 1383 2926 1434 revertuntur
2945 1396 3074 1451 qua:
3104 1381 3250 1435 fiunt
3278 1382 3561 1437 salva.Ab

1927 1459 2038 1516 hoc
2070 1463 2252 1535 igitur
2287 1471 2422 1521 ante
2447 1466 2693 1522 dilectos
2741 1472 2800 1522 et
2846 1469 3135 1536 conditos,
3188 1471 3351 1525 nefas
3405 1468 3559 1547 aliud

1929 1551 2161 1620 quidvis
2191 1554 2488 1624 antiquius
2519 1557 2731 1612 ducere
2767 1573 2834 1613 ac
2865 1557 3232 1628 prmtantius,
3277 1574 3453 1629 quam
3502 1563 3568 1614 ut

1927 1634 2080 1696 hanc
2109 1642 2394 1699 duntaxat
2422 1647 2690 1716 exiguam
2733 1648 2976 1716 gratiam
3012 1648 3398 1702 maximorum
3434 1664 3561 1704 mu-

1927 1745 2130 1785 nerum
2163 1738 2330 1802 grata
2361 1733 2480 1789 vice
2512 1735 2854 1803 referamus,
2887 1752 3018 1790 cum
3074 1736 3219 1792 nihil
3261 1735 3420 1791 aliud
3465 1753 3564 1791 ex-

213 1822 293 1878 ὂεεῖ
331 1822 408 1876 καὶ
451 1820 655 1895 τελείῳ
711 1825 831 1892 Θεῷ
866 1820 1002 1896 πρὸς
1033 1814 1272 1892 ἀμοιϐὴν
1306 1817 1592 1888 ἐπινοῆσαι
1619 1839 1631 1852 ’
1667 1820 1800 1895 αύτᾷ

1924 1821 2167 1890 cogitari
2225 1822 2433 1892 possit,
2482 1824 2635 1894 quod
2695 1823 2918 1878 nullius
2965 1826 3155 1896 egenti
3211 1840 3278 1879 ac
3309 1826 3563 1896 perfecto

209 1909 253 1966 δὲ
282 1916 349 1983 τῷ
649 1911 743 1964 τὸν
800 1910 1008 1984 Πατέρα
1058 1907 1133 1969 εἰς
1167 1907 1369 1963 οἷ’κείαν
1404 1907 1561 1982 ἰσχὺν
1593 1910 1683 1964 καὶ
1717 1907 1814 1965 δύ-

210 2022 353 2072 ναμιν,
403 1999 722 2073 ἀφθαρσίαν,
780 1997 1195 2070 νομιζομένους.
1253 1998 1422 2053 ’Όσον
1476 1998 1578 2071 γὰρ
1637 1998 1814 2072 ἀγαπᾷ

210 2111 270 2153 τις
310 2089 386 2143 τὸν
428 2090 576 2160 Θεὸν,
608 2087 862 2160 τοσούτῳ
891 2085 980 2143 καὶ
1014 2085 1179 2141 πλέον
1212 2083 1475 2161 ἐνδοτέρω
1519 2091 1616 2142 τοῦ
1675 2093 1810 2143 Θεοῦ

209 2174 478 2231 ποοσδύεται
488 2222 500 2234 .

258 2355 354 2408 Kll'.
395 2354 650 2429 ,δευτέραν
701 2351 760 2407 δῖ
799 2352 968 2424 τάξει,
1015 2351 1103 2407 καὶ
1157 2350 1311 2408 οὐδέν
1368 2373 1423 2408 τι
1478 2354 1802 2426 μικροτέραν

205 2441 356 2512 ττᾶτης
384 2443 506 2497 εἶναι
552 2441 730 2518 λέγει,
758 2443 820 2497 τὸ
854 2467 881 2494 (ι
915 2443 1246 2517 Ἀγαπήσεις
1290 2441 1384 2497 τὸν
1425 2442 1664 2514 πλησίον
1705 2464 1802 2498 σου

205 2531 258 2594 ὡς
280 2531 469 2586 σεαυτόν
505 2551 519 2566 ο
554 2555 583 2583 ››
621 2530 822 2586 οὐκοῦν
876 2531 963 2586 τὸν
1024 2531 1151 2587 Θεὸν
1216 2531 1348 2606 ὑπὲρ
1382 2532 1625 2590 σεαυτόν.
1661 2537 1801 2590 Πυν-

205 2620 443 2693 οανομὲνου
473 2619 531 2676 δὲ
556 2625 659 2675 τοῦ
721 2617 1286 2697 προσδιαλεγομένου,
1316 2645 1344 2671 ››
1375 2620 1471 2682 Τίς
1530 2619 1639 2676 ἰστί
1694 2643 1799 2696 μου

204 2708 421 2779 elysios;
473 2711 535 2765 οὒ
585 2707 686 2764 τὰν
748 2710 904 2764 αὐτὸν
954 2709 1158 2784 τρόπον
1217 2705 1500 2774 Ἰουδαίοις
1554 2710 1796 2786 προωρί-

204 2817 298 2852 11:0
336 2799 415 2853 τὸν
462 2800 597 2875 πρὸς
655 2796 916 2872 αἵματος,
949 2795 1078 2852 οὐδὲ
1130 2797 1220 2852 τὸν
1256 2796 1518 2868 πολίτην,
1545 2795 1668 2854 οὐδὲ
1703 2800 1794 2855 τὸν

203 2887 516 2959 προσήλυτον,
551 2885 684 2944 οὐδὲ
733 2887 825 2942 τὸν
873 2887 1084 2960 ὁμοίως
1135 2886 1626 2962 περιτετμημένον,
1669 2885 1798 2944 οὐδὲ

202 2975 267 3027 τὸν
289 2977 350 3030 ivi.
377 2978 458 3031 καὶ
482 2978 669 3048 ταύτῷ
700 2976 858 3050 νόμῳ
888 2977 1176 3050 χρώμενον
1212 2995 1226 3008 ο
1259 2974 1403 3032 ἆλλᾶ
1450 2975 1650 3033 ἄνωθεν
1699 3000 1796 3035 κα-

200 3058 458 3120 ταύαένοντα
482 3065 589 3120 ἆπὸ
621 3062 999 3141 Ἰερουσαλὴμ
1051 3065 1172 3140 ἄγει
1220 3068 1300 3137 τῷ
1352 3062 1502 3141 λόγῳ
1546 3068 1668 3121 τινὰ
1719 3067 1796 3130 εἷς

199 3150 384 3228 Ἰεριχὼ,
412 3155 717 3210 καὶτοῦτον
753 3151 1019 3209 δείκνυσιν
1052 3153 1156 3208 ὑπὸ
1202 3149 1415 3227 λῃστῶν
1445 3173 1797 3230 συγκεκεντηο

203 3241 341 3308 μένον,
368 3241 692 3317 ἰρῥιμμένον
731 3241 1007 3314 ἡμίθνητα
1035 3241 1121 3296 ἐπὶ
1149 3244 1249 3306 τῆς
1288 3237 1438 3311 ὀδοῦ,
1465 3243 1567 3298 ὑπὸ
1605 3244 1794 3318 ἱερέως

200 3328 596 3404 παροδευύμενον,
647 3333 759 3388 ὑπὸ
816 3329 1042 3387 Λευΐτου
1098 3332 1516 3408 παρορώμενον,
1575 3333 1679 3389 ὑπὸ
1739 3331 1800 3390 δὶ

198 3423 268 3472 10-3
292 3420 580 3498 Σαμαρίτου
627 3425 735 3477 τοῦ
776 3418 1225 3495 ὲξωνειδισμὲνου
1275 3423 1364 3476 καὶ
1419 3420 1801 3499 ἀφωρισμένου

199 3507 562 3584 ιατελεούμενον
592 3532 607 3546 ο
641 3512 708 3573 ’ὸς
742 3510 874 3586 οὖχὶ
904 3511 1042 3566 κατά
1067 3508 1270 3586 τύχην,
1300 3510 1376 3572 ὡς
1427 3509 1622 3566 ἐκεῖνοι
1661 3533 1799 3587 παρ-

200 3596 349 3667 ῆλθον,
395 3593 518 3654 ἆΑλ⁹
574 3604 716 3669 ἧκεν
797 3599 1184 3670 ἱσκευασμένος
1245 3599 1318 3653 ὧν
1383 3599 1411 3654 ὁ
1473 3597 1800 3657 κινδυνεύων

202 3682 346 3745 ἱδεῖτο.
391 3691 520 3759 οἷον,
575 3689 790 3754 ἔλαιον,
821 3685 1170 3763 ἐπιδέσμους,
1198 3695 1424 3759 κτῆνος,
1477 3690 1667 3763 μισθὸν
1718 3697 1798 3765 τῷ

203 3772 530 3853 τανόοχεῖ,τὸν
568 3781 670 3852 μὲν
701 3776 811 3848 ἤδη
845 3775 1256 3852 διδόμενον,τὸν
1273 3774 1331 3833 δὲ
1360 3778 1798 3856 προσυπισχνού-

205 3883 335 3932 μενον.
376 3893 400 3917 ι(
447 3868 565 3938 Τίς,
608 3864 744 3944 ἔφη,
788 3867 994 3922 τούτων
1050 3865 1234 3944 γέγονε
1307 3866 1543 3938 πλησίον
1602 3874 1680 3942 τῷ
1728 3871 1796 3925 τὰ

202 3946 308 4007 δεινὶ
337 3956 581 4028 madv-:1;
638 3981 668 4009 »
721 3958 831 4014 Τοῦ
879 3953 937 4011 δὶ
1002 3955 1458 4031 ἀποκρινομένου,
1503 3981 1532 4008 ιι
1578 3957 1642 4014 Ὀ
1698 3958 1790 4013 τὸν

200 4037 311 4095 ἔλεον
336 4047 454 4120 πρὸς
496 4046 662 4102 αὐτὸν
715 4043 1117 4119 ἐπιδειξάμενος
1152 4063 1164 4078 ’
1195 4047 1291 4101 Καὶ
1345 4045 1407 4100 σὺ
1457 4046 1661 4119 τοίνυν,
1693 4068 1794 4102 πο-

200 4132 372 4205 ρευθεὶς,
401 4134 538 4192 οὕτω
567 4136 749 4208 ποίει,
784 4160 814 4187 n
845 4136 922 4197 ὡς
967 4141 1066 4206 τῆς
1114 4133 1355 4212 ἀγάπης.
1381 4136 1791 4212 βλαστανούσης

199 4222 401 4280 vimuim.

246 4312 341 4367 KO'.
369 4313 451 4370 Ἐν
482 4314 822 4390 ἀμφοτέραις
855 4313 950 4386 μὲν
979 4311 1069 4368 οὖν
1119 4319 1241 4377 ταῖς
1281 4312 1534 4378 ἐντολαῖς
1571 4315 1790 4391 ἀγάπην

197 4395 434 4471 εἰσηγεῖται
465 4422 479 4436 ⁸
508 4403 657 4473 τάξει
693 4400 742 4456 δ’
764 4402 933 4472 αὐτὴν
966 4399 1217 4477 διῄρηκε.
1249 4404 1347 4461 Καὶ
1391 4403 1531 4460 ὅπου
1579 4405 1674 4478 μὲν
1722 4405 1788 4460 τὰ

200 4493 382 4558 πρωτεῖα
428 4498 526 4562 τῆς
582 4491 808 4566 ἀγάπης
853 4491 1077 4546 ἀνάπτει
1135 4496 1213 4563 τῷ
1264 4497 1400 4564 Θεῷ,
1431 4491 1568 4548 ὅπου
1609 4491 1665 4548 δὲ
1719 4493 1785 4550 τὰ

1921 1907 2038 1964 Deo
2070 1910 2310 1980 rependi
2341 1928 2376 1966 a
2406 1911 2574 1968 nobis
2602 1913 2807 1983 possit:
2840 1914 3085 1985 ipsaque
3116 1929 3183 1969 ea
3207 1913 3430 1969 ratione
3447 1931 3565 1986 qua

1921 1996 2150 2054 Patrem
2182 1999 2508 2071 diligimus,
2541 2007 2763 2073 quanta
2794 2002 2981 2058 virtus
3001 2019 3066 2058 ac
3097 2003 3342 2059 facultas
3366 2004 3567 2071 est,in-

1919 2088 2309 2158 corruptionis
2370 2105 2584 2146 munus
2633 2106 3086 2162 consequamur.
3131 2095 3359 2157 Quanto
3404 2093 3562 2149 enim

1916 2175 2017 2246 qui
2049 2176 2305 2248 amplius
2340 2178 2518 2233 Deum
2551 2178 2764 2251 diligit,
2794 2185 2956 2236 tanto
2987 2180 3046 2236 in
3073 2179 3254 2237 Deum
3287 2181 3560 2238 intimius

1913 2263 2084 2334 quasi
2117 2265 2400 2335 pervadit.

1982 2352 2136 2409 84³
2169 2354 2429 2412 XXVIII.
2461 2355 2727 2412 Alterum
2759 2361 2957 2413 autem
2990 2358 3216 2425 ordine,
3248 2374 3352 2415 nec
3383 2359 3554 2430 quid-

1909 2455 2087 2511 quam
2114 2443 2306 2514 priore
2337 2444 2536 2500 minus
2565 2445 2648 2501 ait
2686 2462 2815 2502 esse
2845 2448 3191 2502 mandatum
3227 2465 3240 2502 :
3275 2469 3302 2496 «
3333 2449 3554 2521 Diliges

1910 2530 2239 2599 proximum
2272 2536 2440 2590 tuum
2459 2534 2881 2606 sicutteipsum
2905 2535 3005 2605 (b).
3031 2557 3058 2585 »
3081 2537 3228 2607 Ergo
3243 2536 3423 2591 Deum
3444 2553 3550 2592 su-

1907 2633 2015 2689 pra
2039 2619 2317 2691 teipsum.
2352 2622 2731 2679 Percontante
2769 2631 2962 2679 autem
3013 2641 3102 2691 eo,
3157 2641 3411 2697 quocum
3462 2625 3548 2681 illi

1907 2722 2097 2764 sermo
2122 2724 2133 2763 :
2163 2731 2190 2759 «
2210 2710 2420 2782 thuis
2441 2716 2529 2767 est
2551 2727 2718 2768 meus
2743 2711 3181 2784 proximus(c)?»
3205 2731 3317 2770 non
3342 2716 3547 2771 eodem

1909 2798 2100 2866 modo,
2125 2814 2239 2868 quo
2276 2799 2486 2866 Judaai,
2515 2801 2780 2857 definivit
2811 2801 3166 2872 proximum,
3196 2803 3254 2858 id
3287 2807 3376 2859 est
3405 2819 3549 2858 con.

1905 2885 2278 2957 sanguinem,
2309 2887 2516 2954 civem,
2562 2889 2946 2962 proselytum,
2974 2897 3075 2945 aut
3132 2891 3234 2963 qui
3275 2891 3550 2947 similiter

1904 2973 2290 3031 circumcisus
2319 2977 2398 3032 sit
2419 2977 2509 3033 vel
2541 2994 2660 3035 una
2679 2979 3000 3050 eademque
3030 2979 3157 3051 lege
3185 2980 3410 3048 utitur;
3445 2981 3546 3036 sed

1905 3061 2202 3120 hominem
2232 3065 2479 3134 inducit,
2510 3067 2610 3138 qui
2644 3067 2844 3139 procul
2862 3071 2934 3124 ab
2952 3069 3279 3125 Jerusalem
3303 3070 3547 3125 descen-

1905 3151 2084 3208 datin
2114 3153 2348 3212 Jericho
2373 3172 2387 3211 ε
2414 3156 2687 3228 huncque
2716 3159 2974 3214 ostendit
2993 3176 3028 3214 a
3057 3158 3385 3215 latronibus
3407 3175 3547 3217 con-

1826 3226 1869 3294 C
1909 3239 2155 3308 fossum,
2190 3245 2512 3312 projectum
2545 3245 2890 3302 semivivum
2918 3246 2978 3303 in
3011 3248 3099 3323 via
3123 3268 3138 3315 ;
3162 3264 3338 3319 quem
3362 3264 3550 3304 sacer-

1913 3330 2020 3385 dos
2053 3335 2378 3401 praetereat,
2401 3331 2603 3390 levites
2625 3335 2944 3408 despiciat;
2975 3335 3386 3393 Samaritanus
3413 3353 3548 3393 vero

1909 3418 2168 3490 (spretus
2189 3420 2286 3476 ille
2304 3438 2370 3477 ac
2386 3424 2751 3494 segregatus)
2785 3424 3190 3480 misericordia
3212 3425 3506 3496 impertiat
3531 3441 3544 3480 :

1908 3508 2066 3564 venit
2085 3516 2278 3564 autem
2313 3527 2428 3566 non
2443 3527 2580 3567 casu
2616 3516 2680 3568 ut
2700 3511 2788 3566 illi
2810 3528 2982 3568 secus
3005 3514 3196 3568 locum
3223 3515 3544 3584 transiens,

1906 3598 2008 3653 sed
2034 3597 2151 3653 illis
2171 3598 2498 3655 instructus
2520 3617 2646 3670 quae
2675 3600 2757 3656 sic
2786 3602 3042 3657 versanti
3086 3602 3145 3657 in
3187 3602 3446 3674 periculo
3478 3619 3546 3658 ac

1905 3685 2196 3742 laboranti
2229 3705 2377 3759 opus
2408 3697 2594 3755 erant,
2627 3698 2766 3761 puta
2785 3689 3543 3762 oleo,alligaturis,jumen-

1905 3780 1962 3831 to
1983 3801 1998 3844 ;
2019 3777 2115 3846 qui
2136 3779 2462 3834 mercedem
2486 3778 2803 3834 stabulario
2825 3780 3036 3850 partim
3071 3781 3310 3848 tribuat,
3328 3780 3542 3852 partim

1903 3881 1966 3921 se
1994 3866 2273 3921 daturum
2309 3867 2668 3938 polliceatur.
2699 3892 2718 3916 ι
2747 3869 2888 3933 Quis
2924 3869 3156 3939 horum,
3184 3869 3402 3941 inquit,
3435 3869 3545 3926 fuit

1901 3953 2201 4025 proximus
2232 3956 2381 4026 ejus,
2416 3956 2514 4026 qui
2547 3957 2678 4012 dira
2714 3973 2928 4029 passus
2959 3957 3094 4013 est?
3126 3979 3154 4007 η
3185 3957 3407 4031 Illoque
3450 3973 3541 4013 re-

1898 4043 2241 4114 spondente.
2273 4067 2300 4094 «
2335 4045 2442 4108 Qui
2475 4045 2608 4100 fecit
2637 4045 3100 4102 misericordiam
3144 4047 3202 4103 in
3251 4047 3440 4113 illum,
3477 4049 3542 4104 Et

1898 4135 1986 4201 tu,
2021 4131 2234 4204 inquit,
2266 4135 2434 4203 vade,
2464 4139 2521 4189 et
2544 4135 2632 4190 fac
2663 4134 2935 4190 similiter
2953 4135 3057 4208 (d);
3085 4158 3111 4185 ι›
3144 4137 3300 4208 quod
3333 4136 3536 4193 videli-

1897 4226 1988 4279 cet
2017 4221 2275 4280 charitas
2300 4223 2694 4279 beneﬁcentiae
2725 4240 2939 4295 parens
2968 4225 3066 4279 sit.

1965 4311 2156 4368 XXIX.
2190 4313 2256 4368 In
2288 4317 2538 4384 utroque
2557 4312 2735 4384 igitur
2755 4314 3032 4368 mandato
3063 4312 3409 4370 charitatem
3425 4314 3526 4368 do-

1894 4405 2170 4458 cumento
2202 4401 2399 4471 tradit,
2426 4401 2630 4457 ordine
2661 4405 2856 4458 tamen
2879 4401 3050 4457 ambo
3082 4401 3202 4457 haec
3224 4402 3526 4458 distinxit:

1894 4489 2545 4562 primasquecharitatis
2567 4495 2762 4560 partes
2789 4490 2907 4546 Deo
2937 4490 3198 4559 ascribit,
3233 4490 3526 4544 secundas

199 4568 410 4661 διπφεῐι
455 4581 608 4651 νέμει
663 4584 744 4651 τῷ
803 4579 1060 4651 πλησίον.
1103 4580 1201 4642 Τίς
1261 4579 1306 4635 δ’
1354 4579 1416 4636 ἂν
1476 4581 1648 4645 ἄλλος
1695 4581 1778 4653 εἴη

1915 4595 2026 4634 rero
2059 4579 2323 4650 proximo
2357 4577 2582 4632 tribuit.
2612 4576 2752 4641 Quis
2783 4593 2917 4632 vero
2940 4577 3097 4632 alius
3147 4577 3322 4632 fuerit
3351 4593 3532 4649 quam

199 4658 304 4730 πλὴν
341 4667 488 4730 αὐτὸς
517 4670 546 4724 ὁ
579 4670 823 4743 Σωτήρ;
856 4668 893 4736 ἢ
950 4669 1031 4732 τίς
1093 4668 1306 4743 μᾶλλον
1345 4673 1494 4744 ἡμᾶς
1552 4669 1782 4741 ἐλεήσας

198 4747 514 4824 bnis-00,:on
563 4757 676 4814 ὑπὸ
720 4763 828 4812 τῶν
881 4760 1341 4835 κοσμοκρατόρων
1399 4763 1498 4815 τοῦ
1557 4759 1782 4823 σκότους

379 4846 854 4919 τεθανατωμένους
900 4853 1018 4909 τοῖς
1069 4846 1304 4910 πολλοῖς
1348 4849 1642 4924 τραύμασι,
1684 4849 1786 4928 φό-

196 4923 298 4996 50:,
336 4935 658 5010 ἐπιθυμίαις,
692 4936 901 5011 ὀργαῖς,
945 4936 1167 5006 λύπαις,
1219 4923 1474 5006 ἀπάταις,
1520 4923 1782 5010 ἡδοναῖς

198 5019 366 5076 Τούτων
393 5022 448 5080 3‘s
471 5031 585 5080 τῶν
614 5027 942 5101 τραυμάτων
999 5027 1166 5099 μόνος
1218 5027 1405 5103 ἴατρὸς
1434 5028 1666 5098 Ἰησοῦς,
1699 5028 1785 5084 ἐκ·

195 5108 358 5164 κόπτων
410 5112 572 5186 ἄρδην
624 5115 696 5169 τὰ
721 5114 865 5184 πάθη
917 5114 1184 5191 πρόῤῥιζα
1219 5133 1232 5146 ·
1263 5116 1372 5191 οὐχ
1419 5115 1599 5192 ὥσπερ
1633 5116 1660 5172 ὁ
1689 5118 1786 5172 νό-

198 5215 272 5265 μοι
295 5199 410 5270 ψιλᾶ
430 5203 497 5257 τὰ
521 5201 957 5275 ἀποτελέσματα,
987 5204 1116 5266 τοὺς
1162 5203 1402 5279 καρποὺς
1448 5208 1558 5258 τῶν
1609 5226 1786 5277 πονη-

198 5289 276 5356 ρῶν
318 5295 500 5360 φυτῶν,
530 5289 682 5346 ἀλλὰ
725 5292 825 5360 τήν
879 5291 1064 5363 ἀξίνην
1111 5294 1214 5363 τήν
1265 5291 1457 5349 ἓαυτοῦ
1505 5294 1641 5366 πρὸς
1695 5292 1788 5358 τὰς

199 5370 311 5442 ῥίζας
332 5384 418 5446 τῆς
435 5380 630 5442 κακίας
658 5379 1034 5456 προσαγαγών.
1069 5383 1238 5445 Οὗτος
1271 5383 1299 5437 ὁ
1328 5383 1424 5438 τὸν
1473 5382 1620 5438 οἶνον
1671 5374 1788 5458 (31)

197 5491 368 5618 ad};
395 5497 492 5553 942
517 5499 633 5554 ED.
671 5495 967 5555 POTTER.

253 5682 340 5754 {3i}
362 5683 522 5741 Οἶνον.
554 5685 811 5758 Respicit
840 5686 959 5743 Luc
987 5702 1045 5756 x,
1076 5687 1166 5747 34.

1077 5501 1156 5572 (α)
1185 5499 1386 5557 Matth.
1417 5516 1521 5570 xu,
1550 5500 1640 5570 36,
1672 5501 1764 5572 3’7,
1798 5499 1888 5559 38.

1893 4667 2020 4739 ipse
2047 4667 2357 4723 Salvator?
2387 4672 2488 4721 aut
2512 4664 2645 4736 quis
2677 4664 2777 4720 illo
2808 4666 3089 4734 maiorem
3107 4666 3278 4722 nobis
3300 4666 3535 4722 miseri-

1893 4756 2151 4812 cordiam
2177 4755 2559 4826 vltimpendit,
2583 4770 2617 4809 a
2641 4754 2844 4808 mundi
2867 4754 3089 4810 scilicet
3109 4753 3432 4810 rectoribus
3453 4759 3540 4810 te.

1894 4846 2210 4900 nebrarum
2243 4843 2336 4899 vix
2382 4859 2496 4898 non
2552 4841 2754 4898 multis
2792 4842 3156 4910 vulneribus,
3188 4842 3534 4913 terroribus,

1895 4934 2018 4991 desi
2036 4933 2222 4998 leriis,
2245 4932 2564 5000 furoribus,
2606 4931 2978 4999 mmroribus,
3009 4932 3342 5000 fraudibus,
3361 4931 3532 4987 volu-

1896 5024 2158 5096 ptatibus
2207 5021 2466 5078 enecati
2517 5024 2695 5090 atque
2724 5020 3071 5077 exstinctis?
3101 5026 3322 5077 Horum
3360 5036 3533 5093 porro

1892 5113 2201 5169 vulnerum
2234 5111 2494 5166 medicus
2521 5110 2684 5166 solus
2737 5114 2825 5168 est
2882 5119 3074 5184 Jesus,
3117 5131 3216 5186 qui
3253 5116 3537 5175 radicitus

1893 5205 2036 5259 vitia
2068 5220 2306 5274 prorsus
2327 5205 2653 5272 exscindat,
2673 5223 2785 5261 non
2829 5206 2979 5262 sicut
3013 5205 3104 5261 lex
3145 5207 3304 5262 nuda
3331 5205 3536 5262 etl'ecta

1896 5295 2230 5368 (pravarum
2261 5295 2488 5350 fructus
2518 5294 2900 5368 plantarum),
2933 5296 3033 5351 sed
3075 5294 3174 5366 qui
3207 5295 3332 5366 ipse
3364 5310 3535 5351 suam

1898 5384 2147 5443 securim
2182 5382 2418 5440 malitias
2448 5383 2745 5441 radicibus
2775 5384 3116 5440 admoverit.
3157 5383 3262 5439 Hi0
3287 5387 3395 5452 est,
3428 5382 3531 5454 qui

2001 5501 2077 5574 (b)
2110 5500 2318 5560 Matth.
2350 5517 2488 5573 xxn,
2519 5501 2608 5556 39.
2723 5502 2792 5574 (ε)
2823 5499 2958 5558 Luc.
2986 5518 3044 5571 x,
3070 5501 3161 5556 29.
3272 5498 3351 5572 (ἀ)
3381 5498 3529 5556 Ibid.
