4006 6200
273 349 386 406 637
1425 351 1642 406 LIBER
1677 351 1848 416 QUIB
1885 349 2105 408 DWES
2141 355 2546 412 SALVBTUR.
3579 357 3688 412 638

263 476 568 551 προφήτου,
601 473 698 527 τὸν
733 471 954 527 ἐκείνων
981 473 1174 545 μισθὸν
1209 469 1446 545 λήψεται
1481 490 1495 505 °
1529 473 1557 527 6
1591 470 1647 528 δὶ
1675 483 1854 545 μαθητ

2048 479 2375 535 mercedem
2409 479 2666 552 recipiet;
2700 483 2757 534 et
2787 478 2886 551 qui
2921 482 3121 552 potum
3152 477 3378 535 dederit
3395 479 3682 546 discipulo

264 564 480 623 ποτίσας
509 559 593 622 είς
630 557 813 633 ὄνομα
847 562 1094 634 μαθητοῦ
1143 563 1410 635 ποτήριον
1457 563 1676 637 ψυχροῦ
1715 558 1857 616 ὕδατ‹

2042 567 2099 621 in
2133 569 2371 624 nomine
2397 568 2926 641 discipulicalicsm
2951 586 3116 640 aquai
3139 567 3380 640 frigidis,
3402 584 3516 622 non
3545 584 3677 639 per-

249 653 340 705 τὸν
367 651 572 722 ius-06v
612 649 717 705 οὐκ
747 649 1028 706 ἀπολέσει.
1066 674 1093 700 ››
1125 649 1334 707 Οὐκοῦν
1370 649 1528 705 οὗτος
1581 649 1744 724 μόνος
1775 651 1803 705 6
1837 673 1857 722 ι.

2040 657 2140 713 det
2171 659 2496 714 mercedem
2548 659 2647 731 (α).
2684 680 2711 707 ››
2744 663 2876 713 Haec
2905 658 3086 728 igitur
3138 656 3264 714 sola
3298 673 3521 712 merces
3567 673 3680 712 non

239 741 373 804 σθὸς
433 738 543 793 ούκ
607 737 998 812 ἀπολλύμενός
1047 738 1178 794 ἐστι.
1214 739 1312 792 Καὶ
1362 737 1516 803 αὖθις
1551 756 1564 770 ⁸
1595 764 1623 790 α
1660 741 1857 810 Horrida

2040 746 2275 818 peribit.
2311 748 2380 802 Et
2410 764 2637 802 rursus:
2675 769 2699 798 ι
2725 747 2920 802 Facite
2951 747 3115 802 vobis
3144 747 3363 802 amicos
3392 747 3464 802 de
3497 763 3681 802 mam-

242 829 375 900 ὑμῖν
431 826 649 906 φίλους
693 830 754 883 ἐκ
810 832 908 882 τοῦ
961 832 1239 900 μαμμωνᾶ
1267 834 1367 896 τῆς
1396 825 1629 899 ἀδικίας,
1655 825 1768 898 ἵνα,
1802 827 1857 883 ὅτ

2039 850 2213 890 mena
2241 834 2590 908 iniquitatis,
2624 842 2688 890 ut
2718 852 2852 890 cum
2879 835 3232 902 defeceritis,
3264 836 3550 908 recipiant
3576 852 3682 890 vos

239 916 546 988 ἐκλίπητε,
578 915 838 990 δέξωνται
874 917 1012 989 ὑμᾶς
1046 915 1122 977 είς
1157 917 1254 978 τᾶς
1307 916 1566 978 αἰωνίους
1617 918 1816 987 σκηνάς
1848 936 1857 949 ·

2038 923 2871 996 inaternatabernacula(b);»
2895 925 2974 979 ita
3003 924 3280 980 nimirum
3307 928 3370 979 ut
3397 925 3681 996 quidquid

236 1006 398 1084 φύσει
465 1007 569 1080 μὲν
638 1008 848 1061 ἅπασαν
908 1007 1097 1074 κτῆσιν
1156 1006 1218 1074 ἣν
1259 1005 1421 1070 αύτός
1477 1027 1559 1068 τις
1621 1004 1699 1083 ἐφ’
1733 1007 1856 1060 ἑαυτ

2037 1012 2381 1068 facultatum
2415 1030 2591 1084 penes
2615 1031 2676 1069 se
2707 1014 2840 1085 quis
2871 1014 3190 1086 possideat,
3226 1029 3340 1068 non
3373 1029 3501 1069 esse
3550 1031 3683 1084 pro-

234 1097 540 1166 κέκτηται,
566 1094 672 1150 οὐκ
726 1092 868 1149 ἲδίαν
931 1092 1090 1148 οὖσαν
1143 1093 1479 1171 ἀποφαίνων.
1514 1095 1608 1150 Ἐκ
1638 1092 1695 1150 δὲ
1726 1095 1857 1150 ταύτ

2037 1102 2229 1172 prium
2259 1108 2468 1158 natura
2497 1119 2735 1158 censum
2768 1104 3285 1174 substantiamque
3316 1102 3678 1175 pronuntiet.

233 1191 346 1253 τῆς
375 1182 604 1246 ἀδικίας
639 1182 758 1238 ἐνὸν
805 1183 896 1237 καὶ
948 1189 1170 1258 πρᾶγμα
1219 1180 1425 1238 δίκαιον
1476 1183 1796 1260 ἐργάσασθαι
1835 1206 1857 1239 κ

2036 1191 2116 1246 Ex
2140 1191 2248 1246 hac
2280 1207 2448 1264 porro
2481 1191 2792 1264 iniquitate
2814 1191 2950 1246 licet
2976 1191 3152 1248 etiam
3188 1209 3307 1246 rem
3345 1193 3571 1262 justam
3612 1208 3678 1246 ac

232 1276 561 1346 σωτήριον,
594 1272 900 1327 ἀναπαῦσαί
935 1293 1057 1326 τινα
1096 1277 1203 1327 τῶν
1244 1270 1482 1347 ἐχόντων
1532 1273 1752 1328 αίώνιον
1795 1295 1857 1328 σκ

2035 1279 2354 1334 salutarem
2391 1284 2688 1352 praetera;
2721 1285 2786 1335 ut
2809 1296 3020 1352 nempe
3045 1295 3248 1335 eorum
3267 1279 3520 1352 aliquem
3545 1280 3684 1336 reii-

227 1365 342 1432 νῆν
370 1364 532 1439 παρᾶ
559 1367 645 1434 τῷ
670 1362 860 1436 Πατρί.
893 1363 1038 1433 ⁶ῗΟρα
1084 1365 1298 1430 πρῶτον
1349 1361 1468 1435 μὲν,
1501 1363 1574 1424 ὡς
1623 1363 1722 1418 οὔκ
1761 1363 1857 1417 ἀπα

2035 1369 2155 1424 cias
2187 1376 2361 1440 atque
2392 1373 2710 1435 sustentes,
2737 1369 2836 1440 qui
2856 1374 3134 1424 aeternum
3162 1368 3313 1441 apud
3343 1369 3564 1424 Patrem
3589 1373 3681 1423 ta-

226 1451 464 1516 τεῖσθαί
529 1471 591 1505 σε
637 1449 981 1522 κεκέλευκεν,
1019 1448 1142 1505 οὐδὶ
1187 1449 1534 1525 ἐνοχλεῖσθαι
1592 1451 1857 1525 περιμένει

2034 1456 2417 1512 bernaculum
2453 1458 2607 1512 nacti
2641 1463 2798 1512 sunt.
2834 1457 2972 1512 Vide
3003 1458 3252 1528 primum
3295 1457 3529 1528 quidem
3565 1474 3676 1511 non

228 1539 372 1596 ἀλλ’
410 1539 590 1594 αὐτὸν
618 1539 793 1610 ζητεῖν
824 1539 954 1602 τοὺς
994 1537 1052 1593 εὖ
1081 1539 1462 1611 πεισομένους,
1493 1539 1675 1609 ἀξίους
1729 1561 1789 1595 τε
1831 1536 1920 1595 ὅν-

2025 1545 2283 1617 jussisse
2316 1551 2380 1601 ut
2427 1563 2461 1601 a
2491 1549 2547 1600 te
2577 1546 2720 1615 exigi
2750 1545 3012 1617 patiaris,
3048 1562 3152 1600 nec
3182 1550 3248 1601 ut
3302 1547 3670 1618 importunos

228 1651 332 1691 τας
365 1633 488 1684 τοῦ
518 1635 781 1702 Σωτῆρος
816 1627 1086 1701 μαθητάς.
1121 1627 1304 1690 Καλὸς
1337 1628 1434 1701 μὲν
1468 1626 1558 1683 οὖν
1609 1629 1699 1684 καὶ
1749 1631 1777 1684 6
1823 1651 1853 1685 τ

2033 1635 2139 1692 tibi
2176 1636 2294 1690 fore
2326 1650 2542 1706 egenos
2573 1635 2757 1703 sinas;
2792 1636 2892 1690 sed
2943 1641 3008 1690 ut
3047 1641 3109 1690 tu
3160 1636 3287 1706 ipse
3335 1652 3563 1707 quaras
3609 1634 3669 1690 in

231 1718 614 1776 Ἀποστόλου
667 1716 838 1790 λόγος
871 1736 884 1749 ⁸
937 1742 965 1768 «ι
1027 1715 1214 1792 ἱλαρὸν
1274 1718 1377 1792 γὰρ
1438 1714 1603 1787 δότην
1653 1717 1833 1795 ἀγαπᾷ
1888 1720 1916 1774 6

2031 1740 2181 1796 quos
2209 1725 2558 1780 beneficium
2592 1724 2675 1779 sis
2703 1724 3120 1791 collocaturus,
3149 1728 3205 1780 et
3235 1724 3333 1796 qui
3353 1723 3672 1779 Salvatoris

227 1810 408 1880 Θεὸς,
451 1832 490 1858 ιι
524 1808 788 1882 χαίροντα
827 1810 907 1878 τῷ
950 1803 1180 1872 διδόναι,
1213 1806 1303 1860 καὶ
1349 1807 1423 1879 μὴ
1469 1804 1857 1883 φειδόμενον,‹

2031 1812 2196 1885 digni
2223 1812 2499 1884 discipuli
2533 1813 2838 1869 exsistant.
2886 1815 2949 1868 Et
2990 1811 3263 1884 praeclare
3309 1812 3549 1882 quidem
3599 1813 3673 1867 ab

227 1894 685 1971 σπείροντα,⁹ίνα
714 1897 893 1970 (32·3)
915 1894 1058 1950 οὕτω
1088 1895 1177 1950 καὶ
1205 1894 1413 1970 θερίσῃ,
1435 1892 1567 1972 δίχα
1597 1901 1918 1974 γογγυσμοῦ

223 1986 321 2040 καὶ
393 1984 752 2058 διακρίσεως,
783 2005 874 2038 και
932 1982 1141 2053 λύπης,
1197 1985 1288 2038 καὶ
1337 1989 1726 2055 κοινωνοῦντα,
1785 1985 1919 2062 ὅπερ

222 2075 386 2131 ἐπὶν
447 2074 725 2150 εὐεργεσία
775 2074 960 2148 ἀγαπή
990 2074 1123 2146 (35).
1158 2072 1420 2148 Κρείττων
1468 2071 1514 2128 δ’
1565 2073 1673 2130 ἐστὶ
1723 2075 1919 2131 τούτου

223 2167 252 2218 6
285 2170 382 2237 τῷ
417 2165 625 2238 Κυρίῳ
649 2161 976 2236 λελεγμένος
1013 2161 1064 2216 ἐν
1093 2159 1253 2234 ἄλλῳ
1285 2161 1482 2238 χωρίῳ
1515 2182 1529 2196 ο
1567 2186 1595 2216 ‹‹
1626 2163 1790 2219 Παντὶ
1838 2164 1919 2238 τῷ

225 2254 511 2309 αέτοῦντί
539 2274 596 2307 σε
628 2250 795 2309 δίδου.
834 2275 862 2303 »
917 2255 1052 2307 Θεοῦ
1079 2252 1181 2328 γὰρ
1213 2247 1380 2315 ὅντως
1409 2254 1444 2322 ἡ
1473 2253 1699 2324 τοιαύτη
1753 2251 1917 2331 φιλο-

225 2340 432 2419 δωρεᾶ
473 2360 493 2374 ⁹
526 2343 701 2396 οὐτοσὶ
736 2339 795 2397 δὲ
824 2342 852 2396 6
880 2340 1048 2416 λόγος
1080 2341 1212 2417 ὑπὲρ
1239 2342 1442 2396 ἅπασάν
1494 2341 1606 2396 ἐστι
1633 2341 1914 2413 τελειότη-

219 2453 292 2486 τα
327 2435 500 2505 (ΞΕ),
533 2428 660 2503 μηδ’
681 2429 942 2485 αῗτεῖσθαι
975 2429 1311 2503 περιμένειν,
1344 2429 1472 2486 ἀλλ’
1501 2429 1662 2492 αὐτὸς
1709 2432 1910 2502 ἀναζηο

218 2528 373 2590 τεῖν,
407 2520 571 2582 ὅστις
599 2517 745 2590 ἄξιος
772 2519 829 2574 εὗ
859 2524 1074 2582 παθεῖν.
1269 2534 1276 2542 ’

2025 1901 2320 1974 Apostolo,
2347 1901 2629 1958 «hilarem
2681 1903 2841 1957 enim
2865 1901 3126 1957 datorem
3151 1901 3344 1972 diligit
3369 1901 3522 1956 Deus
3539 1902 3668 1972 (0);»

2031 1991 2130 2063 qui
2165 1990 2434 2062 largitate
2463 1990 2810 2057 delectatur,
2848 2007 2953 2046 nec
2969 1990 3317 2046 seminando
3332 2005 3543 2062 parcus
3566 2007 3666 2045 ex-

2027 2079 2221 2141 sistat,
2259 2084 2326 2135 ut
2356 2084 2414 2135 et
2445 2079 2526 2134 ita
2556 2079 2799 2151 parique
2830 2079 3098 2134 ubertate
3129 2085 3328 2147 metaI;
3360 2080 3488 2134 sine
3511 2095 3672 2133 mur-

2026 2167 2359 2225 muratione
2390 2172 2448 2224 et
2496 2169 2898 2237 distinctione,
2932 2167 3212 2240 nullaque
3268 2169 3669 2223 mmstitudins

2024 2259 2270 2322 tribuat,
2317 2258 2471 2330 quod
2521 2257 2806 2330 praeclaras
2843 2273 3062 2313 munus
3115 2257 3512 2313 beneficentiae
3554 2262 3666 2312 est.

2023 2347 2140 2404 Hoc
2163 2351 2358 2402 autem
2393 2345 2601 2401 melior
2631 2349 2738 2413 est,
2771 2361 2940 2415 quem
2973 2345 3237 2402 Salvator
3268 2345 3415 2400 dixit
3445 2345 3559 2400 alio
3590 2345 3672 2400 lo-

2020 2451 2125 2491 co:
2152 2435 2324 2490 Omni
2373 2433 2590 2506 petenti
2629 2439 2707 2502 te,
2753 2433 3106 2506 tribue(d).»
3133 2433 3227 2488 Dei
3255 2449 3510 2504 namque
3531 2449 3661 2488 vere

2019 2523 2377 2590 ejuscemodi
2408 2523 2609 2595 sicque
2631 2521 2818 2577 facilis
2845 2521 3102 2593 largitas.
3131 2523 3414 2577 Caeterum
3439 2522 3658 2577 doctri-

221 2632 302 2670 na
333 2615 490 2669 hac
517 2612 675 2668 omni
703 2613 889 2684 major
939 2616 1028 2666 est
1089 2611 1462 2682 perfectione,
1522 2615 1585 2667 ut
1617 2629 1721 2668 nec
1752 2622 2052 2687 exspectes
2110 2615 2210 2687 qui
2241 2619 2355 2670 ate
2387 2613 2690 2686 efﬂagitat,
2747 2612 2847 2668 sed
2881 2613 3006 2684 ipse
3063 2612 3325 2684 inquiras
3386 2613 3518 2684 quis
3573 2613 3658 2667 di-

219 2721 395 2778 gnus
433 2701 519 2757 sit
546 2702 608 2757 in
639 2717 811 2774 quem
845 2699 1194 2757 beneficium
1228 2701 1515 2758 conferas.

298 2795 448 2848 ΑΒΖ
488 2792 717 2848 Ἔπειτα
743 2789 1070 2858 τηλικοῦτον
1107 2790 1294 2862 μισθὸν
1347 2789 1526 2867 ὁρίσαι
1565 2797 1664 2860 τῆς
1711 2813 1906 2847 κοινω-

219 2883 372 2948 νίας,
413 2879 653 2935 αἰώνιον
709 2880 948 2950 σκηνήνί
999 2875 1045 2932 ὣ
1087 2877 1261 2948 καλῆς
1313 2878 1617 2954 ἐμπορίαςί
1668 2877 1712 2934 ὣ
1758 2882 1906 2944 θείας

220 2971 455 3046 ἆγορίς
485 2971 498 3024 !
531 2974 763 3023 Ὠνεῖται
808 2968 1114 3042 χρημάτων
1162 2989 1246 3030 τις
1296 2967 1614 3045 ἀφθαρσίαν,
1649 2968 1737 3024 καὶ
1777 2966 1904 3032 δούς

221 3061 288 3113 τὶ
323 3056 691 3129 διολλύμενα
725 3060 820 3112 τοῦ
862 3052 1097 3129 κόσμου,
1129 3056 1299 3129 μονὴν
1331 3057 1540 3111 τούτων
1587 3056 1807 3112 αἰώνιον
1850 3057 1902 3114 ἐν

220 3149 506 3225 οὐρανοῖς
551 3140 968 3219 ἆντιλαμόάνει.
1020 3143 1260 3200 Πλεῦσον
1311 3145 1398 3200 ἰπὶ
1448 3146 1666 3218 ταύτην,
1700 3144 1758 3201 ἃν
1793 3169 1900 3203 σω-

2089 2795 2243 2851 844
2273 2793 2498 2851 XXXII.
2532 2793 2751 2848 Deinde
2780 2775 3290 2848 tantam'statuere
3326 2792 3652 2848 mercedem

2015 2883 2392 2957 erogationis,
2423 2887 2704 2938 aeternum
2755 2881 3218 2937 tabernaculum!
3272 2898 3304 2936 o
3351 2879 3653 2952 pulchram

2016 2971 2485 3044 negotiationem!
2511 2988 2544 3026 ο
2565 2971 2827 3026 divinum
2851 2969 3317 3026 mercimonium!
3344 2968 3500 3025 Emit
3519 2970 3654 3039 quis

2015 3062 2264 3134 pecunia
2322 3059 2846 3132 incorruptionem,
2908 3059 3179 3130 datisque
3228 3058 3423 3113 seculi
3475 3059 3653 3112 rebus

2014 3166 2140 3222 quae
2175 3150 2488 3216 intereunt,
2521 3148 2742 3220 pra-mii
2777 3147 2901 3203 loco
2923 3153 3196 3202 aeternam
3220 3147 3276 3201 in
3303 3146 3463 3201 ccelis
3490 3163 3652 3200 man-

220 3241 479 3316 φρονῇς,
519 3236 624 3304 τήν
665 3237 986 3312 πανήγσριν,
1020 3232 1066 3288 ὦ
1113 3233 1360 3291 πλούσιε.
1387 3233 1491 3290 Κᾶν
1539 3233 1650 3309 δὲῃ,
1682 3237 1857 3312 περίε]

2017 3239 2235 3294 sionem
2271 3239 2493 3310 recipit.
2528 3239 2614 3293 Tu
2647 3236 2748 3309 qui
2779 3237 2940 3291 dives
2970 3253 3052 3305 es,
3084 3237 3156 3292 ad
3183 3235 3314 3302 has,
3372 3237 3421 3290 si
3471 3236 3652 3307 sapis,

220 3329 280 3380 θε
330 3332 456 3402 γῆν
502 3323 645 3394 ὅλην
692 3327 826 3398 (36).
875 3324 967 3393 Μὴ
1019 3322 1174 3401 φείσῃ
1235 3321 1498 3378 κινδύνων
1554 3323 1642 3378 καί
1701 3325 1904 3397 πόνων,

217 3414 297 3469 ἵν’
330 3415 581 3477 ἐνταῦθα
633 3411 907 3488 βασιλείαν
950 3410 1202 3487 οὐράνιον
1251 3411 1546 3487 ἀγοράσῃς.
1588 3413 1655 3470 Τί
1715 3434 1771 3468 σε
1826 3415 1909 3468 Αί-

223 3507 314 3559 θοι
373 3501 666 3578 διαφωεῖς
721 3501 811 3556 καὶ
870 3497 1178 3576 σμάραγδοι
1231 3504 1488 3556 τοσοῦτον
1539 3499 1902 3577 εὐφραίνουσι,

221 3594 315 3648 καὶ
372 3592 532 3647 οἰκία
589 3591 763 3668 τροφή
814 3589 1005 3663 πυρὸς,
1038 3589 1073 3658 ἢ
1133 3588 1338 3665 χρόνου
1386 3591 1658 3664 παίγνιον,
1687 3592 1722 3661 ἢ
1757 3611 1901 3645 σεισ-

223 3686 336 3753 μοῦ
403 3681 720 3756 πάρεργον,
752 3681 788 3747 ἢ
841 3673 1084 3752 ὕϐριαμα
1131 3679 1430 3754 τυράννους
1466 3677 1804 3751 ἐπιθύμησον
1850 3679 1901 3734 ἐν

222 3772 489 3845 οὐρανοῖς
531 3768 754 3838 οἰκῆσαι
800 3769 888 3822 καὶ
941 3767 1258 3833 βασιλεῦσαι
1309 3768 1441 3839 μετὰ
1488 3772 1645 3822 Θεοῦ.
1681 3768 1896 3840 Ταύτην

219 3882 308 3915 σοι
355 3862 465 3927 τήν
530 3857 818 3934 βασιλείαν
878 3857 1164 3933 ἅνθρωπος
1216 3854 1377 3912 δώσει
1419 3859 1546 3912 Θεὸν
1579 3857 1896 3931 ἀπομιμού-

219 3968 420 4019 μενος.
453 3946 724 4000 ἐνταῦθα
775 3945 943 4018 μικρᾶ
983 3938 1193 4015 λαϐὼν,
1226 3945 1339 3998 ἐκεῖ
1388 3941 1459 3998 δι’
1489 3945 1634 3999 ὅλων
1681 3944 1896 4000 αἰώνων

217 4035 480 4090 σύνοικὸν
525 4055 626 4088 σου
684 4035 971 4103 ποιήσεται
1009 4051 1022 4065 ⁶
1056 4033 1328 4087 ἱκέτευσον
1372 4030 1464 4088 ’ίνα
1512 4028 1655 4108 λάϐῃ
1690 4053 1703 4066 °
1735 4039 1894 4090 σπεῦ-

217 4147 332 4192 σον,
390 4123 702 4198 ἆγωνίασον
736 4142 748 4155 ⁸
794 4116 1074 4196 φοϐήθητι
1128 4123 1202 4194 μή
1253 4141 1311 4175 σε
1361 4120 1622 4196 ἀτιμᾶσῃ.
1670 4123 1746 4178 Οὐ
1791 4123 1893 4199 γὰρ

217 4212 585 4268 κεκέλευσται
616 4205 836 4278 λαϐεῖν,
873 4209 1021 4266 ἀλλά
1049 4230 1106 4265 σε
1143 4215 1470 4286 παρασχεῖν.
1499 4211 1576 4269 Οὐ
1624 4212 1732 4283 μὴν
1779 4200 1897 4268 οὐδ’

219 4304 364 4357 εἶπεν
429 4303 458 4356 ὁ
519 4300 724 4364 Κύριος
751 4315 767 4332 '
799 4297 911 4369 δὸς,
944 4299 980 4368 ἢ
1038 4298 1336 4375 παράσχες,
1365 4299 1401 4369 ἢ
1458 4299 1824 4374 εὐεργὲτησον,
1856 4304 1891 4373 ἢ

221 4393 506 4464 βοήθησον
545 4408 560 4421 ⁸
619 4389 793 4445 Φίλον
852 4386 911 4444 δὲ
959 4388 1208 4459 ποίησαι.
1258 4390 1320 4446 Ὀ
1365 4386 1422 4444 δὶ
1465 4389 1630 4466 φίλος
1675 4391 1777 4445 οὐκ
1833 4391 1892 4446 ἐκ

225 4485 352 4552 μεὶς
409 4478 641 4546 δόσεως,
703 4475 848 4533 ἆλλᾶ
906 4477 1187 4539 συνουσίας
1244 4483 1472 4554 μακρᾶς.
1528 4476 1669 4537 Οὐδὲ
1717 4479 1883 4554 γὰρὴ

2017 3327 2448 3400 navigationem
2510 3327 2754 3383 institue
2809 3325 3128 3381 nundinas.
3189 3326 3246 3380 Si
3282 3340 3519 3380 necesse
3549 3325 3652 3394 sit,

2014 3421 2228 3472 terram
2263 3431 2498 3471 omnem
2532 3431 2795 3488 peragra.
2828 3415 2911 3470 Ne
2939 3430 3145 3486 parcas
3177 3412 3455 3486 periculis
3476 3429 3542 3467 ac
3567 3411 3651 3466 la-

2013 3506 2276 3570 boribus,
2311 3509 2375 3559 ut
2414 3505 2674 3576 quandiu
2730 3519 2983 3576 presens
3011 3503 3208 3574 agitur
3235 3503 3369 3563 vita,
3422 3517 3652 3556 coemas

2011 3609 2256 3667 regnum
2291 3593 2593 3650 caelorum.
2624 3594 2741 3649 Cur
2766 3597 2822 3648 te
2851 3593 2994 3647 adeo
3027 3596 3286 3647 recreant
3311 3589 3496 3662 lapilli
3522 3605 3652 3660 pre-

2008 3681 2143 3738 tiosi
2175 3687 2233 3737 et
2262 3682 2580 3753 smaragdi,
2614 3682 2945 3750 domusque
2975 3680 3129 3752 ignis
3189 3678 3492 3749 pabulum,
3528 3677 3649 3732 sive

2008 3770 2293 3842 temporis
2324 3769 2666 3840 ludibrium,
2699 3773 2799 3824 aut
2819 3774 2982 3823 terrae
3014 3773 3209 3823 motus
3231 3767 3389 3822 aliud
3417 3765 3646 3836 agentis

2007 3859 2321 3927 excidium,
2353 3863 2455 3913 aut
2484 3858 2713 3929 tyranni
2747 3857 3006 3926 iniuria?
3034 3856 3091 3912 in
3125 3857 3272 3912 votis
3303 3855 3513 3911 habeto
3531 3873 3646 3911 cm-

2005 3947 2196 4002 lorum
2238 3946 2640 4002 habitaculum
2674 3950 2732 4000 et
2763 3951 2827 4000 ut
2857 3961 3064 4018 regnes
3087 3961 3220 4000 cum
3245 3949 3374 4000 Deo.
3393 3949 3515 3999 Hoc
3539 3943 3646 3998 tibi

2005 4052 2248 4108 regnum
2284 4035 2458 4090 homo
2482 4036 2663 4101 dabit,
2684 4035 2866 4091 Deum
2888 4034 3148 4089 imitans.
3171 4035 3294 4104 Hic,
3321 4050 3447 4104 quae
3470 4049 3647 4104 parva

2003 4131 2144 4181 sunt
2173 4125 2534 4196 acceptis,ibi
2565 4129 2622 4178 te.
2656 4141 2756 4195 per
2784 4125 2983 4179 omnia
3013 4122 3225 4178 secula
3255 4123 3644 4177 contuberna-

2003 4214 2116 4270 lem
2149 4213 2380 4270 efﬁciet.
2403 4219 2476 4268 Su
2488 4213 2678 4286 pplica
2697 4219 2761 4268 ut
2777 4213 3046 4285 accipiat;
3076 4213 3310 4280 festina,
3334 4211 3642 4276 enitere;>1<

2001 4304 2144 4359 time
2176 4320 2249 4358 ne
2277 4309 2333 4358 te
2363 4303 2462 4358 ille
2492 4309 2748 4374 spernat.
2782 4302 2896 4358 Nec
2926 4303 3082 4358 enim
3125 4303 3173 4357 is
3233 4302 3290 4354 in
3343 4299 3638 4354 mandatis

1999 4393 2176 4450 habet
2203 4397 2267 4448 ut
2296 4393 2565 4464 accipiat,
2592 4393 2693 4448 sed
2726 4397 2786 4446 tu
2825 4397 2887 4446 ut
2918 4392 3198 4462 prebeas.
3228 4389 3375 4455 Quin
3408 4403 3480 4442 ne
3526 4386 3636 4440 hoc

2001 4483 2234 4554 quidem
2265 4482 2411 4536 dixit
2445 4481 2746 4548 Dominus,
2781 4483 2935 4544 dato,
2995 4479 3205 4551 praebe,
3260 4475 3642 4532 beneficentia

219 4570 425 4637 πίστις,
460 4565 593 4623 οὐδὲ
623 4570 660 4636 ἡ
696 4567 899 4641 ἀγάπη,
929 4565 1053 4621 οὗδέ
1084 4568 1118 4637 ἡ
1164 4568 1419 4642 καρτερία
1471 4573 1597 4640 μιᾶς
1653 4567 1857 4644 ἡμέρας

2017 4575 2183 4640 itere,
2217 4571 2428 4626 auxilio
2461 4571 2603 4636 fove,
2638 4570 2762 4624 sed:
2796 4592 2822 4618 α
2857 4569 2964 4624 Fac
2998 4569 3254 4622 amicum
3287 4566 3380 4636 (ε).
3416 4585 3441 4615 ι
3481 4563 3638 4618 Ami-

221 4658 348 4712 ἀλ).’
379 4683 410 4708 εκ
442 4659 472 4712 6
514 4655 820 4728 ὑπομείνας
853 4655 930 4718 εἷς
962 4653 1144 4721 τέλος,
1178 4657 1338 4716 οὗτος
1371 4658 1693 4728 σωθήσεται.
1731 4683 1758 4707 ι»

1995 4675 2100 4716 cus
2131 4663 2349 4726 autem,
2383 4675 2496 4713 non
2548 4675 2664 4712 una
2708 4657 3014 4728 largitione
3073 4671 3176 4710 seu
3235 4669 3500 4718 munere,
3533 4652 3634 4707 sed

220 4748 400 4822 longa
432 4747 842 4803 familiaritate
875 4752 1206 4819 prastatur.
1240 4751 1378 4801 Nam
1417 4762 1606 4819 neque
1640 4749 1787 4804 fides
1819 4754 1920 4804 aut
1941 4749 2202 4805 charitas
2258 4753 2358 4802 aut
2413 4746 2726 4802 tolerantia
2785 4747 2962 4801 unius
3008 4745 3121 4800 diei
3152 4749 3263 4810 est,
3319 4745 3438 4813 sed,
3473 4765 3501 4794 ιι
3536 4743 3635 4815 qui

221 4835 624 4906 perseveravit
651 4850 842 4906 usque
865 4833 926 4889 in
958 4834 1160 4903 ﬁnem,
1191 4833 1386 4890 salvus
1407 4836 1620 4908 eritff).
1656 4858 1684 4886 »

295 4929 412 4979 AI".
445 4926 576 4982 Ηῶς
637 4922 732 4975 οὖν
792 4923 821 4976 6
873 4919 1158 4996 ἅνθρωπος
1215 4926 1382 4977 ταῦτα
1439 4920 1670 4992 δίδωσι;
1715 4925 1884 4979 Δώσω

218 5012 321 5083 Ti?
353 5012 417 5065 ού
452 5007 624 5082 μόνον
653 5015 775 5073 τοῖς
804 5009 1012 5088 φίλοις,
1036 5009 1183 5066 ἀλλὰ
1237 5012 1327 5065 καί
1376 5016 1495 5072 τοῖς
1543 5010 1727 5088 φίλοις
1773 5017 1881 5067 τῶν

2063 4925 2314 4982 XXXIII.
2341 4925 2603 4989 Quonam
2638 4925 2820 4996 igitur
2851 4923 3023 4978 modo
3053 4923 3229 4978 homo
3262 4922 3379 4976 hinc
3401 4920 3636 4976 tribuit?

2000 5016 2158 5071 Dabo
2188 5016 2342 5070 enim
2377 5029 2490 5068 non
2524 5012 2714 5069 solum
2749 5012 2976 5080 amicis,
3002 5026 3198 5066 verum
3225 5010 3402 5066 etiam
3427 5009 3634 5065 amicis

215 5100 417 5176 φίλων.
449 5099 556 5155 [αἱ
613 5099 702 5160 τίς
747 5099 907 5160 οὗτός
965 5098 1106 5154 ἐστιν
1160 5100 1188 5154 6
1226 5099 1389 5174 φίλος
1442 5104 1540 5154 τοῦ
1596 5105 1770 5169 Θεοῦ;
1807 5100 1857 5155 Σί

2017 5103 2338 5158 imicnrum.
2373 5103 2724 5174 Ecquisnam
2756 5117 2888 5156 vero
2947 5101 3036 5155 hic
3067 5105 3157 5155 est
3192 5099 3288 5154 Dei
3347 5099 3573 5154 amicus
3604 5097 3632 5152 ?

221 5191 324 5259 μὲν
382 5191 458 5261 μὴ
519 5195 674 5262 κρῖνε
734 5188 818 5250 τίς
877 5189 1024 5258 ἄξιος
1077 5189 1113 5258 ἢ
1172 5186 1256 5250 τίς
1311 5188 1572 5260 ἀνάξιοςο
1607 5187 1857 5264 ἐνδέχετα

2017 5193 2073 5248 Pu
2109 5192 2345 5266 quidem
2378 5191 2497 5246 noli
2519 5191 2788 5262 judicare
2818 5189 2952 5262 quis
2981 5190 3201 5262 dignus
3231 5187 3632 5258 autindignus

293 5341 442 5414 -ι-Ρ.
475 5342 603 5414 οιι
648 5341 759 5414 so.
817 5341 1121 5398 por-rma.
1157 5341 1240 5412 (α)
1305 5340 1516 5398 Matth.
1549 5359 1606 5410 ι,
1641 5342 1730 5399 ιι.
1762 5343 1838 5412 (b)

2021 5385 2035 5400 .
2068 5361 2187 5414 xvr,
2215 5345 2249 5398 9
2283 5344 2356 5414 (ο)
2415 5343 2468 5398 Il
2497 5343 2625 5398 Cor.
2656 5360 2732 5407 ιχ,
2763 5344 2817 5396 7.
2847 5341 2924 5413 (d)
2956 5341 3077 5398 Luc
3131 5357 3212 5408 v1,
3241 5340 3331 5396 30.
3391 5341 3463 5410 (e)
3495 5339 3628 5395 Luc.

215 5427 338 5477 xu,
366 5413 416 5466 9.
451 5414 524 5484 (Γ)
553 5412 765 5468 Matth.
797 5429 854 5480 x,
875 5415 968 5468 22.

297 5578 464 5650 {32-3)
495 5581 632 5632 Ἵνα.
667 5582 771 5635 Ms.
799 5575 1094 5650 habetr‘iva
1127 5579 1226 5650 μή.
1260 5579 1426 5638 FELL.

301 5650 404 5719 (δι)
433 5649 668 5723 "nam
700 5652 834 5716 Ms.,
865 5649 1022 5706 καθά.
1057 5649 1222 5708 νεα..

2076 5582 2164 5649 35)
2196 5577 2543 5650 Τελειότητα.
2579 5581 2713 5647 Ms.,
2748 5577 2996 5650 ϐιότητα.
3034 5581 3198 5636 FELL.

2076 5583 2164 5649 35)
2196 5583 2543 5650 Τελειότητα.
2579 5583 2713 5647 Ms.,
2748 5583 2996 5648 ϐιότητα.
3034 5583 3198 5636 FELL.

2054 5583 2173 5726 E36)
2198 5655 2303 5721 Γῆν
2335 5649 2496 5720 ὅλην.
2531 5652 2667 5721 Ms.,
2695 5651 2795 5721 τήν
2823 5647 2982 5722 ὅλην.
3013 5651 3177 5708 Ῠεῑιῐ..
3219 5715 3224 5718 ,
