4006 6200
443 343 554 402 639
1675 351 2087 408 onmems
2122 351 2622 408 unaunam
3720 337 3810 407 διο

443 469 521 523 sit
553 485 566 535 ;
603 469 725 524 fieri
755 470 909 526 enim
941 477 1134 545 potest
1165 479 1230 530 ut
1257 475 1532 546 opinione
1558 479 1660 532 tua
1701 492 1894 532 errore
1923 475 2025 531 lab:

2226 473 2307 547 γάρ
2367 492 2425 526 σε
2480 469 2798 548 διαμαρτεῖν
2841 470 2967 544 περὶ
2997 470 3096 540 τήν
3138 468 3316 542 δόξαν.
3344 471 3435 532 Ὦς
3462 470 3514 525 Iv
3545 467 3808 550 ἀμφιϐόλῳ

441 559 543 614 ris.
577 558 672 614 sic
701 575 838 616 vero
871 560 929 616 in
961 562 1198 632 proclivi
1230 580 1363 619 cum
1396 564 1475 620 sit
1503 581 1684 631 error,
1716 566 1924 622 melius
1954 583 2023 621 er:

2224 563 2256 617 ἰὶ
2289 567 2391 629 τῆς
2420 561 2660 637 ἀγνοίας,
2693 561 2917 634 ἄμεινον
2963 559 3054 614 καὶ
3100 559 3228 622 τοὺς
3283 558 3528 630 ἀναξίους
3570 561 3623 616 εὐ
3657 568 3806 618 ποιεῖν

447 651 512 701 ut
541 653 597 702 et
616 647 882 720 indignis
912 651 1244 708 benefacias
1278 658 1512 725 propter
1542 655 1774 726 dignos,
1805 670 1982 726 quam
2026 671 2029 698 π

2225 650 2289 706 ῖιά
2330 651 2458 714 τοὺς
2517 649 2720 723 ἀξίους,
2754 650 2790 718 ἢ
2848 647 3264 724 φυλασσόμενος
3317 648 3445 711 τοὺς
3498 652 3652 718 ἧσσον
3700 651 3807 727 ἀγαο

445 735 585 789 dum
618 752 788 792 caves
836 738 1133 809 indignos,
1165 757 1237 797 ne
1268 741 1326 796 in
1384 757 1484 798 eos
1540 742 1777 814 quidem
1812 742 1910 813 qui
1944 746 2027 799 bel

2226 737 2349 808 ιοὺς,
2385 735 2526 812 μηδὲ
2554 743 2673 803 τοῖς
2712 735 3034 800 σπουδαίοις
3093 743 3424 814 περιπεσεῖν.
3456 737 3548 795 Ἐκ
3593 739 3679 812 μὲν
3723 740 3808 814 γὰρ

449 830 766 892 merentur,
800 826 1045 883 incidas.
1080 833 1225 884 Dum
1259 830 1416 886 enim
1448 831 1635 886 nimia
1663 832 1934 886 cautione
1965 837 2027 886 ut

2233 830 2295 882 οῦ
2353 824 2644 904 φείδεσθαι,
2699 828 2786 882 καὶ
2859 828 3281 904 προσποιεῖσθαι
3356 823 3656 900 δοκιμάζειν
3702 827 3809 891 τούς

445 913 549 978 ris,
583 913 912 986 viderisque
942 917 1190 988 probare
1222 919 1463 990 quinam
1489 918 1700 975 merito
1723 935 1903 975 necne
1929 936 2027 975 acc

2231 912 2446 989 ὐλόγως
2477 915 2512 985 ἢ
2549 916 2625 988 μὴ
2669 914 3042 988 τευξομὲνονς,
3075 911 3356 990 ἐνδέχεταί
3411 934 3470 968 σε
3522 913 3604 969 καὶ
3657 926 3809 994 θεοφι-

445 1001 599 1072 pturi
632 1001 768 1068 sint,
824 1005 1110 1076 contingit
1142 1011 1206 1061 ut
1227 1007 1324 1063 Dei
1349 1009 1570 1064 amicos
1592 1008 1777 1064 colere
1804 1009 2027 1080 neglige

2231 1007 2315 1057 λῶν
2349 1000 2624 1076 ἀμελῆσαι
2657 1007 2837 1076 τιμῶν
2876 1005 2987 1077 (37)
3023 1024 3037 1038 '
3071 1003 3134 1058 οὗ
3188 1004 3253 1058 τὸ
3303 1000 3576 1074 ὖπιτίμιον
3623 1001 3813 1065 κόλασις

447 1091 616 1158 cujus
645 1089 947 1159 neglectus
980 1111 1168 1165 poena,
1202 1101 1483 1152 internum
1519 1098 1674 1170 ignis
1733 1097 2024 1168 suppliciu

2234 1112 2450 1167 μπυρος
2507 1090 2732 1156 αΐώνιος
2763 1113 2776 1127 ⁸
2813 1091 2873 1148 ἐκ
2930 1090 2988 1148 δὶ
3040 1095 3140 1148 τοῦ
3185 1089 3471 1168 προΐεσθαι
3513 1095 3661 1148 πᾶσιν
3713 1093 3815 1166 ὶξῆς

442 1177 694 1234 exsistit.
727 1179 888 1242 Quod
915 1198 1045 1237 vero
1077 1185 1355 1240 omnibus
1374 1185 1474 1256 qui
1495 1185 2018 1257 indigeantdeince

2230 1185 2318 1242 ei:
2351 1179 2676 1255 χρῄζουσιν,
2705 1181 2906 1257 ἀνάγκη
2942 1180 3162 1243 πάντως
3207 1181 3384 1256 εὑρεῖν
3433 1199 3546 1234 τινα
3595 1179 3677 1234 καὶ
3724 1185 3812 1236 τῶν

451 1267 732 1337 praebeas,
765 1285 1003 1326 necesse
1034 1272 1275 1328 omnino
1306 1273 1478 1329 etiam
1511 1275 1766 1346 aliquem
1810 1277 2033 1330 nancist

2234 1274 2372 1324 ibam
2404 1269 2552 1344 παρά
2593 1273 2709 1342 Θεῷ
2765 1268 3100 1344 δυναμένων.
3135 1294 3164 1321 ‹‹
3197 1271 3289 1339 Μὴ
3347 1273 3498 1344 κρῖνε
3538 1266 3816 1338 τοίνυν,ἵνα

448 1355 548 1426 qui
580 1356 734 1426 apud
786 1357 971 1414 Deum
1026 1359 1276 1418 salutem
1335 1361 1641 1419 conciliare
1685 1368 1879 1436 queat.
1907 1387 1935 1414 κ
1966 1363 2030 1418 Ν(

2233 1359 2284 1426 ιή
2318 1358 2513 1432 κριθῇς
2547 1376 2560 1390 ⁸
2595 1357 2642 1430 ᾧ
2675 1357 2857 1432 μέτρῳ
2890 1363 3130 1434 μετρεῖς,
3155 1358 3341 1430 τούτῳ
3385 1357 3476 1412 καὶ
3529 1357 3815 1430 ἀντιμετρη-

452 1443 652 1515 itaque
676 1446 968 1515 judicare,
1013 1454 1077 1504 ut
1137 1467 1250 1505 non
1297 1451 1606 1522 judiceris:
1667 1469 1784 1524 qua
1817 1468 2034 1508 mensu‘

2232 1447 2425 1517 νήσεταί
2486 1467 2593 1504 σοι.
2638 1448 2849 1522 Μέτρον
2905 1445 3097 1518 καλὸν,
3146 1445 3505 1519 πεπιεσμένον
3562 1445 3644 1500 καὶ
3689 1465 3814 1500 σεσι-

451 1550 694 1589 mensus
723 1535 924 1606 fueris,
958 1539 1296 1594 remetietur
1327 1540 1455 1596 tibi.
1493 1541 1764 1598 Mensura
1784 1535 2031 1607 bona,co

2234 1535 2494 1608 .supévov,
2529 1536 3029 1613 ὑπερεκχυνόμενον
3077 1534 3478 1606 ἀποδοθήσεταί
3523 1555 3624 1590 σοι.
3653 1557 3680 1586 ιι
3724 1539 3816 1589 [Ιᾶ-

453 1622 600 1676 ferta
631 1627 687 1677 et
716 1625 1025 1696 coagitata,
1057 1631 1114 1682 et
1145 1629 1514 1700 superﬂuens
1545 1631 1824 1686 reddetur
1844 1629 2035 1702 tibi(a)

2235 1653 2288 1686 ἰν
2349 1633 2562 1703 ἄνοιξον
2613 1633 2681 1688 τὰ
2736 1632 3031 1710 σπλάγχνα
3085 1639 3206 1696 τοῖς
3256 1637 3356 1689 τοῦ
3401 1635 3534 1688 Θεοῦ
3589 1632 3817 1706 μαθηταῖς

450 1709 690 1766 Cunctis
708 1713 865 1782 aperi
891 1713 1132 1784 viscera,
1157 1718 1256 1782 qui
1280 1718 1380 1772 Dei
1404 1718 1827 1790 discipulorum
1853 1734 2031 1774 nume

2233 1722 2717 1796 ιπογεγραμμὲνοις
2748 1741 2762 1756 ο
2828 1709 3101 1799 μῆνηπρὸς
3159 1727 3323 1796 σῶμα
3395 1717 3597 1776 ἀπιδὼν
3653 1719 3815 1793 ὑπερο-

459 1800 702 1872 ascripti
735 1801 873 1868 sint,
935 1821 1049 1859 non
1110 1805 1411 1863 fastidiose
1465 1810 1746 1878 conjectis
1777 1808 1836 1862 in
1885 1825 2041 1880 corpu

2237 1808 2380 1874 ιτῶς,
2416 1808 2493 1881 μὴ
2525 1809 2662 1880 πρὸς
2691 1809 2911 1879 ἠλικίαν
2942 1809 3166 1884 ἀμελῶς
3197 1807 3481 1872 διατεθείς.
3513 1803 3652 1877 Μηδ⁹
3677 1805 3723 1861 εἴ
3754 1823 3819 1864 τις

457 1887 664 1955 oculis,
700 1905 804 1944 nec
837 1891 916 1946 ita
964 1898 1027 1947 ut
1060 1909 1162 1964 pro
1219 1900 1390 1952 aetate
1432 1904 1530 1952 aut
1587 1902 1815 1952 statura
1868 1897 2039 1968 orisqi

2239 1897 2477 1968 ικτήμων
2506 1895 2541 1966 ἢ
2577 1895 2828 1967 δυσειδὴς
2869 1899 2905 1970 ἢ
2951 1897 3178 1968 ἀσθενὴς
3227 1897 3494 1975 φαίνεται,
3523 1895 3651 1971 πρὸς
3688 1898 3821 1950 τοῦτο

457 1978 881 2047 compositione
934 1981 1239 2054 neglectim
1291 2001 1648 2057 quemquam
1709 1985 2008 2041 habueris.

2241 1987 2278 2058 ᾖ
2335 1988 2492 2060 ψυχῇ
2553 1983 2883 2062 δυσχεράνῃς
2931 1988 3020 2042 καὶ
3054 1985 3432 2064 ἀποστραφῇς.
3467 1991 3660 2060 Σχῆμα
3702 1982 3823 2038 τοῦτ’

459 2065 592 2136 quis
621 2067 872 2138 denique
903 2086 1145 2140 egenus,
1176 2089 1501 2143 pannosus,
1533 2074 1838 2143 deformis,
1891 2075 2041 2130 debil

2241 2093 2355 2127 στιν
2411 2072 2604 2147 ἔξωθεν
2661 2078 2798 2149 ἡμῖν
2839 2070 3345 2151 περιϐεϐλημένον,
3375 2078 3478 2144 τῆς
3529 2072 3602 2136 είς
3646 2070 3820 2144 κόσμον

457 2153 747 2224 videatur,
783 2173 854 2212 ne
884 2157 1099 2214 idcirco
1129 2160 1330 2232 inique
1363 2162 1512 2218 teras
1543 2169 1644 2218 aut
1673 2162 2034 2220 averseris.H

2239 2159 2461 2236 ιαρόδου
2495 2163 2784 2242 πρόφασις,
2809 2161 2905 2220 ’ίνα
2933 2165 3009 2227 εἰς
3039 2164 3101 2220 τὸ
3131 2164 3318 2219 κοινὸν
3361 2166 3522 2219 τοῦτο
3569 2157 3821 2230 παιδευτή-

465 2241 627 2297 bitus
661 2243 756 2299 hic
789 2246 959 2302 nobis
988 2249 1246 2306 exterius
1294 2250 1602 2308 adhibitus
1632 2257 1741 2319 est,
1801 2253 1987 2308 nostri
2044 2255 2047 2304 ἱ

2239 2271 2331 2306 »ιον
2367 2241 2626 2308 είσελθεῖν
2662 2252 2980 2326 δυνηθῶμεν
3017 2272 3030 2285 ·
3063 2252 3192 2308 ἀλλ’
3217 2248 3374 2308 ἔνδον
3403 2253 3433 2307 6
3460 2251 3682 2328 κρυπτὸς
3708 2247 3821 2304 Evot-

473 2334 758 2390 mundum
794 2337 1097 2408 ingressus
1117 2340 1367 2411 occasio,
1385 2347 1448 2396 ut
1477 2343 1534 2398 in
1551 2357 1920 2398 communem
1955 2341 2055 2396 har

2242 2344 2302 2395 :s'i
2331 2341 2545 2418 Πατὴρ,
2575 2343 2665 2398 καὶ
2694 2343 2723 2398 6
2751 2343 2949 2398 τούτου
2998 2346 3157 2410 Παῖς,
3189 2343 3220 2397 6
3268 2341 3400 2417 ὑπὲρ
3451 2343 3604 2415 ἡμων
3649 2339 3824 2394 ἀποθα-

464 2421 725 2478 scholam
758 2423 986 2496 ingredi
1020 2430 1469 2497 possemuszsed
1505 2430 1978 2486 intusinhahitat
2006 2446 2041 2501 q

1514 2430 1664 2486 intus
1684 2430 1978 2486 inhabitat
2006 2429 2110 2501 qui
2215 2427 2348 2499 νὼν,
2383 2430 2475 2486 καὶ
2510 2437 2629 2505 μεθ’
2658 2435 2820 2504 ἡμῶν
2848 2432 3096 2496 ἀναστάς.

462 2511 841 2570 absconditus
871 2520 960 2570 est
991 2515 1159 2572 Pater
1177 2522 1235 2573 et
1266 2517 1449 2574 Filius
1478 2519 1629 2590 ejus,
1661 2518 1762 2593 qui
1795 2536 1899 2592 pro
1929 2518 2098 2574 nobis
2129 2525 2400 2576 mortuus
2427 2527 2540 2589 est,
2571 2526 2630 2578 et
2651 2523 2962 2578 nobiscum
2981 2521 3324 2578 resurrexit.

538 2630 775 2686 XXXIV.
811 2633 914 2688 Hic
943 2633 1184 2692 habitus
1215 2637 1402 2693 oculis
1432 2635 1695 2712 obiectus
1727 2641 1973 2694 mortem
2008 2639 2109 2693 de-

2291 2638 2412 2693 AA'.
2473 2641 2653 2696 Τοῦτο
2708 2641 2770 2695 τὸ
2829 2646 3026 2716 σχῆμα
3085 2636 3433 2716 βλεπόμενον
3493 2634 3708 2709 ἰξαπατᾷ
3749 2632 3822 2687 τὸν

468 2718 614 2790 cipit
639 2726 694 2775 et
723 2721 1046 2780 diabolum:
1072 2725 1287 2797 quibus
1310 2727 1852 2784 nimiruminterior
1875 2727 2047 2800 opule

2242 2727 2447 2788 ιάνατον
2477 2728 2691 2786 καὶτὸν
2723 2723 2988 2787 διάϐολον
3025 2747 3039 2762 ο
3093 2729 3123 2784 6
3169 2728 3274 2806 γὰρ
3324 2726 3474 2789 ἀντὸς
3514 2722 3752 2792 πλοῦτος,
3775 2719 3824 2774 τδ

468 2809 550 2862 tia
584 2809 777 2875 (decor
806 2811 1052 2886 scilicet)
1110 2818 1412 2888 inaspecta
1457 2816 1556 2885 sit;
1594 2822 1649 2873 et
1707 2818 1862 2873 circa
1899 2832 2050 2890 COI'pt

2244 2815 2449 2886 ιάλλος,
2481 2816 2662 2881 αὐτοῖς
2693 2817 2916 2883 ἀθὲατός
2952 2815 3063 2873 ἐστι
3093 2838 3108 2853 ·
3143 2815 3234 2873 καὶ
3298 2814 3574 2891 μαίνονται
3622 2811 3734 2888 περὶ
3775 2807 3826 2864 τὸ

467 2897 693 2952 sculum
722 2899 913 2957 furore
935 2902 1324 2975 agitantur,ut
1343 2905 1702 2962 imbecillum
1733 2910 2049 2963 contemnet

2245 2905 2468 2981 ναρκίον,
2500 2907 2561 2962 οὗ
2616 2910 3048 2987 καταφρονοῦσιν
3107 2907 3186 2971 ὡς
3240 2907 3518 2977 ἀσθενοῦς,
3557 2906 3654 2958 τῶν
3705 2895 3827 2987 ἔνδον

470 2991 576 3055 tes,
609 2985 710 3058 qui
768 2990 840 3044 ad
869 2989 1174 3048 interiores
1231 2993 1533 3067 animique
1580 2996 1941 3052 contuendas
1972 3012 2052 3067 opi

2242 2989 2368 3059 ίντες
2420 2995 2617 3074 τυφλοῖ
2667 2985 2962 3071 κτημάτων
3003 3011 3017 3030 ⁶
3083 2993 3182 3051 οὐκ
3233 2993 3582 3068 ἕπιστάμενοι
3627 2986 3824 3060 πηλίκον

465 3077 629 3130 οωοίῐ
661 3077 800 3146 sint;
836 3095 947 3134 non
978 3081 1368 3154 intelligentes
1400 3062 1686 3157 quantum
1721 3062 2042 3142 «thesauru

2245 3083 2343 3140 τινὰ
2373 3108 2402 3137 ιι
2441 3062 2711 3162 θησαυρὸν
2757 3062 2821 3142 ⁷έν
2880 3083 3185 3162 ὀστρακίνῳ
3241 3062 3481 3139 σκεύει-»
3515 3076 3827 3162 βαστάζομιντ

466 3165 525 3219 in
559 3169 813 3223 testaceo
835 3185 969 3226 vase
999 3169 1110 3242 (b)»
1157 3171 1435 3240 feramus,
1485 3173 1582 3230 Dei
1633 3174 1824 3230 Patris
1873 3175 2048 3230 virtut

2246 3172 2448 3248 ῖυνάμει
2509 3158 2643 3229 Θεοῦ
2701 3175 2909 3249 Πατρὸς
2955 3158 3045 3228 καὶ
3098 3170 3294 3246 α’ίματι
3353 3174 3486 3228 Θεοῦ
3519 3158 3719 3228 Παιδὸς
3757 3158 3828 3218 καί

466 3252 687 3324 Deique
718 3255 844 3310 Filii
881 3259 1189 3327 sanguine,
1227 3277 1452 3317 necnon
1485 3261 1738 3334 Spiritus
1772 3264 1959 3319 sancti
1985 3282 2048 3320 ro

2249 3261 2404 3338 ίΡόσφ
2474 3261 2789 3337 Πνεύματος
2866 3263 3022 3338 ἁγίου
3085 3259 3635 3337 περιτετειχισμένον.
3686 3249 3831 3312 Ἀλλά

469 3344 924 3400 communitum.
957 3347 1042 3402 Tu
1075 3364 1209 3404 vero
1241 3366 1378 3406 cave
1413 3367 1482 3406 ne
1513 3351 1845 3425 decipiaris,
1879 3353 1979 3424 qui
2016 3371 2050 3408 v

2249 3350 2289 3406 r6
2346 3372 2408 3428 γε
2467 3353 2544 3425 μὴ
2596 3351 2959 3426 ἀξαπατηθῇς,
2992 3352 3021 3406 6
3067 3351 3403 3427 γεγευμὲνος
3438 3354 3535 3420 τῆς
3586 3343 3831 3417 ἀληθείας,

470 3429 660 3485 ritalis
709 3438 947 3503 gustum
1009 3437 1232 3506 feceris,
1296 3455 1636 3512 magnasque
1693 3441 2052 3514 redemption

2247 3440 2313 3496 ιαὶ
2344 3441 2751 3513 κατηξιωμένος
2777 3448 2880 3511 τῆς
2913 3443 3162 3518 μεγάλης
3210 3438 3536 3516 λυτρώσεως
3567 3455 3580 3470 ο
3611 3430 3744 3490 ἀλλά
3778 3428 3829 3483 τὸ

472 3518 657 3590 pretio
689 3521 906 3592 dignus
940 3524 1178 3582 habitus
1214 3526 1316 3584 sis:
1346 3530 1445 3585 sed
1471 3534 1672 3586 contra
1693 3546 1868 3602 quam
1896 3533 2045 3588 taciu

2245 3529 2463 3585 ιναντίον
2511 3534 2628 3593 τοῖς
2684 3527 2882 3592 ἄλλοις
2940 3517 3257 3604 ἀνθρώποις
3314 3529 3520 3600 σεαυτῷ
3578 3517 3827 3589 κατάλεξον

475 3608 689 3678 reliqui
721 3611 1012 3680 homines,
1045 3632 1186 3689 coge
1217 3617 1324 3673 tibi
1355 3619 1672 3676 exercitum
1702 3621 2012 3692 inermem,
2043 3639 2057 3678 ε

2253 3619 2450 3694 τρατὸν
2512 3617 2746 3689 ἃοπλον,
2805 3617 3112 3692 ἀπόλεμον,
3167 3617 3529 3691 ἀναίμακτον,
3584 3611 3835 3687 ἀόργητον,

471 3697 626 3754 bella
657 3700 948 3772 ineptum,
975 3704 1252 3760 fundendi
1278 3707 1590 3779 sanguinis
1617 3709 2000 3776 nescium,ira
2019 3728 2052 3765 v

2253 3708 2514 3784 ιμίαντον,
2569 3709 2826 3786 γέροντας
2883 3704 3177 3777 θεοσεϐεῖς,
3236 3705 3510 3785 ὀρφανοὺς
3561 3697 3835 3782 θεοφιλεῖςι,

472 3803 649 3843 cuum
664 3835 676 3856 ,
698 3790 1248 3862 incontaminatum;
1265 3812 1435 3852 senes
1452 3797 1667 3869 pietate
1685 3804 2050 3868 praestantes,

2252 3801 2406 3876 [ἤρας
2455 3798 2726 3870 πραότητι
2773 3796 3155 3872 ὡπλισμένας,
3202 3793 3404 3873 ἄνδρας
3454 3791 3628 3869 ἀγάπῃ
3677 3806 3834 3876 mea.

476 3877 730 3964 pupillos
765 3879 1057 3951 religiosis
1088 3885 1370 3949 moribus,
1403 3885 1612 3944 viduas
1665 3890 2058 3946 mansuetudii

2252 3873 2534 3961 ζημινους.
2592 3886 2894 3950 Τοιούτους
2962 3887 3157 3956 κτῆσαι
3231 3890 3318 3958 τῷ
3375 3889 3457 3958 σῷ
3509 3879 3718 3952 πλούτῳ
3763 3873 3834 3930 καὶ

473 3962 784 4033 intructas,
817 3968 975 4024 viros
1027 3969 1310 4028 charitate
1365 3981 1622 4031 ornatos.
1665 3976 1836 4033 Tales
1897 3979 2055 4034 diviti

2253 3981 2304 4050 ii)
2334 3978 2574 4050 σώματι,
2604 3975 2695 4032 καὶ
2724 3979 2795 4050 τῇ
2851 3978 3008 4050 ψυχῇ
3056 3972 3423 4052 δορυφόρους,
3455 3973 3526 4027 ὧν
3583 3967 3835 4052 στρατηγεῖ

475 4053 618 4120 tuis,
650 4056 1001 4128 corporique
1031 4064 1088 4113 et
1120 4061 1316 4115 animo
1346 4062 1450 4116 tibi
1495 4079 1638 4134 para
1663 4065 2055 4140 satellites,qu

2253 4067 2376 4138 νεὸς,
2410 4063 2480 4121 δι’
2511 4064 2603 4130 οὓς
2659 4064 2750 4121 καὶ
2807 4068 2934 4128 ναῦς
2998 4051 3376 4139 βαπτιζὸμὲνη
3407 4059 3721 4141 κουφίζεται,
3751 4051 3835 4128 μό-

475 4157 606 4196 rum
647 4143 792 4199 Deus
825 4145 1144 4216 imperator
1173 4149 1435 4218 exsistat;
1469 4167 1572 4222 per
1601 4167 1748 4222 quos
1779 4152 1909 4227 ipsa
1938 4173 2057 4231 pro;

2255 4177 2342 4220 αις
2373 4154 2542 4233 ἁγίων
2575 4155 2766 4231 εὐχαῖς
2793 4148 3206 4228 κυϐερνωμένη,
3237 4153 3328 4208 καὶ
3378 4152 3534 4213 νόσος
3561 4148 3834 4233 ἀκμάζρυῗφ

476 4233 798 4304 mergendo.
827 4234 991 4292 navis
1021 4241 1298 4308 emergat,
1331 4255 1505 4311 quam
1525 4242 1662 4297 solae
1683 4241 1872 4299 levent
1891 4227 2058 4303 sanet

2252 4227 2546 4319 ἱαμάζεται,
2578 4227 2780 4320 χειρῶν
2813 4227 3098 4304 ἰπιϐολαῖς
3126 4237 3568 4314 διωκομένη,καὶ
3588 4227 3834 4320 προσϐολή

476 4337 606 4376 rum
643 4338 867 4395 preces;
898 4325 1220 4398 vigensque
1271 4328 1512 4385 morbus
1569 4330 1895 4402 edometur,
1943 4352 2055 4406 que

2252 4317 2442 4410 λῃστῶν
2474 4317 2856 4411 ἀφοπλίζεται,
2878 4331 3068 4407 εὐχαῖς
3100 4326 3338 4386 εὐσεϐέσι
3370 4317 3834 4411 σκυλευομένη,καῖ

477 4410 675 4479 fugent
703 4414 908 4470 crebro
942 4415 1168 4486 injectus
1202 4433 1509 4486 manus;ac
1538 4418 1833 4478 latronum
1868 4423 2059 4480 insulti

2253 4408 2639 4499 Ξαιμόνωνήβία
2669 4420 2941 4497 Θραύεται,
2973 4420 3353 4497 προστάγμασι
3404 4416 3668 4476 συντόνοις
3703 4408 3835 4482 ἔλεγ-

473 4499 718 4557 inermis
750 4503 872 4571 ﬁat,
905 4504 1020 4577 piis
1051 4506 1326 4578 precibus
1369 4507 1836 4580 despoliantibus
1870 4529 1885 4570 :
1918 4515 2055 4590 visq'

1183 4506 1326 4562 :ibus
1369 4507 1836 4580 despoliantibus
1870 4529 1885 4570 :
1918 4515 2125 4590 visque
2234 4514 2446 4592 χομὲνη
2480 4511 2532 4567 ἂν
2564 4509 2765 4586 ἔργοις.

470 4593 766 4659 postremo
797 4593 1131 4650 daemonum
1167 4596 1492 4669 frangatur,
1523 4603 1800 4656 contenta
1831 4606 2243 4664 mandatorum
2274 4621 2454 4678 opera
2482 4620 2549 4660 ac
2584 4606 2788 4658 tenore
2817 4599 2974 4658 iners
3007 4598 3412 4670 comprobata.

544 4706 765 4762 XXXV.
801 4708 872 4764 Hi
904 4726 1110 4767 omnes
1164 4711 1384 4770 milites
1438 4730 1504 4770 ac
1533 4717 1808 4773 custodes
1869 4723 2116 4779 strenui.

2298 4718 2596 4776 ΛΕ’.Οῦτοι
2615 4714 2810 4778 πάντες
2827 4715 2880 4771 el
2912 4716 3238 4790 στρατιῶται
3265 4712 3356 4769 καὶ
3383 4709 3611 4791 φύλακες
3633 4697 3833 4781 βέϐαιοι.

476 4797 651 4849 Nemo
682 4796 930 4860 otiosus,
963 4813 1135 4856 nemo
1167 4800 1415 4858 inutilis.
1447 4801 1550 4860 Hic
1581 4804 1823 4876 quidem
1855 4824 1889 4862 a
1917 4809 2035 4865 Deo

2256 4807 2422 4870 )ὐδεῖς
2452 4807 2650 4883 ἀργὸς,
2677 4803 2858 4867 οὐδεὶς
2887 4804 3135 4880 ἀχρεῖος.
3167 4803 3230 4860 '0
3263 4802 3358 4875 μὲν
3393 4791 3750 4871 audeam!
3791 4806 3838 4843 σι

475 4885 713 4954 tamque
744 4884 995 4942 salutem
1029 4889 1358 4961 efﬂagitare
1389 4897 1603 4964 potest,
1633 4893 1732 4951 ille
1761 4911 1898 4952 vero
1956 4896 2057 4954 labi

2251 4898 2449 4954 ἱύναται
2479 4895 2628 4973 παρὰ
2665 4898 2820 4963 Θεοῦ,
2854 4895 2882 4950 6
2935 4889 2995 4949 δὶ
3041 4890 3529 4966 παραμυθήσασθαι
3577 4883 3833 4973 ultum}.

474 4976 701 5027 rantem
734 4974 932 5040 solari;
965 4975 1497 5050 aliuslacrymaset
1516 4983 1775 5053 gemitus
1801 4985 2055 5042 miseran

2251 5013 2257 5039 ι
2287 4983 2346 5042 δὶ
2377 4966 2638 5060 δακρῦσαι
2665 4984 2756 5040 καὶ
2788 4983 3029 5053 στενάξαι
3057 4983 3356 5053 συμπαθῶς
3404 4977 3534 5052 ὐπὶρ
3579 4976 3670 5030 σοῦ
3717 4966 3833 5060 πρός

471 5059 680 5115 affectu
718 5061 774 5116 in
811 5063 893 5116 tui
927 5065 1175 5136 gratiam
1219 5069 1288 5122 ad
1344 5070 1752 5128 universorum
1799 5073 2048 5130 Dominu

2249 5075 2316 5132 τὸν
2361 5056 2566 5150 Κύρίον
2621 5076 2732 5128 τῶν
2772 5069 2944 5142 ὅλων,
2975 5071 3004 5125 6
3035 5067 3094 5126 δὶ
3137 5066 3346 5141 διδάξαι
3374 5089 3426 5124 τι
3450 5069 3553 5123 τῶν
3582 5056 3831 5150 πρὸς-γὴν

473 5147 741 5220 fundere,
774 5149 928 5207 alius
959 5153 1266 5226 quidpiam
1299 5173 1525 5228 eorum,
1556 5176 1688 5232 qua
1726 5163 1798 5218 ad
1857 5163 2051 5220 salute

2247 5145 2499 5238 τωτηρίαν
2557 5160 2878 5238 χρησίμων,
2909 5160 2939 5215 6
2991 5156 3049 5216 δὶ
3102 5159 3419 5229 νουθετῆσαι
3480 5152 3609 5231 μετά

471 5238 811 5296 conducunt
845 5241 1072 5311 docere;
1101 5243 1252 5298 alter
1282 5244 1463 5303 libere
1493 5249 1807 5308 admonere
1836 5269 1904 5310 ac
1934 5269 2053 5310 cori

2244 5233 2425 5322 πίαςξὸ
2477 5248 2535 5307 δὶ
2565 5233 2975 5325 συμϐουλεῦσαι
3020 5249 3138 5322 μετ’
3171 5245 3378 5309 εὐνοίας
3409 5265 3424 5278 ·
3455 5245 3638 5304 πάντες
3679 5233 3731 5293 δὶ
3755 5253 3826 5314 φια

539 5449 603 5514 νχ‹
633 5443 692 5499 Ρ.
726 5443 833 5499 945
863 5442 972 5500 ED.
1005 5441 1303 5502 POTTER.
1337 5444 1416 5520 (α)
1445 5445 1654 5506 Matth.
1688 5464 1790 5521 vn,
1829 5455 1879 5510 ιε
1913 5451 2056 5511 Luc.
2085 5468 2121 5509 ν

1249 5442 1303 5502 Et.
1337 5444 1416 5520 (ο)
1445 5445 1654 5506 Matth.
1688 5464 1790 5521 vn,
1829 5455 1879 5510 ιι
1913 5451 2056 5511 Luc.
2085 5467 2165 5525 vn,
2196 5451 2287 5511 38.
2318 5450 2398 5525 (ὁ)
2429 5449 2482 5509 II
2511 5449 2642 5509 Cor.
2669 5465 2748 5522 xv,
2776 5449 2831 5506 7.

538 5645 657 5720 (37)
685 5645 903 5720 Τιμῶν.
933 5643 1134 5704 Scribe
1158 5644 1340 5700 τινῶν.
