4006 6200
243 349 324 406 Ml

1285 338 1504 400 LIBER
1537 339 1711 406 QUIB
1746 290 1962 406 οινεε
1998 341 2397 408 BALVITUB.

3437 359 3548 418 642

237 474 324 528 λιῐν
341 467 540 535 ἀληθῶς,
578 460 813 530 ἀδόλως,
852 457 1096 540 ἀφόϐως,
1150 461 1532 536 ἀνυποκρίτος,
1570 459 1787 518 άκπλα-

1920 482 2060 535 >ετε,
2093 466 2238 523 alter
2266 468 2543 526 benevole
2571 470 2888 528 consilium
2920 474 3060 531 dare
3092 493 3106 543 ;
3139 493 3347 536 omnes
3379 483 3548 540 deni-

231 560 392 625 m’mc,
419 551 708 614 ἀπλάστως.
735 552 802 607 Ὠ
846 549 1083 627 γλυκεῖα
1132 549 1387 626 θεραπεία
1435 549 1742 628 φιλούντων
1776 549 1789 607 l

226 646 488 718 ὅμωριοι
533 639 766 697 διάνοιαι
813 639 1158 716 θαρρούντων
1194 641 1208 697 l
1260 635 1304 693 ὤ
1333 639 1513 703 πίστις
1557 640 1790 713 εἰλικρι-

215 737 290 804 νὴς
311 730 419 789 θεόν
441 731 592 804 μόνον
623 726 877 786 δεδιότων
903 730 917 785 l
945 727 991 784 ὣ
1023 727 1205 803 λόγων
1238 725 1469 798 ἀλήθεια
1493 729 1642 799 παρὰ
1673 733 1790 794 τοῖς

213 822 444 896 ψεύσασθαι
475 820 548 892 μή
580 815 895 892 δυναμένοις
931 820 945 876 l
980 815 1026 872 ὣ
1053 815 1260 878 κάλλος
1293 812 1465 893 ἔργων
1495 818 1642 891 παρᾶ
1668 823 1789 880 τοῖς

213 912 299 983 Θεᾷ
334 908 572 964 διακονεῖν
630 906 1038 979 πεπεισμένοις,
1086 906 1290 960 πείθειν
1341 907 1496 973 Θεὸν,
1546 905 1790 982 άρεσκειν

210 1004 316 1071 Θεῷ,
339 999 395 1054 οὐ
421 994 609 1071 σαρκὸς
638 999 736 1065 τῆς
764 999 864 1061 σῆς
908 996 1165 1058 ἅπτεσθαι
1201 997 1212 1051 l
1271 992 1483 1066 λαλεῖν,
1513 993 1680 1065 ἀλλὰ,
1710 999 1792 1068 τῷ

211 1086 381 1162 βασιλεῖ
399 1090 501 1140 τῶν
529 1083 740 1140 αῒώνων
771 1085 828 1139 ὶν
861 1083 947 1138 σοὶ
977 1086 1350 1140 κατοικοῦντι.

1903 570 2015 625 que
2038 572 2189 626 vere,
2223 557 2519 625 sinedolo,
2545 558 2707 614 nullo
2732 559 2961 631 timore,
2988 563 3149 620 nulla
3168 566 3544 628 simulatione

1900 647 2073 699 autve
2127 645 2491 710 adulatione,
2549 647 2810 717 nihilque
2865 651 2998 706 ficte
3049 657 3543 718 amare.0dulce

1901 732 2226 789 amicorum
2254 735 2623 807 obsequium!
2657 753 2689 792 ο
2723 739 2887 794 beata
2918 743 3154 798 servitia
3185 761 3410 817 eorum,
3444 752 3544 820 qui

1904 821 2120 877 ﬁducia
2153 823 2412 894 polleant
2442 822 2455 878 ι
2491 841 2523 880 o
2547 825 2777 881 sincera
2807 828 2952 883 fides
2983 846 3186 888 eorum
3219 836 3317 904 qui
3351 837 3543 896 solum

1906 915 2092 967 Deum
2123 911 2374 967 timeant
2404 912 2418 967 l
2454 929 2486 968 ο
2516 915 2823 970 verborum
2876 919 3088 974 veritas
3121 924 3275 992 apud
3309 939 3410 980 eos
3441 928 3547 998 qui

1904 999 2142 1055 mentiri
2176 1017 2291 1056 non
2326 1001 2592 1072 possunt!
2626 1019 2658 1057 ο
2691 1004 2912 1074 puchra
2945 1006 3176 1063 illorum
3211 1016 3553 1087 opera,qui-

1903 1089 2012 1145 bus
2039 1090 2427 1146 constitutum
2460 1097 2549 1147 est
2579 1096 2644 1146 ut
2674 1091 2787 1148 Deo
2819 1094 3176 1165 ministrent,
3209 1099 3392 1158 Deum
3445 1106 3550 1162 ﬂe-

208 1184 344 1246 ctant,
375 1179 474 1232 Dco
502 1175 785 1247 placeant,
820 1190 936 1230 non
987 1189 1221 1230 carnem
1282 1179 1447 1229 tuam
1502 1173 1737 1246 impuro
1795 1191 1994 1232 amore
2019 1178 2402 1252 contingant!
2437 1185 2506 1235 ut
2562 1180 2898 1252 loquantur,
2933 1185 3014 1240 ita
3055 1191 3245 1245 tamen
3279 1197 3344 1248 ut
3401 1209 3538 1252 cum

210 1281 312 1337 rege
335 1263 685 1332 saculorum,
718 1264 823 1336 qui
853 1263 912 1318 in
945 1267 1002 1318 te
1030 1261 1276 1330 habitet,
1309 1279 1642 1319 sermonem
1677 1263 1908 1321 habeat.

259 1354 347 1421 AC.
377 1350 563 1414 Πάντες
590 1347 685 1405 οὗν
730 1350 784 1405 οἱ
825 1348 1035 1420 πιστοὶ,
1085 1347 1271 1415 καλοῖ,
1328 1355 1672 1424 θεοπρεπεῖς,
1702 1349 1795 1405 καὶ

207 1447 281 1509 τῆς
300 1438 641 1514 προσηγορίας
663 1437 827 1510 ἄξιοι,
859 1437 926 1507 ἢν
960 1435 1138 1512 ὥσπερ
1171 1433 1415 1510 διάδημα
1439 1437 1792 1513 περίκεινται.

207 1529 262 1588 03
287 1529 376 1601 μήν
401 1526 520 1582 ἁλλ’
538 1526 674 1582 εἲσὶν
698 1525 808 1597 ἤδη
839 1528 983 1588 τινες
1006 1527 1094 1581 καὶ
1116 1531 1226 1581 τῶν
1251 1525 1522 1582 ἐκλεκτῶν
1542 1527 1797 1583 ἐκλεκτό-

207 1638 336 1690 apex,
359 1618 438 1672 καὶ
463 1616 711 1689 τοσούτῳ
734 1613 951 1688 μᾶλλον
978 1617 1137 1684 ἧττον
1172 1618 1313 1688 (37⁵)
1345 1615 1609 1689 ἐπίσημοι
1662 1618 1800 1691 πρὸς

1975 1355 2126 1414 845
2155 1354 2404 1414 XXXVI.
2466 1355 2682 1414 Omnes
2711 1358 2908 1430 itaque
2967 1361 3192 1433 fideles,
3227 1368 3416 1441 probi,
3457 1373 3550 1426 die

1905 1444 2176 1516 vinisque
2209 1446 2472 1501 moribus
2504 1446 2782 1512 instituti,
2815 1455 2984 1520 atque
3014 1468 3082 1508 ea
3110 1455 3270 1527 digni
3316 1475 3550 1517 nuncu-

1907 1531 2167 1605 patione,
2200 1549 2317 1606 qua
2347 1533 2506 1588 velut
2535 1535 2867 1592 diademate
2896 1538 3113 1595 corona
3143 1542 3359 1617 inclyta
3389 1551 3551 1604 redi-

1909 1621 2037 1675 miti
2097 1626 2257 1677 sunt.
2293 1621 2600 1678 Enimvero
2631 1641 2747 1679 non
2779 1626 2992 1682 desunt
3019 1631 3115 1700 qui
3147 1637 3204 1687 et
3243 1635 3369 1704 jam
3404 1639 3555 1694 inter

206 1708 272 1762 τὸν
295 1704 465 1778 λιμένα
491 1704 550 1762 ἑκ
569 1708 669 1760 τοῦ
708 1703 994 1766 κλύδωνος
1016 1708 1114 1759 τοῦ
1166 1704 1381 1776 κόσμου
1428 1704 1797 1769 νεωλκοῦντες

1920 1710 2133 1799 electos
2155 1711 2371 1799 majori
2401 1709 2602 1766 electis
2662 1717 3001 1784 praestantia
3056 1703 3338 1791 fulgeant,
3368 1742 3556 1799 eoque

207 1795 376 1858 ἑαυτοὺς
398 1794 482 1850 καὶ
528 1794 896 1868 ἐπανάγοντες
942 1792 1027 1848 ἐπ’
1076 1793 1338 1871 ἀσφαλὲς
1371 1793 1435 1849 ού
1469 1793 1801 1870 βουλόμενοι

1920 1797 2102 1871 magis
2129 1797 2388 1855 illustres
2409 1800 2550 1866 sint,
2575 1817 2689 1868 quo
2723 1801 2966 1859 velutad
2995 1812 3230 1878 portum
3255 1826 3323 1867 ex
3345 1792 3552 1873 mundi

208 1882 343 1940 δοκεῖν
369 1885 530 1959 ἅγιοι,
587 1882 688 1939 κᾶν
745 1879 873 1958 εἴπῃ
929 1904 1035 1949 τις,
1090 1883 1502 1958 αἰσχυνόμενον
1553 1882 1606 1939 ἐν
1643 1885 1795 1960 βάθει

209 1975 386 2049 γνώμης
445 1972 890 2048 ἀποκρύπτοντες
951 1973 1018 2028 τά
1087 1970 1436 2043 άνεκλάλητα
1501 1975 1797 2049 μυστήρια,

208 2063 374 2132 uitiis
423 2061 595 2119 αύτῶν
658 2059 929 2136 εὐγένειαν
989 2061 1456 2138 ὑπερηφανοῦντες
1497 2064 1549 2117 ἐν
1605 2062 1798 2136 κόςμῳ

212 2151 464 2225 βλὲιιεσθαι.
512 2149 608 2213 οῦς
640 2150 672 2204 ὸ
706 2147 874 2225 λόγος
903 2175 932 2201 ιι
963 2154 1079 2226 φῶς
1125 2153 1226 2205 τοῦ
1265 2151 1478 2224 κόσμου
1521 2151 1612 2205 καὶ
1660 2150 1796 2214 ἅλας

210 2242 381 2313 τῆςτῆς
409 2262 436 2290 ι)
479 2237 660 2295 καλεῖ.
711 2239 867 2293 Τοῦτ’
928 2237 1059 2294 ἐστὶ.
1107 2239 1171 2293 τὸ
1217 2237 1452 2312 σπέρμα,
1498 2238 1656 2294 εἰκὼν
1706 2239 1796 2294 καὶ

209 2328 415 2399 ὁμοίωσις
443 2333 596 2395 Θεοῦ,
630 2326 727 2383 καί
771 2327 960 2383 τὲκνον
998 2325 1163 2384 αύτοῦ
1211 2330 1455 2404 γνήσιον,
1508 2327 1600 2384 καὶ
1655 2325 1796 2400 κλη-

208 2419 407 2490 ρονόμον,
435 2416 617 2493 ὥσπερ
680 2416 772 2473 ἐπί
826 2437 949 2472 τινα
999 2417 1251 2487 ξενιτείαν
1306 2416 1528 2472 ἐνταῦθα
1575 2417 1798 2491 πεμπόο

208 2527 326 2578 μενον
372 2506 470 2562 ὐπὸ
527 2507 784 2582 μεγάλης
837 2504 1160 2579 οἰκονομίας
1210 2505 1302 2560 καὶ
1363 2505 1657 2582 ἀναλογίας
1701 2509 1798 2561 τοῦ

209 2597 385 2668 Πστρὸς,
414 2593 479 2650 δι’
505 2597 567 2650 οὗ
610 2595 707 2650 καὶ
735 2596 804 2651 τά
832 2595 1032 2672 φανερὰ
1076 2599 1166 2650 καὶ
1197 2594 1264 2650 τὰ
1311 2593 1488 2672 ἀφανῆ
1519 2598 1618 2650 τοῦ
1666 2594 1796 2651 κόσ-

209 2705 285 2755 μου
306 2682 777 2759 δεδημιούργηταιο
810 2684 880 2738 τὰ
916 2683 1010 2756 μὲν
1058 2683 1134 2746 εἷς
1178 2679 1454 2754 δουλείαν,
1501 2684 1572 2739 τὰ
1613 2681 1672 2740 δὲ
1721 2684 1798 2747 εἷς

208 2771 400 2843 ἄσκησιν,
425 2774 492 2829 τὰ
520 2771 580 2830 δὲ
611 2773 694 2838 εἷς
754 2774 990 2846 μάθησιν
1051 2773 1231 2828 αὐτῶν
1289 2775 1425 2842 (38)⁶
1484 2774 1571 2828 καὶ
1625 2774 1801 2829 πάντα

209 2862 440 2936 μέχριςῶ
469 2862 706 2926 ἐνταῦθα
760 2863 826 2918 τὸ
880 2860 1095 2937 σπέρμα
1138 2863 1292 2936 μένῃ,
1350 2862 1652 2937 συνέχεται·
1707 2863 1798 2918 καὶ

209 2951 502 3024 συναχθέντος
530 2952 733 3022 αὐτοῦ,
769 2955 938 3005 ταῦτα
964 2950 1201 3026 τάχιστα
1230 2948 1545 3021 λυθήσεται.

1905 1886 2160 1960 procella
2189 1887 2418 1960 seipsos
2448 1889 2802 1958 subducant,
2835 1909 3044 1965 resque
3075 1914 3214 1954 suas
3272 1901 3331 1957 in
3353 1907 3551 1963 tutum

1907 1977 2212 2050 recipiant:
2245 1978 2345 2048 qui
2376 1978 2564 2033 sancti
2597 1979 2775 2034 videri
2810 1981 3038 2051 nolunt;
3067 2003 3133 2042 ac
3164 1989 3213 2043 si
3247 1993 3380 2063 quis
3404 2011 3555 2051 nun-

1905 2067 2224 2137 cupaverit,
2255 2068 2622 2123 erubescant:
2659 2069 2760 2140 qui
2793 2071 2912 2126 imo
2946 2074 3071 2146 ipso
3095 2083 3327 2148 pectore
3350 2082 3556 2142 iuelfa-

1908 2155 2051 2210 bilia
2081 2155 2360 2228 mysteria
2399 2157 2787 2227 abscondant,
2845 2176 3134 2235 suamque
3183 2169 3552 2232 nobilitatem

1906 2244 2188 2300 humanis
2218 2243 2408 2300 oculis
2470 2245 2646 2315 objici
2680 2253 3079 2307 contemnant.
3112 2253 3228 2312 Hos
3274 2259 3556 2321 nimirum

1905 2332 2208 2404 Scriptura
2236 2354 2264 2383 ‹‹
2301 2333 2497 2388 lumen
2526 2337 2729 2390 mundi
2755 2343 2811 2392 et
2833 2338 2919 2394 sal
2937 2345 3102 2397 terra
3127 2350 3553 2420 «vocat(a).Hoc

1905 2435 2116 2492 nempe
2142 2437 2340 2477 semen
2373 2421 2502 2493 (Dei-
2525 2421 2750 2480 scilicet
2776 2426 2972 2499 imago
3001 2434 3060 2484 et
3087 2431 3428 2509 similitudo,
3461 2458 3556 2497 ve-

1909 2525 2091 2599 raque
2123 2511 2250 2579 ejus
2283 2510 2475 2577 proles
2502 2517 2556 2567 et
2589 2513 2794 2584 haeres)
2825 2516 3057 2574 velutin
3081 2523 3349 2582 exsilium
3373 2531 3556 2599 quod-

1907 2598 2042 2654 dam
2075 2614 2141 2653 ac
2168 2599 2706 2672 peregrinationem
2737 2619 2949 2676 magno
2971 2607 3159 2665 Patris
3175 2598 3555 2686 propensiore

1907 2686 2154 2742 consilio
2187 2704 2564 2761 congruaque
2594 2689 2679 2745 eis
2713 2693 2937 2750 ratione
2965 2713 3033 2753 ac
3063 2706 3220 2756 sorte
3270 2703 3385 2760 buc
3420 2710 3558 2764 mit-

1907 2775 2076 2844 titur;
2109 2793 2227 2866 quo
2253 2781 2488 2833 auctore
2521 2780 2726 2834 mundi
2757 2797 2872 2848 res,
2904 2787 3028 2840 tum
3046 2788 3234 2844 oculis
3255 2795 3556 2866 expositas,
3635 2843 3637 2845 ,

1907 2868 2034 2920 tum
2070 2864 2308 2922 occulta:
2339 2867 2585 2922 condita:
2617 2877 2774 2924 sunt:
2808 2871 2934 2926 alia:
2965 2875 3198 2944 quidem
3233 2864 3432 2939 eorum
3451 2864 3557 2943 ob;

1911 2951 2133 3044 sequiis
2164 2953 2391 3022 deditas,
2426 2953 2550 3009 alia
2577 2971 2709 3012 vero
2739 2957 3002 3029 ipsorum
3033 2971 3334 3024 exercendi
3363 2975 3554 3044 gratia

208 3041 590 3134 excolenizeque
614 3040 1061 3134 virtutisatque
1114 3040 1245 3097 alia:
1275 3041 1551 3134 doctrinm
1579 3042 2160 3134 causa‘constituta:
2201 3048 2528 3134 cunctaque
2587 3047 2961 3105 continentur
2989 3069 3055 3108 ac
3107 3040 3550 3134 conservantur,
3663 3095 3668 3102 ε

211 3133 354 3200 quoad
375 3147 561 3188 semen
595 3129 839 3188 mortali
871 3130 978 3186 boc
1000 3134 1160 3186 statu
1201 3131 1507 3186 manserit:
1543 3147 1660 3202 quo
1690 3130 1934 3188 collecto
1961 3131 2264 3188 celerrime
2290 3133 2668 3190 dissolvenda
2699 3141 2857 3194 sunt.

260 3220 354 3275 Αῖ.
380 3220 434 3273 Τί
463 3219 567 3293 γάρ
599 3223 685 3274 ἔτι
721 3215 801 3273 δεὶ
828 3221 946 3290 Θεῷ
973 3218 1042 3272 τὰ
1064 3223 1164 3287 τῆς
1206 3218 1422 3292 ἀγάπης
1482 3220 1754 3294 μυστήρια
1787 3245 1803 3287 ς

1986 3226 2049 3291 ιιι
2079 3220 2354 3278 XXXVII.
2387 3222 2532 3286 Quid
2566 3225 2722 3280 enim
2755 3231 2872 3283 Deo
2931 3231 3188 3302 amplius
3220 3244 3556 3300 necessaria

211 3305 282 3359 Καὶ
316 3306 423 3362 τότε
469 3305 830 3371 ἀποπτεύσεις
873 3307 966 3362 τὸν
1009 3305 1217 3362 κόλπον
1266 3311 1365 3362 τοῦ
1409 3308 1640 3379 Πατρὸς,
1691 3309 1752 3363 δν
1781 3308 1812 3363 ὁ

213 3396 457 3470 μονογενὴς
484 3397 609 3458 Υἱὸς
675 3394 808 3456 Θεὸς
865 3395 1034 3466 μόνος
1077 3394 1402 3470 ἐξηγήσατο.
1432 3396 1588 3453 Ἔστι
1633 3393 1692 3452 δὶ
1719 3397 1810 3452 καὶ

211 3481 331 3544 the;
348 3485 507 3548 ὀΘεὸς
520 3485 745 3560 ἀγάπη,
766 3483 858 3538 καὶ
885 3480 955 3538 δι’
977 3482 1189 3557 ἀγάπην
1218 3486 1254 3552 ἡ
1279 3489 1374 3557 μῖν
1405 3482 1646 3558 ἐθηράθη
1672 3486 1811 3558 (39).

210 3569 286 3628 Κιὶ
306 3572 356 3626 τό
386 3573 472 3645 μὶν
503 3571 754 3650 ἅρῤητον
785 3570 976 3642 αὐτοῦ,
1013 3573 1226 3644 Ηατήρ’
1258 3572 1322 3628 τὸ
1349 3568 1406 3627 δὲ
1427 3571 1503 3634 εἰς
1534 3574 1672 3644 ἡμῖν
1699 3576 1811 3645 (40)

213 3661 450 3731 «opicae,
478 3662 674 3737 γέγονε
708 3661 918 3735 μήτηρ.
968 3661 1266 3736 Λγαπήσας
1291 3661 1320 3714 ὁ
1352 3661 1538 3735 Πατὴρ
1586 3659 1813 3731 ἐθηλύν-

214 3745 278 3815 θη·
301 3748 376 3802 καὶ
423 3749 620 3806 τούτου
657 3749 804 3824 μέγα
831 3754 1086 3822 σημεῖον,
1127 3748 1186 3804 ὅν
1235 3748 1396 3812 αὐτὸς
1446 3748 1728 3824 ἐγέννησεν
1761 3749 1813 3821 ἒξ

217 3835 378 3891 ἱπταῦ’
404 3839 487 3893 καὶ
517 3840 548 3895 ὁ
575 3839 804 3914 τεχθεὶς
851 3837 902 3911 ιε
949 3838 1167 3912 ὀγάπης
1211 3839 1440 3914 καρπὸς,
1476 3837 1683 3914 ἀγάπη.
1716 3841 1816 3894 Διᾶ

218 3927 335 3979 τοὶτο
358 3927 436 3981 καὶ
464 3928 625 3990 αὐτὸς
676 3925 938 3997 κατῆλθεο
973 3923 1062 3981 διὰ
1102 3929 1261 3982 τοῦτο
1301 3927 1580 4001 ἄνθρωπον
1633 3925 1811 3984 ἀνέδυυ

221 4005 286 4063 ὃιὶ
312 4019 452 4070 τοῦτο
496 4016 564 4071 τὰ
608 4015 919 4091 ἀνθρώπων
964 4014 1103 4070 ἑκὼν
1151 4012 1364 4084 ἔπαθεν,
1409 4012 1504 4072 ’ίνα
1544 4017 1674 4090 πρὶς
1716 4017 1816 4086 τὴν

220 4099 429 4178 ἡμετέραν
483 4105 792 4172 ἀσθένειαν,
842 4103 934 4167 οὓς
992 4102 1250 4179 ἠγάπησε
1301 4103 1612 4180 μετρηθεὶς,
1668 4106 1817 4176 ἡμᾶς

218 4190 320 4260 πρὸς
341 4193 430 4260 τὴν
457 4194 650 4249 ἑαυτου
707 4189 932 4266 δύναμιν
989 4192 1379 4267 ἀντιμετρήσῃ.
1441 4192 1543 4249 Καὶ
1593 4190 1814 4266 μέλλων

222 4277 518 4337 πάνοδεσθαι
549 4283 645 4338 καὶ
671 4278 871 4358 λύτρον
895 4280 1082 4336 ἑαυτὸν
1111 4278 1412 4350 ἐπιδιδοὺς,
1442 4282 1630 4351 καινὴν
1679 4283 1816 4356 ⁴ἡμῖν

219 4369 434 4439 Διαθήκην
473 4369 904 4443 καταλιμπάνειθ
958 4369 1207 4447 Ἀγάπην
1271 4370 1396 4443 ὑμῖν
1457 4367 1659 4443 δίδωμι
1715 4371 1815 4440 τὴν

222 4451 341 4524 ἐμήν.
366 4458 451 4521 Τίς
483 4457 540 4516 δέ
568 4459 717 4516 ἐστιν
750 4459 915 4529 αὕκη,
945 4459 1034 4514 καὶ
1065 4459 1209 4529 πόση
1237 4477 1252 4528 ;
1297 4459 1455 4532 ’Υπὲρ
1485 4461 1646 4531 ἡμῶν
1696 4459 1818 4516 ἑκά-

225 4561 318 4598 στου
363 4549 556 4618 καθῆκε
613 4549 720 4618 τὴν
781 4549 968 4622 ψυχὴν
1023 4547 1123 4616 τήν
1176 4546 1424 4618 ἀνταξίκν
1481 4551 1590 4603 τῶν
1647 4547 1816 4606 ὅλων.

223 4629 388 4702 Ταύτην
419 4609 561 4709 ἡμᾶς
620 4609 758 4712 ὑπὲρ
795 4609 1092 4718 ,ἀλλήλων-
1139 4609 1475 4694 ἆνταπάιτεῖ.
1535 4636 1599 4692 Εἰ
1631 4634 1689 4694 δὲ
1725 4639 1820 4700 τὰς
1859 4609 1904 4676 D

224 4720 360 4794 ψυχὰς
398 4723 695 4798 όφείλομεν
749 4729 870 4786 τοῖς
920 4722 1204 4802 ἀδελφοῖς,
1262 4722 1352 4780 καῖ
1403 4725 1664 4795 τοιαύτην
1726 4727 1826 4794 τήν

228 4811 440 4882 MN,va
486 4815 628 4886 πρὸς
679 4812 770 4868 τὸν
818 4819 1053 4888 Σωτῆρα
1109 4811 1696 4889 ἀνθομολογησόμεθα,
1745 4809 1824 4870 ἔτι

227 4896 276 4981 τὶ
295 4904 373 4954 τοῦ
417 4900 649 4975 κόσμου,
697 4902 765 4957 τά
817 4901 1018 4978 πτωχὰ
1066 4901 1155 4958 καὶ
1201 4901 1468 4978 ἀλλότρια
1496 4903 1584 4959 καὶ
1614 4905 1826 4981 παραρ-

231 4980 376 5054 pinna
398 4990 742 5064 καθείρξομεν
776 4989 1172 5063 ταμιευόμενοι
1197 5007 1214 5059 ;
1242 4987 1538 5062 Ἀλλήλων
1569 4980 1828 5048 ἀποκλεί-

229 5091 371 5146 ευμεν,
401 5077 432 5132 ἃ
461 5082 594 5151 μετᾶ
627 5079 821 5154 μικρὸν
848 5076 952 5150 ἕξει
981 5081 1045 5135 τὸ
1095 5083 1203 5156 πῦρ
1234 5099 1250 5152 ;
1305 5079 1471 5142 Θείως
1499 5101 1559 5157 γε
1587 5081 1677 5135 καὶ
1709 5080 1828 5137 ἑπι-

232 5165 372 5227 τόνως
399 5168 424 5222 ὁ
454 5169 734 5240 Ἰωάννης,
766 5192 796 5222 ιι
825 5169 888 5226 Ὀ
913 5169 990 5242 μή
1024 5167 1226 5247 φιλῶν,
1259 5170 1413 5248 φησὶ,
1443 5170 1536 5225 τὸν
1564 5167 1826 5248 ἀδελφὸν,

233 5249 624 5328 ἀώρωποκτόνος
658 5256 786 5313 εστί.
821 5280 850 5308 η
885 5256 1098 5331 σπέρμα
1135 5261 1234 5312 τοῦ
1277 5257 1430 5331 Καΐν,
1480 5258 1700 5332 θρέμμα
1727 5259 1826 5315 τοῦ

284 5386 337 5450 ιιι
358 5384 408 5440 r.
433 5386 536 5443 94c
564 5387 680 5445 an.
713 5385 1017 5445 POTTER.
1048 5386 1128 5460 (α)
1155 5385 1362 5444 Matth.
1386 5401 1442 5458 ν,
1479 5387 1570 5457 13,
1603 5388 1691 5444 14.

275 5507 656 5587 lxi-1531):“
700 5512 883 5587 ἦττον.
931 5507 1159 5566 Μᾶλλον
1255 5509 1418 5583 ἦττον
1464 5511 1558 5581 ed,
1616 5511 1821 5571 Klotzii

239 5571 362 5647 Libs,
387 5571 538 5638 1832.
571 5571 733 5640 Enn.
763 5582 999 5640 Ρετιιοε..

293 5649 380 5723 βε)
405 5651 608 5712 Αὐτῶν.
636 5653 821 5728 Αὐτῷ,
852 5671 964 5714 ms.
996 5654 1162 5714 FzLL.

1918 3309 2222 3364 charitatis
2254 3311 2564 3382 mysteria?
2601 3312 2880 3385 Tuncque
2923 3319 3066 3375 adeo
3115 3322 3305 3384 Patris
3353 3331 3553 3389 sinum

1919 3397 2216 3470 inspicies,
2249 3414 2419 3470 quem
2453 3399 2615 3455 solus
2645 3405 2935 3461 enarravit
2992 3410 3330 3483 unigenitus
3373 3419 3557 3477 F'ilius

1920 3484 2096 3540 Deus.
2131 3485 2231 3542 Est
2259 3492 2454 3542 autem
2487 3494 2543 3544 et
2570 3488 2723 3545 Deus
2755 3492 2880 3564 ipse
2910 3495 3186 3569 cbaritas,
3216 3519 3332 3575 qua
3361 3513 3418 3562 et
3457 3526 3557 3566 ve-

1923 3579 2063 3628 natu
2088 3591 2263 3647 prope
2293 3592 2328 3630 a
2359 3577 2529 3632 nobis
2559 3583 2765 3648 captus
2793 3587 2902 3637 est.
2937 3584 3002 3639 Et
3058 3589 3292 3659 quidem
3342 3612 3558 3654 arcana

1921 3662 2137 3719 deitate
2168 3667 2356 3731 Pater;
2385 3682 2496 3735 qua
2516 3681 2652 3723 vero
2674 3684 2780 3726 nos
2799 3670 3197 3734 misericordia
3219 3692 3559 3751 persecutus

1922 3756 2032 3815 est,
2061 3752 2287 3808 exstitit
2320 3758 2522 3810 mater.
2548 3755 2717 3812 Pater
2735 3757 3054 3833 diligendo,
3085 3770 3252 3838 quasi
3278 3771 3556 3830 feminam

1921 3839 2136 3906 induit;
2173 3841 2473 3931 hujgusque
2506 3844 2585 3898 rei
2617 3848 2838 3916 grande
2869 3849 3152 3910 indicium
3177 3863 3286 3923 est,
3307 3876 3484 3931 quem
3510 3863 3561 3919 is

1922 3944 1992 3984 ex
2023 3945 2085 3985 se
2115 3929 2315 4000 genuit
2348 3947 2361 3986 :
2395 3947 2462 3986 ac
2483 3933 2585 4002 qui
2641 3949 2709 3989 ex
2733 3936 3017 3996 charitate
3075 3929 3400 4017 prognatus
3443 3952 3566 4007 fru-

1923 4017 2236 4110 ctus,uipse
2299 4017 2552 4110 charitas
2606 4027 2714 4080 est.
2775 4024 3012 4098 Propter
3068 4031 3176 4089 hoc
3222 4041 3280 4091 et
3307 4037 3434 4110 ipse
3465 4041 3569 4095 de-

1925 4107 2174 4197 scendit,-
2207 4113 2443 4180 propter
2472 4107 2582 4166 hoc
2614 4110 2906 4171 hominem
2940 4117 3156 4182 induit;
3188 4107 3427 4197 propter
3458 4129 3567 4185 hoc

1924 4195 2124 4253 volens
2154 4196 2417 4254 humana
2445 4215 2656 4270 passus
2686 4208 2797 4271 est,
2830 4210 2896 4260 ut
2926 4195 3313 4269 imbecillitati
3352 4222 3565 4272 nostras

1925 4301 2054 4342 sese
2083 4287 2486 4354 commetiens,
2511 4305 2645 4344 cum
2670 4291 2990 4362 dilexisset,
3013 4314 3130 4354 suas
3156 4303 3323 4357 nobis
3337 4305 3570 4360 virtutis

1926 4391 2264 4431 mensuram
2291 4377 2652 4448 modumque
2676 4379 2930 4438 vicissim
2957 4390 3571 4463 rependeret.Jamque

1927 4463 2346 4531 immolandos,
2365 4480 2431 4520 ac
2444 4481 2577 4520 cum
2593 4482 2654 4521 se
2669 4469 2920 4538 pretium
2942 4474 3368 4547 redemptionis
3383 4480 3570 4551 daret,

1937 4567 2153 4606 novum
2185 4551 2356 4608 nobis
2394 4552 2836 4611 Testamentum
2883 4559 3139 4631 reliquit:
3193 4565 3571 4624 Dilectiouem

1939 4655 2126 4694 meam
2159 4640 2232 4694 do
2263 4640 2443 4696 vobis.
2482 4641 2758 4704 Quasnam
2789 4661 2923 4702 vero
2954 4647 3072 4704 haec
3103 4655 3158 4706 et
3189 4655 3440 4723 quanta?
3466 4657 3572 4712 Pro

1935 4743 2286 4799 unoquoque
2318 4734 2584 4785 nostrum
2615 4732 2876 4789 animam
2906 4739 3121 4806 posuit,
3175 4745 3346 4814 cujus
3387 4748 3578 4816 majus

1933 4816 2211 4872 omnibus
2244 4817 2496 4888 pretium
2529 4819 2779 4877 exsistit.
2814 4822 2992 4893 Hanc,
3019 4833 3084 4882 ut
3103 4828 3252 4886 alter
3273 4849 3376 4904 pro
3395 4835 3576 4892 altero

1933 4921 2223 4996 ponanus,
2258 4919 2288 4959 e
2321 4905 2491 4996 nobis
2523 4907 2719 4980 exigit.
2754 4911 2913 4977 Quod
2947 4913 2996 4970 si
3029 4932 3133 4988 pro
3165 4919 3448 4978 fratribus
3471 4941 3580 4996 po-

1935 5011 2072 5050 nere
2101 4993 2332 5050 animas
2355 4995 2660 5067 debemus,
2683 5002 2860 5070 atque
2881 5001 2990 5058 hoc
3012 5020 3146 5062 cum
3171 4993 3580 5069 Salvatorewvi-

1934 5081 2134 5173 cissim
2167 5082 2319 5155 pacti
2374 5088 2800 5144 testamentum
2862 5106 3095 5162 sumus,
3128 5096 3395 5155 adhucne
3451 5117 3579 5173 qua:

1935 5171 2130 5230 saeculi
2163 5177 2323 5242 sunt,
2355 5188 2540 5247 egena
2567 5174 2669 5231 illa
2697 5182 2756 5232 et
2785 5177 2978 5238 aliena
3006 5191 3060 5239 et
3081 5186 3381 5243 efﬂuentis
3402 5171 3586 5246 conti-

1935 5262 2212 5320 nebimus
2243 5277 2308 5317 ac
2339 5263 2760 5322 recondemus‘?
2787 5267 2952 5325 Alter
2981 5270 3149 5329 alteri
3171 5274 3372 5333 clausa
3400 5276 3586 5335 habe-

2141 5493 2828 5600 Eg‘enpégn.nLe.gendpm
2879 5521 3109 5600 videtur
3155 5521 3452 5599 ἐθηλύνθηο
3499 5528 3582 5585 In.

2021 5514 2090 5568 39
2141 5514 2268 5584 Ἐθη
2311 5514 2438 5585 άθη.
2489 5515 2828 5600 Legendum
2879 5521 2972 5576 vid

1997 5514 2112 5659 ξιοί
2145 5584 2244 5652 Εἷς
2271 5533 2430 5662 ξμῖν.
2463 5587 2666 5646 Scribe
2695 5587 2772 5651 εἰς
2803 5591 2976 5666 ἡμᾶς,
