4006 6200
3799 43 3940 119 -‘n-

509 365 617 420 643
1741 359 2091 418 CLEMENTI

2265 352 2686 411 .EXANDRINI
3763 356 3847 413 θυι

514 490 734 558 bimus,
758 505 886 561 quae
917 487 1077 544 brevi
1109 492 1240 560 post
1265 487 1633 543 absumenda
1678 483 1834 557 ignis
1863 479 2096 538 habebit

2267 472 2547 532 διαϐόλου.
2602 479 2738 561 θεοῦ
2773 471 3113 561 σπλάγχνον
3169 474 3260 531 ιύκ
3303 473 3436 552 ἔχει.
3477 475 3659 533 ἐλπίδα
3697 499 3846 554 κρειτ-

518 579 717 634 Divine
731 558 1055 648 seduloque
1074 558 1216 633 Jean
1227 593 1349 632 nes:
1373 599 1400 627 ‹‹
1419 575 1526 640 Qui
1551 591 1667 630 non
1685 571 1872 644 diligit
1885 573 2100 626 fratrea

2262 567 2432 620 τόνων
2466 564 2565 619 οὐκ
2594 558 2731 638 ἔχει.
2763 559 3002 638 ἄσπορός
3046 561 3210 619 ἐστιν·
3243 563 3434 627 ἄλογός
3466 564 3617 622 ἔστιν·
3643 566 3730 622 οὐκ
3756 565 3844 623 ἔστι

510 665 1019 739 inquit,bomicida
1030 670 1116 721 est
1129 665 1262 736 (a):»
1277 680 1474 720 semen
1489 661 1751 729 Cain,alu
1763 676 1934 716 mnus
1949 656 2092 714 diab:

2260 652 2452 726 κλῆμα
2499 659 2600 721 τῆς
2645 651 2726 707 ἀεὶ
2795 653 2975 739 ζώσης
3045 653 3428 728 ὑπερουρανίας
3474 653 3720 727 ἀμπέλου·
3771 657 3840 713 ἐκ·

509 755 572 824 li;
595 737 700 811 _Dei
721 755 942 810 viscera
964 771 1076 810 non
1099 755 1459 825 habet,spem
1483 753 1776 825 potiorum
1801 766 1914 805 non
1945 748 2091 803 habe

1852 766 1914 805 an
1945 748 2145 815 habet;
2259 741 2539 812 κόπτεται,
2568 741 2630 796 τὸ
2663 743 2767 816 πῦρ
2791 737 2988 816 ἅθρουν
3022 741 3271 814 ἀναμενει
3305 744 3434 815 (41).

505 845 633 899 sine
661 843 882 899 semine
913 845 1020 908 est,
1054 841 1268 897 sterilis
1297 849 1406 910 est;
1441 858 1554 896 non
1587 844 1678 896 est
1710 838 1934 910 palmes
1964 837 2020 890 in
2057 838 2405 906 perpetuum
2439 831 2683 888 viventis
2713 831 3150 902 supercmlestis
3179 831 3331 900 vitis;
3363 832 3662 900 excidatur,
3704 851 3845 890 eum-

504 950 618 1005 que
651 933 818 988 densi
852 932 1008 1003 ignis
1038 949 1214 988 vorax
1247 937 1445 987 manet
1471 929 1835 986 incendium.

576 1020 870 1076 XXXVIII.
889 1002 986 1075 i'I‘u
1021 1035 1155 1075 vero
1175 1019 1595 1093 praecellentem
1621 1019 1772 1074 viam
1797 1013 2142 1079 condiscito,

2323 1010 2453 1066 ΑΙ-Γ.
2491 1007 2566 1063 Συ
2590 1005 2649 1063 δὲ
2679 1009 2816 1079 μάθε
2842 1010 2942 1077 τήν
2987 1010 3107 1073 καθ’
3155 1002 3462 1084 ὑπερϐοΛὴν
3511 1007 3642 1084 ὁδὸν,
3669 1009 3726 1080 ἤν
3753 1007 3841 1067 δεί-

503 1127 679 1183 quam
695 1109 1568 1166 ostenditPaulusdeducentem
1584 1107 1655 1163 ad
1671 1106 1973 1162 salutem.»
1989 1102 2085 1158 Ch:

2259 1119 2403 1153 ιινυσι
2437 1097 2654 1160 Παῦλος
2686 1095 2772 1152 ἐπὶ
2806 1098 3100 1173 σωτηρίαν·
3146 1123 3174 1150 ιι
3207 1099 3270 1153 'll
3300 1097 3481 1169 ἀλάπη
3509 1100 3570 1153 τά
3596 1100 3763 1170 ἑαυτῆς
3789 1102 3841 1157 οὗ

503 1199 647 1254 ritas
671 1216 785 1254 nun
816 1200 1023 1269 quaerit
1045 1215 1171 1269 qua:
1203 1215 1309 1254 sua
1344 1197 1604 1266 sunt(b),
1653 1196 1754 1251 sed
1794 1194 1856 1248 in
1901 1193 2085 1248 fratre:

2256 1191 2426 1258 ζητεῖ,
2460 1209 2488 1237 »
2533 1183 2642 1241 ἀλλ
2700 1185 2804 1241 ’ἰπὶ
2863 1183 3098 1262 ἀδελφὸν
3158 1184 3464 1262 ἐκκέχυται·
3515 1188 3628 1264 περὶ
3678 1193 3838 1245 τοῦτον

500 1289 684 1344 effusa
715 1291 824 1344 est:
858 1290 937 1342 ita
968 1286 1026 1342 in
1052 1287 1216 1342 illum
1251 1303 1416 1343 versa
1445 1290 1555 1351 est,
1587 1289 1747 1340 casto
1781 1285 1911 1353 ejus
1942 1296 2082 1336 amo

2253 1274 2531 1346 έπτόηται,
2591 1275 2713 1349 περὶ
2742 1279 2935 1330 τοῦτον
2969 1275 3230 1354 σωφόνως
3265 1276 3522 1349 μαίνεται.
3571 1301 3596 1329 αι
3661 1276 3835 1350 Ἀλάπη

500 1378 776 1433 insanit.u
797 1376 1063 1432 Charitas
1077 1376 1266 1448 cperit
1287 1374 1726 1430 multitudinem
1745 1375 2082 1444 peccatorum

2255 1364 2507 1420 καλύπτει
2538 1363 2753 1433 πλῆθος
2795 1365 3099 1439 ἁμαρτιῶν·
3134 1367 3168 1434 ἡ
3198 1363 3382 1420 τελεία
3411 1365 3587 1435 ἀλάπη
3617 1361 3837 1423 nam“

499 1467 753 1537 perfecta
783 1465 1040 1521 charitas
1056 1466 1196 1520 foris
1222 1464 1403 1519 mittit
1425 1465 1717 1530 timorem;
1743 1477 1856 1516 non
1876 1461 1994 1531 agit
2019 1475 2081 1530 pe

2257 1454 2336 1508 τὸν
2369 1448 2558 1531 φόϐον·
2593 1453 2656 1508 οὐ
2687 1452 3093 1528 περπερεύεται,
3117 1453 3178 1509 ού
3210 1458 3513 1532 φυσιοῦται,
3541 1455 3634 1510 οὐκ
3660 1455 3839 1531 ἐπιχαί-

494 1571 718 1626 peram,
756 1572 869 1609 non
904 1555 1162 1622 inflatur,
1198 1571 1311 1608 non
1345 1553 1560 1623 gaudet
1591 1567 1767 1622 super
1803 1547 2076 1620 iniquitat

2254 1561 2326 1618 ρει
2351 1547 2420 1616 τῇ
2452 1539 2652 1613 ἀδικίᾳ·
2685 1541 2966 1619 συγχαίρει
3007 1540 3064 1598 δὲ
3087 1546 3156 1617 τῇ
3188 1543 3439 1615 ἀληθείᾳο
3471 1545 3633 1600 πάντα
3671 1546 3836 1620 στέγει,

495 1643 832 1714 congaudet
849 1647 1046 1698 autem
1065 1642 1315 1709 veritati;
1337 1640 1536 1696 omnia
1557 1640 1782 1705 suffert,
1805 1637 2004 1694 omnia
2021 1653 2077 1691 cr

2257 1630 2418 1686 πάντα
2463 1631 2726 1698 πιστεύει,
2755 1632 2928 1686 πάντα
2975 1630 3208 1701 ἐλπίζει,
3268 1633 3440 1687 πάντα
3495 1633 3747 1706 ὑπομένει.
3789 1636 3839 1690 Ἠ

495 1731 601 1795 dit,
623 1731 821 1786 omnia
835 1736 1048 1801 sperat,
1063 1730 1260 1784 omnia
1271 1728 1816 1785 sustinet.Charitas
1831 1741 2069 1796 nunqua

2255 1718 2430 1795 ἰγάπη
2466 1717 2726 1775 οὐδέποτε
2773 1718 3042 1777 ἐκπίπτει.
3093 1722 3432 1796 ΙῙροφητεῖαι
3478 1727 3837 1799 καταργοῦνται,

495 1819 728 1875 excidit.
766 1819 1090 1890 Prophetiae
1123 1823 1502 1885 evacuantur,
1534 1817 1745 1888 linguae
1777 1818 2077 1880 cessarit,cl

2256 1806 2491 1883 γλῶσσαι
2523 1809 2808 1878 παύονται,
2843 1809 3010 1872 ἰάσεις
3042 1809 3128 1865 ἐπὶ
3162 1813 3269 1884 γῆς
3315 1810 3731 1866 καταλείπονται·
3761 1811 3838 1885 μί-

494 1909 750 1963 rationes
783 1909 838 1962 in
882 1887 1035 1964 terra
1060 1908 1358 1975 deficiunt;
1380 1887 1833 1962 manentiautem
1855 1903 1967 1959 tria
1992 1903 2076 1957 hae

2254 1917 2319 1952 νει
2353 1895 2410 1952 δὲ
2433 1899 2501 1953 τὰ
2526 1897 2653 1974 τρία
2688 1903 2877 1969 ταῦτα,
2908 1897 3112 1964 πίστις,
3145 1897 3328 1965 ἐλπὶς,
3358 1898 3560 1974 ἀγάπη·
3593 1899 3766 1973 μείζων
3790 1897 3836 1955 δέ

493 1995 659 2064 ﬁdes,
683 2013 840 2068 spes,
866 1996 1143 2063 charitas,
1170 1997 1353 2066 major
1368 2001 1562 2050 autem
1579 1995 1732 2049 inter
1746 1994 1864 2048 hac
1885 1997 1974 2048 est
1987 1991 2075 2047 ch:

2249 1984 2291 2040 έν
2339 1985 2610 2057 τούτοιςὴ
2662 1987 2870 2062 ἀγάπη.
2906 2009 2934 2038 ι)
2965 1986 3062 2042 Καὶ
3111 1983 3358 2050 δικαίως.
3407 1988 3578 2051 πίστις
3625 1988 3710 2062 μὶν
3749 1989 3831 2063 γὰρ

497 2086 641 2140 ritas
669 2085 797 2156 (c).»
830 2085 892 2139 Et
926 2085 1150 2152 merito;
1175 2083 1319 2139 ﬁdes
1347 2083 1503 2142 enim
1534 2083 1767 2148 transit,
1815 2098 1948 2136 cum
1982 2081 2073 2151 ips

2246 2075 2557 2151 ἀπέρχεται,
2589 2075 2716 2130 ὅταν
2746 2076 2977 2150 αὐτοψίᾳ
3023 2078 3333 2147 πεισθῶμεν
3366 2074 3561 2140 ἰδόντες
3602 2077 3739 2135 Θεόν.
3768 2083 3828 2132 Kc

493 2173 710 2229 nostris
740 2173 921 2228 oculis
954 2174 1196 2229 videndo
1232 2178 1410 2228 Deum
1443 2171 1771 2228 credemus.
1803 2170 1948 2241 Spes
1978 2185 2075 2240 qut

2246 2163 2394 2226 ἐλπὶς
2428 2165 2733 2242 ἀφανίζεται
2755 2169 2861 2220 τῶν
2883 2163 3236 2220 ἐλπισθέντων
3253 2164 3625 2241 (έρχομένων)·
3655 2165 3828 2240 ’Δγάπη

489 2279 602 2332 que
628 2262 940 2328 evanescit,
974 2262 1209 2317 illorum
1238 2268 1548 2333 conspectu
1573 2275 1700 2331 quaa
1723 2260 1782 2314 in
1805 2274 1908 2330 spe
1940 2257 2071 2329 posi‘

2245 2251 2294 2308 δὲ
2323 2253 2399 2318 εἷς
2426 2253 2710 2330 πλήρωμα
2739 2255 3074 2331 συνέρχεται,
3124 2253 3214 2309 καὶ
3267 2254 3480 2327 μᾶλλον
3525 2252 3716 2326 αὔξεται
3741 2259 3827 2310 τῶν

489 2357 646 2406 sunt.
672 2350 936 2406 Charitas
961 2369 1090 2406 vero
1112 2350 1171 2406 in
1193 2349 1687 2421 complementum
1711 2347 1928 2420 pariter
1947 2347 2071 2401 veni

2251 2341 2456 2397 τελείων
2489 2340 2922 2418 παραδοθέντων.
2957 2343 3080 2398 Ἐὰν
3120 2343 3325 2414 ταύτην
3359 2339 3660 2417 έμδάληταί
3684 2365 3756 2406 τις
3779 2346 3833 2416 τῇ

493 2444 549 2493 et
580 2447 826 2511 augetur
858 2439 1070 2510 magis,
1103 2439 1202 2494 ubi
1238 2438 1514 2510 perfectio
1544 2437 1864 2494 advenerit.
1899 2437 1958 2492 Si
1991 2453 2069 2508 qu

2249 2433 2410 2506 μυχῇ,
2457 2429 2698 2501 δύναται,
2743 2429 2837 2487 κᾶν
2882 2431 2933 2487 ἐν
2984 2433 3375 2506 ἀμαρτήμααιν
3405 2433 3440 2508 ᾗ
3467 2433 3831 2509 γεγεννημένος,

490 2527 648 2583 illam
683 2528 739 2582 in
774 2528 1034 2584 animum
1067 2528 1414 2600 susceperit,
1443 2526 1708 2598 quamvis
1737 2525 1990 2597 peccatis
2025 2524 2072 2580 υ]

2251 2517 2327 2573 ιᾶν
2378 2519 2564 2576 πολλά
2609 2522 2714 2575 τῶν
2762 2519 3160 2594 κεκωλυμένων
3220 2520 3594 2596 εἰργασμένος,
3640 2521 3833 2592 αὐξήσας

487 2617 695 2672 noxius
754 2619 868 2686 sit,
929 2633 1106 2689 quam
1174 2617 1361 2673 multa
1416 2617 1619 2673 illicita
1673 2615 2069 2688 perpetraveri‘

2248 2609 2328 2677 τὴν
2374 2610 2604 2684 ἀγάπην,
2653 2613 2740 2664 καί
2798 2611 3082 2683 μετάνοιαν
3126 2610 3366 2686 καθαράν
3414 2605 3610 2679 λαϐών,
3656 2609 3830 2682 ἀναμά-

485 2708 734 2763 adaucta
764 2707 1046 2763 charitate
1077 2723 1335 2780 puraque
1359 2706 1623 2766 adhibita
1645 2705 2002 2779 paenitentia,
2032 2722 2062 2760 e

2246 2699 2423 2771 (εσθαι
2454 2699 2520 2752 τά
2549 2699 2898 2771 ἐπταισμένα.
2931 2701 3082 2768 Μήτε
3118 2699 3220 2774 γὰρ
3278 2704 3441 2756 τοῦτο
3497 2700 3570 2762 εἷς
3615 2698 3828 2773 ἀπόγνω-

484 2801 606 2851 rata
638 2813 743 2851 sua
775 2797 1067 2870 corrigere
1102 2802 1308 2868 potest.
1339 2805 1402 2869 ›ι‹
1455 2796 1600 2853 Nam
1653 2811 1840 2866 neque
1873 2795 1982 2849 hoc
2013 2795 2066 2849 ιε]

2247 2786 2310 2840 ιίν
2340 2808 2422 2842 σοι
2472 2785 2560 2842 καὶ
2609 2788 2866 2842 ἀπόνοιαν
2915 2785 3354 2865 καταλελείφθω,
3387 2788 3431 2844 εί
3461 2789 3548 2844 καὶ
3576 2789 3658 2843 τὸν
3686 2785 3829 2843 πλούο

483 2885 687 2940 deesse
715 2885 912 2953 velim,
951 2885 1302 2956 utdesperes
1321 2884 1702 2954 animumque
1730 2884 2064 2955 despondea

2247 2895 2343 2930 ιιον
2389 2876 2583 2948 μάθοις
2623 2878 2771 2938 ὅστις
2828 2875 2993 2943 ἇστὶν,
3043 2877 3071 2932 ὁ
3105 2879 3298 2952 χώραν
3353 2878 3406 2932 έν
3464 2877 3701 2954 οὐρανοῖς
3749 2875 3829 2932 οὐκ

483 2980 546 3028 ut
570 2975 808 3030 divitem
842 2975 1072 3029 noveris
1099 2975 1233 3046 quis
1263 2974 1497 3029 tandem
1523 2971 1621 3030 ille
1651 2973 1748 3039 sit,
1790 2973 1890 3044 qui
1922 2973 2065 3027 locu:

1931 2973 2116 3027 locum
2228 2962 2396 3038 ἔχων,
2426 2966 2515 3020 καί
2542 2986 2662 3021 τινα
2680 2966 2882 3042 τρόπον
2913 2971 3031 3028 τοῖς
3052 2965 3169 3020 οῦσι
3202 2968 3513 3042 χρώμενος.

477 3063 534 3118 in
569 3062 730 3118 cmlis
759 3080 874 3119 non
905 3063 1138 3133 habeat,
1172 3079 1358 3134 quove
1389 3063 1439 3118 is
1463 3062 1632 3119 modo
1663 3061 1790 3117 suis
1821 3060 2118 3116 facultati-

481 3151 592 3206 bus
624 3155 845 3206 utatur.

524 3155 882 3295 υἱξὶέῗξίῴέί
907 3241 1040 3311 quis
1072 3244 1194 3294 tum
1257 3239 1626 3294 abundantes
1679 3239 1933 3305 divitias,
1989 3243 2106 3294 tum

2297 3233 2416 3287 AO‘.
2447 3234 2542 3288 "Av
2575 3253 2658 3296 τις
2684 3232 2746 3288 τό
2783 3253 2843 3288 τε
2889 3230 3176 3309 έπίρῥυτον
3225 3237 3326 3288 τοῦ
3371 3232 3606 3290 πλούτου
3632 3231 3713 3287 καὶ
3739 3250 3828 3307 χαο

476 3327 777 3398 penuriam
810 3343 925 3400 quo
949 3343 1097 3399 egre
1126 3327 1302 3382 vitam
1337 3332 1630 3385 sustentet
1651 3327 1921 3394 evaserit,
1944 3333 2058 3382 arte:

2243 3321 2391 3374 temiv
2421 3320 2498 3383 είς
2545 3323 2690 3390 ζωὴν
2742 3318 3014 3397 διαφύγοι,
3067 3320 3158 3376 καὶ
3208 3319 3432 3378 δύναιτο
3471 3327 3572 3378 τῶν
3625 3319 3825 3376 αἰωνίων

475 3431 666 3487 neque
697 3417 848 3470 bona
880 3415 1130 3486 proclive
1159 3417 1395 3487 assequi
1422 3416 1696 3487 potuerit,
1725 3416 1826 3471 sed
1857 3415 1944 3470 vel
1964 3416 2057 3470 for‘

2239 3411 2430 3485 ίγαθῶν
2482 3409 2835 3481 ἐπαύρασθαι,
2883 3407 2968 3481 εἴη
3021 3407 3078 3464 δὲ
3114 3412 3444 3486 τετυχηκὼς
3473 3409 3508 3481 ἤ
3539 3408 3606 3466 δι’
3633 3411 3821 3485 ἄγνοιαν

471 3521 573 3576 per
603 3504 992 3576 ignorantiam
1025 3509 1127 3559 aut
1156 3505 1283 3558 vitis
1305 3521 1480 3561 casus
1511 3504 1956 3571 involuntarios,
1979 3522 2050 3576 po

2240 3498 2590 3570 ἱπερίστασιν
2645 3498 2900 3554 ἀκούσιον
2961 3499 3096 3572 μετά
3148 3500 3248 3568 τήν
3293 3497 3562 3578 σφραγῖδα
3611 3499 3693 3553 καὶ
3739 3496 3822 3564 τήν

471 3595 840 3666 signaculum
873 3600 930 3652 et
959 3595 1362 3652 liberationem
1397 3613 1430 3651 a
1461 3596 1736 3667 peccatis,
1771 3595 1829 3650 in
1872 3603 2053 3666 peccat

2242 3586 2488 3660 λύτρωσιν
2532 3589 2829 3663 περιπετὴς
2884 3593 3002 3650 τοῖς
3051 3588 3516 3664 ἀμαρτήμασινῆ
3565 3588 3824 3664 παραπτώ-

470 3701 569 3739 seu
586 3684 780 3739 debita
804 3683 1114 3756 prolapsus
1140 3683 1334 3749 fuerit,
1357 3685 1439 3739 ita
1463 3689 1528 3738 ut
1547 3683 1919 3755 illisprorsus
1934 3685 2052 3739 Obl‘l

2242 3696 2403 3742 ιασιν,
2449 3676 2522 3738 ὡς
2575 3677 2946 3752 ὑπανῃνέχθαι
2993 3676 3202 3733 τέλεον·
3255 3677 3419 3741 οὗτος
3469 3678 3824 3752 κατεψήφισται

469 3777 563 3828 tus
594 3773 688 3839 sit;
719 3772 770 3828 is
801 3791 834 3828 a
865 3773 980 3828 Deo
1012 3772 1245 3846 penitus
1276 3773 1526 3843 rejectus
1557 3778 1668 3840 est,
1719 3778 1777 3827 et
1822 3773 2051 3844 I'BPI‘Obt

2245 3773 2550 3831 ιαντάπασιν
2583 3775 2686 3829 ὑπὸ
2714 3779 2810 3830 τοῦ
2857 3780 3014 3832 Θεοῦ.
3066 3777 3230 3830 Παντὶ
3282 3777 3384 3850 γὰρ
3432 3781 3510 3848 τῷ
3559 3775 3666 3849 μετ’
3707 3771 3827 3842 ἀλη-

468 3862 716 3917 exsistit.
765 3861 1042 3934 Quisquis
1091 3863 1246 3916 enim
1271 3879 1336 3916 ex
1360 3866 1478 3916 toto
1499 3861 1754 3916 cordead
1777 3860 1957 3916 Deum
1973 3878 2050 3916 cm

2240 3861 2360 3924 ιείας
2409 3860 2461 3932 ἐξ
2519 3860 2656 3932 ὅλης
2709 3869 2808 3932 τῆς
2862 3860 3086 3939 καρδίας
3142 3865 3525 3939 ἐπιστρέψαντι
3580 3862 3703 3933 πρὸς
3745 3860 3822 3914 τὸν

465 3954 740 4016 vertatur,
772 3956 947 4022 portas
979 3951 1029 4005 ei
1062 3955 1272 4021 apertae
1303 3955 1463 4019 sunt,
1513 3949 1877 4020 suscipitque
1918 3949 2047 4004 libs:

2243 3951 2342 4004 lac‘w
2377 3951 2674 4025 ἀνεῷγασιν
2708 3952 2762 4006 αἱ
2794 3953 2974 4028 θύραι,
3002 3951 3091 4007 καὶ
3125 3949 3345 4028 δέχεται
3375 3954 3712 4029 τρισάσμενος
3741 3953 3825 4004 lla-

464 4037 696 4093 tissimo
726 4039 922 4094 animo
955 4039 1124 4094 Pater
1143 4038 1330 4093 filium
1364 4054 1492 4094 vere
1523 4040 1923 4110 pcenitentem.
1955 4037 2046 4094 Ve:

2240 4039 2316 4112 ’ἦρ
2345 4039 2461 4093 υἱὸν
2495 4036 2716 4109 ἀληθῶς
2740 4038 3119 4112 μετανοοῦντα.
3143 4042 3210 4098 Ἠ
3240 4039 3300 4097 δὲ
3331 4041 3566 4113 ἀληθινὴ
3598 4039 3822 4112 μετάνοια

462 4132 654 4182 autem
691 4126 1028 4196 pcenitentia
1059 4131 1168 4192 est,
1201 4127 1261 4180 in
1286 4126 1487 4182 eadem
1515 4142 1626 4180 non
1660 4142 1867 4181 rursus
1888 4125 2044 4181 delal:

2247 4128 2274 4182 ὸ
2310 4127 2504 4200 μηκέτι
2535 4134 2650 4190 τοῖς
2689 4128 2874 4191 αὐτοῖς
2905 4127 3098 4206 ἔνοχον
3141 4130 3298 4200 εἶναι,
3341 4129 3489 4186 ἀλλά
3517 4127 3674 4205 ἄρδην
3702 4127 3825 4198 ἐκρι-

463 4216 561 4270 sed
597 4231 664 4271 ex
697 4215 893 4271 animo
926 4231 1167 4286 prorsus
1225 4212 1488 4279 evellere,
1540 4213 1752 4283 quibus
1810 4231 1873 4269 se
1903 4227 2043 4270 mort

2237 4220 2381 4285 ζῶσαι
2429 4222 2530 4286 τῆς
2574 4219 2782 4292 ψυχῆς,
2827 4216 2908 4296 ἐφ’
2954 4221 3037 4280 οἷς
3091 4218 3282 4274 ἑαυτοῦ
3337 4221 3580 4295 κατέγνω
3626 4218 3819 4282 θάνατον

463 4321 627 4360 reum
663 4303 914 4376 peccatis
948 4301 1198 4371 agnovit.
1231 4302 1332 4357 His
1361 4302 1517 4360 enim
1533 4300 1877 4368 sublatis,in
1898 4307 1952 4357 te
1975 4320 2040 4357 ru

2238 4305 2592 4381 ιμαρτήμασι.
2625 4305 2851 4362 Τούτων
2887 4307 2988 4381 γὰρ
3033 4307 3441 4382 ἀναιρεθέντων,
3491 4306 3636 4371 αὖθις
3665 4305 3732 4367 εἷς
3773 4303 3820 4356 σδ

464 4411 567 4450 sus
594 4398 741 4449 Deus
773 4392 1081 4448 habitabit.
1116 4393 1327 4463 Ingens
1355 4390 1512 4447 enim
1543 4394 1600 4446 et
1647 4391 2045 4462 incomparabi

2239 4393 2343 4455 ὶεὸς
2375 4393 2847 4466 εἰσοικισθήσεται·
2884 4394 3131 4471 μεγάλην
3163 4397 3264 4472 γάρ
3306 4399 3440 4475 φησὶ
3487 4396 3574 4452 καὶ
3613 4392 3821 4466 ἀνυπέρ-

462 4481 742 4553 gaudium
779 4482 1108 4552 festamque
1139 4479 1396 4538 laetitiam
1419 4479 1478 4535 in
1501 4479 1664 4536 caelis
1685 4497 1814 4536 esse
1838 4480 1990 4536 Patri
2015 4484 2044 4536 d

2236 4477 2422 4552 ἶλητον
2458 4482 2590 4537 εἶναι
2621 4483 2794 4558 χαρὰν
2825 4485 2914 4538 καὶ
2945 4485 3136 4558 ἑορτὴν
3187 4483 3239 4539 ἐν
3271 4485 3525 4560 οὐρανοῖς
3569 4487 3643 4556 τῷ
3675 4479 3818 4553 Πατρὶ

461 4574 538 4627 cit
560 4576 737 4644 atque
761 4570 1010 4643 angelis,
1033 4571 1171 4624 dum
1199 4585 1352 4624 unus
1377 4575 1646 4640 peccator
1666 4571 2024 4625 convertitur

462 4660 860 4684 .......ει-..ι;....
898 4658 1101 4684 -...2.IJ\
1150 4657 1363 4684 1A-2..-..
1395 4657 1564 4684 ,εαξη-..ιι
1603 4656 1949 4684 ..Ι........1..-Δ.η
1987 4659 2037 4684 ἏΙ

2242 4572 2300 4627 ναὶ
2328 4578 2448 4634 τοῖς
2481 4571 2731 4648 ἀγγέλοις
2763 4571 2880 4634 ὲνὸς
2929 4574 3262 4649 ἀμαρτωλοῦ
3311 4574 3722 4649 ὖπιστρέψαντος
3747 4568 3824 4684 καέ

2257 4681 2342 4684 ,Μ
2387 4662 2502 4684 -_._,
2556 4682 2643 4684 κη
2709 4662 2784 4684 rx
2824 4661 2910 4684 ης
3163 4683 3228 4684 η
3327 4663 3482 4684 .m,
3571 4659 3698 4684 nnk
3744 4677 3801 4684 μ,

461 4660 863 4730 pmnitentiam
897 4658 1122 4730 agil(d).
1149 4657 1366 4716 Idcirco
1393 4657 1567 4713 etiam
1602 4656 1949 4714 clamabatzu
1987 4659 2041 4715 M

2235 4662 2663 4731 ιετανοήσαντος.
2699 4662 2792 4717 Διὸ
2821 4661 2912 4717 καὶ
2955 4661 3230 4736 κέκραγεν·
3265 4687 3292 4714 ‹‹
3327 4663 3522 4720 Ἐλεον
3571 4659 3704 4715 θέλω
3744 4655 3817 4711 καὶ

459 4747 835 4802 sericordiam
864 4747 1013 4815 volo,
1045 4753 1103 4802 et
1128 4764 1239 4802 non
1273 4746 1649 4804 sacriﬁcium.
1683 4747 1823 4802 Nolo
1849 4755 2041 4804 morte}

2239 4749 2267 4803 ὐ
2297 4749 2501 4806 θυσίαν.
2538 4749 2615 4808 Οὐ
2650 4751 2927 4824 βούλομαι
2972 4752 3064 4806 τὸν
3115 4753 3339 4806 θάνατον
3370 4756 3469 4807 τοῦ
3498 4749 3819 4824 ἀμαρτωλοῦ,

459 4837 805 4908 peccatoris,
829 4837 928 4892 sed
956 4841 1019 4890 ut
1039 4853 1172 4891 cum
1196 4835 1492 4907 paeniteat.
1528 4835 1584 4891 Si
1611 4836 1828 4891 fuerint
1860 4849 2041 4909 peccat

2240 4837 2349 4894 λλά
2396 4839 2496 4907 τήν
2549 4840 2857 4911 μετάνοιαν.
2890 4837 3001 4896 Κᾶν
3043 4837 3171 4894 ὦσιν
3220 4841 3274 4894 αἱ
3304 4839 3561 4914 ἁμαρτίαι
3594 4839 3733 4910 ὑμῶν
3757 4833 3822 4892 ὡς

457 4928 651 4978 vestra
678 4929 741 4978 ut
771 4926 903 4979 lana
935 4924 1234 4995 phmniceo
1264 4925 1466 4991 tincta,
1497 4924 1666 4995 quasi
1698 4925 1885 4980 nivem
1932 4927 2039 4983 dea

2235 4931 2484 4982 ιοινικοῦν
2517 4922 2684 5003 ἔριον,
2726 4928 2799 4990 ὡς
2846 4929 3010 5003 χιόνα
3059 4926 3322 4984 λευκανιῖν
3376 4926 3473 4984 κᾶν
3523 4925 3817 5001 μελάντεραι

462 5012 634 5080 babo;
671 5017 728 5066 et
752 5012 801 5067 si
825 5013 1038 5068 fuerint
1070 5011 1328 5084 nigriora
1357 5012 1622 5085 fuligine,
1657 5019 1722 5068 ut
1750 5013 1935 5069 nivem
1961 5015 2044 5073 all:

2239 5021 2296 5072 οῦ
2321 5017 2574 5083 σκότους,
2610 5018 2684 5080 ὡς
2716 5013 2858 5092 ἔριον
2892 5016 3084 5074 λευκὸν
3131 5018 3349 5093 ἐκνίψας
3379 5020 3614 5088 ποιήσω.
3648 5038 3675 5066 n
3721 5013 3821 5081 Θιῷ

463 5101 758 5157 abluendo
778 5102 1064 5172 praestabo
1085 5105 1215 5173 (9).»
1233 5101 1405 5158 Solus
1427 5104 1580 5158 enim
1598 5103 1751 5158 Deus
1769 5109 2045 5178 peccatap

2239 5106 2302 5182 ἀρ
2368 5106 2533 5179 μόνον
2591 5104 2812 5162 δυνατὸν
2873 5105 3059 5186 ἄφεσιν
3135 5109 3415 5183 ἁμαρτιῶν
3479 5101 3821 5182 παρασχέσθαι

463 5197 577 5247 test
609 5192 928 5260 dimittere,
956 5196 1011 5248 et
1041 5191 1255 5250 delicta
1286 5208 1401 5248 non
1434 5192 1726 5264 imputare
1759 5210 1773 5262 ;
1830 5196 2045 5268 quandl

2238 5195 2302 5250 ,αὶ
2337 5197 2413 5270 μή
2449 5195 2770 5272 λογίσασθαι
2819 5197 3254 5273 παραπτώματα·
3303 5196 3442 5252 ὅπου
3470 5217 3530 5271 γε
3574 5193 3658 5249 καὶ
3702 5192 3820 5262 ἡμῖν

524 5399 588 5462 ᾖ(
613 5396 682 5470 _P.
713 5395 820 5450 947
852 5394 962 5450 Ευ.
997 5393 1300 5470 ΡΟᾝΤΕΒ.
1331 5394 1410 5464 (a)
1442 5394 1496 5470 I_
1521 5393 1698 5470 Joan.
1741 5411 1830 5464 ιιι,
1892 5398 1978 5453 14.
2012 5399 2090 5470 (b)

2240 5404 2333 5456 lor.
2395 5416 2498 5468 xu,
2559 5400 2628 5454 32
2654 5419 2669 5467 ;
2700 5415 2823 5468 xm,
2852 5401 2905 5454 5.
2938 5403 3012 5470 (ε)
3041 5399 3063 5455 l
3129 5399 3248 5456 Pet.
3302 5415 3358 5454 iv
3382 5399 3440 5466 8;
3472 5397 3525 5470 Ii
3546 5397 3708 5453 Joan.
3744 5403 3822 5470 Π,

456 5459 570 5540 18ίξ
609 5468 630 5524 Ι
660 5471 791 5524 Cor.
825 5483 951 5538 xm,
985 5467 1037 5521 4.
1062 5467 1142 5538 (d)
1177 5471 1310 5522 Luc.
1341 5459 1442 5531 ‘xv;
1467 5465 1522 5520 2.
1555 5466 1627 5537 (ε)
1663 5466 1792 5524 Ose.
1816 5459 1898 5538 vx,
1931 5471 1986 5538 6;
2017 5459 2038 5526 l

2263 5489 2340 5540 ix,
2374 5473 2461 5541 l3;
2486 5459 2496 5468 ’
2517 5459 2723 5527 Ezech.
2778 5459 3036 5546 x'vm,‘2'3
3068 5488 3082 5539 ;
3139 5472 3248 5530 lsa.
3281 5487 3320 5543 ι,
3359 5459 3472 5532 18’;
3505 5469 3636 5526 Luc.
3668 5480 3720 5534 v,
3743 5459 3822 5514 21.

517 5663 631 5738 (41)
663 5663 736 5721 Τὸ
765 5666 871 5739 πῦρ
893 5662 1090 5743 ἀθροῦν
1124 5661 1398 5739 ἀναμένει.
1431 5663 1672 5722 Densum
1700 5665 1885 5738 ignm
1911 5670 2210 5742 exspectat.
