4006 6200
516 319 621 373 647
1743 298 2148 359 unusne
2183 297 2683 357 ALEXANDBINI
3741 319 3822 375 ω

517 445 712 499 animo
739 441 978 498 assidua
1007 439 1300 512 voluptate
1347 433 1492 491 nihil
1526 428 1944 507 perniciosius:
1979 443 2099 482 οωοι

2278 425 2425 496 μένῳ
2480 421 2948 518 διαμείνῃ-λόγῳ.
2972 429 3203 518 ΑΤοῠτον
3230 429 3317 485 καὶ
3365 431 3644 508 ὀργισθέντα
3686 437 3828 518 φοϐή-

519 538 615 588 tur
643 532 799 588 enim
832 529 1264 601 colliqualiene,
1286 527 1424 581 dum
1458 523 1636 578 libere
1665 518 2020 589 increpantis
2043 531 2101 571 se

2268 522 2414 601 aqu,
2466 515 2554 568 καὶ
2601 513 2919 584 στενάξαντα
2972 513 3271 589 λυπήθητι,
3319 520 3403 576 καὶ
3447 522 3594 600 ὀργὴν
3636 513 3828 586 παύοντα

516 638 691 678 mone
720 599 1002 676 immotus
1034 615 1311 690 persistit.
1345 617 1510 668 Hunc
1538 615 1600 665 tu
1622 614 1676 664 et
1698 610 1914 663 iratum
1947 605 2098 660 time:

2267 599 2567 672 αἰδὲσθητι,
2598 600 2687 658 καί
2729 601 2957 659 κόλασιν
3002 608 3412 682 παραιτουμένῳ
3455 612 3653 688 φθάσον.
3694 617 3827 682 Οὗτος

515 718 572 768 et
600 716 929 782 gementem
960 707 1180 776 doleas,
1224 709 1283 760 et
1312 703 1612 759 sedantem
1642 697 1788 752 iram
1821 694 2096 752 revereari

2269 690 2399 782 ύπερ
2458 695 2557 746 acii
2601 690 2818 754 πολλὰς
2872 693 3067 757 νύκτας
3121 696 3536 772 ἀγρυπνησάτω,
3575 701 3827 780 πρεσϐεύων

517 805 573 856 et
602 779 805 872 pmnas
829 795 1251 868 deprecandem
1276 795 1620 847 antevertas.
1637 787 1740 842 Hic
1755 801 1858 858 pro
1879 789 1936 838 te
1961 783 2099 854 plur:

2268 779 2400 872 ὑπερ
2450 785 2546 872 σοῦ
2594 782 2732 854 πρὸς
2782 783 2948 852 Θεὸν,
3003 783 3096 838 καὶ
3153 783 3436 852 λιτανείαις
3486 793 3702 862 συνήθεσι
3751 816 3827 867 μα-

513 893 713 944 noctes
742 867 1044 941 insomnes
1075 883 1273 948 ducat,
1328 880 1582 936 fundens
1613 893 1717 949 pro
1745 880 1802 931 te
1832 888 2032 945 preces
2083 889 2095 924 ι

2265 867 2440 943 γεύων
2469 870 2562 924 τὸν
2595 871 2824 946 Πατέρα.
2860 871 2937 930 Οὐ
2965 873 3066 946 γὰρ
3095 873 3309 950 ἀντέχει
3347 882 3458 939 τοῖς
3493 880 3676 945 τεκνοις
3696 883 3827 938 αὐτοῦ

507 982 715 1042 Deum,
748 993 813 1030 ac
843 969 1140 1030 consuetis
1191 970 1460 1043 precibus
1492 967 1715 1023 Patrem
1749 968 2012 1035 captans.
2045 959 2089 1015 N

2263 957 2330 1012 τὰ
2387 955 2683 1034 σπλάγχνα
2732 957 3035 1034 δεομένοις.
3087 965 3340 1034 Δεήσεται
3391 963 3444 1021 δὲ
3489 974 3706 1044 καθαρῶς
3748 971 3828 1028 ὑπὸ

511 1082 623 1138 que
653 1063 810 1120 enim
841 1061 938 1118 ille
959 1061 1182 1116 viscera
1211 1075 1319 1114 sua
1341 1059 1488 1113 dura
1521 1054 1735 1128 praebet
1759 1050 2058 1108 orantibus
2088 1059 2093 1102 1

2267 1050 2363 1138 σου
2391 1049 2817 1138 προτιμώμενος
2871 1049 2946 1112 ὡς
2996 1048 3236 1127 ἅγγελοσ
3281 1057 3376 1110 τοῦ
3419 1061 3560 1127 Θεοῦ,
3587 1060 3664 1113 καί
3692 1058 3825 1132 μηδεν

508 1134 624 1209 liis.
654 1151 901 1225 Rogabit
921 1159 1112 1205 autem
1141 1163 1306 1220 pure,
1347 1146 1394 1200 si
1426 1150 1526 1200 ate
1542 1143 2090 1210 honoreturtanqua

2267 1134 2368 1190 ὑπὸ
2397 1139 2492 1190 σοῦ
2524 1135 2889 1211 λυπούμενος,
2939 1138 3064 1196 ἀλλ’
3117 1141 3247 1216 ὑπὲρ
3296 1148 3406 1200 σοῦ.
3454 1147 3596 1200 Τοῦτ’
3636 1145 3728 1203 ἔστι
3762 1171 3833 1222 με·

508 1243 608 1298 Dei
643 1240 906 1312 angelus,
934 1255 1039 1294 nec
1072 1253 1174 1309 per
1202 1240 1257 1291 te
1306 1233 1704 1300 contristetur,
1759 1230 1858 1284 sed
1920 1232 2090 1298 propt

2262 1226 2451 1280 τάνοια
2498 1226 2875 1300 ἀνυπόκριτος.
2911 1253 2939 1280 ι(
2992 1231 3128 1294 Οεὸς
3175 1230 3238 1285 οὗ
3288 1235 3662 1306 μυκτηρίζεται,
3687 1262 3710 1288 ιι
3735 1235 3831 1293 οὐδὲ

511 1337 587 1387 te.
621 1331 745 1384 Haec
775 1332 864 1384 est
900 1324 1240 1400 poenitentia
1271 1340 1384 1377 non
1444 1322 1595 1376 ﬁcta.
1631 1341 1658 1369 «
1691 1323 1845 1374 Deus
1877 1333 1992 1371 non
2023 1316 2093 1369 ir:

2263 1315 2525 1389 προσέχει
2573 1320 2751 1378 κενοῖς
2799 1315 3026 1392 ῥήμασι·
3084 1318 3246 1391 μόνος
3300 1321 3400 1397 γὰρ
3453 1324 3692 1398 ἀνακρίνει
3733 1347 3832 1399 μυι-

509 1422 682 1477 detur
711 1420 818 1491 (τι),
852 1439 879 1467 ››
915 1433 1018 1472 nec
1060 1414 1253 1470 verbis
1286 1411 1560 1468 inanibus
1609 1424 1781 1463 aures
1815 1407 1932 1461 dat.
1983 1404 2091 1459 Soli

2265 1401 2396 1491 λους
2427 1404 2514 1458 καὶ
2547 1403 2774 1482 νεφροὺς
2802 1404 3048 1480 καρδίας,
3088 1410 3175 1464 καὶ
3207 1413 3316 1465 τῶν
3348 1410 3399 1467 ἐν
3435 1413 3556 1489 πυρὶ
3582 1414 3829 1484 κατακούιι,

506 1510 662 1567 enim
681 1490 971 1564 medullas
994 1507 1306 1569 scrutatur,
1346 1506 1580 1555 etrenes
1600 1497 1794 1553 cordis
1823 1513 1837 1561 ;
1861 1494 2088 1566 pleneql

2261 1490 2352 1545 καὶ
2381 1496 2489 1546 τῶν
2539 1491 2590 1547 ἐν
2623 1493 2811 1566 κοιλίᾳ
2854 1498 3056 1567 κήτους
3112 1498 3451 1555 ἱκετευόντων
3499 1501 3728 1572 ὶεακούει,
3766 1503 3831 1558 καὶ

507 1599 672 1656 audit
697 1599 853 1652 inter
874 1595 1146 1650 ﬂammas
1175 1590 1413 1661 positos,
1437 1593 1494 1644 et
1513 1587 1748 1642 exaudit
1775 1585 2089 1656 deprecant

2261 1585 2423 1668 πᾶσιν
2480 1578 2636 1658 ἐγγύς
2692 1581 2802 1638 ἐστι
2848 1589 2965 1647 τοῖς
3015 1586 3351 1662 πιστεύουσι,
3404 1589 3492 1646 καὶ
3534 1590 3699 1668 πόρρω
3743 1599 3831 1654 τοῖς

502 1705 564 1759 in
597 1691 797 1741 ventre
826 1682 975 1749 ceti;
1011 1687 1068 1736 et
1097 1695 1274 1750 prope
1305 1681 1395 1732 est
1426 1673 1654 1730 cunctis
1682 1671 1981 1737 fidelibus,
2019 1685 2084 1740 pr

1550 1673 1654 1730 ctis
1682 1671 1981 1737 ﬁdelibus,
2019 1685 2152 1740 pro-
2263 1667 2463 1739 ἀθέοις,
2496 1669 2558 1725 ἃν
2591 1672 2667 1744 μή
2703 1675 3132 1746 μετανοήσωσιν.

506 1776 602 1833 cul
631 1790 766 1830 vero
807 1772 880 1827 ab
911 1768 1270 1833 inﬁdelibus,
1303 1766 1499 1821 nisiad
1524 1761 1869 1819 sanctiorem
1894 1763 2151 1815 mentem
2179 1795 2226 1860 Β

502 1863 834 1938 paenitendo
864 1861 1122 1916 redeant.

571 1953 744 2009 XLII.
773 1951 844 2007 Ut
872 1956 1065 2005 autem
1117 1945 1303 2016 magis
1362 1941 1644 2008 confidas,
1695 1939 1869 1995 modo
1900 1936 1983 1994 sic
2009 1951 2142 1991 vere

2324 1940 2459 2007 MB',
2511 1941 2624 1997 "Iva
2681 1937 2740 1995 δὲ
2777 1936 2854 1996 ἔτι
2900 1939 3123 2018 θαῤῥῇς,
3170 1943 3315 2000 οὕτω
3375 1948 3684 2018 μετανοήσας
3727 1943 3833 2015 ἀλη-

499 2041 859 2116 pcsnitueris,
883 2043 1054 2094 certae
1076 2035 1177 2090 tibi
1203 2032 1368 2088 fideri
1389 2035 1697 2101 tutamque
1719 2043 1956 2082 manere
1980 2023 2081 2080 sali

2253 2029 2384 2095 θῶς,
2416 2026 2499 2082 ὅτι
2532 2049 2616 2082 σοι
2673 2029 2819 2100 μένει
2867 2032 3141 2107 σῶτηρίας
3183 2031 3342 2096 ἐλπὶς
3385 2030 3684 2110 ἀξιόχρεως,
3709 2033 3835 2089 axon-

497 2112 572 2188 tis
604 2145 766 2202 spem
803 2147 819 2197 ;
851 2127 988 2181 audi
1020 2124 1294 2187 fabulam,
1323 2137 1450 2192 quas
1479 2119 1610 2196 ipsa
1634 2133 1748 2172 non
1788 2112 2003 2181 fabula,
2036 2130 2079 2169 ι

2253 2136 2343 2170 σον
2380 2120 2571 2189 μῦθον,
2607 2117 2670 2172 οὐ
2703 2120 2896 2191 μῦθον,
2931 2118 3075 2174 ἀλλὰ
3105 2117 3235 2177 ὄντα
3265 2122 3432 2199 λόγον
3480 2126 3592 2199 περὶ
3632 2125 3835 2181 Ἰωάννου

496 2238 625 2277 vera
658 2222 728 2274 de
752 2219 977 2274 Joanne
1009 2211 1272 2286 apostolo
1300 2213 1364 2276 ιιι
1395 2209 1608 2264 tradita
1657 2205 1910 2262 narratio
1942 2203 2037 2269 sit,
2070 2221 2078 2257 ι

2251 2209 2342 2260 τοῦ
2373 2205 2682 2262 ἀποστόλου
2710 2205 3149 2282 παραδεδομένον
3181 2213 3272 2266 καὶ
3309 2218 3499 2288 μνήμῃ
3540 2211 3833 2290 πεφυλαγμὲ-

502 2308 795 2365 memoriae
841 2303 1105 2359 studiose
1156 2299 1580 2356 commendata.
1616 2297 1760 2351 Cum
1792 2293 1947 2350 enim
2005 2309 2084 2363 po:

2251 2315 2359 2352 vov.
2391 2293 2612 2364 Ἐπειδή
2671 2297 2776 2371 γὰρ
2832 2301 2930 2352 τοῦ
2975 2299 3243 2373 τυράννου
3289 2300 3712 2371 τελευτήσαντος,
3751 2300 3833 2353 ἀπὸ

498 2399 729 2471 tyranni
755 2395 974 2452 obitum
1010 2397 1069 2448 et
1099 2394 1301 2445 Patmo
1333 2387 1527 2442 insula
1550 2385 1839 2457 Ephesum
1872 2381 2080 2438 rediise

2248 2389 2342 2452 τῆς
2401 2384 2623 2457 Πάτμου
2669 2392 2771 2454 τῆς
2816 2388 2983 2457 νήσου
3045 2387 3316 2461 μετῆλθεν
3365 2390 3454 2445 ἐπὶ
3494 2391 3587 2460 τήν
3618 2392 3830 2462 Ἔφεσον,

493 2469 712 2544 vicinas
745 2497 976 2557 quoque
1007 2485 1210 2553 gentes
1241 2482 1476 2546 rogatus
1493 2475 1738 2539 visebat,
1769 2474 1978 2544 partim
2001 2487 2075 2542 qu

2251 2471 2405 2546 ἀπῄει
2456 2473 2945 2548 παρακαλούμενος
3001 2476 3091 2531 καὶ
3141 2477 3232 2534 ἐπὶ
3279 2479 3346 2534 τὰ
3386 2478 3728 2555 πλησιόχωρα
3749 2481 3833 2533 τῶν

493 2578 624 2632 dem
658 2580 722 2630 ut
745 2573 1049 2646 episcopos
1078 2567 1481 2627 constitueret,
1515 2563 1727 2634 partim
1751 2577 1882 2616 vero
1903 2565 1966 2615 ut
1984 2559 2074 2614 int

2252 2561 2432 2634 ίθνῶν,
2494 2564 2633 2620 ὅπου
2683 2567 2778 2638 μὲν
2828 2565 3156 2631 ἐπισκόπους
3211 2572 3584 2641 καταστήσων,
3627 2571 3746 2624 ὅπου
3790 2564 3834 2622 δὲ

493 2683 628 2738 gras
655 2661 945 2719 Ecclesiae
967 2659 1303 2729 disponeret
1315 2671 1382 2710 ac
1403 2654 1702 2717 formaret,
1719 2650 1932 2722 partim
1955 2649 2070 2704 etia

2256 2653 2376 2716 ἴλας
2405 2652 2732 2724 Ἐκκλησίας
2763 2652 3042 2730 ἁρμόσων,
3076 2658 3218 2713 ὅποῦ
3246 2656 3306 2714 δὲ
3324 2657 3527 2733 κλῆρον
3549 2661 3673 2731 (46),
3694 2653 3772 2712 ἕνα
3794 2652 3838 2709 τί

495 2759 560 2810 ut
583 2764 1072 2822 unumquemque
1087 2761 1310 2812 eorum,
1331 2759 1478 2815 quos
1499 2739 1753 2814 Spiritus
1780 2739 2077 2810 designare

2252 2762 2360 2797 τινα
2415 2741 2721 2817 κληρώσων
2774 2745 2877 2799 ὑπὸ
2927 2749 3024 2800 τοῦ
3074 2747 3392 2820 Πνεύματος
3443 2746 3834 2821 σημαινόμενων.

491 2845 549 2899 in
584 2843 804 2898 clerum
837 2838 1154 2910 cooptaret.
1187 2837 1328 2888 Cum
1355 2831 1552 2903 itaque
1583 2830 1654 2885 ad
1688 2828 1892 2883 urbem
1917 2842 2073 2898 quan

2262 2829 2451 2887 Ελθὼν
2500 2830 2590 2886 καὶ
2639 2831 2729 2886 ἐπί
2769 2851 2887 2887 τινα
2932 2838 3038 2888 τῶν
3089 2834 3152 2890 οὗ
3190 2836 3401 2912 μακρὰν
3432 2835 3640 2891 πόλεων
3667 2834 3744 2908 (ἧς
3769 2832 3839 2886 καί

489 2934 624 2988 dam
659 2931 812 2986 haud
836 2925 1036 3000 procul
1065 2923 1292 2996 Epheso
1318 2921 1585 2976 dissitam
1619 2917 1875 2974 venisset
1894 2917 2045 2987 (ejus

2256 2917 2480 2994 τοῦνομα
2530 2919 2778 2997 λέγουσιν
2830 2920 2962 2976 ἔνιοι
3008 2925 3144 2998 [47])
3193 2926 3384 2981 καὶτὰ
3412 2923 3553 2980 ἄλλα
3577 2921 3838 2981 ἀναπαύσας

489 3036 701 3076 nomen
733 3015 961 3073 nonulti
993 3012 1273 3080 referunt)
1305 3015 1480 3080 atque
1509 3007 1651 3064 alias
1677 3006 1983 3077 presentia
2002 3019 2067 3059 ve

2258 3008 2364 3070 εοὺς
2412 3005 2704 3087 ἀδελφοὺς,
2749 3009 2837 3065 ἐπὶ
2879 3017 3008 3066 πᾶσι
3053 3017 3134 3084 τῷ
3179 3018 3482 3078 καθεστῶτι
3537 3007 3840 3086 προσὸλὲψας

481 3109 690 3181 hisque
720 3106 844 3163 suis
881 3106 1088 3158 fratres
1114 3100 1447 3156 consolatus
1479 3101 1654 3162 esset,
1685 3095 1754 3149 ad
1803 3099 2062 3150 extremu

2253 3097 2541 3170 ἑπισκόπῳ,
2568 3099 2844 3153 νεανίσκον
2892 3100 3071 3155 ἱκανὸν
3118 3106 3202 3174 τῷ
3251 3103 3466 3176 σώματι
3514 3102 3596 3158 καὶ
3622 3101 3708 3167 τήν
3737 3096 3835 3170 ὄψιν

482 3159 685 3181 -””Ὶ“”⁷
723 3159 836 3163 “““⁷“
1642 3159 1648 3162 .

482 3198 605 3252 viso
634 3200 846 3266 juvene
875 3192 1127 3263 quodam
1167 3187 1397 3259 egregia
1439 3185 1700 3256 corporis
1732 3189 1975 3252 statura,
2007 3182 2064 3237 el

2257 3191 2442 3241 ιστεῖον
2465 3159 2554 3242 καὶ
2590 3187 2789 3261 θερμὸν
2824 3185 2976 3244 ἰδών·
3013 3213 3043 3241 ‹‹
3072 3159 3309 3260 Τούτου,
3337 3159 3472 3268 ἔφη,
3496 3192 3581 3246 σοὶ
3599 3159 3839 3261 παραείδε-

481 3291 640 3358 ganti
684 3283 869 3350 vultu,
905 3279 1263 3349 ferventique
1310 3275 1544 3347 ingenio
1596 3280 1771 3343 atque
1804 3271 2019 3338 indole,
2051 3288 2063 3325 ε

2254 3296 2328 3330 ιαι
2357 3275 2490 3347 μετά
2518 3277 2696 3346 πάσης
2727 3274 2968 3346 σπουδῆς
3017 3277 3105 3332 ἐπὶ
3145 3282 3250 3349 τῆς
3305 3278 3628 3350 Ἐκκλησίας
3654 3275 3734 3332 καὶ
3758 3277 3836 3328 τοῦ

479 3374 589 3429 1οοί
617 3372 954 3443 episcopum
989 3382 1301 3422 conversus
1335 3381 1347 3418 :
1379 3387 1407 3413 «
1439 3364 1626 3429 Hunc,
1662 3363 1874 3433 inquit,
1929 3378 2061 3417 cora

2256 3368 2467 3439 [ριστοῦ
2501 3364 2793 3441 μάρτυρος.
2827 3387 2854 3420 ιι
2891 3368 3004 3424 Τοῦ
3036 3364 3094 3422 δὶ
3116 3365 3431 3444 δεχομένου
3458 3367 3546 3424 καί
3573 3367 3711 3424 πάνθ’
3739 3365 3838 3420 61n-

478 3461 735 3518 Ecclesia
787 3474 853 3514 ac
874 3456 1100 3513 Christo
1123 3460 1290 3523 teste,
1314 3455 1473 3508 omni
1493 3452 1598 3507 tibi
1622 3467 1798 3521 opera
1820 3466 2060 3505 comme1

2255 3455 2589 3528 χνουμὲνου,
2640 3454 2730 3509 καὶ
2783 3452 2884 3510 πά)
2903 3477 2948 3510 ιν
2996 3455 3063 3510 τὰ
3105 3456 3245 3513 αὐτὰ
3293 3455 3592 3514 διετείλατο
3634 3454 3714 3510 καὶ
3747 3449 3837 3506 διε-

478 3553 571 3607 do.
613 3571 641 3599 »
673 3548 936 3616 Tumque
969 3543 1070 3600 illo
1103 3543 1463 3614 suscipiente
1500 3558 1565 3596 ac
1588 3545 1799 3594 cuncta
1831 3539 2060 3610 praestiti

2259 3542 2558 3617 αρτύρατο.
2593 3544 2691 3598 Καὶ
2726 3545 2755 3599 ὁ
2790 3544 2887 3616 μὲν
2937 3543 3022 3599 ἐπὶ
3072 3546 3174 3614 τὴν
3213 3547 3449 3622 Ἔφεσον
3495 3547 3708 3622 ἀπῇρενο
3743 3538 3841 3596 ὁδὶ

474 3656 606 3697 rum
641 3636 973 3710 pollicente,
1000 3632 1346 3704 eademipea
1369 3631 1627 3686 Joannes
1676 3643 1881 3682 rursus
1914 3643 2054 3698 peru

2253 3625 2585 3706 πρεσϐύτερος
2613 3629 2900 3688 ἀναλαϐὼν
2951 3630 3135 3688 οἴκαδε
3182 3635 3278 3690 τὸν
3329 3633 3691 3709 παραδοθέντα
3728 3649 3835 3684 νεα-

481 3729 655 3802 gebat
687 3743 752 3782 ac
793 3723 1248 3781 contestabatur.
1282 3719 1543 3776 Posthac
1578 3718 1832 3774 Joanne
1882 3717 2063 3787 quide‘

2255 3719 2424 3789 ίσκον,
2455 3715 2663 3797 ἔτρεφε,
2695 3727 2965 3796 συνεῖχεν,
3010 3720 3235 3794 ἔθαλπε,
3285 3725 3354 3780 τὸ
3394 3723 3696 3781 τελευταῖον
3722 3718 3837 3788 ἐφώ-

475 3818 768 3889 Ephesum
804 3814 1100 3886 profectus
1121 3817 1248 3877 est;
1285 3809 1586 3881 presbyter
1613 3823 1746 3862 vero
1778 3806 2057 3861 adolescei

2266 3828 2362 3864 ισε.
2399 3808 2494 3864 Καὶ
2529 3810 2664 3882 μετὰ
2689 3813 2853 3865 τοῦτο
2901 3809 3074 3888 ὑφῆκε
3105 3818 3210 3881 τῆς
3252 3812 3514 3869 πλείονος
3564 3809 3840 3884 ἐπιμελείας

473 3915 588 3963 tem
630 3904 742 3959 sibi
775 3903 1055 3958 traditum
1078 3901 1137 3954 in
1155 3902 1392 3954 domum
1418 3913 1586 3953 suam
1610 3895 1957 3966 suscipiens,
1979 3896 2050 3950 ed

2257 3897 2318 3951 ιαὶ
2366 3896 2784 3976 παραφυλακῆς,
2833 3899 2906 3961 ὼς
2951 3901 3015 3956 τὸ
3057 3899 3249 3957 τέλεον
3299 3901 3454 3976 αύτῷ
3509 3901 3839 3981 φυλακτήριον

471 3991 1064 4060 cando,continendo,
1097 3989 1340 4042 fovendo
1371 4002 1606 4056 operam
1640 3985 1853 4051 dabat;
1890 4000 1956 4040 ae
1985 3990 2053 4040 ta}

2259 3988 2514 4057 πιστήσας
2542 3989 2643 4057 τήν
2689 3986 2959 4065 σφραγῖδα
3003 3993 3102 4043 τοῦ
3151 3991 3378 4067 Κυρίου.
3425 3995 3512 4064 Τῷ
3555 3988 3611 4045 δε
3644 3989 3841 4047 ἀνέσεως

471 4086 600 4140 dem
635 4097 799 4138 sacro
831 4078 1184 4151 baptismate
1226 4075 1496 4130 initiavit.
1530 4073 1814 4144 Deinceps
1845 4074 2053 4128 sacerdi

2261 4075 2322 4150 ρὸ
2348 4071 2496 4150 ὥρας
2523 4070 2816 4149 λαϐομὲνῳ
2843 4079 3306 4155 προσφθείρονταί
3354 4101 3501 4144 τινες
3546 4077 3726 4150 ἥλικες
3760 4075 3840 4150 ἀρ-

467 4176 539 4230 de
570 4171 814 4245 pristina
827 4185 967 4224 cura
989 4172 1164 4237 atque
1191 4163 1457 4219 custodia
1470 4161 1747 4234 paulatim
1765 4162 2011 4228 remisit,

2257 4164 2328 4232 οὶ,
2375 4165 2466 4218 καὶ
2525 4164 2925 4241 ἀπεῤῥωγότες,
2982 4164 3168 4232 ἐθάδες
3224 4174 3432 4227 κακῶν.
3495 4169 3594 4227 Καὶ
3651 4171 3839 4242 πρῶτον

466 4264 560 4336 qui
597 4261 921 4334 perfectum
955 4256 1004 4311 ei
1037 4260 1324 4320 tutamen,
1359 4269 1424 4307 ac
1454 4268 1570 4323 quo
1601 4256 1838 4306 cautum
1871 4251 2048 4306 omni:

2259 4255 2313 4308 ὲν
2349 4250 2420 4308 δι’
2447 4251 2736 4310 ἑστιάσεων
2760 4252 2989 4310 πολλῶν
3014 4255 3343 4313 πολυτελῶν
3367 4258 3530 4315 αὐτὸν
3562 4257 3838 4332 ἐπάγονται·

463 4352 630 4421 foret,
663 4347 897 4406 Domini
929 4343 1306 4417 signagulum
1333 4340 1724 4396 adhibuisset.
1759 4339 1929 4394 Illum
1971 4356 2045 4411 οτι

2261 4341 2331 4398 τά
2375 4362 2481 4397 που
2525 4341 2616 4397 καὶ
2663 4342 2875 4420 νύκτωρ
2931 4343 3018 4399 ἐπὶ
3065 4342 3446 4418 λωποδυσίαν,
3502 4347 3715 4418 ἐξιόντες
3741 4364 3843 4398 συν-

468 4443 820 4514 prasmatura
853 4435 1099 4507 potitum
1131 4431 1421 4499 libertate,
1445 4428 1698 4502 equales
1718 4429 1960 4501 quidam
1994 4428 2041 4485 si

2259 4431 2520 4508 τάγονται·
2547 4431 2660 4486 εἶ’τά
2684 4453 2736 4487 τι
2784 4434 2871 4488 καὶ
2929 4439 3117 4505 μεῖζον
3162 4435 3539 4510 συμπράττειν
3568 4435 3762 4507 ἠξίουν.
3790 4431 3841 4488 Ὁ

463 4532 815 4602 adjungunt,
835 4525 1067 4581 desides
1091 4538 1158 4578 ae
1177 4519 1546 4582 dissoluti,et
1571 4516 2045 4589 ﬂagitiisomnibl

2265 4525 2424 4574 ὲκατ’
2447 4517 2634 4594 ὀλίγον
2685 4521 3079 4594 προσειθίζετο,
3110 4524 3201 4576 καὶ
3247 4521 3343 4579 διὰ
3391 4525 3620 4599 μέγεθος
3665 4522 3847 4601 φύσεως

463 4616 795 4673 assuefacti.
829 4617 906 4670 Ac
931 4613 1187 4685 primum
1213 4609 1446 4680 quidem
1475 4606 1802 4678 magnificis
1825 4607 2045 4662 convivi

2263 4609 2425 4676 ιστάς,
2477 4602 2660 4684 ὥσπερ
2705 4607 2944 4683 ἄστομος
2984 4611 3075 4665 καὶ
3134 4609 3414 4686 εὔρωστος
3464 4612 3654 4683 ἵππος,
3700 4610 3845 4686 ὀρθῆς

460 4710 737 4780 juvenem
773 4703 1026 4758 illiciunt
1053 4718 1066 4756 :
1097 4705 1272 4755 noctu
1307 4697 1517 4753 deinde
1547 4696 1616 4752 ad
1646 4695 1983 4767 spoliandus
2005 4714 2038 4751 ο

2265 4697 2368 4768 ἲοῦ,
2401 4698 2490 4753 καὶ
2534 4699 2627 4752 τὸν
2659 4700 2891 4774 χαλινὸν
2942 4696 3202 4768 ἐνδακὼν,
3263 4703 3539 4774 μειζόνως
3587 4702 3718 4757 κατὰ
3756 4701 3847 4752 τῶν

465 4798 588 4851 vios
619 4793 839 4866 egressi
869 4806 1069 4848 secum
1101 4788 1380 4853 trahunt;
1405 4786 1540 4841 inde
1559 4785 1630 4840 ad
1665 4785 1947 4854 majorem
1979 4801 2047 4840 se.

2266 4789 2506 4864 κράθρων
2533 4787 2774 4865 ἐφέρετο.
2823 4788 3126 4865 Ἀπογνοὺς
3175 4787 3233 4845 δὲ
3279 4791 3494 4854 τιλὲως
3535 4792 3633 4861 τήν
3673 4789 3721 4844 ἐν
3749 4789 3848 4857 Θεῷ

475 4884 658 4940 lerum
681 4882 1014 4938 societatem
1033 4879 1436 4932 cohortantur.
1460 4877 1532 4928 At
1554 4873 1650 4928 ille
1670 4872 1890 4928 sensim
1911 4890 2049 4929 assu

2264 4876 2512 4954 υτηρίαν,
2546 4874 2699 4932 οὐδὲν
2756 4873 2834 4932 ἔτι
2887 4878 3077 4953 μικρὸν
3120 4875 3415 4952 διενοεῖτο,
3468 4879 3613 4937 ἀλλά
3660 4879 3781 4952 μέγα
3804 4896 3846 4930 τι

465 4974 668 5029 scebat
696 4965 1144 5042 pravitati,genii
1177 4962 1579 5037 magnitudine
1599 4979 1663 5016 ac
1691 4962 1991 5034 praetenti
2027 4962 2044 5017 i

2268 4966 2442 5041 ράξας,
2475 4962 2770 5039 ἑπειδήπερ
2795 4963 2930 5036 ἅπαξ
2955 4963 3267 5036 ἀπόλωλεν,
3303 4967 3398 5023 ἴσα
3425 4975 3546 5033 τοῖς
3565 4967 3751 5028 ἄλλοις
3767 4984 3850 5018 πα-

466 5062 597 5117 dole
651 5058 810 5117 velut
853 5073 1040 5129 equus
1084 5053 1362 5110 durioris
1414 5053 1807 5124 robustusque
1863 5069 1896 5108 a
1952 5069 2046 5109 rec

2270 5061 2329 5109 ιῖν
2357 5055 2536 5128 ἡξίου’
2569 5053 2775 5116 Αὐτοὺς
2820 5051 2878 5110 δὲ
2922 5054 3147 5118 τούτους
3197 5053 3499 5113 ἀναλαϐὼν
3543 5058 3631 5114 καὶ
3673 5054 3852 5132 λῃστή-

465 5152 861 5226 abre;tus,ac
893 5149 1120 5204 frenum
1165 5143 1463 5212 mordens,
1513 5141 1705 5197 acrius
1749 5141 1808 5198 in
1851 5158 2047 5216 prece]

2267 5166 2336 5200 ,ον
2370 5145 2764 5221 συγκροτήσας,
2793 5141 3017 5219 ἕτοιμος
3047 5141 3376 5221 λῂσταρχος
3401 5149 3493 5218 ἦν,
3545 5143 3849 5210 ϐιαιότατος,

527 5317 592 5381 ,1-
627 5310 682 5367 Ρ.
714 5307 822 5364 646
853 5305 962 5362 ED.
985 5298 1292 5359 POTTER.
1327 5299 1398 5371 (α)
1430 5296 1557 5356 Gal.
1589 5314 1665 5369 v1,
1685 5298 1742 5356 7.

531 5445 940 5560 (46.).Κλῆρρν,
991 5467 1086 5560 ἕνα
1140 5466 1201 5560 τέ
1249 5487 1370 5522 τινα
1405 5464 2006 5560 κκληρὼσωνλβοξὶδρ,
2041 5485 2111 5526 θα

991 5467 1086 5560 ἕνα
1140 5466 1201 5560 τέ
1249 5487 1370 5522 τινα
1405 5464 2006 5560 Ἷκληρώσωνλδοξὶὓρ,
2041 5485 2111 5526 ea
2217 5469 2548 5560 materia-:2.

461 5535 737 5619 Eusebio,
767 5535 966 5622 κλήρῷ
991 5540 1086 5622 ἕνα
1122 5543 1332 5622 γειτινα
1369 5535 1698 5622 κληρᾷιξψειν.
1732 5541 1894 5622 Eonf.
1952 5540 2043 5622 ide

2277 5541 2652 5622 ,μη-Ἔνιοι.
2711 5541 2960 5617 ὃωγωιι
3013 5546 3159 5613 erat,
3200 5542 3251 5599 si
3312 5544 3524 5607 Chron.
3576 5543 3855 5608 Λυτααώ.

460 5612 750 5684 Eusebius
778 5612 986 5680 acac}.
1006 5612 1156 5677 ﬂia.
1188 5612 1292 5672 lib.
1324 5629 1414 5686 In,
1435 5612 1595 5680 0.23,
1625 5627 1732 5687 per
1748 5612 2110 5672 totumhanc
2216 5612 2390 5672 fides.
2415 5613 2583 5673 Fm.
