4006 6200
202 277 325 334 649

1356 268 1571 325 LIBER
1610 270 1777 333 QUIS
1814 268 2029 325 DIVES
2063 270 2466 327 SALVETUR.

3506 271 3612 326 650

203 401 654 479 μιαιφονὼτατος,
711 394 1129 472 χαλεπώτατος.
1169 392 1375 469 Χρόνος
1426 392 1477 448 ἐν
1546 394 1715 466 μάσῳ,
1760 391 1887 461 καί,

1981 394 2281 452 Ferebatur.
2308 396 2455 453 347
2490 395 2623 451 Jam
2656 395 2854 468 itaque
2881 411 3123 467 prorsus
3151 396 3379 468 abjeota
3398 413 3505 469 spe
3523 412 3618 453 sa-

196 514 340 553 τινος
386 487 759 557 ὶπιπισοόσης
805 482 1017 560 χρείας,
1050 481 1376 549 ἀνακαλοῦσι
1432 482 1527 536 τὸν
1573 480 1853 550 Ἰωάννην.

185 584 250 641 Ὀ
302 580 377 650 δὲ,
411 574 613 645 ἐπειδή
674 576 741 630 τὰ
788 572 934 629 ἄλλα
976 570 1049 626 ὦν
1099 572 1260 646 χάριν
1320 573 1421 640 ἧκε
1467 571 1855 639 κατεστήσατν,

183 696 211 725 κ
262 673 404 743 ’Ἄγε
458 665 561 736 δὴ,
617 661 749 739 ἔφη,
809 661 856 717 ὦ
910 660 1191 729 ἐπίσκοπε,
1242 660 1343 728 τὴν
1394 660 1852 733 παρακαταθήκην

182 757 392 819 ἀπόδος
428 759 600 829 ἡμῖν,
632 756 700 824 ἢν
733 751 841 826 ἐγώ
871 771 932 805 τε
963 751 1049 805 καὶ
1095 751 1123 805 6
1173 750 1367 823 Σωτήρ
1427 769 1511 804 σοι
1551 767 1853 821 παρακατε-

178 847 385 920 θέμεθα
413 844 507 900 ἐπὶ
538 850 643 913 τῆς
678 837 1035 909 Ἑλίκλησίας,
1060 841 1123 907 ἧς
1154 838 1490 912 προκαθέζῃ,
1522 834 1854 909 μάρτυρος.»

177 940 238 994 Ὀ
266 932 328 989 δὲ
390 934 461 988 τὸ
512 932 613 997 μὲν
662 934 880 1005 πρῶτον
942 924 1235 1001 ἐξεπλάγη,
1271 927 1534 1000 χρήματα
1578 923 1855 997 οἲόμενος,

181 1026 313 1099 ἅπερ
378 1023 491 1077 οὐκ
523 1016 713 1089 ἔλαϐε,
743 1018 1195 1091 συκοφαντεῖσθαι
1232 1035 1244 1047 ·
1277 1015 1367 1070 καὶ
1417 1012 1539 1069 οὔτε
1584 1013 1854 1068 πιστεύειν

180 1117 331 1190 εἶχεν
392 1113 539 1187 ὑπὲρ
594 1109 667 1163 ὧν
718 1107 819 1162 οὐκ
847 1107 1020 1180 εἶχεν,
1053 1102 1181 1160 οὕτο
1212 1105 1455 1159 ἀπιστεῖν
1491 1102 1735 1177 Ἰωάννῃ.
1769 1103 1858 1166 Ὡς

181 1201 235 1258 δὲ
263 1223 278 1234 ·
323 1224 357 1256 ι
391 1202 513 1259 Τὸν
540 1199 840 1268 νεανίσκον,
870 1196 1037 1264 εἶπεν,
1055 1193 1267 1249 ἀπαιτῶ
1295 1193 1385 1248 καὶ
1414 1192 1511 1261 τήν
1544 1192 1728 1267 ψυχὴν
1759 1194 1858 1247 τοῦ

180 1289 465 1369 ἀδελφοῦ,
502 1313 531 1340 »
579 1287 825 1356 στενάξας
881 1287 995 1359 (48)
1050 1282 1285 1369 κάτωθεν
1345 1283 1372 1336 ὁ
1422 1275 1729 1356 πρεσϐύτης
1767 1279 1857 1335 καί

176 1402 225 1435 τι
282 1367 389 1435 κάξ
451 1374 815 1451 ἐπιδακρύσας
851 1392 862 1404 ·
898 1397 926 1424 ‹‹
956 1373 1216 1444 Ἐκεῖνος,
1256 1367 1384 1448 ἔφη,
1430 1372 1676 1440 τέθνηκε.
1709 1374 1855 1438 Πῶς,

176 1471 265 1525 καὶ
329 1468 476 1523 τίνα
518 1466 928 1534 θάνατον;Θεῷ
966 1462 1245 1531 τέθνηκεν,
1294 1459 1462 1515 εἶπεν.
1492 1453 1707 1528 im:th
1755 1457 1856 1531 γὰρ

181 1560 451 1632 πονηρὸς
480 1556 572 1610 καὶ
625 1554 857 1624 ἐξώλης,
886 1550 978 1606 καὶ
1034 1551 1097 1605 τὸ
1144 1548 1464 1624 κεφάλαιον,
1496 1546 1705 1623 λῃστής
1728 1566 1740 1579 ·
1769 1546 1859 1600 καὶ

182 1654 271 1703 ’ὧν
304 1647 447 1702 ἀντὶ
480 1651 585 1713 τῆς
610 1641 905 1712 ἐκκλησίας
934 1640 998 1694 τὸ
1028 1636 1154 1712 ὅρος
1184 1637 1480 1714 κατείληφε
1513 1638 1629 1710 μεθ’
1662 1633 1858 1709 ὁμοίου

1968 482 2110 539 lutis
2136 500 2203 539 ex
2226 491 2341 540 Deo
2363 485 2795 556 consequenda,
2821 483 2967 540 nihil
2992 484 3144 540 ultra
3168 486 3460 543 mediocre
3494 485 3617 542 ani-

1968 589 2064 628 mo
2088 574 2478 645 designabat;
2531 573 2632 629 sed
2664 573 2873 646 grandi
2918 573 3116 646 aliquo
3159 579 3490 647 perpetrato
3523 575 3616 632 fa-

1968 661 2184 731 cinore,
2236 663 2391 734 quod
2441 662 2625 718 semel
2683 662 2955 733 perierat,
3003 663 3129 735 pari
3174 663 3419 737 reliquis
3455 664 3612 721 exitu

1966 750 2127 807 luere
2148 752 2380 806 vixdum
2416 750 2846 808 reluctantibus
2894 752 3108 809 animis
3138 753 3450 827 cogitabat.
3488 753 3612 811 Illis

1966 838 2150 911 igitur
2180 840 2323 909 ipsis
2342 841 2689 912 assumptis,
2709 841 3096 911 institutoque
3116 840 3412 899 latronum
3436 842 3614 899 colle-

1968 930 2084 1001 gio,
2118 930 2237 985 dux
2266 930 2387 1001 ipse
2416 930 2709 986 latronum
2742 930 2896 985 haud
2923 931 3181 1004 segniter
3204 936 3364 1000 erat;
3398 931 3615 988 violen-

1968 1018 2072 1085 tia,
2107 1018 2365 1074 caedibus
2416 1023 2594 1090 atque
2645 1020 2951 1076 atrocitate
2993 1025 3236 1077 cunctos
3271 1021 3610 1094 superabat.

1969 1106 2284 1179 Aliquanto
2336 1112 2466 1180 post
2495 1113 2776 1180 tempore,
2825 1124 2957 1164 cum
2991 1108 3121 1164 novi
3154 1108 3377 1181 aliquid
3409 1124 3613 1166 neces-

1971 1196 2109 1252 sarii
2142 1198 2334 1269 Operis
2367 1200 2466 1252 aut
2513 1197 2732 1269 negotii
2766 1197 3093 1265 incidisset,
3124 1197 3339 1254 iterum
3372 1199 3443 1255 ad
3482 1213 3615 1253 eam

1972 1286 2176 1341 urbem
2222 1286 2444 1341 accitus
2472 1290 2562 1342 est
2596 1286 2877 1343 Joannes.
2928 1286 3035 1350 Qui
3067 1302 3204 1343 cum
3247 1285 3528 1356 venisset,
3560 1291 3619 1343 et

1972 1379 2182 1430 cuncta
2211 1390 2463 1446 quorum
2491 1375 2680 1446 gratia
2709 1381 2967 1443 venerat,
3001 1376 3366 1432 ordinasset:
3401 1399 3429 1426 «
3460 1381 3616 1448 Age-

1972 1466 2137 1531 dum,
2172 1463 2384 1534 inquit,
2407 1463 2696 1535 episcope,
2721 1465 2899 1520 redde
2920 1466 3090 1521 nobis
3106 1464 3439 1537 depositum
3459 1465 3615 1537 quod

1971 1568 2077 1624 ego
2110 1553 2326 1623 pariter
2354 1558 2409 1609 et
2454 1553 2721 1609 Christus
2767 1555 2870 1609 tibi
2904 1555 3472 1623 commendavimus,
3502 1555 3614 1610 sub

1973 1641 2246 1697 Ecclesiae
2267 1642 2360 1697 cui
2392 1659 2572 1714 praees
2595 1643 3174 1715 praesentia,ipsaque
3195 1659 3393 1700 coram
3408 1648 3612 1701 teste.»

184 1737 628 1813 στρατιωτικοῦ.
670 1756 698 1782 ››
742 1728 1231 1805 Καταρῥηξάμενος
1284 1725 1377 1781 οὖν
1425 1728 1525 1795 τὴν
1584 1726 1783 1794 ἐσϐῆναι
1831 1724 1859 1778 6

192 1828 205 1837 ς
276 1828 287 1837 ι
415 1822 437 1837 ς
664 1821 678 1837 \
843 1819 857 1837 ς
1038 1816 1079 1837 l‘
1246 1816 1259 1836 9
1405 1822 1432 1833 α·
1526 1813 1607 1837 ῨἿγ
1641 1814 1867 1837 ,!_,.__.-_

1981 1731 2056 1786 Ad
2092 1730 2206 1786 haec
2255 1732 2568 1803 episcopus
2601 1732 2790 1803 primo
2842 1732 3083 1804 quidem
3115 1733 3329 1789 morari
3365 1749 3431 1789 ac
3461 1737 3616 1788 atto-

184 1822 549 1890 ὲπὸστολος,
593 1821 680 1876 καὶ
733 1819 867 1893 μετά
918 1816 1164 1893 μεγάλης
1212 1816 1466 1890 οἰμωγῆς
1518 1813 1868 1886 πληξάμενος

1981 1819 2165 1874 nitum
2195 1836 2344 1889 esse,
2377 1837 2513 1876 cum
2544 1821 2907 1877 existimaret
2932 1823 3264 1893 pecuniam,
3296 1838 3475 1894 quam
3498 1838 3613 1879 non

178 1918 287 1986 ’τήν
318 1912 592 1993 κεφαλήν
624 1931 635 1942 ·
672 1933 701 1962 ι(
734 1907 911 1963 Καλόν
936 1928 1017 1982 γε,
1048 1904 1173 1983 ἔφη,
1206 1904 1421 1993 ιρύλακα
1447 1911 1548 1974 τῆς
1594 1900 1867 1993 τάδελφοίξ

1981 1909 2315 1979 accepisset,
2366 1926 2401 1964 a
2443 1926 2506 1965 se
2540 1926 2640 1981 per
2683 1909 3045 1966 calumniam
3087 1911 3306 1983 repeti:
3356 1917 3415 1966 et
3460 1909 3617 1967 sicut

185 2010 387 2081 ψυχῆς
412 1990 745 2057 για-πέλιπον.
778 1996 935 2053 Ἀλλ’
962 1994 1132 2057 ’ίππος
1171 1992 1281 2065 ἤδη
1318 2014 1411 2068 μοι
1474 1990 1744 2068 παρέστω,
1775 1990 1863 2045 καὶ

186 2078 435 2168 ἦγεμὼν
472 2089 704 2164 γινέσθω
737 2087 832 2159 μοί
863 2106 946 2147 τις
977 2091 1076 2153 τῆς
1126 2082 1275 2139 ὁδοῦ.
1312 2105 1341 2135 ››
1373 2079 1635 2168 Ἐλαυνεν
1683 2078 1864 2168 ὥσπερ

190 2166 341 2258 aliter
380 2179 616 2242 αὖτὸθεν
647 2177 752 2231 ἀπὸ
795 2176 897 2244 τῆς
946 2171 1256 2243 ἐκκλησίας.
1292 2170 1499 2234 Ἐλθὼν
1560 2166 1617 2258 δε
1647 2168 1747 2258 *εἰς
1802 2167 1865 2222 τὸ

186 2256 444 2348 lia—pinv,
483 2268 589 2323 ὑπὸ
620 2272 718 2335 τῆς
756 2261 1117 2339 προφυλακῆς
1147 2264 1252 2316 τῶν
1302 2259 1515 2334 λῃστῶν
1562 2256 1861 2323 ἁλίσκεται,

190 2345 339 2433 μήτε
371 2356 627 2435 ςεύγων,
661 2354 801 2426 μήτε
830 2351 1286 2425 παραιτούμενος,
1316 2346 1654 2423 εἷιλλὸιαβοῐῖυν⁸
1678 2370 1707 2397 ‹‹
1743 2345 1862 2399 Ἐπὶ

186 2451 341 2505 τοῦτ’
378 2444 659 2515 ἐλήλυθα,
690 2442 778 2497 ἐπὶ
810 2440 901 2496 τὸν
930 2437 1172 2514 ἄρχοντα
1202 2438 1353 2510 ὑμῶν
1387 2436 1675 2512 ἀναγάγετέ
1710 2455 1795 2507 με.
1834 2457 1863 2486 ››

186 2544 279 2599 ‘(k
309 2535 494 2601 τέως,
524 2532 711 2605 ὥσπερ
743 2528 1012 2600 ὥπλιστο,
1045 2526 1315 2599 ἀνέμενεν.
1349 2527 1437 2587 Ὡς
1488 2522 1546 2579 δὲ
1573 2522 1866 2597 προσιόντα

180 2627 471 2703 ἐγνώρισε
514 2628 613 2678 τὸν
644 2620 924 2690 Ἰωάννην,
955 2617 1031 2680 εἰς
1085 2616 1262 2703 φυγὴν
1320 2612 1584 2678 αἰδεσθεὶς
1641 2611 1862 2703 ἐτράπε-

184 2700 269 2775 τὲ..
302 2718 377 2774 Ὀ
412 2711 475 2767 δὲ
507 2709 734 2767 ἐδίωκεν
765 2709 1114 2780 ἀνῶ-κράτος,
1146 2702 1547 2777 ἐπιλαθόμενος
1588 2708 1687 2770 τῆς
1731 2700 1863 2770 ἡλι-

190 2806 312 2867 κίεις
343 2810 460 2873 τῆς
491 2803 714 2869 ἑαυτοῦ,
742 2796 1018 2873 κεκραγώς
1051 2814 1063 2826 ο
1104 2818 1123 2845 ι
1158 2795 1218 2848 Τί
1272 2813 1340 2867 με
1386 2791 1624 2870 φεύγεις,
1653 2790 1862 2859 τέκνον,

191 2896 283 2951 τὸν
318 2896 535 2948 σαυτοῦ
564 2886 793 2964 πατέρα,
826 2886 919 2941 τὸν
966 2882 1198 2959 γυμνὸν,
1229 2883 1320 2938 τὸν
1368 2880 1594 2957 γέροντα
1626 2901 1641 2949 ;
1676 2880 1865 2949 Ἐλέη-

194 2988 285 3039 σόν
321 3003 423 3056 με,
456 2978 644 3034 τέκνον
680 2996 693 3009 ⁸
733 2977 810 3049 μή
859 2969 1033 3049 φοϐοῦ
1064 2992 1072 3002 '
1109 2967 1257 3047 ἔχεις
1312 2966 1389 3026 ἔτι
1444 2975 1588 3056 ζωῆς
1644 2966 1862 3026 ἐλπίδα.

194 3055 343 3146 me}
379 3071 613 3145 Χριστῷ
643 3064 804 3120 δώσω
835 3061 997 3137 λόγον
1031 3062 1162 3136 ὑπὲρ
1204 3081 1299 3115 σου
1329 3080 1341 3091 ·
1376 3056 1435 3113 ἂν
1489 3055 1600 3132 δέῃ,
1630 3058 1721 3112 τὸν
1773 3057 1863 3111 σὸν

1975 1996 2255 2053 adhibere
2286 1998 2484 2065 fidem,
2519 2002 2582 2053 ut
2612 2014 2676 2055 se
2706 1999 2920 2056 habere
2952 1999 3317 2056 existimaret
3347 2016 3475 2072 quae
3502 2015 3619 2056 uon

1972 2094 2036 2159 >X<
2064 2087 2340 2152 habebat,
2372 2087 2456 2142 sic
2505 2104 2611 2143 nec
2637 2088 2850 2144 Joanni
2900 2089 3168 2145 difﬁdere
3199 2089 3473 2145 audebat.
3504 2089 3617 2144 Sed

1974 2176 2073 2231 ubi
2103 2177 2356 2233 Joannes
2384 2192 2398 2231 :
2432 2198 2460 2226 «
2512 2176 2818 2245 Juvenem,
2851 2176 3065 2249 inquit,
3098 2182 3295 2248 repeto
3333 2181 3391 2234 et
3422 2176 3622 2233 fratris

1973 2263 2228 2320 animam
2253 2281 2274 2326 ,·
2307 2287 2333 2313 ι)
2367 2264 2483 2320 alto
2516 2281 2693 2320 senex
2734 2266 2909 2321 ducto
2962 2265 3240 2338 suspirio,
3272 2268 3622 2338 vultumque

1912 2408 1920 2413 ς
1971 2352 2247 2426 lacrymis
2277 2355 2537 2410 affusus:
2573 2374 2601 2405 «
2636 2354 2713 2409 Is.
2746 2355 2849 2425 ait,
2868 2360 3136 2412 mortuus
3166 2359 3273 2412 est.
3298 2356 3620 2424 Quomodo,

1973 2442 2169 2514 inquit
2198 2443 2475 2508 Joannes,
2502 2459 2568 2498 ac
2586 2460 2701 2514 quo
2725 2444 2931 2499 mortis
2952 2459 3165 2516 genere
3184 2444 3213 2499 ?
3229 2444 3366 2513 Deo,
3399 2444 3481 2500 ait
3500 2443 3618 2511 ille,

1974 2537 2245 2588 mortuus
2275 2536 2384 2588 est.
2420 2531 2612 2588 Malus
2662 2532 2880 2605 quippe
2909 2534 3096 2589 evasit
3124 2539 3181 2589 et
3220 2533 3520 2605 perditus;
3553 2549 3621 2590 ac

1975 2623 2129 2694 quod
2154 2623 2499 2689 maximum,
2525 2623 2705 2679 latro:
2759 2639 3034 2696 nuncque
3063 2626 3208 2681 adeo
3238 2640 3342 2696 pro
3373 2624 3621 2682 ecclesia

1974 2715 2230 2767 montem
2258 2711 2583 2782 occupavit,
2615 2728 2751 2768 cum
2780 2712 3076 2769 latronum
3109 2714 3234 2785 pari
3267 2713 3563 2770 satellitio.
3590 2735 3618 2763 ››

1972 2801 2076 2856 His
2109 2800 2327 2855 auditis
2359 2800 2665 2871 apostolus
2697 2801 2885 2859 scissa
2928 2806 3109 2859 veste.
3143 2806 3201 2859 et
3230 2819 3363 2859 cum
3392 2802 3621 2875 ingenti

1973 2888 2190 2962 gemitu
2222 2893 2398 2960 caput
2429 2889 2681 2945 feriens:
2725 2912 2752 2940 «
2786 2889 3014 2947 Bonum
3048 2896 3123 2959 te,
3150 2891 3363 2963 inquit,
3412 2893 3623 2947 anima:

1976 2978 2176 3034 fratris
2196 2978 2502 3034 custodem
2523 2979 2799 3035 constitui
2827 2977 2840 3034 l
2866 2980 2977 3035 Sed
2994 2980 3120 3051 jam
3145 2980 3286 3035 mihi
3319 2984 3529 3053 presto
3544 2974 3630 3036 'sit

1980 3083 2167 3140 equus
2180 3072 2236 3122 et
2253 3066 2471 3138 aliquis
2489 3067 2961 3124 ductoritineris.
2981 3090 3009 3119 »
3027 3069 3167 3124 Inde
3180 3069 3252 3125 ab
3274 3068 3631 3139 ecclesia,ita

200 3142 444 3226 θάνττον
476 3157 625 3213 ἑκὼν
658 3156 939 3227 ὑπομενῶ,
971 3152 1046 3214 ὡς
1077 3152 1107 3205 ὁ
1138 3151 1335 3223 Κύριος
1366 3151 1458 3204 τὸν
1496 3148 1629 3222 ὑπὲρ
1673 3149 1832 3220 ἡμων
1856 3166 1868 3179 ’

1986 3162 2051 3212 ut
2079 3160 2222 3222 erat,
2254 3156 2478 3212 concito
2509 3171 2659 3227 equo
2712 3156 2824 3212 iter
2855 3158 3208 3229 properavit.
3259 3162 3525 3229 Cumque
3554 3159 3630 3214 ad

210 3254 345 3327 Emi;
397 3254 499 3306 σοῦ
523 3250 629 3317 τὴν
661 3247 850 3320 ψυχήν
885 3241 1165 3299 ἀντιδώσω
1211 3242 1310 3309 τὴν
1370 3239 1756 3327 Eptwﬁv.21ﬁ0t,
1788 3235 1872 3292 πί-

208 3325 442 3398 στευσον
476 3359 491 3370 ·
552 3335 786 3411 Χριστός
848 3353 916 3406 με
968 3328 1299 3387 ἀπέστειλεν.
1338 3353 1366 3380 ››
1420 3330 1481 3385 Ὁ
1528 3325 1585 3383 δὲ
1642 3326 1872 3387 ἀκούσας

212 3436 442 3507 πρῶτον
475 3429 579 3501 μὲν
612 3422 739 3493 ἔστη
769 3423 918 3478 κάτω
952 3420 1170 3498 βλέπων
1213 3438 1226 3453 ⁸
1259 3419 1369 3474 εἶτα
1398 3412 1586 3494 ἔρριψε
1608 3418 1674 3471 τὰ
1704 3413 1872 3482 ὅπλα,

214 3501 330 3576 ait:
356 3517 586 3593 τρέμων
617 3510 780 3585 ἔκλεε
821 3514 1052 3582 πικρῶς.
1085 3505 1468 3584 Προσελθόντα
1524 3503 1581 3561 δὲ
1635 3505 1726 3560 τὸν
1783 3501 1875 3580 γέ-

218 3629 407 3683 ρῡττι,
438 3597 769 3679 περιέλαϐεν
801 3597 1252 3674 ἀπολογούμενος
1307 3601 1426 3657 ταῖς
1482 3594 1752 3683 οῗμωγαῖς
1801 3594 1875 3654 ὡς

220 3679 469 3764 ἓένατο,
499 3694 745 3753 καὶτοῖς
793 3686 1015 3764 δάκρυσι
1051 3685 1448 3762 βαπτιζόμενος
1488 3683 1548 3738 ἐκ
1605 3679 1877 3757 δευτέρου,

222 3788 399 3860 μόνην
454 3780 829 3856 ἀποκρύπτων
882 3778 983 3845 τήν
1039 3773 1232 3845 δεξιάν.
1281 3774 1338 3827 Ὀ
1395 3770 1453 3826 δὲ
1510 3771 1880 3860 ἐγγυώμενος,

222 3857 634 3945 ἐπομνύμενος,
668 3869 746 3930 ὡς
768 3865 953 3943 ἄφεσιν
987 3863 1132 3934 αὐτῷ
1160 3863 1308 3937 παρὰ
1334 3866 1431 3916 τοῦ
1481 3862 1741 3934 Σωτῆρος
1798 3857 1883 3913 εὕ-

232 3984 417 4032 ρηται,
467 3958 760 4030 δεόμενος,
824 3957 1155 4028 γονυπετῶν,
1197 3951 1364 4020 αὐτὴν
1412 3951 1510 4019 τήν
1571 3946 1744 4019 δεξιὰν
1812 3948 1887 4010 ὡς

238 4054 341 4107 ὑπὸ
393 4057 495 4118 τῆς
563 4044 852 4120 μετανοίας
920 4038 1324 4115 κεκαθαρμένην
1405 4036 1743 4115 καταφιλῶν,
1799 4035 1886 4091 ἐπὶ

234 4143 335 4208 τήν
384 4137 684 4209 inhisin
745 4132 1069 4207 ἐπανήγαγε.
1104 4129 1205 4187 Καὶ
1250 4126 1500 4202 δαψιλέσι
1552 4128 1645 4200 μὲν
1699 4126 1889 4201 εὐχαῖς

244 4228 643 4300 ἐξαιτούμενος,
675 4222 927 4296 συνεχέσι
958 4217 1015 4274 δὲ
1060 4217 1329 4289 νηστείαις
1376 4214 1893 4287 συναγωνιζόμενος,

248 4315 528 4377 ποικίλαις
563 4311 624 4368 δὲ
651 4311 841 4388 ῥήσεσι
873 4311 984 4382 (49)
1016 4307 1194 4382 λόγων
1224 4303 1539 4376 κατεπᾴδων
1589 4304 1753 4358 αὐτοῦ
1793 4303 1891 4371 τὴν

249 4408 491 4481 γνώμην,
524 4401 590 4457 οὗ
638 4399 908 4474 πρότερον
950 4394 1217 4468 ἀπῆλθεν,
1251 4396 1325 4457 ὥς
1378 4414 1529 4471 φασι,
1558 4392 1685 4481 πρὶν
1734 4390 1894 4481 αὐτον

252 4498 538 4563 κατέστησε
612 4493 687 4563 τῇ

259 4579 443 4659 δεῖγμα
474 4575 769 4655 μετανοίας
820 4572 1083 4645 ἀληθινῆς
1122 4570 1212 4627 καὶ
1271 4570 1403 4645 μέγα
1451 4569 1738 4659 γνώρισμα
1791 4588 1897 4623 πα-

736 4485 1057 4557 Ἐκκλησία,
1114 4481 1297 4545 διδοὺς
1537 4479 1671 4556 μέγα
1725 4479 1897 4556 παρά·
1925 4504 1974 4567 D

1976 3245 2168 3300 locum
2201 3242 2473 3310 venisset,
2508 3244 2579 3298 ab
2613 3244 2685 3298 iis
2715 3242 2815 3315 qui
2837 3243 3114 3301 excubias
3139 3245 3389 3315 agebant
3435 3244 3623 3300 latro-

1980 3332 2154 3387 nibus
2181 3332 2449 3403 capitur;
2484 3346 2600 3386 non
2630 3330 2728 3388 ille
2758 3333 2958 3404 fugam
2992 3337 3217 3404 petens,
3250 3340 3353 3389 aut
3378 3333 3614 3389 veniam

1978 3422 2321 3492 deprecans,
2355 3421 2455 3476 sed
2487 3419 2785 3476 clamans:
2833 3443 2861 3471 «
2893 3423 2957 3477 In
2986 3420 3094 3477 hoc
3123 3421 3319 3494 ipsum
3363 3420 3516 3491 veni,
3549 3421 3622 3478 ad

1977 3515 2236 3566 vestrum
2272 3525 2365 3564 me
2386 3510 2592 3565 ducem
2616 3509 2954 3565 deducite.»
2977 3510 3029 3566 ls
3047 3527 3179 3567 vero
3202 3515 3266 3566 ut
3284 3515 3408 3568 erat
3428 3527 3621 3567 arma-

1979 3603 2077 3655 tus
2106 3598 2342 3654 interim
2375 3599 2763 3670 exspectabat.
2783 3598 2892 3653 Sed
2926 3599 3023 3654 ubi
3046 3600 3417 3657 accedentem
3448 3616 3623 3673 agno-

1980 3688 2061 3745 vit
2089 3687 2399 3754 Joannem,
2432 3704 2546 3758 pra:
2581 3687 2799 3757 pudore
2829 3687 2888 3742 in
2924 3688 3118 3759 fugam
3170 3704 3375 3745 versus
3404 3694 3513 3745 est.
3550 3693 3623 3743 At

1982 3777 2238 3833 Joannes
2268 3775 2406 3829 totis
2436 3774 2658 3830 viribus
2689 3775 2916 3832 concito
2947 3793 3141 3847 cursu,
3161 3776 3349 3834 aetatis
3380 3778 3622 3849 oblitus,

1984 3863 2285 3920 hominem
2337 3862 2609 3933 persequi
2662 3863 2902 3931 institit,
2957 3864 3276 3921 identidem
3331 3865 3625 3924 clamans:

1988 3976 2017 4004 «
2042 3952 2188 4020 Quid
2213 3968 2304 4006 me
2322 3955 2542 4022 patrem
2566 3956 2757 4018 tuum,
2777 3952 2860 4007 ﬁli
2881 3953 3036 4026 fugis
3063 3954 3367 4023 inermem,
3397 3956 3629 4012 senicu-

1990 4041 2112 4096 lum
2128 4041 2155 4095 Τ
2177 4040 2448 4096 Miserere
2467 4040 2601 4109 mei,
2627 4040 2706 4095 fili
2736 4061 2750 4109 ;
2775 4041 2895 4098 noli
2920 4042 3163 4111 timere;
3189 4044 3382 4100 adhuc
3401 4044 3509 4099 tibi
3532 4062 3633 4100 su-

1993 4132 2187 4203 perest
2209 4130 2334 4184 vita
2356 4144 2422 4183 ac
2442 4128 2655 4184 salutis
2678 4146 2835 4201 spes.
2862 4131 2979 4202 Ego
2999 4148 3100 4203 pro
3126 4135 3179 4187 te
3201 4131 3431 4187 Christo
3456 4133 3633 4188 ratio-

1994 4233 2127 4273 nem
2153 4216 2412 4272 reddam.
2452 4216 2509 4271 Si
2549 4216 2624 4270 sit
2646 4232 2815 4287 Opus,
2838 4222 3001 4273 tuam
3027 4217 3155 4290 ipse
3175 4218 3364 4276 libens
3385 4224 3632 4276 mortem

1998 4304 2325 4371 sustinebo,
2341 4305 2838 4376 quemadmodum
2861 4305 3148 4362 Dominus
3169 4323 3273 4378 pro
3294 4307 3463 4364 nobis
3485 4324 3638 4364 mor-

1998 4397 2118 4451 tem
2149 4391 2303 4448 tulit.
2332 4393 2606 4448 Animam
2640 4407 2831 4449 meam
2864 4410 2966 4463 pro
3005 4397 3109 4449 tua
3134 4395 3414 4451 vicariam
3444 4395 3595 4452 dabo
3620 4412 3635 4451 :

2005 4486 2097 4539 sta
2145 4480 2340 4548 modo,
2399 4484 2455 4536 et
2512 4481 2701 4536 crede.
2761 4487 2805 4534 A
2868 4481 3098 4537 Christo
3147 4482 3371 4539 missus
3419 4500 3576 4542 sum.
3611 4506 3641 4535 »

2007 4570 2109 4625 His
2137 4567 2234 4623 ille
2264 4566 2506 4637 auditis,
2540 4567 2798 4638 primum
2856 4568 3094 4639 quidem
3137 4569 3302 4626 vultu
3336 4572 3397 4627 in
3426 4577 3643 4630 terram

266 4655 554 4747 λιγγενείας
628 4668 804 4741 (51),
856 4664 1117 4739 τρόπαιον
1190 4661 1525 4721 ἀναστάσεως
1607 4657 1887 4747 ἑλπιζομὲ·

2015 4656 2272 4713 demisso
2305 4656 2601 4710 substitit:
2636 4655 2847 4711 deinde
2895 4657 3170 4728 projectis
3211 4660 3416 4728 armis,
3446 4663 3652 4718 acerbe

268 4743 514 4832 »τέ’(δε),
549 4759 679 4812 ὅταν
713 4753 764 4809 ἐν
794 4757 866 4820 τῇ
897 4751 1177 4822 συντελείᾳ
1202 4754 1300 4805 τοῦ
1339 4748 1536 4810 αἰῶνος
1568 4748 1623 4802 οἱ
1678 4744 1883 4822 ἄγγελο

2016 4748 2157 4802 ﬂere
2206 4743 2399 4815 ccepit.
2442 4743 2825 4799 Accedentem
2871 4760 3005 4800 vero
3060 4762 3260 4802 senem
3291 4750 3653 4823 complexus,

264 4830 642 4918 tebﬁﬂﬁm’sc
677 4844 1072 4917 μετανοοῦντας
1110 4835 1365 4909 δέξωνται
1421 4836 1495 4898 εἷς
1554 4834 1887 4909 ἐπουρανίουι

2018 4832 2239 4906 gemitu
2265 4847 2332 4886 ac
2354 4830 2650 4897 lamentis,
2675 4847 2853 4900 quam
2877 4832 3128 4890 maxime
3148 4839 3394 4909 poterat,
3432 4840 3653 4896 crimen

276 4917 788 5012 navigqaaﬁptbc
841 4926 1156 5004 γεγηθότες,
1216 4925 1528 4998 ὑμνοῦντες,
1581 4921 1885 5012 ἀνοιγνύντε

2021 4919 2303 4985 diluebat,
2335 4924 2391 4973 et
2410 4917 2683 5012 lacrymis
2704 4918 2863 4974 velut
2883 4919 3067 4977 altero
3088 4925 3339 4992 quodam
3360 4926 3656 4999 baptismo

274 5030 391 5088 τοὺς
418 5011 686 5099 οὐρανούς
717 5040 730 5052 ·
760 5018 869 5092 πρὸ
900 5015 958 5071 δὲ
986 5015 1198 5071 πάντων
1231 5012 1389 5074 αὐτὸς
1420 5012 1449 5066 6
1489 5011 1685 5084 Σωτὴρ
1739 5028 1913 5084 προα-

372 5167 435 5229 ιιι
460 5165 526 5221 P.
558 5163 668 5218 950
697 5160 815 5243 Eo.
846 5157 1149 5216 POTTER.

2020 5006 2385 5079 expiabatur,
2416 5004 2603 5062 solam
2636 5006 2931 5064 dexteram
2976 5010 3298 5070 occultans.
3330 5015 3481 5072 Tum
3513 5032 3655 5089 apo-

346 5306 451 5378 (48)
482 5302 772 5373 Στινάξας.
817 5305 1071 5358 Anastas
1121 5298 1365 5366 Sinaita,
1399 5295 1636 5366 στενάζει
1671 5293 1807 5372 μέγα
1865 5290 1887 5350 ἐ

336 5374 467 5420 ωηατ
504 5395 518 5407 ·
555 5376 674 5420 εἶτα
706 5371 946 5420 ὃωύει-
978 5372 1141 5420 Ριω..

2033 5285 2203 5348 παῖδα
2239 5289 2355 5364 μεθ’
2386 5288 2578 5346 ἱαυτοῦ
2606 5287 2659 5346 ἐν
2688 5295 2755 5366 τῇ
2779 5290 2941 5349 Ἐκκλ
2987 5292 3074 5364 σίᾳ
3100 5296 3387 5371 συνήγαγε.
3421 5302 3505 5355 ID.

2100 5364 2212 5420 (51)
2245 5360 2644 5420 Παλιγγενείας.
2671 5366 2866 5420 Scribe
2888 5314 3324 5420 πάλιγγενεσίας.

487 5395 518 5448 ί·
555 5371 679 5429 εἶτα
706 5371 963 5448 Scaptia;
977 5372 1141 5448 FILL.

348 5436 461 5517 (49)*
481 5447 723 5517 Ῥήσεσι.
753 5436 895 5501 God.
928 5443 1093 5517 Reg?
1126 5439 1297 5509 ειη,
1329 5440 1542 5513 σειρῇσι
1596 5436 1806 5511 λόγων,
1860 5440 1923 5494 ut

348 5469 455 5517 με)
503 5469 723 5515 νηοῖσι.
753 5469 895 5501 μου.
929 5469 1066 5514 ncg.
1126 5469 1168 5497 υ

295 5521 344 5573 οι
362 5518 601 5590 saepe,
632 5516 740 5590 lib.
774 5532 840 5582 ιῐ,
872 5530 942 5590 ο.
958 5514 1046 5569 42.
1067 5484 1154 5590 ig,

354 5572 725 5661 (εοῑὶίδοιξ.
766 5572 1039 5642 Anastas.
1094 5581 1325 5639 Sinaita
1361 5579 1559 5667 addit,
1610 5572 1718 5638 ἕως
1760 5573 1923 5631 αὐτόν

543 5706 817 5768 Pam».
866 5701 979 5763 Gn.
1028 5699 1133 5760 1x.

60 5952 339 6063 ιλ...

2100 5364 2212 5440 (53!)
2241 5360 2644 5440 Εελιγγενξίας·
2671 5360 3331 5440 δέξίδολπαλιγγενεσῐάςέ
3368 5422 3375 5427 .

2100 5364 2214 5506 (51)
2245 5364 2644 5436 Παλιγγενείας.
2671 5364 2866 5422 scribo
2888 5364 3331 5440 παλιγγενεσίάςξ
3368 5422 3375 5427 ,

2101 5436 2194 5507 (52
2247 5431 2669 5506 Ἐλπιζομένης.
2712 5436 2804 5493 Sic
2851 5438 3120 5495 Anastas.
3168 5438 3425 5507 Sinaita;
3462 5435 3667 5513 βλεπο-

2081 5504 2231 5567 ἑνης,
2263 5505 2476 5562 Euseb.
2510 5506 2675 5563 FELL.

2039 5525 2231 5578 μενης,
2263 5525 2476 5562 ωυεθι).
2510 5525 2675 5563 l‘lLL.

3311 5694 3387 5753 21
