4006 6200
509 338 608 392 651
1735 343 2091 398 causam

2247 342 2679 397 LEXANDRINI
3751 341 3829 400 652

509 465 697 520 stolus
726 465 1045 538 spondens
1077 466 1464 538 dejeransque
1490 465 1718 523 veniam
1751 484 1812 523 se
1845 466 1928 523 illi
1961 484 1994 523 a
2023 467 2091 523 Se

2261 469 2436 535 παντᾷ
2491 462 2856 537 δεξιούμενος,
2889 465 3004 539 φῶς
3069 461 3268 539 ὀρέγων
3318 462 3513 534 ἄσκιον,
3561 461 3831 524 ἄπαυστονι

509 561 702 610 vatore
733 559 967 610 nactum
998 572 1148 624 esse,
1184 571 1474 626 oransque
1526 572 1592 612 ac
1623 557 1681 611 in
1730 573 1923 629 genua
1953 573 2091 629 prov

2265 551 2476 628 ὁδηγῶν
2509 553 2585 616 εἲς
2613 551 2740 615 τοὺς
2770 550 3012 612 κόλπους
3041 555 3139 606 τοῦ
3171 551 3396 625 Πατρὸς,
3425 551 3496 616 εἷς
3523 554 3611 623 τὴν
3650 554 3832 614 αίώοιον

510 645 693 712 lutus,
759 645 945 717 ipsam
973 645 1211 716 juvenis
1259 646 1582 713 dexteram,
1631 646 1790 703 velut
1813 649 1940 718 jam
1965 663 2092 718 paen

2266 644 2434 713 ζωὴν,
2468 643 2546 705 εἷς
2571 643 2670 712 τήν
2709 639 2985 716 βασιλείαν
3014 643 3124 696 τῶν
3157 641 3418 716 οὐρανῶν.
3455 643 3720 700 Ιιιστευέτω
3766 648 3834 702 καὶ

510 733 691 790 tentia
747 735 1060 804 expiatam,
1089 733 1454 802 exosculans,
1482 735 1680 807 ipsum
1742 736 1801 791 in
1849 735 2092 792 ecclesia

2259 733 2429 789 ταῦτά
2448 753 2528 795 τις
2551 731 2640 786 καὶ
2671 735 2804 787 Θεοῦ
2839 731 3130 803 μαθηταῖς,
3161 730 3248 784 καὶ
3300 729 3530 806 ἰγγυητῇ
3570 737 3692 807 Θεῷ,
3725 756 3836 812 προ.

513 822 760 878 reduxit.
803 822 1021 877 Exinde
1071 824 1286 893 partim
1319 824 1541 879 crebris
1573 824 1937 880 orationibus
1969 825 2088 880 Deu

2264 821 2537 900 φητείαις,
2585 818 2962 896 Εὐαγγελίοις,
3005 817 3196 895 λόγοις
3232 818 3598 896 ἀποστολικοῖς
3622 842 3636 857 ο
3658 823 3836 887 τούτοις

512 912 854 983 deprecans,
878 910 1088 982 partim
1121 911 1479 968 continuatis
1512 929 1628 968 una
1663 929 1797 969 cum
1821 913 2087 985 juvenej

2263 915 2436 981 συζῶν
2488 909 2578 965 καὶ
2627 911 2695 965 τὰ
2740 907 2854 964 ὦτα
2897 907 3137 984 ὑπέχων,
3170 907 3260 963 καὶ
3306 908 3370 964 τὰ
3414 905 3537 986 ἔργα
3577 909 3748 980 ἀσκῶν,
3773 911 3837 968 ἐπ’

504 999 694 1071 juniis
734 998 912 1054 simul
943 999 1273 1069 decertans,
1326 1001 1622 1073 variisque
1647 1002 1901 1074 denique
1931 1019 2086 1059 serm

2264 1000 2432 1070 αὐτῆς
2461 1005 2561 1069 τῆς
2591 995 2778 1070 ἐξόδου
2805 998 2869 1052 τὸ
2896 996 3056 1060 τὲλος
3083 997 3174 1052 καὶ
3203 997 3302 1067 τήν
3333 995 3569 1070 ἐπίδειξιν
3603 1003 3694 1054 τῶν
3734 997 3835 1074 δογ-

516 1104 655 1144 num
684 1087 975 1144 illecebris
1006 1088 1268 1144 animum
1300 1091 1428 1160 ejus
1459 1090 1822 1159 demulcens,
1855 1107 1969 1148 non
1993 1091 2098 1163 prii

2269 1089 2453 1163 μάτων
2485 1085 2696 1162 ὄψεται.
2727 1087 2788 1145 Ὁ
2813 1086 2913 1162 γὰρ
2945 1083 3170 1141 ἐνταῦθα
3198 1085 3288 1142 τὸν
3317 1085 3538 1162 ἄγγελον
3585 1094 3674 1159 τῆς
3707 1109 3836 1162 μετα-

513 1175 760 1244 destitit,
796 1181 860 1232 ut
894 1176 1080 1246 aiunt,
1104 1193 1281 1249 quam
1307 1176 1472 1233 illum
1513 1178 1685 1234 ﬁrma
1703 1180 2037 1236 constantia
2058 1180 2095 1234 E

2265 1181 2414 1241 νοίας
2437 1180 2550 1252 (53)
2570 1177 2928 1253 προσιέμενος
2959 1176 3024 1231 οὖ
3058 1177 3380 1248 μετανοήσει
3399 1173 3534 1250 τότε,
3546 1177 3688 1248 ἡνίκα
3705 1179 3755 1234 ἂν
3770 1200 3841 1235 κα-

515 1264 699 1320 clesiae
728 1265 952 1337 gremio
1002 1265 1390 1334 admovisset;
1448 1283 1661 1339 magno
1691 1283 1841 1324 verte
1872 1268 2097 1340 pmnitei

2263 1269 2474 1342 ταλίπῃ
2503 1269 2567 1322 τὸ
2597 1271 2777 1340 σῶμα,
2810 1263 2937 1321 οὐδὲ
2964 1267 3480 1341 καταισχυνθήσεται
3523 1267 3606 1322 τὸν
3653 1270 3840 1343 Σωτῆρα

513 1354 603 1410 tiae
636 1353 900 1426 exemplo
932 1353 1553 1427 exhibito,grandique
1576 1357 1796 1412 iterata:
1827 1358 2095 1428 generati

2266 1357 2565 1433 προσιόντα
2598 1355 2732 1429 μετὰ
2759 1361 2861 1425 τῆς
2891 1353 3056 1410 αὐτοῦ
3088 1351 3247 1425 δόξης
3277 1354 3364 1410 καὶ
3421 1355 3672 1431 στρατείας
3701 1353 3836 1411 ἱδων·

514 1443 606 1499 nis
636 1445 1012 1510 documento,
1060 1448 1118 1499 et
1150 1444 1359 1499 futuris
1414 1446 1864 1502 resurrectionis
1897 1446 2096 1518 tropha

2268 1446 2330 1502 οὐ
2371 1444 2514 1502 δέδιε
2559 1447 2622 1500 τὸ
2665 1449 2793 1516 πῦρ.
2834 1442 2898 1501 Ei
2949 1441 3007 1499 δὲ
3052 1464 3137 1506 τις
3165 1444 3394 1518 αἱρεῖται
3427 1443 3588 1518 μένειν
3629 1445 3706 1499 καὶ
3749 1443 3837 1516 ἐξα-

512 1533 771 1605 (quando
799 1533 858 1587 in
891 1533 1400 1589 consummatione
1432 1534 1627 1590 saeculi
1659 1533 1849 1606 angeli
1877 1551 2007 1591 vere
2039 1553 2094 1606 pc

2273 1537 2558 1611 μαρτανειν
2591 1532 2844 1589 ἑκάστοτε
2873 1531 2960 1587 ἐπὶ
2988 1537 3109 1594 ταῖς
3137 1529 3384 1603 ἡδοναῖς,
3409 1533 3494 1588 καὶ
3529 1534 3619 1602 τήν
3667 1533 3840 1590 ἐνταῦθα

513 1623 765 1678 nitentes
797 1622 853 1676 in
881 1622 1318 1693 supercmlestia
1348 1622 1686 1679 habitacula
1714 1624 2095 1696 deportabun‘

2267 1626 2478 1702 τρυφὴν
2521 1626 2622 1687 τῆς
2677 1621 2903 1676 αἰωνίου
2971 1626 3116 1691 ζωῆς
3191 1626 3457 1698 προτιμᾷ,
3499 1623 3583 1677 καὶ
3643 1619 3841 1686 διδόντος

513 1711 650 1766 hinc
679 1709 871 1783 angeli
904 1709 1028 1766 laete
1057 1711 1394 1782 gestientes,
1443 1711 1774 1784 laudantes,
1812 1713 1990 1769 ccelos
2018 1730 2095 1784 ap

2267 1718 2363 1770 τοῦ
2414 1711 2676 1787 Σωτῆρος
2719 1708 2903 1789 ἄφεσιν
2953 1711 3389 1789 ἀποστρέφεται·
3437 1713 3569 1784 μήτε
3614 1713 3694 1768 τὸν
3742 1712 3841 1768 Θεὸν

516 1800 762 1855 rientes:
820 1816 935 1871 prae
995 1799 1226 1856 cunctis
1283 1817 1415 1856 vero
1448 1801 1572 1873 ipse
1618 1801 1878 1858 Salvator
1927 1803 2096 1858 obvia

516 1888 1413 1910 I_-A--_L___.__:_-!_._-___--:_21
1462 1889 1642 1910 I-_____
1679 1892 1860 1910 Ληηικ
1920 1909 1931 1910 γ
1987 1907 2083 1910 μηκ

2270 1801 2369 1876 ἔτι,
2406 1804 2545 1876 μήτε
2573 1802 2665 1856 τὸν
2696 1799 2958 1869 πλοῦτον,
2989 1801 3131 1874 μήτε
3156 1800 3220 1855 τὸ
3250 1806 3563 1876 προσπεσεῖν
3615 1800 3844 1871 αἰτιάσθω,

2314 1895 2328 1910 \
2400 1889 2498 1910 δῖ(
2647 1895 2670 1904 ν
2725 1891 2736 1910 1
2790 1890 2858 1910 ηε
2955 1890 3035 1910 (ηε
3098 1890 3136 1910 γι
3274 1888 3288 1910 9
3350 1888 3433 1910 ,\\
3529 1889 3539 1910 Ι
3681 1892 3748 1910 III-
3805 1887 3840 1910 ,ἱ

516 1890 705 1944 factus
720 1888 1148 1945 humanissime
1166 1889 1438 1960 suscipit,
1459 1889 1650 1946 lucem
1677 1892 1962 1963 praebens,
1980 1907 2096 1962 qua

2268 1895 2369 1962 τὴν
2397 1889 2454 1946 δὲ
2482 1892 2674 1946 ἑαυτοῦ
2713 1890 2898 1964 ψυχὴν
2955 1890 3218 1952 ἑκουσίως
3263 1888 3654 1964 ἀπολλυμένην.
3681 1892 3758 1963 Τῷ
3802 1887 3845 1945 δὶ

520 1977 692 2032 nullae
720 1982 783 2046 ιβ
811 1978 1096 2033 otfuscant
1117 1977 1504 2046 tenebrae,nec
1525 1984 1791 2052 tempora
1813 1980 1932 2035 ulla
1959 1980 2102 2036 inter

2271 1976 2620 2037 ἐπιϐλέποντι
2669 1981 2769 2049 τήν
2819 1977 3089 2054 σωτηρίαν
3147 1978 3241 2034 καὶ
3289 1979 3564 2050 ποθοῦντι,
3614 1980 3694 2034 καὶ
3741 1978 3847 2052 μετὰ

522 2071 723 2135 mant;
752 2069 961 2123 ductor
985 2069 1109 2139 ipse
1138 2065 1197 2123 in
1230 2067 1424 2123 sinum
1451 2070 1660 2135 Patris,
1690 2064 1750 2124 in
1781 2070 1958 2126 vitam
1989 2075 2104 2127 sate:

2271 2067 2537 2131 ἀναιδείας
2588 2069 2677 2123 καὶ
2731 2066 2852 2142 βίας
2911 2065 3148 2122 αἰτοῦντι
3195 2066 3462 2142 παρέξειν,
3488 2069 3580 2138 τήν
3628 2066 3844 2138 ἀληθινὴν

523 2174 681 2226 nam,
731 2156 789 2211 in
841 2172 1085 2229 regnum
1137 2155 1414 2213 caalorum
1457 2157 1567 2213 iter
1597 2175 1833 2230 parans.
1879 2159 2000 2216 Ista
2029 2176 2105 2231 qu

2269 2161 2526 2233 κάθαρσιν
2553 2157 2642 2212 καὶ
2672 2158 2771 2227 τὴν
2803 2153 3063 2231 ἄτρεπτον
3117 2157 3264 2226 ζωὴν
3303 2153 3460 2212 δώσει
3491 2157 3518 2211 ὁ
3545 2157 3708 2232 Πατήρ
3748 2156 3846 2231 ἁγά-

522 2247 740 2312 credat,
798 2246 1091 2318 fidemque
1149 2262 1281 2301 cum
1337 2245 1436 2301 Dei
1491 2246 1814 2318 discipulis,
1868 2253 1996 2304 tum
2044 2248 2104 2304 D1

2272 2249 2363 2312 θὸς
2391 2250 2418 2304 ὁ
2447 2247 2498 2302 ἐν
2529 2251 2646 2310 τοῖς
2677 2245 2929 2322 οὐρανοῖς
2960 2265 2973 2278 ο
3007 2244 3053 2318 ᾧ
3079 2242 3168 2300 διὰ
3191 2250 3292 2301 τοῦ
3324 2243 3517 2308 Παιδὸς
3543 2246 3705 2316 ’1ησοῦ
3739 2249 3846 2319 Χρι-

523 2336 789 2407 sponsori
806 2335 1036 2402 habeat;
1054 2335 1519 2408 prophetiarum,
1534 2337 2105 2409 Evangeliorum,ap<

2272 2342 2422 2409 στοῦ,
2451 2340 2550 2392 τοῦ
2600 2335 2798 2410 Κυρίου
2842 2335 3057 2404 ζώντων
3115 2335 3207 2389 καὶ
3265 2339 3489 2411 νεκρῶν,
3533 2334 3616 2391 καὶ
3663 2331 3738 2389 διὰ
3774 2338 3847 2388 τοῦ

519 2425 802 2480 stolorum
842 2424 1034 2480 dictis.
1075 2425 1181 2489 Qui
1213 2424 1268 2478 in
1328 2424 1420 2479 his
1473 2424 1652 2481 vitam
1709 2426 1998 2493 instituat,
2051 2444 2101 2483 at

2270 2425 2426 2499 ἁγίου
2458 2421 2771 2495 Ιινεῦματος
2811 2419 2895 2491 εἴη
2928 2417 3077 2493 δόξα,
3105 2424 3272 2494 τιμὴ,
3302 2423 3517 2497 κράτος,
3545 2421 3740 2486 αἰώνιος
3778 2443 3850 2495 με·

518 2529 760 2585 remque
792 2513 1044 2585 praebeat
1065 2520 1237 2585 atque
1259 2529 1436 2584 opera
1464 2518 1746 2583 exerceat,
1768 2515 1880 2570 sub
1912 2514 2039 2586 ipso
2061 2532 2100 2571 e:

2273 2512 2588 2590 γαλειότης,
2619 2511 2708 2565 καὶ
2737 2510 2828 2565 νῦν
2860 2510 2951 2565 καὶ
2985 2511 3088 2580 ἀεὶ,
3120 2510 3213 2565 καὶ
3248 2510 3327 2573 εἰς
3355 2512 3533 2587 γενεὰς
3577 2515 3768 2587 γενεῶν,
3789 2509 3855 2565 ul

515 2618 680 2658 cessu
705 2603 1047 2674 dogmatum
1065 2603 1242 2657 finem
1266 2602 1574 2674 ipsamque
1595 2601 1912 2658 exhibitam
1946 2605 2096 2660 verit

1797 2608 1912 2658 tam
1946 2605 2160 2660 verita-
2273 2604 2349 2666 εἲς
2376 2602 2505 2664 τοὺς
2538 2601 2735 2662 αῗῶνας
2758 2604 2865 2656 τῶν
2897 2599 3135 2658 αἷώνων,
3170 2601 3371 2674 Ἀμήν,

515 2697 629 2747 tem
653 2692 991 2764 conspiciat.
1025 2691 1132 2758 Qui
1158 2692 1338 2764 enim!
1359 2692 1716 2764 pcnnitentite
1751 2695 2026 2766 angelum
2053 2697 2224 2766 plane
2251 2695 2479 2767 recipit,
2512 2693 2668 2748 haud
2697 2708 2830 2748 eum
2862 2697 3002 2747 tunc
3031 2690 3150 2747 ulla
3183 2692 3482 2767 pmnitudo
3513 2693 3735 2761 incedet,
3759 2706 3860 2746 cum

515 2798 728 2855 corpus
761 2782 1066 2854 reliquerit
1093 2799 1106 2850 ;
1145 2797 1248 2838 nec
1279 2781 1693 2850 confundetur,
1726 2765 1868 2838 dum
1899 2765 2252 2842 Salvatorem
2283 2765 2415 2842 cum
2450 2783 2756 2852 majestate
2795 2797 2903 2836 sua
2930 2765 3311 2852 exercituqd’e
3343 2781 3652 2837 venientem
3681 2780 3860 2836 viderit.

515 2873 728 2929 Nullus
777 2873 932 2944 ignis
987 2873 1300 2938 exterrebit
1351 2876 1562 2928 metus.
1622 2872 1724 2927 Sin
1758 2878 1958 2929 autem
2017 2874 2312 2948 quispiam
2343 2891 2409 2930 eo
2470 2873 2669 2927 animo
2727 2871 2806 2926 sit
2838 2875 2904 2925 ut
2960 2886 3198 2926 manere
3230 2887 3297 2927 ac
3356 2871 3610 2944 quotidie
3638 2871 3690 2926 in
3735 2869 3861 2925 volu-

517 2962 776 3035 ptatibus
823 2961 1092 3018 volutans
1151 2961 1495 3033 delinquere
1546 2961 1708 3031 velit,
1755 2964 2183 3036 prmsentisque
2212 2965 2344 3020 vita;
2391 2962 2632 3018 delicias
2688 2965 2903 3016 aeterna
2931 2960 3050 3015 vita
3106 2960 3368 3032 potiores
3427 2961 3615 3026 ducat,
3667 2964 3861 3030 atquea

517 3052 816 3110 Salvatore
868 3053 1097 3108 veniam
1149 3051 1488 3123 indulgente
1547 3051 1757 3107 mentis
1789 3068 1964 3108 sensu
1998 3053 2312 3110 abhorreat
2341 3073 2355 3122 ;
2391 3054 2439 3108 is
2471 3066 2661 3123 neque
2693 3051 2903 3119 Deum,
2953 3065 3138 3120 neque
3168 3049 3429 3118 divitias,
3467 3065 3567 3106 nec
3593 3049 3728 3122 quod
3757 3054 3862 3103 ante

519 3141 724 3214 lapsus
781 3143 858 3196 sit
906 3141 965 3196 in
998 3141 1222 3196 crimen
1279 3145 1466 3205 vocet,
1527 3142 1626 3195 sed
1657 3157 1827 3196 suam
1882 3141 2071 3213 ipsius
2096 3142 2354 3198 animam
2413 3158 2541 3213 quae
2592 3139 2722 3212 ipsa
2774 3142 2980 3209 sponte
3011 3137 3283 3193 intereat.
3351 3138 3412 3193 Ei
3437 3154 3567 3194 vero
3623 3135 3707 3192 cui
3751 3150 3863 3190 cura

524 3231 733 3288 salutis
765 3236 850 3286 est
890 3247 956 3285 ac
1006 3229 1314 3300 inspectio,
1345 3244 1592 3300 eamque
1618 3229 1936 3299 desiderat,
1969 3247 2034 3286 ac
2060 3247 2205 3302 pene
2232 3231 2496 3287 efﬂictim
2525 3230 2757 3300 vimque
2785 3229 2910 3299 ipse
2931 3225 3222 3283 adhibens
3255 3227 3511 3299 praebere
3540 3231 3706 3299 rogat,
3729 3228 3864 3279 Pater

524 3320 623 3376 ille
655 3321 842 3375 bonus
864 3319 964 3390 qui
991 3323 1082 3374 est
1108 3318 1168 3373 in
1191 3317 1373 3384 caelis,
1407 3333 1603 3373 veram
1624 3318 2100 3374 emundalionem
2119 3320 2419 3392 vitamque
2441 3318 2658 3374 tribuet
2679 3316 2826 3372 nulli
2852 3315 3161 3371 mutationi
3182 3315 3524 3384 obnoxiam;
3551 3314 3636 3370 cui
3656 3329 3770 3370 cum
3788 3312 3863 3366 Fi-

523 3409 602 3465 lio
631 3409 770 3465 Jesu
831 3407 1082 3476 Christo,
1115 3407 1214 3478 qui
1271 3407 1529 3462 vivorum
1578 3411 1637 3462 et
1665 3411 2028 3463 mortuorum
2064 3409 2345 3465 Dominus
2401 3412 2512 3476 est,
2547 3423 2649 3479 per
2677 3404 2962 3478 Spiritum
3010 3409 3312 3472 sanctum,
3369 3404 3448 3461 sit
3473 3403 3667 3477 gloria,
3695 3402 3862 3468 honor,

521 3504 803 3570 potestas,
850 3501 1063 3552 aeterna
1126 3496 1424 3567 majestas,
1459 3511 1613 3550 nunc
1670 3500 1728 3551 et
1770 3511 2023 3568 semper,
2055 3501 2113 3553 et
2143 3499 2203 3554 in
2259 3496 2668 3570 generationes
2723 3493 3196 3567 generationum,
3237 3493 3419 3566 inque
3473 3491 3671 3550 secula
3717 3505 3864 3548 seco-

514 3587 729 3645 lorum.
765 3593 970 3643 Amen.

617 3707 681 3770 ᾧ
709 3711 772 3763 P.
801 3707 902 3761 951
937 3705 1046 3763 ED.
1079 3703 1378 3760 POTTER.

579 3825 692 3897 (53)
724 3823 1031 3896 Respicere
1060 3823 1291 3878 videtur
1321 3821 1674 3895 paenitentia:
1695 3821 1997 3894 angelum,
2016 3823 2088 3878 de
2118 3838 2233 3894 quo
2265 3823 2540 3894 frequens
2561 3821 2816 3878 occurrit
2845 3819 3064 3877 mentio
3095 3819 3157 3876 in
3192 3819 3483 3877 Hermetis
3512 3821 3713 3876 Parim
3730 3815 3859 3872 Fam.

1073 4075 1382 4245 EK
1495 4074 1960 4244 ΤΩΝ
2093 4071 3363 4248 ΘΕΟΔΟΤΟΥ

2057 4302 2181 4358 ΚΑΙ
2218 4305 2362 4357 ΤΗΣ

859 4423 1672 4521 ΑΝΑΤΟΛΙΚΗΣ
1764 4422 2624 4520 ΚΑΛΟΥΜΕΝΗΣ
2708 4421 3546 4518 ΔΙΔΑΣΚΑΛΙΑΣ

1556 4571 1740 4626 ΚΑΤΑ
1774 4573 1946 4624 ΤΟΥΣ
1985 4574 2470 4629 ΟΥΔΛΕΝΤΙΝΟΥ
2507 4572 2836 4628 ΧΡΟΝΟΥΣ

1633 4694 2284 4825 EHITO
2333 4693 2767 4822 MAI.

1739 4907 2640 5126 EXCEitP-TA

850 5176 951 5237 EX
993 5171 1350 5236 SCRIPTIS
1393 5170 1795 5232 THEODOTI
1837 5171 1940 5232 ET
1981 5172 2384 5234 DOCTRINA
2426 5171 2612 5243 QUJE
2653 5172 3120 5237 ORIENTALIS
3166 5173 3538 5238 VOCATUR

1637 5291 1713 5332 AD
1751 5291 2054 5332 νλωκτικῐ
2090 5293 2358 5334 ΤΕΜΡΟΜ
2395 5293 2741 5334 ΒΡΕΟΤΑΝἸἹΑ

1685 5371 1986 5438 Interprete
2013 5373 2254 5426 Roberto
2281 5373 2493 5425 Pisans:
2521 5373 2586 5424 Α.
2615 5372 2687 5424 Μ.

509 3933 3860 3975 W

549 5598 869 5680 εεςιιιθςιιθε
898 5611 968 5652 οι
994 5592 1304 5680 Theodoto.
1322 5586 1788 5680 ἐξςξγφέθὲξέιξξιὶ
1805 5589 2124 5680 sesami
2151 5590 2399 5680 ρδξμείιξ
2441 5589 2759 5680 (ξιθωθιιρίε
2789 5593 2998 5680 ueteri
3029 5609 3100 5651 οι
3127 5597 3290 5680 Parte
3302 5591 3655 5680 statariae
3673 5583 3848 5680 £9.42:

477 5653 696 5743 gmatis
744 5674 944 5725 tamen
975 5683 1091 5724 non
1123 5653 1547 5737 usquequaque
1575 5653 1945 5720 consonant:
1978 5666 2045 5722 ut
2072 5662 2124 5723 si
2151 5653 2190 5723 ἱ
2217 5662 2512 5722 Clemente
2555 5670 2698 5723 sunt
2738 5653 3003 5740 excepta,
3045 5653 3166 5726 non
3193 5665 3263 5722 de
3297 5653 3763 5733 Clementia)“
3786 5653 3847 5710 de
