4006 6200
513 335 623 390 655

1737 298 2149 388 CLEMENTIS

2277 331 2381 386 ,ΒΧ
2391 331 2692 388 ΔΝΒΒΙΝΙ
3747 347 3828 402 656

513 476 700 516 mones
726 461 964 518 Domini.
1019 463 1174 516 Hanc
1245 459 1318 513 ob
1375 473 1611 512 causam
1693 457 1908 530 inquit,
1968 458 2162 528 Splen-

2278 458 2375 510 τοῦ
2431 454 2645 548 Κυρίου.
2707 458 2804 512 Διὰ
2846 461 3010 512 τοῦτο
3062 456 3286 531 εἷ’ρηκε⁹
3343 468 3593 540 Λαμψάτω
3641 470 3694 523 τὸ
3743 477 3835 548 φῶς

517 550 642 605 deat
672 549 772 604 luo:
797 553 978 606 vestra
997 565 1183 605 coram
1212 546 1528 604 hominibus
1566 546 1662 618 (ιι).
1716 547 1782 602 Et
1813 551 1946 618 post
1976 562 2166 602 resur-

517 638 831 694 rectionem
867 654 1034 692 suam
1067 635 1348 709 apostolis
1376 635 2046 707 Spiritumimmittendo
2071 636 2168 706 (b),

519 726 815 799 pulverem
849 727 1083 798 quidem
1118 727 1290 782 sicuti
1325 724 1525 781 favilla
1555 728 1696 792 eset,
1730 724 2065 780 eventilavit
2104 741 2170 780 ac

521 817 810 889 separavit
844 833 857 884 ;
887 816 1241 871 accendebat
1278 820 1475 872 autem
1502 813 1818 870 scintillam
1839 831 1904 870 ac
1927 815 2173 870 vivifica-

520 905 620 962 vit.

593 993 684 1049 IV.
712 993 1019 1061 Dominus,
1055 993 1271 1065 quippe
1307 992 1561 1047 maxima
1590 992 1924 1048 humilitate
1960 992 2170 1062 pradi-

517 1087 636 1149 tus,
671 1099 783 1137 non
810 1087 874 1137 ut
904 1081 1199 1154 angelum,
1229 1082 1330 1136 sed
1355 1087 1418 1136 ut
1448 1080 1745 1136 hominem
1771 1097 1832 1136 se
1862 1083 2172 1154 conspicu-

520 1166 661 1227 du'm
698 1171 963 1243 praebuit.
997 1172 1068 1226 Et
1097 1186 1226 1226 cum
1261 1171 1318 1225 in
1367 1175 1564 1226 monte
1595 1171 1667 1225 ab
1712 1169 1991 1242 apostolis
2049 1171 2172 1226 suis

520 1259 706 1333 gloria
734 1264 792 1315 et
821 1261 1130 1330 majestate
1145 1261 1306 1314 visus
1329 1265 1419 1314 est
1450 1259 1543 1330 (c).
1568 1275 1683 1314 non
1709 1263 1941 1330 propter
1961 1263 2172 1314 semet-

520 1350 712 1420 ipsum
748 1349 854 1404 hoc
883 1349 1037 1414 fecit,
1063 1349 1145 1402 uti
1171 1348 1454 1403 nimirum
1487 1351 1670 1404 semet
1699 1352 2034 1418 ostentaret,
2068 1350 2167 1404 sed

521 1436 788 1494 Ecclesia:
820 1453 938 1492 suae
970 1437 1177 1509 gratia,
1211 1453 1337 1508 quae
1375 1452 1548 1508 genus
1577 1438 1812 1491 electum
1852 1441 1928 1492 est
1975 1436 2076 1510 (ά),
2108 1441 2173 1492 ut

523 1527 773 1582 disceret
803 1526 1126 1598 profectum
1160 1527 1289 1596 eius
1340 1530 1471 1597 post
1500 1525 1718 1581 exitum
1753 1540 1781 1580 e
1813 1541 2006 1581 carne.
2042 1529 2172 1598 Ipse

523 1615 679 1672 enim
707 1615 766 1669 in
793 1614 1054 1671 caalolux
1087 1614 1214 1682 fuit,
1247 1619 1336 1669 est
1361 1615 1534 1669 etiam
1560 1613 1701 1668 illud
1727 1615 1880 1685 quod
1917 1614 1974 1668 in
1998 1631 2171 1669 carne

523 1704 797 1776 apparuit
825 1721 837 1770 ;
861 1707 918 1759 et
947 1704 1101 1775 quod
1136 1703 1233 1756 hic
1280 1703 1473 1757 visum
1507 1703 1615 1757 fuit
1643 1719 1755 1757 non
1789 1702 1890 1756 illo
1922 1703 2076 1773 quod
2111 1705 2169 1758 in

2284 545 2437 616 ὑμῶν
2500 543 2807 622 ἔμπροσθεν
2836 551 2943 601 τῶν
2984 547 3305 624 ἀνθρώπων.
3338 551 3429 606 Καὶ
3461 558 3580 626 μετὰ
3599 559 3686 627 τὴν
3713 543 3837 622 dvis.

2278 652 2452 702 τασιν,
2488 631 2744 711 ἐμφυσῷν
2794 637 2858 691 τὸ
2905 637 3128 710 Ηνεῦμα
3155 643 3269 700 τοῖς
3313 641 3632 714 ἀποστόλοις,
3655 650 3734 703 τὸν
3761 653 3834 722 μὲν

2279 725 2438 808 χοῦν,
2480 724 2721 799 καθάπερ
2750 726 2973 802 τέφραν,
3016 727 3249 805 άπέφυσε
3287 729 3370 784 καὶ
3400 729 3654 808 ἐχώριζεν·
3685 737 3838 808 ἐξῆπτε

2281 807 2339 864 δὲ
2375 810 2468 866 τὸν
2502 819 2774 889 σπινθῆρα
2803 815 2891 869 καὶ
2921 813 3233 884 ἐζωοποίει.

2351 989 2422 1044 Δ’.
2481 990 2543 1046 Ὁ
2581 989 2798 1076 ,Κύριος
2863 990 2952 1047 διὰ
2999 992 3218 1062 πολλὴν
3262 1001 3713 1076 ταπεινοφροσύνην
3752 1007 3840 1076 (55)

2280 1075 2388 1151 οὐχ
2434 1077 2508 1139 ὡς
2557 1075 2788 1154 ἄγγελος
2838 1079 3020 1158 ὤφθη,
3059 1083 3186 1138 ἀλλ’
3229 1085 3302 1147 ὡς
3351 1075 3625 1162 ἄνθρωπος’
3663 1075 3841 1149 milite

2281 1164 2331 1219 ἐν
2365 1163 2492 1240 δόξῃ
2521 1162 2676 1244 ὤφθη
2726 1175 2843 1232 τοῖς
2889 1169 3220 1236 ἀποστόλοις
3268 1172 3354 1229 ἐπὶ
3381 1180 3474 1231 τοῦ
3513 1172 3674 1252 ὅρους,
3713 1181 3765 1236 οὐ
3789 1179 3844 1236 δι’

2279 1255 2465 1310 ἑαυτὸν
2516 1255 2742 1328 ἐποίησε
2787 1258 2998 1324 δεικνυς
3040 1262 3226 1318 ἑαυτὸν
3252 1307 3267 1334 ,
3326 1263 3466 1321 ἀλλὰ
3509 1264 3591 1323 διὰ
3629 1271 3714 1338 τὴν
3748 1273 3844 1326 Ἐκ·

2277 1343 2535 1412 κλησίαν,
2592 1345 2716 1413 ἥτις
2770 1345 2880 1402 ἐστὶ
2927 1351 2990 1405 τὸ
3046 1352 3202 1425 γένος
3257 1353 3318 1409 τὸ
3377 1353 3628 1426 ἐκλεκτὸν,
3664 1355 3741 1413 ἵνα

2278 1434 2345 1506 θῃ
2375 1434 2473 1502 τήν
2509 1436 2793 1508 προκοπὴν
2820 1436 2988 1492 αὐτοῦ
3021 1441 3153 1512 μετᾶ
3179 1443 3280 1511 τὴν
3327 1449 3423 1513 τῆς
3467 1446 3644 1520 σαρκὸς
3682 1443 3843 1519 ἔξοδον.

2280 1520 2450 1584 Αὐτὸς
2481 1522 2585 1598 γὰρ
2616 1524 2705 1579 καὶ
2737 1522 2848 1580 ἅνω
2879 1531 2993 1603 φῶς
3052 1530 3142 1598 ἦν,
3191 1533 3280 1585 καὶ
3327 1527 3435 1587 ἔστι
3477 1534 3536 1588 τὸ
3564 1533 3776 1612 ἐπιφανὶν
3809 1536 3847 1590 ὲν

2277 1611 2456 1686 σαρκὶ,
2499 1615 2590 1667 καί
2629 1614 2692 1668 τὸ
2739 1613 2967 1679 ἐνταῦθα
3022 1616 3206 1694 ὀφθὲν,
3243 1618 3350 1695 οὐχ
3390 1621 3592 1698 ὕστερον
3619 1611 3704 1678 τοῦ
3743 1622 3846 1692 ἅνω,

2279 1698 2404 1752 οὐδὲ
2435 1697 2752 1756 διεκέκοπτο
2800 1702 2838 1777 ᾖ
2884 1704 3084 1759 ἄνωθεν
3138 1709 3364 1780 μετέστη
3413 1697 3580 1783 δεῦρο,
3625 1711 3763 1766 τόπον
3807 1713 3852 1767 ἐκ

523 1795 667 1848 coelo
699 1792 1012 1864 posterius,
1044 1808 1232 1863 neque
1262 1793 1523 1847 excisum
1548 1791 1660 1846 fuit
1691 1807 1720 1845 e
1741 1792 1883 1846 coelo
1909 1792 2165 1862 quandiu

2277 1786 2446 1842 τόπου
2473 1783 2720 1860 ἀμεῖϐον.
2779 1792 2853 1853 ὡς
2899 1794 2990 1847 τὸν
3042 1794 3138 1866 μὲν
3169 1793 3468 1868 ἐπιλαϐεῖν,
3523 1801 3608 1854 τὸν
3657 1797 3707 1855 δὲ
3745 1802 3849 1855 ἀπο-

2293 1882 2302 1899 l
2328 1883 2436 1899 ,__'
2474 1897 2482 1899 _
2533 1876 2647 1899 ?‘\7
2708 1879 2737 1899 ‘I'
2865 1881 2879 1898 ἱ
2996 1881 3006 1899 Ι
3177 1883 3204 1899 ιο
3376 1886 3388 1899 ι
3536 1888 3548 1899 ι
3617 1893 3640 1899 ..
3700 1894 3734 1899 -
3821 1891 3830 1899 ι

523 1882 619 1937 hic
645 1883 704 1936 in
736 1881 908 1936 terris
949 1883 1313 1949 versabatur,
1346 1881 1587 1952 perinde
1622 1879 1791 1952 quasi
1823 1881 1892 1934 de
1925 1880 2050 1936 loco
2109 1881 2165 1934 in

2281 1882 2484 1930 λιπεῖν·
2522 1876 2647 1933 ἀλλ’
2702 1879 2771 1950 ἦν
2825 1881 2888 1936 τὸ
2938 1881 3113 1958 πάντῃ
3172 1883 3256 1956 ὅν,
3304 1886 3391 1940 καὶ
3418 1888 3559 1959 παρὰ
3583 1893 3653 1960 τῷ
3700 1891 3852 1963 Πατρῖ.

522 1971 717 2026 locum
752 1971 1099 2035 discederet,
1131 1975 1234 2025 aut
1267 1970 1422 2024 hunc
1454 1974 1786 2039 occuparet,
1818 1968 1984 2023 illum
2037 1985 2170 2024 vero

525 2059 882 2130 relinqueret
914 2077 925 2123 ;
964 2061 1062 2114 sed
1097 2069 1222 2113 erat
1249 2059 1398 2128 quod
1435 2060 1652 2129 ubique
1683 2068 1794 2122 est,
1829 2074 1962 2111 cum
2015 2058 2169 2128 apud

527 2153 755 2203 Patrem
790 2152 911 2202 tum
944 2148 1001 2201 in
1032 2147 1227 2212 terris,
1259 2150 1459 2218 utpote
1492 2146 1589 2218 qui
1623 2145 1813 2201 Patris
1843 2152 1935 2201 est
1960 2146 2169 2201 virtus.

528 2238 611 2292 Ad
644 2236 775 2303 hoc,
807 2235 1047 2307 impleri
1078 2235 1244 2290 illum
1277 2234 1601 2291 Servatoris
1632 2250 1965 2290 sermonem
1997 2251 2169 2304 Opor-

523 2326 638 2381 tuit
669 2339 840 2396 quem
875 2324 1195 2395 protulerat
1228 2323 1404 2379 :Sunt
1432 2323 1658 2395 quidam
1687 2340 1759 2378 ea:
1784 2324 1900 2378 illis
1930 2322 2028 2394 qui
2082 2323 2171 2379 hic

520 2421 731 2480 astant,
765 2415 862 2484 qui
889 2425 1116 2470 mortem
1174 2428 1285 2469 non
1326 2413 1643 2482 gustabunt,
1690 2412 1993 2483 usquedum
2037 2427 2166 2468 con-

2278 1966 2568 2029 κᾶνταῦθα·
2617 1963 2844 2040 δύναμις
2892 1972 2996 2046 γὰρ
3043 1974 3111 2042 ἦν
3161 1979 3259 2028 τοῦ
3311 1976 3531 2051 Πατρός.
3583 1976 3773 2041 Ἄλλως
3811 1998 3855 2031 τε

2280 2053 2451 2128 ἐχρῆν
2484 2055 2730 2110 κάκεῖνον
2751 2057 3113 2134 πληρωθῆναι
3160 2063 3255 2117 τὸν
3285 2061 3444 2140 λόγον
3487 2069 3578 2120 τοῦ
3623 2071 3855 2141 Σωτῆρος.

2279 2142 2338 2196 ’ὀν
2388 2141 2552 2197 εἶπεν·
2599 2143 2718 2200 Εἰσί
2769 2167 2911 2209 τινες
2959 2153 3066 2203 τῶν
3124 2148 3233 2206 ὦδε
3293 2151 3608 2224 ἑστηκότων,
3650 2152 3697 2209 οῗ
3717 2153 3768 2209 οὐ
3797 2155 3855 2226 μή

2279 2230 2562 2304 γεύσονται
2596 2234 2852 2304 θανάτου,
2883 2233 2986 2299 ἕως
3019 2237 3078 2292 ἂν
3101 2235 3267 2294 ἰδωσι
3296 2241 3387 2296 τὸν
3417 2242 3533 2298 Υῖὸν
3563 2247 3651 2298 τοῦ
3691 2242 3859 2317 ἀνθρώ-

2277 2340 2384 2374 που
2411 2319 2462 2374 ἐν
2497 2318 2648 2407 δόξῃ.
2681 2321 2839 2378 Εἶδον
2869 2324 2962 2381 οὖν
2991 2327 3080 2382 καὶ
3111 2327 3485 2404 ἐκοιμήθησαν
3527 2331 3556 2386 6'
3580 2353 3634 2387 τε
3677 2333 3861 2407 Πέτρος,

2276 2409 2366 2463 καὶ
2395 2405 2672 2479 Ἰάκωϐος,
2706 2412 2796 2467 καὶ
2828 2413 3104 2486 Ἰωάννης.

517 2506 755 2577 spiciam
784 2504 967 2559 Pilum
1003 2502 1238 2558 hominis
1269 2504 1329 2557 in
1357 2504 1641 2575 majestate
1659 2502 1873 2574 sua(e).
1906 2505 2113 2557 Petrus
2138 2501 2628 2572 itaque,Jacobus
2658 2503 2982 2562 etJoanues
3011 2509 3287 2566 viderunt
3308 2511 3364 2566 in
3395 2512 3595 2583 gloria,
3619 2518 3671 2568 et
3695 2514 3864 2570 obdor-

519 2593 793 2648 mierunt.

586 2681 647 2737 V.
681 2678 982 2745 Quomodo
1012 2678 1210 2749 itaque
1229 2679 1434 2734 faciem
1466 2678 1697 2734 Domini
1732 2679 1986 2734 lucidam
2019 2695 2161 2733 con-

513 2764 830 2844 Spicien‘tes
854 2786 967 2826 non
1028 2771 1258 2824 fuerunt
1292 2773 1530 2841 stupore
1559 2769 1812 2841 perculsi
1847 2787 1862 2838 ;
1897 2775 1956 2824 at
1984 2768 2161 2824 simul

512 2877 580 2917 ac
600 2876 796 2917 vocem
818 2861 946 2930 ejus
969 2858 1315 2914 audiverunt
1343 2857 1402 2913 in
1434 2863 1648 2913 terram
1681 2857 1939 2913 cecidere
1959 2859 1986 2913 ?
2015 2857 2163 2922 Quia

517 2949 802 3006 nimirum
828 2964 997 3003 aures
1030 2964 1200 3017 quam
1225 2947 1377 3003 oculi
1403 2963 1434 3002 a
1457 2947 1568 3002 fide
1592 2948 1807 3002 absunt
1826 2947 2082 3017 longius,
2104 2953 2161 3002 et

514 3039 796 3094 inusitata
824 3054 930 3092 vox
977 3037 1252 3107 majorem
1285 3041 1565 3091 terrorem
1613 3035 1842 3090 incutit.
1881 3036 2154 3106 Equidem

2341 2677 2576 2765 E’rﬂci');
2617 2678 2733 2746 οὖν,
2774 2680 2874 2748 τήν
2928 2682 3028 2753 μὲυ
3058 2679 3181 2757 ὄψιν
3225 2688 3328 2755 τήν
3360 2690 3617 2765 φωτεινὴν
3679 2686 3864 2756 ἷδόντες,

2271 2762 2371 2818 οὐκ
2419 2763 2785 2841 ἐξεπλάγησαν
2812 2785 2825 2800 ⁸
2895 2772 2992 2840 τήν
3050 2769 3107 2826 δὲ
3150 2777 3342 2850 φωνήν
3372 2762 3729 2846 άκούσαντες,
3770 2775 3866 2831 ἒπε-

2270 2873 2363 2906 σον
2441 2855 2525 2908 ἐπὶ
2590 2861 2728 2931 γῆν;
2805 2855 2887 2912 ὅτι
2950 2857 3063 2914 ὦτα
3109 2864 3372 2939 τυγχάνει
3430 2869 3537 2940 (56)
3593 2865 3870 2939 ἀπιστότερα

2274 2940 2600 3030 ὀφθαλμῶν,
2647 2945 2738 2999 καὶ
2787 2948 2821 3016 ἡ
2854 2951 3000 3023 παρὰ
3031 2947 3186 3022 δόξαν
3223 2955 3380 3030 φωνὴ
3424 2955 3626 3028 μᾶλλον
3670 2953 3870 3023 ἐκπλήσ-

2270 3052 2371 3089 σει.
2425 3033 2485 3122 'Q
2517 3029 2580 3122 6i~
2625 3033 2884 3122 Ἰωάνκης
2938 3038 2965 3091 ὁ
3020 3029 3350 3114 βαπτιστὴς,
3381 3051 3483 3113 τῆς
3530 3051 3702 3122 φωνῆς
3747 3043 3875 3098 ἁκού-

519 3143 654 3184 cum
676 3142 872 3181 vocem
897 3125 1391 3180 audiretJoanues
1412 3125 1507 3178 ille
1521 3123 1784 3196 Baptista
1801 3125 1890 3196 (f),
1917 3132 1980 3196 ›ι‹
2000 3124 2155 3178 haud

2277 3140 2391 3188 σας,
2424 3119 2523 3175 οὐκ
2564 3117 2832 3199 ἐφοϐήθη,
2884 3125 2959 3188 ὡς
3007 3125 3067 3182 ἂν
3115 3127 3169 3184 ἐν
3219 3131 3490 3205 πνεύματι
3519 3132 3732 3195 ἀκούσας
3775 3153 3873 3185 συν-

521 3215 741 3280 timuit,
773 3213 986 3284 quippe
1016 3213 1075 3268 in
1108 3213 1316 3284 spiritu
1351 3212 1571 3267 audivit
1629 3212 1775 3284 ipse,
1808 3213 1900 3267 cui
1933 3229 2038 3267 vox
2066 3211 2169 3267 illa

526 3304 747 3359 usitata
776 3319 789 3358 :
815 3308 875 3357 at
905 3317 1036 3357 vero
1064 3318 1179 3372 qua
1209 3301 1384 3357 homo
1432 3306 1662 3355 tantum
1714 3301 1844 3371 quis
1895 3302 2164 3367 audiens,

524 3391 902 3462 obstupescit.
937 3395 1099 3444 Hanc
1131 3389 1203 3444 ob
1251 3406 1488 3444 causam
1522 3389 1663 3444 dicit
1691 3389 1809 3445 illis
1857 3389 2115 3445 Salvator
2150 3407 2162 3444 :

519 3480 750 3538 Nemini
763 3479 1177 3548 dixeritisquod
1192 3479 1409 3533 vidistis
1449 3478 1542 3547 (g).
1591 3483 1665 3532 At
1691 3495 1803 3532 non
1836 3477 2022 3533 oculis
2049 3494 2168 3532 car-

520 3569 756 3624 nalibus
783 3567 975 3622 lumen
1011 3572 1462 3638 conspexerant:
1498 3568 1590 3622 his
1621 3566 1777 3621 enim
1813 3559 1958 3620 nihil
1989 3567 2166 3622 afﬁne

516 3658 608 3714 vel
638 3657 938 3729 proprium
962 3671 1091 3712 cum
1107 3655 1212 3711 hoc
1236 3655 1480 3720 lumine,
1514 3655 1626 3710 nisi
1651 3655 2164 3727 proutServatoris

518 3745 790 3801 voluntas
821 3744 980 3799 carni
1013 3743 1230 3799 videnti
1261 3744 1536 3799 virtutem
1587 3744 1962 3810 concesserit,
1995 3744 2163 3798 insu-

517 3851 621 3906 per
645 3835 797 3905 quod
830 3838 889 3888 et
917 3833 1114 3888 anima
1141 3833 1305 3896 vidit,
1360 3833 1519 3888 dedit
1549 3831 1734 3897 carni,
1790 3833 2163 3904 participanti

520 3937 750 3992 nempe,
783 3937 848 3976 eo
882 3921 1033 3992 quod
1059 3925 1215 3975 arcte
1245 3937 1376 3975 cum
1411 3937 1476 3976 ea
1523 3920 1839 3991 conjuncta
1878 3922 1974 3976 sit.
2011 3921 2160 3976 Illud

519 4027 675 4077 vero,
707 4010 929 4066 Nemini
943 4011 1226 4072 dixeritis,
1260 4025 1330 4064 ne
1361 4010 1506 4064 forte
1523 4009 1861 4080 illud,quod
1882 4009 2164 4065 Dominus

523 4105 648 4157 erat
677 4097 1092 4170 intelligentes,
1125 4098 1184 4152 in
1207 4096 1372 4152 illum
1405 4114 1616 4152 manus
1643 4098 1878 4168 injicere
1905 4098 2164 4153 abstine-

522 4193 652 4245 rent
679 4204 759 4257 se,
791 4192 849 4243 et
877 4187 962 4242 sic
1008 4186 1367 4257 dispensatio
1423 4190 1578 4241 esset
1641 4185 2004 4258 imperfecta,
2061 4189 2166 4242 ab-

520 4281 792 4348 essetque
823 4292 854 4331 a
879 4273 1123 4330 Domino
1156 4290 1333 4343 mors,
1387 4278 1450 4329 ut
1479 4273 1582 4344 qui
1651 4273 1871 4329 frustra
1919 4279 2165 4332 conatus

2275 3210 2395 3299 ᾕθει
2450 3216 2550 3299 τῆς
2609 3211 2867 3283 τοιαύτης
2925 3220 3130 3292 φωνῆς’
3185 3222 3325 3284 καθὸ
3387 3218 3445 3276 δὲ
3502 3221 3765 3299 ἅνθρωπός
3813 3220 3878 3280 τίς

2275 3297 2406 3366 ἔστι,
2460 3298 2622 3370 μόνον
2656 3302 2892 3366 ἀκούσας
2939 3307 3285 3385 κατεπλάγη·
3332 3309 3420 3367 διὸ
3449 3313 3537 3367 καὶ
3571 3297 3702 3388 λέγει
3728 3311 3880 3371 αὐτοῖς

2273 3385 2300 3438 6
2375 3388 2592 3464 Σωτήρ*
2675 3387 2882 3459 Μηδενὶ
2953 3391 3142 3466 εἴπητε
3214 3399 3243 3453 ὃ
3323 3397 3492 3458 ἳδετε.
3556 3385 3731 3458 Καίτοι
3782 3397 3882 3454 οὐδὲ

2271 3481 2550 3549 σαρκικοῖς
2597 3476 2912 3554 ὀφθαλμοῖς
2959 3483 3022 3537 τὸ
3069 3489 3183 3562 φῶς
3235 3489 3589 3564 ὲωράκεισαν·
3639 3487 3774 3544 οὖδὶν
3801 3488 3880 3562 γὰρ

2272 3565 2520 3638 συγγενὲς
2574 3566 2664 3620 καὶ
2732 3567 2932 3623 οἷκεῖον
2980 3571 3167 3647 ἐκείνῳ
3211 3581 3298 3650 τῷ
3352 3578 3494 3656 φωτί
3547 3577 3633 3633 καὶ
3676 3575 3793 3651 τῇδε
3829 3578 3885 3637 τῆ

2273 3651 2447 3726 σαρκί·
2504 3651 2631 3742 ἀλλ’
2662 3655 2736 3716 ὡς
2781 3659 2814 3726 ἡ
2866 3655 3093 3733 δύναμις
3146 3665 3237 3718 καὶ
3288 3668 3324 3735 ἡ
3364 3651 3630 3742 βούλησις
3657 3671 3745 3721 τοῦ
3789 3671 3883 3719 Σω-

2269 3746 2437 3816 τῆρος
2492 3739 2862 3815 ἐνεδυνάμωσε
2918 3748 3017 3817 τὴν
3078 3751 3292 3826 σάρκα,
3364 3739 3443 3818 εἰς
3498 3756 3559 3811 τὸ
3616 3756 3885 3820 θεάσασθιι·

2272 3826 2460 3893 ἄλλως
2506 3851 2564 3885 τε
2609 3832 2699 3886 καὶ
2740 3835 2768 3888 ὃ
2799 3836 2833 3904 ἡ
2882 3837 3036 3911 ψυχὴ
3087 3837 3217 3910 εἶδε,
3270 3841 3548 3914 μετέδωκε
3591 3844 3884 3915 κοινωνοόσῃ

2270 3920 2339 3990 τῇ
2395 3918 2574 3995 σαρκῖ,
2604 3922 3024 4000 συμπεπλέχθαι
3057 3926 3218 4002 αὐτῇ.
3252 3932 3327 3986 Τὸ
3379 3931 3460 3998 δὲ,
3516 3931 3719 4004 Μηδενὶ
3763 3929 3892 4001 εἴπη-

2271 4025 2349 4074 τε,
2376 4003 2468 4098 *ἕνα
2497 4011 2619 4098 Δμή,
2678 4009 2708 4064 6'
2737 4009 2876 4066 ἐστιν
2910 4015 2937 4068 6
2966 4014 3170 4089 Κύριος
3212 4023 3536 4091 νοήσαντες,
3585 4023 3894 4098 ἀπόσχωνται

2271 4099 2368 4186 τοῦ
2395 4091 2713 4186 ἐπιϐάλλειν
2759 4101 2837 4172 τῷ
2887 4103 3076 4177 Κυρίῳ
3121 4106 3218 4172 τὰς
3248 4115 3474 4186 χεῖρας,
3519 4111 3611 4167 καὶ
3647 4091 3828 4179 ἀτέλής
3866 4109 3898 4176 ἦ

2273 4183 2570 4276 οἷ’κονομῖαλ
2620 4188 2839 4261 γένηται
2879 4235 2894 4258 ,
2948 4192 3039 4246 καὶ
3093 4196 3121 4248 6
3181 4183 3416 4263 θάνατος
3475 4201 3776 4276 ἀπόσχηται
3817 4202 3898 4251 τοῦ

2273 4273 2618 4364 Κυρίῗουηὼς
2675 4279 2850 4364 μάτην
2901 4279 3170 4355 πειράζων
3220 4285 3311 4341 ἐπὶ
3364 4273 3657 4364 ἀνηνύτῳξν
3691 4288 3788 4346 Καὶ
3835 4283 3900 4342 ἔτι

519 4371 610 4422 est
639 4365 791 4437 quod
827 4361 1102 4434 perﬁcere
1124 4378 1238 4416 non
1256 4362 1464 4433 potuit.
1499 4360 1797 4430 Praeterea,
1828 4377 1936 4416 vox
1964 4361 2065 4417 illa
2104 4362 2164 4417 in

2277 4364 2308 4432 ἡ
2363 4363 2455 4435 μὲν
2505 4361 2556 4416 ἐν
2591 4367 2673 4436 τῷ
2703 4361 2819 4439 ὄρει
2849 4370 3001 4444 φωνή
3045 4377 3161 4434 τοῖς
3193 4371 3309 4446 ⁴ἤδη
3347 4360 3606 4434 συνιεῖσιν
3655 4378 3901 4437 ἐκλεκτοῖς

515 4458 710 4510 monte
740 4452 966 4525 prolata
994 4449 1194 4505 electis
1224 4449 1324 4521 qui
1361 4449 1686 4521 intelligere
1717 4456 1960 4521 possent
2015 4453 2165 4506 facta

2277 4450 2506 4541 ἐγένετο*
2554 4449 2637 4507 διὸ
2684 4455 2775 4541 καὶ
2826 4454 3132 4531 ἐθαύμασαν
3188 4467 3650 4541 μαρτυρουμένου
3679 4470 3766 4522 τοῦ
3791 4485 3900 4520 πισο

514 4547 638 4610 est;
670 4543 914 4611 ideoque
946 4538 1140 4594 mirati
1173 4543 1336 4604 sunt,
1393 4538 1727 4594 testimonio
1765 4537 1854 4592 illi
1895 4538 2036 4607 lato,
2069 4539 2163 4595 cui

2277 4539 2586 4630 τευομένουο
2619 4543 2654 4610 ἡ
2683 4539 2739 4596 δὲ
2771 4543 2859 4599 ἐπὶ
2888 4549 2967 4618 τῷ
2993 4555 3228 4624 ποταμῷ
3256 4537 3388 4618 τοῖς
3420 4537 3687 4630 μέλλουσι
3716 4554 3904 4612 πιστεό·

512 4635 570 4685 et
607 4631 716 4702 ipsi
751 4627 1119 4684 crediderant
1151 4643 1165 4681 :
1197 4642 1307 4681 vox
1337 4631 1536 4681 autem
1582 4625 1684 4681 illa
1713 4625 1770 4680 in
1816 4626 1992 4682 ﬂuvio
2021 4627 2161 4683 Jor-

2277 4645 2373 4722 εινο
2404 4625 2487 4722 διὸ
2517 4629 2604 4722 καὶ
2638 4631 2899 4722 ἠμελήθη
2930 4636 2964 4704 ἠ
2993 4639 3146 4707 φωνὴ
3180 4639 3376 4706 αὐτοῖς
3421 4625 3902 4722 προκατεχομένοις

513 4717 663 4772 dane
711 4715 936 4787 prolata
965 4719 1054 4770 est
1085 4713 1202 4769 illis
1230 4714 1330 4786 qui
1366 4714 1425 4768 in
1458 4730 1593 4769 eum
1645 4714 1921 4770 credituri
1953 4721 2158 4785 erant;

2277 4713 2357 4769 ἐπὶ
2386 4719 2455 4788 τῇ
2483 4720 2591 4772 τῶν
2623 4718 3110 4792 νομοδιδοσκάλων
3143 4726 3368 4804 ἀγωγῇ.

510 4808 867 4877 quaprOpter
888 4807 944 4859 et
973 4803 1045 4859 ab
1078 4802 1300 4859 eisdem
1334 4802 1443 4858 fuit
1472 4802 1737 4875 neglecta
1779 4819 1904 4870 vox,
1931 4802 2032 4874 qui
2061 4802 2535 4860 institutionibus
2563 4804 3034 4882 legisperitorum
3084 4802 3381 4888 implicati
3424 4819 3851 4878 detinebantur.

582 5000 874 5093 ἧς’Ρῂρῶ
897 4997 1363 5093 ΕῡᾸηΡίξΤἸΣΕΒ.
1397 5001 1484 5093 (gl
1529 4999 1735 5093 htgtth.
1767 5016 1822 5069 ν,
1883 5000 2088 5093 1ξήωὶ
2128 4999 2165 5093 \J

2277 5003 2710 5093 {iLxx,___22I.‘(c)
2759 5006 2968 5066 Matth.
3027 5029 3172 5084 xvu,
3235 5016 3364 5072 1-8.
3430 5018 3569 5093 (d)I
3626 5023 3747 5078 Pet.
3779 5034 3837 5088 ιι,
3859 5016 3909 5083 9,

511 5073 580 5145 (θ)
612 5073 818 5129 Matth.
848 5089 962 5139 xvx,
985 5072 1056 5127 27
1086 5089 1102 5143 ;
1135 5073 1273 5126 Luc.
1306 5089 1383 5141 ιι,
1413 5072 1504 5125 27.
1560 5071 1630 5142 (ﬂ
1661 5071 1830 5127 Joau.
1862 5088 1905 5140 ι,
1935 5071 2023 5127 33.
2069 5072 2144 5143 (g)

2277 5073 2380 5128 tth.
2411 5090 2548 5144 xvu,
2580 5075 2634 5129 9.

576 5267 827 5340 (55)ίΔιὰ
867 5263 1085 5340 πολλὴν
1128 5283 1256 5340 ταπ.
1302 5267 1431 5325 Alte
1463 5267 1607 5326 satis
1637 5275 1695 5326 et
1736 5266 2050 5328 orthodoxe
2076 5269 2146 5330 de

2277 5270 2433 5330 tione.
2457 5274 2715 5332 Consus.

500 5339 1195 5433 9H???‘l.’£"ff‘i’i_i%.‘il’f
1227 5341 1865 5433 ulmeaegeiiiseé
1895 5361 2010 5433 εφη
2040 5361 2142 5400 αη-
2299 5346 2434 5433 .(⁵δ)
2466 5345 2600 5433 Ὠτξκ
2627 5367 2678 5400 τ·
2710 5350 2987 5433 sementi
3033 5352 3254 5433 dis-tum
3307 5363 3428 5433 est.
3484 5375 3621 5433 pag-
3667 5361 3742 5433 2;
3787 5359 3908 5433 ῖαςα

497 5410 1377 5509 siveegressusiam.
1393 5417 1654 5509 διένιψα
1674 5412 1866 5509 vitae
1895 5413 1958 5509 in
1982 5432 2142 5499 οιτθει·

2401 5410 3040 5509 τυγχάνειῇάνθρώποισι
3091 5410 3253 5509 ἐόντα
3306 5410 3910 5509 ᾇπῖστξτξαῗόφθαλ·

494 5481 627 5570 iura
655 5481 1240 5570 intelligeutqguidem
1278 5482 1413 5570 ipse
1446 5483 1556 5570 qui‘
1577 5483 1637 5570 in
1669 5483 1831 5570 qualis
1862 5490 1919 5540 et
1947 5487 2048 5570 qui
2079 5488 2139 5544 in
2251 5481 2389 5570 ρᾤ,
2424 5481 2646 5570 qdpd‘a
2667 5481 2910 5550 Philbue
2931 5511 3166 5570 quoque
3195 5481 3444 5560 duobus
3467 5481 3909 5562 'iH'ioBia't'sEi.

489 5557 665 5638 terra,
699 5570 802 5638 nec
832 5553 880 5638 εἱ.
896 5570 958 5609 se
988 5553 1234 5638 divisus,
1272 5554 1739 5636 nempeOdeitate
1770 5572 1887 5638 qua
1917 5553 2137 5638 ubique
2245 5553 2548 5630 paturIH.
2578 5559 2868 5622 Sanane.

493 5627 606 5696 est,
629 5640 745 5682 non
762 5625 847 5682 ita
866 5623 1277 5697 humanitatis,
1301 5623 1433 5699 qud
1460 5623 1910 5700 circumscripta
1927 5623 2134 5700 estia-
