4006 6200
235 369 327 424 657

917 361 1159 416 DUBIA.
1185 388 1256 400 —
1283 361 1671 417 EXCERPTA
1706 361 1811 416 EX
1850 363 2176 418 SCRIPTIB
2210 363 2592 433 THEODOTI,
2633 366 2788 419 BTC.

3447 369 3553 425 658

287 494 329 559 ξ.
353 491 424 557 Τὸ,
474 487 553 541 Ἐν
603 485 747 558 ἀρχῇ
803 484 870 552 ἦν
932 485 960 538 6
1020 483 1214 559 Λόγος,
1252 485 1343 539 καὶ
1403 487 1431 540 6
1482 484 1660 560 Λόγος
1715 485 1751 554 ἦ

1974 487 2070 542 VI.
2107 488 2256 543 Illud
2288 505 2301 542 :
2352 492 2418 545 In
2445 489 2731 562 principio
2775 495 2896 547 erat
2951 491 3196 557 Verbum,
3219 500 3270 547 et
3322 493 3547 551 Verbum

221 579 323 654 πρός
378 576 452 632 τόν
515 575 664 643 Θεὸν,
720 573 809 628 καὶ
886 574 1014 635 Θεὸς
1085 573 1150 642 ἦν
1211 575 1239 629 6
1298 574 1500 649 Λόγος,
1561 576 1612 628 οἱ
1681 574 1755 628 ἀπ

1894 582 2016 633 erat
2042 577 2188 649 apud
2222 579 2410 642 Deum,
2443 588 2495 634 et
2525 580 2660 636 Deus
2689 589 2811 635 erat
2859 581 3085 635 Verbum
3115 583 3224 650 (ιι),
3251 580 3546 638 Valentini

212 663 506 724 Οὐαλεντίνοο
551 661 720 723 οὕτως
768 658 1106 736 ἐκδέχονται.
1139 663 1347 738 Ἀρχὴν
1399 663 1491 735 μὶν
1541 663 1641 738 γὰρ
1692 664 1783 718 τὸν

1895 683 2178 738 sequaces
2227 668 2312 722 sic
2360 667 2837 738 interpretantur.
2890 669 3247 740 Principium
3303 669 3541 742 quidem

206 756 424 828 Μονογενῆ
450 751 711 827 λέγουσιν,
742 751 800 805 ’ὸν
860 751 952 804 καὶ
1010 749 1139 806 Θεὸν
1171 753 1686 826 προσαγορεύεσθαι,
1711 752 1755 805 ὡ

1895 755 2270 826 Unigenitum
2316 756 2540 821 dicunt,
2581 773 2751 827 quem
2787 757 2964 812 etiam
2996 763 3179 813 Deum
3226 759 3539 826 nominari,

201 846 265 899 καὶ
297 843 340 898 ἓν
384 846 494 903 τοῖς
539 841 659 911 ἑξῆς
702 836 950 915 ἄντικρυς
983 841 1110 895 Θεὸν
1144 840 1305 895 αὐτὸν
1338 838 1506 910 δηλοῖ
1554 839 1732 914 λέγων
1764 859 1778 874 ⁸

200 935 242 991 '0
286 931 550 1006 μονογενής
608 929 733 991 Θεὸς
766 931 904 1003 (57),
939 930 967 984 6
1017 927 1088 983 ὢν
1145 929 1222 991 εἷς
1278 929 1369 983 τὸν
1432 928 1639 984 κόλπον
1685 931 1780 983 τοῦ

200 1024 376 1093 Πατρός,
405 1019 597 1080 ἐκεῖνος
657 1018 1006 1092 ἐξηγήσατο⁸
1054 1020 1146 1072 τὸν
1207 1016 1273 1086 δὴ
1333 1017 1510 1092 Λόγον
1567 1019 1660 1073 τὸν
1722 1015 1777 1073 ἐν

194 1114 242 1183 τῇ
265 1111 384 1184 ἀρχῇ
410 1111 614 1174 τοῦτον,
644 1108 736 1160 τὸν
768 1105 821 1160 ἐν
852 1112 934 1178 τῷ
970 1109 1286 1181 Μονογενεῖ,
1319 1105 1372 1161 ἐν
1428 1111 1510 1179 τῷ
1557 1111 1636 1177 νῷ
1686 1107 1777 1160 καὶ

193 1198 475 1271 τῇἆληθεὶᾳ.
510 1196 844 1268 μηνύει
892 1197 985 1250 τὸν
1039 1196 1270 1268 Χριστὸν
1324 1196 1415 1250 τὸν
1460 1195 1633 1270 Λόγον
1686 1216 1754 1250 κα

190 1289 260 1356 τήν
309 1289 452 1355 ζωήν.
483 1286 640 1348 Ὅθεν
703 1280 928 1348 εἰκότως
956 1285 1045 1339 καὶ
1077 1285 1234 1340 αὐτὸν
1295 1287 1423 1340 Θεὸν
1479 1283 1627 1358 λέγει
1680 1285 1771 1339 τὸν

189 1377 224 1431 ἐν
245 1381 306 1445 τῷ
329 1380 430 1445 Θεῷ
455 1378 532 1445 τῷ
550 1378 628 1444 νῷ
657 1370 806 1430 ὄντα.
834 1375 902 1431 ’Ὁ
932 1369 1151 1449 γέγονεν
1203 1374 1254 1428 ἐν
1290 1375 1443 1446 αὐτῷ
1471 1378 1551 1444 τῷ
1586 1373 1772 1448 Λόγῳ,

189 1466 292 1534 {acip
317 1467 374 1533 ἦν
402 1467 435 1532 ἡ
460 1464 693 1536 σῦζυγος
726 1482 739 1495 ⁸
777 1461 865 1518 διὸ
921 1463 1010 1519 καὶ
1058 1465 1218 1540 φησὶν
1281 1465 1308 1518 6
1341 1464 1544 1539 Κύριος
1577 1483 1589 1496 ⁸
1626 1465 1770 1539 Ἐγώ

185 1555 270 1626 εἶμι
293 1556 322 1623 ἡ

236 1645 288 1699 Ζ’.
319 1644 606 1717 Ἀγνωστος
656 1639 752 1696 οὖν
803 1643 832 1696 6
880 1643 1065 1716 Πατήρ
1106 1637 1203 1710 ὢν,
1237 1639 1476 1711 ἠθέλησε
1519 1640 1770 1716 γνωσθῆ-

186 1755 244 1786 νιι
266 1738 358 1793 τοῖς
384 1732 546 1788 Αἱῶσι
571 1750 586 1764 ⁸
621 1731 722 1806 καὶ.
743 1727 834 1785 διὰ
859 1738 960 1800 τῆς
994 1732 1374 1804 Ἐνθυμήσεως
1405 1736 1505 1799 τῆς
1531 1731 1762 1799 ⁸ἑαυτοῦ,

1889 845 2060 900 sicuti
2095 846 2152 900 in
2188 844 2258 901 iis
2284 861 2409 914 qua:
2439 851 2766 914 sequuntur
2792 851 2976 900 Deum
3004 862 3138 900 eum
3160 862 3289 902 esse
3315 846 3540 918 liquido

1889 935 2146 989 ostendit
2190 934 2449 990 Joannes
2475 935 2714 990 dicens:
2767 934 3094 1006 Uuigenitus
3125 936 3284 1000 Deus,
3334 937 3540 1006 quiest

1887 1021 2089 1077 insinu
2109 1023 2432 1093 Patris,ipse
2453 1026 2738 1079 enarravit
2761 1023 2858 1094 (b).
2880 1023 3134 1079 Verbum
3159 1024 3383 1079 scilicet
3405 1025 3534 1096 hoc,

1888 1114 2040 1182 quod
2087 1118 2212 1166 erat
2260 1113 2317 1168 in
2353 1112 2658 1182 principio,
2710 1113 2852 1167 illud
2909 1113 3062 1182 quod
3111 1112 3168 1166 in
3207 1111 3532 1185 Unigenito,

1885 1201 2040 1270 quod
2073 1200 2130 1254 in
2167 1206 2379 1265 mente,
2412 1207 2470 1255 et
2515 1203 2669 1272 quod
2705 1202 2764 1255 in
2796 1201 3038 1256 veritate
3071 1201 3200 1266 fuit,
3231 1201 3532 1259 Christum

1887 1289 2133 1343 Verbum
2169 1293 2224 1342 et
2267 1290 2444 1344 vitam
2478 1289 2717 1345 indicat.
2763 1288 2926 1345 Unde
2980 1290 3185 1346 merito
3233 1294 3289 1345 et
3335 1290 3528 1362 ipsum

1883 1377 2147 1432 nominat
2160 1377 2342 1432 Deum
2359 1377 2459 1447 qui
2478 1377 2532 1432 in
2549 1383 2664 1432 Deo
2681 1383 2874 1433 mente
2909 1377 3156 1434 exsistit.
3173 1378 3323 1446 Quod
3341 1379 3397 1433 in
3414 1379 3530 1450 ipso

1883 1465 2047 1520 Verbo
2071 1471 2281 1534 [actum
2312 1475 2410 1530 est,
2456 1466 2570 1521 vita
2598 1467 2814 1537 erat(c)
2851 1468 3063 1537 conjux
3096 1484 3109 1534 ;
3142 1470 3525 1538 quamobrem

1877 1559 1935 1610 et
1962 1556 2242 1610 Dominus
2266 1554 2498 1625 inquit:
2535 1558 2651 1623 Ego
2682 1572 2803 1610 sum
2832 1557 2945 1611 vita
2978 1556 3076 1627 (ἀ).
3271 1605 3278 1608 .

1948 1643 2100 1699 849
2135 1642 2253 1698 VII.
2293 1647 2498 1698 Parum
2531 1643 2728 1715 itaque
2759 1645 3028 1714 cognitus
3068 1648 3256 1714 Pater,
3288 1645 3360 1700 ab
3393 1647 3520 1702 Eo-

1875 1733 2050 1787 nibus
2082 1731 2355 1804 cognosci
2398 1734 2598 1808 voluit,
2635 1738 2691 1788 et
2723 1750 2824 1804 per
2872 1733 2961 1788 sui
2996 1733 3184 1803 ipsius
3214 1734 3519 1804 Enthymev

187 1822 234 1882 ὡς
271 1820 315 1874 iv
357 1821 529 1875 ἑαυτὸν
587 1820 872 1895 ἐγνωκὼς,
905 1823 1116 1892 πνεῦμα
1161 1818 1434 1894 γνώσεως,
1483 1816 1650 1888 οὔσης
1708 1817 1755 1873 ἐν

245 1912 250 1922 .
474 1905 527 1922 ..
569 1909 587 1922 ς
725 1911 737 1922 .
823 1911 874 1922 --
1079 1915 1106 1922 _
1478 1905 1502 1922 ν
1665 1909 1677 1922 .
1739 1909 1752 1922 .

1871 1822 1982 1885 sin,
2017 1827 2216 1891 utpote
2249 1822 2346 1891 qui
2379 1822 2689 1890 se;optime
2722 1822 2964 1892 noverit,
2989 1821 3232 1894 spiritus
3262 1822 3518 1879 scientiis

184 1905 633 1985 γνώσει,προέ6αλε
683 1911 778 1964 τὸν
822 1911 1131 1983 Μονογενῆ.
1170 1909 1391 1983 Γέγονεν
1445 1905 1535 1962 οὖν
1590 1909 1680 1963 καὶ
1731 1909 1755 1963 6

1871 1927 1996 1982 quae
2028 1911 2256 1966 exsistit
2285 1910 2344 1964 in
2377 1910 2621 1965 scientia
2656 1912 2929 1982 produxit
2962 1910 3362 1979 Unigenitum.
3386 1911 3519 1968 Fuit

182 2001 252 2053 ἀπὸ
308 2001 557 2072 γνώσεως,
608 1998 858 2054 τουτέστι
913 2005 1012 2066 τῆς
1066 2003 1335 2072 πατρικῆς
1381 1999 1760 2070 Ἐνθυμήσεως

181 2087 398 2159 προελθὼν
443 2093 674 2161 γνῶσις,
723 2085 998 2142 τουτέστιν
1032 2088 1060 2140 6'
1090 2086 1214 2147 Υἰός
1247 2086 1368 2140 '6'1'.
1429 2083 1499 2140 δι’
1552 2087 1679 2140 Υἱοῦ
1729 2087 1757 2140 ὁ

179 2180 311 2249 Πατὴρ
635 2177 720 2234 Τὸ
771 2173 828 2230 δὲ
883 2183 986 2245 τῆς
1038 2175 1251 2250 ἀγάπης
1300 2172 1516 2246 πνεῦμα
1561 2175 1757 2249 κέκρα-

178 2286 237 2318 11:
279 2269 341 2337 τῷ
378 2272 467 2335 τῆς
513 2266 804 2340 γνώσεως,
857 2265 931 2326 ὡς
979 2265 1162 2338 Πατὴρ
1212 2264 1340 2336 Γῖᾣ,
1370 2263 1456 2317 καὶ
1488 2263 1756 2336 Ἐνθῦμη-

179 2355 440 2426 τιςᾶληθεὶᾳ
470 2386 487 2399 -
517 2354 611 2408 ἀπ’
645 2353 911 2423 ἀληθείας
942 2351 1250 2428 προελθὼν,
1280 2353 1353 2413 ὡς
1409 2351 1516 2406 ἀπὸ
1566 2354 1756 2415 Ἐνθυ-

180 2445 336 2512 aifatu);
361 2446 390 2513 ἡ
417 2449 637 2519 γνῶσις.
675 2443 776 2498 Καὶ
811 2444 839 2497 6
874 2444 970 2516 μὶν
1031 2441 1216 2515 μείνας
1281 2442 1580 2516 μονογενής
1635 2443 1756 2504 Υἱὸς

178 2532 227 2590 ἐς
255 2534 323 2586 τὸν
363 2533 559 2587 κόλπον
609 2536 716 2586 τοῦ
749 2532 980 2606 Βατρὸς,
1011 2532 1108 2598 τήν
1135 2529 1464 2602 Ἐνθύμησιν
1517 2528 1605 2584 διὰ
1653 2537 1755 2600 τῆς

175 2621 362 2692 γνώσεως
389 2621 652 2696 ἐξηγεῖται
714 2626 832 2681 τοῖς
889 2619 1115 2690 Αὶῶσιν,
1145 2620 1220 2680 ὡς
1276 2617 1337 2672 ἃν
1387 2620 1476 2673 καὶ
1525 2619 1628 2673 ὑπὸ
1658 2623 1754 2673 106

174 2709 327 2764 ιὸλπου
366 2710 519 2765 αὐτοῦ
563 2704 935 2784 προῦληθείς.
966 2710 1024 2763 '0
1072 2706 1130 2763 δὲ
1179 2706 1406 2762 ἰνταῦθα
1447 2708 1630 2784 ὀφθεὶς
1656 2706 1755 2763 οὐκ

177 2793 223 2851 ἔτι
249 2801 524 2875 μονογενὴς,
558 2798 700 2855 ἀλλ’
729 2799 805 2860 ὡς
841 2800 1142 2872 μονογενὴς
1190 2797 1328 2872 πρὸς
1372 2801 1470 2850 τοῦ
1521 2796 1752 2851 ἀποστό-

176 2885 243 2940 lca
281 2890 742 2964 προσαγορεύεται,
781 2885 936 2957 δόξαν
992 2887 1066 2948 ὡς
1123 2889 1461 2961 Μονογενοῦς
1497 2903 1510 2916 ⁸
1545 2887 1649 2951 δτι,
1675 2887 1753 2947 εἷς

174 2976 234 3026 ui
268 2977 291 3029 ὁ
325 2976 464 3038 αὐτὸς
513 2976 614 3047 ὢν,
651 2976 710 3030 ἐν
747 2977 842 3048 μὲν
869 2978 937 3048 τῇ
967 2977 1154 3045 κτήσει
1209 2974 1562 3048 πρωτότοκός
1610 2974 1750 3029 ἐστιν

175 3063 344 3132 Ἰησοῦς,
395 3066 442 3120 ἐν
497 3063 553 3120 δὲ
613 3064 965 3141 Πληρώματι
1022 3067 1134 3138 (59)
1197 3065 1520 3136 μονογενής.
1574 3064 1636 3121 Ὀ
1694 3060 1753 3118 δὲ

177 3151 284 3214 1316:
321 3154 437 3226 ἐστι,
490 3160 750 3215 τοιοῦτος
807 3153 879 3207 ὣν
931 3152 1140 3226 ἱκάστῳ
1185 3152 1360 3225 τόπῳ,
1416 3155 1532 3215 οἷος
1577 3173 1752 3228 κεχω-

1866 2017 2002 2071 ergo
2033 2017 2066 2055 a
2114 2000 2381 2065 scientia,
2437 2001 2540 2054 hoc
2571 2005 2681 2065 est,
2733 2001 2981 2055 scientia
3011 2001 3254 2056 veniens
3295 2002 3368 2057 ab
3402 2003 3512 2056 En-

1866 2089 2103 2159 thymesi
2134 2089 2340 2149 Patris.
2375 2089 2484 2143 hoc
2533 2089 2812 2144 nimirum
2849 2095 2938 2144 est
2969 2089 3172 2152 Filius,
3206 2091 3361 2160 quod
3417 2107 3518 2161 per

1867 2179 2076 2232 Filium
2104 2179 2268 2232 Pater
2320 2177 2489 2232 nobis
2521 2177 2596 2232 sit
2624 2178 2916 2248 cognitus,
2968 2178 3225 2249 Spiritus
3255 2195 3390 2234 vero
3418 2180 3516 2236 ille

1865 2265 2168 2321 charitatis
2198 2264 2282 2319 illi
2316 2265 2572 2320 scientias
2605 2265 2835 2335 spiritui
2881 2265 3092 2321 mistus
3124 2271 3214 2322 est
3252 2268 3322 2322 ad
3355 2284 3516 2323 eum-

1865 2356 1996 2409 dem
2035 2355 2270 2409 modum
2286 2371 2400 2425 quo
2417 2353 2584 2408 Pater
2602 2354 2745 2423 ﬁlio,
2767 2359 2823 2409 et
2855 2355 3205 2425 Enthymesis
3243 2357 3468 2412 veritati
3497 2375 3509 2414 :

1865 2460 1978 2498 non
2013 2442 2182 2498 aliter
2209 2459 2277 2498 uc
2307 2442 2556 2498 scientia
2585 2444 2656 2498 ab
2675 2444 3008 2509 Enthemesi,
3043 2460 3076 2498 a
3106 2443 3351 2499 veritate
3384 2463 3511 2516 pro-

1864 2533 2124 2588 veniens.
2161 2533 2229 2586 Et
2286 2531 2384 2586 ille
2409 2532 2648 2603 quidem
2679 2532 2780 2603 qui
2833 2531 2890 2586 in
2923 2532 3054 2587 sinu
3107 2533 3295 2588 Patris
3327 2533 3509 2590 Filius

1864 2622 2206 2693 unigenitas
2257 2621 2562 2685 manserit,
2613 2621 2961 2677 Enthemesin
3023 2621 3169 2676 hanc
3222 2622 3506 2678 Eouibus

1863 2724 1967 2780 per
1996 2709 2304 2763 scientiam
2335 2709 2627 2778 patefacit,
2660 2713 2725 2763 ut
2754 2708 2852 2779 qui
2887 2725 2917 2763 e
2947 2709 3083 2764 sinu
3115 2710 3245 2779 ejus
3282 2725 3508 2779 proces-

1863 2799 2026 2852 serit.
2047 2799 2193 2863 Quid
2211 2814 2340 2854 vero
2364 2798 2455 2852 bis
2476 2798 2634 2854 visus
2669 2804 2759 2854 est
2789 2799 2849 2853 in
2874 2799 3067 2862 terris,
3102 2816 3214 2854 non
3247 2799 3503 2871 amplius

1862 2887 2223 2958 unigenitus,
2257 2888 2358 2942 sed
2392 2887 2560 2958 quasi
2596 2887 2935 2958 unigenitus
2966 2888 3038 2942 ab
3071 2887 3338 2958 apostolo
3371 2904 3507 2944 con-

1861 2975 2174 3040 sideratur,
2197 2976 2434 3046 gloriam
2459 2975 2620 3047 quasi
2649 2975 2942 3046 Um'genili
2968 2975 3041 3046 (e)
3067 2993 3086 3036 ,⁸
3115 2975 3336 3048 νιηιυοά
3371 2993 3506 3032 cum

1862 3080 2016 3119 unus
2039 3063 2313 3135 idemque
2336 3063 2431 3131 sit,
2457 3063 2770 3135 separatim
2800 3063 2858 3118 in
2891 3069 3164 3120 creatura
3182 3064 3355 3120 Jesus
3377 3065 3505 3136 qui-

1861 3153 1993 3208 dem
2006 3152 2428 3222 primogenitus,
2445 3152 2502 3206 in
2520 3151 2890 3208 Plenitudine
2907 3168 3038 3208 vero
3062 3152 3383 3223 unigenitus
3416 3155 3504 3224 (/').

176 3248 312 3311 picea:
355 3242 586 3315 δύναται,
618 3243 719 3298 καὶ
774 3241 1034 3298 οὐδέποτε
1075 3245 1172 3297 106
1226 3241 1503 3314 μείναντος
1533 3243 1560 3296 6
1591 3263 1754 3296 κατα-

1871 3239 1960 3296 [lle
2013 3247 2209 3296 autem
2241 3241 2393 3296 idem
2445 3246 2554 3307 est,
2591 3257 2798 3313 nempe
2828 3240 2963 3297 talis
2998 3241 3316 3313 unicuique
3359 3241 3505 3309 loco,

173 3324 240 3391 εἰς
285 3333 524 3404 uec-{Carm
559 3354 573 3367 ⁸
638 3333 778 3412 φησὶ
834 3333 931 3406 γὰρ
991 3333 1018 3385 6
1075 3330 1416 3393 Ἀπόστολος
1452 3349 1465 3364 ⁸
1524 3332 1585 3389 Ὁ
1645 3333 1744 3405 γὰρ

173 3415 333 3491 ἐνιεὶς,
374 3423 521 3484 αὐτός
578 3422 703 3477 ἐστι
761 3421 849 3476 καὶ
906 3422 934 3476 6
995 3415 1251 3482 καταϐάς.
1307 3419 1504 3477 Εἷκόνα
1543 3417 1601 3475 δὲ
1650 3423 1748 3475 106

175 3508 444 3582 Ἀονογενοῦς
487 3513 582 3566 τὸν
638 3511 986 3586 Δημιουργὸν
1038 3509 1256 3586 λέγουσι
1288 3529 1301 3542 ⁸
1337 3507 1422 3564 διὸ
1469 3511 1556 3564 καὶ
1615 3509 1750 3565 αὐτά

173 3603 240 3663 τῆς
283 3599 459 3661 εἰκόνος
506 3602 573 3656 τὰ
601 3597 760 3677 ἔργα.
793 3602 954 3663 Ὅθεν
996 3600 1085 3654 καὶ
1127 3599 1154 3654 ό
1182 3599 1382 3675 Κύριος
1415 3599 1594 3654 εἰκόνα
1649 3605 1749 3669 τῆς

174 3697 464 3758 πνευματικῆς
512 3691 857 3750 ἀναστάσεως
919 3690 1153 3760 ποιήσας
1198 3687 1325 3750 τοὺς
1381 3688 1600 3762 νεκροὺς
1656 3687 1747 3750 οὓς

176 3773 474 3848 {pagana
527 3779 840 3858 ἀφθάρτους
888 3779 988 3847 τήν
1042 3779 1234 3852 σάρκα,
1288 3776 1414 3832 ἀλλ’
1472 3777 1545 3839 ὡς
1597 3776 1748 3842 αὖθις

179 3859 569 3938 ξτοδανοομένους
599 3865 827 3941 ἤγειρεν
840 3907 852 3920 .

221 4131 460 4205 ΗἏἩμεᾱ
489 4131 545 4190 δὲ
575 4135 674 4189 τὸν
707 4132 760 4188 ἒν
799 4131 1087 4202 ταύτότητι
1138 4133 1312 4208 Λόγον
1352 4132 1484 4188 Θεὸν
1532 4131 1584 4188 ἐν
1632 4137 1748 4206 Θεῷ

174 4223 372 4291 vani);
395 4225 479 4276 καὶ
508 4224 586 4285 εἴς
619 4223 713 4277 τὸν
743 4221 951 4278 κόλπον
974 4225 1071 4277 106
1105 4222 1312 4294 Πατρὸς
1343 4222 1474 4276 εἶναι
1506 4221 1747 4297 λέγεται,

177 4303 433 4382 ξδιάπατος,
490 4314 812 4386 ἀμέριστος,
873 4314 949 4374 εἷς
1013 4310 1161 4374 Θεός.
1229 4312 1406 4366 Πάντα
1464 4309 1534 4366 δι’
1585 4312 1750 4368 αὐτοῦ

176 4393 340 4466 hunc,
385 4402 515 4455 κατᾶ
567 4405 674 4471 τήν
732 4407 982 4475 προσεχῆ
1046 4399 1310 4474 ἐνέργειαν
1339 4405 1436 4454 106
1467 4399 1518 4455 ἐν
1562 4400 1750 4456 ταύτό·

177 4502 258 4552 17,?!
282 4488 448 4563 Λόγον,
475 4490 540 4546 τά
568 4511 629 4545 τε
661 4490 1003 4562 πνευματικὰ
1029 4490 1116 4544 καὶ
1150 4490 1319 4559 νοητᾶ
1350 4490 1438 4544 καὶ
1496 4489 1743 4561 αἰσθητά.

1859 3328 2133 3400 qualisab
2151 3330 2352 3384 eodem
2372 3330 2746 3402 capitpossit,
2779 3335 2833 3386 et
2850 3346 3152 3402 nunquam
3177 3347 3210 3385 a
3236 3335 3508 3387 manente

1857 3419 1954 3475 ille
1977 3419 2077 3490 qui
2100 3419 2421 3484 descendit,
2447 3419 2728 3474 dividitur
2755 3436 2769 3487 ;
2794 3419 2935 3474 dicit
2956 3418 3112 3474 enim
3144 3419 3500 3491 Apostolus:

1858 3508 1964 3577 Qui
1996 3509 2142 3563 enim
2171 3509 2434 3574 ascendit,
2458 3507 2598 3563 idem
2625 3511 2708 3563 est
2740 3509 2841 3580 qui
2863 3508 3141 3563 descendit
3172 3508 3271 3580 (g).
3295 3508 3502 3580 Imagi-

1859 3604 2196 3652 nemautcm
2213 3596 2506 3668 Unigeniti
2523 3597 2905 3668 Demiurgum
2933 3597 3242 3652 nominant
3267 3613 3279 3651 :
3309 3597 3503 3668 proin-

1858 3687 1929 3743 de
1960 3687 2164 3742 eadem
2197 3693 2337 3740 sunt
2382 3685 2659 3758 imaginis
2707 3702 2899 3757 opera.
2947 3685 3093 3742 Hinc
3123 3691 3180 3742 et
3219 3686 3506 3744 Dominus

1858 3775 2303 3832 resurrectionis
2334 3775 2616 3847 spiritalis
2647 3775 2963 3846 imaginem
2995 3775 3312 3832 conficiens
3343 3792 3506 3832 mor-

1854 3867 1990 3919 tuos
2022 3879 2167 3936 quos
2199 3862 2524 3929 suscitavit,
2574 3880 2686 3918 non
2720 3879 2894 3918 carne
2924 3881 2958 3918 a
2986 3863 3362 3935 corruptione
3395 3863 3506 3921 im-

1855 3953 2014 4008 muni
2047 3951 2478 4020 suscitavit,sed
2511 3951 2682 4024 quasi
2713 3952 2815 4024 qui
2845 3952 3059 4008 iterum
3079 3957 3328 4009 mortem
3357 3953 3502 4009 sub-

1856 4039 2032 4097 irent.

1930 4141 2081 4195 VIII.
2115 4139 2232 4194 Nos
2263 4143 2459 4194 autem
2490 4139 2676 4194 Deum
2719 4138 2974 4195 Verbum
3009 4155 3112 4211 per
3137 4139 3506 4198 identitatem

1858 4229 1918 4285 in
1945 4235 2062 4285 Deo
2093 4244 2221 4284 esse
2268 4228 2614 4294 asserimus,
2663 4228 2762 4299 qui
2794 4233 2854 4283 et
2885 4229 2941 4283 in
2976 4229 3110 4284 sinu
3152 4229 3344 4284 Patris
3376 4246 3507 4285 esse

1859 4319 2097 4384 dicitur,
2129 4316 2230 4388 qui
2253 4333 2357 4372 nec
2389 4318 2652 4388 separari
2678 4316 2764 4372 vel
2799 4317 2979 4373 dividi
3004 4317 3209 4388 possit,
3230 4317 3329 4373 sed
3356 4333 3506 4373 unus

1859 4413 1950 4464 est
1978 4408 2149 4463 Deus.
2187 4406 2383 4462 Omnia
2402 4422 2500 4477 per
2526 4405 2705 4476 ipsum
2734 4409 2880 4475 [acta
2901 4417 3030 4462 sunt
3061 4407 3164 4476 (Ιι),
3196 4423 3299 4478 per
3330 4407 3509 4462 virtu-

1861 4502 1979 4552 tem
2012 4495 2416 4550 immediatam
2437 4493 2628 4558 Verbi,
2647 4494 2800 4563 quod
2820 4495 2874 4548 in
2907 4493 3214 4550 identitate
3235 4500 3345 4561 est,
3371 4511 3506 4551 cum

180 4573 298 4636 Οὗτος
320 4580 397 4632 τὸν
425 4580 636 4635 κόλπον
666 4583 764 4634 106
811 4579 1022 4651 Πατρὸς
1081 4578 1382 4652 ἐξηγήσατο
1439 4579 1467 4633 ὁ
1527 4582 1744 4656 Σωτήρ.

1871 4583 2177 4655 spiritalia,
2238 4588 2365 4637 tum
2417 4581 2833 4649 intelligibilia,
2857 4588 2914 4636 et
2956 4599 3083 4654 quas
3110 4596 3288 4638 sensu
3321 4585 3508 4655 perci-

181 4662 244 4715 ἱιὶ
284 4665 476 4731 Ἡσαΐας
505 4686 521 4700 ⁸
568 4669 678 4726 Καὶ
735 4664 1107 4722 ἀνταποδώσω
1163 4667 1229 4722 τὰ
1285 4665 1418 4743 ἔργα
1456 4667 1630 4723 αὐτῶν
1674 4669 1751 4735 εἰς

1863 4673 2126 4747 piuntur.
2160 4671 2263 4726 Hic
2294 4671 2558 4727 Salvator
2586 4671 2769 4725 Patris
2798 4671 2986 4725 sinum
3020 4671 3287 4743 patefecit
3320 4671 3404 4743 (i).
3439 4673 3510 4728 Et

251 4812 365 4888 [ιι-Ρ.
392 4817 488 4870 ρεο
513 4817 627 4872 ED.
662 4815 956 4871 POTTER.
985 4815 1060 4886 (a)
1083 4815 1257 4888 _JoaAn.
1291 4832 1329 4883 1,
1367 4819 1414 4870 1.
1445 4815 1524 4884 (b)
1549 4815 1750 4888 lbid.1

1871 4819 1914 4884 c)
1948 4817 2092 4872 Ibid.
2129 4817 2180 4870 4.
2216 4817 2296 4887 (d)
2349 4817 2514 4872 Joan.
2565 4832 2644 4884 x1,
2675 4816 2780 4882 25;
2814 4833 2926 4886 xxv,
2956 4816 3011 4870 6.
3044 4815 3116 4887 (θ)
3140 4818 3309 4872 Joan.
3344 4834 3384 4883 1,
3418 4819 3503 4874 14.

179 4879 222 4944 {fi
243 4880 335 4938 Coi.
357 4902 393 4951 1,
425 4889 505 4942 I5.
532 4889 614 4958 (ο)
645 4888 790 4960 Eph.
823 4904 900 4957 1v,
933 4879 1016 4942 10.
1043 4879 1111 4959 ’(Ιι
1137 4887 1154 4958 )
1179 4879 1349 4942 Joan.
1382 4904 1424 4956 1,
1448 4879 1516 4942 '3;
1539 4887 1604 4959 (ἰ)
1638 4887 1784 4944 Ibid.
1821 4879 1906 4945 f8.

224 5020 382 5095 (57‘)'0
412 5028 703 5101 μονογενὴς
735 5027 885 5090 Θεός.
937 5029 1125 5084 Etiam
1172 5029 1300 5101 Syr.
1355 5029 1502 5098 Θεός,
1538 5029 1747 5100 reliqui

176 5090 488 5175 {crta'meli'us
514 5090 1034 5175 Υἱόςξιωίεεῃὶιοε
1065 5090 1427 5175 Filiu's,_qua_a
1478 5090 1590 5175 vox
1631 5090 1746 5156 non

177 5171 279 5244 sinit
321 5172 449 5244 trahi
503 5171 1024 5244 deitatem'Verbi
1063 5173 1148 5244 fed
1193 5171 1744 5228 Valentinianorum

176 5242 439 5316 θέωνι-υμῶν,
469 5245 568 5299 sed
605 5250 666 5298 ut
696 5260 827 5298 vere
857 5243 1034 5299 Filius
1057 5243 1328 5314 Deusque
1359 5244 1743 5316 intelligatur,

178 5312 506 5386 cingularique
539 5315 843 5370 nativitate
875 5333 990 5385 qua
1044 5333 1196 5371 unus
1233 5312 1376 5386 ipse
1407 5312 1747 5386 unigénitus

180 5375 473 5456 immanitate
501 5393 557 5440 et
586 5403 779 5452 carne,
812 5375 966 5442 idem
992 5375 1417 5456 primogenitus
1449 5375 1746 5444 etufratres

180 5447 364 5532 lubens,
387 5460 595 5528 quibus
628 5475 753 5514 vere
771 5447 1195 5532 communicet;
1223 5459 1489 5531 Reliqua,
1513 5461 1745 5532 etquod

179 5518 326 5602 divina
356 5518 588 5600 qliasque
646 5531 880 5602 nomina
929 5546 1021 5584 res
1053 5535 1108 5586 et
1139 5518 1492 5597 Aiawecfseu
1529 5518 1746 5600 aliquid

180 5588 729 5674 distinctumivereqne
755 5601 1041 5659 exsistens
1073 5588 1464 5674 accipiuntur,
1488 5588 1745 5658 Valenti-

181 5677 426 5730 manorum
451 5672 675 5732 deliria.
705 5673 956 5734 Coum.

1928 5030 2039 5100 (58)
2075 5028 2307 5100 Μηνόει.
2339 5034 2429 5100 Sc.
2461 5029 2719 5084 Joannes
2750 5028 3070 5098 apostolus.
3105 5029 3392 5086 SYLBURG.

1933 5098 2163 5227 S59):E.v
2217 5098 2272 5183 Si:
2321 5099 2686 5175 Πληρώματι.
2722 5101 2840 5155 Vox
2887 5105 2978 5156 est
3033 5117 3167 5183 qua.
3202 5101 3353 5158 male
3412 5103 3502 5158 usi

1933 5208 1936 5225 ι
1967 5177 2249 5227 entimam
2286 5189 2388 5227 oro
2421 5189 2594 5227 scena
2623 5172 2875 5227 uuadam
2899 5177 3296 5227 etcanamtate
3325 5190 3502 5227 sunra

1855 5171 2249 5228 Valentiniani
2286 5189 2388 5244 pro
2421 5171 2594 5228 scena
2623 5172 2875 5244 quadam
2899 5171 3296 5244 etcapacitate
3325 5190 3505 5242 supra

1856 5245 2054 5308 oculos,
2090 5245 2175 5298 uti
2233 5243 2317 5298 sic
2370 5244 2514 5299 satis
2546 5243 2856 5315 explicant,
2899 5244 2957 5298 in
3008 5243 3122 5315 quo
3155 5243 3502 5315 Unigenitus

1859 5332 1960 5385 pro
1997 5317 2099 5370 loci
2137 5316 2534 5370 immensitate
2567 5315 2943 5387 magnus,bic
2975 5315 3032 5370 in
3066 5316 3234 5370 terris
3269 5333 3498 5387 parvus.

1857 5387 1951 5442 Sic
1982 5388 2147 5442 deliri
2183 5387 2447 5442 homines
2481 5386 2738 5456 nihilque
2769 5388 2963 5441 minus
2997 5404 3174 5457 quam
3206 5386 3335 5441 vere
3358 5388 3501 5443 Gno-

1857 5461 2009 5541 stici.
2103 5475 2152 5513 ο.
2188 5459 2490 5541 sapientes.
2522 5458 2948 5541 excell‘entique
2977 5457 3220 5512 scientia
3240 5459 3499 5541 praediti,

1858 5532 1956 5585 sed
1991 5531 2163 5601 plane
2193 5531 2666 5599 insipientissimi
2700 5529 3006 5601 bardique,
3043 5545 3146 5584 nec
3200 5529 3368 5584 aliter
3412 5530 3497 5584 eis

1856 5602 2186 5658 intellectus
2217 5603 2384 5659 sinus
2415 5601 2620 5658 Patris.
2645 5605 2890 5656 Comm-3s.
