4006 6200
944 340 1185 397 DUBIA.
1217 365 1287 379 —
1316 337 1699 395 excessu
1735 339 1839 392 sx
1871 338 2193 397 scmrrrs
2227 341 2609 410 THEODOTI,
2647 342 2804 399 are.

3464 337 3574 394 666

250 470 479 547 γορὲσομεν
540 465 631 519 καὶ
704 465 802 532 τὴν
880 460 1064 517 εὶκόνα
1136 465 1234 516 τοῦ
1308 458 1657 535 ἐπουρανίου,
1719 460 1805 513 τοί

1933 464 2333 533 reni,geremns
2360 467 2524 521 etiam
2555 467 2857 535 imaginem
2884 464 3112 522 calatis
3136 464 3308 538 (a),et
3335 462 3571 533 spirita-

242 546 541 628 σωματικοῦ
571 596 586 622 ,
643 552 776 606 κατὰ
831 551 1117 628 προκοπὴν
1169 547 1550 622 τελειοόμενοι
1586 591 1600 606 .
1663 546 1817 619 Πλὴν

236 645 360 701 πάλιν
408 643 580 697 εἰκόνα
634 639 804 715 λέγει,
865 641 941 704 ὡς
989 641 1122 694 εἶναι
1177 640 1407 711 σώματα
1454 638 1811 710 πνευματικά.

223 735 305 792 Kal
343 731 507 788 ααλιν·
559 733 714 806 Ἄρτι
766 729 1043 806 βλέπομεν
1103 726 1173 783 δι’
1225 726 1492 802 ἐσόπτρου
1542 725 1594 781 ἐν
1645 725 1815 802 αῗνίγο

225 844 344 896 ματι,
408 821 521 875 τότε
594 817 653 874 δὲ
718 820 1014 891 πρόσωπον
1092 818 1229 892 πρὸς
1306 816 1624 892 πρόσωπον.
1700 814 1813 872 Αὐ-

221 912 318 968 τίκα
356 911 447 984 γὰρ
472 909 754 984 ἀρχόμεθα
811 909 1117 982 γινώσκειν·
1178 903 1319 963 Οὐδὲ
1351 904 1646 980 πρόσωπον
1672 907 1811 979 (74),

227 1000 331 1069 ἰδέα,
348 999 428 1052 καὶ
458 1001 665 1073 σχῆμα,
715 997 804 1052 καὶ
836 1001 1016 1069 σῶμα.
1053 1002 1259 1071 Σχῆμα
1293 995 1387 1068 μὲν
1422 992 1513 1050 οὗν
1551 997 1805 1071 σχήματι

221 1092 475 1163 θεωρεῖται,
548 1087 639 1162 χρὶ
712 1086 1008 1159 πρόσωπον
1094 1084 1399 1159 προσώπῳ,
1479 1082 1569 1137 καὶ
1629 1081 1811 1159 ἐπιγιο

216 1178 429 1231 νώσκεται
498 1175 567 1230 τὰ
634 1173 984 1250 γνωρίσματα
1054 1179 1173 1235 τοῖς
1249 1174 1498 1247 σχήμασι
1551 1173 1638 1227 καὶ
1694 1177 1813 1234 ταῖς

214 1265 399 1325 οὐσίαις.

264 1354 335 1423 It.
363 1352 457 1409 Καὶ
485 1354 520 1421 ἡ
549 1349 842 1426 περιστερά
866 1348 925 1407 8‘s
955 1354 1114 1424 σῶμα
1152 1346 1332 1427 ὤφθη·
1383 1351 1445 1418 ἣν
1498 1350 1549 1404 οἱ
1602 1348 1695 1422 μὶν
1747 1348 1810 1404 τὸ

212 1445 328 1518 ἅγιον
350 1442 557 1511 11νεῦμὰ
588 1461 771 1515 φασιν,
804 1441 856 1495 οἱ
889 1437 946 1495 δὲ
974 1439 1081 1495 ἀπὸ
1113 1435 1437 1497 Βασιλείδου
1484 1438 1576 1492 τὸν
1624 1434 1809 1493 διάκο-

207 1553 294 1600 νον,
320 1531 364 1584 οἱ
386 1526 438 1584 δὲ
474 1528 581 1584 ἀπὸ
612 1527 980 1586 Οὐαλεντίνου
1020 1531 1130 1602 (75)
1159 1527 1224 1583 τὸ
1254 1527 1463 1600 πνεῦμα
1491 1529 1588 1595 τῆς
1622 1527 1809 1590 Ἐνθυ-

207 1622 382 1691 Mssa):
406 1622 500 1673 τοῦ
527 1618 764 1693 Πατρὸς,
797 1618 898 1688 τὴν
944 1615 1263 1673 κατελευσιν
1293 1614 1662 1689 πεποιημένον
1718 1613 1806 1670 ἐπὶ

206 1710 279 1777 τήν
305 1711 387 1763 τοῦ
415 1706 590 1782 Λόγου
622 1706 818 1783 σάρκα.
1678 1712 1681 1719 ’

254 1889 331 1943 IZ’.
359 1886 534 1941 Ἔστιν
567 1885 787 1955 Ἰησοῦς
826 1883 917 1938 καὶ
978 1887 1012 1953 ἡ
1073 1880 1372 1954 Ἐκκλησία
1422 1882 1510 1938 καὶ
1556 1885 1590 1952 ἡ
1645 1886 1805 1957 σοφία
1835 1832 1884 1899 Β

208 1972 404 2027 δι’ὅλων
454 1978 647 2048 κρᾶσις
707 1977 818 2028 τῶν
875 1973 1143 2046 σωμάτων
1203 1969 1428 2042 δυνατὴ,
1486 1973 1622 2026 κατά
1676 1971 1802 2035 τοὺς

204 2062 652 2125 Ονὶαλεντινιανούς.
718 2065 781 2118 Ἦ
828 2067 956 2140 γοῦν
1014 2062 1327 2137 ἀνθρωπίνη
1379 2061 1521 2136 μίξις
1579 2064 1614 2131 ἡ
1669 2061 1806 2117 κατὰ

203 2150 578 2225 γᾶμονὲκδυεῖν
637 2154 993 2227 μεμιγμένων
1048 2153 1371 2226 σπερμάτων
1431 2152 1547 2212 ἑνὸς
1599 2151 1802 2224 γὲνεσιν

202 2239 374 2296 ηιδίου
422 2241 707 2297 ἀποτελεῦ
753 2241 843 2296 καὶ
900 2243 963 2297 τὸ
1009 2246 1190 2315 σῶμα,
1240 2241 1318 2303 είς
1365 2242 1468 2317 γὴν
1514 2240 1799 2308 ἀναλυθὶν,

198 2330 401 2403 κέκραται
429 2334 497 2404 τῇ
526 2334 630 2406 γῇ,
663 2331 755 2387 καὶ
784 2330 847 2385 τὺ
879 2327 1024 2407 ὕδωρ
1055 2335 1133 2403 τῷ
1164 2329 1316 2403 οἴνῷ,
1375 2331 1454 2388 Τὰ
1484 2328 1542 2385 δὲ
1571 2329 1802 2407 κρείττω

199 2417 266 2471 ui
318 2416 691 2497 ἓιαιρορῷτερα
735 2421 961 2492 σώματα
1008 2417 1193 2495 ῥᾳδίαν
1243 2417 1396 2494 ’ίσχει
1444 2420 1542 2489 τὴν
1588 2426 1800 2493 κρᾶσιν,

200 2505 370 2578 Πνεῦμα
418 2511 548 2581 γοῦν
624 2508 899 2580 πνεύματι
976 2506 1249 2583 μίγνυται.
1300 2506 1460 2581 Ἐμοὶ
1539 2506 1597 2563 δὲ
1653 2506 1802 2564 δοκεῖ

198 2594 298 2647 κατὰ
345 2597 628 2670 παράθεσιν
692 2600 857 2651 τοῦτο
908 2598 1169 2672 γενέσθαι,
1221 2593 1347 2652 ἀλλ’
1396 2596 1463 2651 οὐ
1490 2597 1627 2652 κατὰ
1668 2604 1801 2673 κρᾶ-

200 2702 278 2739 σιν.
304 2686 436 2755 Μήτι
492 2686 589 2740 οὗν
651 2688 691 2755 ἡ
741 2685 860 2749 θεία
890 2683 1139 2757 δύναμις,
1174 2682 1437 2756 διήκουσα
1464 2687 1564 2755 τήν
1594 2688 1799 2763 ψυχὴν,

202 2772 361 2846 irim
404 2773 569 2844 αὐτὴν
632 2774 777 2829 κατὰ
821 2776 920 2843 τήν
973 2775 1287 2831 τελευταίαν
1337 2778 1676 2852 προκοπήνς
1742 2778 1803 2835 Ὀ

319 2862 436 2924 θεὸς
490 2867 717 2936 πνεῦμα
774 2862 911 2919 ὅπου
971 2860 1114 2928 θέλει
1172 2869 1335 2919 mei”
1395 2866 1429 2933 ἡ
1486 2866 1586 2940 γὰρ
1644 2863 1802 2921 δύνα-

201 2969 270 3019 μις
310 2951 363 3004 οὗ
413 2954 525 3007 κατ’
586 2951 784 3007 οὐσίαν
845 2950 1045 3023 διήκει,
1077 2951 1224 3008 ἀλλὰ
1264 2953 1400 3008 κατά
1437 2951 1663 3028 δύναμιν
1713 2956 1806 3011 καὶ

204 3035 341 3112 irrit
396 3039 728 3113 Παράκειναι
760 3037 818 3095 δὲ
843 3042 907 3096 τὸ
938 3044 1149 3115 πνεῦμα
1174 3045 1255 3114 τῷ
1296 3040 1582 3116 πνεύματι,
1638 3044 1710 3107 ὡς
1744 3044 1805 3100 τὸ

201 3131 368 3199 πνεῦμα
393 3132 459 3202 τῇ
484 3133 673 3205 ψυχῇ-

248 3304 318 3359 IB’
364 3308 416 3359 '0
467 3307 680 3381 Σωτήρ
738 3306 896 3383 ὤφθη
944 3305 1143 3361 κατιὼν
1201 3312 1319 3370 τοῖς
1376 3307 1652 3385 ἀγγέλοις·
1720 3307 1804 3366 διὸ

196 3391 261 3444 καὶ
309 3392 730 3469 εὐηγγελίσαντο
785 3394 944 3451 αὐτόν
973 3438 986 3452 .
1049 3393 1224 3453 Ἀλλᾶ
1272 3396 1362 3452 καὶ
1418 3402 1498 3468 τῷ
1553 3392 1807 3473 ’Δϐραὰμ

196 3481 261 3532 καὶ
279 3488 375 3544 τοῖς
403 3483 630 3549 λοιποῖς
664 3482 899 3547 δικαίοις
951 3489 1068 3547 τοῖς
1096 3484 1171 3554 ,ἐν
1228 3489 1298 3559 τῇ
1328 3486 1621 3542 ἀναπαύσει
1648 3486 1802 3543 οὖσιν

196 3565 350 3635 ἐντοῖς
377 3570 569 3645 δεξιοῖς
603 3571 795 3648 ὤφθη.
831 3572 1234 3648 Ἠγαλλιάσατο
1289 3577 1415 3651 γὰρ,
1476 3578 1663 3654 φησὶν,
1715 3575 1805 3632 ’ίνα

200 3653 267 3729 ἴδη
302 3661 386 3728 τήν
451 3663 672 3739 ἡμέραν
729 3663 831 3731 τήν
889 3660 1053 3735 ὲμήν,
1110 3664 1211 3733 τὴν
1270 3661 1323 3717 ἐν
1382 3653 1536 3737 σαρκὶ
1595 3686 1803 3741 παρου-

204 3747 329 3805 σίαν.
378 3751 527 3815 Ὅθεν
590 3752 830 3813 ἀναστὰς
891 3752 920 3806 ’ὀ
979 3750 1184 3827 Κύριος
1236 3750 1634 3828 εὐηγγελίσατο
1693 3758 1801 3829 (76)

196 3834 293 3897 τοὺς
314 3835 539 3902 δικαίους
569 3839 709 3902 τοὺς
760 3838 816 3895 ἐν
862 3844 931 3914 τῇ
962 3840 1280 3911 ἀναπαύσει,
1336 3843 1427 3896 καὶ
1479 3845 1803 3916 μετέστησεν

372 3930 459 3984 καὶ
522 3930 818 4002 μετέθηκε,
851 3930 940 3985 καὶ
970 3929 1164 3992 πάντες
1221 3930 1273 3986 ἐν
1331 3935 1399 4005 τῇ
1460 3937 1583 4003 σκιᾷ
1639 3933 1802 3990 αὐτοῦ

201 4016 429 4082 {uis-omn
471 4021 614 4074 Σκιᾶ
646 4020 750 4093 γὰρ
782 4026 882 4089 τῆς
915 4017 1076 4090 δόξης
1106 4023 1204 4074 τοῦ
1236 4026 1497 4095 Σωτῆρος
1526 4029 1625 4092 τῆς
1656 4024 1803 4098 παρὰ

193 4104 252 4173 τῷ
289 4106 435 4180 Πατρὶ
480 4110 519 4177 ἡ
564 4106 847 4181 παρουσία
893 4110 928 4176 ἡ
980 4105 1226 4164 ἔνταῦθα⁶
1278 4109 1457 4173 φωτὸς
1492 4107 1550 4165 δὲ
1581 4114 1705 4167 σκιὰ
1736 4111 1798 4167 οὖ

196 4192 361 4263 πότος,
387 4196 532 4251 ἀλλὰ
562 4192 858 4275 φωτισμός
886 4195 1050 4253 ἐστιν.

248 4374 329 4428 ΙΘ’.
378 4374 471 4431 Καὶ
530 4376 619 4451 Ὀ,
662 4373 839 4449 Λόγος
898 4373 1024 4449 σὰρξ
1073 4372 1284 4451 ἐγένετο
1319 4418 1334 4444 ,
1394 4375 1456 4431 οὐ
1507 4379 1643 4433 κατὰ
1696 4381 1795 4450 τήν

198 4462 436 4533 παρουσίαν
485 4464 658 4535 μόνον
703 4460 988 4538 ἄνθρωπος
1029 4463 1341 4537 γενόμενος.
1393 4464 1540 4522 ἀλλά
1595 4469 1684 4523 καὶ
1743 4468 1794 4525 ἐν

354 4553 382 4604 ὁ
429 4551 482 4606 ἐν
541 4551 842 4620 ταύτότητι
876 4552 1051 4627 Λόγος
1079 4554 1218 4607 κατὰ
1245 4558 1584 4633 περιγραφήν
1615 4558 1704 4611 καὶ
1735 4559 1797 4613 οὐ
1827 4571 1878 4635 D

199 4638 474 4694 τατόὒσίαν
504 4640 832 4717 γενόμενος,
875 4642 903 4696 ὁ
952 4643 1101 4706 Υἱός·
1152 4642 1242 4696 καὶ
1291 4641 1457 4698 πάλιν
1511 4644 1637 4721 σᾶρξ
1682 4647 1799 4723 ἔγε-

200 4746 311 4796 νετο,
362 4725 445 4785 διὰ
493 4734 798 4806 προφητῶν
857 4729 1183 4806 ἐνεργήσας.
1234 4732 1429 4787 Τέκνον
1488 4730 1545 4788 δὲ
1594 4740 1689 4790 τοῦ
1746 4735 1798 4792 ἐν

1926 552 2022 618 lis,
2050 555 2376 610 secundum
2405 556 2724 628 profectum
2759 555 3171 627 perfectionem
3203 552 3422 624 adepti.
3455 552 3567 609 Sed

1925 659 2132 698 rursus
2165 644 2477 715 imaginem
2512 644 2673 710 dicit,
2708 644 2877 717 quasi
2909 645 3030 700 sint
3057 658 3299 714 corpora
3328 641 3569 714 spirita-

1923 730 2023 787 lia.
2058 739 2137 787 Ac
2167 733 2379 789 iterum
2414 750 2427 788 :
2462 733 2618 789 Nunc
2648 734 2890 789 videmus
2915 748 3014 805 per
3040 733 3323 803 speculum
3342 732 3403 787 in
3428 731 3572 785 ami-

1921 830 2259 891 gmate,lunc
2282 839 2415 878 vero
2442 824 2585 892 facie
2612 824 2683 878 ad
2709 821 2911 893 faciem
2940 821 3199 887 lb).Illico
3229 821 3387 875 enim
3419 819 3568 875 inci-

1922 910 2119 980 pimus
2151 926 2517 981 cognoscere.
2553 916 2665 967 Nec
2697 912 2893 977 facies,
2927 926 3031 966 nec
3077 908 3324 980 species,
3360 924 3464 964 nec
3495 908 3570 961 Ii-

1920 1014 2293 1071 gura,neque
2323 1016 2534 1070 corpus
2563 1004 2670 1056 est.
2704 1001 2918 1071 Figura
2948 1014 3084 1069 ergo
3118 998 3305 1069 ﬁgura
3329 995 3566 1066 conspi-

1921 1087 2093 1156 citur,
2128 1088 2423 1161 faciesque
2454 1089 2620 1157 facie,
2671 1094 2848 1161 atque
2881 1105 2915 1144 a
2939 1088 3143 1160 ﬁguris
3190 1092 3248 1142 et
3292 1084 3566 1142 essentiis

1919 1176 2049 1249 ipsa
2078 1176 2298 1233 indicia
2327 1182 2593 1250 notasque
2613 1183 3069 1251 cognoscuntur.

1990 1355 2138 1412 XVI.
2166 1356 2497 1420 Quinetiam
2543 1356 2803 1412 columba
2848 1370 3109 1427 corporea
3151 1358 3216 1425 (ο)
3278 1354 3405 1410 visa
3451 1357 3563 1420 est,

1920 1460 2096 1517 quam
2132 1443 2401 1499 nonnulli
2426 1443 2709 1516 Spiritum
2741 1450 3015 1500 sanctum
3041 1443 3273 1510 dicunt,
3293 1441 3565 1498 Basilidis

1918 1549 2052 1589 vero
2084 1549 2362 1605 sequaces
2388 1533 2724 1589 ministrum
2750 1538 2976 1603 vocant,
3010 1533 3230 1605 quique
3258 1531 3319 1587 in
3350 1530 3562 1587 Valen-

1918 1622 2024 1678 tini
2073 1621 2426 1679 sententiam
2460 1623 2708 1694 pedibus
2737 1627 2881 1678 eunt
2927 1622 3202 1695 spiritum
3251 1621 3566 1693 Enthyme-

1917 1727 2070 1777 secs,
2102 1727 2206 1766 seu
2237 1710 2749 1783 contemplationis
2786 1711 2999 1775 Patris,
3030 1710 3090 1765 in
3122 1709 3295 1766 Verbi
3324 1725 3560 1765 carnem

1918 1816 1979 1855 se
2010 1800 2448 1870 dissolventem,
2480 1816 2545 1856 ac
2576 1799 3046 1857 descendentem.

1985 1887 2159 1944 XVII.
2196 1889 2295 1944 Est
2339 1889 2513 1944 Jesus
2542 1893 2600 1945 et
2629 1887 2885 1944 Ecclesia
2932 1891 2989 1943 et
3036 1886 3328 1958 sapientia
3369 1891 3427 1941 et
3469 1902 3561 1943 se-

1915 1978 2174 2032 cundum
2209 1976 2645 2033 Valentinianus
2677 1993 2777 2047 per
2814 1978 3014 2033 omnia
3064 1992 3310 2047 corpora
3361 1974 3559 2030 mistio

1913 2071 2141 2139 potens.
2174 2066 2367 2122 Mistio
2400 2067 2580 2138 igitur
2630 2066 2890 2122 humana
2919 2064 3199 2135 nuptialis
3227 2080 3296 2119 ex
3327 2064 3557 2120 duobus

1913 2156 2237 2211 seminibus
2270 2156 2459 2210 mistis
2493 2155 2734 2210 infantis
2765 2157 2941 2210 unius
2962 2154 3393 2225 generationem
3426 2169 3555 2225 per-

1914 2245 2033 2301 ﬁcit
2058 2261 2303 2317 ;corpus
2334 2246 2508 2300 etiam
2534 2244 2593 2300 in
2615 2251 2830 2300 terram
2862 2243 3121 2301 solutum
3153 2248 3318 2298 terras
3349 2241 3558 2301 misce-

1910 2338 2028 2403 tur,
2061 2338 2118 2389 et
2146 2350 2300 2406 aqua
2328 2334 2481 2389 vino.
2511 2334 2764 2405 Corpora
2810 2349 2943 2390 vero
2975 2331 3217 2389 meliora
3260 2336 3319 2386 et
3366 2332 3551 2389 excel-

1912 2421 2153 2479 lentiora
2205 2422 2536 2479 mistionem
2591 2423 2819 2479 facilem
2895 2422 3242 2478 admittunt.
3297 2421 3551 2494 Spiritus

1910 2512 2091 2584 igitur
2110 2512 2342 2583 spiritui
2367 2512 2812 2569 miscetur.Mihi
2831 2527 2965 2568 vero
2983 2511 3209 2567 videtur
3239 2525 3341 2582 per
3360 2512 3553 2582 juxta-

1912 2600 2262 2673 positionem
2294 2602 2404 2658 hoc
2433 2602 2583 2668 ﬁeri,
2611 2606 2670 2657 et
2700 2618 2812 2657 non
2847 2617 2948 2672 per
2995 2600 3351 2656 mistionem.
3386 2604 3551 2655 Anne

1912 2690 2112 2762 itaque
2144 2690 2402 2762 potentia
2427 2690 2622 2747 divina
2652 2689 3051 2763 pertransiens
3081 2688 3364 2755 animam,
3398 2704 3556 2744 eam-

1912 2780 2047 2834 dem
2093 2795 2194 2851 per
2242 2779 2567 2851 profectum
2620 2779 2942 2850 perfectum
2993 2776 3366 2834 sanctiﬁcat?
3417 2778 3557 2833 Deus

1913 2869 2069 2924 enim
2099 2870 2337 2939 spiritus
2364 2867 2462 2923 ubi
2490 2867 2612 2923 vult
2639 2867 2821 2939 spirat
2847 2867 2944 2938 (ά).
2978 2865 3242 2921 Potentia
3271 2866 3555 2921 nimirum

1914 2974 2030 3013 non
2062 2959 2328 3015 essentia;
2362 2960 2649 3029 respectu.
2683 2957 2785 3012 sed
2815 2972 2919 3029 per
2965 2956 3234 3011 virtutem
3266 2959 3325 3010 et
3355 2959 3554 3025 poten-

1912 3046 2056 3102 tiain
2088 3048 2371 3119 pervadit.
2394 3048 2636 3115 Adiacet
2664 3050 2859 3102 autem
2889 3045 3143 3117 Spiritus
3172 3043 3407 3099 divinus
3438 3042 3558 3114 spi-

1916 3135 2055 3191 ritui
2086 3136 2487 3204 alteri,eodem
2520 3135 2691 3207 plane
2723 3136 2896 3190 modo
2924 3150 3040 3206 quo
3071 3132 3316 3205 spiritus
3343 3132 3554 3190 animus

1916 3227 2090 3283 adsit.

1986 3317 2050 3381 ›ι‹
2094 3314 2302 3372 XVIII.
2353 3315 2618 3371 Salvator
2646 3330 2779 3370 cum
2829 3312 2889 3368 in
2938 3316 3128 3368 terras
3176 3311 3558 3368 descenderet

1917 3405 2143 3476 angelis
2172 3406 2336 3461 visus
2383 3409 2493 3471 est,
2526 3402 2913 3475 quamobrem
2957 3405 3017 3457 et
3062 3400 3349 3457 adventus
3397 3398 3558 3455 illius

1914 3494 2029 3549 laeti
2059 3495 2295 3549 fuerunt
2326 3493 2539 3549 nuntii.
2572 3493 2677 3547 Sed
2717 3496 2776 3548 et
2824 3489 3149 3546 Abrahamo
3199 3488 3561 3561 reliquisque

1905 3584 2109 3655 justis,
2143 3583 2243 3655 qui
2275 3583 2331 3638 in
2366 3582 2566 3654 requie
2591 3582 2660 3637 ad
2695 3582 2960 3636 dextram
3011 3583 3199 3643 erant,
3228 3576 3390 3633 visus
3418 3582 3509 3634 est
3540 3592 3554 3632 :

1913 3671 2204 3730 Exultavil
2235 3671 2407 3737 enim,
2440 3670 2655 3741 inquit,
2703 3679 2764 3724 ut
2810 3668 3014 3725 videret
3059 3668 3207 3723 diem
3249 3682 3433 3723 meum
3460 3665 3555 3737 (θ),

1913 3761 2066 3817 diem
2098 3760 2378 3815 nimirum
2412 3759 2527 3814 mei
2557 3758 2614 3813 in
2648 3774 2823 3813 carne
2852 3757 3160 3812 adventus.
3184 3755 3330 3810 Hinc
3357 3771 3554 3810 resur-

1911 3866 2058 3923 gens
2087 3850 2391 3918 Dominus,
2415 3847 2600 3919 justis
2629 3848 2688 3901 in
2720 3846 2916 3918 requie
2963 3844 3397 3917 evangelizavit,
3428 3860 3557 3901 eos-

1912 3940 2163 4011 demque
2194 3937 2512 4004 submovit,
2545 3934 2865 4003 transtulit,
2884 3940 2941 3990 et
2969 3950 3174 3991 omnes
3204 3934 3316 3991 sub
3349 3934 3561 3990 umbra

1911 4028 2039 4099 ejus
2069 4029 2282 4083 vivent.
2327 4025 2640 4083 Praesentia
2684 4024 2840 4081 enim
2890 4022 3209 4080 Salvatoris
3254 4024 3312 4079 in
3359 4022 3554 4094 terris,

1912 4118 2121 4173 umbra
2149 4121 2238 4173 est
2267 4114 2467 4189 gloriae
2513 4115 2781 4185 ejusdem
2812 4128 2941 4185 quas
2994 4113 3145 4184 apud
3180 4116 3409 4168 Patrem
3440 4117 3549 4169 est.

1908 4205 2126 4263 Umbra
2169 4209 2364 4262 autem
2415 4203 2586 4272 lucis,
2622 4220 2735 4260 non
2780 4202 3032 4259 tenebrm
3061 4202 3162 4258 sed
3194 4200 3549 4258 illuminatio

1906 4300 2017 4351 est.

1977 4383 2455 4449 XIX.Quinetiam
2494 4382 2737 4437 Verbum
2763 4395 2890 4436 caro
2908 4381 3119 4451 factum
3142 4387 3222 4435 est
3243 4379 3549 4449 (f),nempe

1910 4490 2023 4530 non
2057 4473 2248 4528 solum
2282 4471 2589 4544 praesentia
2619 4487 2729 4525 sua
2762 4469 2934 4524 homo
2965 4468 3187 4523 factum
3218 4471 3327 4535 est,
3345 4481 3548 4521 verum

1908 4563 2084 4618 etiam
2118 4563 2173 4617 in
2209 4560 2497 4635 principio
2528 4559 2782 4614 Verbum
2830 4556 3133 4612 identitate
3183 4571 3364 4609 unum
3414 4570 3550 4611 cum

1912 4657 2101 4718 Patre,
2163 4668 2264 4722 per
2316 4646 2920 4718 circumscriptionem
2975 4661 3092 4700 non
3164 4642 3555 4700 essentialiter

1910 4742 2084 4798 homo
2117 4741 2358 4807 factum,
2389 4740 2499 4794 hoc
2527 4741 2635 4806 est,
2668 4734 2848 4791 Filius
2881 4751 2894 4789 :
2946 4739 3003 4790 et
3035 4750 3240 4790 rursus
3271 4749 3404 4790 caro
3435 4733 3554 4789 fac-

202 4815 438 4886 ωότότητι
463 4819 652 4894 Λόγου
682 4820 711 4874 ὁ
734 4821 932 4895 Σωτήρ
966 4818 1199 4895 ε’ίρηται’
1232 4817 1325 4876 διὰ
1340 4825 1502 4878 τοῦτο
1535 4824 1621 4881 ’Ev
1651 4826 1799 4902 ἀρχῇ

1921 4836 2035 4887 tum
2068 4835 2158 4885 est
2187 4844 2319 4883 cum
2355 4843 2455 4898 per
2481 4824 2796 4898 prophetas
2826 4827 3131 4895 operatum
3163 4821 3555 4879 est.Salvator

199 4905 247 4970 ἦν
291 4908 317 4959 ὁ
364 4909 561 4982 Λόγος,
612 4907 703 4963 καὶ
757 4909 786 4963 ὁ
842 4910 1021 4983 Λόγος
1074 4910 1142 4978 ἦν
1192 4910 1329 4985 πρὸς
1380 4911 1472 4966 τὸν
1528 4914 1680 4972 Θεόν.
1734 4917 1803 4974 'O

1921 4927 2105 4976 autem
2126 4918 2431 4974 identitate
2448 4912 2807 4985 Verbi(quod
2824 4929 2955 4968 cum
2975 4917 3145 4969 Patre
3161 4912 3311 4968 idem
3324 4916 3432 4981 est)
3456 4911 3553 4968 Fi-

199 4993 370 5068 γέγονεν
410 4996 465 5051 ἓν
516 4996 691 5070 αὐτῷ,
744 4999 857 5068 ζωή
910 4996 1044 5053 ἔστι·
1106 4999 1220 5068 ζωὴ
1272 4996 1329 5055 δὲ
1359 5002 1387 5056 ὁ
1436 5002 1651 5077 Κύριος.
1702 5006 1801 5061 Καὶ

1921 5009 2029 5065 lius
2050 5005 2503 5078 dicitur,idcirco
2524 5007 2587 5059 In
2609 5004 2890 5075 principio
2911 5008 3036 5058 erat
3066 5002 3312 5070 Verbum,
3336 5006 3387 5057 et
3427 5003 3552 5058 Ver-

248 5182 299 5244 ιιι
322 5178 374 5251 Ρ.
397 5176 503 5231 963
529 5176 651 5233 ED.
688 5174 992 5251 POTTEB.
1072 5177 1149 5250 (a)
1182 5178 1203 5234 Ι
1232 5179 1360 5237 Cor.
1391 5199 1483 5251 xv,
1516 5184 1605 5238 49.

1682 5185 1805 5257 (ωι

1921 5205 1965 5245 r.
1998 5204 2122 5258 xm,
2154 5187 2242 5243 l2.
2300 5186 2388 5257 '(c)
2425 5185 2556 5240 Luc.
2592 5199 2677 5253 ιιι,
2708 5183 2798 5239 22.
2875 5182 2954 5255 (ά)
2982 5183 3151 5239 Joan.
3203 5199 3279 5251 1v,
3323 5182 3433 5252 24,
3467 5197 3553 5251 ιιι,

197 5240 238 5297 8.
262 5240 359 5317 1e)
381 5250 544 5305 Joan.
577 5264 701 5314 Vill,
732 5250 820 5302 56.
898 5250 965 5321 (f)
987 5240 1154 5306 Joan'.
1190 5268 1227 5321 ι,
1263 5256 1350 5307 It.

248 5440 501 5535 nuptas
547 5443 709 5517 πρόσ.
744 5444 912 5500 Forte
961 5446 1168 5519 163.16
1216 5444 1273 5503 δὲ
1316 5448 1607 5567 πρόσωπον
1654 5447 1793 5507 ἰδέα·

248 5529 301 5566 Lm
327 5513 439 5567 ουδέ
471 5532 679 5567 narum
712 5515 825 5567 huc
860 5518 1045 5567 facere
1075 5521 1320 5567 videtur-
1354 5557 1365 5567 ι
1394 5539 1622 5567 mxuma

197 5515 439 5606 nstin-edit
458 5515 831 5606 parumrbuc‘
860 5515 1057 5606 facere;
1075 5521 1322 5606 videtur.
1353 5515 1641 5606 srmone.

367 5588 425 5640 Oi
456 5584 514 5644 ὂὶ
542 5587 654 5641 ἀπὸ
690 5585 954 5646 Οὐαλεντ.
1018 5591 1231 5649 Eadem
1299 5595 1472 5666 paulo
1529 5594 1683 5652 infra
1712 5613 1801 5656 re-

196 5662 330 5723 pem.

1972 5458 2087 5530 (76)
2119 5451 2751 5531 Εὐηγγελίσατοᾼεςὶοῑιίλ
2783 5469 2908 5524 quae
2947 5450 3219 5524 superius
3245 5449 3389 5531 dixit
3417 5448 3546 5531 Cle-

1911 5521 2080 5584 mens
2107 5521 2303 5586 Strem'.
2338 5545 2399 5595 ιι,
2426 5545 2478 5598 p.
2513 5525 2655 5593 379;
2715 5521 2913 5580 Strbm.
2965 5521 3043 5589 vi,
3090 5539 3220 5595 pag.
3252 5523 3356 5577 637
3407 5521 3544 5576 edit.

1911 5600 2119 5671 Paris,
2152 5606 2209 5657 et
2239 5617 2366 5671 quis
2396 5598 2476 5653 ibi
2509 5599 2788 5653 adnotata
2816 5599 2974 5651 sunt.
