4006 6200
3646 13 4006 157 η..

418 338 489 392 67
490 337 527 391 5
1647 339 2058 397 CLEMENTIS
2094 340 2600 395 ALBXANDBINI
3724 328 3841 385 676

414 461 750 517 duodecimi
780 459 1055 517 universa
1082 460 1467 534 aestimauit
1494 458 1903 535 loquuntur,et
1924 478 2013 533 pas

2131 519 2143 537 _
2174 460 2506 538 ἐπέγνωσαν,
2532 462 2614 517 δτι
2647 458 2778 516 εἰσίν
2813 456 3001 535 χάριτι
3048 460 3147 512 τοῦ
3197 456 3431 529 Πατρὸς,
3479 454 3614 511 εἰσὶν
3656 450 3846 529 ὄνομα

414 548 579 606 sione
611 550 832 622 pariter
862 548 1068 605 affecta
1098 555 1256 604 sunt.
1296 549 1463 606 Tunc
1504 551 1669 607 enim
1695 567 2013 625 agnoverui

2175 550 2597 625 ἆνωνόμαστον,
2650 550 2835 628 μορφὴ
2891 547 2981 603 καὶ
3031 550 3250 622 γνῶσις.
3310 546 3373 603 ὐ
3424 542 3484 600 δὶ
3539 543 3850 619 βουληθεὶς

411 655 543 694 esse
575 655 637 695 se
667 642 858 711 gratia
887 639 1098 703 Patris,
1120 654 1247 694 esse
1277 654 1510 710 quoque
1533 656 1749 697 nomen
1773 641 1930 713 quod
1958 657 2013 696 ιι(

2175 638 2321 696 Λῗὼν
2375 641 2487 713 (92)
2536 640 2598 694 τὸ
2649 639 2783 713 ὖπὶρ
2831 639 2931 707 τήν
2970 640 3167 712 γνῶσιν
3231 629 3445 702 λαϐεῖν,
3495 632 3548 688 iv
3598 634 3852 710 ἆγνωσίᾳ

419 728 629 783 minari
664 744 776 783 non
811 732 1020 799 potest,
1050 743 1179 783 esse
1211 729 1466 800 denique
1509 730 1754 785 formam
1784 737 1845 786 et
1872 730 2013 786 sciat

2170 726 2262 783 καί
2293 728 2541 806 ἀμορφία
2589 726 2815 803 ἐγένετο·
2872 726 2989 782 ὅθεν
3040 724 3130 780 καὶ
3178 725 3403 797 κὲνωμα
3440 724 3689 799 γνώσεως
3722 722 3845 796 εἰρ-

409 816 580 872 tiam.
608 817 713 881 Qui
744 833 878 872 vero
908 816 1095 872 voluit
1123 820 1290 884 Eon,
1324 815 1467 872 illud
1503 818 1659 889 quod
1693 818 1940 874 scientia
1959 835 2013 874 at

2170 817 2395 891 γάσατο·
2457 818 2590 892 ὅπερ
2650 816 2762 872 ἐστὶ
2823 815 2948 870 σκιὰ
3001 818 3099 870 τοῦ
3159 813 3446 886 ὀνόματος,
3506 811 3638 888 ὅπερ
3690 812 3849 868 ἰπὶν

410 906 608 977 perius
641 910 730 961 est
760 922 982 976 rapere,
1014 906 1360 977 ignorantiae
1389 922 1455 961 ac
1483 906 1844 963 delormitati
1870 908 2013 963 factu

2172 906 2321 979 Υἱὸς,
2354 907 2549 981 μορφή
2582 910 2690 961 τῶν
2718 905 2972 961 Αἰώνων.
2998 900 3171 965 Οὗτος
3201 902 3265 958 τὸ
3294 902 3428 957 κατᾶ
3461 902 3625 976 μὲρος
3657 898 3852 975 ὄνομα

408 999 499 1050 est
528 994 857 1062 obnoxius,-
910 995 1065 1051 unde
1092 1000 1148 1050 et
1194 996 1458 1051 vacuitas
1505 995 1763 1051 scientiae
1809 997 2013 1052 exstiti

2165 999 2275 1049 τῶν
2308 994 2541 1051 Alsium
2568 991 2763 1069 ἀμέλει
2795 994 2907 1050 ἐστὶ
2937 998 3035 1049 τοῦ
3065 992 3359 1066 ὀνόματος.

405 1084 560 1155 quod
591 1089 681 1139 est
712 1085 920 1140 umbra
952 1083 1231 1155 nominis,
1266 1085 1423 1156 quod
1446 1091 1536 1140 est
1565 1084 1771 1153 Filius,
1804 1086 1899 1157 qoi
1932 1086 2120 1143 torma
2148 1085 2398 1142 IEonum
2421 1092 2533 1143 est.
2568 1087 2673 1144 llic
2701 1086 3009 1161 sigillatim
3042 1088 3289 1142 Eonum
3331 1083 3595 1140 nominis
3626 1081 3847 1155 utique

408 1176 499 1229 est
530 1189 767 1232 nomen.

476 1262 710 1318 XXXII.
755 1262 897 1319 Cum
947 1263 1126 1335 igitur
1172 1264 1230 1318 in
1280 1263 1654 1320 Plenitudine
1702 1266 1780 1320 sit
1831 1264 2013 1320 unita:

2234 1263 2359 1319 AB'.
2394 1264 2481 1319 ’Ev
2534 1262 2885 1340 Πληρώματι
2931 1260 3030 1319 οὖν
3071 1260 3318 1328 ἰσότητος
3366 1256 3555 1330 οὔσης,
3599 1256 3843 1324 ἕκαστος

404 1352 649 1407 Eanum
682 1352 899 1423 singuli
925 1352 1215 1424 propriam
1242 1352 1673 1409 Plenitudinem
1703 1355 2013 1426 conjugiur

2159 1352 2267 1406 τῶν
2298 1352 2526 1408 Δίώνων
2559 1350 2701 1408 ἴδιον
2732 1351 2847 1429 ἔχει
2886 1350 3200 1427 Πλήρωμι,
3225 1350 3329 1419 τὴν
3356 1349 3637 1422 συζυγίαν.
3679 1351 3835 1407 ’Ὀσι

403 1440 641 1497 habent.
675 1440 1046 1515 Quaecunque
1077 1441 1260 1513 igitur
1289 1458 1357 1495 ex
1387 1442 1878 1514 conjugio,aiunt,
1913 1459 2013 1515 pro

2159 1442 2253 1495 οὗν
2310 1440 2370 1496 ἐκ
2429 1442 2721 1517 συζυγίας,
2804 1442 2971 1520 φασὶ,
3030 1441 3417 1515 προίρχετιι,
3472 1435 3837 1513 1κληρώμιιιτιί

400 1530 666 1596 veniunt,
717 1528 1112 1601 plenitudines
1160 1535 1319 1595 sunt,
1382 1546 1747 1602 quaecunque
1796 1547 1931 1587 vero
1979 1547 2011 1587 e

2157 1528 2323 1585 ἐστιν’
2349 1530 2447 1585 ὅσα
2478 1527 2535 1586 δὲ
2567 1531 2672 1586 ἀπὸ
2715 1530 2856 1601 ἐνὸς,
2886 1528 3112 1591 εἰκόνες.
3145 1530 3308 1592 Ὅθεν
3357 1528 3389 1583 ὃ
3435 1523 3701 1591 “hoc
3726 1528 3829 1583 τὸν

401 1634 539 1683 uno,
573 1618 881 1689 imagines.
933 1616 1091 1673 Unde
1142 1617 1481 1674 Theodotus
1519 1618 1815 1673 Christum
1846 1618 1945 1691 qui
1978 1636 2013 1675 e:

2153 1619 2381 1693 Χριστὸν
2433 1618 2483 1692 ἐξ
2532 1619 2744 1684 ἐννοίας
2796 1617 3132 1695 προελθόντα
3173 1621 3273 1683 τῆς
3335 1615 3543 1694 Σοφίας
3572 1659 3591 1687 ,
3636 1616 3834 1673 “adv:

397 1706 891 1778 contemplatione
944 1707 1255 1777 Sapientia:
1305 1708 1673 1779 processerit,
1727 1707 2013 1780 imaginem

2148 1712 2245 1764 τοῦ
2272 1706 2661 1784 Πλὴρώνματος
2696 1708 2970 1766 ἐκάλεσεν.
3003 1705 3174 1769 Οὗτος
3226 1704 3306 1775 δὲ,
3355 1704 3691 1779 καταλείψας
3715 1707 3835 1777 τὴν

395 1795 787 1851 Plenitudinis
817 1796 1174 1851 vocavit.Hic
1205 1802 1400 1852 autem
1426 1802 1670 1852 matrem
1703 1797 2007 1869 relinquen

2155 1798 2382 1871 μητὲρα,
2436 1796 2677 1862 ἀνελθὼν
2727 1799 2803 1860 εἰς
2850 1800 2912 1853 τὸ
2957 1796 3268 1872 Πλήρωμα,
3300 1795 3596 1870 ἐκρατήθη,
3628 1796 3833 1872 ὥσπερ

393 1889 452 1939 et
482 1884 553 1939 ad
588 1884 1021 1940 Plenitudinem
1054 1886 1379 1940 ascendens
1429 1886 1599 1956 quasi
1631 1886 1705 1941 ab
1753 1886 2013 1943 universi

2148 1892 2264 1948 τοῖς
2296 1885 2473 1953 ὅλοῖς,
2506 1886 2649 1941 οὕτω
2679 1884 2736 1942 δὲ
2766 1886 2857 1942 καὶ
2885 1890 2968 1958 τῷ
3001 1883 3370 1961 Παρακλήτῳ.

389 1974 664 2030 detentus
695 1978 802 2038 est,
835 1974 1160 2044 quinetiam
1192 1980 1251 2029 et
1285 1991 1319 2029 a
1353 1974 1665 2030 Paracleto.

463 2063 619 2118 854
648 2062 915 2118 XXXIII.
961 2064 1286 2135 Adoptatus
1335 2068 1589 2119 attamen
1621 2069 1712 2120 est
1741 2064 2013 2121 Christus

2221 2072 2340 2122 AI".
2375 2065 2627 2130 Υἰόθετος
2681 2066 2867 2139 μέντοι
2912 2066 3129 2140 γέγονεν
3182 2064 3211 2118 ὁ
3243 2062 3499 2138 Χριστὸς,
3538 2062 3613 2124 ὡς
3662 2063 3819 2137 πρὸς

395 2157 457 2207 ut
486 2153 640 2207 inter
669 2150 1066 2223 plenitudines
1094 2151 1333 2222 electus,
1361 2157 1419 2208 et
1450 2168 1643 2208 rerum
1689 2155 1892 2210 mundi
1926 2155 2013 2210 hu

2144 2154 2211 2209 τὰ
2252 2154 2606 2229 πληρώματα
2653 2152 2907 2217 ἐκλεκτὸς
2952 2154 3268 2230 γενόμενος,
3314 2151 3405 2207 καὶ
3453 2150 3823 2220 πρωτότοκος

381 2242 553 2312 jusce
586 2240 1036 2313 primogenitae.
1077 2245 1175 2296 Est
1205 2240 1399 2311 itaque
1447 2242 1689 2298 verbum
1725 2244 1828 2299 hoc
1859 2261 2013 2315 prav:

2144 2248 2254 2298 τῶν
2283 2241 2470 2308 ἐνθάδε
2499 2244 2856 2319 πραγμάτων.
2882 2246 3070 2300 ’Ἐστιν
3092 2240 3185 2297 οὖν
3218 2242 3245 2295 ό
3277 2238 3445 2316 λόγος
3468 2240 3623 2302 οὗτος
3652 2260 3811 2315 παρ-

396 2330 579 2385 nostri
612 2329 877 2385 doctrina
922 2346 990 2384 ex
1043 2329 1286 2385 materia
1328 2330 1609 2402 subjecta,
1670 2330 2013 2401 Salvatoren

2142 2332 2394 2405 άκουσμα
2438 2331 2535 2389 τοῦ
2582 2332 2856 2408 ἡμετέρου
2906 2331 2966 2387 ἐκ
3006 2335 3105 2387 τοῦ
3155 2330 3537 2403 ὑποκειμένου,
3580 2330 3813 2403 πρωτό-

395 2418 856 2490 primogenitum
892 2434 1127 2487 vocans,
1156 2435 1289 2473 cum
1323 2417 1419 2485 ille
1448 2419 1620 2491 quasi
1653 2421 1816 2476 radix
1845 2426 1902 2477 et
1932 2438 2032 2477 ca-

390 2516 495 2578 put
528 2512 794 2563 nostrum
828 2507 924 2563 sit.
958 2506 1211 2563 Ecclesia
1257 2523 1389 2562 vero
1434 2508 1623 2579 ipsius
1653 2508 1893 2578 Christi,
1942 2511 2030 2565 di-

386 2599 550 2663 cunt,
580 2596 829 2662 fructus,
862 2600 1131 2652 caventes
1160 2596 1315 2667 quod
1348 2597 1765 2655 inconveniens
1794 2603 1904 2668 est,
1939 2615 2027 2655 re-

383 2690 548 2758 cepto
578 2685 638 2741 in
671 2684 1097 2740 Plenitudinem
1129 2685 1229 2756 qui
1257 2701 1327 2740 ex
1364 2686 1859 2758 contemplatione
1900 2704 2029 2745 ma-

385 2778 552 2830 terna
582 2779 745 2830 ortus
772 2779 862 2829 est
892 2790 906 2829 :
943 2778 1127 2829 mater
1147 2791 1354 2830 rursus
1384 2776 1840 2847 dispensationis
1871 2777 2025 2849 prin-

386 2865 573 2936 cipem
605 2862 898 2935 produxit,
930 2862 988 2917 in
1021 2862 1277 2935 imagine
1304 2863 1465 2919 illius
1497 2865 1597 2937 qui
1628 2866 1699 2920 ab
1738 2882 1807 2921 ea
1855 2867 2023 2938 fuge-

386 2957 740 3025 rat.pr0pter
768 2951 1125 3007 desiderium
1159 2951 1321 3008 illius
1350 2954 1451 3025 qui
1487 2954 1658 3009 fuerit
1684 2954 2021 3027 melior,qui

378 3044 683 3099 character
714 3043 901 3098 Patris
939 3043 1346 3098 universorum
1398 3043 1507 3099 fuit
1535 3061 1547 3099 :
1583 3051 1940 3117 quapropter
1967 3050 2026 3102 et

382 3132 574 3188 minor
601 3131 701 3187 ille
729 3132 1021 3204 est,quasi
1052 3149 1122 3188 ex
1152 3132 1420 3205 passione
1441 3134 1779 3204 cupiditatis
1805 3136 2022 3191 forma-

377 3222 543 3277 verit.
575 3222 924 3278 Abominata
956 3227 1149 3277 tamen
1197 3226 1307 3291 est,
1338 3222 1617 3294 inquiunt
1649 3223 1755 3289 illi,
1788 3240 1921 3279 cum
1952 3224 2021 3279 il-

375 3309 495 3366 lius
525 3311 893 3366 severitatem
923 3310 1163 3366 videret.

446 3399 705 3455 XXXIV.
736 3400 845 3454 Sed
878 3403 935 3453 et
965 3400 1237 3470 potentia
1269 3399 1544 3468 sinistras,
1597 3400 1669 3465 ab
1716 3400 1820 3456 illa
1851 3401 2016 3472 prius

374 3504 547 3559 quam
596 3489 809 3543 dextra
860 3488 1175 3559 producta,
1207 3504 1240 3542 a
1268 3487 1415 3544 lucis
1462 3490 1711 3544 adventu
1763 3506 2014 3559 presen-

373 3578 571 3648 tiaque
602 3593 717 3632 non
748 3577 1102 3632 formantur.
1143 3576 1405 3632 Sinistra:
1451 3594 1584 3633 vero
1632 3576 1843 3633 relictis
1874 3583 2015 3635 sunt

371 3683 405 3723 a
432 3664 558 3722 loco
592 3665 718 3736 ipso
751 3665 1091 3721 formandis.
1115 3668 1294 3721 Matre
1324 3667 1522 3738 itaque
1556 3682 1671 3722 una
1702 3682 1836 3721 cum
1872 3666 2012 3723 Filio

368 3760 428 3817 et
456 3755 788 3811 seminibus
821 3754 879 3808 in
910 3760 974 3825 ›ι‹
1004 3754 1430 3811 Plenitudinem
1463 3755 1903 3827 ingressa,tunc
1933 3756 2011 3812 lo-

367 3859 473 3898 cus
504 3842 710 3898 matris
741 3846 1091 3913 potestatem
1119 3843 1503 3915 ordinemque
1532 3843 1799 3915 accipiet,
1832 3860 2009 3915 quem

368 3948 523 3986 nunc
556 3930 730 3986 habet
760 3937 963 3985 mater.

434 4018 651 4075 XXXV.
682 4017 855 4074 Jesus
883 4021 984 4075 tua:
1021 4025 1240 4085 nostra,
1294 4025 1359 4076 ut
1406 4021 1548 4077 dicit
1577 4021 1879 4093 apostolus
1907 4026 2005 4094 (a),

365 4107 627 4180 seipsum
655 4109 982 4163 exinaniem
1011 4108 1107 4179 (ὁ),
1136 4108 1243 4164 hoc
1274 4113 1463 4176 est,ut
1492 4109 1615 4166 vult
1644 4111 2003 4176 Theodotus,

364 4206 529 4253 extra
557 4196 877 4253 terminum
928 4195 1148 4264 exiens,
1197 4196 1473 4267 quoniam
1522 4197 1767 4269 angelus
1799 4204 1943 4261 erat,
1973 4216 2006 4255 e

363 4285 737 4341 Plenitudine
802 4285 1042 4357 angelos
1090 4285 1337 4341 seminis
1402 4285 1737 4347 excellentis
1805 4303 2004 4345 secum

364 4374 585 4431 eduxit.
634 4374 701 4430 Et
741 4373 867 4447 ipse
911 4375 1151 4447 quidem
1220 4374 1706 4447 redemptionem,
1756 4376 1927 4447 quasi
1971 4393 2003 4433 e

360 4464 734 4521 Plenitudine
763 4479 1133 4536 progressus.
1165 4462 1391 4532 habuit,
1425 4463 1670 4537 angelos
1701 4470 1896 4521 autem
1928 4466 2001 4521 ad

358 4552 605 4609 seminis
634 4552 1054 4609 correctionem
1086 4552 1248 4609 duxit
1280 4570 1295 4609 :
1327 4553 1497 4624 quasi
1528 4554 1684 4609 enim
1713 4571 1817 4625 pro
1839 4559 2003 4627 parte

2139 2443 2301 2478 τοκον
2331 2421 2504 2498 λέγων
2535 2422 2629 2478 τὸν
2662 2428 2917 2496 Σωτῆρα·
2967 2422 3055 2476 καὶ
3112 2418 3254 2476 ἔστιν
3294 2418 3527 2494 ὡσπερεὶ
3558 2417 3681 2493 ῥίζα
3712 2417 3813 2473 καὶ

2139 2508 2349 2588 κεφαλὴ
2384 2513 2568 2581 ἡμῶν.
2612 2516 2676 2567 Ἡ
2730 2507 2789 2566 Si
2834 2508 3157 2581 Ἐκκλησία,
3206 2508 3407 2585 καρποὶ
3454 2506 3619 2562 αὐτοῦ
3659 2512 3809 2583 Χρι-

2139 2603 2288 2666 στοῦ,
2330 2599 2481 2674 φασὶ,
2526 2600 2589 2654 τὸ
2638 2598 2903 2655 ἀνοίκειον
2955 2598 3216 2675 φυγόντες
3268 2598 3406 2671 (93),
3437 2594 3807 2662 συπαλὲντος

2139 2687 2216 2752 εἰς
2241 2688 2302 2742 τὸ
2354 2686 2644 2762 ΙΙλήρωμα
2689 2688 2749 2744 ἐκ
2791 2690 2890 2757 τῆς
2944 2688 3203 2763 μητρῴας
3232 2684 3527 2762 γενομένου
3558 2683 3807 2749 ἐννοίας·

2136 2778 2172 2847 ἡ
2205 2779 2389 2851 μήτηρ
2442 2776 2596 2841 αὖθις
2635 2777 2729 2833 τὸν
2776 2784 2877 2847 τῆς
2925 2775 3244 2848 οἰκονομίας
3288 2777 3635 2852 προηγάγετο
3685 2774 3797 2849 ἂρ-

2138 2884 2325 2941 χοντα,
2358 2866 2431 2929 εἰς
2458 2865 2625 2922 τύπον
2656 2871 2753 2921 τοῦ
2779 2866 3046 2945 φυγόντος
3078 2864 3246 2934 αὐτὴν
3290 2865 3407 2919 κατ’
3456 2862 3785 2933 ἐπιπόθησιν

2133 2955 2300 3010 αὐτοῦ
2328 2954 2635 3030 κρείττονος
2664 2955 3028 3031 ὑπάρχοντος,
3062 2955 3121 3017 ὃς
3152 2956 3219 3023 ἦν
3246 2952 3419 3015 τύπος
3450 2956 3545 3007 τοῦ
3570 2951 3796 3026 Πατρὸς

2129 3047 2238 3098 τῶν
2270 3041 2438 3098 ὅλων·
2473 3041 2558 3099 διὸ
2604 3043 2695 3099 καὶ
2742 3043 2923 3113 ἥττων
2974 3042 3200 3119 γίνεται,
3232 3041 3307 3104 ὠς
3358 3040 3417 3095 ἃν
3468 3040 3529 3095 ὲκ
3573 3038 3792 3104 πάθους

2129 3139 2229 3202 τῆς
2261 3132 2547 3205 ἐπιθυμίας
2575 3137 2902 3190 συνεστῶσα.
2941 3132 3261 3207 Ἐμυσάχθη
3300 3130 3483 3203 μεντοι
3532 3125 3794 3185 ἐνιδοῦσα

2128 3222 2228 3291 τὴν
2260 3221 2562 3295 ἀποτομίαν
2592 3221 2779 3293 αὐτοῦ,
2812 3220 2886 3284 ὣς
2915 3242 3074 3299 φασιν
3108 3219 3284 3277 αὐτοί.

2197 3406 2315 3457 ΛΔ’.
2350 3398 2532 3459 Ἀλλὰ
2578 3399 2669 3454 καὶ
2717 3397 2989 3473 εὖώνυμοι
3041 3394 3324 3471 δυνάμεις,
3374 3401 3587 3472 πρῶται
3634 3416 3783 3472 προ-

2124 3482 2413 3558 ϐληθεῖσαι
2442 3492 2551 3543 τῶν
2598 3485 2786 3558 δεξιῶν
2834 3488 2919 3542 ὑπ’
2970 3486 3162 3556 αὐτῆς,
3200 3486 3305 3541 ὑπὸ
3346 3492 3449 3555 τῆς
3470 3489 3567 3541 τοῦ
3597 3486 3790 3562 φωτὸς

2122 3577 2418 3647 παρουσίας
2464 3577 2529 3632 οὔ
2589 3580 2947 3654 μορφοῦνται·
2993 3574 3422 3645 κατελείφθησαν
3467 3571 3527 3629 δὲ
3569 3575 3624 3628 αἰ
3651 3574 3788 3648 ἀρι-

2123 3665 2308 3741 στεραὶ
2363 3666 2467 3721 ὑπὸ
2512 3669 2610 3721 τοῦ
2651 3665 2824 3720 τόπου
2879 3667 3234 3743 μορφοῦνται.
3287 3666 3403 3732 Τῆς
3435 3663 3639 3738 μητρὸς
3680 3661 3781 3717 οὖν

2124 3755 2261 3827 μετὰ
2300 3758 2398 3810 τοῦ
2447 3754 2575 3809 ficii
2621 3754 2709 3809 καὶ
2757 3757 2866 3808 τῶν
2918 3754 3243 3829 σπερμάτων
3289 3750 3637 3818 εἰσελθούσης
3689 3750 3777 3813 εἰς

2116 3844 2179 3899 τὸ
2209 3842 2520 3918 Πλήρωμα,
2549 3844 2674 3900 τότε
2704 3845 2731 3899 ὁ
2761 3843 2929 3907 τόπος
2975 3844 3077 3913 τὴν
3125 3842 3365 3914 ἐξουσίαν
3412 3844 3512 3912 τῆς
3539 3841 3779 3915 Ιμητρὸς

2116 3934 2205 3988 καὶ
2235 3936 2334 4004 τὴν
2365 3934 2512 4005 τάξιν
2542 3932 2910 4009 ἀπολήψεται,
2940 3935 3002 4004 ἣν
3036 3937 3128 3988 νῦν
3159 3930 3277 4009 ἔχει
3307 3935 3342 4002 ἠ
3378 3934 3585 4009 μήτηρ.

2190 4024 2316 4080 AE'.
2347 4023 2409 4080 Ὀ
2457 4024 2667 4093 ἰησοῢς
2723 4024 2787 4079 τὸ
2830 4026 2946 4101 φῶς
2993 4024 3179 4095 ἡμῶν,
3224 4022 3299 4084 ὡς
3345 4021 3495 4097 λέγει
3552 4021 3581 4076 ὁ
3628 4019 3778 4076 ἁπό-

2115 4108 2334 4180 στολος,
2384 4111 2570 4167 ὶαυτὸν
2624 4114 2884 4184 κενώσας,
2940 4112 3219 4167 τουτέστιν
3269 4109 3420 4172 ἐκτὸς
3477 4113 3576 4164 τοῦ
3631 4108 3773 4183 ὅρου

2112 4199 2420 4276 γενόμενος,
2451 4201 2588 4255 κατὰ
2612 4197 2897 4268 Θεόδοτον,
2929 4199 3045 4255 ἐπεὶ
3077 4198 3311 4275 ἅγγελος
3342 4199 3435 4268 ἦν,
3462 4201 3560 4254 τοῦ
3604 4196 3774 4269 Πλη-

2113 4289 2370 4361 ρώματος
2414 4288 2543 4353 τοὺς
2594 4287 2861 4364 ἇγγᾶλους
2908 4293 3006 4344 τοῦ
3051 4286 3402 4366 διαφέροντος
3450 4289 3769 4362 σπέρματος

2114 4377 2468 4453 συνεξήγαγεν
2513 4378 2706 4449 ὶαυτῷσ
2755 4378 2846 4432 καὶ
2896 4376 3056 4438 αὐτὸς
3103 4378 3197 4451 μὲν
3228 4378 3327 4446 τὴν
3380 4374 3650 4450 λύτρωσιν
3682 4375 3769 4439 ὡς

2111 4464 2218 4520 ἀπὸ
2250 4463 2632 4539 Πληρώματος
2679 4465 2965 4541 προελθὼν
3016 4466 3183 4541 εἶχεν,
3231 4464 3359 4528 τοὺς
3404 4461 3463 4520 δὶ
3491 4462 3768 4541 ἀγγίλους

2110 4553 2186 4616 εἰς
2244 4553 2531 4629 διόρθωσιν
2571 4558 2670 4609 τοῦ
2712 4553 3027 4630 σπέρματος
3075 4554 3299 4631 ἤγαγενσ
3356 4554 3432 4618 ὠς
3474 4554 3575 4628 γὰρ
3624 4552 3768 4627 ὐπὶρ

364 4644 573 4713 rogant
599 4640 1027 4711 obsecrantque
1054 4639 1263 4710 angeli,
1306 4640 1616 4712 nostrique
1659 4641 1847 4712 gratia
1894 4642 1998 4697 de-

2131 4643 2307 4717 ιὲρους
2341 4640 2550 4698 δέονται
2594 4644 2682 4698 καὶ
2734 4640 3131 4719 παρακαλοῦσι,
3175 4642 3265 4698 καὶ
3315 4638 3384 4697 δι’
3419 4643 3561 4715 ἡμᾶς
3605 4662 3768 4698 κατι-

360 4729 528 4795 tenti,
559 4729 787 4800 ingredi
813 4728 1179 4793 festinantes,
1209 4730 1435 4784 veniam
1470 4730 1638 4787 nobis
1671 4734 2000 4800 precantur,

2131 4725 2361 4804 ίόμενοι,
2394 4726 2720 4792 σπεύδοντες
2752 4729 3037 4799 εἰσελθεῖν,
3069 4729 3252 4808 ἄφεσιν
3280 4732 3418 4803 ἡμῖν
3462 4728 3766 4800 αἰτοῦνται,

366 4822 433 4873 ut
449 4834 565 4873 una
580 4833 715 4872 cum
739 4816 854 4872 illis
870 4834 974 4873 nos
994 4817 1170 4873 etiam
1193 4817 1847 4891 ingrediamur.Quippe
1864 4834 2000 4874 cum

2132 4839 2196 4873 να
2223 4817 2652 4892 συνεισελθωμεν
2706 4818 2912 4881 αὐτοῖς’
2962 4816 3157 4895 σχεδὸν
3206 4819 3307 4894 γὰρ
3356 4820 3516 4892 ἡμῶν
3564 4819 3762 4894 χρείαν

362 4905 547 4962 nostri
579 4905 698 4961 fere
728 4921 878 4977 opus
907 4905 1125 4961 habent
1152 4910 1220 4961 ut
1248 4906 1656 4978 ingrediantur
1695 4907 1999 4978 (quoniam

2131 4906 2332 4982 ἔχοντες
2354 4904 2446 4961 ἵνα
2477 4905 2816 4981 εἰσέλθωσιν·
2850 4907 2989 4978 (ἐπεὶ
3019 4906 3143 4963 ἄνευ
3189 4909 3351 4980 ἡμῶν
3400 4906 3502 4963 οὐκ
3544 4905 3771 4983 ἐπιτρε-

362 4994 488 5051 sine
515 4993 685 5051 nobis
718 4993 939 5065 ingredi
972 5009 1085 5050 non
1114 4993 1231 5051 illis
1270 5010 1613 5052 concessum
1644 4995 1900 5064 sit,hanc
1925 4995 1999 5051 ob

2131 5014 2265 5049 τεται
2315 4994 2522 5057 αὐτοῖς⁸
2573 4993 2664 5050 διὰ
2712 4999 2874 5051 τοῦτο
2918 4995 3021 5071 γὰρ
3069 4992 3194 5051 οὐδὲ
3222 4997 3258 5065 ἡ
3292 4997 3478 5073 μήτηρ
3526 4995 3770 5067 συνελή-

427 5155 491 5219 ›Χ‹
521 5150 583 5207 Ρ.
613 5150 719 5205 968
749 5149 861 5206 ED.
893 5148 1193 5207 POT'I‘ER.
1304 5153 1378 5222 (a)
1408 5148 1576 5207 Joan.
1606 5166 1731 5219 VIII,
1764 5151 1851 5207 12.
1958 5150 2011 5221 (b

2131 5151 2209 5208 iil.
2243 5167 2306 5222 II,
2334 5152 2391 5207 7.

437 5302 639 5377 (92)βο
697 5300 754 5357 δὲ
795 5298 1085 5377 βουληθεὶς
1132 5301 1298 5358 Αἷών.
1330 5302 1491 5377 Clare
1538 5302 1648 5359 hoc
1698 5309 2001 5377 peccatum

361 5373 679 5460 diaboli-ex
707 5373 984 5460 superbia
1013 5376 1142 5460 ejus
1176 5392 1343 5460 pinna
1372 5373 1777 5460 scelerumque
1798 5392 1875 5460 ex
1904 5376 2005 5459 illa

358 5447 767 5519 castigatione,
787 5447 865 5502 ’ut
896 5462 957 5502 se
988 5447 1268 5502 adversus
1299 5451 1480 5502 Deum
1511 5447 1739 5518 erigant
1760 5447 2003 5519 etquasi

358 5533 484 5601 a_se
504 5518 631 5601 sibi
650 5534 785 5601 esse
800 5522 1027 5601 etoquas
1050 5518 1355 5601 possident
1374 5518 1542 5575 dotes
1563 5519 1827 5601 tribuant
1848 5536 1864 5601 ξ
1899 5534 2006 5601 nec

359 5588 475 5644 alia
502 5590 560 5660 in
593 5590 723 5647 istis
753 5588 949 5647 desint
976 5588 1122 5645 veras
1150 5588 1285 5644 ﬁdei
1326 5605 1604 5660 consona,
1655 5590 1755 5644 sed
1789 5588 2006 5660 fabulis

357 5659 621 5719 immista
647 5660 887 5736 illisque
913 5660 1144 5731 obruta,
1176 5660 1395 5734 quibus
1422 5661 1509 5719 sic
1538 5659 1781 5733 superbi
1809 5659 2007 5717 homi-

2112 5320 2216 5361 nes
2246 5308 2305 5361 et
2332 5304 2432 5363 aui
2467 5304 2725 5361 scientia
2757 5321 2948 5361 arcem
2980 5309 3175 5361 tenere
3204 5304 3263 5360 in
3295 5303 3650 5363 Christianis
3673 5304 3764 5361 vi-

2113 5321 2216 5361 nes
2246 5321 2305 5361 ει
2376 5322 2432 5360 ul
2467 5321 2725 5361 scientia
2757 5321 2948 5361 arcem
2980 5321 3175 5361 tenere
3204 5322 3263 5360 in
3295 5321 3650 5363 unrisuanis
3673 5322 3764 5361 v1-

2113 5378 2249 5431 dere
2274 5321 2510 5442 verilent,
2538 5377 2595 5431 in
2623 5377 2965 5432 confusione
2995 5393 3103 5432 sua
3127 5376 3372 5447 gloriam
3405 5382 3764 5447 quaret-ent,

2112 5463 2361 5520 eamque
2392 5446 2538 5503 inter
2565 5447 2798 5520 Satanas
2830 5446 3274 5519 primogenitos,
3299 5446 3468 5520 quasi
3503 5448 3765 5520 apostoli

2112 5517 2357 5575 Joannis
2387 5517 2620 5575 oraculo
2646 5517 2947 5575 haberent.
2978 5517 3231 5575 Censes.
3319 5517 3336 5520 ⁷
3384 5576 3385 5579 η

2184 5590 2294 5667 (93)
2329 5586 2625 5667 Φυγόντες.
2658 5588 2840 5667 Haud_
2857 5589 2977 5646 seio
3015 5606 3089 5647 an
3120 5589 3313 5647 verius
3342 5586 3637 5665 φυγόντος,
3666 5604 3765 5667 εοα

2115 5659 2299 5719 nitivo
2328 5659 2492 5733 casu,
2524 5665 2593 5719 ut
2619 5675 2776 5718 mox.
2805 5660 2975 5719 εγω.
