4006 6200
248 328 329 384 ϐτί

237 454 348 517 hoc
362 447 449 505 ἄνευ
470 448 635 519 ἡμῶν,
666 440 819 520 φασίν
939 439 1163 502 εΐκότως
1215 436 1348 516 ὑπὲρ
1391 438 1554 513 ἡμῶν
1617 435 1767 494 δέον·
1793 443 1846 513 Α

240 564 315 599 ται.

276 630 353 693 Ας’.
377 630 445 684 ἐν
470 625 660 695 ἕνότητι
689 621 940 698 μέντοιγε
968 615 1391 696 προεϐλήθησαν
1441 619 1495 674 οἱ
1544 614 1770 695 ἄγγελοι

222 722 351 790 ἡμῶν,
391 714 546 791 φασὶν,
586 708 858 782 εἰσιόντες,
912 711 986 773 ὡς
1042 711 1148 765 ἀπὸ
1209 709 1327 771 ἑνὸς
1386 707 1768 783 προελθόντες.

216 808 320 866 Ἐπεέ
344 804 390 860 δὲ
409 808 551 878 ἡμεῖς
576 803 731 876 ἦμεν,
766 801 818 856 οἱ
848 799 1262 876 μεμερισμένοι,
1289 795 1381 854 διὰ
1407 801 1573 853 τοῦτο
1600 791 1770 851 ἐϐαπ-

217 898 350 951 τίσατο
386 896 410 948 6
452 895 662 963 Ἰησοῦς,
707 889 771 945 τό
827 890 1116 964 ἀμέριστον
1171 894 1513 964 μερισθῆναι,
1571 886 1770 960 μέχρις

215 990 318 1058 ἡμᾶς
356 982 505 1057 huic“
552 980 729 1044 αὐτοῖς
775 978 853 1042 εἰς
898 979 961 1033 τὸ
1008 974 1442 1054 Ηλήρωμα,⁹ίνα
1494 978 1660 1049 ἡμεῖς
1719 973 1773 1028 οἱ

215 1072 364 1127 πολλοί
406 1072 452 1125 ἓν
500 1069 793 1145 γενόμενοι,
818 1069 872 1123 οἱ
922 1067 1118 1129 πάντες
1162 1071 1244 1139 τῷ
1291 1065 1365 1121 ἑνὶ
1413 1068 1494 1137 τῷ
1524 1061 1595 1119 δι’
1623 1065 1773 1137 ἡμᾶς

217 1162 448 1238 Inpleat”:
474 1160 872 1234 ἂνακραθῶμεν.
1424 1200 1425 1203 η

260 1347 347 1396 ΑΖ.
372 1340 428 1397 Οἱ
473 1340 570 1394 ἀπὸ
600 1335 781 1411 Ἀδὰμ
823 1334 1150 1410 ἓξελθόντες,
1182 1335 1233 1390 οἱ
1287 1332 1382 1407 μὶν
1428 1330 1653 1400 δίκαιοι,
1686 1328 1777 1386 διὰ

212 1435 284 1484 τῶν
307 1428 592 1501 ἐκτισμένων
635 1430 735 1497 τὴν
787 1423 912 1481 ὁδὸν
952 1424 1299 1498 ποιούμενοι,
1330 1422 1477 1497 παρὰ
1513 1425 1593 1494 τῷ
1621 1422 1776 1494 τόπῳ

210 1519 471 1594 κατείχοντο,
501 1516 632 1571 κατά
659 1514 788 1577 τοὺς
817 1511 1303 1574 Οὖαλεντινιανοός
1334 1530 1347 1544 ’
1382 1511 1437 1565 οἱ
1470 1508 1527 1565 δὶ
1571 1507 1775 1586 ἓτεροι,

211 1607 320 1678 ἐντῷ
337 1612 419 1661 τοῦ
440 1607 627 1660 σκότου
657 1604 955 1677 ἑκτισμὲνῳ
987 1603 1037 1658 έν
1068 1607 1187 1665 τοῖς
1217 1601 1523 1676 ἀριστεροῖς
1555 1597 1776 1674 ἔχοντες

214 1696 478 1766 συναίσθησιν
505 1700 597 1751 τοῦ
622 1696 816 1770 πυρός.

259 1788 354 1841 .tll'.
378 1785 609 1857 Ππαμός
640 1782 987 1860 ἐκπορεύεται
1020 1782 1187 1855 πυρὸς
1219 1781 1475 1883 ὑποκάτω
1527 1782 1627 1883 τοῦ
1657 1776 1783 1883 θρόῇ
1809 1818 1858 1883 Β

215 1895 275 1927 νου
294 1877 369 1927 τοῦ
391 1874 570 1945 τόπου,
592 1873 683 1928 καὶ
715 1872 799 1948 ῥεῖ
829 1871 905 1933 εἰς
935 1872 997 1927 τὸ
1024 1872 1176 1926 κενὸν
1206 1874 1303 1924 τοῦ
1351 1867 1669 1941 έκτισμένου
1702 1887 1714 1899 ·
1749 1865 1780 1921 6'

215 1964 311 2019 έπιν
355 1967 385 2033 ἡ
425 1963 597 2041 γέεννα
644 1965 754 2019 ἀπὸ
799 1963 1025 2027 κτίσεως
1067 1966 1164 2018 τοῦ
1210 1961 1384 2037 πυρὸς
1428 1959 1664 2035 ῥέοντος,
1701 1958 1776 2030 μὴ

217 2054 526 2127 πληρουμένης
555 2056 693 2127 (94).
726 2053 833 2109 Καὶ
865 2052 1023 2114 αὐτὸς
1044 2048 1101 2106 δὲ
1130 2052 1159 2106 6
1187 2051 1354 2112 τόπος
1386 2048 1613 2123 πύρινός
1645 2045 1776 2104 ἐστι.

216 2143 281 2195 Διὶ
318 2147 470 2208 τοῦτο,
495 2142 650 2221 φησί,
684 2142 1071 2214 καταπέτασμα
1110 2137 1251 2215 ἔχεο,
1294 2138 1385 2193 ’ίνα
1439 2138 1513 2210 μὴ
1566 2135 1626 2191 ἐκ
1680 2142 1781 2206 τῆς

218 2232 457 2304 προσόψεως
483 2230 743 2305 ἀναλωθῇ
772 2232 840 2286 τὰ
868 2229 1180 2307 πράγματα.
1215 2230 1391 2290 Μόνος
1424 2224 1482 2281 δὲ
1512 2228 1541 2281 δ
1567 2225 1779 2301 ἀρχάγ-

215 2316 327 2390 γελος
361 2320 640 2396 είσὲρχεται
692 2321 829 2396 πρὸς
886 2319 1070 2388 αὐτὸν,
1103 2318 1169 2373 οὗ
1223 2318 1338 2373 κατ’
1369 2314 1547 2372 εἰκόνα
1601 2314 1692 2369 καὶ
1751 2315 1779 2369 6

216 2406 427 2481 ἀρχιερεὺς
644 2413 746 2464 τοῦ
795 2405 1039 2464 ἐνιαυτοῦ
1086 2405 1163 2470 εἷς
1206 2407 1275 2461 τὰ
1321 2408 1444 2483 ἅγια
1469 2409 1577 2460 τῶν
1607 2402 1778 2479 ἁγίων

215 2497 349 2569 εἰσῄει.
376 2500 539 2555 Ἔνθεν
569 2498 665 2553 καὶ
698 2500 727 2553 6
756 2499 969 2568 Ἰησοῦς
997 2494 1373 2572 παρακληθεὶς
1415 2494 1773 2563 συνεκαθέσθη

213 2588 265 2654 τῷ
302 2585 439 2658 τόπῳ,
462 2585 549 2642 ’ἱνα
607 2587 750 2662 μένῃ
799 2586 869 2641 τὰ
916 2587 1206 2660 πράγματα
1234 2583 1324 2639 καὶ
1358 2584 1435 2657 μὴ
1465 2584 1777 2658 προαναστῇ

211 2670 338 2740 ώτοῦ,
361 2674 436 2729 καὶ
466 2673 551 2730 ἵνα
582 2676 684 2731 τὸν
726 2674 895 2731 τόπον
938 2675 1227 2750 ἡμερώσῃ,
1260 2673 1349 2729 καὶ
1396 2677 1477 2746 τῷ
1507 2674 1777 2746 σπέρματι

215 2756 340 2816 δίοδον
364 2764 429 2828 εἰς
451 2763 742 2841 Πλήρωμα
767 2770 1050 2841 παράσχῃ·

258 2854 343 2908 ΑΘΖ
384 2854 437 2910 Ἡ
468 2857 653 2930 μήτηρ
701 2848 1056 2929 προϐαλοῦσα
1108 2853 1200 2908 τὸν
1251 2853 1477 2927 Χριστὸν
1529 2846 1776 2921 ὁλόκλη-

212 2957 289 3009 ρον,
308 2942 380 2994 καὶ
406 2942 484 2997 ὑπ’
510 2942 683 2999 αὐτοῦ
712 2941 1148 3018 καταληφθεῖσα,
1179 2945 1277 2996 τοῦ
1309 2939 1508 2996 λοιποῦ
1552 2940 1651 2996 οὐκ
1696 2938 1775 2995 ἔτι

212 3026 315 3083 ὠδὶν
336 3026 608 3107 προέϐαλεν
638 3030 984 3108 ὁλόκληρον,
1014 3029 1161 3086 ἀλλὰ
1204 3031 1272 3086 τὰ
1302 3027 1501 3086 δυνατᾶ
1532 3030 1659 3107 παρ’
1678 3028 1776 3084 αὖ·

210 3119 253 3186 τῇ
277 3120 490 3196 πρὲσχεν
509 3141 521 3153 '
554 3120 701 3177 ὥστε
728 3121 818 3176 καὶ
847 3125 943 3176 τοῦ
971 3121 1143 3175 τόπου
1172 3120 1263 3175 καὶ
1291 3124 1399 3174 τῶν
1427 3117 1653 3194 κλήρων
1682 3116 1773 3173 οὗν

209 3184 253 3259 1i
284 3184 501 3282 ἄγγελῖκά
540 3210 684 3279 αὐτή
733 3204 1147 3287 προϐάλλουσα,
1199 3209 1328 3285 παρ’
1377 3184 1773 3282 αὐτῇ-’κατέχει
1805 3184 1849 3253 C

208 3297 280 3346 τῶν
320 3296 552 3354 ἐκλεκτῶν
602 3305 720 3355 τῶν
778 3298 1082 3375 ἀγγελικῶν
1134 3298 1238 3354 ὑπὸ
1284 3300 1383 3353 τοῦ
1431 3295 1649 3374 ἄρρενος
1697 3291 1778 3351 ἔτι

213 3384 404 3459 πρότερον
429 3383 713 3465 προϐεϐλη
724 3389 922 3463 μένων.

258 3474 323 3530 Μ’.
344 3475 406 3530 Τὰ
432 3478 520 3549 μὲν
549 3479 661 3556 γὰρ
697 3476 843 3552 δεξιᾶ
869 3479 976 3554 πρὸ
1022 3483 1122 3547 τῆς
1146 3480 1243 3532 τοῦ
1272 3477 1453 3554 φωτὸς
1510 3474 1779 3547 αἰτήσεως

211 3564 447 3642 προηνέχθη
480 3568 580 3624 ὑπὸ
606 3574 717 3638 τῆς
762 3566 993 3644 μητρός,
1012 3566 1080 3621 τὰ
1110 3564 1167 3621 δὲ
1205 3564 1486 3642 σπέρματα
1512 3572 1614 3635 τῆς
1655 3566 1777 3621 Ἐκ-

211 3648 393 3724 ιλησίις,
421 3659 546 3729 μετὰ
594 3659 706 3727 τήν
752 3659 850 3712 τοῦ
894 3655 1075 3735 φωτὸς
1118 3653 1351 3726 αἴτησιν,
1384 3656 1473 3710 δτε
1523 3654 1626 3709 ὑπὸ
1679 3656 1777 3709 τοῦ

216 3734 371 3813 ίρᾆινος
392 3745 450 3799 τὰ
473 3745 643 3822 ἆγγελ
654 3746 749 3801 ικᾶ
774 3750 883 3801 τῶν
917 3743 1240 3822 σπερμάτων
1272 3737 1632 3820 προεϐάλετο.

261 3829 358 3889 IA'.
402 3834 477 3891 Τὰ
527 3833 859 3913 διαφέροντα
931 3834 1234 3909 σπέρματα,
1290 3832 1445 3911 φησὶ,
1506 3834 1646 3906 μήτε
1704 3832 1778 3895 ὡς

216 3916 331 3989 πάθη,
354 3921 415 3974 ὧν
455 3926 766 3997 Αυομὲνων,
796 3922 1063 3994 συνελόθη
1098 3921 1157 3977 ἃν
1194 3922 1283 3977 καὶ
1328 3923 1396 3977 τὰ
1446 3920 1728 3996 σπέρματα
1760 3941 1774 3956 ·

218 4006 313 4071 μήτε
332 4009 570 4070 ὡςκτίσιν
603 4010 1067 4087 προεληλυθέναι,
1100 4007 1228 4066 ἀλλ’
1259 4010 1335 4074 ὡς
1360 4011 1538 4067 τέκνα.
1568 4012 1774 4085 Ἀπαρ-

212 4097 423 4168 τιζομὲνης
449 4101 543 4176 γὰρ
587 4108 692 4171 τῆς
737 4099 986 4169 κτίσεως,
1018 4097 1420 4174 συναπηρτίσθη
1473 4096 1532 4154 ἂν
1576 4098 1664 4153 καὶ
1712 4097 1780 4153 τὰ

214 4181 450 4257 κέρματα·
482 4187 563 4245 διὸ
600 4190 693 4245 καὶ
723 4190 828 4258 τήν
853 4188 1161 4258 οἰκειότητα
1189 4186 1306 4262 ἔχει
1355 4188 1489 4263 πρὸς
1533 4188 1594 4242 τὸ
1638 4191 1777 4264 φῶς,

214 4266 415 4344 ὂπρῶτον
450 4282 753 4355 προήγαγε,
781 4277 1025 4333 τουτέστι
1070 4276 1164 4331 τὸν
1211 4276 1444 4347 Ἰησοῦν,
1477 4278 1505 4331 6
1548 4276 1780 4347 αἴτησά-

215 4376 325 4442 ξιιηος
360 4366 469 4428 τοὺς
513 4366 730 4429 Αἱῶνας
778 4366 1032 4442 Χριστὸς,
1064 4364 1117 4420 ἐν
1146 4365 1193 4436 ᾧ
1232 4360 1586 4435 συνδιυλίσθη
1642 4365 1780 4419 κατὰ

218 4439 376 4521 δ’ἓπμιν
415 4456 495 4509 καὶ
548 4456 614 4511 τὰ
669 4439 954 4531 σπέρματα
1006 4448 1334 4517 συνελθόντα
1382 4452 1530 4527 αὖτῷ
1587 4452 1662 4516 εἷς
1714 4454 1778 4508 τὸ

216 4532 429 4613 “Msz
455 4564 469 4578 ·
498 4544 639 4601 διότι
670 4545 779 4620 πρὸ
818 4537 1133 4613 καταϐολῆς
1162 4541 1374 4615 κόσμου
1414 4540 1639 4605 εῗκότως
1684 4538 1773 4598 λέ·
1806 4543 1852 4609 Ι)

214 4631 364 4708 mli;
390 4632 675 4704 Ἐκκλησία
703 4630 1052 4708 ἐκλελέχθαι.
1084 4633 1175 4689 Ἐν
1204 4630 1354 4707 ἀρχῇ
1400 4631 1582 4686 τοίνυν
1629 4652 1781 4687 συνε-

216 4704 490 4791 λυῐδίηημεν,
545 4722 699 4800 φασὶ,
746 4722 837 4777 καὶ
892 4704 1337 4799 έῷανερώθημεν.
1386 4721 1487 4775 Διὰ
1535 4723 1701 4776 τοῦτο
1748 4721 1778 4775 6

218 4802 355 4880 ἅπήρ
379 4807 509 4884 λέγει
540 4831 555 4844 ’
588 4812 875 4886 Λαμψάτω
912 4810 976 4865 16
1006 4814 1121 4888 φῶς
1172 4809 1351 4882 ὑμῶν,
1383 4807 1604 4882 μηνύων
1653 4809 1778 4885 περὶ

213 4892 279 4977 τοῦ
299 4895 445 4967 φωτὸς
492 4903 589 4954 τοῦ
640 4900 900 4977 φανέντος
956 4898 1047 4954 καὶ
1095 4897 1509 4975 μορφώσαντος,
1537 4895 1661 4973 περί
1716 4897 1779 4953 οὗ

218 4974 478 5049 Ἀκέστολος
532 4974 704 5065 λέγει,
733 4994 799 5046 Ὀ
850 4987 1073 5065 φωτίζει
1117 4974 1293 5041 πάντα
1347 4982 1631 5061 ἄνθρωπον
1690 4985 1781 5061 έρ-

216 5077 386 5135 κομινω
434 5072 505 5137 εἷς
553 5076 650 5131 τὸν
705 5074 935 5148 κόσμον,
955 5075 1046 5130 τὸν
1071 5077 1170 5130 τοῦ
1218 5070 1481 5151 διαφόρου
1529 5074 1781 5148 σπέρμα-

215 5168 292 5212 τος.
320 5160 424 5215 Ὅτε
467 5163 565 5238 γὰρ
619 5163 888 5238 ἰφωτίσθη
948 5164 977 5218 6
1028 5163 1338 5235 ἄνθρωπος,
1380 5161 1506 5217 τότε
1560 5160 1637 5227 εἷς
1684 5163 1776 5219 τὸν

214 5238 358 5313 κόσμων
406 5247 550 5321 ἦλθε,
606 5253 880 5308 τουτέστιν
938 5250 1127 5307 δαυτὸν
1184 5249 1475 5323 ἰκόσμησε,
1536 5249 1781 5326 χωρίσας

216 5326 331 5384 ύιοῦ
372 5336 427 5391 τὰ
478 5338 860 5398 ἰπισκοτοῦντα
913 5341 1005 5397 καὶ
1062 5339 1576 5415 συναναμεμιγμένα
1630 5337 1779 5412 αὖτῷ

897 315 1141 374 ΒῠΒιΔο
1172 339 1242 356 -
1269 310 1660 371 ΠΟΕΒΡΤΔ
1692 312 1783 371 sx

1893 314 2149 375 παρτ-ιε
2184 316 2567 387 ΤΗΕΟΒΟἸἹ,
2607 320 2761 379 ΕἰὉ.

3424 330 3532 388 678

1876 457 2113 498 causam
2136 442 2292 498 enim
2319 459 2390 499 ne
2411 446 2647 517 quidem
2674 451 2863 505 mater
2883 448 3105 522 absque
3127 453 3319 523 nobis,
3336 456 3526 525 aiunt,

1877 530 2144 602 ingressa
2173 530 2307 604 est),
2336 534 2652 591 verisimile
2681 542 2770 592 est
2812 540 2965 610 quod
2999 557 3103 613 pro
3136 543 3305 599 nobis
3336 550 3524 602 orent.

1948 619 2205 675 XXXVI.
2259 620 2318 675 In
2371 623 2650 679 unitatem
2701 631 2920 695 tamen,
2953 629 3141 696 aiunt,
3183 632 3371 705 angeli
3426 652 3528 689 no-

1879 708 1983 762 stri
2017 708 2262 781 ingressi
2300 712 2562 782 producti
2596 720 2754 781 sunt,
2790 720 2851 770 ut
2880 717 2980 788 qui
3031 720 3103 774 ab
3147 737 3262 776 uno
3296 737 3529 793 proces-

1880 801 2105 851 serunt.
2138 798 2424 863 Quoniam
2457 818 2587 857 vero
2620 819 2728 858 nos
2756 820 2993 861 eramus
3041 808 3142 879 qui
3193 810 3361 866 divisi
3402 812 3530 867 fue-

1880 901 2101 953 ramus,
2133 903 2261 942 eam
2302 890 2375 943 ob
2414 905 2652 947 causam
2704 892 2876 949 Jesus
2927 897 3256 966 baptizatus
3298 905 3408 969 est,
3442 899 3527 955 uti

1880 975 2029 1045 quod
2067 976 2178 1030 luit
2207 975 2524 1034 indivisum
2558 980 2937 1053 divideretur,
2959 984 3143 1041 donec
3166 985 3283 1042 illis
3309 988 3366 1045 in
3404 989 3529 1045 Ple-

1883 1061 2151 1118 nitudine
2179 1068 2236 1119 et
2265 1082 2371 1121 nos
2402 1068 2618 1136 uniret,
2650 1075 2715 1124 ut
2761 1087 2866 1126 nos
2913 1072 3082 1127 multi
3133 1091 3315 1131 unum
3371 1077 3526 1147 facti,

1882 1167 2088 1209 omnes
2121 1153 2246 1222 uni,
2269 1155 2367 1226 qui
2392 1172 2497 1228 pro
2519 1159 2688 1214 nobis
2718 1160 2944 1218 divisus
2974 1167 3115 1231 erat,
3141 1168 3530 1233 commiscea-

1885 1256 2040 1296 mur.

1955 1329 2219 1387 XXXVII.
2254 1333 2361 1398 Qui
2395 1334 2631 1405 quidem
2664 1337 2867 1393 Adami
2899 1345 3037 1398 sunt
3068 1345 3305 1415 posteri,
3340 1363 3407 1403 ex
3438 1347 3529 1405 his

1885 1420 2148 1475 nonnulli
2174 1422 2323 1491 justi
2346 1430 2505 1488 sunt,
2532 1426 2810 1483 nimirum
2842 1430 2941 1501 qui
2977 1447 3079 1503 per
3102 1436 3423 1492 creataiter
3443 1437 3529 1494 fa-

1885 1508 2107 1565 cientes
2155 1528 2187 1565 a
2237 1512 2361 1567 loco
2414 1513 2643 1571 fuerant
2690 1517 2930 1588 detenti,
2964 1523 3289 1579 secundum
3315 1525 3530 1582 Valen-

1886 1596 1993 1651 tini
2027 1614 2310 1669 sequaces
2346 1618 2360 1656 :
2391 1601 2487 1657 alii
2522 1608 2715 1659 autem
2744 1605 2803 1661 in
2838 1609 3213 1668 tenebrarum
3245 1620 3439 1671 creato
3468 1615 3529 1673 in

1886 1684 2166 1757 sinistris,
2196 1689 2295 1760 qui
2328 1690 2483 1762 ignis
2513 1708 2689 1748 sensu
2723 1701 2862 1751 sunt
2891 1697 3100 1753 affecti.

1957 1774 2247 1834 XXXVIII.
2282 1777 2522 1836 Fluvius
2568 1778 2778 1853 igneus
2809 1786 2920 1840 sub
2952 1785 3163 1844 throno
3192 1788 3301 1845 loci
3333 1791 3535 1865 ingre-

1889 1862 2181 1935 diebatur,
2215 1872 2272 1921 et
2304 1866 2436 1923 fluit
2484 1869 2539 1923 in
2593 1872 2896 1928 cavitatem
2930 1877 3126 1945 creati,
3159 1894 3287 1949 quae
3319 1862 3531 1953 estho-

1891 1952 2105 2020 benna,
2129 1970 2375 2027 quasque
2396 1973 2429 2012 a
2452 1966 2730 2031 perpetuo
2752 1961 2906 2033 ignis
2940 1962 3099 2020 ﬂuxu
3130 1966 3285 2023 haud
3318 1952 3535 2042 imple-

1888 2042 2147 2098 tur.lnsu
2157 2060 2258 2115 per
2276 2044 2507 2102 locutus
2526 2047 2651 2119 ipse
2670 2049 2878 2121 igneus
2900 2062 3005 2108 est.
3031 2053 3530 2129 Propterea,dicit,

1887 2131 2149 2188 velamen
2204 2135 2381 2191 habet
2412 2141 2475 2192 ut
2516 2154 2584 2194 ex
2626 2148 2937 2213 conspectu
3001 2162 3092 2203 res
3150 2165 3265 2203 non
3324 2150 3534 2208 dissol-

1888 2212 2121 2278 vantur.
2153 2223 2328 2279 Solus
2359 2242 2491 2283 vero
2520 2228 2905 2302 archangelus
2950 2235 3021 2289 ad
3070 2235 3237 2293 illum
3270 2238 3536 2311 ingredi-

1888 2314 2005 2379 tur,
2038 2314 2149 2369 sub
2180 2316 2352 2384 cujus
2382 2317 2637 2389 imagine
2671 2320 2922 2390 pontifex
2951 2325 3131 2380 semel
3176 2326 3235 2381 in
3285 2345 3438 2384 anno
3470 2330 3530 2384 in

1887 2400 2097 2457 Sancta
2126 2408 2463 2460 sanctorum
2493 2405 2950 2479 ingrediebatur.
2984 2414 3124 2468 Inde
3153 2414 3325 2472 etiam
3358 2418 3536 2474 Jesus

1887 2494 2161 2547 evocatus
2192 2491 2316 2548 loco
2346 2496 2629 2566 consedit,
2655 2502 2717 2551 ut
2747 2514 2839 2553 res
2863 2507 3137 2557 maneant
3167 2509 3223 2559 et
3253 2522 3364 2561 non
3400 2512 3534 2563 ante

1889 2578 2075 2650 ipsum
2107 2586 2370 2654 surgant,
2407 2589 2589 2655 utque
2618 2583 2811 2641 locum
2845 2592 3288 2665 mansuefaciat,
3322 2599 3385 2650 ut
3432 2595 3532 2651 de-

1889 2668 2067 2739 nique
2113 2670 2323 2725 semini
2374 2674 2690 2729 transitum
2738 2675 2797 2731 in
2848 2677 3275 2738 Plenitudinem
3308 2685 3533 2755 praebe-

1888 2761 1992 2812 ret.

1956 2845 2201 2904 XXXIX.
2226 2853 2405 2905 Mater
2424 2854 2737 2923 postquam
2761 2853 3062 2913 Christum
3083 2857 3375 2931 integrum
3402 2877 3535 2933 pro-

1886 2936 2149 3000 duxerat,
2170 2944 2228 2994 et
2249 2940 2320 2995 ab
2332 2941 2530 2996 eodem
2557 2942 2668 2997 fuit
2688 2944 2985 3017 derelicta,
3009 2951 3213 3017 postea
3235 2950 3380 3006 nihil
3405 2968 3530 3008 am-

1886 3025 2041 3098 plius
2064 3026 2357 3100 integrum
2373 3030 2741 3102 protulit,sed
2758 3032 3136 3107 illa,quorum
3153 3054 3433 3096 concessa
3444 3045 3535 3098 est

1886 3114 1968 3169 illi
2005 3115 2272 3183 facultas,
2308 3119 2576 3189 praebuit.
2606 3125 2811 3192 Itaque
2841 3123 3064 3196 absque
3094 3125 3220 3183 loco
3242 3128 3533 3203 clarisque

1887 3219 2021 3259 cum
2068 3204 2197 3277 ipsa
2234 3207 2475 3279 angelos
2522 3209 2898 3281 produxerat,
2929 3215 3081 3285 apud
3137 3232 3199 3271 se
3247 3218 3530 3287 continet,

1885 3292 2084 3349 electis
2113 3294 2455 3367 angelorum
2479 3314 2511 3352 a
2534 3297 2796 3355 masculo
2832 3301 2997 3372 prius
3024 3304 3347 3374 productis.

1955 3471 2066 3527 XL.
2104 3474 2309 3529 Dextra
2352 3474 2586 3545 quidem
2617 3480 2752 3533 ante
2784 3479 2932 3535 lucis
2966 3481 3304 3552 petitionem
3336 3502 3370 3539 a
3402 3502 3532 3543 ma-

1883 3566 1974 3618 tre
2005 3562 2243 3617 fuerunt
2288 3564 2589 3635 producta,
2634 3567 2862 3623 semina
2905 3585 3038 3627 vero
3086 3571 3353 3628 Ecclesiae
3403 3577 3536 3645 post

1886 3651 2036 3708 lucis
2066 3652 2429 3723 petitionem,
2463 3669 2595 3709 cum
2627 3671 2661 3710 a
2687 3657 2948 3714 masculo
2996 3660 3223 3717 semina
3269 3662 3535 3736 angelica

1887 3740 2169 3813 products
2200 3746 2358 3796 sunt.

1955 3835 2019 3901 ›ι‹
2046 3828 2181 3883 XLI.
2204 3828 2560 3886 Excellentia
2591 3832 2833 3898 semina,
2868 3834 2970 3906 ait,
3000 3852 3105 3892 nec
3154 3842 3219 3894 ut
3267 3840 3537 3914 affectus,

1887 3918 2099 3990 quibus
2128 3916 2338 3973 solutis
2368 3923 2426 3974 et
2454 3920 2681 3977 semina
2729 3939 2848 3979 una
2894 3923 3296 3997 solverentur;
3348 3947 3540 4003 neque

1886 4010 1950 4060 ut
1971 4009 2241 4060 creatura
2266 4007 2529 4076 quasdam
2563 4009 2928 4084 prodierunt,
2951 4014 3051 4069 sed
3078 4020 3143 4070 ut
3166 4016 3292 4071 ﬁlii.
3310 4018 3538 4092 Quippe

1886 4093 2177 4149 creatione
2206 4093 2420 4161 soluta,
2443 4096 2667 4154 semina
2687 4115 2920 4172 quoque
2937 4102 3116 4158 simul
3139 4109 3279 4161 sunt
3299 4106 3533 4165 soluta:

1887 4188 2244 4255 quapropter
2262 4183 2438 4239 etiam
2461 4202 2592 4241 cum
2617 4186 2744 4244 luce
2766 4191 3257 4249 necessitudinem
3292 4194 3536 4264 habent,

1888 4289 2065 4344 quam
2099 4272 2286 4343 primo
2319 4274 2612 4344 produxit,
2637 4293 2847 4348 nempe
2875 4278 3101 4345 Jesum,
3131 4281 3400 4338 Christus
3431 4286 3531 4355 qui

1885 4367 2096 4417 Bonas
2126 4360 2310 4431 petiit,
2342 4361 2401 4415 in
2434 4378 2548 4432 quo
2578 4369 2636 4418 et
2665 4365 2892 4420 semina
2921 4383 3053 4422 cum
3088 4384 3155 4423 eo
3186 4369 3243 4423 in
3276 4370 3533 4427 Plenitu-

1888 4451 2082 4505 dinem
2117 4449 2401 4522 ingressa,
2434 4449 2705 4506 similiter
2734 4470 2836 4524 pro
2862 4454 3014 4509 virili
3046 4456 3322 4514 defaecata
3370 4464 3532 4531 sunt,

1882 4537 2161 4611 quoniam
2178 4541 2311 4593 ante
2324 4537 2486 4608 jacta
2516 4541 2723 4595 mundi
2756 4543 3139 4600 fundamenta
3169 4548 3375 4603 merito
3393 4548 3535 4604 dici-

1884 4631 1981 4683 tur
2002 4625 2259 4681 Ecclesia
2280 4626 2463 4681 fuisse
2483 4626 2684 4683 electa.
2711 4629 2907 4700 Itaque
2927 4630 2985 4686 in
3009 4631 3315 4704 principio,
3342 4636 3531 4704 aiunt,

1887 4720 1946 4772 et
1993 4730 2099 4771 nos
2150 4713 2318 4770 electi
2367 4716 2845 4790 manifestatique
2896 4737 3123 4778 sumus.
3159 4724 3309 4780 Dicit
3352 4726 3535 4797 igitur

1888 4804 2148 4862 Salvator
2179 4820 2192 4859 :
2224 4803 2515 4874 Splendeat
2544 4805 2647 4860 lux
2672 4814 2858 4863 vestra
2888 4809 2984 4883 (α),
3009 4810 3278 4870 indicans
3308 4831 3410 4871 seu
3442 4815 3535 4873 lo-

1887 4909 2077 4966 quens
2107 4892 2178 4948 de
2203 4890 2331 4948 luce
2384 4891 2547 4949 illius
2576 4895 2677 4966 qui
2707 4899 2980 4969 apparuit
2999 4904 3055 4955 et
3075 4901 3532 4975 transformavit,

1888 4982 1959 5039 de
2007 4997 2124 5054 quo
2173 4980 2474 5052 apostolus
2521 4981 2756 5054 inquit:
2808 4986 2921 5056 Qui
2976 4988 3264 5046 illuminat
3319 5007 3534 5050 omnem

1889 5070 2163 5127 hominem
2189 5068 2495 5125 venientem
2513 5070 2576 5127 in
2597 5073 2870 5130 mundum
2892 5075 2986 5146 (b),
3008 5077 3114 5134 hoc
3134 5084 3222 5136 est
3241 5082 3531 5138 mundum

1887 5158 2133 5217 seminis
2164 5157 2522 5215 excellentis.
2546 5160 2691 5217 Cum
2722 5165 2878 5219 enim
2910 5163 3279 5225 illuminatus
3308 5175 3397 5226 est
3427 5171 3534 5226 ho-

1888 5265 2006 5316 mo,
2038 5253 2179 5304 tunc
2207 5247 2267 5303 in
2299 5249 2589 5305 mundum
2628 5251 2804 5323 venit,
2835 5252 2943 5310 hoc
2991 5259 3099 5325 est,
3128 5258 3389 5329 seipsum
3436 5275 3530 5314 or-

1888 5338 2050 5394 navit
2077 5336 2364 5407 separatis
2385 5353 2419 5393 a
2438 5352 2501 5394 se
2536 5339 2787 5397 tenebris
2816 5346 2876 5397 et
2906 5342 3279 5415 passionibus
3308 5344 3394 5400 illi
3428 5346 3532 5401 ad-

268 5476 315 5539 ιιι
335 5478 385 5536 Ρ.
408 5483 506 5540 969
533 5485 654 5543 ED.
688 5485 980 5543 POTI'ER.
1056 5485 1134 5558 (a)
1165 5483 1372 5542 Matth.
1404 5499 1462 5551 ν,
1496 5484 1581 5538 16.
1662 5485 1734 5555 (b)
1763 5484 1932 5541 Joan.
1966 5497 2006 5549 1,
2034 5479 2091 5535 9.

268 5618 349 5691 (94)
372 5622 766 5703 Πληρουμινης.
797 5628 1184 5689 Scribendum
1215 5626 1417 5703 potius
1446 5623 1783 5701 πληρουμέν-

1893 5628 1935 5681 it
1964 5622 2252 5680 referatur
2279 5621 2352 5677 ad
2380 5617 2587 5694 γέεννα.
