4006 6200
425 375 532 430 683

1666 377 2005 432 CLEMENS
2045 375 2609 432 ALEXANDRINUB

3733 373 3856 428 684

425 518 560 555 nam
594 499 851 555 animam
882 502 939 555 et
970 500 1327 556 meterialem
1356 499 1676 556 fabricatus
1707 499 2068 568 est,rationis

2202 495 2359 572 πεώδη
2408 497 2500 553 καὶ
2555 495 2744 566 ὑλινὴν
2787 495 3108 572 ἓτεκτῂνατο
3153 495 3378 572 ἄλογον,
3433 497 3525 552 καὶ
3575 503 3678 568 τῆς
3735 502 3866 552 τῶν

427 594 746 660 expertem,
777 590 1164 661 ejusdemque
1197 607 1328 645 cum
1382 590 1705 646 bestiarum
1761 589 2073 646 animabus

428 679 790 735 substantiae.
825 679 930 734 Hic
959 683 1048 734 est
1079 679 1276 746 homo,
1310 679 1412 750 qui
1455 680 1528 735 ad
1579 679 1895 752 imaginem
1929 697 1940 735 :
1973 678 2075 751 qui

427 784 564 824 vero
596 769 664 823 ad
693 768 881 840 ipsius
915 768 1209 839 Demiurgi
1241 768 1714 839 similitudinem,
1745 768 1844 824 ille
1874 774 1983 836 est,
2015 769 2074 823 in

431 874 605 929 quem
640 857 961 912 insufflavit
990 857 1413 930 inspiravitque
1442 859 1706 930 ejusdem
1733 858 2076 915 substantiae

433 947 773 1018 aliquid,illi
805 947 1146 1019 angelorum
1181 965 1354 1020 opera
1374 949 1739 1007 inserens.Et
1755 967 1820 1006 eo
1839 951 2075 1022 quidem

433 1041 700 1109 respectu
734 1055 847 1108 quo
879 1037 1194 1094 invisibilis
1215 1043 1305 1094 est
1323 1039 2076 1112 etincorporeus,substan-

433 1126 576 1181 tiam
610 1127 737 1196 ejus
765 1125 892 1181 vitae
925 1127 1129 1182 ﬂatum
1161 1127 1635 1200 appellavit,cum
1663 1134 1855 1186 autem
1889 1129 2082 1184 induit

436 1216 905 1284 formam,anima
937 1218 1124 1272 vivens
1152 1220 1231 1286 (α)
1265 1218 1450 1273 factus
1478 1220 1870 1290 est,quodque
1887 1218 1966 1274 ita
1997 1219 2082 1274 fu-

434 1309 632 1360 turum
663 1304 790 1376 ipse
820 1305 878 1360 in
911 1305 1148 1376 scriptis
1180 1306 1594 1379 prophetarum
1630 1309 1865 1363 fatetur.

505 1393 658 1450 356
694 1393 781 1449 LI.
809 1399 994 1450 Homo
1027 1397 1219 1466 itaque
1249 1401 1340 1451 est
1387 1396 1448 1451 in
1497 1396 1754 1468 homine,
1806 1395 2082 1452 animalis

434 1484 491 1537 in
525 1483 810 1550 terrestri,
845 1501 956 1540 non
992 1483 1047 1538 in
1084 1488 1245 1554 parte
1291 1502 1449 1556 pars,
1495 1487 1598 1541 sed
1647 1486 1706 1540 in
1751 1489 1872 1541 toto
1920 1490 2082 1541 totus

434 1572 710 1641 existens,
733 1572 792 1627 in
812 1572 1085 1645 ineﬂabili
1106 1574 1202 1628 Dei
1217 1575 1464 1646 potentia
1485 1575 1560 1646 (b)
1595 1593 1614 1630 .·
1637 1575 1792 1630 unde
1822 1574 1879 1630 in
1915 1591 2082 1647 para-

437 1661 653 1727 diso,in
685 1661 828 1717 cosio
860 1665 1068 1732 quarto
1099 1664 1600 1736 creaturzquippe
1631 1663 1770 1719 illuc
1800 1679 1934 1719 caro
1964 1667 2082 1718 ter-

437 1766 580 1805 rena
601 1766 716 1804 non
741 1751 1134 1818 ascendit,sed
1153 1756 1276 1806 erat
1297 1751 1504 1806 animae
1527 1752 1734 1808 divinas
1763 1769 1865 1825 pro
1887 1768 2082 1820 carne,

443 1840 596 1910 quod
633 1839 933 1894 materiale
963 1840 1232 1895 fuit.Haec
1262 1840 1484 1896 indicat
1515 1842 1736 1898 dictum
1769 1841 1914 1898 illud
1943 1859 1955 1896 :
1983 1843 2086 1897 Hoc

443 1943 592 1982 nunc
621 1944 676 1983 os
705 1944 776 1984 ex
803 1929 1015 1984 ossibus
1047 1931 1181 1985 meis
1212 1930 1303 2002 (ε).
1347 1932 1562 1986 Anima
1611 1932 1810 1986 divina
1853 1931 1985 2004 ipsa
2029 1932 2089 1986 in

449 2034 622 2074 carne
655 2017 843 2074 latens
874 2023 930 2074 et
957 2018 1146 2074 solida
1175 2036 1418 2091 quaeque
1450 2019 1603 2076 male
1633 2022 1838 2076 affecta
1867 2039 1934 2077 ac
1985 2038 2091 2092 po-

449 2107 668 2163 tentior
688 2112 797 2179 est,
822 2107 930 2162 hoc
952 2108 1012 2162 in
1036 2107 1161 2164 loco
1187 2109 1572 2181 signiﬁcatur.
1602 2113 1662 2165 Et
1685 2127 1812 2166 caro
1836 2110 1901 2166 de
1929 2125 2094 2166 carne

447 2213 592 2264 mea,
624 2197 883 2268 animam
915 2197 1275 2253 materialem
1326 2199 1653 2270 signiﬁcat;
1704 2217 1834 2271 qua:
1880 2200 2093 2255 divinas

2183 587 2385 662 θηρίων
2437 588 2753 660 ὁμοοῦσιον.
2794 588 2966 652 Οὗτος
3014 587 3132 643 κατ’
3191 586 3373 642 εἰκόνα
3432 588 3748 662 ἄνθρωπος·
3819 587 3860 640 6

2184 674 2242 731 δὲ
2296 677 2411 732 καθ’
2469 677 2735 749 ὁμοίωσιν
2792 677 2889 745 τὴν
2950 676 3116 732 αὐτοῦ
3153 679 3249 731 τοῦ
3297 680 3645 753 Δημιουργοῦ
3697 675 3856 732 ἐκεῖ·

2183 767 2270 828 νός
2313 764 2478 834 ἐστιν,
2520 766 2578 820 ’ὸν
2630 765 2706 828 εἰς
2749 769 2942 821 τοῦτον
2989 764 3307 844 ἐνεφύσησεν
3357 786 3416 821 τε
3453 767 3543 820 καὶ
3594 764 3857 821 Evictu—

2188 875 2302 932 ρεν,
2333 854 2627 928 ὁμοούσιόν
2672 876 2723 910 τι
2755 854 2900 928 αὐτῷ
2945 853 3014 911 δι’
3044 851 3290 931 ἀγγέλων
3338 853 3523 919 ἐνθείς·
3571 854 3705 920 καθὸ
3744 856 3858 928 μὲν

2186 943 2414 1020 ἀόρατός
2451 943 2680 998 ἐστικαὶ
2729 945 3044 1018 ἀσώματος,
3090 945 3190 1014 τὴν
3246 943 3427 999 οὐσίαν
3471 943 3633 1000 αὐτοῦ
3663 945 3860 1014 πνοὴν

2191 1036 2338 1103 ζωῆς
2388 1039 2668 1108 προσεῖπε·
2733 1035 3022 1112 μορφωθὲν
3076 1031 3155 1106 δὲ,
3214 1036 3368 1108 ψυχή
3419 1038 3563 1104 ζῶσα
3600 1033 3862 1109 ἐγένετο·

2189 1121 2320 1198 ὅπερ
2380 1124 2512 1178 εἶναι
2567 1123 2658 1179 καὶ
2715 1122 2880 1187 αὐτὸς
2935 1123 2989 1181 ἐν
3017 1129 3136 1186 ταῖς
3190 1130 3557 1202 προφητικαῑς
3598 1127 3859 1202 γρασραῖς

2189 1213 2475 1289 ὁμολογεῖ.

2262 1392 2386 1448 ΝΑ’.
2420 1393 2746 1464 ’Ἄνθρωπος
2794 1397 2923 1469 γοῦν
2956 1392 3098 1448 ἐστιν
3149 1392 3199 1448 ἐν
3257 1393 3548 1468 ἀνθρώπῳ,
3603 1393 3863 1468 ψυχικὸς

2191 1477 2241 1534 ἐν
2277 1484 2478 1555 χοἰκῷ,
2511 1481 2576 1536 οὐ
2611 1481 2761 1558 μέρει
2797 1481 2983 1559 μέρος,
3013 1479 3160 1537 ἀλλὰ
3190 1479 3307 1555 ὅλῳ
3355 1480 3484 1544 ὅλος
3523 1483 3718 1553 συνὼν,
3750 1482 3860 1558 ἆῤ-

2195 1567 2346 1644 ῥήτῳ
2395 1566 2618 1642 δυνάμει
2670 1575 2825 1626 Θεοῦι
2878 1569 2996 1634 ὅθεν
3048 1569 3098 1626 ἐν
3153 1575 3231 1642 τῷ
3277 1567 3586 1644 παραδείσῳ
3631 1575 3714 1643 τῷ
3754 1591 3861 1626 τε-

2190 1659 2372 1733 τάρτῳ
2424 1663 2642 1731 ουρανῷη
2685 1657 3120 1734 δημιουργεῖταυ
3181 1657 3292 1714 ἐκεῖ
3341 1661 3446 1735 γάρ
3497 1662 3664 1735 χοϊκὴ
3715 1661 3862 1735 σὰρξ

2195 1745 2294 1801 οὐκ
2343 1741 2639 1818 ἀναϐαίνει,
2667 1745 2793 1802 ἀλλ’
2823 1747 2892 1816 ἦν
2937 1750 3006 1821 τῇ
3055 1749 3208 1822 ψυχῇ
3258 1747 3374 1819 Θείᾳ
3405 1751 3476 1820 (ﬁ)
3503 1749 3616 1802 οἷον
3648 1749 3782 1823 σὰρξ
3812 1751 3860 1818 ἡ

2197 1835 2384 1906 ὑλική.
2435 1841 2610 1891 Ταῦτα
2656 1836 2950 1910 σημαίνει,
2999 1838 3174 1894 Τοῦτο
3222 1840 3311 1891 νῦν
3371 1837 3558 1893 ὀστοῦν
3617 1837 3677 1894 ἐκ
3735 1843 3860 1894 τῶν

2201 1924 2372 1980 ὀστῶν
2428 1947 2553 1998 μουο
2607 1927 2707 1996 τήν
2755 1927 2899 1990 θείαν
2961 1927 3146 2002 ψυχὴν
3192 1926 3482 1983 αἰνίσσεται
3541 1928 3638 1997 τήν
3692 1927 3864 2004 ἐγκε-

2198 2016 2519 2091 κρυμμένην
2573 2019 2640 2089 τῇ
2694 2015 2852 2092 σαρκὶ
2897 2018 2988 2070 καὶ
3045 2016 3261 2092 στερεὰν
3319 2015 3408 2071 καὶ
3459 2013 3703 2086 δυσπαθῆ
3757 2018 3866 2071 καὶ

2201 2101 2603 2178 δυνατωτέρανο
2662 2105 2764 2162 Καὶ
2819 2105 2944 2178 σὰρξ
3001 2103 3060 2159 ἐκ
3124 2111 3222 2175 τῆς
3281 2106 3476 2179 σαρκός
3538 2124 3683 2178 μου·
3744 2107 3860 2175 τήν

2202 2191 2397 2262 ὑλικήν
2445 2195 2652 2269 ψυχὴν,
2704 2197 2863 2266 σῶμα
2912 2193 3070 2248 οὖσαν
3118 2197 3218 2264 τῆς
3269 2194 3412 2259 θείας
3459 2197 3664 2270 ψυχῆς.
3713 2197 3861 2268 Περὶ

2198 2283 2405 2338 τούτων
2436 2288 2542 2338 τῶν
2578 2283 2720 2338 δυεῖν
2752 2283 2841 2338 καὶ
2880 2283 2908 2338 ὁ
2954 2285 3150 2358 Σωτήρ
3198 2283 3370 2361 λέγει,
3420 2279 3702 2362 φοϐεῖσθαι
3739 2282 3864 2340 δεῖν

2197 2374 2289 2428 τὸν
2346 2370 2639 2447 δυνάμενον
2710 2373 2913 2443 ταύτην
2988 2375 3086 2442 τὴν
3164 2374 3349 2449 ψυχὴν
3425 2373 3512 2429 καὶ
3566 2377 3735 2430 τοῦτο
3793 2375 3868 2428 τὸ

2203 2465 2362 2535 σῶμα
2393 2461 2453 2516 τὸ
2481 2461 2717 2536 ψυχικὸν
2748 2460 2799 2516 ἐν
2825 2461 3010 2538 γεέννῃ
3041 2461 3329 2521 ἀπολέσαι.

449 2284 655 2340 animae
678 2301 889 2357 corpus
910 2290 1018 2342 est.
1035 2286 1114 2341 De
1138 2291 1384 2358 utraque
1408 2287 1607 2342 anima
1625 2287 1884 2344 Salvator
1904 2288 2094 2361 loqui-

446 2379 562 2442 tur,
595 2391 729 2429 cum
761 2375 925 2442 dicit,
958 2376 1266 2431 timendum
1294 2393 1405 2432 esse
1434 2395 1580 2445 eum,
1611 2378 1710 2450 qui
1745 2387 1920 2450 potest
1967 2379 2092 2434 ani-

448 2481 593 2519 mam
616 2465 758 2520 hanc
779 2474 938 2538 atque
957 2466 1056 2521 hoc
1074 2467 1240 2522 etiam
1261 2481 1457 2538 corpus
1485 2466 1734 2524 animale
1755 2469 1816 2524 in
1839 2468 2093 2540 gehenna

445 2553 673 2621 perdere
730 2553 808 2625 ά).

519 2643 883 2699 Lll.Carnem
909 2642 1059 2698 hanc
1081 2644 1461 2700 adversarium
1484 2645 2088 2720 (e)vocavitSalv_ator.

446 2731 664 2788 Paulus
685 2731 860 2787 etiam
887 2733 1057 2801 legem
1081 2733 1192 2805 legi
1211 2734 1412 2789 mentis
1430 2750 1564 2790 mea:
1586 2745 1980 2806 repugnantem
1996 2735 2091 2808 (f);

2272 2644 2398 2700 NB’.
2451 2645 2626 2700 Τοῦτο
2673 2643 2735 2697 τὸ
2783 2641 3003 2717 σαρκίον
3054 2640 3323 2698 ἀντιδικον
3371 2643 3399 2698 6
3461 2643 3654 2718 Σωτήρ
3710 2642 3861 2713 εἶπε,

2199 2733 2288 2787 καὶ
2339 2733 2366 2788 6
2412 2730 2625 2793 Παῦλος
2696 2733 2863 2805 νόμον
2936 2731 3480 2807 ἀντιστρατευόμενον
3544 2736 3624 2803 τῷ
3686 2732 3862 2805 νόμῳ

446 2827 644 2878 monet
665 2837 895 2893 quoque
915 2821 1177 2876 Salvator
1198 2822 1456 2894 ligare(g)
1471 2839 1534 2878 ac
1554 2822 1804 2895 diripere
1824 2824 2080 2894 ejusdem

2202 2826 2296 2876 τοῦ
2353 2820 2474 2882 νοός
2522 2838 2646 2894 μου·
2704 2821 2792 2875 καὶ
2838 2817 2997 2886 δῆσαι
3045 2826 3298 2897 παραινεῖ
3342 2821 3431 2876 καὶ
3490 2820 3722 2896 ἁρπάσαι
3776 2819 3866 2883 ὡς

448 2929 588 2966 vasa
637 2911 805 2983 quasi
860 2911 1109 2982 potentis
1159 2911 1439 2966 adversus
1489 2914 1748 2967 animam
1801 2913 2080 2969 cmlestem

2203 2909 2432 2986 ἰσχυροῦ
2478 2911 2544 2964 τὰ
2592 2909 2779 2980 σκεύη,
2825 2913 2922 2964 τοῦ
2968 2908 3468 2984 ἀντιπολεμοῦντος
3510 2913 3578 2983 τῇ
3609 2907 3864 2984 οὐρανίῳ

450 3000 669 3056 bellum
695 2999 968 3071 gerentis,
991 3007 1299 3070 monetque
1328 3001 1456 3054 dum
1490 3002 1549 3055 in
1584 3002 1672 3055 via
1698 3017 1889 3056 sumus
1909 3002 1989 3073 (ἡ)
2019 3001 2080 3057 at

2202 3002 2380 3074 ψυχῇ,
2411 3000 2439 3053 6
2473 3001 2688 3073 Σωτήρο
2722 2997 2812 3053 καὶ
2842 2996 3207 3074 ἀπηλλάχθαι
3249 2998 3412 3055 αὐτοῦ
3457 3002 3705 3074 παραινεῖ
3753 3019 3863 3052 κα-

452 3089 572 3146 illis
605 3090 941 3159 hberari,ue
969 3089 1026 3144 in
1057 3105 1346 3144 carcerem
1375 3089 1708 3145 incidamus
1735 3095 1790 3146 et
1820 3109 2080 3163 pmnam:

2203 3089 2269 3144 τὰ
2308 3088 2407 3156 τὴν
2465 3086 2613 3160 ὁδὸν,
2665 3093 2740 3160 μῆ
2799 3091 2868 3161 τῇ
2925 3086 3142 3165 φυλακῇ
3199 3087 3575 3162 περιπέσωμεν
3631 3087 3719 3141 καὶ
3778 3089 3860 3160 τῇ

454 3178 726 3236 similiter
747 3179 810 3242 >X<
834 3183 889 3233 et
911 3177 1188 3234 benevolo
1218 3195 1358 3251 erga
1387 3195 1514 3233 eam
1547 3179 1744 3235 animo
1773 3181 2080 3250 simus,nei

2203 3177 2448 3234 κολάσει·
2485 3175 2692 3251 ὁμοίως
2723 3174 2780 3232 δὲ
2828 3175 2918 3232 καί
2965 3177 3167 3232 εὐνοεῖν
3201 3177 3346 3249 αὖτῷ
3375 3181 3472 3252 (5),
3515 3179 3590 3251 μή
3620 3176 3861 3254 τρέφον-

449 3277 817 3342 peccatorum
841 3267 1076 3323 licentia
1106 3267 1333 3323 alamus
1365 3272 1465 3322 aut
1496 3268 1671 3324 robur
1699 3271 2080 3339 conferamus,

2202 3287 2292 3329 τας
2341 3266 2431 3322 καὶ
2487 3265 2791 3341 ῥωννῦντας
2835 3269 2902 3340 τῇ
2964 3271 3074 3322 τῶν
3147 3265 3555 3341 ἁμαρτημάτων
3610 3263 3856 3336 ἐξουσίᾳ,

450 3359 549 3413 sed
579 3359 714 3412 inde
750 3357 874 3428 jam
928 3356 1352 3413 mortiﬁcamus
1404 3376 1434 3410 a
1483 3355 1700 3413 malitia
1741 3358 2080 3415 abstinendc

2202 3353 2328 3410 ἀλλ’
2368 3355 2603 3411 ἐντεῦθεν
2653 3359 2970 3428 νεκροῦντας
3017 3352 3126 3426 ἤδη
3176 3354 3266 3410 καὶ
3312 3352 3561 3425 ἐξίτηλον
3614 3354 3861 3428 ἀποφαί-

447 3447 777 3518 exilcmque
807 3446 1220 3512 reddamus,ut
1250 3446 1306 3500 in
1337 3445 1724 3502 dissolutione
1755 3463 1862 3503 sua
1890 3449 2080 3504 exstir'

2202 3465 2412 3514 νοντας,
2458 3443 2646 3519 ἀποχῇ
2691 3451 2791 3514 τῆς
2846 3442 3116 3519 πονηρίας
3151 3491 3164 3514 ,
3217 3441 3308 3498 τίνα
3366 3443 3419 3498 ἐν
3474 3447 3542 3509 τῆ
3600 3440 3860 3499 διαλύσει

442 3541 578 3608 pata
605 3540 782 3609 atque
813 3535 1036 3589 difﬂata
1064 3539 1391 3602 evanescat,
1442 3551 1633 3608 neque
1683 3552 1785 3608 per
1827 3554 1890 3594 se
1943 3538 2088 3592 sub-

438 3625 684 3682 sistendi
712 3624 1068 3693 facultatem,
1103 3628 1203 3680 aut
1235 3625 1413 3680 robur
1444 3625 1680 3698 aliquod
1713 3629 1780 3681 ut
1817 3625 1877 3688 in
1927 3631 2086 3683 tran-

438 3717 556 3771 situ
590 3732 691 3787 per
721 3714 918 3786 ignem
954 3717 1208 3780 maneat,
1244 3712 1526 3770 obtineat.

509 3823 779 3878 LIII.Hoc
809 3823 1096 3876 zizaniam
1127 3821 1190 3892 (ι)
1216 3820 1422 3875 animas
1455 3826 1791 3878 concretum
1823 3827 2082 3892 vocatur,

437 3916 587 3970 bono
621 3911 899 3967 nimirum
932 3909 1168 3965 semini.
1215 3913 1331 3965 Hoc
1379 3926 1579 3966 semen
1631 3911 1868 3983 diaboli,
1913 3913 2081 3985 quasi

435 4001 698 4073 ejusdem
733 4016 866 4055 cum
897 4015 962 4054 eo
994 3998 1362 4069 substantias,
1383 4003 1438 4054 et
1458 4015 1700 4072 serpens
1732 4001 2081 4073 supplanta-

434 4095 846 4161 torque,atque
876 4086 1048 4149 latro.
1069 4092 1246 4158 caput
1277 4089 1430 4159 regis
1457 4089 2081 4160 percutiens.Adamus

437 4185 633 4236 autem
669 4178 834 4233 habit
854 4177 1098 4232 obscure
1121 4176 1179 4230 in
1207 4176 1404 4246 seipso
1427 4176 1604 4247 inque
1626 4177 1879 4233 animam
1906 4196 2075 4236 suam

434 4285 636 4326 semen
667 4265 931 4339 spiritale
962 4282 996 4320 a
1023 4263 1319 4336 Sapientia
1348 4267 2076 4341 seminatum,ordina!um,

433 4359 534 4428 ait,
561 4373 660 4430 per
687 4355 909 4426 angelos
939 4355 998 4408 in
1028 4369 1198 4408 manu
1250 4352 1588 4409 mediatoris.
1643 4354 1908 4412 Mediator
1954 4375 2076 4414 vero

429 4451 597 4504 unius
629 4462 735 4502 non
766 4452 862 4510 est,
896 4445 1036 4499 Deus
1065 4447 1249 4499 autem
1277 4459 1420 4498 unus
1447 4453 1526 4498 est
1555 4443 1654 4516 (k).
1690 4449 1798 4500 Per
1840 4447 2076 4518 angelos

425 4539 627 4609 itaque
653 4533 945 4591 masculos
967 4533 1194 4589 semina
1215 4533 1628 4588 ministrantur
1649 4550 1775 4605 quae
1790 4535 2077 4607 aSapien-

2195 3533 2362 3608 ταύτῃ
2395 3531 2717 3612 διαφορηθέν
2763 3532 2852 3588 καὶ
2904 3530 3222 3588 διαπνεῦσαν
3274 3534 3348 3607 (6)
3381 3529 3545 3606 λάθῃ,
3587 3529 3732 3586 άλλᾶ
3767 3534 3855 3605 μὴ

2195 3625 2313 3687 καθ’
2343 3624 2473 3678 αὐτό
2502 3643 2650 3686 τινος
2684 3623 3029 3684 ὑποστάσεως
3061 3617 3394 3696 λαϐόμενον,
3423 3623 3524 3691 τήν
3557 3621 3714 3697 ἰσχὺν
3739 3619 3854 3698 ἔχῃ

2193 3713 2508 3789 παράμονον
2540 3713 2592 3768 ὲν
2624 3715 2692 3786 τῇ
2725 3709 2815 3767 διὰ
2839 3712 3008 3788 πυρὸς
3041 3707 3289 3784 διεξόδῳ.

2261 3829 2384 3880 NI".
2415 3825 2583 3876 Τοῦτο
2635 3819 2868 3890 ζιζάνιον
2919 3820 3242 3893 ὀνομάζεται
3287 3820 3527 3896 συμφυὲς
3684 3821 3855 3894 ψυχῇ

2187 3918 2268 3987 τῷ
2289 3916 2518 3988 χρηστῷ
2566 3909 2855 3986 σπέρματι.
2900 3911 3077 3966 Τοῦτο
3125 3908 3215 3964 καὶ
3267 3910 3482 3985 σπέρμα
3518 3913 3612 3964 τοῦ
3647 3905 3844 3964 διαϐό-

2188 3999 2290 4057 λου
2335 4001 2407 4062 ὡς
2456 3998 2747 4072 ὁμοοῦσιον
2800 3998 3008 4070 ὲκείνῳ,
3062 3997 3150 4052 καὶ
3201 3993 3326 4072 ὄφις
3385 3999 3472 4053 καὶ
3527 3995 3845 4072 διαπτερνι-

2187 4092 2336 4160 στῆς,
2395 4087 2483 4144 καὶ
2543 4086 2749 4162 λῐιστῆς
2803 4086 3170 4160 ἐπιτιθέμενος
3235 4085 3447 4164 κεφαλῇ
3510 4087 3784 4163 βασιλὲως
3819 4129 3838 4145 .

2185 4186 2356 4254 Ἔσχε
2414 4175 2471 4232 δὶ
2527 4177 2555 4231 6
2610 4173 2789 4250 Ἀδὰμ
2844 4173 3069 4247 ἀδήλως
3119 4175 3267 4248 αὖτῷ
3327 4177 3432 4231 ὑπὸ
3478 4182 3578 4246 τῆς
3630 4177 3838 4254 Σοφίας

2185 4268 2442 4343 ὲνσπαρὲν
2493 4265 2554 4320 τὸ
2605 4265 2820 4340 σπέρμα
2862 4264 2924 4318 τὸ
2973 4265 3338 4338 πνευματικὸν
3389 4264 3464 4327 εἰς
3492 4266 3591 4334 τήν
3621 4266 3841 4340 ψυχῆν,

2185 4355 2474 4432 διαταγεὶς,
2526 4354 2703 4432 φησὶ,
2750 4350 2820 4408 δι’
2863 4351 3107 4428 ἀγγέλων
3158 4355 3209 4409 ἓν
3268 4356 3415 4431 χειρὶ
3469 4356 3710 4428 μεσίτου.
3773 4358 3840 4414 Ὁ

2185 4443 2242 4500 δὲ
2271 4444 2491 4518 μεσίτης
2532 4441 2648 4505 ἐνὸς
2701 4439 2800 4496 οὐκ
2846 4437 3007 4497 ἔστιν·
3058 4444 3087 4498 6
3137 4442 3194 4498 δὲ
3245 4444 3376 4506 Θεὸς
3424 4445 3498 4506 εἷς
3542 4445 3704 4499 ἔστιν.
3754 4447 3838 4499 Δι’

2182 4532 2427 4611 ἀγγέλων
2479 4533 2568 4587 οῦν
2616 4535 2724 4587 τῶν
2784 4529 3020 4607 ἆῤῥὲνων
3072 4533 3138 4588 τὰ
3189 4527 3472 4610 σπέρματα
3527 4534 3843 4607 ὑπηρετεῖ-

426 4632 508 4684 tia
533 4630 674 4682 sunt
717 4625 1021 4697 producta,
1069 4626 1363 4695 quatenus
1415 4621 1536 4677 ﬁeri
1589 4622 1895 4695 contingit.
1950 4625 2072 4689 Quo

2202 4645 2268 4679 ται
2324 4625 2391 4677 τὰ
2440 4621 2518 4684 εἰς
2566 4621 2772 4696 γένεσιν
2835 4615 3223 4697 προϐληθέντα
3280 4623 3385 4678 ὑπὸ
3451 4626 3551 4689 τῆς
3607 4623 3840 4700 Σοφίας,

426 4715 582 4771 enim
615 4719 781 4786 pacto
811 4713 1164 4783 Demiurgus
1189 4712 1286 4784 qui
1311 4713 1557 4768 obscure
1577 4729 1608 4767 a
1633 4711 1931 4784 Sapientia
1954 4731 2073 4771 mo-

501 4884 564 4947 >X<
593 4889 654 4951 P,
683 4882 792 4935 972
820 4882 930 4937 ΕΙ).
964 4881 1261 4937 POT'l‘ER.
1321 4881 1398 4951 (a)
1430 4881 1570 4937 Gen.
1605 4898 1666 4946 ιι,
1699 4882 1754 4935 7.

425 4957 528 5024 25;
564 4956 699 5009 Luc.
732 4955 874 5024 11,75,
906 4954 998 5024 8.7,
1037 4955 1103 5024 (f)
1137 4953 1296 5007 Rom.
1332 4969 1430 5022 vn,
1461 4954 1549 5008 23.

426 5029 498 5082 25
528 5043 692 5097 seqq.
771 5023 846 5094 (k)
879 5023 1145 5091 Gall.'m,
1183 5023 1267 5077 19.

497 5196 575 5269 (li)
608 5190 754 5262 Θείᾳ.
785 5190 910 5261 Θείᾳ
957 5183 1267 5269 legendum
1313 5207 1442 5246 esse
1496 5191 1691 5247 dativo
1731 5208 1892 5264 casu,
1928 5194 2072 5251 satis

425 5265 726 5325 declarant
757 5265 1396 5336 sequentiat‘SYLauac.

495 5342 569 5408 (5)
608 5333 1034 5408 Εὐνοεῖναύτῷ.
1083 5335 1243 5408 Idem
1296 5334 1367 5388 ad
1420 5334 1556 5388 Luc.
1610 5350 1710 5400 xu,
1761 5335 1850 5402 58,
1884 5333 2072 5408 ἀπηλ-

424 5406 647 5484 λάχθαι,
683 5425 814 5463 cum
842 5407 941 5461 illo
966 5406 1414 5484 trans_ig_ere,res
1449 5421 1796 5484 componere
1819 5423 1884 5462 ac
1912 5407 2071 5484 [item

421 5475 590 5538 {inire
636 5475 961 5551 antequam
1008 5476 1236 5551 judicio
1282 5493 1416 5533 cum
1460 5475 1559 5551 illo
1591 5477 1908 5551 experiare.
1958 5480 2069 5551 Sed

423 5555 624 5610 durior
678 5547 818 5606 δῶρ’
863 5547 1402 5604 Valentinianorum
1473 5547 1753 5619 allegoria
1786 5590 1799 5615 ,
1861 5553 1924 5604 ut
1979 5549 2069 5604 εὐ-

420 5630 562 5679 νοεῖν
596 5621 1144 5690 carni,intelligatur
1173 5621 1274 5692 qui
1295 5621 1422 5691 jam
1455 5619 1666 5674 deterit
1696 5623 1753 5674 et
1773 5626 2070 5692 extenuat,

424 5703 490 5755 ut
510 5699 640 5774 ipsa
657 5689 897 5753 tandem
920 5689 1371 5764 difﬂeturque‘et
1391 5689 2069 5766 evanescat,nullamque

1824 4882 1896 4952 (ὁ)
1934 4883 1979 4938 II
2012 4883 2138 4940 Cor.
2171 4899 2274 4951 xu,
2309 4883 2358 4937 4.

1647 4953 1720 5025 (g)
1753 4953 1954 5008 Matth.
1984 4972 2084 5025 xu,
2112 4954 2202 5011 29.

2183 4713 2318 4778 καθὸ
2357 4712 2598 4787 ἐγχωρεῖ
2634 4708 2892 4786 γίνεσθαι.
2947 4713 3073 4769 "At:
3133 4711 3236 4787 γὰρ
3281 4712 3648 4790 Δημιουργὸς,
3697 4709 3842 4784 ἀδή-

2420 4882 2492 4953 (e)
2520 4885 2661 4938 Gen.
2696 4899 2757 4950 ιι,
2788 4882 3010 4955 23.01)~
3032 4882 3238 4938 Matth.
3269 4899 3325 4950 ι,
3359 4884 3448 4938 28.
3477 4954 3480 4955 ν
3509 4883 3580 4953 (θ)
3628 4884 3834 4940 Matth.

2301 4955 2378 5026 (h)
2415 4956 2545 5010 Luc.
2577 4970 2679 5018 xu,
2714 4955 2816 5023 58;
2853 4953 3057 5010 Matth.
3091 4971 3147 5025 ν,
3177 4955 3267 5010 25.
3363 4956 3427 5028 (ἰ)
3466 4954 3674 5012 Matth.
3704 4972 3833 5025 xm,

2184 5211 2410 5251 moram
2460 5195 2654 5277 faciat,
2688 5197 2830 5277 dum
2877 5197 2988 5253 erit
3019 5195 3342 5277 transitura
3375 5212 3482 5277 per
3506 5195 3720 5277 ignem.
3757 5195 3841 5277 De

2182 5282 2422 5339 corpore
2453 5267 2649 5324 carnis
2678 5268 2910 5339 vitaque
2943 5269 3163 5324 carnali
3197 5273 3254 5324 et
3294 5266 3701 5340 peccato—nihil
3737 5269 3842 5323 ab-

2182 5339 2464 5394 horreret.
2524 5340 2868 5394 metaphora
2913 5341 3088 5394 ducta
3133 5339 3206 5394 ab
3253 5337 3330 5394 iis
3371 5339 3472 5394 aui
3532 5337 3642 5394 insi
3674 5338 3838 5394 litem

2181 5339 2464 5407 horreret,
2524 5340 2868 5412 metaphora
2913 5341 3088 5396 ducta
3133 5339 3206 5396 ab
3253 5339 3330 5394 iis
3371 5339 3472 5412 qui
3532 5339 3642 5409 ipsi
3674 5339 3838 5394 litem

2183 5409 2471 5494 dirimunt
2494 5411 3111 5494 sibiq_ue.donan‘t,aut
3135 5411 3587 5494 mitiusojustum
3611 5410 3841 5494 faciunt

2181 5486 2501 5555 antequam
2549 5483 2772 5553 judicia
2828 5483 3119 5540 sententia
3175 5483 3467 5540 severiore
3524 5486 3838 5555 cogantur.

2179 5551 2709 5694 ροέόῗῖῗαπνεῠσαν.
2761 5625 2878 5684 Hac
2909 5641 3047 5683 voce
3093 5625 3280 5682 utitur
3323 5624 3590 5683 Clemens
3618 5623 3824 5682 Str-om.

2178 5710 2236 5768 p.
2274 5693 2375 5752 H7
2405 5694 2545 5752 edit.
2582 5696 2765 5754 Paris.
