4006 6200
218 384 300 441 ϐω
864 380 1108 435 DUBIA.
1141 408 1209 420 -—
1247 380 1634 436 BXCERPTA
1672 382 1769 435 EX
1804 381 2125 437 SCRIPTIS
2163 380 2544 446 THEODOTI,
2587 382 2744 436 BTC.

3398 381 3505 436 686

216 502 562 576 λωςιινοόμενος
589 501 692 558 δπὸ
743 505 848 566 τῆς
906 501 1132 580 Σοφίας,
1170 499 1341 557 οἷέται
1397 501 1741 574 αὐτοκίνητος

1866 509 2054 576 vetur,
2087 521 2122 560 a
2166 522 2227 562 se
2277 507 2496 562 moveri
2547 505 2674 577 ipse
2705 507 2893 578 putat,
2926 503 3200 561 similiter
3230 508 3286 559 et
3317 504 3510 560 homi—

209 598 300 652 εἶναι
325 613 334 626 ·
359 591 534 665 ὁμοίως
559 592 644 647 καὶ
677 591 729 646 οἱ
778 591 1079 666 ἄνθρωποι.
1111 596 1336 668 Πρῶτον
1390 589 1480 646 οῦν
1539 592 1741 668 σπέρμα

1864 611 1988 650 nes.
2022 595 2289 650 Primum
2323 595 2519 666 itaque
2567 610 2769 650 semen
2818 596 2971 666 quod
3019 595 3077 650 in
3112 594 3339 650 Adamo
3381 595 3512 663 fuit,

203 682 478 754 πνευματικὸν
505 681 561 736 τὸ
590 681 641 736 ἐν
669 685 750 754 τῷ
781 678 964 754 Ἀδὰμ
1001 677 1302 756 προέϐαλεν
1350 684 1385 752 ἡ
1437 681 1634 756 Σοφία,
1661 679 1741 736 ’ίνο

1863 683 2136 755 produxit
2163 684 2488 756 Sapientia,
2527 688 2592 740 ut
2622 701 2687 740 os
2734 685 2934 740 anima
2986 683 3290 740 rationalis
3332 689 3509 756 atque

194 774 284 848 ᾖτὸ
325 773 541 840 ὀστοῦνὴ
575 771 773 846 λογικῆ
833 771 925 826 καὶ
972 771 1202 846 οὐρανία
1256 773 1411 846 ψυχὴ
1476 773 1553 844 μή
1597 772 1748 844 κενὴ,

195 863 296 918 ἀλλὰ
319 866 493 934 μυεΑοῦ
518 863 752 936 γέμουσα
780 865 1172 934 πνευματικοῦ.

238 951 328 1006 NA'.
357 951 472 1007 Ἀπὸ
516 947 570 1005 δὲ
622 953 717 1004 τοῦ
751 947 929 1022 Ἀδὰμ.
983 956 1130 1026 τρεῖς
1187 952 1373 1026 φύσεις
1404 955 1699 1025 γεννῶνται
1735 969 1748 983 ο

190 1041 327 1115 πρώτη
373 1040 455 1112 μὲν
483 1041 516 1108 ἡ
542 1036 757 1115 ἄλογος,
789 1042 855 1109 ἧς
884 1040 951 1108 ἧν
985 1038 1142 1110 Κάιν,
1175 1037 1398 1112 δευτέρα
1452 1037 1509 1094 δι
1559 1041 1594 1109 ἡ
1647 1037 1747 1094 λο-

185 1131 292 1204 fixi},
317 1129 446 1198 καὶὴ
495 1125 688 1199 δικαία,
721 1131 787 1197 ἧς
825 1128 892 1197 ἦν
932 1123 1102 1186 Ἅϐελ
1139 1150 1149 1159 ·
1182 1129 1339 1202 τρίτη
1389 1126 1448 1184 δὲ
1489 1131 1524 1198 ἡ
1582 1149 1743 1183 πνευ-

181 1219 428 1289 nummi:
467 1217 530 1286 ἧν
577 1219 715 1288 Σήθ.
743 1217 841 1272 Καὶ
885 1218 914 1271 6
968 1217 1062 1290 μὲν
1108 1218 1303 1293 χοϊκὸς
1350 1216 1461 1272 ἐστὶ
1520 1219 1636 1272 κατ’
1669 1218 1744 1272 εί-

179 1308 333 1378 ιόνςὸ
382 1303 432 1360 δὲ
473 1307 702 1382 ψυχικὸς
753 1308 872 1371 καθ’
904 1307 1175 1381 ὁμοίωσιν
1226 1310 1384 1378 Θεοῦ,
1413 1307 1442 1361 6
1497 1304 1555 1362 δὲ
1583 1328 1744 1362 πνευ·

183 1397 348 1467 μετικὸς
387 1397 494 1451 κατ’
517 1393 657 1450 ἰδίαν
697 1397 795 1470 (7).
831 1397 948 1474 Ἐφ’
981 1397 1059 1458 οἷς
1110 1397 1286 1472 τρισὶν
1327 1395 1450 1451 ἄνευ
1495 1400 1602 1451 τῶν
1645 1395 1742 1451 ἅλ-

181 1484 257 1539 λων
284 1482 460 1539 παίδων
498 1489 592 1540 τοῦ
624 1482 803 1558 Ἀδὰμ
831 1483 1045 1562 εἴρηται
1078 1505 1093 1518 ·
1125 1485 1273 1555 Αὕτη
1321 1487 1356 1555 ἡ
1411 1480 1604 1560 βίϐλος
1653 1506 1744 1562 γε-

176 1574 314 1636 νέσεως
382 1574 695 1648 ἀνθρώπων.
753 1576 877 1632 Ὅτι
955 1572 1012 1629 δὲ
1093 1575 1459 1648 πνευματικὸς
1515 1576 1542 1630 ὁ
1603 1577 1743 1645 Σὴθ,

179 1661 260 1716 οὔτε
278 1663 518 1736 ποιμαίνει
551 1661 677 1719 οὔτε
702 1669 959 1740 γεωργεῖ,
989 1661 1137 1719 ἀλλά
1165 1661 1334 1718 παῖδα
1379 1668 1740 1741 καρποφορεῖ,

173 1753 220 1812 ὣς
239 1753 286 1806 τὶ
307 1752 637 1826 πνευματικὰ,
667 1753 754 1806 καὶ
787 1757 1000 1825 τοῦτον,
1015 1753 1072 1814 ὃς
1101 1749 1337 1821 ἤλπισεν
1363 1749 1739 1816 ἐπικαλεῖσθαι

1861 773 2113 829 cmlestis
2144 777 2317 841 esset,
2351 789 2465 828 non
2496 789 2681 829 vacua
2712 773 2808 828 sed
2845 772 3101 829 medulla
3131 773 3304 845 plena
3332 773 3506 846 spiri-

1859 861 2024 916 tuali.

1931 949 2068 1007 LIV.
2100 951 2188 1005 Ab
2218 951 2440 1006 Adamo
2490 957 2684 1006 autem
2727 954 2847 1007 tres
2896 955 3115 1006 natura
3156 954 3502 1022 nascuntur,

1858 1039 2045 1110 prima
2071 1040 2307 1111 quidem
2341 1055 2468 1111 quae
2502 1039 2747 1095 rationis
2776 1055 2979 1112 expers
3014 1040 3144 1109 fuit,
3172 1044 3229 1095 et
3258 1041 3328 1096 ad
3355 1041 3504 1096 hanc

1856 1125 1996 1183 Cain
2028 1128 2389 1199 pertinebat;
2424 1129 2681 1184 secunda
2713 1144 2846 1184 vero
2878 1128 3105 1184 ratione
3138 1129 3381 1200 pradita
3402 1129 3500 1200 ju-

1855 1223 2085 1288 staque,
2121 1217 2193 1272 ad
2225 1233 2403 1289 quam
2452 1216 2630 1286 Abel;
2679 1219 2853 1274 tertia
2899 1235 3032 1274 vero
3079 1217 3379 1290 spiritalis,
3430 1219 3502 1274 ad

1853 1323 2028 1379 quam
2050 1307 2205 1363 Seth.
2239 1307 2310 1363 Et
2339 1306 2632 1365 terrestris
2657 1308 2895 1379 quidem
2929 1311 3019 1364 est
3049 1308 3120 1364 ad
3154 1308 3500 1381 imaginem,

1852 1395 2126 1452 animalis
2143 1413 2278 1453 vero
2301 1398 2370 1452 ad
2388 1396 2489 1452 Dei
2507 1395 3317 1468 similitudinem,spiritualis
3339 1399 3500 1454 deni-

1853 1499 1964 1555 que
1995 1486 2062 1540 ad
2092 1486 2406 1558 propriam.
2431 1486 2511 1542 De
2533 1485 2723 1541 tribus
2748 1485 2929 1554 hisce,
2954 1488 3080 1542 sine
3103 1487 3324 1543 caeteris
3345 1489 3493 1543 Ada-

1853 1575 1932 1630 mi
1963 1574 2187 1643 liberis,
2220 1577 2443 1632 dictum
2477 1580 2563 1632 est
2595 1575 2737 1642 gHic
2760 1577 2900 1632 liber
2921 1577 3295 1647 generationis
3323 1577 3498 1633 homi-

1848 1680 1981 1719 num
2004 1665 2104 1736 (α).
2141 1666 2306 1733 Quod
2338 1681 2472 1721 vero
2501 1665 2636 1720 Seth
2689 1665 3018 1737 spiritualis
3060 1666 3189 1730 fuit,
3224 1683 3328 1722 nec
3359 1683 3494 1738 pas-

1847 1756 1940 1808 tor
1969 1758 2094 1809 erat
2135 1771 2326 1827 neque
2355 1758 2570 1810 terram
2604 1753 2805 1822 coluit,
2839 1755 2940 1810 sed
2985 1755 3298 1826 spirituum
3333 1769 3495 1812 more

173 1841 212 1893 τὸ
244 1839 380 1914 ὄνομα
423 1841 646 1916 Κυρίου,
679 1842 786 1896 ἄνω
835 1840 1125 1915 βλέποντα,
1154 1841 1217 1896 οὗ
1242 1841 1304 1896 τὸ
1343 1839 1653 1915 πολίτευμα
1683 1838 1737 1896 ἐν

1858 1842 2070 1914 prolem
2101 1843 2324 1916 genuit,
2356 1859 2606 1915 eamque
2637 1859 2761 1916 quas
2791 1859 2989 1900 nomen
3022 1843 3244 1900 Domini
3274 1845 3493 1901 invoca-

173 1929 320 2003 ὠρανῷ
346 1951 358 1964 ·
383 1935 564 1987 τοῦτον
593 1932 624 1987 6
656 1930 864 2005 κόσμος
892 1929 954 1986 οὐ
985 1936 1182 2006 χωρεῖ.

216 2112 303 2167 NE’.
322 2117 430 2174 Τοῖς
457 2111 634 2187 τρισὶν
668 2110 982 2184 ἀσωμάτοις
1026 2109 1114 2166 ἐπὶ
1141 2116 1241 2168 τοῦ
1273 2109 1453 2185 Ἀδὰμ
1480 2110 1733 2188 τέταρτον

171 2196 394 2256 invident
419 2203 506 2256 τὸν
538 2201 758 2276 χοϊκὸν,
787 2200 922 2264 τοὺς
953 2198 1304 2276 δερματίνους
1335 2198 1739 2277 χιτῶνας.οὄτ’

171 2286 229 2340 οὖν
268 2289 351 2344 ἀπὸ
389 2294 480 2345 τοῦ
535 2290 852 2364 πνεύματος
883 2288 994 2346 οὔτ’
1027 2291 1116 2346 οὗν
1172 2291 1278 2346 ἀπὸ
1338 2290 1554 2370 ἑμφυσή
1566 2311 1736 2363 ματος

170 2379 310 2453 σπείρει
335 2381 359 2434 ὁ
383 2378 556 2454 Ἀδάμ
587 2399 602 2414 ·
641 2386 761 2444 θεῖα
794 2380 899 2456 γὰρ
931 2378 1095 2459 ἄμφω
1120 2398 1134 2411 ’
1167 2381 1256 2435 καὶ
1290 2378 1364 2435 δι’
1394 2381 1558 2436 αὐτοῦ
1616 2381 1733 2452 μὲν,

169 2465 240 2540 ώχ
276 2467 346 2522 ὑπ’
366 2467 520 2524 αὐτοῦ
573 2466 636 2524 δὶ
682 2463 1059 2542 προϐάλλεται
1105 2466 1292 2542 ἄμφω.
1326 2470 1403 2527 Τὸ
1449 2466 1506 2524 δὲ
1548 2467 1734 2523 ὑλικὸν

172 2553 299 2624 εἰτοῦ,
333 2556 524 2633 ἐνεργὸν
585 2558 666 2620 εἰς
725 2559 944 2634 σπέρμα
997 2557 1086 2613 καὶ
1143 2559 1376 2633 γένεσιν,
1426 2557 1500 2619 ὡς
1559 2554 1619 2612 ἂν
1658 2560 1738 2628 τῷ

169 2643 364 2718 algam
421 2647 884 2722 συγκεγραμὲνον,
932 2647 1023 2703 καὶ
1097 2648 1300 2718 ταύτης
1350 2645 1402 2702 ἐν
1466 2649 1580 2720 ζωῇ
1634 2651 1735 2715 τῆς

168 2732 360 2804 ἁρμονίαις
385 2735 687 2806 ἀποστῆναι
720 2738 797 2811 μὴ
831 2733 1151 2810 δυνάμενος.
1184 2736 1338 2794 Κατὰ
1363 2739 1526 2791 τοῦτο
1555 2735 1736 2811 πατὴρ

167 2822 276 2892 ἠμᾶν
300 2824 323 2878 ό
349 2822 529 2901 Ἀδάμ.

211 3003 291 3070 NC.
329 3003 383 3061 '0
431 3008 657 3080 πρῶτος
707 3001 754 3060 δ’
798 3003 1084 3078 ἄνθρωπος
1145 3003 1205 3061 ἐκ
1249 3011 1352 3081 γῆς
1405 3003 1622 3081 χοϊκός.
1676 3003 1737 3061 El

166 3085 204 3141 ξι
231 3090 296 3144 ιιαὲ
341 3091 394 3147 ἐκ
438 3098 689 3171 ψυχικοῦ
745 3092 958 3169 ἔσπειρε
1002 3095 1093 3150 καὶ
1134 3093 1193 3150 ἐκ
1218 3098 1606 3168 πνευματικοῦ,
1635 3115 1735 3149 κασ

167 3177 281 3254 “np
305 3179 347 3251 ἐξ
373 3182 579 3251 ὗλικοῦ,
613 3184 814 3246 πάντες
843 3182 903 3238 ἂν
928 3181 1040 3238 ἴσοι
1085 3184 1177 3239 καὶ
1225 3181 1424 3238 δίκαιοι
1474 3181 1739 3260 ἐγεγόνει-

1766 1895 1815 1961 Β

1844 1947 1907 1988 re
1929 1933 2005 2002 (b)
2038 1933 2334 2005 speravit;
2366 1949 2491 2005 qum
2541 1950 2780 1990 sursum
2827 1933 3028 1989 oculos
3081 1933 3272 2002 tollat,
3333 1936 3493 2007 cujus

1839 2024 2182 2078 conversatio
2214 2023 2273 2077 in
2299 2023 2434 2078 caelo
2456 2023 2548 2093 (ο),
2581 2038 2757 2094 quam
2788 2023 3047 2078 mundus
3081 2039 3194 2078 non
3227 2024 3402 2095 capit.

1910 2112 2017 2166 LV.
2053 2111 2266 2167 Tribus
2296 2111 2354 2166 in
2390 2111 2614 2167 Adamo
2645 2111 3027 2185 incorporeis,
3051 2117 3329 2183 quartum
3355 2130 3492 2185 quo-

1840 2215 1955 2272 que
1985 2204 2280 2270 terrestre,
2313 2200 2530 2267 induit,
2578 2200 2854 2272 pelliceas
2906 2201 3187 2258 nimirum
3234 2202 3489 2259 tunicas.

1841 2289 2090 2345 Proinde
2121 2306 2224 2346 nec
2257 2307 2324 2345 ex
2354 2289 2562 2360 spiritu
2595 2306 2785 2362 neque
2813 2306 2879 2346 ex
2911 2291 3205 2362 spiraculo
3229 2293 3491 2349 Adamus

1840 2378 2296 2450 seminat,ambo
2327 2379 2542 2452 quippe
2571 2379 2866 2436 divina.Et
2896 2395 2998 2450 per
3027 2379 3194 2435 illum
3228 2381 3489 2453 quidem,

1841 2484 1958 2523 non
1990 2472 2188 2524 autem
2218 2469 2290 2524 ab
2322 2467 2422 2524 illo
2469 2469 2881 2539 producuntur
2918 2468 3114 2524 ambo.
3157 2469 3322 2532 Quod
3351 2486 3486 2525 vero

1841 2555 2004 2611 illius
2034 2561 2123 2612 est
2149 2561 2473 2627 terrenum,
2506 2556 2564 2611 id
2597 2557 2667 2612 ad
2700 2572 2898 2612 semen
2931 2561 3107 2628 atque
3155 2558 3482 2630 generatio-

1842 2661 1976 2701 nem
2007 2645 2214 2701 efﬁcax
2245 2650 2354 2716 est,
2416 2645 2583 2716 quasi
2634 2645 2846 2702 semini
2877 2647 3252 2702 commistum
3307 2652 3485 2717 esset,

1841 2738 2047 2806 estque
2075 2733 2389 2805 ejusmodi,
2424 2740 2488 2790 ut
2518 2735 2590 2790 ab
2617 2734 2719 2791 illa
2750 2752 2878 2808 qua:
2911 2737 2968 2791 in
2999 2735 3118 2792 vita
3139 2741 3229 2793 est
3252 2736 3488 2792 harmo-

1842 2823 1941 2878 nia
1975 2823 2287 2880 abscedere
2323 2841 2438 2880 non
2471 2823 2677 2896 possit.
2711 2829 2831 2881 Hoc
2871 2825 3069 2897 itaque
3113 2827 3283 2882 modo
3314 2826 3484 2882 Pater

1843 2915 2042 2968 noster
2066 2913 2326 2968 Adamus
2366 2913 2608 2982 exstitit,
2641 2920 2696 2969 et
2724 2913 2947 2984 genuit.

1917 3001 2049 3056 LVI.
2083 3002 2317 3058 Primus
2349 3002 2513 3059 homo
2543 3003 2618 3059 de
2646 3007 2797 3058 terra
2827 3013 3076 3061 terrenus
3097 3004 3195 3077 (ἀ).
3243 3005 3405 3072 Quod
3433 3005 3482 3060 si

1843 3107 1911 3146 ex
1943 3090 2180 3146 animali
2212 3091 2564 3148 scminasset
2579 3109 2644 3148 ac
2666 3092 2942 3165 spiritali,
2962 3095 3032 3150 ad
3058 3095 3333 3150 eumdem
3357 3111 3488 3150 mo-

1842 3181 1985 3236 dum
2018 3197 2136 3252 quo
2166 3197 2234 3237 ex
2287 3181 2600 3250 materiaIi,
2640 3198 2844 3241 omnes
2882 3201 3049 3257 pares
3080 3185 3318 3256 acjusti
3366 3185 3488 3241 nati

166 3272 330 3337 cra,va
355 3271 401 3326 ἐν
424 3277 585 3328 πᾶσιν
619 3273 686 3328 ἂν
714 3275 750 3342 ἡ
793 3270 997 3348 διδαχή
1047 3274 1138 3342 ἦν.
1171 3273 1269 3328 Διά
1316 3277 1479 3327 τοῦτο
1530 3271 1735 3328 πολλοὶ

1858 3287 2136 3336 essemus,
2160 3271 2297 3327 etin
2331 3272 2606 3328 omnibus
2649 3273 2916 3330 doctrina
2951 3283 3015 3347 >14
3061 3279 3238 3332 esset.
3290 3275 3493 3348 Itaque

268 3359 311 3412 οἱ
336 3359 522 3430 ulmei,
556 3363 620 3417 οὗ
659 3359 867 3417 πολλοὶ
901 3360 958 3418 δὲ
1004 3364 1056 3418 οἱ
1105 3361 1336 3437 ψυχικοί
1371 3383 1382 3395 ·
1412 3361 1628 3417 σπάνιοι
1679 3359 1736 3417 δὶ

164 3444 198 3495 εἱ
228 3451 554 3520 πνευματικοί.
581 3451 668 3506 Τὸ
719 3452 813 3524 μὲν
863 3451 955 3505 οῦν
1005 3451 1366 3524 πνευματικὸν
1427 3449 1580 3526 φύσει
1627 3471 1738 3504 σω-

170 3534 422 3602 ﬁam-«:5
449 3537 506 3594 δὲ
534 3540 806 3615 ψυχικὸν,
839 3539 1178 3611 αὐτεξούσιον
1208 3537 1288 3609 ὃν,
1320 3535 1738 3610 ἇπιτηδειότητα

167 3619 246 3693 ἔχει
281 3628 390 3700 πὲὸς
431 3631 528 3698 τήν
575 3628 768 3684 πίστιν
811 3629 903 3683 καὶ
946 3627 1265 3707 ἀφθαρσίαν,
1295 3628 1384 3683 καὶ
1432 3630 1568 3700 πρὸς
1607 3629 1736 3683 ἀπι-

170 3711 268 3764 nim
307 3716 381 3769 καὶ
423 3719 657 3796 ρθορᾶν,
692 3719 829 3773 κατά
881 3719 982 3787 τήν
1034 3716 1232 3772 οἶκείαν
1278 3716 1481 3793 α’ίρεσιν
1517 3736 1531 3750 ·
1562 3718 1623 3772 τὸ
1681 3713 1738 3771 δὶ

168 3795 299 3855 {tl-.15»
325 3795 459 3882 ptis-si.
493 3805 836 3865 ἀπόλλυται.
868 3808 1033 3864 ’Ὀταν
1063 3806 1158 3861 οὗν
1187 3807 1254 3860 τὰ
1299 3805 1511 3881 ψυχικὰ
1555 3803 1737 3880 ἐγκεν-

167 3891 304 3963 τξισθῇ
457 3895 814 3969 καλλιελαίῳ
887 3895 962 3958 εἷς
1037 3894 1216 3951 πίστιν
1271 3895 1361 3949 καὶ
1418 3894 1740 3972 ἀφθαρσίαν)

165 3978 225 4028 ιιὶ
533 3992 640 4056 τῆς
719 3984 986 4056 πιότητος
1050 3991 1152 4055 τῆς
1203 3983 1411 4052 ἐλαίας,
1469 3983 1558 4039 καὶ
1614 3983 1739 4039 ὅταν

171 4065 322 4140 ιὶτέὶθῃ
362 4074 421 4126 τὰ
466 4073 626 4146 ἔθνη,
684 4074 814 4130 τότε
871 4072 1014 4130 οὕτω
1068 4078 1172 4138 πᾶς
1218 4071 1440 4149 Ἰσραήλ
1648 4074 1745 4128 Ἰσ-

169 4153 265 4225 ἓτῆλ
288 4155 334 4215 δί
356 4161 749 4240 ἀλληγορεῖται
783 4163 811 4217 6
840 4162 1228 4237 πνευματικὸς,
1262 4163 1290 4216 ὁ
1332 4161 1604 4236 ὀψόμενος
1649 4161 1740 4216 τὸν

171 4247 318 4313 Θεὸν,ὁ
355 4255 443 4305 τοῦ
487 4257 691 4308 πιστοῦ
725 4248 974 4328 Ἀϐραὰμ
1029 4253 1142 4314 υἱὸς
1187 4253 1432 4328 γνήσιος,
1468 4251 1496 4306 6
1544 4250 1605 4306 ἐκ
1645 4257 1745 4320 τῆς

172 4329 397 4412 Elmete“,
426 4340 530 4417 οὐχ
578 4343 608 4397 6
661 4341 801 4397 κατᾶ
839 4342 1030 4419 σάρκα,
1066 4342 1095 4396 6
1147 4340 1208 4396 ἐκ
1241 4346 1341 4410 τῆς
1392 4337 1596 4410 δούλης
1643 4345 1745 4410 τῆς

171 4421 408 4495 Αἶῒπτῖις.

219 4697 306 4753 Χῖ.
331 4698 520 4756 Γίνεται
553 4699 652 4756 οὗν
685 4698 748 4754 ἐκ
772 4702 878 4754 τῶν
921 4701 1096 4774 γενῶν
1141 4701 1248 4754 τῶν
1289 4700 1480 4773 τριῶν,
1504 4700 1601 4752 τοῦ
1652 4697 1748 4770 μὲν

1843 3359 2015 3415 multi
2046 3363 2187 3415 sunt
2214 3361 2452 3431 terreni,
2488 3378 2601 3418 non
2633 3379 2766 3418 vero
2802 3362 2974 3419 multi
3029 3363 3338 3431 animales,
3372 3363 3495 3419 rari

1843 3465 1978 3506 vero
2010 3450 2112 3521 qui
2143 3450 2479 3521 spirituales
2503 3456 2665 3507 sunt.
2695 3455 2898 3525 Itaque
2921 3453 3076 3525 quod
3101 3453 3337 3525 quidem
3367 3453 3493 3524 spi-

1846 3538 2037 3609 ritale,
2068 3543 2279 3595 natura
2309 3556 2417 3596 sua
2449 3540 2710 3597 salvetur
2732 3559 2745 3597 :
2771 3543 2927 3614 quod
2973 3558 3106 3599 vero
3136 3544 3385 3600 animale
3414 3543 3487 3598 li-

1846 3630 2103 3701 beroque
2132 3629 2372 3685 arbitrio
2405 3630 2738 3702 preditum,
2763 3631 2819 3686 id
2844 3631 3121 3688 idoneum
3145 3636 3234 3689 est
3259 3649 3389 3689 cum
3412 3633 3483 3688 ad

1848 3717 2025 3772 ﬁdem
2057 3721 2183 3773 tum
2221 3718 2291 3773 ad
2314 3717 2834 3790 incorruptionem,
2854 3719 2973 3777 imo
2995 3725 3052 3776 et
3080 3723 3152 3777 ad
3181 3721 3491 3778 inﬁdelita-

1849 3809 1966 3860 tem
1991 3821 2056 3860 ac
2087 3807 2540 3878 corruptionem,
2563 3808 2789 3881 hocque
2808 3825 2877 3864 ex
2897 3809 3179 3867 electione
3196 3827 3261 3866 ac
3280 3811 3492 3867 volun-

1852 3897 1972 3949 tate
2003 3894 2257 3966 propria;
2293 3897 2447 3966 quod
2494 3897 2732 3953 demum
2783 3902 3102 3967 terrenum,
3149 3904 3359 3956 natura
3389 3917 3497 3955 sua

1853 3983 1961 4038 hoc
1991 3982 2209 4040 interit.
2241 3985 2388 4040 Cum
2423 3985 2620 4056 itaque
2650 4003 2775 4058 quas
2810 4003 2880 4043 ex
2911 3988 3150 4044 animali
3185 3995 3326 4045 sunt
3355 3991 3500 4044 sub-

1853 4071 2068 4128 stantia
2098 4075 2313 4129 inserta
2341 4076 2453 4130 sint
2474 4077 2533 4130 in
2552 4077 2750 4132 bonam
2779 4077 3008 4146 olivam,
3041 4079 3097 4134 in
3135 4080 3331 4146 ﬁdem,
3364 4083 3420 4134 et
3441 4079 3498 4134 in

1852 4161 2379 4234 incorruptionem,
2402 4174 2561 4236 atque
2581 4165 2746 4222 olivae
2770 4169 3167 4238 pinguedinem
3188 4168 3499 4239 participet,

1853 4267 1979 4305 cum
2008 4253 2247 4324 denique
2269 4263 2454 4324 gentes
2484 4257 2699 4324 fuerint
2731 4256 3014 4327 ingressae,
3039 4262 3179 4312 tunc
3206 4260 3294 4314 ita
3323 4256 3502 4312 omnis

1854 4340 2034 4396 Israel
2060 4342 2250 4397 salvus
2281 4344 2389 4398 erit
2410 4343 2501 4414 (e).
2537 4344 2713 4399 Israel
2737 4349 2932 4400 autem
2967 4345 3292 4417 spiritualis
3320 4362 3498 4400 sensu

1855 4428 2165 4502 allegorico
2197 4431 2568 4505 intelligitur,
2592 4433 2691 4504 qui
2714 4439 2898 4490 Deum
2933 4435 3009 4489 sit
3039 4435 3297 4505 visurus,
3323 4435 3501 4489 Abra-

1852 4517 2012 4574 hami
2047 4519 2234 4575 ﬁdelis
2265 4519 2422 4575 ﬁlius
2479 4537 2671 4589 verus,
2737 4532 2917 4578 matre
2955 4523 3153 4591 libera,
3183 4540 3293 4579 non
3312 4539 3504 4578 secun-

1855 4606 1987 4663 dum
2016 4622 2240 4662 carnem
2267 4618 2437 4663 natus
2465 4613 2519 4664 et
2547 4625 2616 4664 ex
2645 4611 2855 4665 ancilla
2884 4613 3207 4684 /Egyptiaca
3227 4613 3314 4684 (ί).

1934 4695 2094 4752 LVII.
2125 4697 2214 4751 Fit
2241 4697 2422 4768 igitur
2453 4714 2519 4754 ex
2544 4699 2738 4754 tribus
2769 4701 3109 4772 generibus,
3142 4701 3285 4758 adeo
3317 4705 3380 4757 ut
3403 4702 3508 4757 uni

178 4778 383 4855 ἓιῦἓῗωσὶς
433 4793 529 4844 τοῦ
590 4792 997 4863 πνευματικοῦ,
1052 4791 1151 4844 τοῦ
1208 4784 1266 4842 δὲ
1325 4787 1608 4860 μετάθεσις
1654 4790 1741 4841 τοῦ

1861 4785 2100 4858 quidem
2134 4786 2320 4841 forma
2353 4787 2430 4842 sit
2462 4787 2811 4859 spiritualis,
2846 4789 3013 4845 alteri
3059 4807 3191 4846 vero
3239 4790 3512 4848 animalis

173 4867 346 4944 έίυχικσῦ
371 4875 425 4932 ἐκ
451 4875 709 4940 δουλείας
735 4877 812 4940 εἲς
844 4875 1174 4952 ἐλευθερίαν.

221 4963 468 5020 “illud
518 4968 624 5036 τὴν
685 4971 784 5021 τοῦ
832 4966 1061 5020 θανάτου
1106 4963 1286 5020 τοίνυν
1316 4961 1619 5040 βασιλείαν,
1657 4982 1748 5036 με·

177 5041 406 5124 Τίληνμὲν
459 5056 548 5110 καὶ
589 5055 952 5132 εὐπρόσωπον
996 5055 1097 5124 τὴν
1145 5050 1471 5129 ἐπαγγελίαν
1519 5072 1752 5123 πεποιη-

183 5232 360 5324 MK}:
393 5235 658 5324 973mg).
717 5235 1024 5324 ξ-ΟῙἸῖΕΒ.
1067 5237 1212 5324 Μαι)
1261 5234 1404 5293 Gen.
1451 5251 1509 5306 ν,
1562 5234 1612 5289 1.

183 5301 231 5366 {tl
254 5301 387 5360 Bon.
416 5325 472 5377 Il,
500 5309 594 5364 23.
711 5309 781 5381 (Γ)
807 5308 932 5364 Gal.
966 5325 1041 5380 ιν,
1067 5307 1160 5362 26.

229 5499 289 5571 (⁷)
310 5508 416 5562 Κατ’
443 5506 601 5566 ἰδίαν.
636 5514 710 5566 Η.
740 5509 972 5568 dubitat
999 5526 1076 5568 an
1104 5509 1299 5568 verius
1328 5509 1406 5566 sit
1446 5506 1564 5562 κατ’
1595 5501 1761 5560 ἶδὲαν.

186 5567 406 5636 ensum.

234 5643 416 5728 (ἔμιξε
441 5649 696 5728 Ἰσραήλ.
738 5655 805 5710 Α.

192 5717 318 5777 FW!
359 5717 676 5795 σωθήιὶεται,
712 5739 778 5782 ex

1724 5232 1802 5304 (b)
1857 5232 2000 5288 Gen.
2052 5248 2130 5301 ιν,
2176 5231 2265 5286 26.

1860 4892 1929 4932 ex
1959 4875 2238 4930 servitute
2269 4875 2324 4930 in
2357 4874 2688 4931 libertatem
2722 4879 3054 4935 translatio.

1933 4963 2122 5020 LVIII.
2160 4963 2295 5019 Post
2317 4964 2522 5019 mortis
2542 4965 3096 5038 itaqueimperium,
3121 4970 3513 5040 promissione

1863 5067 2080 5124 magna
2100 5055 2157 5106 et
2187 5052 2455 5123 speciosa
2487 5053 2724 5125 quidem
2761 5055 3107 5128 perfectum,
3143 5074 3268 5129 quas
3301 5058 3514 5114 nihilo-

2380 5232 2452 5303 (c)
2484 5233 2633 5288 Phil.
2667 5251 2751 5305 In,
2784 5235 2873 5292 20.
2988 5237 3067 5310 (ἀ)
3099 5241 3122 5294 Ι
3156 5237 3267 5294 Cor
3293 5256 3386 5308 xv,
3419 5241 3509 5296 47.

1876 5503 2052 5572 etiam
2087 5503 2275 5572 potest
2303 5519 2372 5558 ex
2403 5505 2767 5561 antecedenti
2797 5507 3057 5563 membro
3095 5511 3333 5566 verbum
3381 5530 3516 5564 εισε-

1878 5571 2149 5639 λεύσεται,
2183 5572 2239 5627 id
2295 5579 2384 5630 est
2433 5579 2560 5630 tunc
2601 5577 2821 5632 demum
2858 5583 3001 5633 totus
3048 5582 3221 5636 Israel
3267 5581 3517 5638 intrabit.

928 5655 985 5708 st
1036 5651 1158 5709 hac
1204 5650 1395 5724 Verba
1433 5649 1768 5724 addendum
1878 5647 1960 5724 l_)e
1984 5644 2264 5701 insitione
2295 5650 2490 5702 autem
2523 5647 2696 5704 latius
2728 5651 3043 5705 tractatum
3092 5668 3270 5723 supra
3305 5670 3362 5724 p.
3393 5654 3519 5707 285.

920 5739 999 5780 m.
1031 5740 1112 5794 χι,
1152 5723 1243 5779 ὣ.
1288 5721 1400 5780 Sed
1459 5719 1771 5779 subaudiri
1882 5719 2168 5774 SYLBURG.
