4006 6200
430 370 534 424 687
1673 367 2012 423 οιιιιίειιε
2045 368 2084 421 Δ

2227 366 2524 423 LANDRIN
2534 370 2621 424 US
3735 369 3843 426 688

434 492 631 546 minus
681 489 888 547 mortis
931 489 1204 546 ministra
1235 490 1384 545 facta
1416 493 1525 558 est,
1557 488 1720 544 omni
1751 487 2083 560 principatu

2227 487 2390 559 ιένην,
2425 483 2576 543 οὐδὲν
2637 485 2696 542 δὲ
2738 490 2902 557 ἧττον
2946 486 3222 546 διακονίαν
3273 489 3505 555 θανάτου
3548 488 3852 566 γεγενημέ-

435 597 501 634 ae
531 580 748 636 deitate
777 579 1084 635 deficiente
1115 596 1180 635 ac
1212 578 1537 646 fatiscente,
1573 595 1821 648 magnus
1851 576 1948 634 ille
1981 595 2079 650 puo

2227 599 2316 647 ην,
2349 575 2527 646 πάσης
2579 577 2922 649 ἀπειπούσης
2975 580 3155 656 ἀρχῆς
3209 579 3299 635 καὶ
3360 580 3640 650 θεότητος,
3673 580 3703 634 ὁ
3755 575 3851 652 μὲ-

434 668 514 740 gil
537 669 714 724 Jesus
745 668 1088 725 Cbristusin
1121 669 1319 740 seipse
1351 668 1614 740 potentia
1646 666 1964 724 Ecclesiam
1987 684 2082 723 su-

2228 688 2291 729 ας
2347 665 2650 740 ἀγωνιστὴς
2703 668 2914 737 Ἰησοῦς
2972 670 3214 745 Χριστὸς
3270 667 3321 724 ἐν
3384 670 3554 741 ἑαυτῷ
3626 666 3854 741 δυνάμει

438 773 623 825 mens,
659 773 869 829 nempe
896 758 1114 814 electos
1145 774 1210 812 ac
1245 764 1478 813 vocatos
1509 757 1664 828 quod
1699 755 1935 828 quidem
1957 756 2080 828 spi-

2227 755 2289 822 ἠν
2320 751 2646 823 Ἐκκλησίαν
2696 750 3012 823 ἀναλαϐὼν,
3042 758 3106 812 τὸ
3155 755 3408 813 ἐκλεκτὸν
3458 756 3548 812 καὶ
3595 757 3655 812 τὸ
3703 754 3851 827 κλη-

438 845 606 901 ritale
636 864 670 902 a
700 852 960 917 parente,
1001 848 1157 918 quod
1207 863 1340 902 vero
1388 845 1641 902 animale
1670 863 1739 901 ex
1781 845 2081 916 dispensa~

2227 842 2307 915 ὸν,
2340 843 2400 897 τὸ
2446 843 2540 915 μὲν
2597 843 2743 918 παρά
2794 851 2894 914 τῆς
2953 844 3242 916 τεκούσης,
3272 846 3334 902 τὸ
3364 845 3757 919 πνευματικὸν,
3786 843 3855 898 τὸ

2194 927 2253 986 δὲ
2310 929 2361 985 ἐν
2417 934 2516 1001 τῆς
2576 932 2921 1005 οἰκονομίας,
2969 933 3034 989 τὸ
3091 935 3409 1010 ψυχικὸν,’ὀ
3465 934 3699 990 ἀνέσωσε
3759 933 3854 988 καὶ

2195 1019 2479 1094 ἀνήνεγκεν
2513 1020 2647 1094 ἅπερ
2679 1015 2927 1092 ἀνέλαϐε,
2955 1022 3047 1077 καὶ
3080 1019 3150 1077 δι’
3181 1023 3361 1078 αὐτῶν
3389 1023 3479 1078 καὶ
3535 1023 3600 1078 τὰ
3624 1022 3853 1084 τούτοις

434 1112 702 1184 primitiae
757 1117 990 1184 sanctae,
1040 1112 1212 1168 etiam
1268 1130 1490 1175 massa;
1547 1115 1595 1168 si
1645 1112 1814 1169 radix
1867 1122 2084 1182 sancta,

2232 1112 2514 1181 μοιοῦντα.
2548 1107 2616 1166 Εἰ·
2641 1110 2746 1184 γὰρ
2776 1111 2811 1179 ἡ
2845 1110 3071 1186 ἀπαρχῆ
3103 1111 3248 1186 ἁγία,
3279 1111 3369 1167 καὶ
3416 1113 3480 1168 τὸ
3506 1111 3727 1190 φύραμα
3752 1130 3765 1144 ·
3801 1111 3859 1166 εἴ

438 1204 607 1258 etiam
632 1203 800 1258 rami.

2227 1233 2231 1266 ι
2265 1196 2384 1274 ῥίζα
2410 1197 2558 1272 ἁγία,
2587 1197 2677 1252 καὶ
2709 1199 2762 1252 o't
2791 1197 3010 1256 κλάδοι.

512 1291 608 1348 85
624 1293 659 1344 7
682 1290 814 1347 LIX.
840 1292 1100 1346 Primum
1119 1291 1318 1362 itaque
1341 1308 1542 1348 semen
1561 1311 1592 1348 a
1614 1296 1853 1364 parente
1872 1289 2084 1362 induit,

2268 1287 2395 1344 NG'.
2427 1287 2656 1362 Σπέρμα
2689 1287 2785 1360 μὲν
2813 1288 2906 1342 οῦν
2961 1292 3179 1363 πρῶτον
3233 1290 3380 1365 παρὰ
3433 1295 3534 1360 τῆς
3584 1289 3865 1359 τεκούσης

444 1395 557 1435 non
589 1379 692 1450 qui
727 1386 1056 1450 caperetur,
1091 1381 1191 1435 sed
1227 1381 1326 1452 qui
1367 1379 1582 1436 virtute
1627 1387 1880 1453 caperet,
1932 1381 2084 1452 quod

2227 1371 2501 1444 νεδύσατο,
2535 1376 2598 1430 οὐ
2651 1375 2945 1451 χωρισθεὶς
2991 1376 3139 1433 ἁλλά
3185 1380 3448 1454 χωρήσας
3505 1379 3637 1434 αὐτὸ
3686 1375 3860 1433 δυνά-

444 1467 731 1540 paulatim
760 1483 864 1540 per
895 1468 1204 1524 scientiam
1235 1475 1538 1526 formatur.
1560 1469 1643 1525 Ad
1665 1469 1859 1525 locum
1893 1477 2084 1525 autem

2227 1484 2314 1538 ιει,
2347 1465 2376 1518 ’ὁ
2425 1465 2562 1520 κατά
2609 1465 2801 1539 μικρὸν
2859 1469 3162 1544 μορφοῦται
3221 1465 3312 1522 διὰ
3365 1467 3618 1542 γνώσεως
3650 1487 3662 1501 ’
3717 1466 3869 1522 κατά

443 1573 578 1613 cum
610 1559 852 1623 venerit,
881 1557 1321 1613 iiivenithsum
1349 1557 1655 1628 Christum
1687 1557 2084 1630 induisse,qui

2227 1552 2259 1607 ῖὶ
2304 1553 2395 1608 τὸν
2445 1554 2615 1608 τόπον
2655 1553 2968 1631 γενόμενος,
3020 1555 3168 1631 εὗρεν
3216 1558 3425 1627 Ἰησοῦν
3484 1557 3717 1633 Χριστὸν
3776 1555 3862 1610 ἐν·

443 1650 578 1701 ante
601 1645 954 1716 praedicatus
989 1648 1195 1714 fuerat,
1248 1663 1422 1717 quem
1468 1646 1766 1718 prophetae
1798 1651 1972 1718 atque
2002 1646 2084 1703 lex

2227 1640 2460 1706 ἱύσασθαι
2516 1643 2608 1698 τὸν
2660 1643 3204 1719 προκεκηρυγμένον,
3254 1646 3311 1700 ὃν
3365 1643 3750 1721 κατήγγελλον
3804 1647 3868 1700 οἱ

445 1734 945 1807 praenuntiabant,
971 1735 1230 1807 etimago
1249 1734 1566 1791 Salvatoris
1588 1742 1732 1791 erat.
1759 1735 2084 1800 Quinetiam

2227 1734 2478 1810 προφῆται
2533 1731 2622 1787 καὶ
2677 1734 2706 1788 6
2761 1733 2950 1806 νόμος,
3000 1729 3128 1789 ὄντα
3193 1733 3374 1790 εἰκόνα
3425 1739 3521 1789 τοῦ
3569 1741 3866 1811 Σωτῆρος.

447 1827 504 1878 et
524 1821 799 1879 animalis
823 1822 917 1878 hic
939 1823 1228 1890 Christus,
1255 1841 1429 1895 quem
1461 1824 1754 1892 induerat,
1781 1824 2084 1882 invisibilis

2227 1818 2379 1877 Αλλά
2436 1822 2523 1876 καὶ
2577 1823 2735 1884 οὗτος
2792 1823 2820 1877 6
2864 1824 3099 1899 ψυχικὸς
3148 1824 3398 1898 Χριστὸς,
3428 1825 3485 1879 ’ὸν
3548 1821 3867 1897 ἐνεδύσατο,

449 1923 592 1968 erat.
610 1911 927 1984 Oportebat
949 1917 1148 1968 autem
1174 1921 1232 1968 at
1259 1913 1356 1969 ille
1379 1913 1479 1986 qui
1499 1914 1556 1969 in
1578 1915 1867 1970 mundum
1891 1921 2084 1970 ventu-

2227 1910 2433 1986 ιόρατος
2455 1912 2544 1980 ἦν.
2575 1908 2726 1968 Ἔδει
2774 1908 2832 1966 δὲ
2882 1911 2974 1967 τὸν
3035 1911 3111 1975 εἷς
3168 1911 3375 1987 κόσμον
3436 1913 3868 1992 ἀφικνούμενον,

439 935 617 1004 tione,
650 935 811 990 salva
842 936 976 990 fecit
1005 942 1063 991 et
1092 934 1302 991 extulit
1333 951 1696 1007 quiscunque
1743 950 2084 1006 assumpse-

437 1029 548 1090 rat,
578 1041 641 1078 ac
673 1040 778 1095 per
809 1023 910 1080 illa
957 1041 1207 1096 quaeque
1249 1025 1337 1080 his
1368 1029 1507 1080 sunt
1537 1024 1781 1080 similia.
1827 1023 1886 1080 Si
1931 1025 2087 1080 enim

450 2017 554 2057 rus
586 2006 712 2057 erat
741 2001 876 2058 talis
907 2008 1086 2072 esset,
1117 2001 1216 2073 qui
1243 2002 1443 2072 videri,
1476 2003 1578 2074 qui
1612 2003 1816 2070 teneri,
1864 2004 1966 2076 qui
2010 2021 2098 2060 so-

452 2090 600 2146 ciam
631 2091 756 2146 vitae
791 2092 1074 2146 rationem
1127 2090 1296 2158 inire,
1343 2098 1402 2147 et
1441 2092 1680 2148 demum
1742 2093 1841 2164 qui
1885 2111 2098 2165 corpus

452 2179 744 2248 ejusmodi
777 2179 1016 2235 haberet
1044 2180 1199 2252 quod
1233 2197 1412 2237 sensu
1447 2182 1667 2254 percipi
1702 2187 1918 2253 posset.
1953 2182 2098 2238 Iline

452 2267 634 2340 igitur
661 2268 746 2324 illi
777 2285 988 2341 corpus
1018 2276 1106 2325 est
1135 2286 1205 2324 ex
1235 2269 1515 2326 invisibili
1547 2269 1789 2326 animali
1819 2271 2096 2327 substan-

450 2357 556 2423 tia,
584 2357 794 2414 virtute
825 2374 956 2414 vero
987 2375 1053 2414 ex
1083 2358 1280 2414 divina
1323 2358 1544 2415 fabrica
1573 2365 1928 2430 contextum,
1960 2377 2094 2417 cum

2203 1998 2285 2078 ἐφ’
2341 2000 2387 2072 ᾧ
2443 2021 2501 2056 τε
2559 2001 2812 2079 ὀφθῆναι,
2865 2007 3224 2076 κρατηθῆναι,
3281 2001 3730 2069 πολιτεύσασθαι,
3763 2005 3868 2058 καὶ

2202 2087 2464 2160 αἰσθητοῦ
2513 2090 2767 2163 σώματος
2819 2089 3133 2167 ἀντέχεσθαι
3169 2112 3182 2124 ο
3241 2096 3400 2163 σῶμα
3454 2090 3630 2147 τοίνυν
3705 2093 3871 2165 αὐτῷ

2205 2178 2398 2253 ὁφάναι
2444 2185 2545 2247 τῆς
2597 2177 2656 2233 ἐκ
2709 2185 2810 2249 τῆς
2863 2181 3097 2257 ἀφανοῦς
3155 2182 3396 2256 ψυχικῆς
3451 2180 3657 2250 ούσίας,
3693 2178 3869 2237 δυνά.-

2207 2288 2295 2340 μει
2353 2264 2409 2321 δὲ
2468 2268 2613 2333 θείας
2670 2267 2730 2324 ἐκ
2784 2275 3121 2340 κατασκευῆς
3175 2269 3250 2332 είς
3311 2268 3567 2341 αἰσθητὸν
3644 2271 3870 2344 κόσμον

2201 2361 2272 2435 ἀφ
2283 2359 2523 2435 ιγμένον.

445 2444 506 2502 in
539 2446 827 2501 mundum
858 2447 1199 2502 sensibilem
1231 2446 1469 2502 veniret.

515 2530 626 2592 LX.
659 2540 778 2592 Hoc
810 2536 1006 2607 itaque
1039 2552 1053 2602 ;
1085 2535 1335 2607 Spiritu:
1381 2542 1609 2592 sanctus
1657 2536 1719 2592 in
1746 2539 1802 2593 te
1829 2552 2093 2609 superve-

438 2625 579 2690 niet,
611 2624 872 2696 corporis
894 2623 1184 2680 Dominici
1207 2625 1489 2682 fabricam
1513 2625 1764 2693 indicat;
1797 2624 1974 2682 virtus
1996 2644 2091 2684 ve-

439 2729 502 2770 ro
532 2714 804 2770 Altissimi
851 2714 958 2770 tibi
1003 2714 1489 2786 obumbrabit(a),
1547 2715 1956 2772 formationem
1989 2716 2094 2772 Dei

443 2803 608 2873 dicit,
637 2821 768 2875 quae
794 2820 1008 2876 corpus
1040 2803 1101 2858 in
1135 2803 1371 2876 Virgine
1403 2805 1698 2861 formavit.

513 2893 656 2950 LXI.
691 2895 854 2960 Quod
887 2901 1082 2949 autem
1118 2894 1243 2966 ipse
1273 2895 1374 2966 qui
1424 2896 1771 2966 assumpsit,
1825 2896 2094 2951 diversus

445 2981 644 3050 fuerit,
667 3000 736 3039 ex
773 2983 847 3038 iis
885 2985 1263 3039 manilestum
1305 2989 1412 3054 est,
1439 2984 1658 3056 quibus
1689 2988 1905 3040 fatetur
1936 3001 1950 3040 :
1983 2989 2094 3053 Ego

2269 2541 2354 2594 Ξ’.
2383 2539 2462 2595 Τὸ
2491 2535 2606 2596 οῦν.
2641 2541 2859 2612 Πνεῦμα
2893 2539 3040 2614 ἅγιον
3101 2536 3448 2594 ἐπελεύσεται
3499 2536 3588 2593 ἐπὶ
3629 2537 3709 2610 σέ,
3752 2541 3866 2610 τὴν

2197 2631 2294 2682 τοῦ
2326 2627 2582 2700 σώματος
2610 2631 2706 2682 τοῦ
2738 2628 2942 2701 Κυρίου
2973 2625 3122 2703 λέγει
3277 2627 3510 2701 Δύναμις
3541 2625 3596 2683 δὲ
3625 2628 3870 2702 ὑψίστου

2198 2715 2496 2771 ἐπισκιάσει
2530 2737 2638 2786 σοι,
2667 2717 2764 2786 την
2802 2717 3085 2795 μόρφωσιν
3113 2714 3280 2788 δηλοῖ
3327 2721 3424 2772 τοῦ
3465 2721 3620 2787 Θεοῦ,
3652 2718 3688 2789 ἢ
3741 2717 3869 2773 ἑνε-

2195 2804 2414 2860 τύπωσε
2435 2805 2496 2859 τὸ
2528 2809 2686 2877 σῶμα
2716 2805 2768 2859 ὲν
2801 2808 2870 2878 τῇ
2901 2805 3179 2882 Παρθένῳ.

2268 2895 2530 2951 ΞΑ’.Ὃτι
2568 2893 2664 2966 μὶν
2699 2891 2790 2948 οῦν
2821 2894 2983 2956 αύτὸς
3013 2890 3196 2969 ἕτερος
3229 2894 3296 2963 ἦν
3330 2893 3376 2966 ᾧ
3403 2893 3686 2971 ἀνείληφεν
3713 2897 3864 2970 (10),

2199 2980 2369 3053 δῆλον
2430 2981 2479 3055 ἐξ
2531 2983 2604 3036 ὧν
2663 2981 2954 3057 ὁμολογεῖ,
2988 2983 3128 3058 Ἐγὼ
3175 2985 3210 3052 ἡ
3265 2985 3404 3054 ζωὴ,
3445 2984 3554 3058 ἐγὼ
3609 2986 3643 3054 ἡ
3706 2983 3868 3056 ἀλῄ-

443 3090 570 3129 sum
601 3075 736 3140 vita,
777 3089 874 3142 ego
911 3089 1034 3128 sum
1073 3074 1394 3145 veritas(b),
1419 3075 1483 3140 »Β
1510 3090 1607 3142 ego
1635 3087 1687 3130 et
1719 3079 1890 3130 Pater
1918 3091 2084 3130 unum

2227 3093 2335 3139 ιεια,
2369 3071 2474 3148 ἐγὼ
2533 3071 2620 3126 καὶ
2681 3072 2710 3126 6
2766 3073 2952 3147 Πατὴρ
3009 3069 3063 3128 ἓν
3124 3071 3306 3146 ἐσμεν.
3355 3073 3426 3128 Τὸ
3485 3070 3541 3128 δὲ
3597 3095 3868 3148 πνευμα-

441 3163 746 3235 sumus(c).
787 3163 936 3218 lllud
968 3169 1164 3218 autem
1192 3162 1480 3233 spiritale,
1514 3164 1692 3218 etiam
1725 3170 1782 3219 et
1811 3164 2084 3237 animale,

2234 3161 2344 3216 ικὸν
2391 3160 2420 3214 ’ὁ
2467 3158 2756 3237 ἀνείληφεν
2816 3160 2903 3215 καὶ
2949 3162 3013 3216 τὸ
3061 3162 3295 3237 ψυχικὸν
3343 3161 3516 3225 οὕτως
3547 3163 3806 3240 ἐμφαίνει
3855 3185 3871 3198 ο

443 3253 601 3323 quod
624 3234 970 3322 assumpsit,
996 3251 1152 3306 hunc
1172 3251 1229 3306 in
1255 3252 1495 3306 modum
1523 3258 1728 3306 notum
1750 3252 1917 3307 facit:
1940 3234 2084 3312 Puer

2227 3249 2278 3306 Τὸ
2337 3246 2394 3304 δὶ
2455 3246 2673 3303 παιδίον
2739 3245 2963 3320 ηὔξανεν
3029 3251 3116 3305 καὶ
3192 3249 3550 3326 προέκοπτειν
3619 3249 3870 3329 σφόδρα.

445 3356 572 3397 vero
599 3341 870 3395 crescebat
910 3344 961 3394 et
1003 3340 1332 3410 proficiebat
1375 3339 1640 3411 vatde(d;.
1691 3342 1937 3412 Insuper
1990 3349 2084 3398 διι-

2227 3337 2396 3416 ἰοφίας
2449 3337 2541 3411 μὶν
2597 3337 2699 3413 γὰρ
2745 3337 2806 3392 τὸ
2853 3338 3218 3411 πνευματικὸν
3252 3336 3443 3412 δεῖξαι,
3477 3341 3737 3415 μῆέθους
3798 3339 3872 3398 δὲ

441 3427 672 3501 ρὶοιιιίω
711 3426 844 3493 fuit,
891 3433 955 3482 ut
983 3427 1135 3498 quod
1169 3427 1479 3499 spirituale
1511 3434 1687 3494 esset,
1719 3429 2082 3500 ostenderet;

2227 3427 2252 3480 ὸ
2309 3425 2566 3503 ψυχικόν.
2601 3426 2698 3480 Διὰ
2754 3423 2812 3481 δὲ
2865 3430 2973 3482 τῶν
3024 3425 3321 3503 ἐκρυέντων
3375 3425 3435 3484 ἐκ
3477 3435 3575 3498 τῆς
3605 3428 3867 3505 πλευρᾶς

438 3516 885 3589 magnitudinis,
947 3523 1010 3572 ut
1059 3516 1114 3570 id
1145 3517 1300 3588 quod
1333 3516 1606 3573 animale.
1657 3526 1767 3573 ﬁer
1818 3517 1921 3574 illa
1951 3535 2084 3589 vero

2227 3512 2393 3587 Βήλου
2447 3517 2543 3578 τὰς
2581 3513 2820 3591 έκρύσεις
2866 3519 2974 3570 τῶν
3028 3517 3234 3587 παθῶν,
3267 3516 3373 3572 ἀπὸ
3426 3522 3534 3573 τῶν
3583 3517 3861 3590 ἐμπαθῶν

436 3621 563 3678 quas
592 3623 663 3663 ex
694 3606 866 3662 latere
892 3607 1179 3676 ﬂuxerunt
1229 3605 1321 3678 (e),
1366 3605 1710 3662 ellluxiones
1763 3607 2082 3665 aﬂ‘ectuum

2227 3611 2410 3669 παθεῖς
2469 3605 2763 3680 γενομένας
2819 3605 2916 3669 τᾶς
2971 3604 3158 3668 οὐσίας
3218 3607 3503 3665 σεσῶσθαι.
3555 3606 3651 3662 Καὶ
3712 3609 3859 3663 ὅταν

435 3696 866 3763 manifestabat,
926 3701 982 3750 et
1019 3695 1357 3751 affectiones
1385 3712 1453 3750 ex
1486 3695 1821 3752 libidinosis
1852 3697 2080 3769 pravis-

2227 3694 2356 3769 έγῃ,
2417 3700 2509 3750 Δεῖ
2580 3695 2669 3749 τὸν
2752 3693 2875 3749 Υἱὸν
2959 3697 3060 3747 τοῦ
3139 3694 3426 3770 ἀνθρώπου
3499 3692 3854 3770 ἀποδεκιμα-

434 3801 547 3855 que
583 3790 772 3841 rectas
803 3785 1153 3855 sedatasque
1185 3785 1370 3840 factas
1401 3785 1790 3853 substantias,
1825 3785 2078 3843 salutem

2227 3783 2424 3855 θῆναι,
2482 3777 2800 3859 ὑϐρισθῆναι
2837 3825 2851 3852 ,
2920 3784 3347 3858 σταυρωθῆναι,
3407 3783 3481 3848 ὡς
3531 3785 3654 3857 περὶ
3738 3783 3848 3839 ἀλ-

436 3873 619 3929 luisse
663 3878 1030 3930 consecutae.
1079 3874 1148 3928 Et
1195 3889 1327 3928 cum
1386 3873 1542 3928 dicat
1575 3890 1588 3930 :
1624 3873 1840 3945 Oportet
1870 3874 2079 3931 Filium

2227 3893 2287 3928 ου
2340 3873 2578 3950 φαίνεται
2627 3869 2827 3948 λέγων,
2885 3868 3142 3942 δηλονότι
3195 3876 3294 3927 τοῦ
3363 3870 3661 3946 ἐμπαθοῦς.
3729 3877 3846 3929 Καὶ

435 3961 678 4018 hominis
701 3962 1014 4034 reprabari,
1045 3961 1406 4018 contumeliis
1435 3962 1608 4033 afﬁci,
1633 3968 1686 4018 et
1715 3963 2074 4036 cruciﬁgi(f),

2227 3963 2403 4038 ροάξω
2462 3962 2622 4034 ὑμᾶς,
2682 3959 2851 4037 λέγει,
2909 3963 2978 4034 τῇ
3052 3959 3211 4036 τρίτη
3283 3961 3394 4017 τῶν
3470 3963 3696 4038 ἡμερῶν
3755 3963 3845 4027 είς

437 4051 602 4124 quasi
635 4053 704 4107 de
751 4050 865 4107 alio
897 4051 1130 4105 videtur
1162 4049 1340 4121 loqui,
1375 4067 1582 4122 nempe
1614 4051 1685 4106 de
1713 4067 1778 4106 eo
1809 4053 1907 4123 qui
1937 4070 2072 4125 pas-

2227 4052 2280 4122 ὴν
2323 4049 2616 4106 Γαλιλαίαν
2649 4069 2660 4082 ·
2696 4050 2858 4112 αὐτὸς
2912 4049 3013 4126 γὰρ
3067 4049 3291 4126 προάγει
3340 4051 3529 4118 πάντα,
3581 4050 3670 4105 καὶ
3729 4052 3843 4123 τὴν

433 4141 702 4198 sionibus
728 4141 806 4198 sit
834 4139 1141 4197 obnoxius.
1180 4141 1250 4194 Et
1277 4140 1581 4212 praecedam
1612 4155 1723 4208 vos,
1757 4140 1858 4208 ait,
1911 4144 2074 4198 tertia

2227 4145 2398 4216 ρανῶς
2444 4139 2763 4212 σωζομένην
2818 4140 3004 4214 ψυχὴν
3057 4140 3372 4210 ἀναστήσειν
3430 4139 3679 4214 ᾐνίσσετο
3738 4142 3840 4196 καὶ

428 4231 520 4288 die
549 4231 606 4287 in
641 4230 929 4288 Galilaeam
951 4229 1044 4302 (g),
1096 4229 1221 4301 ipse
1252 4227 1408 4285 enim
1438 4227 1637 4284 omnia
1668 4230 1968 4300 praecedit,
2015 4237 2074 4288 et

2227 4231 2638 4299 ποκαταστήσειν
2688 4225 2750 4282 οῦ
2797 4231 2891 4282 νῦν
2956 4229 3208 4304 προάγει.
3253 4228 3513 4293 Ἀπέθανε
3567 4225 3645 4296 δὶ,
3690 4230 3847 4285 ἀπο-

426 4321 682 4376 animam
719 4319 891 4375 modo
925 4315 1205 4374 invisibili
1244 4315 1530 4373 salvatam
1553 4333 1616 4372 se
1642 4318 2069 4375 suscitaturum

2227 4321 2399 4380 ;άντος
2455 4321 2553 4372 τοῦ
2613 4311 2947 4379 καταϐάντος
2996 4316 3256 4390 ἐπ⁹αύτῷ
3311 4315 3398 4372 ἐπὶ
3447 4321 3524 4390 τῷ
3579 4315 3845 4395 Ἰορδάνῃ

418 4409 1186 4480 indieavit,restiturumque
1204 4423 1317 4479 quo
1337 4422 1492 4463 nunc
1517 4406 1892 4480 przeeeditUi).
1918 4409 2069 4464 Mor-

2227 4407 2508 4480 νεύματος,
2541 4405 2640 4460 οὐκ
2697 4402 2809 4477 ἰδίᾳ
2857 4406 3178 4480 γενομένου,
3236 4403 3380 4460 ἀλλά
3439 4403 3838 4481 συσταλέντος,

417 4504 556 4556 tuus
577 4503 772 4556 autem
796 4504 887 4555 est
924 4497 1142 4570 Spiritu
1175 4496 1273 4568 qui
1307 4512 1482 4568 super
1511 4513 1645 4553 eum
1700 4495 1756 4551 in
1807 4497 2069 4554 Jordano

2235 4519 2266 4552 α
2320 4497 2410 4550 καὶ
2466 4494 2729 4572 ἐνεργησῃ
2779 4494 2808 4548 6
2851 4495 3074 4557 θάνατος
3105 4513 3118 4525 ·
3150 4491 3266 4548 ἐπεὶ
3318 4497 3455 4561 πῶς,
3512 4500 3614 4564 τῆς
3676 4501 3840 4566 ζωῆς

417 4588 714 4644 descendit
755 4588 1123 4657 abscedente,
1177 4602 1282 4642 nec
1314 4585 1524 4640 virtute
1571 4585 1807 4658 propria
1840 4586 1948 4642 hoc
1973 4587 2054 4643 fa-

2227 4587 2446 4663 ιρούσης
2475 4583 2526 4638 ἐν
2575 4583 2745 4655 αὐτῷ,
2777 4582 3008 4638 ἀπέθανε
3058 4582 3121 4637 τὸ
3171 4583 3369 4655 σῶμα;
3405 4581 3547 4638 οὕτω
3605 4584 3714 4660 γάρ
3763 4584 3836 4641 ἂν

416 4683 575 4732 ctum
608 4682 718 4744 est,
746 4677 846 4732 sed
895 4675 1054 4732 illius
1086 4676 1184 4747 qui
1220 4674 1505 4730 subduxit
1531 4691 1614 4736 se.
1639 4681 1704 4729 ut
1733 4675 1852 4730 vim
1884 4692 2054 4732 suam

2227 4677 2250 4731 μὶ
2310 4676 2477 4730 αὐτοῦ
2529 4676 2626 4727 τοῦ
2687 4678 2947 4747 Σωτῆρος
3002 4673 3030 4726 6
3079 4672 3310 4734 θάνατος
3360 4670 3652 4746 ἐκράτησεν
3703 4673 3766 4728 ἄν
3821 4696 3837 4710 ·

417 4784 576 4824 mors
628 4773 936 4832 exsereret,
981 4767 1200 4839 quippe
1247 4783 1363 4838 quo
1397 4771 1566 4839 pacto
1597 4767 1715 4822 vita
1773 4772 2057 4839 praesente

2227 4784 2297 4840 ιερ
2355 4761 2577 4820 ἄτοπον.
2610 4760 2768 4833 Δόλῳ
2811 4757 2869 4815 δὲ
2916 4761 2945 4815 6
3003 4758 3227 4823 θάνατος
3276 4763 3768 4837 κατεστρατηγήοη
3813 4784 3830 4797 ·

416 4858 561 4912 mori
599 4858 654 4911 in
680 4857 778 4912 illo
814 4857 1002 4928 potuit
1031 4874 1242 4927 corpus
1264 4857 1290 4911 ι)
1314 4856 1399 4912 sic
1417 4857 1571 4911 enim
1605 4862 1662 4910 et
1687 4872 1846 4912 mors
1869 4859 2054 4928 potita

2227 4853 2526 4913 ιοθανόντος
2556 4851 2659 4926 γὰρ
2687 4853 2784 4905 τοῦ
2833 4848 3087 4922 σώματος
3143 4849 3232 4904 καὶ
3289 4852 3657 4926 κρατήσαντος
3716 4853 3825 4907 a6-

410 4945 726 5002 Salvatoris
752 4945 939 5018 ipsius
970 4948 1304 5016 esset,quod
1339 4945 1835 5000 absurdum.Dolo
1858 4952 2051 5002 autem

2228 4946 2379 4998 ντοῦ
2421 4939 2669 5006 θανάτου,
2703 4937 3025 4999 ἀναστείλας
3079 4939 3178 5007 τὴν
3235 4937 3565 4994 ἐπελθοῦσαν
3623 4939 3830 4998 ἀκτῖνα

413 5050 567 5092 mors
632 5039 963 5106 expugnata
992 5040 1082 5089 est
1117 5050 1130 5088 :
1166 5049 1407 5104 corpore
1464 5034 1621 5088 enim
1672 5033 1955 5089 moriente
1983 5051 2050 5090 ae

2234 5052 2259 5095 ς
2310 5027 2588 5104 δυνάμεως
2645 5027 2674 5082 6
2734 5027 2954 5102 Σωτὴρ,
3006 5025 3258 5082 ἀπείλεσε
3337 5027 3432 5100 μὶν
3495 5027 3588 5082 τὸν
3646 5028 3829 5084 θάνα-

405 5125 603 5196 ipsum
627 5123 936 5194 subigente
957 5127 1165 5187 morte,
1189 5121 1476 5192 Salvator,
1509 5121 1740 5178 radium
1774 5123 2048 5194 potentiae

2227 5141 2246 5175 ν
2283 5123 2415 5195 (11),
2445 5119 2508 5174 τὸ
2566 5115 2623 5173 δὲ
2677 5117 2862 5184 θνητὸν
2915 5120 3076 5189 σῶμα
3142 5111 3439 5172 ἀποϐαλὼν
3488 5117 3636 5186 πάθη
3691 5119 3827 5174 ἀνέο

462 5298 527 5363 ἦ(
556 5293 615 5348 Ρ.
649 5293 755 5347 974
786 5291 897 5347 ED.
930 5289 1234 5347 POTTER.
1351 5291 1428 5362 (a)
1461 5295 1592 5346 Luc.
1635 5309 1676 5358 ι,
1724 5293 1813 5347 35.

389 5367 456 5438 (e)
489 5369 654 5422 Joan.
690 5381 806 5432 xxx,
837 5365 926 5419 34.
1043 5364 1108 5434 (Ῑ)
1143 5363 1281 5418 Luc.
1311 5378 1387 5432 xx,
1417 5363 1505 5416 22.

1927 5293 2004 5361 (ὁ)
2030 5291 2202 5348 Joan.
2247 5308 2364 5358 xxv,
2414 5291 2469 5346 6.
2584 5291 2650 5362 (e)
2678 5289 2850 5346 Joan.
2883 5306 2940 5357 ι,
2971 5291 3062 5346 30.

3176 5287 3255 5360 (ἁ)
3287 5288 3418 5345 Luc.
3470 5303 3536 5356 ii,
3585 5287 3676 5356 40,
3710 5289 3814 5345 52.

1615 5364 1695 5436 (g)
1728 5364 1934 5420 Matth.
1966 5380 2084 5420 xxv:

2228 5404 2240 5418 .
2352 5363 2435 5435 (h)
2467 5364 2591 5418 Act.
2627 5378 2689 5429 ιι,
2719 5363 2811 5418 24.
3456 5412 3462 5417 .

2139 5529 2208 5598 ἧν
2268 5528 2328 5582 οῦ
2386 5525 2697 5601 ἀνείληφεν,
2728 5528 2876 5585 alius
2915 5528 3042 5600 (seu
3093 5527 3366 5600 diversas)
3421 5526 3490 5584 ab
3533 5543 3594 5585 eo
3642 5544 3816 5600 quem

2139 5604 2459 5673 assumpsit.
2491 5605 2770 5673 annuae.

2213 5667 2340 5747 (“)-
2376 5670 2660 5728 ’Δπείλεσε
2719 5671 2814 5746 μὲν
2870 5667 2964 5725 τὸν
3033 5669 3283 5741 θάνατον.
3342 5670 3682 5746 Legendum
3745 5671 3808 5730 vi

450 5533 528 5604 (9)
565 5532 744 5604 Λέγει.
773 5534 915 5604 Post
944 5530 1054 5604 hoc
1082 5529 1324 5604 verbum
1362 5530 1564 5586 deesse
1609 5530 1844 5586 videtur
1893 5526 2027 5583 σύλ-

382 5601 578 5677 Ληψίν,
611 5601 714 5660 aut
736 5603 928 5677 simile
957 5602 1118 5677 qyid.
1153 5601 1441 5677 Sirmium.

475 5668 574 5752 '10)’
594 5677 816 5753 Ἕτερος
863 5674 931 5746 ἦν
972 5668 1028 5747 ii}
1067 5674 1150 5729 ἀν.
1191 5674 1624 5747 Congruentius
1674 5674 1820 5732 forte
1848 5668 2029 5750 ἕτερος
