4006 6200
422 329 524 385 691
1650 331 1987 386 οιΕΜΕΝΒ
2023 330 2590 386 ΔιΒΧΑΝυΜΝΗΒ
3740 321 3846 378 692

429 453 584 526 quod
617 456 752 510 ante
781 451 858 508 sit
906 451 1410 524 praedestinatum,
1465 452 1818 524 productum
1852 453 2027 509 fuerit
2059 468 2072 506 :

2230 472 2255 505 ν
2283 452 2346 506 τὸ
2375 451 2592 527 σπέρμα
2621 449 2966 524 προσενεχθῇ
2994 446 3059 501 τὸ
3109 441 3613 521 προλελογισμένον
3648 462 3662 474 ·
3699 442 3848 504 ἀλλά

425 543 527 600 sed
552 543 622 598 de
646 541 835 613 prima
858 541 1102 597 muliere
1128 542 1374 597 obscure
1396 541 1711 614 signiﬁcat,
1733 543 1907 613 cujus
1935 559 2076 614 pas-

2233 543 2314 619 ερὶ
2360 549 2461 613 τῆς
2510 540 2622 598 ἅνω
2670 540 2894 612 θηλείας
2945 539 3258 607 αἰνίττεται,
3289 539 3356 607 ἧς
3402 537 3636 608 τὰπάθη
3672 538 3852 600 κτίσις

428 632 622 688 siones
653 635 922 686 creatura
951 631 1209 697 fuerunt,
1251 634 1308 684 et
1338 647 1465 701 quae
1499 631 1866 686 substantias
1905 632 2083 687 infor-

429 736 556 776 mes
582 720 887 792 producat,
922 735 1024 790 per
1056 734 1234 789 quam
1271 722 1330 773 et
1368 718 1659 774 Dominus
1685 720 1808 791 ipse
1839 721 2082 776 descen-

2188 633 2428 707 γέγονεν,
2457 638 2559 702 τῆς
2591 631 2677 687 κα)
2705 632 2800 693 τὰς
2830 627 3120 707 ἀμόρφους
3171 627 3358 689 οὐσίας
3395 621 3858 701 προϐαλλοῦσης,

2193 720 2263 776 δι’
2290 723 2352 792 ἢν
2408 724 2500 778 καὶ
2549 723 2578 777 6
2628 721 2830 798 Κύριος
2874 718 3174 789 κατῆλθεν,
3203 718 3308 772 ἀπὸ
3358 718 3453 791 μὲν
3497 722 3596 774 τοῦ
3643 719 3854 772 πάθους

430 811 539 879 dit,
573 814 637 865 ut
666 827 699 865 a
730 807 1004 881 passione
1030 824 1138 863 nos
1173 806 1468 877 liberaret,
1501 811 1559 863 et
1587 809 1970 881 semetipsum
1995 808 2083 864 illi

2236 817 2338 885 μᾶς
2367 811 2722 879 ἀποσπάσων,
2751 809 2939 865 ἑαυτὸν
2973 805 3032 864 δὲ
3060 805 3544 881 εῗσποιησάμενος.

433 901 733 955 insereret.

504 1005 657 1062 358
692 1003 945 1060 LXVIII.
979 1004 1288 1069 Quandum
1323 1004 1560 1076 quidem
1591 1004 1822 1061 femina:
1853 1007 2082 1061 tantum

432 1095 539 1150 ﬁlii
594 1093 844 1164 fuimus,
880 1092 1051 1164 quasi
1085 1092 1361 1165 conjugio
1401 1093 1580 1166 turpi,
1621 1094 1967 1166 imperfecti,
1994 1093 2087 1150 in—

433 1185 644 1251 fantes,
678 1181 843 1239 stulti
875 1187 932 1237 et
966 1181 1211 1247 infirmi,
1245 1187 1417 1253 atque
1443 1183 1760 1253 informes,
1794 1183 2084 1240 abortivo-

437 1290 570 1330 rum
585 1273 858 1329 adinstar
879 1271 1152 1327 mulieris
1182 1269 1289 1326 filii
1307 1272 1714 1344 eramuslediti
1739 1277 2086 1345 ;postquam

437 1380 571 1419 vero
605 1379 638 1418 a
667 1361 959 1416 Salvatore
990 1360 1238 1416 formam
1259 1360 1617 1432 accepimus,
1639 1361 1746 1416 viri
1776 1361 2087 1434 nuptialis-

440 1468 553 1525 que
583 1450 828 1507 thalami
859 1449 966 1504 ﬁlii
999 1449 1318 1505 evasimus.

514 1558 699 1614 LXIX.
731 1561 937 1613 Fatum
988 1555 1226 1626 quidem
1277 1559 1366 1611 est
1411 1572 1734 1612 concursus
1765 1555 2089 1614 multarum

441 1649 672 1719 sibique
702 1645 1130 1702 contrariarum
1165 1645 1471 1700 virtutum.
1496 1645 1594 1700 Hae
1624 1663 1756 1702 vero
1789 1647 2092 1703 suntinvi-

442 1737 646 1792 sibiles
677 1741 733 1792 et
781 1737 1063 1801 obscurae,
1114 1734 1330 1805 quibus
1379 1750 1518 1789 cura
1553 1738 1747 1790 motus
1796 1740 2090 1792 astrorum

2264 1012 2392 1067 ΞΗ’.
2429 1015 2600 1086 ’Δχρι
2635 1010 2730 1082 μὲν
2763 1008 2869 1084 γὰρ
2918 1007 3060 1080 ἠμεν
3107 1011 3210 1075 τῆς
3265 1003 3490 1075 θηλείας
3540 1003 3712 1078 μόνης
3763 1005 3860 1060 τέ-

2194 1120 2314 1168 κνα,
2348 1099 2424 1162 ὡς
2472 1097 2535 1154 ἃν
2585 1098 2818 1174 αίσχρᾶς
2867 1094 3140 1172 συζυγίας,
3190 1095 3359 1160 ἀτελῆ
3410 1095 3499 1149 καὶ
3545 1095 3714 1164 νήπια
3761 1102 3858 1155 καὶ

2195 1189 2405 1266 ἄφρονα
2460 1186 2549 1244 καὶ
2610 1189 2805 1256 ἀσθενῆ
2865 1186 2954 1241 καὶ
3034 1185 3279 1262 ἄμορφα,
3340 1186 3456 1239 οἷον
3531 1181 3866 1259 ἐκτρώματα

2195 1278 2644 1354 προσενεχθέντα,
2701 1283 2802 1346 τῆς
2856 1276 3112 1352 γυναικὸς
3181 1275 3322 1348 ἦμεν
3375 1273 3533 1329 τέκνα
3563 1292 3576 1305 ·
3629 1273 3739 1329 ὑπὸ
3801 1271 3865 1328 δὲ

2195 1372 2292 1423 τοῦ
2347 1373 2609 1442 Σωτῆρος
2637 1365 3032 1445 μορφωθέντες,
3063 1360 3257 1439 ἀνδρὸς
3298 1362 3390 1418 καὶ
3431 1366 3728 1436 νυμφῶνος
3767 1382 3868 1437 γε-

2198 1458 2432 1534 γόναμεν
2461 1457 2642 1514 τέκνα.

2271 1566 2398 1619 ΞΘ’.
2431 1566 2494 1622 Ἡ
2527 1563 2833 1640 εἱμαρμένη
2867 1562 2978 1618 ἐστὶ
3018 1557 3243 1623 σύνοδος
3292 1556 3520 1615 πολλῶν
3570 1557 3659 1614 καὶ
3711 1557 3868 1615 ἐναν-

2199 1654 2329 1709 τίων
2363 1651 2643 1726 δυνάμεων
2679 1671 2694 1686 ⁶
2726 1652 2882 1708 αὗται
2933 1649 2990 1706 δέ
3041 1649 3173 1705 εἶσιν
3225 1647 3447 1725 ἀόρατοι
3477 1648 3566 1703 καὶ
3611 1649 3867 1726 ἀφανεῖς,

2204 1742 2656 1819 ἐπίτροπεύουσαι
2686 1743 2784 1812 τὴν
2817 1746 2925 1797 τῶν
2956 1741 3164 1815 ἄστρων
3196 1738 3387 1817 φοράν,
3418 1737 3507 1792 καὶ
3542 1734 3613 1791 δι’
3637 1735 3870 1792 ἐκείνων

443 1825 764 1882 commissa
792 1827 900 1894 est,
935 1840 1153 1895 perque
1185 1822 1284 1877 illa
1313 1825 1630 1896 praesident
1661 1841 1868 1896 resque
1896 1826 2085 1881 admi-

2230 1829 2642 1906 τολιτευόμεναι.
2676 1833 2820 1914 Καθὸ
2872 1830 2976 1907 γὰρ
3023 1825 3249 1884 ἕκαστον
3295 1827 3470 1882 αὐτῶν
3522 1824 3750 1904 ἔφθακεν
3782 1830 3864 1900 τῇ

443 1916 718 1972 nistrant.
781 1915 902 1979 Quo
935 1911 1090 1968 enim
1151 1916 1319 1984 pacto
1353 1912 1586 1968 illorum
1632 1915 2096 1986 unumquodque

449 2003 656 2060 mundi
689 2007 850 2058 motu
885 2003 1191 2074 abreptum
1225 2018 1341 2056 una
1372 2006 1656 2069 movetur,
1689 2002 1922 2060 illorum
1966 2022 2093 2078 qum

445 2097 772 2153 secundum
801 2094 954 2150 idem
1003 2091 1489 2149 inclinamentum
1520 2094 1671 2150 facta
1741 2100 1904 2167 sunt,
1933 2096 2095 2152 velut

444 2185 635 2258 ipsius
666 2183 923 2240 filiorum
950 2183 1318 2238 dominatum
1352 2182 1623 2239 obtinuit.

518 2295 692 2349 LXX.
725 2292 831 2348 Per
861 2291 1056 2347 sidera
1083 2290 1282 2361 itaque
1311 2307 1428 2346 non
1455 2290 1701 2347 erratica
1721 2291 2092 2366 errantisque

447 2385 768 2456 potestates
796 2379 1122 2436 invisibiles
1151 2396 1278 2452 quae
1310 2379 1404 2434 bis
1437 2385 1698 2452 praesunt
1729 2379 2094 2452 invectae,re-

448 2489 578 2528 rum
638 2475 800 2526 ortus
851 2469 1201 2541 dispensant
1249 2472 1423 2540 atque
1473 2469 1858 2542 prospiciunt.
1888 2471 2092 2529 Sidera

442 2579 576 2618 vero
609 2561 738 2634 ipsa
790 2559 870 2616 nil
902 2559 1141 2632 quidem
1192 2558 1436 2628 faciunt,
1466 2559 1583 2614 vim
1616 2563 1814 2616 autem
1849 2565 2091 2633 potesta-

444 2656 570 2707 tum
619 2649 1053 2707 dominantium
1097 2646 1362 2704 indicant
1411 2649 1483 2704 ad
1533 2663 1668 2705 eum
1702 2649 1939 2705 modum
1973 2667 2090 2724 quo

441 2741 671 2798 volatus
705 2739 900 2796 avium
934 2737 1155 2811 aliquid
1188 2738 1504 2809 signiﬁcat,
1556 2741 1614 2793 at
1646 2737 1791 2794 nihil
1824 2745 2087 2812 praestat.

520 2847 712 2904 LXXI.
745 2845 1067 2903 Duodecim
1100 2844 1282 2916 igitur
1312 2845 1482 2917 signa
1515 2859 1580 2900 ac
1629 2849 1852 2916 septem
1885 2847 2088 2920 stellae,

445 2955 570 3011 quae
603 2937 1037 3010 ingrediuntur,
1088 2934 1330 3006 haecque
1361 2938 1729 3006 percurrunt,
1763 2951 1921 2992 nunc
1959 2938 2089 3008 qui-

444 3029 577 3085 dem
613 3044 726 3083 una
755 3025 1132 3092 comitantur,
1157 3040 1313 3079 nunc
1342 3039 1476 3081 vero
1508 3028 1843 3094 occurrunt,
1877 3025 2086 3083 borum

441 3121 606 3176 ortus
639 3134 766 3189 qua:
796 3113 1231 3186 apotestatibus
1257 3113 1659 3182 *moventur,
1690 3119 1916 3170 motum
1949 3117 2088 3173 sub-

2199 1926 2295 1976 τοῦ
2325 1921 2538 1996 κόσμου
2576 1923 2786 1993 κινήσει
2819 1917 3336 1995 συναναφερόμενον,
3366 1917 3476 1972 τῶν
3523 1917 3638 1971 κατ’
3683 1915 3866 1985 αὐτὴν

2197 2012 2297 2080 τὴν
2353 2009 2528 2088 ῥοπὴν
2590 2009 2900 2086 γενομένων
2948 2005 3174 2084 εἴληχεν
3232 2007 3330 2076 τὴν
3386 2004 3751 2082 ἐπικράτειαν,
3786 2004 3876 2069 ὡς

2201 2100 2366 2156 αὐτοῦ
2393 2099 2595 2156 τέκνων
2607 2143 2620 2158 .

2271 2299 2462 2357 θ’.Διά
2477 2301 2584 2354 τῶν
2609 2294 2866 2352 ἀπλανῶν
2891 2293 3070 2351 τοίνυν
3111 2293 3200 2351 καὶ
3238 2290 3611 2367 πλανωμένων
3643 2289 3874 2369 ἄστρων

2198 2387 2252 2441 αἱ
2291 2385 2379 2442 ἐπὶ
2411 2385 2616 2442 τούτων
2642 2386 2865 2463 ἀόρατοι
2910 2381 3166 2458 δυνάμεις
3200 2383 3593 2459 έποχούμεναι,
3621 2381 3868 2456 ταμιεύ-

2197 2497 2314 2532 ουσι
2344 2476 2440 2540 τὰς
2467 2475 2698 2552 γενέσεις
2735 2474 2825 2530 καὶ
2869 2476 3245 2550 προσκοποῦσι
3275 2491 3289 2505 ο
3320 2471 3386 2526 τά
3415 2468 3474 2527 δὲ
3516 2469 3683 2548 ἄστρα
3713 2472 3866 2546 (15),

2195 2566 2329 2621 αὐτὰ
2362 2565 2456 2638 μὲν
2490 2562 2644 2620 οὐδὲν
2689 2569 2860 2633 ποιεῖ,
2893 2561 3128 2619 δείκνυσι
3179 2559 3236 2617 δὲ
3274 2562 3374 2630 τήν
3424 2561 3687 2636 ἐνέργειαν
3736 2563 3859 2616 τῶν

2194 2653 2395 2729 κυρίων
2441 2652 2744 2728 δυνάμεων,
2791 2651 2971 2728 ὥσπερ
3019 2651 3110 2707 καὶ
3139 2653 3174 2723 ἠ
3203 2655 3312 2707 τῶν
3365 2650 3594 2726 ὀρνίθων
3643 2656 3859 2720 πτῆσις

2196 2764 2262 2814 ση
2272 2741 2450 2836 μαίνει
2477 2764 2552 2816 τι,
2587 2742 2716 2817 οὐχὶ
2738 2747 2906 2798 ποιεῖ.

2266 2851 2392 2909 ΟΑ’.
2424 2849 2504 2908 Τὰ
2531 2847 2714 2905 τοίνυν
2743 2846 2972 2905 δεκαδύο
3007 2844 3196 2918 ζώδια,
3228 2845 3318 2902 καὶ
3367 2845 3418 2902 οἱ
3447 2849 3612 2902 ταῦτα
3656 2843 3864 2900 ἔπιόν-

2192 2961 2280 3003 τες
2328 2939 2463 2995 ἒπτά
2518 2939 2758 3014 ἀστέρες,
2805 2939 2930 2994 τοτὲ
2989 2937 3088 3012 μὲν
3163 2933 3562 3005 συνοδεύοντες,
3609 2935 3736 2991 τοτὶ
3796 2933 3870 2991 δὲ

2197 3029 2604 3102 ὑπαπατῶντες,
2635 3027 3024 3090 ἀνατέλλοντες
3057 3029 3230 3097 οὗτοι,
3259 3027 3396 3101 πρὸς
3421 3029 3528 3081 τῶν
3558 3021 3861 3099 δυνάμεων

2193 3117 2526 3192 κινούμενοι,
2577 3116 2788 3188 κίνησιν
2836 3120 2931 3187 τῆς
2984 3116 3164 3179 οὐσίας
3213 3113 3475 3188 δηλοῦσιν
3521 3114 3597 3178 εἷς
3637 3115 3866 3190 γένεσιν

440 3207 667 3263 stantize
727 3205 988 3259 indicant
1035 3207 1101 3258 ut
1157 3209 1507 3275 generentur
1560 3202 1858 3274 animalia,
1907 3210 2085 3279 atque

2230 3212 2301 3262 ῶν
2337 3208 2512 3278 ζώων,
2546 3206 2636 3263 καὶ
2665 3208 2765 3277 τήν
2794 3211 2902 3262 τῶν
2936 3205 3296 3284 περιστάσεων
3317 3207 3551 3283 τροπήν.
3583 3203 3864 3282 Διάφοροι

441 3295 555 3351 sibi
614 3293 1039 3350 contrariorum
1117 3291 1580 3347 conversionem.
1646 3291 1893 3350 Diversae
1949 3311 2080 3351 vero

441 3387 744 3438 suntcum
795 3379 974 3436 stellae
1019 3383 1146 3434 tum
1201 3383 1542 3450 potestates,
1575 3379 1869 3451 beneficis,
1904 3383 2085 3440 male-

443 3472 580 3540 ﬁcm,
614 3471 848 3538 dextrae,
883 3468 1173 3524 sinistrae:
1207 3467 1301 3523 his
1345 3484 1658 3524 commune
1691 3473 1780 3526 est
1804 3473 1959 3542 quod
1991 3489 2085 3546 ge-

439 3560 652 3616 nitum.
712 3563 929 3614 Harum
987 3561 1184 3613 autem
1217 3557 1522 3629 quodlibet
1559 3559 1794 3632 proprio
1824 3563 2084 3634 tempore

439 3649 722 3717 nascitur,
774 3647 874 3703 illo
906 3647 1007 3719 qui
1052 3646 1390 3706 dominatur
1442 3663 1574 3720 qua:
1617 3648 1784 3720 juxta
1814 3654 2083 3710 naturam

438 3741 580 3796 sunt
626 3737 985 3810 porllciente,
1015 3737 1126 3793 hoc
1176 3736 1418 3808 quidem
1470 3737 1529 3794 in
1581 3737 1890 3811 principio,
1936 3740 2084 3798 illud

437 3844 575 3891 vero
604 3829 663 3884 in
695 3827 834 3887 fine.

513 3939 728 3994 LXXII.
759 3937 846 3994 Ab
880 3936 990 3992 hoc
1015 3939 1368 4009 potestatum
1395 3935 1640 3993 dissidio
1671 3952 1737 3994 ac
1768 3954 1966 4012 pugna
1982 3944 2085 3998 Do-

439 4029 639 4085 minus
670 4043 776 4083 nos
808 4026 1038 4095 liberat,
1057 4029 1115 4080 et
1133 4041 1334 4097 pacem
1369 4025 1588 4096 praebet
1616 4025 1688 4082 ab
1720 4028 1843 4083 acie
1863 4028 1972 4085 hac
1999 4031 2085 4087 in-

436 4122 662 4173 structa
695 4119 1054 4188 potestatum
1096 4118 1153 4170 et
1183 4113 1548 4186 angelorum,
1607 4131 1723 4186 qua
1753 4115 1813 4172 bi
1843 4119 2082 4189 quidem

436 4223 541 4280 pro
574 4206 765 4275 nobis,
799 4203 1029 4261 illivero
1061 4207 1260 4258 contra
1281 4219 1384 4259 nos
1416 4202 1796 4272 collocantur,
1830 4206 2084 4281 aliiqui-

435 4296 567 4352 dem
603 4295 890 4350 militibus
921 4297 1062 4348 sunt
1091 4291 1314 4348 similes
1339 4293 1439 4364 qui
1473 4291 1644 4348 nobis
1675 4295 1889 4352 auxilio
1921 4303 2082 4366 sunt,

436 4391 503 4442 ut
528 4387 630 4441 Dei
663 4382 916 4440 ministri
945 4401 960 4453 ;
995 4380 1240 4438 aliivero
1271 4381 1621 4439 latronibus.
1655 4383 1760 4449 Qui
1782 4385 1940 4442 enim
1959 4403 2084 4444 ma-

434 4474 528 4530 lus
560 4478 668 4542 est,
704 4489 817 4528 non
853 4490 886 4528 a
908 4486 1040 4544 rege
1069 4471 1399 4526 succinctus
1424 4471 1647 4544 accepit
1667 4472 1952 4544 gladium,
1977 4479 2078 4534 sed

433 4563 544 4620 sibi
581 4579 682 4635 per
707 4561 1038 4618 vecordiam
1069 4576 1135 4616 ac
1165 4559 1502 4632 superbiam
1536 4561 1661 4633 ipse
1692 4564 1909 4635 rapuit.

509 4757 750 4813 LXXIII.
778 4759 1019 4830 Propter
1046 4755 1412 4813 adversarios
1444 4755 1539 4812 alii
1575 4773 1677 4829 per
1714 4774 1926 4832 corpus
1957 4777 2079 4817 res-

434 4866 546 4922 que
578 4853 850 4906 externas
881 4847 1140 4905 animam
1171 4849 1456 4904 invadunt
1503 4848 1881 4922 servitutique
1913 4851 2077 4907 addi-

432 4943 610 4996 cunt:
645 4938 744 5010 qui
777 4953 908 4994 vero
927 4937 1117 4994 dextri
1147 4942 1306 5008 sunt,
1336 4955 1450 4994 non
1484 4938 1677 4996 idonei
1705 4943 1848 4996 sunt
1879 4945 1943 4996 ut
1973 4958 2078 4998 no-

429 5029 658 5085 biscum
709 5029 949 5084 comites
978 5027 1224 5083 salutem
1273 5027 1570 5099 prebeant
1620 5045 1840 5102 nosque
1882 5034 2078 5086 custo-

432 5119 615 5184 diant,
653 5134 764 5173 non
800 5117 956 5172 enim
992 5115 1243 5188 perfecte
1287 5116 1675 5188 prospiciunt,
1705 5118 1858 5175 sicut
1888 5119 2078 5176 bonus

431 5213 672 5277 Pastor;
700 5207 800 5263 sed
823 5205 1172 5262 mercenaria
1194 5203 1405 5261 similis
1425 5205 1695 5280 quisque,
1712 5208 1968 5281 quicum
1991 5210 2078 5266 lu-

534 5371 596 5434 »ῐι
625 5375 688 5426 Ρ.
718 5369 825 5424 976
856 5367 960 5424 ED.
995 5365 1299 5424 POTTER.

499 5528 610 5599 (l5)
642 5527 974 5599 'Acrtpa.__De
1021 5525 1475 5599 astrisquoque
1529 5524 1692 5599 Philo
1743 5542 1875 5599 pag.
1907 5529 1962 5584 6.
1996 5528 2080 5590 οἷς

425 5593 682 5731 gmina;
720 5593 813 5672 μὲν
850 5593 1046 5654 ἔδωκεν
1081 5598 1108 5653 6
1139 5593 1291 5665 Θεὸς,
1327 5593 1395 5652 ού
1442 5599 1547 5670 μὴν
1598 5593 1970 5673 αὐτοκρᾶτεῖς.
2005 5604 2074 5656 H.

465 5687 711 5728 YLBUBG.

2193 3295 2240 3352 δ’
2275 3296 2377 3352 εἰσὶ
2417 3296 2508 3353 καὶ
2556 3297 2608 3352 οἱ
2656 3296 2874 3372 ἀστέρες
2902 3296 2992 3351 καὶ
3048 3296 3104 3351 αἱ
3149 3293 3404 3369 δυνάμεις
3431 3314 3450 3329 ι
3491 3293 3861 3370 ἀγαθοποιοὶ,

2191 3387 2502 3458 κακοποιοὶ⁹
2531 3382 2723 3459 δεξιοὶ,
2753 3385 3056 3461 ἀριστεροίο
3082 3385 3154 3439 ὧν
3189 3383 3368 3440 κοινὸν
3399 3383 3463 3439 τὸ
3491 3382 3819 3456 τικτόμενον
3845 3402 3863 3416 ·

2189 3473 2414 3531 ’ἑκαστον
2446 3478 2560 3547 (16)
2592 3472 2649 3530 δὲ
2679 3474 2854 3530 αὐτῶν
2882 3474 3085 3551 γίνεται
3126 3473 3262 3530 κατά
3299 3474 3486 3550 καιρὸν
3532 3472 3624 3527 τὸν
3675 3469 3857 3546 ἴδιον,

2190 3569 2287 3620 τοῦ
2319 3562 2735 3627 δυναστεύοντος
2764 3564 2833 3619 τὰ
2858 3564 2994 3619 κατά
3019 3563 3177 3637 φύσιν
3208 3561 3622 3632 ἀποτελοῦντος,
3642 3560 3708 3616 τὸ
3744 3561 3855 3634 μὶν

2193 3653 2245 3709 ἐν
2279 3652 2451 3731 ἀρχῇ,
2482 3653 2545 3709 τὸ
2576 3651 2634 3709 δὲ
2665 3651 2753 3709 ἐπὶ
2781 3650 2949 3712 τέλει.

2264 3940 2538 3998 ΟΒ’.Ἀπὸ
2593 3938 2797 4011 ταύτης
2838 3945 2941 4010 τῆς
2991 3939 3224 4004 στάσεως
3274 3937 3366 3994 καί
3397 3935 3584 4014 μάχης
3606 3935 3718 3994 τῶν
3751 3934 3856 3994 δυ-

2190 4029 2405 4106 νάμεων
2451 4031 2480 4085 6
2530 4028 2724 4105 Κύριος
2767 4032 2914 4103 ἡμᾶς
2952 4028 3156 4105 ῥύεται,
3195 4030 3281 4085 καὶ
3330 4029 3561 4105 παρέχει
3606 4028 3710 4097 τὴν
3762 4029 3852 4084 εἰ-

2193 4123 2364 4197 ρήνην
2419 4119 2526 4175 ἀπὸ
2564 4125 2664 4190 τῆς
2709 4123 2816 4176 τῶν
2870 4116 3151 4192 δυνάμεων
3199 4117 3292 4173 καὶ
3318 4124 3419 4188 τῆς
3449 4121 3560 4174 τῶν
3588 4114 3851 4192 ἀγγέλων

2190 4207 2555 4284 παρατάξεως,
2586 4209 2646 4278 ἣν
2693 4208 2745 4262 οἱ
2787 4208 2880 4281 μὲν
2932 4207 3065 4282 ὑπὲρ
3113 4207 3379 4280 ἡμῶν,οἱ
3428 4204 3486 4262 δὶ
3531 4207 3649 4262 καθ’
3673 4208 3851 4280 ἡμῶν

2191 4300 2622 4374 παρα-τάσσονται
2651 4316 2663 4330 ⁸
2698 4298 2750 4352 οἱ
2784 4297 2879 4369 μὲν
2911 4297 3012 4373 γάρ
3044 4297 3399 4370 στρατιώταις
3443 4294 3668 4363 ἰοίκασι,
3702 4317 3858 4370 συμ-

2195 4391 2498 4463 μαχοῦντες
2554 4389 2714 4460 ἡμῖν,
2747 4386 2824 4449 ὡς
2865 4383 2924 4440 ἂν
2973 4383 3236 4462 ὑπηρέται
3279 4389 3414 4442 Θεοῦ
3445 4403 3459 4418 °
3501 4385 3553 4440 οἱ
3602 4383 3680 4456 δὶ,
3739 4383 3860 4459 λῃ-

2195 4483 2346 4540 σταῖς
2380 4496 2393 4509 ⁶
2423 4477 2451 4530 6
2507 4477 2607 4553 γάρ
2661 4476 2904 4551 πονηρὸς
2958 4474 3021 4530 οὐ
3072 4475 3219 4548 παρά
3279 4473 3547 4552 βασιλέως
3597 4473 3852 4545 ἐζώσατο

2105 4569 2156 4633 D
2187 4561 2370 4622 λαϐὼν
2418 4567 2520 4635 τήν
2569 4564 2865 4642 μάχαιραν,
2909 4565 3082 4637 ἑαυτῷ
3133 4560 3191 4618 δὲ
3233 4562 3285 4634 ἐξ
3334 4562 3587 4625 ἀπονοίας
3655 4565 3850 4639 ἀρπά-

2191 4676 2307 4718 cum

2257 4764 2376 4820 OF'.
2409 4763 2506 4818 Διά
2555 4759 2622 4831 δὴ
2661 4759 2794 4822 τοὺς
2841 4759 3246 4834 ἀντικειμένους
3297 4759 3348 4814 οἱ
3399 4755 3489 4814 διὰ
3514 4763 3611 4814 τοῦ
3642 4760 3853 4832 σώμα-

2185 4873 2279 4915 τος
2311 4853 2398 4907 καὶ
2431 4855 2538 4908 τῶν
2573 4849 2723 4911 ἐκτὸς
2768 4843 3144 4904 έπιϐατεύουσι
3199 4855 3303 4918 τῆς
3349 4851 3557 4925 ψυχῆς,
3587 4848 3679 4904 καὶ
3731 4848 3861 4906 ἐνε..

2189 4943 2490 5018 χυράζουσι
2526 4940 2602 5004 είς
2631 4937 2904 4996 δουλείαν.
2937 4939 3006 4996 Οἱ
3037 4935 3094 4994 δὶ
3123 4935 3287 5011 δεξιοὶ
3336 4938 3435 4994 οὐκ
3481 4936 3612 4994 εἰσὶν
3657 4940 3856 4996 ἱκανοῖ

2187 5029 2731 5107 παρακολουθοῦντες
2799 5025 2989 5096 σώζειν
3048 5026 3139 5082 καὶ
3195 5026 3485 5105 φυλάσσειν
3531 5029 3678 5101 ἡμᾶς
3709 5045 3725 5059 ·
3782 5030 3856 5084 οὗ

2187 5120 2290 5194 γάρ
2345 5118 2446 5174 εἷ’σι
2495 5115 2682 5174 τέλεον
2733 5115 3118 5194 προνοητικοὶ,
3151 5115 3332 5192 ὥσπερ
3379 5117 3408 5171 6
3456 5117 3652 5192 ἀγαθὸς
3705 5121 3848 5172 Ποι-

2191 5210 2298 5283 μήν
2334 5227 2346 5241 ο
2382 5206 2528 5264 ἀλλὰ
2560 5210 2820 5282 μισθωτῷ
2847 5203 3234 5281 παραπλήσιος
3275 5201 3518 5277 ἕκαστος,
3546 5206 3636 5262 τὸν
3671 5205 3854 5263 λύκον

2261 5529 2372 5599 (16)
2401 5529 2681 5583 Ἐκαστον.
2717 5525 2865 5583 Flor.
2899 5522 3144 5594 ἑκάστου,
3190 5525 3443 5599 genitivo
3490 5542 3654 5584 casu.
3703 5531 3852 5586 8η-

2190 5615 2365 5656 BURG.
