4006 6200
248 359 326 417 σω
923 356 1168 410 DUBIA.
1200 381 1269 396 --
1306 356 1688 410 EXCERPTA
1727 354 1830 410 EX
1864 355 2190 411 BCRIPTIS
2227 356 2557 422 TRODOTI,
2597 354 2752 409 ETC.

3443 356 3549 411 694

245 485 379 557 ὁρῶντι
421 474 688 550 προσιόντα
743 475 829 530 καὶ
899 473 1175 552 φεύγοντι,
1232 476 1322 530 καὶ
1390 476 1453 530 ού
1515 475 1772 548 προθύμιι

1895 495 2030 549 pum
2062 481 2371 535 venientem
2405 479 2604 534 viderit
2636 478 2945 550 (a),fugam
2971 477 3166 543 init,et
3188 494 3302 534 non
3334 478 3547 552 illi.qui

234 573 306 638 τήν
342 569 490 641 ψυχὴν
545 564 670 638 ὑπὲρ
723 569 832 619 τῶν
883 561 1036 619 ίδίων
1089 559 1378 640 προϐάτων
1460 562 1783 620 ἐπιδιδόναι.

231 660 330 732 Πρὸς
350 656 411 710 ἔτι
441 658 534 727 (17)
577 650 631 708 δὲ
671 654 759 707 καὶ
792 653 820 706 6
872 652 1182 728 ἅνθρωπος,
1223 653 1358 730 ὑπὲρ
1408 655 1468 708 οὗ
1519 657 1553 722 ἡ
1605 655 1784 729 μάχη,

220 747 379 808 ἀσθενὲς
404 746 452 798 ὅν
486 748 638 812 ζῶον,
664 742 984 821 εύεπίφορόν
1016 742 1125 798 ἐστι
1165 745 1302 818 πρὸς
1348 745 1411 798 τὸ
1458 748 1644 820 χεῖρον
1695 745 1781 798 καὶ

219 843 302 896 τοῖς
343 837 530 906 μισοῦσι
578 828 1118 906 συλλαμϐανόμενον·
1172 832 1289 888 ὅθεν
1337 834 1424 887 καὶ
1487 831 1662 888 πλείω
1719 833 1784 887 τὰ

216 924 314 980 κακᾶ
354 923 557 996 ὑπάρχει
606 920 768 994 αύτῷ.
822 921 920 975 Διὰ
973 926 1133 977 τοῦτο
1181 923 1209 977 6
1256 921 1456 996 Κύριος
1511 918 1780 989 κατῆλθεν

216 1017 384 1088 εὶρήνην
413 1013 638 1081 ποιήσων
670 1015 785 1072 τοῖς
817 1011 907 1064 ἀπ’
934 1011 1174 1086 οὐρανῶν
1225 1013 1358 1084 (18),
1407 1011 1470 1065 οὐ
1511 1015 1628 1073 τοῖς
1675 1009 1781 1064 ἀπὸ

211 1103 388 1176 γῆς,ὥς
430 1121 578 1178 φησιν
630 1101 657 1154 6
691 1097 1048 1162 Ἀπόστολος⁸
1103 1101 1316 1177 Εἷρήρη
1373 1098 1459 1154 ἐπὶ
1508 1106 1606 1169 τῆς
1655 1106 1778 1174 γῆς,

210 1195 272 1246 καὶ
295 1189 397 1260 δόξα
424 1189 469 1244 ἐν
502 1189 768 1262 ὑψίστοις,

259 1282 346 1335 OA'.
393 1278 477 1333 Διά
516 1282 674 1332 10510
733 1279 973 1333 ἀνέτειλε
1032 1276 1174 1349 ξένος
1230 1279 1400 1352 ἀστὴρ
1435 1278 1524 1332 καὶ
1571 1277 1778 1349 καινὸς,

207 1369 426 1424 καταλύων
495 1369 591 1436 τήν
671 1367 908 1424 παλαιάν
983 1367 1328 1443 ἀστροθεσίαν
1404 1370 1540 1440 (19),
1607 1370 1778 1438 καινῷ

207 1459 321 1537 sani,
366 1457 419 1512 ού
471 1461 717 1530 κοσμικῷ
766 1456 1143 1531 λαμπόμενος,
1187 1458 1214 1512 ὁ
1245 1455 1431 1520 καινὰς
1480 1453 1641 1517 ὁδους
1688 1455 1778 1509 καὶ

207 1549 445 1623 σωτηρίους
504 1545 862 1620 τρεπόμενος·
935 1547 1096 1608 αὐτὸς
1155 1547 1182 1600 6
1232 1544 1429 1620 Κύριος
1477 1545 1774 1618 ἀνθρώπων

204 1635 372 1710 ὁδηγὸς,
402 1637 427 1691 ὁ
453 1635 723 1700 κατελθὼν
755 1634 832 1696 εἷς
871 1638 991 1711 γῆν,
1036 1633 1130 1690 ’ίνα
1183 1636 1386 1709 μεταθῇ
1416 1632 1543 1695 τοὺς
1577 1632 1652 1695 εἷς
1682 1633 1774 1688 τὸν

203 1728 369 1800 Χριστὸν
418 1725 797 1788 πιστεύσαντας
852 1723 958 1780 άπὺ
1013 1731 1114 1794 τῆς
1160 1724 1495 1800 εἱμαρμένης
1553 1722 1628 1785 εἷς
1676 1723 1778 1792 τήν

203 1817 352 1872 ἐκείνου
374 1817 617 1890 πρόνοιαν
631 1859 645 1872 .

250 1909 480 1964 OE'."O1L
528 1904 584 1960 δὲ
632 1903 770 1973 ἐστι,
815 1905 998 1979 φασὶν,
1036 1902 1363 1978 εἱμαρμένη,
1414 1907 1531 1964 τοῖς
1580 1900 1773 1963 ἄλλοις

201 1999 247 2050 τὶ
285 1994 658 2068 ἀποτελέσματα
736 1992 1119 2070 προλεγὸμενα
1188 1989 1476 2048 δείκνυσινο
1539 1991 1770 2066 ἐναργὴς

200 2083 483 2154 εὶᾶπόδειξις
528 2083 617 2138 καὶ
666 2085 704 2153 ἡ
756 2087 862 2138 τῶν
913 2084 1250 2157 μαθημάτων
1299 2081 1516 2156 θεωρία.
1569 2080 1772 2138 Αὐτίκα

199 2176 233 2226 οἱ
257 2174 384 2246 μάγοι
435 2173 493 2227 ού
553 2171 722 2245 μόνον
784 2169 922 2226 εἶδον
983 2173 1075 2226 τὸν
1135 2170 1331 2246 ἀστέρα
1381 2174 1478 2225 105
1537 2170 1766 2244 Κυρίου,

198 2261 468 2317 ammte
517 2259 725 2332 ἀληθὲς
777 2257 1040 2336 ἔγνωσαν,
1093 2261 1177 2315 ὅτι
1233 2257 1488 2336 βασιλεὺς
1544 2257 1766 2332 ἐτέχθη,

195 2351 253 2404 ιιιὶ
285 2352 340 2404 ὧν
371 2349 636 2425 βασιλεὺς,
687 2350 774 2405 ὅτι
823 2345 1085 2405 θεοσεϐῶν
1135 2352 1267 2422 (20).
1319 2350 1455 2406 Τότε
1511 2345 1766 2404 Ἰουδαῖοι

196 2440 304 2510 μόνοι
346 2435 608 2509 διαϐόητοι
672 2441 812 2508 ἦσαν
868 2439 955 2494 ἐπὶ
995 2433 1288 2510 θεοσεϐείᾳο
1340 2436 1430 2493 διὰ
1457 2442 1617 2492 τοῦτο
1660 2439 1762 2512 γὰρ

195 2529 253 2580 καί
275 2531 297 2583 ὁ
321 2532 492 2604 Σωτὴρ
521 2531 660 2605 πρὸς
705 2524 976 2594 θεοσεϐεῖς
1023 2528 1248 2596 κατιὼν,
1293 2527 1376 2582 ἐπὶ
1408 2527 1632 2589 τούτους
1662 2524 1766 2595 ἧλ-

192 2618 229 2671 οε
250 2618 453 2690 πρώτους
484 2619 609 2683 τοὺς
661 2619 789 2674 τότε
838 2617 926 2674 ἐπὶ
975 2613 1251 2689 θεοσεϐείᾳ
1299 2615 1454 2688 δόξαν
1501 2618 1768 2695 ἀποφερο-

196 2727 333 2776 umet
342 2753 353 2765 .

240 2887 324 2954 0f.
364 2889 441 2950 Ὡς
487 2887 577 2942 οὖν
629 2889 667 2958 ἡ
719 2887 968 2963 γέννησις
1035 2889 1132 2942 105
1201 2892 1458 2956 Σωτῆρος
1509 2886 1768 2961 γενέσεως

323 2979 394 3031 καὶ
432 2978 774 3052 εἱμαρμένης
824 2971 1092 3050 ἐξέϐαλεν,
1139 2974 1280 3030 οὕτω
1326 2975 1414 3030 καὶ
1463 2975 1522 3030 τὸ
1573 2970 1772 3030 ϐάπτι-

195 3084 272 3133 σμα
307 3065 442 3120 αύτοῦ
485 3065 660 3140 πυρὸς
711 3067 863 3139 ἡμᾶς
896 3064 1152 3136 ἐξείλετο,
1202 3065 1384 3120 καὶτὸ
1441 3065 1611 3129 πάθος
1665 3064 1773 3120 πά-

195 3153 300 3223 θους,
327 3152 405 3208 ἳνα
446 3156 579 3210 κατὰ
627 3157 811 3209 πάντα
856 3153 1318 3227 άκολουθτςσωμεν
1368 3153 1534 3225 αὐτῷ.
1586 3155 1636 3211 Ὁ
1670 3154 1772 3230 γάρ

194 3242 245 3302 εἷς
284 3245 388 3299 Θεὸν
439 3245 755 3319 βαπτισθεὶς
807 3242 882 3307 εἷς
929 3241 1060 3299 Θεόν
1121 3241 1426 3319 ἐχώρησεν,
1475 3243 1564 3297 καὶ
1613 3239 1769 3313 εἷ’λη-

195 3350 258 3406 γεν
313 3331 525 3403 ἱξουσίαν
593 3332 784 3388 ἐπάνω
856 3331 1128 3408 σκορπίων
1207 3332 1296 3386 καὶ
1372 3327 1546 3409 ὄφεων
1619 3353 1771 3407 περι-

193 3427 344 3493 πατεῖν,
369 3428 464 3479 τῶν
509 3421 802 3497 δυνάμεων
847 3427 955 3477 τῶν
1015 3426 1299 3496 πονηρῶν.
1351 3422 1451 3479 Καὶ
1481 3427 1599 3484 τοῖς
1632 3422 1770 3476 ἀπο-

193 3508 354 3572 στόλοις
439 3512 776 3585 ἐντέλλεται,
881 3513 1187 3585 Περιιόντες
1279 3510 1595 3585 κηρύσσετε,
1680 3511 1770 3565 καὶ

192 3598 280 3660 τοὺς
339 3603 674 3665 πιστεύοντας
761 3599 1047 3676 βαπτίζετε
1134 3599 1210 3662 είς
1309 3595 1483 3674 ὄνομα
1564 3600 1772 3674 [ἰατρὸς

194 3688 253 3740 ui
296 3690 402 3744 Ποῦ
463 3692 551 3746 καὶ
612 3690 780 3767 ἁγίου
857 3688 1194 3764 Πνεύματος.
1254 3689 1328 3752 εἰς
1388 3689 1479 3752 οὓς
1550 3689 1768 3766 ἀναγενο

195 3777 374 3852 ιίίδιιιεθα,
421 3786 524 3836 τῶν
579 3779 801 3836 λοιπῶν
837 3777 1118 3854 δυνάμεων
1148 3781 1367 3835 ἀπασῶν
1404 3779 1652 3856 ὑπεράνω
1683 3801 1768 3854 γι-

195 3863 369 3935 ιόμενοι.

241 3955 327 4012 OZ'.
351 3959 509 4034 Ταύτῃ
538 3960 773 4024 θάνατος
808 3958 900 4013 καὶ
941 3956 1104 4021 τέλος
1159 3955 1368 4035 λέγεται
1400 3961 1500 4013 τοῦ
1530 3955 1770 4013 παλαιοῦ

198 4043 281 4116 βίου
312 4050 363 4102 τὸ
414 4049 715 4126 βάπτισμα,
767 4050 1220 4124 ἄποτοισσομένων
1279 4052 1440 4123 ἡμῶν
1493 4055 1611 4112 τοῖς
1668 4071 1768 4105 πο·

194 4142 332 4205 Vngui;
359 4138 560 4215 ἀρχαῖς·
597 4142 719 4211 ζωή
768 4136 826 4194 δὲ
852 4140 989 4194 κατὰ
1032 4139 1290 4215 Χριστὸν,
1338 4139 1407 4208 ἧς
1453 4139 1616 4212 μόνος
1671 4138 1769 4194 αύ-

195 4222 255 4285 τδς
276 4229 589 4300 γυριεύει.ὐ
621 4227 855 4302 δύναμις
907 4225 965 4282 δὲ
1012 4231 1113 4294 τῆς
1163 4223 1476 4302 μεταϐολῆς
1520 4233 1616 4284 105
1673 4229 1768 4304 βα-

194 4317 433 4380 πτισθὲιτος
463 4318 521 4374 οὗ
550 4319 681 4395 περὶ
714 4319 778 4373 τὸ
837 4321 1016 4391 σῶμα,
1077 4318 1134 4389 (6
1189 4318 1353 4380 αὐτὸς
1387 4318 1488 4394 γὰρ
1549 4313 1768 4373 ἀναϐαί-

194 4407 278 4475 τευ)
301 4405 422 4461 ἀλλᾶ
447 4411 566 4485 περὶ
604 4409 818 4483 ψυχὴν.
879 4404 1085 4464 Αὐτίκα
1135 4403 1331 4470 δοῦλος
1361 4410 1495 4461 Θεοῦ
1528 4407 1640 4480 ἅμα
1691 4411 1770 4478 τῷ

197 4488 368 4550 ἰηλθεῖν
397 4501 484 4552 105
519 4499 896 4572 βαπτισματος
940 4501 1033 4551 καῖ
1092 4495 1227 4571 πρὸς
1283 4496 1392 4550 τῶν
1451 4497 1766 4571 ἀκαθάρτων

1897 573 2167 641 prompte
2207 572 2263 624 et
2313 567 2510 623 animo
2560 566 2736 623 alacri
2787 584 2890 640 pro
2939 567 3144 623 ovibus
3191 568 3316 624 suis
3363 570 3540 626 vitam

1896 673 2065 713 uam
2101 657 2610 729 deponit.lnsuper
2640 662 2694 712 et
2716 656 2891 712 homo
2919 657 3090 728 cujus
3109 658 3294 729 gratia
3318 665 3407 714 est
3430 676 3541 731 pu-

1893 762 2029 819 gna,
2066 747 2286 802 animal
2319 751 2406 801 est
2439 745 2824 814 imbecillum,
2857 750 2913 800 et
2962 747 3117 817 quod
3151 747 3318 803 facile
3351 747 3407 802 in
3441 765 3536 820 pe-

1889 836 1988 904 jus
2021 840 2375 904 mutetur,ao
2407 834 2524 890 illis
2556 835 2654 907 qui
2688 835 2820 889 odio
2855 835 3070 891 habent
3098 835 3381 892 auxilium
3408 838 3538 905 fert;

1894 923 2030 980 hinc
2061 929 2149 980 est
2177 925 2331 996 quod
2368 926 2538 996 plura
2586 923 2669 978 illi
2719 925 2873 980 mala
2905 924 3239 996 obtingunt.
3279 930 3435 983 Hanc
3467 929 3540 983 ob

1891 1029 2131 1069 causam
2166 1014 2468 1068 descendit
2513 1013 2816 1080 Dominus,
2853 1017 2916 1068 ut
2961 1012 3057 1070 ille
3104 1016 3201 1084 qui
3235 1030 3264 1069 e
3297 1016 3455 1071 ccelis
3486 1027 3543 1072 et

1894 1119 2006 1160 non
2040 1103 2139 1173 qui
2173 1119 2203 1158 e
2236 1109 2389 1158 terra
2415 1118 2617 1173 pacem
2655 1103 2955 1173 praeberet,
3000 1103 3083 1158 uti
3119 1104 3257 1160 dicit
3287 1108 3535 1178 Aposto-

1889 1191 1983 1246 lus
2018 1210 2030 1247 :
2066 1197 2191 1246 Pax
2221 1191 2281 1245 in
2313 1196 2484 1259 terra,
2516 1200 2567 1246 ει
2597 1192 2778 1262 gloria
2811 1194 2868 1246 in
2893 1193 3119 1247 excelsis
3149 1194 3243 1264 (b).

1965 1279 2193 1336 LXXIV.
2229 1283 2432 1352 Itaque
2463 1279 2635 1336 stella
2668 1297 2815 1336 nova
2862 1297 2927 1336 ac
2985 1281 3224 1338 insolita
3271 1286 3400 1339 orta
3426 1295 3532 1352 est,

1889 1385 2036 1425 nova
2068 1369 2198 1425 luce
2227 1373 2478 1424 veterem
2529 1367 2830 1424 stellarum
2877 1371 3224 1440 positionem
3279 1372 3529 1441 solvens,

1889 1474 2003 1513 non
2034 1456 2164 1512 luce
2195 1474 2321 1530 quea
2346 1458 2552 1512 mundi
2576 1458 2748 1513 fuerit
2769 1457 3096 1528 lucens,sed
3127 1477 3252 1532 quae
3281 1461 3405 1518 vias
3429 1480 3529 1518 no-

1885 1563 1988 1602 vas
2045 1551 2100 1602 et
2131 1563 2257 1618 quas
2291 1545 2468 1602 saluti
2501 1547 2854 1617 conducunt,
2887 1549 3401 1621 ostendat.Nempe
3425 1557 3531 1606 Do-

1887 1635 2086 1692 minus
2120 1637 2242 1708 ipso
2277 1635 2376 1708 qui
2411 1635 2747 1692 hominibus
2779 1637 2882 1691 via:
2913 1638 3031 1691 dux
3075 1642 3182 1705 est,
3219 1639 3438 1712 quique
3471 1641 3526 1696 in

1884 1729 2104 1782 terram
2137 1726 2458 1792 descendit,
2494 1729 2557 1779 ut
2587 1742 2616 1780 e
2647 1725 2759 1780 fato
2791 1725 2862 1780 ad
2896 1723 3054 1781 illius
3106 1727 3528 1797 providentiam

1805 1850 1854 1916 Β
1885 1814 2014 1871 illos
2042 1815 2144 1886 qui
2176 1814 2232 1869 in
2267 1813 2569 1870 Christum
2603 1815 2866 1879 credant,
2900 1815 3261 1871 transferret.

1957 1903 2172 1960 LXXV.
2207 1904 2369 1969 Quod
2402 1921 2558 1972 vero,
2593 1903 2817 1974 dicunt,
2851 1904 2928 1960 sit
2958 1905 3301 1977 fatum,qua3
3325 1909 3532 1977 praedi-

1883 2000 1972 2049 cta
2003 1995 2074 2050 de
2104 1993 2234 2050 aliis
2267 1998 2426 2061 sunt,
2469 1998 2745 2065 certoque
2797 1999 3138 2061 evenerunt,
3195 1997 3534 2053 ostendunt.

1883 2083 2152 2138 Probatio
2184 2099 2319 2138 vero
2346 2083 2655 2154 perspicua
2703 2087 2791 2138 est
2843 2083 3222 2139 scientiarum
3276 2091 3536 2142 contem-

1881 2172 2081 2244 platio.
2117 2173 2325 2228 Statim
2360 2172 2508 2244 magi
2548 2189 2660 2227 non
2696 2173 2864 2227 modo
2893 2173 3109 2228 stellam
3145 2176 3534 2232 Dominivide-

1879 2266 2009 2316 runt
2036 2261 2238 2333 (c),sed
2273 2265 2329 2317 et
2357 2261 2512 2332 quod
2542 2276 2744 2315 verum
2772 2265 2925 2317 esset
2948 2267 3525 2336 cognoverunt,quod

1880 2367 1976 2406 rex
2009 2355 2183 2406 natus
2216 2354 2390 2417 esset,
2424 2353 2480 2405 et
2507 2366 2755 2421 quorum
2810 2367 2904 2405 rex
2954 2351 3148 2419 fuerit,
3183 2369 3389 2423 nempe
3424 2356 3521 2411 Dei

1877 2439 2191 2494 cultorum.
2225 2444 2400 2496 Porro
2432 2439 2615 2496 Judaei
2649 2439 2757 2494 soli
2790 2439 2984 2494 cultus
3038 2440 3218 2495 divini
3252 2450 3516 2510 respectu

1877 2527 2133 2584 celebres
2166 2532 2305 2584 tunc
2338 2528 2722 2584 habebantur.
2758 2528 2825 2582 Et
2857 2527 3008 2582 hanc
3039 2529 3110 2583 ob
3142 2546 3379 2585 causam
3412 2537 3524 2600 est,

1877 2618 2030 2690 quod
2059 2617 2323 2672 Salvator
2343 2618 2414 2673 ad
2448 2617 2547 2673 Dei
2586 2616 2836 2673 cultores
2870 2618 3256 2686 descendens,
3288 2620 3356 2674 ad
3392 2620 3527 2677 illos

1879 2706 2134 2779 primum
2165 2705 2322 2762 venit
2356 2705 2440 2774 ›ι‹,
2473 2706 2573 2778 qui
2605 2710 2742 2761 tunc
2775 2707 3057 2780 temporis
3090 2708 3162 2764 ob
3195 2707 3420 2766 cultum
3444 2711 3529 2766 di-

1879 2795 2078 2851 vinum
2112 2796 2357 2867 gloriam
2394 2795 2738 2852 retulerunt.

1955 2885 2206 2940 LXXVI.
2261 2890 2440 2940 Prout
2484 2885 2680 2956 itaque
2732 2883 3043 2940 Salvatoris
3094 2887 3368 2942 nativitas
3416 2906 3522 2945 nos

1880 2973 2079 3047 genesi
2111 2975 2372 3046 fatoque,
2415 2973 2499 3030 sie
2530 2978 2587 3029 et
2626 2974 2891 3044 ejusdem
2942 2975 3240 3048 baptisma
3291 2978 3360 3034 ab
3394 2978 3530 3050 igne

1884 3081 1991 3119 nos
2024 3062 2308 3131 liberavit,
2355 3067 2411 3118 et
2460 3061 2654 3135 passio
2686 3079 2718 3116 a
2751 3062 3043 3134 passione,
3078 3068 3140 3119 ut
3169 3064 3223 3119 in
3256 3066 3532 3123 omnibus

1885 3170 2017 3210 eum
2052 3151 2507 3224 sequamur.Qui
2535 3151 2691 3208 enim
2720 3152 2778 3206 in
2807 3156 2982 3208 Deum
3009 3152 3313 3224 baptizatus
3328 3159 3404 3210 est
3425 3157 3530 3227 (d),

1805 3226 1846 3293 C
1886 3243 1942 3299 in
1972 3243 2154 3298 Deum
2187 3241 2495 3310 concessit,
2526 3244 2842 3314 accepitque
2869 3247 3187 3312 potestatem
3215 3261 3377 3316 super
3392 3226 3533 3302 scor-

1874 3335 2070 3405 piones
2100 3349 2163 3388 ac
2181 3335 2457 3404 serpentes
2484 3331 2742 3387 calcandi
2764 3330 2975 3403 (e),hoe
2997 3337 3086 3388 est
3116 3333 3173 3387 in
3206 3339 3526 3404 potestates

1879 3421 2192 3494 improbas.
2244 3421 2421 3478 Jubet
2477 3436 2709 3492 quoque
2759 3420 3076 3492 apostolos,
3111 3422 3524 3479 Circumeunte:

1877 3511 2258 3584 praedicate,et
2288 3527 2374 3566 eos
2404 3511 2502 3582 qui
2529 3509 2750 3566 credent
2769 3511 3040 3582 baptizate
3069 3510 3126 3566 in
3160 3515 3384 3568 nomine
3413 3519 3520 3569 Pa-

1877 3600 1985 3657 tris
2013 3606 2063 3657 et
2096 3600 2230 3656 Filii
2258 3608 2308 3655 et
2339 3598 2580 3670 Spiritus
2609 3599 2788 3654 sancti
2819 3598 2887 3672 (/)
2921 3617 2932 3654 :
2968 3599 3026 3655 in
3068 3617 3216 3672 quos
3271 3602 3526 3658 renasci-

1881 3708 2015 3746 mur
2073 3689 2318 3762 reliquis
2375 3689 2650 3744 omnibus
2716 3689 3113 3760 potestatibus
3191 3692 3524 3763 superiores

1879 3779 2037 3836 facti.

1950 3956 2228 4013 LXXVII.
2264 3955 2423 4012 Hanc
2453 3956 2526 4013 ob
2557 3972 2796 4013 causam
2841 3955 2972 4012 vita
3007 3957 3218 4013 veteris
3250 3974 3404 4014 mors
3436 3964 3526 4015 at-

1879 4065 1989 4122 que
2019 4046 2154 4102 ﬁnis
2187 4046 2482 4118 baptisma
2511 4045 2923 4112 dicitur,nobis
2956 4047 3338 4118 potestatibus
3357 4050 3528 4106 malis

1879 4133 2515 4194 rcnuntiantibus.Vita
2537 4151 2667 4191 vero
2692 4136 2906 4191 secund
2920 4151 3017 4190 um
3032 4135 3529 4210 Christum,cujus

1879 4227 2040 4283 solus
2056 4225 2179 4298 ipse
2193 4225 2468 4280 dominus
2482 4229 2570 4280 est
2586 4242 2596 4278 :
2614 4224 2804 4280 virtus
2826 4229 3020 4280 autem
3038 4227 3384 4282 mutationis
3401 4230 3529 4298 ejus

1879 4317 1979 4390 qui
2014 4315 2345 4388 baptizatus
2375 4319 2481 4382 est,
2525 4329 2637 4368 non
2672 4313 2862 4384 quoad
2912 4329 3131 4385 corpus
3183 4315 3531 4383 attenditur,

1878 4407 2034 4463 idem
2067 4406 2223 4462 enim
2256 4403 2540 4470 ascendit,
2574 4405 2669 4458 sed
2708 4404 2897 4475 quoad
2931 4403 3214 4458 animam.
3246 4403 3404 4459 Illico
3432 4405 3526 4461 Dei

1879 4510 2289 4568 servus,quam
2311 4493 2566 4565 primum
2582 4509 2614 4546 a
2630 4493 2985 4564 baptismate
3010 4493 3341 4548 ascenderit
3357 4493 3528 4564 spiri-

201 4575 351 4651 λέγεται
376 4587 478 4657 (21)
503 4586 853 4660 πνευμάτων,
885 4584 974 4640 καὶ
1023 4584 1098 4647 εἰς
1130 4582 1186 4638 ὅν
1217 4585 1324 4658 πρὸ
1355 4583 1546 4659 ὀλίγου
1603 4584 1758 4660 ἐθήρ-

1894 4586 2032 4642 ibus
2063 4583 2209 4656 ipsis
2229 4581 2479 4653 impuris
2505 4596 2706 4636 aurem
2732 4580 2906 4636 etiam
2931 4582 3238 4652 praebebat
3265 4582 3321 4637 in
3348 4599 3521 4653 quem

196 4688 302 4742 γοσν,
321 4671 485 4730 τοῦτον
516 4673 628 4746 ἤδη
662 4673 1008 4752 φρίσσουσιν.

245 4763 336 4818 ΟΗ’.
386 4763 551 4840 Μέχρι
593 4768 699 4820 105
763 4765 1136 4838 βαπτίσματος
1187 4763 1278 4818 οὗν
1340 4764 1375 4832 ἠ
1431 4761 1768 4838 εἷμαρμένη,

203 4851 312 4920 φασίν
358 4851 572 4925 ἀληθής.
639 4853 776 4927 μετᾶ
833 4851 890 4908 δὲ
939 4857 1099 4908 τοῦτο
1165 4853 1264 4908 ούκ
1316 4848 1393 4907 ἔτι
1441 4851 1766 4924 ἀληθεύοσιν

273 5031 320 5096 ιιι
343 5028 395 5081 Ρ.
421 5027 522 5080 9'77
552 5028 663 5084 ΕΙ).
699 5025 1001 5084 POTTER.
1115 5028 1190 5094 (α)
1220 5026 1391 5083 Joan.
1424 5043 1481 5094 π,
1515 5025 1603 5082 il.

201 5093 248 5160 (ε)
271 5093 375 5152 Luc.
401 5115 454 5166 ι,
485 5099 569 5155 19.
684 5100 749 5171 (Ῑ)
777 5097 984 5154 Matth.
1018 5093 1216 5167 xxvm,
1253 5099 1337 5155 19.

252 5248 328 5321 (17,
358 5249 487 5318 Πρός
515 5247 614 5306 ἔτι.
650 5249 850 5306 Malim
882 5249 1249 5321 conjunctim
1279 5249 1523 5321 προσέτι.

252 5320 333 5385 (18)
379 5324 503 5397 ἈτιξξΔ
538 5321 804 5397 ούρανῷν.
875 5324 938 5376 Α.
992 5319 1100 5374 Ἐπ’
1164 5319 1418 5397 ούρανοῦ,
1486 5319 1773 5397 singplari

209 5401 419 5466 numero:
451 5391 909 5466 Flor.'ambiguo
947 5409 1141 5450 errore
1169 5391 1262 5446 ἀπ’
1303 5391 1553 5466 οὐρανόν.
1592 5391 1772 5466 ’SvLe.

243 5463 344 5538 ⁸(ιθ)
380 5466 764 5538 Ἀοτροθεσίαν.
797 5463 962 5522 Ῥοει
1019 5466 1170 5521 hanc
1217 5463 1414 5522 vocem
1467 5481 1593 5538 non
1628 5464 1777 5519 male

214 5528 505 5623 distinxeris,
524 5528 588 5623 ut
604 5555 852 5623 sequens
875 5539 1232 5623 commation
1255 5540 1428 5608 καινῷ
1453 5534 1622 5623 φωτί,
1644 5552 1778 5623 cum

212 5609 415 5732 ἓὲἓοιιιί
442 5607 1062 5684 participiojungatur,
1087 5627 1202 5667 non
1226 5627 1360 5667 cum
1389 5607 1776 5666 antecedenti.

322 5695 433 5732 una.

322 5695 433 5738 U36.

1713 5026 1790 5098 (b)
1843 5024 1984 5081 Luc.
2041 5039 2105 5090 ιι,
2157 5023 2241 5076 14.

1876 4673 2049 4748 paulo
2081 4675 2216 4731 ante
2247 4671 2518 4741 agebant,
2551 4669 2706 4724 hune
2733 4670 2858 4739 jam
2891 4669 3098 4725 timent
3125 4673 3528 4744 tremuntque-

1952 4761 2250 4817 LXXVIII.
2283 4761 2363 4814 Ad
2412 4758 2776 4830 baptismum
2828 4758 3025 4828 itaque
3077 4775 3285 4830 usque,
3320 4761 3534 4831 fatum,

1883 4852 2112 4918 dicunt,
2165 4865 2367 4905 verum
2412 4847 2490 4902 sit
2523 4865 2536 4904 :
2571 4851 2628 4901 at
2660 4851 2792 4917 post
2846 4846 3041 4918 ipsum
3095 4848 3214 4904 veri
3265 4849 3409 4905 nihil
3460 4851 3538 4906 lo-

2356 5020 2427 5093 (ε)
2461 5019 2661 5076 Matth.
2724 5037 2787 5087 ιι,
2832 5022 2885 5074 2.
3003 5019 3080 5092 (ά)
3130 5020 3255 5077 Gal.
3310 5039 3394 5090 ιιι,
3445 5024 3534 5078 27'

1950 5247 2064 5315 (.20)
2097 5247 2220 5300 Ὅτι
2265 5237 2476 5315 θεοσεὸς
2537 5243 2716 5315 Plena
2765 5248 3071 5315 structura
3115 5248 3224 5311 est,
3285 5245 3365 5300 ὅτ.
3421 5245 3540 5300 θεο-

1893 5311 2066 5391 σεϐὦν
2100 5315 2297 5391 ἐτέχθη
2335 5313 2610 5391 βασιλεύς.
2644 5313 2780 5391 Τὸ-τε
2809 5317 2907 5391 γάρ
2939 5311 3100 5372 Ἰουδ.
3135 5322 3420 5372 SYLBURG.

2123 5388 2370 5463 Λέγεται.
2425 5388 2650 5463 Λέγεται
2711 5388 3110 5463 (θινὶ-τιμωρεῖ,
3172 5405 3386 5463 nempe
3438 5404 3540 5459 pro

1895 5457 2272 5534 ὁμολογεῖται,
2310 5457 2542 5534 siquis
2603 5467 2795 5515 tamen
2857 5457 3099 5514 λείπεται
3160 5465 3259 5515 aut
3296 5457 3540 5534 φεύγὲται

1897 5531 2209 5606 ιιιαὶὶῑ,’ρθιι
2231 5549 2319 5590 me
2353 5531 2506 5588 licet.
2540 5537 2825 5588 SYLBURG.
