4006 6200
399 366 509 424 095
1629 369 1962 423 CLEMBNS
1993 367 2564 424 assumamus
2765 351 2770 358 ’
3713 357 3824 412 ess

406 495 672 565 quuntur
689 491 988 564 astrologi.
1023 494 1120 546 Est
1149 494 1342 547 autem
1377 507 1492 547 non
1531 489 1718 547 solum
1751 490 1982 547 lavacru

2247 487 2604 565 ἀστρολογοι.
2637 490 2814 544 Ἔστιν
2850 483 2909 542 δὶ
2938 485 3001 540 οὐ
3029 485 3093 540 τὸ
3123 481 3354 558 λουτρὸν
3379 483 3544 556 μόνον
3570 483 3634 538 τὸ
3664 480 3820 538 ἐλευ-

411 579 568 652 quod
599 578 658 634 in
711 578 1040 636 libertatem
1091 595 1196 635 nos
1247 578 1478 649 asserit,
1537 595 1737 635 verum
1791 580 1968 636 etiam

2244 583 2377 650 >06v,
2406 576 2553 634 ἀλλά
2603 577 2694 633 καὶ
2745 579 2780 645 ἡ
2825 579 3047 651 γνῶσις·
3097 573 3232 628 τίνει
3281 575 3444 646 ἦμεν,
3493 571 3544 626 τί
3594 571 3826 647 γεγόνα-

413 668 662 726 scientia
690 667 896 740 quales
928 667 1234 738 fuerimus,
1273 668 1411 738 quid
1462 685 1672 724 sumus
1714 669 1924 738 effecti,
1959 687 1992 724 υ

2248 687 2288 722 ν·
2336 671 2442 722 ποῦ
2497 669 2660 740 ἦμεν,
2719 664 2753 736 ἢ
2813 668 2920 720 ποῦ
2979 657 3373 734 ἐνεϐλήθημεν’
3432 665 3539 714 ποῦ
3587 657 3830 715 σπεύδο-

413 773 672 828 eramus,
702 756 791 813 vel
821 756 918 812 ubi
953 756 1174 812 luimus
1201 757 1471 828 conjecti,
1502 774 1619 830 quo
1651 775 1995 830 properamu

2246 778 2294 825 ν,
2374 755 2532 812 πόθεν
2608 752 2974 831 λυτρούμεθα·
3046 751 3098 807 τί
3163 749 3434 826 γέννησις,
3489 750 3542 805 τί
3607 747 3828 822 ἀναγίν-

419 848 574 902 unde
605 845 890 919 redempti
920 862 1148 915 sumus,
1192 845 1333 917 quid
1373 845 1688 918 generatio,
1724 847 1866 919 quid
1898 863 2062 921 rege-
2174 865 2350 916 νησις.

421 935 666 992 neratio.

494 1023 648 1081 859
697 1023 938 1080 LXXIX.
993 1025 1262 1088 Quandiu
1333 1023 1550 1097 itaque,
1603 1025 1824 1094 dicunt,
1877 1025 2069 1082 adhuc

2251 1024 2372 1081 08'.
2402 1025 2549 1085 Ἕως
2597 1019 2687 1077 οὖν
2738 1019 3092 1099 ἀμόρφωτον,
3140 1019 3324 1097 φασὶν,
3375 1014 3452 1072 ἔτι
3494 1017 3554 1072 τὸ
3588 1015 3833 1091 σπέρμα,

427 1128 626 1169 semen
659 1117 747 1168 est
795 1114 1065 1183 informe,
1121 1112 1347 1168 femina:
1398 1119 1488 1169 est
1519 1113 1675 1170 filius
1711 1133 1723 1170 :
1760 1119 2008 1187 postqua

2259 1111 2402 1175 Λείας
2462 1111 2574 1167 ἐστὶ
2629 1112 2830 1166 τὲκνονσ
2897 1109 3181 1188 μορφωθὲν
3213 1105 3292 1181 δὲ,
3343 1107 3598 1181 μετετεθη
3631 1106 3714 1168 εἷς
3747 1107 3841 1162 ἄν·

427 1219 560 1258 vero
591 1202 763 1258 fuerit
794 1202 1197 1261 formatumin
1230 1203 1421 1258 virum
1453 1203 1893 1274 transfertur,et
1917 1203 2009 1258 lilii

2253 1223 2305 1272 α,
2348 1201 2437 1257 καὶ
2494 1202 2616 1263 Υἱὸς
2668 1199 2904 1277 νυμφίου
2932 1199 3156 1275 γίνεται,
3192 1197 3292 1252 οὐκ
3347 1190 3425 1252 ἔτι
3464 1196 3690 1265 ἀσθενὴς
3742 1194 3835 1250 καὶ

431 1291 633 1362 sponsi
665 1292 874 1357 ﬂt,non
908 1291 1161 1364 amplius
1195 1292 1686 1365 inﬁrmus,iisqne
1718 1309 1844 1364 quas
1868 1310 2005 1348 mun

2261 1297 2302 1355 ῖς
2334 1295 2625 1365 κοσμικαῖς
2663 1288 3018 1362 ὑποκείμενος
3049 1286 3266 1364 ὁρατοῖς
3313 1307 3371 1341 τε
3418 1285 3507 1341 καὶ
3554 1283 3843 1361 ἀοράτοις,

433 1385 574 1436 sunt
602 1380 935 1436 visibilibus
967 1385 1020 1436 et
1060 1381 1457 1436 invisibilibus
1501 1382 1826 1454 subjectus,
1863 1383 1961 1438 sed
1991 1399 2015 1438 ν

1769 1399 1826 1448 ε,
1863 1383 1961 1438 sed
1991 1382 2078 1438 vir
2188 1380 2314 1437 ἀλλ’
2343 1378 2657 1456 ἀνδρωθεῖς,
2691 1376 2862 1456 ἄρῥην
2890 1377 3092 1455 γίνεται
3125 1375 3351 1451 καρπός.

433 1471 642 1538 factus,
676 1469 900 1524 fructus
942 1469 1246 1524 masculus
1275 1485 1505 1542 quoque
1537 1472 1726 1527 factus
1755 1476 1864 1527 est.

509 1560 710 1616 LXXX.
745 1562 924 1626 Quem
956 1560 1146 1632 gignit
1177 1566 1384 1628 mater,
1439 1563 1497 1615 in
1551 1567 1795 1617 mortem
1827 1562 2084 1618 trahitur

2265 1561 2467 1618 ῘΓ.“Ον
2527 1564 2688 1635 γεννᾷ
2743 1560 2779 1629 ἡ
2844 1558 3052 1634 μήτηρ,
3104 1554 3178 1618 sic
3224 1554 3448 1610 θάνατον
3509 1552 3688 1632 ἄγεται
3749 1555 3847 1610 καὶ

437 1655 617 1719 atque
645 1649 703 1702 in
730 1649 1016 1706 mundum
1051 1666 1064 1703 :
1099 1666 1274 1721 quem
1297 1667 1431 1706 vero
1455 1655 1760 1716 regenerat
1792 1650 2019 1707 Christu

2267 1647 2522 1721 ῖκόαμον⁸
2573 1648 2630 1703 ’iv
2687 1646 2745 1702 δὲ
2799 1647 3056 1722 ἀναγεννᾷ
3109 1645 3368 1720 Χριστὸς,
3402 1644 3478 1706 εἷς
3536 1646 3680 1714 ζωὴν
3737 1665 3849 1718 με-

438 1739 497 1791 in
531 1741 706 1792 vitam
738 1739 1090 1793 transfertur
1118 1739 1176 1792 in
1200 1741 1609 1810 ogdoadem,et
1638 1740 1696 1794 in
1727 1741 1944 1796 mundo
1963 1757 2020 1812 qi

2271 1738 2462 1793 τίθεται
2519 1737 2596 1800 εἲς
2653 1733 2909 1813 ὀγδοάδα·
2984 1734 3074 1790 καὶ
3131 1734 3531 1804 ἀποθνήσκουσι
3607 1734 3705 1806 μὶν
3762 1738 3853 1806 τῷ

444 1827 576 1882 dem
611 1829 966 1895 moriuntur,
998 1832 1056 1881 at
1086 1827 1198 1882 Deo
1230 1827 1451 1894 vivunt,
1488 1833 1548 1883 nt
1578 1845 1736 1884 mors
1767 1834 1952 1885 morte
1974 1830 2026 1884 di

2279 1849 2414 1901 τμῳ,
2451 1831 2580 1897 ζῶσι
2631 1823 2688 1882 δὲ
2739 1830 2811 1898 τῷ
2854 1829 2971 1898 Θεῷ
3011 1821 3103 1878 ’ίνα
3155 1825 3378 1888 θάνατος
3426 1824 3635 1896 θανάτῳ
3678 1822 3861 1896 λυθῇ,

446 1915 790 1981 solvatur,et
811 1915 1236 1972 resurrectione
1255 1918 1550 1987 corruptio
1583 1919 2028 1990 mutetur.0uip1

2282 1917 2486 1971 ιστάσει
2529 1913 2587 1971 δὲ
2614 1918 2650 1985 ἡ
2683 1914 2876 1993 φθορά.
2925 1914 3024 1969 Διά
3065 1913 3168 1990 γάρ
3209 1913 3416 1988 Πατρὸς
3473 1913 3564 1966 καὶ
3593 1913 3724 1966 Υἱοῦ
3758 1911 3864 1967 καὶ

451 2004 511 2059 in
546 2005 780 2059 nomine
813 2004 1000 2060 Patris
1032 2013 1085 2059 et
1119 2005 1244 2059 Filii
1291 2009 1348 2060 et
1376 2004 1627 2077 Spiritus
1675 2007 1864 2062 sancti
1897 2007 2025 2079 sign

2284 2006 2362 2061 ίου
2440 2005 2757 2078 [Ινεόματος
2838 2004 3205 2081 σφραγισθεὶς,
3274 2001 3642 2072 ἀνεπίληπτός
3740 2000 3866 2057 ἐστι

451 2098 572 2162 tus,
605 2093 884 2148 immunis
916 2095 986 2148 ab
1013 2093 1173 2147 omni
1207 2092 1319 2149 alia
1349 2095 1561 2150 virtute
1595 2100 1706 2160 est,
1740 2112 1956 2168 perque
1985 2103 2033 2152 tr

2284 2116 2346 2170 σῃ
2383 2099 2451 2169 τῇ
2513 2093 2658 2170 ἄλλῃ
2723 2092 2966 2166 δυνάμει·
3027 2093 3116 2148 καὶ
3171 2089 3262 2147 διὰ
3316 2095 3483 2166 τριῶν
3542 2089 3866 2163 ὀνομάτων,

453 2182 574 2237 haec
626 2183 864 2236 nomina
916 2183 986 2236 ab
1041 2181 1202 2236 omni
1250 2200 1377 2252 quae
1423 2186 1480 2237 in
1542 2185 1914 2257 corruptione
1964 2186 2035 2242 fui

2285 2206 2377 2260 σῃς
2435 2191 2538 2255 τῆς
2593 2183 2645 2240 ἐν
2697 2186 2872 2260 φθορᾷ
2937 2180 3157 2249 τριάδος
3230 2181 3547 2257 ἀττηγγάγη⁸
3607 2179 3867 2256 Φορὲσας

450 2272 638 2327 triade
671 2271 1244 2338 mutatus,liheratus
1273 2276 1404 2342 est;
1439 2272 1575 2329 Cum
1597 2273 1754 2330 enim
1788 2276 2032 2344 imagine

2286 2297 2301 2328 ν
2337 2273 2520 2328 εῗκόνα
2573 2277 2671 2329 1:06
2730 2275 2950 2348 χοϊκοῦ,
2981 2271 3104 2327 τόττ
3150 2275 3310 2350 φορεῖ
3363 2271 3463 2340 τήν
3519 2269 3702 2324 εἰκόνα
3755 2275 3868 2325 1:06

450 2363 726 2417 terrestri:
772 2371 1034 2430 gesserat,
1078 2363 1159 2417 ita
1209 2371 1338 2417 tunc
1387 2365 1530 2433 gerit
1578 2365 1885 2434 imaginem
1934 2368 2032 2422 cal

969 2371 1034 2430 ιι,
1078 2363 1159 2417 ita
1209 2371 1338 2417 tunc
1387 2365 1530 2433 gerit
1578 2365 1885 2434 imaginem
1934 2368 2092 2422 εαιε-
2207 2363 2551 2439 ἱπουρανίου.

447 2452 546 2506 stis
577 2451 675 2520 (a).

519 2538 760 2599 LXXXI.
793 2538 928 2604 Quis
977 2539 1217 2611 quidem
1266 2540 1422 2611 ignis
1472 2557 1608 2611 pars
1658 2547 1749 2598 est
1795 2558 2093 2614 corporea,

2287 2545 2403 2600 LIA'.
2429 2544 2540 2599 T06
2569 2541 2740 2616 πυρὸς
2767 2541 2830 2596 τὸ
2856 2542 2949 2614 μὶν
2968 2539 3310 2613 σωματικὸν,
3332 2541 3601 2612 σωμάτων
3626 2539 3869 2594 ἅπτεται

445 2644 689 2700 corpora
710 2628 830 2683 haec
862 2629 1062 2683 omnia
1094 2629 1369 2700 attingit;
1401 2645 1528 2700 quin
1557 2646 1690 2686 vero
1725 2647 1872 2701 pura
1903 2647 1970 2687 ac
2003 2634 2016 2686 i

2283 2652 2445 2697 ντων,
2492 2631 2556 2686 τὸ
2603 2628 2661 2685 δὲ
2704 2629 2934 2704 καθαρὸν
2965 2630 3056 2684 καὶ
3086 2629 3373 2701 ἀσώματον
3407 2629 3712 2702 ἀσωμάτων
3752 2649 3865 2705 φα-

448 2733 727 2788 corporea
774 2722 883 2788 est,
933 2717 1084 2772 hanc
1132 2717 1336 2772 dicunt
1393 2718 1736 2790 incorporea
1786 2723 2030 2792 attinget

2318 2721 2592 2783 ἅπτεσθαι,
2649 2720 2764 2773 οἷον
2815 2715 3112 2792 δαιμόνων,
3147 2715 3386 2794 ἀγγέλων
3421 2722 3525 2786 τῆς
3569 2715 3877 2790 πονηρίας,

452 2822 661 2876 nempe
688 2807 1006 2876 daemones,
1039 2797 1284 2878 angelos
1313 2807 1609 2879 nequitiae,
1635 2808 1946 2880 ipsumque
1977 2811 2034 2866 di

2291 2809 2370 2865 :06
2411 2812 2509 2862 τοῦ
2553 2803 2838 2864 διαϐόλου.
2871 2805 3060 2869 Οὕτως
3112 2805 3222 2862 ἐστὶ
3274 2805 3336 2860 τὸ
3381 2805 3464 2860 ἐπ’
3496 2804 3721 2879 οὐρανὸν
3753 2808 3873 2878 πῦρ

453 2895 674 2951 bolum.
706 2899 827 2951 Hoc
858 2895 922 2960 ᾧ
952 2904 1116 2966 pacto
1147 2895 1301 2967 ignis
1333 2897 1702 2953 subccslestis
1733 2903 1945 2954 natura
1990 2917 2035 2954 ει

2295 2899 2388 2953 σὸν
2421 2899 2523 2965 τήο
2550 2897 2708 2974 φύσιν
2744 2900 2880 2969 (22),
2910 2897 2972 2952 τὸ
3008 2898 3102 2969 μὶν
3134 2896 3356 2964 νοητὸν,
3399 2896 3463 2951 τὸ
3494 2891 3551 2950 δὲ
3580 2893 3877 2963 αἰσθητόν.

453 2983 668 3057 duplex
691 2983 1102 3055 est,nimirum
1135 2983 1528 3058 intelligibilis
1556 2991 1614 3041 et
1642 2987 1942 3043 sensibilis
1975 3005 1988 3043 :
2025 3006 2035 3043 ι

2296 2987 2401 3042 ἱτὸ
2436 2985 2718 3061 βάπτισμα
2761 2983 2854 3040 οὖν
2905 2984 3135 3040 διπλοῦν
3185 2983 3494 3058 ἀναλόγως,
3523 2984 3585 3038 τὸ
3637 2984 3730 3055 μὶν
3777 2982 3878 3037 αἷ-

452 3074 725 3130 eumdcm
759 3074 999 3128 modum
1026 3073 1323 3146 baptisma
1344 3074 1561 3147 duplex
1582 3074 1950 3146 est,alterum
1974 3095 2034 3146 (ιι

2297 3077 2428 3145 ιτὸν,
2461 3072 2531 3130 δι’
2581 3073 2796 3142 ὕδατος,
2843 3078 2942 3130 τοῦ
2985 3074 3250 3143 αἴσθητοῦ
3304 3073 3476 3148 πυρὸς
3517 3067 3879 3142 σϐεστήριον·

451 3165 586 3219 dem
619 3161 1078 3235 sensibile,quod
1112 3179 1213 3235 per
1241 3179 1453 3234 aquam
1478 3164 1718 3234 ﬁt,quod
1746 3165 1942 3236 ignem
1963 3181 2033 3220 se:

2304 3163 2359 3220 δὲ
2395 3165 2618 3234 νοητὸν,
2673 3161 2764 3219 διὰ
2818 3162 3132 3237 Πνεύματος
3182 3164 3321 3236 (23),
3367 3166 3464 3218 τοῦ
3511 3165 3713 3230 νοητοῦ
3761 3182 3886 3216 πυ-

451 3251 682 3308 sihilem
715 3252 1121 3324 exslinguendi
1153 3253 1269 3306 vim
1303 3251 1513 3318 habet;
1548 3252 1797 3308 alterum
1839 3270 1971 3309 vero
2003 3254 2033 3308 ii

2309 3278 2310 3310 :
2382 3253 2771 3327 ἀλεξητήριον.
2851 3253 2948 3308 Καὶ
2994 3251 3058 3307 τὰ
3116 3252 3430 3324 σωματικὸν
3500 3254 3712 3322 πνεῦμα
3773 3254 3891 3305 τοῦ

451 3339 774 3412 telligibile,
809 3357 909 3411 per
939 3339 1248 3410 Spiritum,
1297 3341 1452 3412 quod
1507 3340 1661 3411 ignis
1713 3341 2026 3414 intelligibi

2314 3345 2483 3414 θητυῦ
2563 3344 2737 3416 πυρὸς
2816 3343 2994 3419 τροφὴ
3079 3342 3170 3396 καὶ
3255 3341 3570 3414 ὑπέκκαυμα
3649 3339 3896 3413 γίνεται,

451 3436 540 3485 est
570 3429 892 3483 remedium
944 3429 1340 3500 eamdemque
1390 3429 1719 3500 depellendi
1753 3432 1871 3485 vim
1905 3431 2033 3486 habi

2316 3453 2408 3506 γον
2442 3427 2525 3486 ὅν·
2579 3431 2769 3487 πλεῖον
2822 3429 2880 3486 δὶ
2926 3432 3242 3504 γενόμενον,
3291 3425 3611 3503 σϐεστήριον
3653 3429 3898 3504 πέφυκα.

452 3516 706 3590 Spiritus
735 3515 912 3572 etiam
945 3533 1257 3587 corporeus
1309 3534 1411 3574 ceu
1458 3523 1686 3587 ventus,
1723 3519 1878 3591 ignis
1910 3535 2034 3575 seni

2337 3519 2396 3577 δὲ
2423 3519 2627 3585 ἄνωθεν
2673 3517 2826 3575 δοθὲν
2891 3521 3032 3591 ἡμῖν
3072 3523 3304 3591 πνεῦμα,
3353 3518 3640 3590 ἀσώματον
3688 3515 3772 3583 ὃν,
3823 3517 3899 3572 οὐ

456 3605 591 3661 bilis
623 3606 789 3661 cibus
819 3610 995 3677 atque
1027 3607 1210 3662 fomes
1258 3612 1369 3676 est,
1419 3623 1554 3662 cum
1604 3608 1877 3663 modicus
1910 3610 2037 3664 {uer

2301 3611 2504 3686 ιιχείων
2537 3609 2742 3683 μόνων,
2777 3605 2924 3663 ἀλλὰ
2971 3608 3060 3663 καὶ
3094 3605 3374 3681 δυνάμεων
3404 3611 3592 3682 κρατεῖ
3635 3605 3725 3660 καὶ
3772 3606 3883 3680 ἀρ-

458 3695 547 3751 sin
585 3699 783 3750 autem
815 3694 948 3766 plus
978 3711 1144 3767 aequo
1176 3695 1352 3751 fuerit
1383 3711 1450 3752 ac
1500 3694 1845 3764 vehemens,
1884 3698 2040 3752 exsti

1059 3712 1144 3766 ,uo
1176 3695 1352 3751 fuerit
1383 3711 1450 3752 ac
1500 3694 1845 3764 vehemens,
1884 3698 2106 3752 exstin-
2218 3703 2335 3774 χῶν
2365 3703 2641 3775 πονηρῶν.

459 3784 674 3857 guendi
709 3785 822 3839 vim
855 3784 1049 3840 habet.
1080 3785 1334 3857 Spiritus
1364 3789 1579 3852 autem,
1612 3787 1713 3857 qui
1746 3803 1776 3841 e
1807 3785 1953 3841 cmlo
1985 3788 2152 3844 nobis
2183 3790 2358 3846 datus
2387 3794 2497 3859 est,
2526 3790 2906 3862 incorporeus
2937 3804 3072 3845 cum
3105 3787 3203 3858 sit,
3235 3804 3351 3844 non
3381 3785 3572 3844 solum
3603 3784 3878 3842 elemen-

463 3882 678 3940 torum,
715 3890 916 3930 verum
946 3873 1118 3930 eiiam
1143 3877 1522 3946 potestatum,
1545 3879 1603 3930 et
1632 3874 2071 3947 principatuum
2107 3877 2396 3936 malorum
2427 3877 2742 3950 imperium
2773 3877 2885 3934 sibi
2914 3877 3196 3934 vindicat.

538 3962 811 4020 LXXXII.
849 3968 1090 4034 Insuper
1119 3962 1289 4036 panis
1320 3968 1496 4036 atque
1547 3962 1741 4020 oleum
1777 3963 1977 4021 eadem
2015 3980 2115 4022 no-

2299 3968 2420 4024 lIB’.
2455 3966 2560 4024 Καὶ
2609 3967 2636 4021 ὁ
2669 3963 2830 4041 ἄρτος
2885 3963 2973 4020 καὶ
3003 3966 3066 4020 τὸ
3096 3958 3278 4020 ἔλαιον
3330 3963 3604 4040 ἁγιάζεται
3652 3965 3722 4035 τῇ
3775 3957 3881 4017 δυ-

466 4051 641 4108 minis
690 4051 901 4108 virtute
962 4052 1427 4121 sanctiﬁcantur,
1483 4069 1596 4108 non
1657 4069 1855 4109 revera
1907 4054 2048 4110 eade

2299 4075 2381 4128 μει
2426 4059 2519 4110 τοῦ
2569 4049 2837 4126 ὀνόματος
2881 4055 3015 4126 (24),
3064 4051 3125 4108 οὗ
3167 4051 3234 4108 τὰ
3279 4050 3413 4108 αὐτὰ
3455 4047 3584 4106 ὄντα
3626 4047 3768 4106 κατὰ
3809 4051 3881 4105 τὸ

464 4146 637 4216 prout
670 4144 952 4214 apparent
981 4157 1106 4214 quae
1139 4144 1279 4196 sunt
1309 4145 1568 4214 accepta,
1603 4142 1706 4198 sed
1740 4141 1951 4199 virtute
1975 4159 2046 4216 qu

2306 4142 2548 4218 ινόμενον
2609 4142 2699 4198 οία
2755 4140 2995 4218 ἐλήφθη,
3027 4139 3174 4198 ἀλλά
3232 4138 3456 4214 δυνάμει
3513 4138 3589 4201 είς
3641 4136 3888 4212 δύναμιν

463 4232 598 4288 dam
633 4231 690 4287 in
722 4231 998 4287 virtutem
1032 4229 1410 4303 spiritualem
1464 4233 1794 4287 mutantur.
1844 4231 1927 4288 Ad
1958 4231 2037 4288 hu

2299 4235 2594 4309 ευματικήν
2659 4228 3084 4308 μεταϐἐϐληται.
3141 4231 3299 4290 Οὕτω
3353 4231 3444 4287 καὶ
3489 4232 3552 4286 τὸ
3601 4227 3748 4305 ῧὸωρ
3778 4231 3881 4286 καὶ

467 4323 709 4379 modum
743 4323 800 4375 et
830 4336 985 4393 aqua
1015 4336 1146 4392 quis
1193 4318 1555 4375 exorcizatur
1599 4324 1656 4377 et
1707 4321 2049 4394 baptismai

2343 4326 2756 4402 ἐξορκιζόμενον
2815 4327 2902 4380 καὶ
2972 4325 3034 4380 τὸ
3105 4325 3386 4400 βάπτισμα
3440 4323 3750 4399 γινόμενον,
3813 4321 3890 4376 οὗ

469 4429 584 4469 non
617 4411 808 4468 solum
842 4410 998 4482 quod
1031 4409 1290 4466 deterius
1340 4415 1431 4466 est
1483 4410 1659 4482 capit,
1713 4428 1916 4468 verum
1946 4412 2051 4468 etis

2312 4437 2396 4471 vov
2429 4421 2608 4492 χωρεῖ
2632 4416 2697 4471 τὸ
2727 4420 2940 4492 χεῖρον,
2973 4412 3117 4470 ἀλλά
3165 4413 3256 4468 καὶ
3289 4413 3554 4490 άγιασμὸν
3585 4408 3894 4488 προσλαμ-

473 4501 1001 4559 sanctiﬁcationem
1031 4499 1263 4572 accipit.

816 4501 1001 4556 ionem
1031 4499 1263 4572 accipit.
2230 4501 2398 4563 ϐάνει.

550 4591 855 4648 LXXXIII.
890 4589 975 4644 Ad
1009 4589 1306 4662 baptisma
1323 4590 1648 4662 gaudentes
1679 4591 1954 4647 accedere
1985 4608 2119 4647 con-

2306 4597 2425 4652 III".
2459 4595 2583 4652 Ἐπὶ
2611 4594 2675 4650 τὸ
2728 4593 3006 4670 βάπτισμα
3057 4593 3352 4668 χαίροντας
3401 4586 3656 4676 ἔρχεσθαι
3699 4610 3888 4666 προσ-

474 4682 762 4737 veniebat.
795 4680 902 4736 Sed
936 4680 1217 4752 quoniam
1261 4694 1662 4751 sapenumero
1713 4681 2056 4737 descendenl

2311 4702 2385 4754 εν,
2441 4679 2597 4737 ’Λλλ’
2657 4679 2772 4735 ἐπεὶ
2830 4677 3103 4742 πολλάκις
3161 4671 3571 4752 συγκαταϐαίνει
3621 4677 3727 4731 τισὶ
3787 4676 3889 4730 καὶ

481 4771 594 4825 bus
629 4768 926 4826 nonnullis
953 4768 1196 4842 spiritus
1228 4768 1404 4824 etiam
1454 4768 1672 4840 impuri
1724 4786 1842 4824 una
1887 4770 2063 4826 dcsce:

2311 4773 2507 4847 άθαρτα
2562 4769 2840 4842 πνεὺματα
2897 4771 3438 4844 παρακολουθοῦντα,
3497 4767 3586 4822 καὶ
3637 4765 3893 4841 τυχόντα

485 4861 654 4927 dunt,
712 4873 968 4930 cumque
1024 4857 1265 4913 homine
1341 4858 1515 4929 sigilli
1579 4859 1726 4913 fiunt
1787 4858 2067 4931 participe

2317 4862 2374 4916 τά
2401 4865 2497 4915 τοῦ
2541 4858 2828 4935 ἀνθρώπου
2872 4863 2972 4926 τῆς
3023 4853 3337 4934 σφραγῖδος,
3391 4852 3580 4910 ἀνίατα
3621 4857 3717 4908 τοῦ
3762 4853 3899 4910 λοι-

485 4947 846 5004 insanabiles
893 4945 953 5000 in
1004 4950 1302 5019 posterum
1355 4946 1487 5002 facti
1542 4950 1702 5014 sunt,
1754 4945 2067 5018 hancquei

2321 4951 2342 5004 5
2385 4949 2608 5026 γῖνεται,
2643 4949 2676 5002 ἅ
2702 4950 2770 5020 τῇ
2830 4951 2975 5022 χαρᾷ
3012 4942 3390 5026 ,συμπλέκεται
3443 4938 3634 5020 ιρόεος,
3661 4941 3756 4998 ’ἱια
3806 4963 3903 5002 τις

483 5053 721 5094 causam
755 5035 970 5108 gaudio
993 5035 1169 5090 timor
1188 5035 1639 5105 admiscetur,nt
1669 5034 1804 5108 quis
1826 5049 2007 5108 purus
2033 5053 2060 5091 s

1575 5040 1639 5090 ut
1669 5034 1804 5108 quis
1826 5049 2007 5108 purus
2033 5051 2126 5092 so-
2243 5023 2408 5104 μόνος
2441 5027 2675 5103 καθαρὸς
2705 5027 2866 5090 αὐτὸς
2893 5023 3153 5100 κατέλθῃ.

480 5127 574 5182 lus
604 5126 730 5199 ipse
762 5123 1154 5180 descenderit.

587 5226 650 5291 ἦ(
683 5227 790 5283 978
818 5223 931 5281 ΕΙ).
968 5222 1259 5280 POTTER.
1371 5224 1448 5296 (a)
1485 5224 1506 5279 Ι
1535 5224 1662 5280 Cor.
1704 5241 1796 5296 xv,
1827 5223 1920 5282 49.

554 5330 668 5399 (22)
710 5320 982 5412 Oiituzc...‘
1013 5321 1300 5409 cpqu.‘H.
1349 5338 1487 5412 m‘s.,
1522 5319 1693 5412 οὕτως
1711 5321 1836 5412 ἐστὶ
1869 5321 1930 5376 τὸ
1977 5319 2136 5412 ἐπου-

2249 5321 2497 5378 articulo
2527 5319 2815 5375 SYLBUEG.

2322 5393 2431 5412 [an
2476 5391 2575 5412 c.,,
2614 5389 2780 5412 1v”--.
2831 5388 2895 5412 -.τ
2947 5381 3171 5412 tnui“.-.
3219 5386 3314 5412 --τι
3364 5381 3501 5412 ληλ..
3577 5382 3821 5412 α-ληΑιξ

487 5381 670 5481 .πάζέδῦ
707 5381 812 5473 πῦρ
846 5381 1034 5450 δισσὸν
1059 5396 1156 5462 τήν
1191 5381 1818 5472 διαφοράν’φύσιν.ὐὶ)ἰ
1868 5400 2138 5451 constru-
2319 5393 2434 5464 (24)
2476 5389 2786 5472 Ἃγιάζετοαι
2830 5388 2899 5472 τῇ
2946 5381 3174 5468 δυνάμει
3219 5386 3317 5438 1:06
3363 5381 3526 5512 ὀνόῦ.
3577 5382 3908 5454 Gregorius

487 5473 701 5530 ctionis
733 5485 941 5527 norma
971 5468 1028 5522 in
1063 5466 1328 5523 clausula
1360 5466 1620 5530 postulat
1650 5468 1846 5530 potius
1878 5463 2137 5530 διάφορον
2250 5464 2551 5530 Nyssenus
2581 5461 2825 5519 homilia
2845 5477 2904 5516 in
2927 5476 2976 5515 s.
3011 5459 3323 5530 baptisma.
3354 5461 3427 5530 Η,
3511 5473 3541 5512 e
3569 5456 3909 5530 exorcismo

487 5481 701 5534 ctionis
733 5485 941 5527 norma
971 5484 1028 5522 in
1063 5481 1328 5523 clausula
1360 5481 1620 5538 postulat
1650 5481 1846 5540 potius
1878 5481 2069 5595 διαφοῙρ

493 5547 673 5626 φύσιν,
697 5543 793 5626 ‘vel
827 5538 1086 5626 diae-opis
1136 5537 1339 5626 φόσει,η
1362 5543 1463 5593 aut
1503 5539 1967 5596 nccusalivorum
2019 5541 2031 5592 i
2063 5538 2069 5592 1

2320 5481 2551 5533 {ssenus
2581 5481 2825 5519 nomina
2845 5481 2904 5516 In
2927 5481 2976 5515 8.
3011 5481 3323 5530 (baptisma.
3354 5481 3427 5514 ει.
3460 5481 3541 5512 uc
3569 5481 3902 5512 aluminum

2320 5547 2442 5593 ιιειιι
2471 5533 2957 5626 Ηυοίῖ.⁸ἓξ¹⁰ίίὲ¹¹ὶ
2988 5547 3104 5626 E99
3151 5529 3585 5626 9228'235332
3617 5544 3706 5595 θον
3739 5528 3902 5599 ειυοά

499 5600 628 5678 ium
661 5600 941 5672 alteruter
962 5600 1270 5668 redundat.
1299 5600 1573 5682 'Si'Lsuao
1746 5679 1754 5682 Α
2253 5625 2432 5682 supra
2461 5600 2660 5664 docuit
2689 5600 2958 5662 Clemens
2988 5617 3118 5675 pag.
3156 5600 3286 5658 177i
3321 5600 3608 5658 Svnnuaa.

572 5690 685 5765 (23)
714 5686 821 5743 Δτά
869 5684 1200 5760 Πνεῦματος,
1236 5689 1299 5740 Η.
1352 5679 1441 5739 διὰ
1481 5685 1577 5738 τοῦ
1624 5679 1955 5758 Πνεύματος,
2007 5697 2140 5741 cum
