4006 6200
222 355 302 411 701

928 350 1174 405 DUBIA.
1205 377 1276 388 -
1311 347 1615 404 ECLOGB
1650 349 1752 403 EX
1786 348 2209 407 SCRIPTURIS
2245 350 2740 407 PROPERTICIB.

3425 353 3536 408 702

222 477 327 545 ὕλης
359 474 468 529 ἐστὶν
503 467 729 542 ἔκϐασις,
778 470 868 528 διά
911 479 1011 543 τῆς
1056 478 1153 528 τοῦ
1203 475 1464 549 Σωτῆρος
1515 469 1767 527 διδασκα-

1896 491 1990 546 per
2001 475 2327 532 doctrinam
2352 476 2690 544 Salvatoris,
2715 493 2931 550 magno
2945 493 2996 535 m
3015 477 3160 534 illud
3179 495 3245 534 ac
3262 479 3530 550 rapidum

218 567 311 628 λίςις
342 561 547 637 μεγάλου
593 563 679 616 καὶ
729 559 968 639 σφοδροῦ
1016 563 1287 639 ῥεύματος
1339 564 1416 617 ἀεὶ
1465 561 1769 638 φερομένου

211 656 276 708 ιιάῖ
318 652 677 728 παραφέροντος
731 653 880 723 ἡμᾶς
938 672 953 721 ;
1013 649 1210 727 ἐξάγων
1262 649 1353 706 οὖν
1401 654 1499 721 τῆς
1554 649 1772 722 ἀταξίας

205 745 316 814 ἡμᾶς
339 742 363 795 ὁ
389 740 585 811 Κύριος,
634 741 880 817 φωτίζει,
929 739 1005 803 εἲς
1057 742 1120 796 τὸ
1168 745 1282 820 φῶς
1319 740 1459 818 ἄγων
1492 742 1554 796 τὸ
1587 742 1770 796 ἄσκιον

201 833 264 885 καὶ
292 831 370 885 οὐκ
395 828 461 885 ἔτι
495 827 697 887 ὑλικόν.

250 924 295 989 ζ.
321 923 492 974 Τοῦτον
538 919 627 973 τὸν
673 919 923 992 ποταμὸν
963 927 1062 990 τῆς
1111 919 1249 991 ὕλης
1281 921 1393 993 (31)
1428 921 1518 975 καὶ
1547 922 1645 990 τὴν
1682 919 1772 984 θά-

198 1009 345 1062 λασσαν
373 1003 607 1080 διέκοψαν
647 1007 737 1061 καὶ
787 1003 1064 1073 διέστησαν
1108 1004 1334 1080 δυνάμει
1385 1008 1588 1082 Κυρίου
1636 1027 1774 1082 προ-

193 1103 314 1174 sint
364 1093 470 1162 δύο,
514 1096 924 1170 περατουμένη(
992 1103 1092 1165 τῆς
1149 1094 1289 1166 ὕλης
1346 1098 1464 1161 καθ’
1520 1097 1770 1172 ἑκάτερον

191 1184 403 1258 διάστημα
427 1182 633 1247 ὕδατος·
677 1183 941 1260 βουλήσει
973 1190 1070 1240 τοῦ
1102 1189 1236 1241 Θεοῦ
1282 1183 1641 1261 διυπηρέτουν
1674 1208 1769 1242 κα-

187 1274 303 1349 θαροὶ
329 1274 602 1350 στρατηγοὶ
653 1275 842 1349 ἄμφω,
893 1272 963 1329 δι’
1011 1276 1084 1329 ὧν
1129 1274 1417 1346 ἐπιστεύθη
1449 1277 1515 1330 τά
1547 1281 1774 1349 σημεῖα,

187 1364 252 1417 ἵνα
270 1362 322 1432 δή
351 1365 375 1417 ὁ
401 1360 601 1425 δίκαιος
633 1361 694 1418 ἐκ
720 1370 821 1432 τῆς
854 1363 992 1435 ὕλης
1018 1363 1266 1440 γένηται,
1298 1363 1368 1419 δι’
1414 1366 1582 1434 αὐτῆς
1617 1362 1774 1420 ὁδεύ-

194 1474 259 1514 σας
293 1453 347 1506 τὰ
385 1457 581 1526 πρῶτα.
634 1452 852 1530 Θατέρῳ
903 1455 996 1527 μέν
1034 1475 1098 1529 γε
1143 1459 1250 1508 τῶν
1303 1459 1643 1530 στρατηγῶν,
1685 1456 1774 1510 καὶ

191 1539 380 1614 τοῦνομα
404 1546 494 1597 τοῦ
523 1548 788 1617 Σωτῆρος
817 1545 852 1613 ἡ
862 1546 979 1616 μῶν
1003 1537 1362 1614 ἐπεϐέϐλητο.

244 1637 293 1686 Z‘.
319 1630 499 1686 Αὐτίκα
529 1628 601 1685 δι’
633 1630 827 1693 ὕδατος
870 1632 960 1686 καὶ
1006 1631 1307 1706 πνεύματος
1337 1635 1372 1702 ἡ
1406 1633 1772 1708 ἀναγέννησις,

193 1723 372 1794 καθάπερ
399 1721 479 1774 καὶ
523 1723 558 1790 ἡ
610 1726 755 1776 πᾶσα
799 1722 1024 1796 γένεσις.
1059 1726 1278 1794 Πνεῦμα
1314 1723 1417 1796 γὰρ
1468 1723 1600 1778 Θεοῦ
1653 1723 1775 1777 ἐπε-

192 1805 674 1903 φέρετοτῇάϐυσσῳ.
725 1810 825 1866 Καὶ
875 1808 966 1903 διὰ
1013 1814 1174 1866 τοῦτο
1223 1813 1252 1866 ὁ
1301 1813 1500 1888 Σωτήρ
1550 1807 1774 1867 ὲϐαπτί-
1806 1838 1852 1903 Β

191 1920 295 1964 ιιι-το,
324 1901 388 1972 μή
417 1899 644 1974 χρῄζων
695 1899 875 1971 αὐτὸς,
897 1898 988 1955 ’ἱνα
1033 1907 1151 1964 τοῖς
1200 1900 1664 1976 ἀναγεννωμένοις
1713 1902 1776 1957 τὸ

189 1994 259 2042 τὶν
283 1985 403 2061 ὕδωρ
433 1989 656 2062 ἁγιάσῃ.
687 1989 872 2064 Ταύτῃ
900 2011 985 2045 τοι
1018 1991 1080 2044 οὗ
1115 1990 1283 2063 μόνον
1312 1991 1374 2046 τὸ
1409 1995 1588 2064 σῶμα,
1630 1990 1777 2046 ἀλλά

188 2079 348 2144 uiti-ni
386 2079 561 2153 ψυχὴν
611 2079 1007 2153 καθαιρόμεθα.
1059 2085 1304 2152 Σημεῖον
1356 2085 1486 2154 γοῦν
1537 2084 1634 2135 τοῦ
1686 2080 1775 2134 καὶ

188 2167 234 2220 τά
280 2166 447 2242 ἀόρατα
491 2169 660 2240 ἡμῶν
702 2168 1040 2243 ἀγιάζεσθαι,
1090 2169 1155 2224 τὸ
1203 2169 1291 2224 καὶ
1333 2168 1618 2242 πνεύματα
1665 2172 1778 2243 (32)

193 2256 399 2327 ἀκάθαρτα
440 2255 906 2332 συμπεπλεγμένα
951 2262 1020 2332 τῇ
1071 2259 1226 2334 ψυχῇ
1281 2254 1612 2328 διϋλίζεσθαι
1669 2257 1775 2314 ἀπὸ

191 2351 260 2412 τῆς
281 2347 506 2419 γενέσεως
535 2354 643 2416 τῆς
673 2353 864 2417 καινῆς
894 2367 950 2402 τε
979 2346 1067 2402 καὶ
1098 2355 1492 2421 πνευματικῆς.

244 2524 305 2580 Π“.
336 2521 496 2598 ’Υδωρ
545 2525 738 2581 ἐπάνω
780 2529 880 2581 τοῦ
926 2524 1178 2599 οὐρανοῦ⁶
1230 2525 1345 2581 ἐπεὶ
1391 2527 1453 2583 τὸ
1501 2526 1780 2604 βάπτισμα

191 2614 345 2688 γίνεται
389 2612 453 2669 δι’
509 2613 714 2678 ὕδατος
771 2617 859 2672 καὶ
915 2615 1242 2689 Ιινεύματος,
1302 2616 1664 2694 ἀλεξητήριον
1719 2619 1776 2673 ὃν

191 2705 316 2776 πυρὸς
358 2709 444 2759 τοῦ
490 2703 708 2773 δισσοῦ,
755 2709 853 2762 τοῦ
899 2726 957 2762 τε
1005 2710 1115 2760 τῶν
1166 2705 1408 2780 ἀοράτων
1467 2705 1778 2780 ἁπτομένου

190 2792 253 2847 ui
273 2796 351 2849 τοῦ
375 2799 472 2850 τῶν
523 2795 762 2871 ὁρατῶν·
815 2795 1018 2871 ἀνάγκῃ
1068 2795 1157 2850 καὶ
1208 2799 1306 2851 τοῦ
1355 2792 1544 2858 ὕδατος
1590 2796 1650 2850 τὸ
1679 2797 1775 2870 μέν

189 2883 427 2953 τινοητὸν,
454 2885 514 2940 τὸ
565 2883 630 2940 δὲ
675 2884 935 2956 αἰσθητὸν
987 2884 1256 2960 ὑπάρχον,
1287 2882 1651 2962 ἀλεξητήριον
1678 2892 1778 2956 τῆς

194 2967 372 3042 διπλόης
395 2979 483 3029 τοῦ
511 2975 710 3050 πυρός·
743 2976 830 3030 καὶ
866 2975 926 3029 τὸ
973 2973 1067 3048 μὲν
1116 2973 1349 3048 ἐπίγειον
1388 2972 1534 3051 ὕδωρ
1575 2977 1638 3030 τὸ
1669 2979 1774 3030 σῶ-

195 3061 586 3139 μάπορῥῦπτει,
639 3066 707 3120 τὸ
755 3061 812 3120 δὶ
860 3063 1182 3138 ἐπουράνιον
1213 3059 1380 3139 ὕδωρ,
1431 3061 1520 3119 διά
1549 3066 1611 3120 τὸ
1643 3066 1777 3120 εἶναι

192 3152 334 3218 νοητὸν
359 3153 437 3207 καὶ
467 3156 727 3229 ἀόρατον,
761 3157 980 3225 Πνεῦμα
1027 3151 1421 3227 ἀλληγορεῖται
1455 3155 1634 3230 ἅγιον,
1664 3159 1771 3209 τῶν

193 3237 377 3313 ἀοράτων
403 3245 751 3320 καθαρτικὸν,
784 3244 897 3299 οἷον
925 3245 1022 3298 τοῦ
1054 3240 1365 3313 Πνεῦματος
1394 3240 1563 3318 ὕδωρ,
1595 3244 1775 3321 ὥσπερ

192 3325 318 3384 ἐκεῖνο
340 3335 423 3386 τοῦ
449 3335 730 3408 σώματος.

242 3601 297 3655 0'.
322 3602 373 3657 '0
399 3605 520 3666 Θεὸς
570 3603 664 3658 καὶ
714 3605 809 3660 τὸν
857 3598 1024 3682 φόϐον
1069 3607 1138 3678 τῇ
1185 3604 1484 3679 ἀγαθότητι
1532 3604 1779 3678 συνέμιξε

194 3680 550 3762 δι’ἆγαδότητα.
605 3694 690 3752 Τὸ
740 3694 844 3769 γὰρ
871 3680 1148 3773 συμφέρον
1199 3695 1406 3766 ἑκάστῳ
1451 3699 1613 3750 τοῦτο
1665 3692 1774 3765 ἤδη

193 3779 401 3852 expilet,
454 3783 529 3844 ὡς
588 3783 778 3858 ἰατρὸς
833 3782 1226 3859 ἀρῥωστοῦντι,
1285 3785 1361 3846 ὡς
1419 3784 1599 3858 πατὴρ
1655 3785 1780 3839 ἀτα-

193 3866 351 3919 κτοῦντι
390 3871 464 3940 τῷ
502 3867 688 3926 παιδί.
720 3871 782 3928 Ὁ
829 3872 932 3946 γάρ
981 3867 1300 3945 φειδόμενος
1345 3878 1445 3940 τῆς
1480 3870 1778 3947 βακτηρίας

192 3949 312 4040 etith
353 3962 486 4027 μισεῖ
535 3959 632 4013 τὸν
694 3959 812 4015 υἱὸν
870 3959 1055 4015 αὐτοῦ.
1118 3961 1216 4015 Καὶ
1275 3960 1304 4014 ὁ
1354 3959 1550 4040 Κύριος
1599 3958 1657 4016 δὶ
1686 3961 1776 4015 καὶ

192 4039 228 4091 οἱ
260 4041 516 4102 ἀπόστολοι
548 4049 722 4103 αὐτοῦ
770 4049 820 4103 έν
872 4045 1028 4126 φόϐῳ
1071 4051 1159 4105 καὶ
1214 4049 1402 4112 πόνοις
1442 4039 1775 4128 ἀνεστράφη-

191 4147 273 4184 ην.
311 4134 450 4190 Ὅταν
498 4135 590 4191 οὖν
642 4141 840 4192 πιστοῦ
891 4139 1143 4211 σώματος
1192 4140 1249 4210 ᾗ,
1290 4139 1324 4208 ἢ
1359 4136 1428 4193 δι’
1475 4139 1778 4215 ἁμάρτημά

189 4235 224 4268 τι
245 4227 710 4298 προημαρτημένων
781 4224 1142 4301 ἐπιτιμῶντος
1200 4232 1296 4282 τοῦ
1351 4228 1570 4303 Κυρίου,
1602 4229 1637 4299 ἢ
1689 4225 1779 4282 διὰ

194 4303 402 4374 μέλλοντα
451 4315 946 4392 προφυλαξαμένου
976 4360 994 4388 ,
1043 4319 1079 4388 ἢ
1153 4317 1244 4372 καὶ
1320 4318 1436 4372 κατ’
1505 4317 1775 4393 ἐνέργειαν

192 4393 445 4481 τροσῦολὴν
498 4407 612 4478 (33)
673 4399 864 4475 ἔξωθεν
912 4405 1204 4479 γινομένην
1263 4406 1326 4460 οὐ
1382 4404 1729 4472 κωλύσαντος
1764 4460 1778 4481 ,

192 4477 256 4537 διά
277 4507 316 4541 τι
345 4493 612 4566 χρήσιμον
645 4493 735 4549 καὶ
768 4477 1175 4567 αὐτῷ-ναῖτοῖς
1204 4494 1371 4558 πέλας
1402 4477 1772 4573 παραδείγμάέ

190 4591 256 4634 τος
277 4579 436 4653 χάριν.
1808 4575 1852 4639 D

243 4844 284 4900 l'.
308 4845 432 4920 Ἤδη
465 4847 521 4907 δὶ
549 4853 605 4906 οἱ
635 4850 690 4906 ἐν
722 4855 902 4928 σαθρῷ
929 4851 1204 4916 οἴκοῦντες
1253 4855 1490 4928 σώματι,
1536 4855 1773 4933 καθάπερ

192 4931 227 4983 ἰν
282 4935 442 5010 πλοίῳ
509 4939 770 5004 πλέοντες
844 4939 1063 5013 παλαιῷ
1096 4986 1110 5010 ,
1170 4942 1271 4997 οὐκ
1345 4943 1476 4998 εἰσὶν
1538 4944 1720 5001 ὕπτιοι
1745 4931 1771 5015 ἡ,

1885 563 2192 636 fluentum,
2236 569 2388 638 quod
2451 572 2730 639 perpetuo
2786 567 3074 640 volvatur,
3134 584 3360 639 nosque
3415 585 3533 624 una

1883 653 2114 727 gurgite
2145 658 2292 711 ferat
2321 656 2348 711 ‘I
2390 656 2676 712 Dominus
2707 657 2886 729 igitur
2920 674 3024 713 nos
3065 673 3133 713 ex
3189 657 3533 715 confusione

1884 743 2165 810 educens,
2198 743 2514 815 illuminat,
2549 746 2620 800 ad
2654 745 2844 802 lucem
2891 747 3114 802 ducens
3145 763 3322 818 quam
3357 747 3531 802 nulla:

1883 833 2197 889 obscurent
2228 835 2500 905 tenebrae,
2533 839 2590 890 et
2622 853 2748 908 qua
2774 836 2896 906 jam
2930 835 3252 892 materialis
3277 853 3391 891 non
3423 841 3530 892 est.

1953 939 2046 996 VI.
2075 941 2326 997 Materia:
2385 942 2626 998 ﬂuvium
2684 943 2841 998 hunc
2875 959 3035 999 mare
3081 943 3425 999 exciderunt
3453 944 3530 1015 (a)

1884 1046 1950 1085 ac
1999 1031 2323 1086 diviserunt
2373 1032 2634 1103 potentia
2684 1033 2885 1088 divina
2927 1033 3222 1105 prophetae
3253 1033 3355 1103 (ὁ),
3407 1049 3531 1088 ma-

1883 1119 2030 1176 teria
2060 1121 2376 1176 terminum
2411 1121 2689 1194 utrinque
2739 1123 3151 1193 constituente,
3184 1139 3318 1176 cum
3378 1138 3534 1194 aqua

1883 1209 2070 1266 divisa
2113 1210 2305 1266 fuerit.
2329 1211 2431 1266 Dei
2456 1227 2666 1283 nempe
2709 1210 2994 1267 voluntati
3029 1211 3360 1268 serviebant
3390 1228 3532 1282 prae-

1883 1299 2024 1355 clari
2055 1300 2167 1356 duo
2197 1301 2397 1366 duces,
2432 1317 2535 1373 per
2563 1317 2712 1372 quos
2761 1301 2980 1356 credita
3026 1305 3164 1356 sunt
3193 1301 3363 1371 signa
3396 1319 3410 1366 ;
3446 1301 3530 1356 uti

1885 1389 2164 1446 nimirum
2192 1391 2394 1461 justus
2425 1409 2494 1446 ex
2526 1391 2765 1447 materia
2792 1392 2976 1460 fieret,
3008 1391 3230 1464 quiper
3261 1408 3387 1447 eam
3423 1391 3534 1446 iter

1885 1479 2139 1551 primum
2161 1479 2484 1535 habuisset.
2506 1479 2718 1536 Verum
2761 1481 2977 1536 ducum
3002 1480 3189 1548 alteri,
3213 1479 3390 1536 etiam
3427 1495 3528 1536 no-

1885 1584 2018 1624 men
2053 1568 2368 1624 Salvatoris
2402 1570 2582 1625 nostri
2608 1569 2861 1625 inditum
2896 1570 3024 1626 fuit.

1956 1676 2078 1732 VII.
2113 1675 2272 1732 Illico
2301 1694 2368 1732 ex
2417 1694 2570 1748 aqua
2599 1677 2934 1749 Spirituque
2963 1675 3344 1748 regeneratio,
3377 1675 3532 1730 sicut

1883 1770 1940 1821 et
1971 1783 2166 1821 rerum
2198 1767 2462 1822 omnium
2493 1766 2709 1822 creatio
2735 1783 2748 1822 :
2781 1767 3024 1838 Spiritus
3049 1772 3112 1835 »ια
3141 1767 3295 1820 enim
3329 1765 3426 1819 Dei
3452 1767 3531 1832 fa-

1883 1857 2110 1912 rebatur
2130 1873 2296 1928 super
2328 1857 2586 1928 abyssum
2617 1858 2707 1926 (c).
2742 1863 3023 1928 Haecque
3047 1856 3120 1910 ob
3151 1871 3390 1910 causam
3424 1855 3531 1908 ba-

1884 1946 2136 2020 ptizatus
2154 1946 2523 2002 estSalvator
2536 1951 2752 2013 noster,
2781 1963 2915 2001 cum
2940 1943 3235 2017 baptismo
3260 1961 3372 1999 non
3397 1958 3534 2014 ege-

1885 2041 1972 2092 ret
2001 2037 2147 2108 ipse,
2182 2042 2245 2091 ut
2265 2036 2356 2092 bis
2383 2037 2483 2108 qui
2518 2040 3020 2108 regenerarentur,
3049 2050 3261 2106 aquam
3294 2049 3530 2089 omnem

1885 2125 2298 2181 sanctiﬁcaret.
2342 2129 2544 2197 Itaque
2600 2142 2712 2181 non
2773 2139 3012 2196 corpore
3067 2123 3259 2179 solum
3318 2123 3419 2178 sed
3479 2127 3536 2179 et

1885 2215 2084 2271 anima
2120 2216 2321 2270 mundi
2356 2216 2682 2270 evadimus.
2707 2214 2954 2286 Signum
2977 2229 3112 2268 vero
3135 2213 3290 2284 quod
3316 2216 3373 2267 et
3395 2210 3537 2266 invi-

1885 2304 2080 2359 sibilia
2100 2303 2302 2359 animm
2321 2303 2680 2372 commisti,a
2703 2320 2850 2362 nova
2867 2301 3280 2375 spiritualique
3300 2317 3537 2374 genera-

1886 2395 2043 2450 tione
2075 2398 2440 2465 separentur.

1954 2500 2103 2556 VIII.
2128 2503 2293 2574 Aqua
2318 2517 2496 2574 super
2517 2499 2751 2568 ccslum,
2777 2499 3056 2571 quoniam
3097 2495 3393 2569 baptisma
3433 2511 3534 2567 per

1888 2607 2098 2662 aquam
2133 2590 2196 2644 fit
2226 2595 2398 2662 atque
2447 2589 2728 2662 Spiritum
2763 2606 2778 2658 ;
2814 2589 2966 2659 quod
2999 2592 3056 2642 et
3097 2585 3347 2658 duplicis
3381 2585 3534 2654 ignis

1888 2679 1964 2736 sit
1995 2679 2342 2736 remedium.
2393 2680 2534 2734 Cum
2568 2677 2714 2734 alter
2743 2679 2916 2734 rebus
2948 2676 3106 2732 hisce
3160 2674 3534 2743 accendatur,

1887 2786 2015 2841 quas
2059 2767 2376 2824 invisibilia
2433 2773 2596 2834 sunt,
2629 2767 2774 2823 alter
2825 2767 2985 2822 hisce
3036 2781 3166 2837 quae
3217 2762 3536 2834 conSpicua

1887 2862 2027 2915 sunt
2051 2876 2064 2926 ;
2098 2874 2332 2914 necesse
2354 2857 2464 2912 fuit
2485 2861 2549 2912 ut
2579 2874 2730 2930 aqua
2753 2855 2961 2929 partim
2987 2855 3225 2928 quidem
3268 2850 3539 2922 intelligi-

1887 2947 2043 3015 bilis,
2062 2946 2274 3020 partim
2289 2945 2588 3002 sensibilis
2604 2945 2857 3018 duplicis
2870 2945 2902 2999 b
2916 2944 3166 3014 ujusque
3180 2941 3330 3014 ignis
3344 2957 3533 2997 reme-

1887 3037 2050 3092 dium
2081 3037 2180 3107 sit,
2212 3052 2278 3091 ac
2305 3035 2611 3106 utriusque
2634 3034 2910 3104 injuriam
2925 3036 3165 3101 avertat,
3187 3036 3262 3086 Ac
3291 3031 3528 3104 quidem

1885 3143 2034 3199 aqua
2066 3131 2298 3181 terrena
2347 3141 2560 3196 corpus
2627 3123 2833 3190 abluit,
2882 3139 3035 3194 aqua
3091 3138 3223 3178 vero
3281 3120 3533 3177 caelestis

1807 3209 1850 3276 C
1889 3215 2166 3288 quoniam
2198 3212 2480 3286 spiritalis
2509 3218 2568 3269 et
2616 3212 2950 3282 invisibilis,
2998 3227 3176 3268 sensu
3225 3209 3536 3281 allegorice

1889 3323 1992 3377 pro
2016 3305 2225 3376 spiritu
2259 3308 2461 3360 sancto
2491 3303 2764 3368 sumitur,
2797 3300 3011 3373 cuiqne
3042 3304 3204 3356 tanta
3232 3299 3318 3355 vis
3355 3299 3531 3366 inest,

1891 3402 1954 3450 ut
1984 3393 2304 3450 invisibilia
2337 3393 2600 3462 mundet,
2648 3391 2827 3448 veluti
2854 3390 3107 3462 Spiritus
3155 3405 3326 3461 aqua,
3359 3391 3536 3460 prout

1890 3483 1990 3540 illa
2019 3482 2282 3556 corporis
2312 3499 2466 3555 aqua
2490 3481 2684 3538 fuerit.

1961 3591 2060 3647 IX.
2098 3592 2270 3661 Deus,
2302 3593 2467 3646 tanta
2505 3590 2634 3661 ejus
2665 3588 2917 3657 bonitas,
2950 3587 3225 3642 timorem
3283 3585 3536 3642 bonitati

1887 3680 2062 3737 etiam
2096 3679 2431 3736 admiscuit.
2467 3679 2626 3742 Quod
2666 3679 2822 3734 enim
2878 3676 3194 3747 unicuique
3246 3673 3536 3744 convenit,

1888 3770 1999 3826 hoc
2023 3771 2148 3840 jam
2183 3769 2466 3835 concedit,
2489 3769 2560 3824 ad
2585 3767 2856 3824 eumdem
2877 3767 3115 3822 modum
3143 3781 3258 3836 quo
3273 3763 3538 3820 medicus

1888 3859 2147 3928 inﬁrmo,
2179 3863 2282 3913 aut
2311 3857 2466 3912 sicut
2495 3861 2658 3928 pater
2687 3856 2831 3919 ﬁlio.
2864 3855 3038 3911 oflicii
3072 3854 3162 3910 sui
3203 3853 3355 3908 haud
3389 3851 3536 3910 satis

1889 3947 2154 4003 memori.
2177 3946 2284 4015 Qui
2311 3946 2466 4001 enim
2479 3946 2660 4017 parcit
2677 3947 2849 4016 virga:
2862 3961 2996 4014 sum,
3016 3942 3144 4000 odio
3159 3942 3319 3998 habet
3345 3941 3536 4014 ﬁlium

1885 4054 2046 4094 suum
2076 4036 2174 4108 (ἀ).
2209 4039 2457 4106 Insuper
2477 4035 2760 4090 Dominus
2792 4033 3069 4104 illiusque
3093 4030 3362 4104 apostoli,
3387 4031 3447 4087 in
3468 4032 3538 4086 ti-

1889 4143 2051 4182 more
2080 4142 2146 4181 ae
2177 4123 2475 4180 laboribus
2504 4125 2740 4180 fuerunt
2768 4123 3022 4178 educati.
3056 4121 3200 4176 Cum
3240 4120 3438 4191 itaque
3467 4120 3534 4174 Ii-

1888 4215 2038 4271 delis
2069 4214 2323 4285 alicujus
2371 4230 2583 4284 corpus
2618 4211 2783 4268 labor
2826 4211 2918 4266 hic
2960 4209 3288 4279 incesserit,
3345 4209 3539 4264 evenit

1888 4306 2018 4372 hoc,
2051 4303 2138 4359 vel
2187 4303 2342 4375 quod
2375 4302 2662 4358 Dominus
2693 4303 2766 4356 ob
2797 4300 3020 4355 crimen
3077 4297 3310 4367 aliquod
3369 4297 3535 4368 prius

1889 4393 2274 4450 commissum
2299 4408 2500 4464 poenas
2531 4394 2815 4462 reposcat,
2840 4389 2928 4444 vel
2959 4388 3112 4460 quod
3139 4387 3194 4441 in
3231 4389 3535 4457 posterum

1889 4485 2172 4556 majorem
2196 4499 2396 4537 curam
2415 4480 2710 4550 adhibeat,
2744 4477 2830 4534 vel
2855 4479 3007 4550 quod
3031 4494 3099 4532 ex
3128 4478 3412 4548 potestate
3427 4491 3536 4530 sua

1886 4575 2000 4629 vim
2031 4572 2396 4630 extrinsecus
2426 4570 2644 4626 illatam
2677 4586 2792 4624 non
2835 4567 3137 4640 impediat,
3172 4570 3234 4620 ut
3288 4566 3529 4622 demum

1890 4662 2032 4719 utile
2105 4661 2327 4732 aliquid
2385 4659 2473 4716 illi
2529 4657 2777 4729 aliisque
2835 4658 2907 4712 ad
2992 4654 3320 4728 exenplum
3397 4671 3534 4727 pro-

1888 4759 2086 4826 ponaL

1956 4861 2103 4916 86’!
2133 4858 2196 4914 Χ.
2229 4861 2361 4914 Jam
2394 4873 2527 4913 vero
2557 4854 2656 4928 qui
2687 4858 2960 4927 corrupto
3009 4856 3148 4910 sunt
3177 4869 3416 4925 corpore
3463 4870 3531 4910 ao

1883 4948 2186 5020 languido,
2222 4963 2337 5002 non
2396 4962 2566 5002 secus
2597 4962 2664 5002 ac
2703 4944 2798 5014 qui
2826 4943 3054 5016 navigio
3083 4948 3311 5000 vetusto
3367 4943 3529 4999 navi-

237 5051 354 5114 ιιιΡ.
379 5055 472 5112 681
506 5057 620 5114 ED.
653 5057 956 5114 POTTER.
993 5058 1070 5130 (a)
1099 5059 1221 5116 Jos.
1254 5077 1339 5129 ιιι,
1377 5060 1460 5116 16.
1496 5061 1572 5133 (b)
1603 5063 1776 5120 Exod.

1896 5082 1931 5137 ι,
1953 5065 2041 5119 21.
2076 5064 2148 5134 (c)
2179 5063 2321 5118 Gen.
2357 5079 2396 5176 ις
2429 5065 2481 5115 2.
2515 5061 2594 5133 (d)
2625 5067 2768 5117 Prov
2821 5077 2944 5130 xm,
2974 5060 3064 5115 24.

238 5166 586 5246 (Βίληοταμὸν
614 5179 713 5242 τῆς
745 5169 836 5246 ῦλ.
880 5175 1134 5246 Respicit
1174 5175 1245 5231 ad
1291 5177 1439 5232 duos
1488 5178 1767 5236 mirificos

1951 5181 2064 5253 (32)
2094 5155 2779 5253 ιινενςμᾳτεὲ.ίι;τεάθι)ειοι
2823 5192 2852 5232 s
2891 5176 3188 5253 veteribus
3232 5174 3525 5253 nonnulli,

191 5234 368 5334 git-tellis
386 5234 1270 5334 transit‘usha‘lterumpermare
1297 5234 1767 5334 rubrum,hloyse
1876 5234 2124 5324 spiritus
2155 5234 2256 5306 seu
2277 5251 2496 5334 bonos,
2528 5265 2632 5334 seu
2658 5248 2871 5334 malos,
2913 5249 3190 5334 bum-anis
3217 5234 3526 5334 animabus

189 5306 296 5391 (luce
320 5313 476 5391 lflxodi
511 5316 656 5391 ξιν,
689 5306 936 5374 alterum
985 5306 1089 5389 per
1127 5317 1442 5391 Jordanem
1494 5306 1762 5391 ﬂuviuum,

191 5376 720 5460 ᾀαοεριοειιιιμίοείιᾶξ
763 5405 893 5460 cap.
945 5376 1030 5446 ui.
1077 5389 1254 5446 Alteri
1299 5397 1492 5448 autem
1551 5376 1762 5450 borum

190 5453 282 5543 ιιι
302 5453 513 5543 ιυειιαιι
545 5477 721 5543 quam
745 5453 1185 5543 ρτβριιςιετυρο,
1210 5464 1766 5543 ηειρρειοευεεωρ-

193 5535 290 5609 {seu
315 5527 616 5609 δείπνοιο-τῖε
643 5527 826 5589 nostri
841 5527 1078 5609 dicitur
1095 5527 1277 5590 fuisse
1296 5527 1550 5609 inditum
1579 5555 1595 5606 ;
1628 5527 1766 5609 quia

189 5598 577 5690 Ἰησοῦς
600 5603 888 5690 inﬁrmis
909 5605 1114 5690 Dibliis
1126 5605 1494 5690 “appellatur,
1526 5598 1626 5664 sed
1645 5598 1764 5665 ὀᾶ-

194 5662 288 5722 diui
303 5662 632 5749 discrimine,
660 5675 689 5750 ι
717 5679 892 5750 Ναυῆ,
920 5676 1090 5739 Navae
1122 5662 1299 5739 aliis.
1328 5662 1620 5738 suam;

1878 5310 2112 5404 semper
2145 5310 2493 5404 nassistere:
2527 5321 2693 5404 Conf.
2753 5310 2976 5404 Hermas
3031 5319 3402 5404 [fauonhlitk
3441 5336 3523 5404 ιι.

1879 5390 2079 5450 ιιιιιιίά.
2139 5396 2194 5463 6,
2257 5398 2400 5450 sect.
2453 5396 2488 5447 2
2519 5435 2533 5461 ,
2593 5398 2649 5449 et
2692 5409 2818 5462 quae
2868 5393 2947 5447 ibi
2997 5390 3300 5448 adnotavit
3355 5390 3522 5446 Cote-

1874 5465 2076 5665 Rigas).
2104 5530 2451 5626 Προσϐολήν.
2511 5535 2844 5606 Legendum
2884 5533 3114 5589 videtur
3170 5531 3350 5590 divise
3379 5531 3518 5602 πρὸς

1879 5608 1943 5683 βο
1989 5611 2077 5680 ήν,
2111 5619 2212 5667 aut
2235 5627 2371 5683 προς
2402 5600 2692 5676 ἐπιϐολήν,
2724 5623 2828 5663 seu
2869 5599 3190 5675 ἐπιϐουλήν.
3238 5604 3516 5660 SYLsuao.

1989 5599 2077 5680 ἠύ,
2111 5599 2212 5667 εἰη
2235 5599 2692 5683 πρὸςέπιϐολῗάν,
2724 5623 2828 5663 seu
2869 5599 3190 5675 ἐπιϐουλήν.
3238 5599 3516 5660 εγωυὲια.
