4006 6200
537 368 645 422 703

1781 369 2115 424 CLEMENS
2155 366 2724 421 ALEXANDRINUS
3281 346 3286 347 ί
3805 369 3884 426 7m

537 493 696 560 gant,
733 505 850 545 non
879 491 1021 543 sunt
1049 488 1268 560 supini,
1301 490 1400 545 sed
1434 507 1666 562 semper
1688 489 1885 546 anima
1914 489 1974 545 in
2007 489 2185 545 Deum

2306 483 2427 541 ἀλλ’
2485 485 2566 543 ἀεὶ
2626 483 2880 562 εὔχονται
2915 529 2932 552 ,
2991 484 3372 560 ἀνατεταμένοι
3447 486 3577 562 πρὸς
3635 489 3719 544 τὸν
3769 491 3873 545 Θιόν

540 581 766 636 intenta
797 593 998 648 preces
1031 577 1359 634 effundunt.

613 668 710 722 Xl.
761 668 1031 722 Seniores
1091 667 1257 722 valde
1306 671 1623 734 conquesti
1685 672 1845 735 sunt,
1901 668 2010 725 nisi
2045 668 2185 724 mali

540 755 779 828 aliquod
809 755 868 810 in
897 755 1020 811 dies
1052 756 1276 811 cordori
1299 757 1610 825 accideret,
1643 758 1796 830 quod
1822 757 2046 814 fortiter
2069 757 2185 813 illis

542 845 952 916 perferendum
986 845 1152 900 foret.
1185 845 1494 902 Timebant
1510 846 1666 902 enim
1701 863 1772 902 ne
1803 847 1948 904 forte
1972 845 2031 902 in
2067 845 2186 902 vita

541 933 650 989 hac
683 931 889 1005 pcenis,
921 933 1173 1002 peccatis
1222 933 1458 988 illorum
1505 935 1740 1005 debitis,
1772 953 1884 991 non
1918 935 2182 1005 receptis,

540 1038 666 1089 qua:
698 1021 937 1092 quidem
990 1021 1193 1092 multa,
1226 1023 1342 1078 illis
1374 1023 1476 1095 qui
1537 1025 1594 1079 in
1654 1041 1830 1080 carne
1872 1029 2026 1090 sunt,
2087 1039 2188 1096 per

539 1110 932 1183 ignorantiam
989 1111 1362 1179 comitantur,
1423 1112 1635 1169 saeculo
1692 1116 1886 1169 futuro
1954 1129 2184 1184 pinnam

539 1199 845 1255 confertim
871 1201 1216 1272 reciperent,
1249 1218 1427 1272 quam
1459 1203 1804 1258 ob-causam
1839 1203 1945 1258 hac
1980 1204 2036 1258 in
2069 1203 2189 1257 vita

540 1288 732 1346 curari
768 1288 1077 1344 malebant.
1109 1289 1422 1346 Timendus
1480 1291 1679 1362 itaque
1711 1292 1880 1347 nobis
1926 1297 2015 1347 est
2072 1307 2185 1346 non

544 1378 784 1432 morbus
809 1377 1058 1434 exterior
1088 1379 1189 1433 sed
1223 1379 1418 1450 potius
1478 1385 1714 1451 peccata
1771 1386 2006 1452 prOpter
2061 1396 2188 1452 quae

543 1467 784 1522 morbus
806 1467 1128 1538 contingit,
1156 1468 1483 1540 animmque
1498 1471 1739 1525 morbus
1759 1486 1873 1525 non
1895 1469 2183 1541 corporis;

2367 667 2468 723 LX"
2521 665 2589 721 Oi
2643 658 3000 738 πρεσϐύτεροι
3056 659 3265 738 σφόδρα
3316 663 3571 739 ἤχθοντο,
3625 653 3670 719 εὶ
3713 669 3779 739 μή
3823 668 3887 722 δτι

2293 756 2560 829 πάσχοιεν
2593 755 2706 827 (34)
2727 751 2862 807 κατᾶ
2890 751 2952 806 τὸ
2984 756 3147 824 σῶμα
3193 752 3462 808 ἑκάστοτε·
3494 749 3762 830 ἐφοϐοῦντο
3801 758 3882 831 γὰρ

2298 845 2497 917 μήπως
2553 839 2780 905 ἐνταῦθα
2831 839 2892 894 οὐ
2962 841 3324 913 κομιζόμενοι
3386 842 3452 896 τὰ
3518 843 3746 920 ἐπίχειρα
3802 849 3886 899 τῶν

2298 932 2725 1006 ἁμαρτημάτων,
2759 931 2792 984 ἅ
2831 927 3018 984 πολλὰ
3073 934 3188 992 τοῖς
3246 929 3298 984 ἐν
3358 931 3509 1005 σαρκῖ
3555 933 3662 986 κατ’
3704 930 3886 1007 ἄγνοιαν

2296 1018 2725 1094 παρακολουθεῖ,
2783 1017 2978 1091 ἀθρόαν
3038 1017 3151 1072 ἐκεῖ
3202 1017 3514 1091 κομίσονται
3571 1020 3662 1088 τήν
3713 1018 3884 1092 δίκην·

2298 1110 2433 1165 ὥστε
2463 1105 2648 1164 ἐνθάδε
2681 1105 3062 1181 θεραπε·5εσθαι
3113 1106 3321 1179 ἠξίουν.
3375 1101 3642 1176 Φοϐητὲον
3686 1107 3772 1182 ἄρα
3809 1112 3881 1164 οὐ-

2299 1199 2359 1274 χὶ
2392 1199 2548 1252 νόσον
2589 1197 2687 1264 τήν
2735 1193 2949 1268 ἔξωθεν,
2998 1193 3143 1250 ἀλλᾶ
3187 1197 3570 1271 ἁμαρτήματα,
3602 1195 3664 1251 δι’
3707 1198 3735 1252 ἆ
3763 1201 3791 1266 ἡ
3819 1198 3884 1252 νό-

2299 1305 2412 1349 σος’
2468 1285 2556 1339 καὶ
2600 1284 2759 1339 νόσον
2812 1287 3022 1359 ψυχῆς,
3073 1285 3138 1339 οὐ
3189 1285 3464 1356 σώματος·
3515 1285 3594 1341 ὅτι
3637 1293 3761 1341 πᾶσα
3785 1288 3884 1360 σὶρξ

2296 1377 2521 1451 χόρτος·
2549 1374 2617 1429 τὰ
2648 1371 2704 1429 δὲ
2733 1375 3019 1447 σωματικᾶ
3049 1374 3138 1429 καὶ
3168 1374 3234 1430 τὰ
3265 1373 3418 1437 ἐκτὸς
3438 1375 3592 1444 καλὰ,
3614 1376 3884 1452 πρόσκαιρα·

2295 1467 2363 1521 τὰ
2392 1463 2448 1520 δὲ
2485 1466 2559 1538 μὴ
2591 1462 2904 1540 βλεπόμενα
2926 1463 3140 1520 αῗώνια.

540 1556 759 1627 quippe
789 1555 966 1610 omnis
991 1572 1116 1612 caro
1144 1559 1359 1626 fenum.
1394 1559 1470 1629 (a)
1506 1599 1518 1612 .
1552 1561 1800 1630 Insuper
1831 1575 2112 1630 corporea
2166 1574 2414 1628 queque
2435 1556 2691 1611 exterius
2725 1558 2869 1611 sunt
2900 1555 3072 1620 bona,
3105 1559 3486 1628 temporanea
3514 1559 3773 1628 sunmus
3792 1571 3887 1610 vero

539 1662 648 1702 non
682 1645 956 1710 ridentur,
990 1655 1218 1702 aeterna.
1251 1647 1348 1718 (b).

611 1736 820 1799 >X<XIL
856 1735 992 1798 Qum
1023 1736 1092 1790 ad
1126 1735 1430 1792 scientiam
1461 1737 1773 1808 pertinent,
1813 1754 1881 1793 ex
1910 1736 1983 1792 iis
2041 1752 2184 1791 non-

2367 1732 2466 1788 lB'.
2497 1732 2571 1785 Τὰ
2613 1737 2714 1799 τῆς
2764 1729 3036 1805 γνώσεως,
3083 1732 3151 1786 τὰ
3203 1730 3300 1804 μὲν
3351 1728 3459 1802 ἤδη
3509 1733 3798 1808 μετέχομεν·
3828 1733 3881 1786 τὰ

547 1822 705 1878 nulla
727 1823 852 1892 jam
889 1823 1278 1894 percipimus;
1305 1825 1419 1881 alia
1439 1842 1592 1890 vero,
1615 1843 1683 1882 ex
1705 1825 1797 1882 his
1845 1843 1971 1897 qua:
1995 1823 2184 1896 possi-

544 1912 774 1978 demus,
803 1911 1052 1966 firmiter
1081 1929 1409 1982 speramus.
1443 1918 1641 1985 Neque
1671 1915 1827 1970 enim
1860 1916 2057 1970 omnia
2085 1929 2188 1968 su-

547 2018 680 2056 mus
712 2000 928 2070 adepti,
972 2017 1075 2056 nec
1105 2002 1382 2058 omnibus
1412 2002 1738 2072 deﬁcimur,
1782 2004 1882 2058 sed
1916 2003 2073 2059 velut
2095 2019 2189 2058 ar-

544 2090 860 2145 rhabonem
883 2089 1167 2144 bonorum
1192 2090 1514 2146 ccslestium
1550 2096 1922 2163 paternisque
1942 2091 2190 2148 haeredi-

543 2179 682 2234 tatis
713 2177 1065 2248 accepimus.
1104 2178 1327 2234 Viatica
1357 2196 1486 2234 vero
1520 2180 1622 2236 VltB
1664 2181 1974 2236 Dominicm
2029 2181 2192 2252 ejus-

544 2268 677 2323 dem
711 2268 1104 2323 beatitudines
1133 2273 1292 2322 sunt.
1329 2269 1564 2336 Quaerite
1593 2270 1770 2325 enim.
1825 2271 1991 2337 dixit,
2051 2287 2192 2325 cura

545 2356 798 2412 sollicita
828 2356 1110 2427 exquirite
1163 2374 1398 2430 regnum
1430 2358 1546 2427 Dei,
1593 2366 1645 2414 et
1673 2359 1791 2416 haec
1819 2361 2009 2416 omnia
2040 2360 2190 2430 adji-

543 2445 760 2500 cienlur
816 2445 986 2501 vobis.
1020 2445 1132 2500 Scit
1159 2445 1308 2501 enim
1351 2448 1519 2502 Pater
1549 2457 1722 2504 vester
1751 2448 1948 2520 quibus
1977 2448 2190 2519 indige-

544 2537 617 2589 tis
637 2534 741 2605 (ε).
769 2533 982 2604 Sicque
1005 2551 1119 2588 non
1142 2532 1334 2589 solum
1357 2551 1575 2606 vacare,
1596 2537 1696 2591 sed
1730 2541 1786 2590 et
1814 2553 1984 2591 curas
2014 2535 2189 2591 etiam

545 2624 809 2678 conferre
841 2629 1014 2678 vetat.
1045 2624 1163 2678 Non
1192 2623 1346 2679 enim
1379 2623 1450 2680 ad
1479 2629 1775 2691 staturam,
1809 2624 2019 2697 inquit,
2051 2641 2192 2680 cura

543 2711 645 2767 hac
670 2711 915 2768 sollicita
943 2711 1228 2783 quidpiam
1248 2713 1492 2784 adjicere
1520 2714 1740 2784 potestis
1767 2714 1861 2788 (d).
1887 2714 2192 2770 Manifesta

544 2801 699 2857 enim
727 2800 1026 2872 cognoscit
1055 2801 1231 2870 Deus,
1263 2818 1530 2873 quaenam
1573 2821 1679 2859 nos
1728 2803 1941 2860 habere
1973 2809 2030 2859 et
2061 2803 2192 2876 qui-

543 2891 656 2946 bus
675 2890 934 2962 indigere
955 2891 1243 2961 expediat.
1271 2891 1437 2948 Curis
1463 2893 1660 2965 itaque
1684 2893 1929 2949 terrenis
1951 2908 2192 2948 evacua-

543 2980 640 3046 tis,
676 2997 782 3035 nos
814 2979 972 3050 ipsos
1006 2977 1142 3046 illis,
1194 2997 1320 3051 quin
1368 2981 1438 3036 ad
1499 2981 1682 3037 Deum
1748 2986 1907 3051 sunt,
1959 2979 2191 3052 impleri

2300 1818 2377 1889 δὲ,
2411 1819 2480 1875 δι’
2509 1822 2584 1875 ὧν
2613 1818 2837 1895 ἔχομεν,
2893 1814 3123 1894 βεϐαίως
3171 1819 3483 1893 ἐλπίζομεν·
3533 1817 3647 1875 οὔτε
3683 1822 3773 1895 γὰρ
3804 1825 3883 1874 πᾶν

2295 1910 2688 1982 κεκομίσμεθα,
2723 1907 2846 1964 οὕτε
2893 1909 3092 1970 παντὸς
3147 1911 3496 1984 ὑστεροῦμεν·
3528 1909 3646 1965 ἀλλ’
3691 1912 3786 1965 οἷον
3812 1908 3889 1983 ἆῤ-

2301 1994 2514 2076 ῥαϐῶνο.
2541 2003 2648 2053 τῶν
2681 1997 2917 2053 αἰωνίων
2946 1999 3161 2072 ἀγαθῶν
3210 1999 3303 2053 καὶ
3345 2003 3442 2054 τοῦ
3487 1999 3724 2072 πατρῴου
3750 1997 3888 2051 πλού-

2297 2110 2392 2144 του
2423 2087 2891 2166 προσειλήφαμεν.
2925 2087 3008 2144 Τὰ
3051 2085 3107 2142 δὲ
3155 2083 3348 2166 ἐφόδία
3393 2095 3490 2157 τῆς
3529 2093 3764 2162 κυριακῆς
3788 2083 3887 2140 ὁδοῦ

2301 2179 2351 2233 οἱ
2408 2175 2745 2252 μακαρισμοὶ
2789 2181 2887 2231 τοῦ
2946 2176 3168 2250 Κυρίου.
3213 2181 3438 2246 Ζητεῖτε
3485 2175 3604 2251 γὰρ,
3655 2174 3771 2246 εἶπε,
3817 2173 3886 2226 καὶ

2304 2273 2600 2343 μεριμνᾶτε
2673 2268 2774 2335 τὴν
2858 2265 3135 2341 βασιλείαν
3212 2269 3314 2320 τοῦ
3385 2269 3535 2336 Θεοῦ,
3609 2266 3687 2320 καὶ
3754 2260 3884 2317 ταῦτα

2300 2359 2474 2412 πάντα
2530 2357 2952 2432 προστεθήσεται
3014 2354 3164 2427 ὑμῖν·
3231 2351 3345 2410 οἶδε
3397 2356 3498 2432 γὰρ
3555 2355 3581 2408 ὁ
3633 2353 3794 2426 Πατὴρ
3829 2352 3884 2404 ὧν

2301 2445 2492 2520 χρείαν
2543 2442 2696 2520 ἔχετε
2749 2442 2937 2506 Οὕτως
2989 2443 3052 2498 οὗ
3105 2438 3269 2516 μόνον
3319 2443 3413 2506 τὰς
3465 2441 3732 2519 ἀσχολίας,
3774 2437 3886 2495 ἀλλᾶ

2299 2535 2389 2591 καὶ
2444 2535 2539 2598 τὰς
2589 2531 2876 2612 φροντίδας
2934 2533 3278 2611 περιγράφει.
3338 2533 3418 2590 Οὔ
3459 2532 3556 2608 γὰρ
3601 2534 3664 2604 τῇ
3713 2529 3881 2598 ἡλικίᾳ,

2301 2625 2482 2703 φησὶν,
2536 2625 2596 2678 ὲκ
2641 2626 2736 2677 τοῦ
2777 2623 3082 2700 φροντίζειν
3131 2619 3451 2697 προσθεῖναί
3493 2643 3544 2677 τι
3595 2617 3806 2676 δύνασθε.
3838 2618 3881 2674 Ὁ

2299 2716 2403 2790 γὰρ
2462 2715 2589 2778 Θεὸς
2645 2710 2760 2767 οἶδε
2811 2715 3017 2790 σαφῶς,
3057 2709 3180 2766 τίνα
3240 2711 3338 2784 μὲν
3395 2713 3527 2784 ἡμῖν
3571 2704 3720 2785 ἔχειν,
3759 2707 3884 2763 τίνων

2301 2801 2359 2860 δὲ
2412 2805 2633 2879 ἀπορεῖν
2683 2802 2964 2880 συμφέρει.
3026 2800 3381 2865 Κενώσαντας
3425 2802 3514 2856 οὖν
3565 2805 3690 2876 σφᾶς
3737 2795 3891 2858 αὐτοὺς

2297 2897 2408 2948 τῶν
2457 2897 2739 2965 κοσμοκῶν
2789 2887 3116 2968 φροντίδων,
3171 2889 3318 2961 ἀξιοῖ
3345 2889 3674 2966 πληροῦσθαι
3711 2893 3795 2956 τῆς
3833 2883 3890 2945 εἷς

2301 2982 2450 3039 Θεόν.
2521 2983 2716 3055 Ἡμεῖς
2791 2981 2892 3056 γὰρ
2973 2978 3299 3052 στενάζομεν
3337 3024 3350 3048 ,
3412 2976 3760 3034 ἐπενδύσασθαι
3813 2994 3891 3028 πο-

543 3069 685 3126 vult.
739 3070 945 3141 Quippe
969 3085 1063 3125 nos
1084 3071 1517 3139 ingemiscimus,
1549 3071 1877 3143 superindui
1912 3073 2191 3141 cupientes

2306 3073 2522 3134 θοῦντες
2577 3071 2644 3126 τὰ
2700 3067 2941 3147 ἄφθαρτα
2975 3111 2989 3136 ,
3039 3067 3165 3141 πρὶν
3227 3066 3547 3133 ἐκδῦσασθαι
3595 3068 3685 3136 τὴν
3728 3061 3887 3142 φθορᾶν

539 3175 658 3232 qua:
672 3159 1141 3229 incorruptibilia
1155 3159 1746 3232 sunt(e),priusquam
1761 3161 2193 3232 corruptionem

538 3247 897 3303 exuerimus.
932 3249 1129 3303 Effusa
1154 3248 1308 3304 enim
1342 3248 1477 3318 fide,
1511 3247 1825 3304 inﬁdelitas
1870 3251 2182 3306 evanescit.

536 3337 621 3390 Ad
646 3336 919 3390 eumdem
954 3337 1193 3392 modum
1239 3337 1415 3392 etiam
1448 3337 1507 3392 in
1568 3337 1812 3394 scientia
1842 3339 2184 3410 acjustitia.

539 3423 778 3494 Oportet
808 3423 1002 3492 itaque
1025 3441 1138 3478 non
1172 3424 1360 3480 solum
1387 3425 1645 3481 animam
1670 3443 2183 3498 evacuare,verum

540 3513 718 3570 etiam
754 3513 870 3568 Deo
895 3512 1156 3584 implere.
1190 3513 1387 3585 Neque
1441 3514 1595 3570 enim
1629 3515 1884 3586 amplius
1942 3517 2188 3587 malum,

543 3603 698 3675 quod
731 3619 860 3658 esse
882 3603 1092 3672 desiit;
1123 3619 1312 3675 neque
1334 3603 1573 3660 omnino
1595 3604 1838 3675 bonum,
1863 3607 2017 3678 quod
2050 3623 2190 3662 non-

544 3694 686 3748 dum
719 3691 942 3763 aliquid
973 3693 1234 3763 accepit:
1266 3693 1419 3764 quod
1455 3709 1583 3748 vero
1617 3711 1722 3750 nec
1753 3695 1970 3750 bonum
2001 3713 2190 3767 neque

547 3781 788 3849 malum,
821 3779 969 3836 nihil
1001 3786 1109 3837 est.
1143 3783 1450 3838 Revertitur
1480 3785 1631 3839 enim
1648 3783 1707 3838 in
1733 3784 1951 3841 domum
1980 3803 2189 3858 purga-

545 3876 660 3926 tam
689 3888 759 3926 ac
786 3887 1017 3925 vacuam
1044 3872 1136 3942 (f),
1162 3872 1410 3944 inquam
1428 3889 1625 3929 eorum
1659 3873 1816 3929 nulla
1840 3891 1965 3945 qua:
1989 3875 2058 3930 ad
2096 3893 2190 3932 sa-

547 3961 727 4016 lutem
751 3965 910 4028 sunt,
941 3960 1425 4031 injectafuerunt,
1445 3962 1720 4035 ubiprius
1735 3964 1978 4036 spiritus
2003 3963 2192 4037 impu-

547 4066 649 4105 rus
708 4049 1094 4118 habitaverat,
1128 4048 1225 4120 qui
1257 4066 1453 4105 secum
1489 4050 1632 4108 alios
1670 4057 1892 4124 septem
1946 4055 2192 4126 spiritus

550 4139 814 4206 impuros
863 4136 1133 4192 assumit.
1179 4139 1369 4203 Quare
1419 4137 1592 4194 malis
1649 4140 1960 4208 evacuatis,
1993 4147 2055 4198 ut
2081 4148 2192 4198 Deo

553 4227 705 4282 bono
735 4225 1001 4282 animum
1033 4226 1385 4298 impleamus
1417 4243 1655 4285 necesse
1675 4233 1766 4285 est
1789 4231 1941 4302 quod
1974 4235 2063 4287 est
2092 4232 2193 4288 do-

2305 3161 2710 3238 Ἐπιχεομὲνης
2767 3159 2872 3234 γὰρ
2923 3160 3023 3228 τῆς
3082 3158 3345 3224 πίστεως,
3403 3159 3591 3234 ἀπορεῖ
3631 3158 3662 3226 ἡ
3696 3152 3888 3210 ἀπιστία.

2294 3250 2539 3324 Ὁμοίως
2584 3248 2676 3304 καὶ
2719 3247 2806 3304 ἐπὶ
2859 3247 3113 3323 γνώσεως
3156 3246 3245 3302 καὶ
3296 3244 3652 3316 δικαιοσύνης.
3697 3244 3766 3302 Οὗ
3805 3241 3890 3316 χρὴ

2296 3339 2387 3396 οὖν
2436 3339 2602 3413 μόνον
2645 3342 2877 3392 κενῶσαι
2926 3337 3024 3406 τὴν
3077 3336 3289 3411 ψυχὴν,
3343 3333 3488 3392 ἀλλὰ
3531 3333 3614 3390 καὶ
3654 3330 3892 3405 πληρῶσαι

2296 3437 2361 3486 Θ,-
2399 3433 2425 3444 -ι
2498 3426 2572 3482 Ον
2724 3426 2738 3445 \
2835 3423 2859 3446 ,Ι
3075 3425 3090 3443 \
3199 3424 3222 3479 ἐ
3303 3424 3318 3446 ι
3411 3426 3434 3480 ἐ
3631 3440 3643 3454 ⁸
3718 3418 3742 3460 τι

2342 3450 2450 3486 ιου.
2544 3448 2634 3482 υτε
2679 3446 2781 3502 γαρ
2835 3446 2912 3480 ετι
2962 3445 3149 3493 κακον,
3226 3445 3319 3480 πει
3368 3446 3408 3480 π
3439 3444 3623 3479 παυται
3689 3440 3792 3476 οδτε
3878 3457 3886 3483 ί

2295 3519 2513 3592 ἀγαθὸν,
2567 3515 2684 3572 ἐπεὶ
2738 3511 2968 3588 μηδέπω
3011 3510 3276 3591 εἷ’ληφενο
3328 3515 3392 3569 τὸ
3441 3511 3497 3568 δὲ
3552 3513 3679 3586 μήτε
3728 3506 3884 3583 ἀγαθὸν

2302 3609 2442 3681 μήτε
2482 3607 2646 3662 κακὸν
2696 3601 2846 3659 οὐδὲν
2895 3602 3034 3658 ἐστιν
3068 3647 3080 3660 .
3131 3602 3408 3660 Ἐπάνεισι
3457 3603 3554 3678 γὰρ
3600 3601 3668 3664 εἷς
3706 3598 3781 3652 τὸν
3821 3615 3882 3649 κε-

2296 3694 2634 3768 καθαρμένον
2685 3693 2836 3748 οἷκον
2897 3692 2986 3747 καὶ
3028 3691 3222 3759 κενὸν,
3275 3691 3363 3747 ἐὰν
3414 3689 3579 3765 μηδὲν
3616 3692 3710 3744 τῶν
3749 3703 3887 3750 σωτη-

2301 3785 2429 3858 ρίων
2482 3777 2762 3857 ἐμϐληθῇ,
2819 3781 2884 3836 τὸ
2933 3783 3331 3854 προενοικῆσαν
3378 3782 3660 3856 ἀκάθαρτον
3699 3779 3884 3844 πνεῦμα,

2299 3867 2840 3946 συμπαραλαμϐάνον
2894 3867 3042 3926 ἄλλα
3097 3869 3232 3925 ἑπτὰ
3303 3871 3569 3942 ἀκάθαρτα
3619 3865 3884 3936 πνεύματα.

2299 3963 2393 4018 Διὸ
2421 3963 2756 4030 κενώσαντας
2785 3963 2892 4015 τῶν
2925 3963 3104 4015 κακῶν
3139 3956 3220 4015 δεῖ
3269 3959 3557 4034 πληρῶσαι
3600 3957 3689 4025 τὴν
3737 3951 3881 4026 ψυχὴν

2296 4056 2395 4108 τοῦ
2421 4052 2620 4127 ἀγαθοῦ
2651 4053 2810 4119 Θεοῦ,
2851 4047 2984 4124 ὅπερ
3033 4047 3175 4104 ἐστὶν
3219 4049 3538 4123 οἰκητήριον
3587 4037 3883 4115 ἐπιλελεγμὲ-

2298 4161 2409 4197 νον.
2462 4139 2873 4211 Πληρωθὲντων
2923 4138 3028 4212 γὰρ
3074 4141 3186 4193 τῶν
3233 4143 3419 4208 κενῶν,
3467 4133 3583 4192 τότε
3625 4138 3656 4205 ἡ
3700 4127 3883 4210 mpqu

2303 4228 2686 4299 ἐπακολουθεῖ,
2710 4225 2803 4282 τίνα
2834 4224 3175 4306 φυλάσσηται
3205 4232 3285 4300 τῷ
3315 4231 3431 4301 Θεῷ
3459 4228 3518 4282 τὸ
3548 4227 3703 4301 ἅγιον.

553 4315 835 4371 micilium
858 4314 1124 4372 electum.
1156 4315 1415 4388 lmpletis
1446 4316 1604 4373 enim
1636 4335 1762 4390 qua
1789 4318 1955 4392 prius
1987 4320 2224 4378 fuerunt
2249 4337 2450 4388 vacua,
2489 4324 2629 4376 tunc
2653 4305 2907 4388 sigillum
2937 4317 3342 4391 consequitur,
3375 4321 3441 4374 ut
3470 4313 3799 4375 custodiatur
3841 4305 3885 4360 id

553 4407 708 4478 quod
742 4405 856 4462 Deo
889 4409 1160 4461 sanctum
1192 4411 1302 4461 est.

617 4495 776 4553 XIII.
812 4493 983 4551 Omne
1035 4497 1261 4551 verbum
1317 4495 1575 4565 ﬁrmatur
1627 4497 1834 4553 duobus
1875 4499 1961 4554 vel
2018 4498 2276 4568 tribusl)

548 4587 770 4642 testibus
828 4587 904 4655 (g)
962 4601 975 4640 :
1013 4584 1119 4641 hoc
1150 4589 1261 4652 est,
1285 4585 1342 4640 in
1372 4586 1564 4658 Patre,
1595 4586 1653 4642 in
1687 4586 1849 4662 Filio,
1881 4606 1945 4645 ac
1973 4589 2192 4662 Spiritu

548 4681 780 4730 sancto:
815 4675 1033 4747 quibus
1054 4674 1302 4730 testibus
1315 4679 1370 4730 et
1393 4677 1782 4746 adjutoribus,
1801 4695 1927 4750 qua:
1949 4681 2195 4736 manda-

553 4769 612 4819 ta
639 4769 936 4831 vocantur,
971 4763 1265 4819 observari
1297 4764 1528 4821 debent.

621 4852 760 4907 XIV.
801 4851 1122 4919 Jejunium,
1159 4860 1238 4907 est
1275 4869 1309 4906 a
1338 4852 1467 4908 cibo
1497 4854 1875 4925 abstinentia,
1909 4860 2081 4926 prout
2127 4873 2196 4912 ex

551 4943 681 5014 ipsa
720 4957 856 4996 voce
881 4945 1128 4995 constat.
1193 4947 1262 4995 At
1293 4942 1459 4997 cibus
1492 4959 1598 4999 nos
1630 4960 1742 5000 non
1779 4945 1966 5017 magis
1998 4947 2195 5017 justos

546 5031 634 5087 vel
667 5032 920 5102 injustos
955 5032 1164 5088 reddit.
1195 5033 1528 5090 Secundum
1553 5049 1692 5090 vero
1723 5051 1964 5091 sensum
1992 5036 2194 5108 mysti-

543 5138 704 5184 cum,
739 5121 962 5192 liquido
997 5125 1251 5191 constat,
1289 5123 1443 5193 quod
1487 5143 1503 5176 \
1529 5119 1904 5192 olnhingulis
1961 5124 2077 5180 vita
2127 5141 2197 5180 ex

540 5210 672 5266 cibo
704 5213 811 5277 est,
847 5215 1041 5265 etnon
1074 5210 1286 5266 nutriri
1339 5212 1548 5266 mortis
1606 5213 1916 5281 indicium,
1954 5213 2038 5269 sic
2087 5231 2195 5271 nos

2375 4502 2475 4553 II".
2532 4500 2642 4551 Πᾶν
2703 4495 2857 4572 ῥῆμα
2906 4491 3122 4549 ἵσταται
3183 4491 3273 4550 ἐπὶ
3329 4491 3424 4550 δύο
3468 4491 3554 4548 καὶ
3598 4491 3746 4565 τριῶν
3783 4500 3890 4556 μαρ-

2301 4587 2527 4662 τύρων’
2576 4585 2664 4640 ἐπὶ
2717 4584 2927 4661 Πατρὸς
2977 4582 3066 4639 καὶ
3107 4584 3236 4638 Υῖοῦ
3285 4582 3374 4639 καὶ
3423 4573 3576 4657 ἁγίου
3617 4574 3890 4647 Πνεόματοςν

2305 4678 2387 4756 ἐφ’
2418 4680 2490 4734 ὧν
2548 4677 2837 4753 μαρτύρων
2885 4676 2972 4731 καὶ
3036 4676 3254 4750 βοηθῶν
3303 4676 3358 4730 αἱ
3411 4671 3616 4730 ἐντολαὶ
3654 4665 3890 4742 λεγόμεναι

2305 4767 2665 4849 φυλάσσεσθαι
2701 4762 3034 4845 ὀφείλουσιν.
3789 4838 3801 4852 “
3875 4836 3885 4852 η

2376 4859 2474 4914 ῙΔ’.
2522 4862 2586 4911 'H
2636 4838 2859 4926 νηστεία
3071 4853 3257 4927 ἄποχή
3307 4857 3514 4930 τροφῆς
3553 4847 3654 4905 ἐστι
3696 4838 3809 4900 κατᾶ
3844 4838 3891 4930 τί)

2304 4922 2732 5019 σημαινόμενον.
2778 4922 2964 5021 Τροφή
3003 4922 3076 4998 ’δὲ
3120 4922 3274 4996 οὐδὲν
3319 4922 3671 5012 δικαιοτέρους
3718 4922 3891 5021 iiii-55¢.

2305 5011 2669 5110 ἀῦίκωτὲρους
2721 5011 3126 5110 ἀπε-ιρχάζεταν
3174 5031 3312 5086 κατὰ
3357 5027 3415 5084 δὶ
3459 5028 3520 5083 τὸ
3550 5011 3775 5100 μυστικὸν
3806 5011 3892 5110 ’δης

2307 5122 2399 5179 λοῖ
2449 5103 2556 5190 ὅτι,
2612 5121 2793 5196 ὥσπερ
2844 5103 2963 5184 τοῖς
3004 5121 3124 5176 καθ’
3168 5117 3262 5174 ἐνα
3318 5119 3377 5173 ἑκ
3414 5121 3610 5194 τροφῆς
3653 5114 3684 5179 ἦ
3729 5103 3890 5178 ζωῆιῆ

2308 5209 2355 5267 δ’
2405 5213 2641 5290 ἆτροφία
2678 5212 2908 5266 θανάτου
2956 5204 3259 5282 σύμϐολον·
3311 5205 3477 5269 οὕτως
3517 5202 3600 5260 καὶ
3644 5201 3772 5274 ἡμᾶς
3810 5196 3891 5247 τῶν

612 5382 675 5446 ›ι‹
706 5384 762 5434 Ρ.
795 5379 1042 5456 ϐείω).
1078 5378 1379 5456 ΡΟΤΤΕΗ.
1416 5381 1491 5456 (α)
1542 5381 1635 5456 lsa
1690 5399 1778 5456 ιι..
1810 5384 1867 5440 6.
1903 5384 1977 5456 (b)
2007 5383 2056 5440 II
2087 5387 2191 5440 Cor

2306 5384 2467 5449 v,18.
2521 5384 2593 5456 (ε)
2651 5381 2960 5446 Mattb.vx,
2992 5380 3062 5436 33
3119 5385 3178 5437 et
3203 5379 3291 5435 32.
3347 5379 3424 5452 (ἀ)
3475 5373 3757 5437 Matth",
3799 5353 3888 5418 27³

545 5454 683 5508 Luc.
715 5470 816 5521 xu,
848 5454 937 5508 25.
973 5453 1046 5525 (e)
1078 5455 1126 5505 II
1153 5454 1282 5508 Cor.
1317 5469 1372 5519 ν,
1415 5455 1470 5508 2.
1504 5454 1573 5526 (ί)
1605 5454 1805 5511 Matth.
1837 5453 1940 5522 xu,
1980 5457 2060 5511 Hi.
2087 5458 2161 5529 (g)

2306 5460 2368 5511 it.
2399 5453 2538 5529 xvii,
2567 5453 2622 5511 9.

620 5626 736 5701 (34)
779 5624 842 5701 El
886 5625 960 5695 μὴ
1012 5624 1095 5701 ὅτι
1135 5624 1421 5699 πάσχοιεν.
1473 5620 1812 5701 Legendufn
1866 5627 2098 5685 videtur
2149 5623 2202 5683 εἷ’

551 5699 627 5775 μή
659 5718 713 5753 τι
743 5696 1029 5772 πάσχοιεν.
1061 5696 1344 5758 δτωυιὶα.

2378 5627 2495 5699 (35)
2526 5626 2589 5683 Ἠ
2621 5621 2955 5699 municipia
2981 5623 3192 5699 ieiunii
3223 5619 3573 5680 abstinentia
3596 5615 3712 5674 vide
3737 5615 3785 5670 et
3808 5609 3888 5665 Ba-

2313 5695 2412 5758 sil.
2448 5715 2580 5775 pag.
2609 5699 2710 5758 133
2737 5702 2796 5757 et
2827 5697 2948 5756 137.
2977 5695 3051 5755 Η.
3071 5695 3358 5758 Staium.
