  <div class='ocr_page' id='page_1' title='image "/cluster/home/n/w/nwhite01/storage/ocr_20150623/9/hvd.32044073501314/383.png"; bbox 0 0 4006 6200; ppageno 0'>
   <div class='ocr_carea' id='block_1_1' title="bbox 502 365 608 422">
    <p class='ocr_par' dir='ltr' id='par_1_1' title="bbox 502 365 608 422">
     <span class='ocr_line' id='line_1_1' title="bbox 502 365 608 422; baseline -0.009 -1"><span class='ocrx_word' id='word_1_1' title='bbox 502 365 608 422; x_wconf 89' lang='grc'>707</span> 
     </span>
    </p>
   </div>
   <div class='ocr_carea' id='block_1_2' title="bbox 1739 363 3834 427">
    <p class='ocr_par' dir='ltr' id='par_1_2' title="bbox 1739 363 3834 427">
     <span class='ocr_line' id='line_1_2' title="bbox 1739 363 3834 427; baseline -0.001 0"><span class='ocrx_word' id='word_1_2' title='bbox 1739 369 2074 427; x_wconf 77' lang='lat' dir='ltr'>CLEMENS</span> <span class='ocrx_word' id='word_1_3' title='bbox 2112 363 2686 424; x_wconf 69' lang='lat' dir='ltr'>ALEXANDRINUS</span> <span class='ocrx_word' id='word_1_4' title='bbox 3753 370 3834 426; x_wconf 78' lang='lat'>708</span> 
     </span>
    </p>
   </div>
   <div class='ocr_carea' id='block_1_3' title="bbox 575 470 2129 568">
    <p class='ocr_par' dir='ltr' id='par_1_3' title="bbox 575 490 2129 564">
     <span class='ocr_line' id='line_1_3' title="bbox 575 490 2129 564; baseline 0 -18"><span class='ocrx_word' id='word_1_5' title='bbox 575 491 730 547; x_wconf 84' lang='lat' dir='ltr'>XIX.</span> <span class='ocrx_word' id='word_1_6' title='bbox 762 490 948 548; x_wconf 88' lang='lat' dir='ltr'>Homo</span> <span class='ocrx_word' id='word_1_7' title='bbox 978 491 1076 564; x_wconf 87' lang='lat' dir='ltr'>qui</span> <span class='ocrx_word' id='word_1_8' title='bbox 1110 509 1179 548; x_wconf 86' lang='lat' dir='ltr'>ex</span> <span class='ocrx_word' id='word_1_9' title='bbox 1227 493 1340 549; x_wconf 85' lang='lat' dir='ltr'>fide</span> <span class='ocrx_word' id='word_1_10' title='bbox 1372 496 1428 549; x_wconf 90' lang='lat' dir='ltr'>et</span> <span class='ocrx_word' id='word_1_11' title='bbox 1456 492 1667 550; x_wconf 82' lang='lat' dir='ltr'>timore</span> <span class='ocrx_word' id='word_1_12' title='bbox 1718 493 1788 549; x_wconf 91' lang='lat' dir='ltr'>ad</span> <span class='ocrx_word' id='word_1_13' title='bbox 1843 491 2129 549; x_wconf 83' lang='lat' dir='ltr'>scientian</span> 
     </span>
    </p>
   </div>
   <div class='ocr_carea' id='block_1_4' title="bbox 2245 470 3834 568">
    <p class='ocr_par' dir='ltr' id='par_1_4' title="bbox 2334 470 3834 568">
     <span class='ocr_line' id='line_1_4' title="bbox 2334 470 3834 568; baseline 0.001 -22"><span class='ocrx_word' id='word_1_14' title='bbox 2334 490 2429 546; x_wconf 89' lang='grc' dir='ltr'>ΙΘ’.</span> <span class='ocrx_word' id='word_1_15' title='bbox 2467 490 2564 546; x_wconf 83' lang='grc' dir='ltr'>Ἐκ</span> <span class='ocrx_word' id='word_1_16' title='bbox 2594 489 2825 552; x_wconf 90' lang='grc' dir='ltr'>πίστεως</span> <span class='ocrx_word' id='word_1_17' title='bbox 2872 490 2962 544; x_wconf 78' lang='grc' dir='ltr'>καὶ</span> <span class='ocrx_word' id='word_1_18' title='bbox 3012 483 3184 568; x_wconf 70' lang='grc' dir='ltr'>φόϐου</span> <span class='ocrx_word' id='word_1_19' title='bbox 3239 470 3505 564; x_wconf 78' lang='grc' dir='ltr'>προκόψας</span> <span class='ocrx_word' id='word_1_20' title='bbox 3550 488 3621 554; x_wconf 67' lang='grc' dir='ltr'>εἷς</span> <span class='ocrx_word' id='word_1_21' title='bbox 3672 497 3834 566; x_wconf 78' lang='grc' dir='ltr'>γνῶσιν</span> 
     </span>
    </p>
   </div>
   <div class='ocr_carea' id='block_1_5' title="bbox 504 581 2148 653">
    <p class='ocr_par' dir='ltr' id='par_1_5' title="bbox 504 581 2148 653">
     <span class='ocr_line' id='line_1_5' title="bbox 504 581 2148 653; baseline 0.001 -18"><span class='ocrx_word' id='word_1_22' title='bbox 504 581 807 652; x_wconf 82' lang='lat' dir='ltr'>processit,</span> <span class='ocrx_word' id='word_1_23' title='bbox 840 598 954 639; x_wconf 91' lang='lat' dir='ltr'>non</span> <span class='ocrx_word' id='word_1_24' title='bbox 987 585 1054 638; x_wconf 91' lang='lat' dir='ltr'>ut</span> <span class='ocrx_word' id='word_1_25' title='bbox 1081 596 1286 638; x_wconf 88' lang='lat' dir='ltr'>servus</span> <span class='ocrx_word' id='word_1_26' title='bbox 1317 581 1478 639; x_wconf 90' lang='lat' dir='ltr'>novit</span> <span class='ocrx_word' id='word_1_27' title='bbox 1517 583 1728 649; x_wconf 83' lang='lat' dir='ltr'>dicere,</span> <span class='ocrx_word' id='word_1_28' title='bbox 1761 584 2008 653; x_wconf 81' lang='lat' dir='ltr'>Domine,</span> <span class='ocrx_word' id='word_1_29' title='bbox 2046 582 2148 637; x_wconf 84' lang='lat' dir='ltr'>Do-</span> 
     </span>
    </p>
   </div>
   <div class='ocr_carea' id='block_1_6' title="bbox 499 669 2150 739">
    <p class='ocr_par' dir='ltr' id='par_1_6' title="bbox 499 669 2150 739">
     <span class='ocr_line' id='line_1_6' title="bbox 499 669 2150 739; baseline 0.001 -16"><span class='ocrx_word' id='word_1_30' title='bbox 499 671 699 733; x_wconf 81' lang='lat' dir='ltr'>mine;</span> <span class='ocrx_word' id='word_1_31' title='bbox 730 672 829 727; x_wconf 89' lang='lat' dir='ltr'>sed</span> <span class='ocrx_word' id='word_1_32' title='bbox 862 674 928 726; x_wconf 89' lang='lat' dir='ltr'>ut</span> <span class='ocrx_word' id='word_1_33' title='bbox 957 669 1118 726; x_wconf 87' lang='lat' dir='ltr'>filius</span> <span class='ocrx_word' id='word_1_34' title='bbox 1163 669 1435 727; x_wconf 81' lang='lat' dir='ltr'>invocare</span> <span class='ocrx_word' id='word_1_35' title='bbox 1479 671 1705 739; x_wconf 78' lang='lat' dir='ltr'>didicit,</span> <span class='ocrx_word' id='word_1_36' title='bbox 1738 675 1904 729; x_wconf 82' lang='lat' dir='ltr'>Pater</span> <span class='ocrx_word' id='word_1_37' title='bbox 1928 680 2150 732; x_wconf 77' lang='lat' dir='ltr'>noster;</span> 
     </span>
    </p>
   </div>
   <div class='ocr_carea' id='block_1_7' title="bbox 500 759 2148 833">
    <p class='ocr_par' dir='ltr' id='par_1_7' title="bbox 500 759 2148 833">
     <span class='ocr_line' id='line_1_7' title="bbox 500 759 2148 833; baseline 0 -19"><span class='ocrx_word' id='word_1_38' title='bbox 500 759 783 815; x_wconf 81' lang='lat' dir='ltr'>nimirum</span> <span class='ocrx_word' id='word_1_39' title='bbox 812 776 846 814; x_wconf 89' lang='lat' dir='ltr'>a</span> <span class='ocrx_word' id='word_1_40' title='bbox 874 760 1086 832; x_wconf 83' lang='lat' dir='ltr'>spiritu</span> <span class='ocrx_word' id='word_1_41' title='bbox 1118 761 1418 816; x_wconf 78' lang='lat' dir='ltr'>servitutis</span> <span class='ocrx_word' id='word_1_42' title='bbox 1439 760 1725 817; x_wconf 89' lang='lat' dir='ltr'>liberatus</span> <span class='ocrx_word' id='word_1_43' title='bbox 1745 760 1844 833; x_wconf 87' lang='lat' dir='ltr'>qui</span> <span class='ocrx_word' id='word_1_44' title='bbox 1878 761 1947 816; x_wconf 85' lang='lat' dir='ltr'>ad</span> <span class='ocrx_word' id='word_1_45' title='bbox 1982 760 2148 815; x_wconf 89' lang='lat' dir='ltr'>timo-</span> 
     </span>
    </p>
   </div>
   <div class='ocr_carea' id='block_1_8' title="bbox 499 848 2146 920">
    <p class='ocr_par' dir='ltr' id='par_1_8' title="bbox 499 848 2146 920">
     <span class='ocr_line' id='line_1_8' title="bbox 499 848 2146 920; baseline 0.001 -18"><span class='ocrx_word' id='word_1_46' title='bbox 499 865 622 903; x_wconf 87' lang='lat' dir='ltr'>rem</span> <span class='ocrx_word' id='word_1_47' title='bbox 657 848 937 914; x_wconf 82' lang='lat' dir='ltr'>tendit,ac</span> <span class='ocrx_word' id='word_1_48' title='bbox 968 864 1071 920; x_wconf 89' lang='lat' dir='ltr'>per</span> <span class='ocrx_word' id='word_1_49' title='bbox 1099 848 1448 904; x_wconf 87' lang='lat' dir='ltr'>charitatem</span> <span class='ocrx_word' id='word_1_50' title='bbox 1481 850 1550 905; x_wconf 90' lang='lat' dir='ltr'>ad</span> <span class='ocrx_word' id='word_1_51' title='bbox 1588 850 1844 906; x_wconf 79' lang='lat' dir='ltr'>filiorum</span> <span class='ocrx_word' id='word_1_52' title='bbox 1882 848 2146 920; x_wconf 87' lang='lat' dir='ltr'>adoptio-</span> 
     </span>
    </p>
   </div>
   <div class='ocr_carea' id='block_1_9' title="bbox 498 936 2145 1010">
    <p class='ocr_par' dir='ltr' id='par_1_9' title="bbox 498 936 2145 1010">
     <span class='ocr_line' id='line_1_9' title="bbox 498 936 2145 1010; baseline 0.001 -19"><span class='ocrx_word' id='word_1_53' title='bbox 498 953 630 992; x_wconf 87' lang='lat' dir='ltr'>nem</span> <span class='ocrx_word' id='word_1_54' title='bbox 668 936 730 1000; x_wconf 49' lang='grc' dir='ltr'>ᾖ(</span> <span class='ocrx_word' id='word_1_55' title='bbox 749 937 1277 1010; x_wconf 88' lang='lat' dir='ltr'>translatus,atque</span> <span class='ocrx_word' id='word_1_56' title='bbox 1297 955 1452 994; x_wconf 90' lang='lat' dir='ltr'>nunc</span> <span class='ocrx_word' id='word_1_57' title='bbox 1470 955 1538 993; x_wconf 84' lang='lat' dir='ltr'>ex</span> <span class='ocrx_word' id='word_1_58' title='bbox 1559 939 1839 995; x_wconf 87' lang='lat' dir='ltr'>charitate</span> <span class='ocrx_word' id='word_1_59' title='bbox 1859 938 2026 993; x_wconf 88' lang='lat' dir='ltr'>illum</span> <span class='ocrx_word' id='word_1_60' title='bbox 2051 953 2145 992; x_wconf 87' lang='lat' dir='ltr'>co-</span> 
     </span>
    </p>
   </div>
   <div class='ocr_carea' id='block_1_10' title="bbox 497 1024 2145 1098">
    <p class='ocr_par' dir='ltr' id='par_1_10' title="bbox 497 1024 2145 1098">
     <span class='ocr_line' id='line_1_10' title="bbox 497 1024 2145 1098; baseline 0.001 -18"><span class='ocrx_word' id='word_1_61' title='bbox 497 1024 600 1096; x_wconf 89' lang='lat' dir='ltr'>lat,</span> <span class='ocrx_word' id='word_1_62' title='bbox 635 1043 809 1097; x_wconf 90' lang='lat' dir='ltr'>quem</span> <span class='ocrx_word' id='word_1_63' title='bbox 839 1026 1002 1098; x_wconf 89' lang='lat' dir='ltr'>prius</span> <span class='ocrx_word' id='word_1_64' title='bbox 1033 1027 1252 1082; x_wconf 82' lang='lat' dir='ltr'>timuit.</span> <span class='ocrx_word' id='word_1_65' title='bbox 1294 1027 1418 1083; x_wconf 89' lang='lat' dir='ltr'>Non</span> <span class='ocrx_word' id='word_1_66' title='bbox 1451 1029 1609 1084; x_wconf 90' lang='lat' dir='ltr'>enim</span> <span class='ocrx_word' id='word_1_67' title='bbox 1660 1029 1840 1084; x_wconf 89' lang='lat' dir='ltr'>timor</span> <span class='ocrx_word' id='word_1_68' title='bbox 1889 1027 2145 1098; x_wconf 85' lang='lat' dir='ltr'>amplius</span> 
     </span>
    </p>
   </div>
   <div class='ocr_carea' id='block_1_11' title="bbox 497 1114 2145 1187">
    <p class='ocr_par' dir='ltr' id='par_1_11' title="bbox 497 1114 2145 1187">
     <span class='ocr_line' id='line_1_11' title="bbox 497 1114 2145 1187; baseline 0.001 -19"><span class='ocrx_word' id='word_1_69' title='bbox 497 1114 555 1169; x_wconf 92' lang='lat' dir='ltr'>in</span> <span class='ocrx_word' id='word_1_70' title='bbox 589 1130 767 1170; x_wconf 90' lang='lat' dir='ltr'>causa</span> <span class='ocrx_word' id='word_1_71' title='bbox 798 1120 907 1182; x_wconf 89' lang='lat' dir='ltr'>est,</span> <span class='ocrx_word' id='word_1_72' title='bbox 939 1115 1093 1187; x_wconf 91' lang='lat' dir='ltr'>quod</span> <span class='ocrx_word' id='word_1_73' title='bbox 1126 1133 1160 1172; x_wconf 87' lang='lat' dir='ltr'>a</span> <span class='ocrx_word' id='word_1_74' title='bbox 1187 1117 1381 1172; x_wconf 86' lang='lat' dir='ltr'>vetitis</span> <span class='ocrx_word' id='word_1_75' title='bbox 1409 1117 1841 1183; x_wconf 86' lang='lat' dir='ltr'>abstineat,sed</span> <span class='ocrx_word' id='word_1_76' title='bbox 1873 1115 2145 1172; x_wconf 87' lang='lat' dir='ltr'>charitati</span> 
     </span>
    </p>
   </div>
   <div class='ocr_carea' id='block_1_12' title="bbox 495 1202 2140 1278">
    <p class='ocr_par' dir='ltr' id='par_1_12' title="bbox 495 1202 2140 1278">
     <span class='ocr_line' id='line_1_12' title="bbox 495 1202 2140 1278; baseline 0.002 -20"><span class='ocrx_word' id='word_1_77' title='bbox 495 1202 898 1274; x_wconf 89' lang='lat' dir='ltr'>tribuendum,</span> <span class='ocrx_word' id='word_1_78' title='bbox 931 1205 1086 1275; x_wconf 89' lang='lat' dir='ltr'>quod</span> <span class='ocrx_word' id='word_1_79' title='bbox 1119 1205 1188 1260; x_wconf 89' lang='lat' dir='ltr'>ad</span> <span class='ocrx_word' id='word_1_80' title='bbox 1239 1206 1518 1261; x_wconf 88' lang='lat' dir='ltr'>mandata</span> <span class='ocrx_word' id='word_1_81' title='bbox 1567 1206 1830 1262; x_wconf 91' lang='lat' dir='ltr'>animum</span> <span class='ocrx_word' id='word_1_82' title='bbox 1864 1203 2140 1278; x_wconf 87' lang='lat' dir='ltr'>appellat.</span> 
     </span>
    </p>
   </div>
   <div class='ocr_carea' id='block_1_13' title="bbox 497 1292 2140 1367">
    <p class='ocr_par' dir='ltr' id='par_1_13' title="bbox 497 1292 2140 1367">
     <span class='ocr_line' id='line_1_13' title="bbox 497 1292 2140 1367; baseline 0.002 -21"><span class='ocrx_word' id='word_1_83' title='bbox 497 1293 640 1363; x_wconf 82' lang='lat' dir='ltr'>Ipse,</span> <span class='ocrx_word' id='word_1_84' title='bbox 693 1292 908 1364; x_wconf 87' lang='lat' dir='ltr'>inquit,</span> <span class='ocrx_word' id='word_1_85' title='bbox 959 1292 1200 1364; x_wconf 81' lang='lat' dir='ltr'>Spiritus</span> <span class='ocrx_word' id='word_1_86' title='bbox 1261 1294 1649 1351; x_wconf 82' lang='lat' dir='ltr'>testimonium</span> <span class='ocrx_word' id='word_1_87' title='bbox 1687 1295 1962 1367; x_wconf 81' lang='lat' dir='ltr'>perhibet,</span> <span class='ocrx_word' id='word_1_88' title='bbox 2013 1310 2140 1350; x_wconf 89' lang='lat' dir='ltr'>cum</span> 
     </span>
    </p>
   </div>
   <div class='ocr_carea' id='block_1_14' title="bbox 495 1380 1320 1455">
    <p class='ocr_par' dir='ltr' id='par_1_14' title="bbox 495 1380 1320 1455">
     <span class='ocr_line' id='line_1_14' title="bbox 495 1380 1320 1455; baseline 0.002 -19"><span class='ocrx_word' id='word_1_89' title='bbox 495 1380 732 1437; x_wconf 77' lang='lat' dir='ltr'>dicimus</span> <span class='ocrx_word' id='word_1_90' title='bbox 763 1399 780 1436; x_wconf 91' lang='lat'><strong><em>:</em></strong></span> <span class='ocrx_word' id='word_1_91' title='bbox 811 1381 983 1450; x_wconf 79' lang='lat' dir='ltr'>Abba,</span> <span class='ocrx_word' id='word_1_92' title='bbox 1019 1387 1190 1438; x_wconf 81' lang='lat' dir='ltr'>Pater</span> <span class='ocrx_word' id='word_1_93' title='bbox 1216 1382 1320 1455; x_wconf 91' lang='lat' dir='ltr'>(a).</span> 
     </span>
    </p>
   </div>
   <div class='ocr_carea' id='block_1_15' title="bbox 568 1470 2138 1543">
    <p class='ocr_par' dir='ltr' id='par_1_15' title="bbox 568 1470 2138 1543">
     <span class='ocr_line' id='line_1_15' title="bbox 568 1470 2138 1543; baseline 0.002 -19"><span class='ocrx_word' id='word_1_94' title='bbox 568 1470 679 1526; x_wconf 87' lang='grc' dir='ltr'>ΧΧ.</span> <span class='ocrx_word' id='word_1_95' title='bbox 713 1471 1013 1543; x_wconf 90' lang='lat' dir='ltr'>Sanguine</span> <span class='ocrx_word' id='word_1_96' title='bbox 1043 1487 1175 1526; x_wconf 90' lang='lat' dir='ltr'>vero</span> <span class='ocrx_word' id='word_1_97' title='bbox 1218 1472 1734 1542; x_wconf 61' lang='lat' dir='ltr'>pretiosofredimit</span> <span class='ocrx_word' id='word_1_98' title='bbox 1783 1490 1888 1529; x_wconf 92' lang='lat' dir='ltr'>nos</span> <span class='ocrx_word' id='word_1_99' title='bbox 1936 1473 2138 1528; x_wconf 89' lang='lat' dir='ltr'>Domi-</span> 
     </span>
    </p>
   </div>
   <div class='ocr_carea' id='block_1_16' title="bbox 499 1559 2138 1632">
    <p class='ocr_par' dir='ltr' id='par_1_16' title="bbox 499 1559 2138 1632">
     <span class='ocr_line' id='line_1_16' title="bbox 499 1559 2138 1632; baseline 0.002 -17"><span class='ocrx_word' id='word_1_100' title='bbox 499 1577 633 1616; x_wconf 87' lang='lat' dir='ltr'>nus:</span> <span class='ocrx_word' id='word_1_101' title='bbox 668 1561 739 1616; x_wconf 87' lang='lat' dir='ltr'>ab</span> <span class='ocrx_word' id='word_1_102' title='bbox 772 1559 929 1614; x_wconf 86' lang='lat' dir='ltr'>heris</span> <span class='ocrx_word' id='word_1_103' title='bbox 977 1560 1116 1616; x_wconf 90' lang='lat' dir='ltr'>olim</span> <span class='ocrx_word' id='word_1_104' title='bbox 1167 1560 1392 1616; x_wconf 88' lang='lat' dir='ltr'>acerbis</span> <span class='ocrx_word' id='word_1_105' title='bbox 1441 1567 1672 1616; x_wconf 89' lang='lat' dir='ltr'>nosmet</span> <span class='ocrx_word' id='word_1_106' title='bbox 1719 1561 1996 1632; x_wconf 88' lang='lat' dir='ltr'>liberans,</span> <span class='ocrx_word' id='word_1_107' title='bbox 2030 1562 2138 1618; x_wconf 92' lang='lat' dir='ltr'>hoc</span> 
     </span>
    </p>
   </div>
   <div class='ocr_carea' id='block_1_17' title="bbox 494 1649 2134 1724">
    <p class='ocr_par' dir='ltr' id='par_1_17' title="bbox 494 1649 2134 1724">
     <span class='ocr_line' id='line_1_17' title="bbox 494 1649 2134 1724; baseline 0 -18"><span class='ocrx_word' id='word_1_108' title='bbox 494 1654 583 1706; x_wconf 89' lang='lat' dir='ltr'>est</span> <span class='ocrx_word' id='word_1_109' title='bbox 614 1666 647 1705; x_wconf 88' lang='lat' dir='ltr'>a</span> <span class='ocrx_word' id='word_1_110' title='bbox 687 1649 962 1722; x_wconf 85' lang='lat' dir='ltr'>peccat-is,</span> <span class='ocrx_word' id='word_1_111' title='bbox 1011 1665 1256 1720; x_wconf 91' lang='lat' dir='ltr'>quorum</span> <span class='ocrx_word' id='word_1_112' title='bbox 1313 1665 1486 1705; x_wconf 86' lang='lat' dir='ltr'>causa</span> <span class='ocrx_word' id='word_1_113' title='bbox 1541 1650 1832 1722; x_wconf 83' lang='lat' dir='ltr'>spiritalia</span> <span class='ocrx_word' id='word_1_114' title='bbox 1863 1650 2134 1724; x_wconf 67' lang='lat' dir='ltr'>nequitiae</span> 
     </span>
    </p>
   </div>
   <div class='ocr_carea' id='block_1_18' title="bbox 495 1738 2132 1812">
    <p class='ocr_par' dir='ltr' id='par_1_18' title="bbox 495 1738 2132 1812">
     <span class='ocr_line' id='line_1_18' title="bbox 495 1738 2132 1812; baseline 0.002 -19"><span class='ocrx_word' id='word_1_115' title='bbox 495 1738 663 1794; x_wconf 91' lang='lat' dir='ltr'>nobis</span> <span class='ocrx_word' id='word_1_116' title='bbox 704 1740 939 1793; x_wconf 82' lang='lat' dir='ltr'>fuerunt</span> <span class='ocrx_word' id='word_1_117' title='bbox 978 1738 1221 1792; x_wconf 88' lang='lat' dir='ltr'>domini.</span> <span class='ocrx_word' id='word_1_118' title='bbox 1261 1739 1420 1792; x_wconf 89' lang='lat' dir='ltr'>Ducit</span> <span class='ocrx_word' id='word_1_119' title='bbox 1467 1739 1667 1812; x_wconf 86' lang='lat' dir='ltr'>itaque</span> <span class='ocrx_word' id='word_1_120' title='bbox 1697 1741 1768 1794; x_wconf 88' lang='lat' dir='ltr'>ad</span> <span class='ocrx_word' id='word_1_121' title='bbox 1802 1740 2132 1796; x_wconf 87' lang='lat' dir='ltr'>libertatem</span> 
     </span>
    </p>
   </div>
   <div class='ocr_carea' id='block_1_19' title="bbox 492 1825 2127 1898">
    <p class='ocr_par' dir='ltr' id='par_1_19' title="bbox 492 1825 2127 1898">
     <span class='ocr_line' id='line_1_19' title="bbox 492 1825 2127 1898; baseline 0.002 -18"><span class='ocrx_word' id='word_1_122' title='bbox 492 1825 653 1882; x_wconf 83' lang='lat' dir='ltr'>illam</span> <span class='ocrx_word' id='word_1_123' title='bbox 688 1843 814 1898; x_wconf 81' lang='lat' dir='ltr'>quae</span> <span class='ocrx_word' id='word_1_124' title='bbox 848 1831 935 1881; x_wconf 90' lang='lat' dir='ltr'>est</span> <span class='ocrx_word' id='word_1_125' title='bbox 964 1825 1172 1893; x_wconf 86' lang='lat' dir='ltr'>Patris,</span> <span class='ocrx_word' id='word_1_126' title='bbox 1218 1827 1549 1883; x_wconf 75' lang='lat' dir='ltr'>colizeredes</span> <span class='ocrx_word' id='word_1_127' title='bbox 1594 1828 1740 1883; x_wconf 84' lang='lat' dir='ltr'>ﬁlios</span> <span class='ocrx_word' id='word_1_128' title='bbox 1783 1833 1841 1884; x_wconf 90' lang='lat' dir='ltr'>et</span> <span class='ocrx_word' id='word_1_129' title='bbox 1891 1829 2127 1884; x_wconf 86' lang='lat' dir='ltr'>amicos.</span> 
     </span>
    </p>
   </div>
   <div class='ocr_carea' id='block_1_20' title="bbox 490 1915 2130 1987">
    <p class='ocr_par' dir='ltr' id='par_1_20' title="bbox 490 1915 2130 1987">
     <span class='ocr_line' id='line_1_20' title="bbox 490 1915 2130 1987; baseline 0.002 -16"><span class='ocrx_word' id='word_1_130' title='bbox 490 1917 711 1972; x_wconf 85' lang='lat' dir='ltr'>Fratres</span> <span class='ocrx_word' id='word_1_131' title='bbox 739 1916 894 1971; x_wconf 87' lang='lat' dir='ltr'>enim</span> <span class='ocrx_word' id='word_1_132' title='bbox 923 1918 1051 1985; x_wconf 82' lang='lat' dir='ltr'>mei,</span> <span class='ocrx_word' id='word_1_133' title='bbox 1086 1916 1168 1970; x_wconf 85' lang='lat' dir='ltr'>ait</span> <span class='ocrx_word' id='word_1_134' title='bbox 1199 1915 1506 1984; x_wconf 89' lang='lat' dir='ltr'>Dominus,</span> <span class='ocrx_word' id='word_1_135' title='bbox 1558 1925 1611 1973; x_wconf 85' lang='lat' dir='ltr'>et</span> <span class='ocrx_word' id='word_1_136' title='bbox 1649 1919 1954 1975; x_wconf 74' lang='lat' dir='ltr'>coheeredes</span> <span class='ocrx_word' id='word_1_137' title='bbox 1983 1927 2130 1987; x_wconf 84' lang='lat' dir='ltr'>sunt,</span> 
     </span>
    </p>
   </div>
   <div class='ocr_carea' id='block_1_21' title="bbox 491 2003 2135 2079">
    <p class='ocr_par' dir='ltr' id='par_1_21' title="bbox 491 2003 2135 2079">
     <span class='ocr_line' id='line_1_21' title="bbox 491 2003 2135 2079; baseline 0.002 -19"><span class='ocrx_word' id='word_1_138' title='bbox 491 2006 587 2075; x_wconf 86' lang='lat' dir='ltr'>qui</span> <span class='ocrx_word' id='word_1_139' title='bbox 611 2007 829 2076; x_wconf 79' lang='lat' dir='ltr'>faciunt</span> <span class='ocrx_word' id='word_1_140' title='bbox 853 2005 1191 2060; x_wconf 74' lang='lat' dir='ltr'>voluntatem</span> <span class='ocrx_word' id='word_1_141' title='bbox 1222 2003 1407 2060; x_wconf 78' lang='lat' dir='ltr'>Patris</span> <span class='ocrx_word' id='word_1_142' title='bbox 1437 2007 1551 2060; x_wconf 80' lang='lat' dir='ltr'>mei</span> <span class='ocrx_word' id='word_1_143' title='bbox 1598 2005 1692 2078; x_wconf 87' lang='lat' dir='ltr'>(b).</span> <span class='ocrx_word' id='word_1_144' title='bbox 1721 2006 1910 2062; x_wconf 90' lang='lat' dir='ltr'>Nolite</span> <span class='ocrx_word' id='word_1_145' title='bbox 1955 2006 2135 2079; x_wconf 83' lang='lat' dir='ltr'>igitur</span> 
     </span>
    </p>
   </div>
   <div class='ocr_carea' id='block_1_22' title="bbox 486 2093 2132 2165">
    <p class='ocr_par' dir='ltr' id='par_1_22' title="bbox 486 2093 2132 2165">
     <span class='ocr_line' id='line_1_22' title="bbox 486 2093 2132 2165; baseline 0.002 -17"><span class='ocrx_word' id='word_1_146' title='bbox 486 2110 690 2148; x_wconf 85' lang='lat' dir='ltr'>vocare</span> <span class='ocrx_word' id='word_1_147' title='bbox 723 2093 887 2149; x_wconf 86' lang='lat' dir='ltr'>vobis</span> <span class='ocrx_word' id='word_1_148' title='bbox 920 2098 1140 2165; x_wconf 84' lang='lat' dir='ltr'>patrem</span> <span class='ocrx_word' id='word_1_149' title='bbox 1175 2109 1353 2164; x_wconf 87' lang='lat' dir='ltr'>super</span> <span class='ocrx_word' id='word_1_150' title='bbox 1382 2097 1619 2150; x_wconf 85' lang='lat' dir='ltr'>terram.</span> <span class='ocrx_word' id='word_1_151' title='bbox 1672 2095 1814 2150; x_wconf 87' lang='lat' dir='ltr'>Sunt</span> <span class='ocrx_word' id='word_1_152' title='bbox 1844 2096 2001 2150; x_wconf 88' lang='lat' dir='ltr'>enim</span> <span class='ocrx_word' id='word_1_153' title='bbox 2036 2113 2132 2152; x_wconf 85' lang='lat' dir='ltr'>su-</span> 
     </span>
    </p>
   </div>
   <div class='ocr_carea' id='block_1_23' title="bbox 485 2181 2128 2255">
    <p class='ocr_par' dir='ltr' id='par_1_23' title="bbox 485 2181 2128 2255">
     <span class='ocr_line' id='line_1_23' title="bbox 485 2181 2128 2255; baseline 0.002 -18"><span class='ocrx_word' id='word_1_154' title='bbox 485 2199 591 2255; x_wconf 90' lang='lat' dir='ltr'>per</span> <span class='ocrx_word' id='word_1_155' title='bbox 620 2187 836 2238; x_wconf 86' lang='lat' dir='ltr'>terram</span> <span class='ocrx_word' id='word_1_156' title='bbox 868 2187 925 2237; x_wconf 90' lang='lat' dir='ltr'>et</span> <span class='ocrx_word' id='word_1_157' title='bbox 957 2182 1116 2251; x_wconf 88' lang='lat' dir='ltr'>heri;</span> <span class='ocrx_word' id='word_1_158' title='bbox 1150 2181 1207 2237; x_wconf 90' lang='lat' dir='ltr'>in</span> <span class='ocrx_word' id='word_1_159' title='bbox 1236 2181 1395 2238; x_wconf 80' lang='lat' dir='ltr'>ccelis</span> <span class='ocrx_word' id='word_1_160' title='bbox 1427 2188 1623 2238; x_wconf 88' lang='lat' dir='ltr'>autem</span> <span class='ocrx_word' id='word_1_161' title='bbox 1673 2188 1842 2240; x_wconf 91' lang='lat' dir='ltr'>Pater</span> <span class='ocrx_word' id='word_1_162' title='bbox 1891 2191 2000 2253; x_wconf 90' lang='lat' dir='ltr'>est,</span> <span class='ocrx_word' id='word_1_163' title='bbox 2059 2203 2128 2241; x_wconf 81' lang='lat' dir='ltr'>ex</span> 
     </span>
    </p>
   </div>
   <div class='ocr_carea' id='block_1_24' title="bbox 488 2271 2129 2348">
    <p class='ocr_par' dir='ltr' id='par_1_24' title="bbox 488 2271 2129 2348">
     <span class='ocr_line' id='line_1_24' title="bbox 488 2271 2129 2348; baseline 0.003 -22"><span class='ocrx_word' id='word_1_164' title='bbox 488 2288 603 2343; x_wconf 92' lang='lat' dir='ltr'>quo</span> <span class='ocrx_word' id='word_1_165' title='bbox 633 2271 901 2344; x_wconf 83' lang='lat' dir='ltr'>cognatio</span> <span class='ocrx_word' id='word_1_166' title='bbox 932 2272 1124 2327; x_wconf 90' lang='lat' dir='ltr'>omnis</span> <span class='ocrx_word' id='word_1_167' title='bbox 1154 2288 1287 2326; x_wconf 93' lang='lat' dir='ltr'>cum</span> <span class='ocrx_word' id='word_1_168' title='bbox 1322 2271 1379 2326; x_wconf 91' lang='lat' dir='ltr'>in</span> <span class='ocrx_word' id='word_1_169' title='bbox 1411 2271 1571 2328; x_wconf 80' lang='lat' dir='ltr'>caelis</span> <span class='ocrx_word' id='word_1_170' title='bbox 1598 2277 1724 2328; x_wconf 90' lang='lat' dir='ltr'>tum</span> <span class='ocrx_word' id='word_1_171' title='bbox 1757 2274 1816 2329; x_wconf 91' lang='lat' dir='ltr'>in</span> <span class='ocrx_word' id='word_1_172' title='bbox 1851 2278 2006 2331; x_wconf 87' lang='lat' dir='ltr'>terra</span> <span class='ocrx_word' id='word_1_173' title='bbox 2036 2277 2129 2348; x_wconf 80' lang='grc' dir='ltr'>(ε).</span> 
     </span>
    </p>
   </div>
   <div class='ocr_carea' id='block_1_25' title="bbox 485 2359 2128 2433">
    <p class='ocr_par' dir='ltr' id='par_1_25' title="bbox 485 2359 2128 2433">
     <span class='ocr_line' id='line_1_25' title="bbox 485 2359 2128 2433; baseline 0.002 -17"><span class='ocrx_word' id='word_1_174' title='bbox 485 2361 839 2432; x_wconf 87' lang='lat' dir='ltr'>Spontaneis</span> <span class='ocrx_word' id='word_1_175' title='bbox 872 2360 1025 2416; x_wconf 89' lang='lat' dir='ltr'>enim</span> <span class='ocrx_word' id='word_1_176' title='bbox 1059 2376 1125 2414; x_wconf 91' lang='lat' dir='ltr'>ac</span> <span class='ocrx_word' id='word_1_177' title='bbox 1153 2359 1485 2416; x_wconf 88' lang='lat' dir='ltr'>volentibus</span> <span class='ocrx_word' id='word_1_178' title='bbox 1526 2361 1774 2433; x_wconf 87' lang='lat' dir='ltr'>imperat</span> <span class='ocrx_word' id='word_1_179' title='bbox 1821 2363 2080 2419; x_wconf 90' lang='lat' dir='ltr'>charitas</span> <span class='ocrx_word' id='word_1_180' title='bbox 2115 2381 2128 2420; x_wconf 89' lang='lat'><strong>:</strong></span> 
     </span>
    </p>
   </div>
   <div class='ocr_carea' id='block_1_26' title="bbox 490 2449 2128 2522">
    <p class='ocr_par' dir='ltr' id='par_1_26' title="bbox 490 2449 2128 2522">
     <span class='ocr_line' id='line_1_26' title="bbox 490 2449 2128 2522; baseline 0.003 -18"><span class='ocrx_word' id='word_1_181' title='bbox 490 2454 582 2506; x_wconf 87' lang='lat' dir='ltr'>ast</span> <span class='ocrx_word' id='word_1_182' title='bbox 610 2449 726 2505; x_wconf 87' lang='lat' dir='ltr'>illis</span> <span class='ocrx_word' id='word_1_183' title='bbox 760 2449 858 2522; x_wconf 90' lang='lat' dir='ltr'>qui</span> <span class='ocrx_word' id='word_1_184' title='bbox 892 2455 1128 2520; x_wconf 84' lang='lat' dir='ltr'>pareant</span> <span class='ocrx_word' id='word_1_185' title='bbox 1162 2449 1346 2519; x_wconf 89' lang='lat' dir='ltr'>inviti,</span> <span class='ocrx_word' id='word_1_186' title='bbox 1380 2450 1558 2506; x_wconf 85' lang='lat' dir='ltr'>timor</span> <span class='ocrx_word' id='word_1_187' title='bbox 1604 2451 1767 2507; x_wconf 83' lang='lat' dir='ltr'>hicce</span> <span class='ocrx_word' id='word_1_188' title='bbox 1801 2452 1993 2508; x_wconf 89' lang='lat' dir='ltr'>malus</span> <span class='ocrx_word' id='word_1_189' title='bbox 2023 2454 2128 2510; x_wconf 87' lang='lat' dir='ltr'>do-</span> 
     </span>
    </p>
   </div>
   <div class='ocr_carea' id='block_1_27' title="bbox 489 2538 2134 2615">
    <p class='ocr_par' dir='ltr' id='par_1_27' title="bbox 489 2538 2134 2615">
     <span class='ocr_line' id='line_1_27' title="bbox 489 2538 2134 2615; baseline 0.001 -20"><span class='ocrx_word' id='word_1_190' title='bbox 489 2539 751 2595; x_wconf 88' lang='lat' dir='ltr'>minatur</span> <span class='ocrx_word' id='word_1_191' title='bbox 783 2557 796 2594; x_wconf 89' lang='lat'><strong>:</strong></span> <span class='ocrx_word' id='word_1_192' title='bbox 831 2538 928 2611; x_wconf 89' lang='lat' dir='ltr'>qui</span> <span class='ocrx_word' id='word_1_193' title='bbox 955 2554 1089 2594; x_wconf 82' lang='lat' dir='ltr'>vero</span> <span class='ocrx_word' id='word_1_194' title='bbox 1121 2538 1193 2594; x_wconf 87' lang='lat' dir='ltr'>ad</span> <span class='ocrx_word' id='word_1_195' title='bbox 1226 2539 1444 2594; x_wconf 87' lang='lat' dir='ltr'>bonum</span> <span class='ocrx_word' id='word_1_196' title='bbox 1476 2540 1790 2596; x_wconf 87' lang='lat' dir='ltr'>eruditoris</span> <span class='ocrx_word' id='word_1_197' title='bbox 1821 2541 1976 2597; x_wconf 88' lang='lat' dir='ltr'>vices</span> <span class='ocrx_word' id='word_1_198' title='bbox 1999 2559 2134 2615; x_wconf 90' lang='lat' dir='ltr'>sup-</span> 
     </span>
    </p>
   </div>
   <div class='ocr_carea' id='block_1_28' title="bbox 488 2626 2130 2701">
    <p class='ocr_par' dir='ltr' id='par_1_28' title="bbox 488 2626 2130 2701">
     <span class='ocr_line' id='line_1_28' title="bbox 488 2626 2130 2701; baseline 0.002 -19"><span class='ocrx_word' id='word_1_199' title='bbox 488 2627 631 2701; x_wconf 85' lang='lat' dir='ltr'>plet,</span> <span class='ocrx_word' id='word_1_200' title='bbox 659 2628 729 2684; x_wconf 90' lang='lat' dir='ltr'>ad</span> <span class='ocrx_word' id='word_1_201' title='bbox 762 2627 1059 2684; x_wconf 86' lang='lat' dir='ltr'>Christum</span> <span class='ocrx_word' id='word_1_202' title='bbox 1091 2626 1273 2694; x_wconf 89' lang='lat' dir='ltr'>ducit,</span> <span class='ocrx_word' id='word_1_203' title='bbox 1308 2628 1678 2701; x_wconf 83' lang='lat' dir='ltr'>maximeque</span> <span class='ocrx_word' id='word_1_204' title='bbox 1711 2629 1990 2688; x_wconf 88' lang='lat' dir='ltr'>salutaris</span> <span class='ocrx_word' id='word_1_205' title='bbox 2021 2635 2130 2688; x_wconf 89' lang='lat' dir='ltr'>est.</span> 
     </span>
    </p>
   </div>
   <div class='ocr_carea' id='block_1_29' title="bbox 557 2717 2132 2792">
    <p class='ocr_par' dir='ltr' id='par_1_29' title="bbox 557 2717 2132 2792">
     <span class='ocr_line' id='line_1_29' title="bbox 557 2717 2132 2792; baseline 0.002 -19"><span class='ocrx_word' id='word_1_206' title='bbox 557 2717 698 2773; x_wconf 84' lang='lat' dir='ltr'>XXI.</span> <span class='ocrx_word' id='word_1_207' title='bbox 731 2718 788 2771; x_wconf 87' lang='lat' dir='ltr'>Si</span> <span class='ocrx_word' id='word_1_208' title='bbox 820 2735 951 2773; x_wconf 88' lang='lat' dir='ltr'>vero</span> <span class='ocrx_word' id='word_1_209' title='bbox 991 2717 1124 2788; x_wconf 90' lang='lat' dir='ltr'>quis</span> <span class='ocrx_word' id='word_1_210' title='bbox 1178 2722 1357 2771; x_wconf 90' lang='lat' dir='ltr'>Deum</span> <span class='ocrx_word' id='word_1_211' title='bbox 1403 2717 1701 2790; x_wconf 82' lang='lat' dir='ltr'>intelligit,</span> <span class='ocrx_word' id='word_1_212' title='bbox 1757 2735 2132 2792; x_wconf 80' lang='lat' dir='ltr'>nequaquam</span> 
     </span>
    </p>
   </div>
   <div class='ocr_carea' id='block_1_30' title="bbox 485 2805 2133 2878">
    <p class='ocr_par' dir='ltr' id='par_1_30' title="bbox 485 2805 2133 2878">
     <span class='ocr_line' id='line_1_30' title="bbox 485 2805 2133 2878; baseline 0.001 -15"><span class='ocrx_word' id='word_1_213' title='bbox 485 2823 627 2864; x_wconf 88' lang='lat' dir='ltr'>sane</span> <span class='ocrx_word' id='word_1_214' title='bbox 657 2823 760 2878; x_wconf 89' lang='lat' dir='ltr'>pro</span> <span class='ocrx_word' id='word_1_215' title='bbox 792 2805 1076 2877; x_wconf 87' lang='lat' dir='ltr'>dignitate</span> <span class='ocrx_word' id='word_1_216' title='bbox 1107 2821 1213 2862; x_wconf 91' lang='lat' dir='ltr'>sua</span> <span class='ocrx_word' id='word_1_217' title='bbox 1243 2809 1350 2860; x_wconf 90' lang='lat' dir='ltr'>est.</span> <span class='ocrx_word' id='word_1_218' title='bbox 1403 2806 1538 2870; x_wconf 70' lang='lat' dir='ltr'>Qum</span> <span class='ocrx_word' id='word_1_219' title='bbox 1587 2807 1742 2862; x_wconf 90' lang='lat' dir='ltr'>enim</span> <span class='ocrx_word' id='word_1_220' title='bbox 1798 2813 1886 2864; x_wconf 91' lang='lat' dir='ltr'>est</span> <span class='ocrx_word' id='word_1_221' title='bbox 1915 2808 2015 2864; x_wconf 89' lang='lat' dir='ltr'>Dei</span> <span class='ocrx_word' id='word_1_222' title='bbox 2047 2810 2133 2864; x_wconf 91' lang='lat' dir='ltr'>di-</span> 
     </span>
    </p>
   </div>
   <div class='ocr_carea' id='block_1_31' title="bbox 489 2892 2132 2968">
    <p class='ocr_par' dir='ltr' id='par_1_31' title="bbox 489 2892 2132 2968">
     <span class='ocr_line' id='line_1_31' title="bbox 489 2892 2132 2968; baseline 0.002 -18"><span class='ocrx_word' id='word_1_223' title='bbox 489 2893 731 2968; x_wconf 86' lang='lat' dir='ltr'>gnitas?</span> <span class='ocrx_word' id='word_1_224' title='bbox 789 2899 890 2950; x_wconf 89' lang='lat' dir='ltr'>aut</span> <span class='ocrx_word' id='word_1_225' title='bbox 946 2909 1215 2966; x_wconf 64' lang='lat' dir='ltr'>quaenam</span> <span class='ocrx_word' id='word_1_226' title='bbox 1265 2892 1352 2948; x_wconf 92' lang='lat' dir='ltr'>illi</span> <span class='ocrx_word' id='word_1_227' title='bbox 1431 2896 1768 2966; x_wconf 70' lang='lat' dir='ltr'>praestantia</span> <span class='ocrx_word' id='word_1_228' title='bbox 1819 2899 1979 2968; x_wconf 79' lang='lat' dir='ltr'>per?</span> <span class='ocrx_word' id='word_1_229' title='bbox 2032 2897 2132 2953; x_wconf 90' lang='lat' dir='ltr'>sed</span> 
     </span>
    </p>
   </div>
   <div class='ocr_carea' id='block_1_32' title="bbox 487 2980 2134 3057">
    <p class='ocr_par' dir='ltr' id='par_1_32' title="bbox 487 2980 2134 3057">
     <span class='ocr_line' id='line_1_32' title="bbox 487 2980 2134 3057; baseline 0.001 -17"><span class='ocrx_word' id='word_1_230' title='bbox 487 2988 709 3057; x_wconf 87' lang='lat' dir='ltr'>quanta</span> <span class='ocrx_word' id='word_1_231' title='bbox 735 2998 1013 3039; x_wconf 89' lang='lat' dir='ltr'>concessa</span> <span class='ocrx_word' id='word_1_232' title='bbox 1043 2986 1134 3038; x_wconf 87' lang='lat' dir='ltr'>est</span> <span class='ocrx_word' id='word_1_233' title='bbox 1164 2980 1248 3037; x_wconf 92' lang='lat' dir='ltr'>illi</span> <span class='ocrx_word' id='word_1_234' title='bbox 1294 2982 1567 3050; x_wconf 86' lang='lat' dir='ltr'>facultas,</span> <span class='ocrx_word' id='word_1_235' title='bbox 1617 2983 1908 3057; x_wconf 90' lang='lat' dir='ltr'>intelligat</span> <span class='ocrx_word' id='word_1_236' title='bbox 1934 2987 2134 3042; x_wconf 89' lang='lat' dir='ltr'>lumen</span> 
     </span>
    </p>
   </div>
   <div class='ocr_carea' id='block_1_33' title="bbox 488 3073 2134 3147">
    <p class='ocr_par' dir='ltr' id='par_1_33' title="bbox 488 3073 2134 3147">
     <span class='ocr_line' id='line_1_33' title="bbox 488 3073 2134 3147; baseline 0.001 -17"><span class='ocrx_word' id='word_1_237' title='bbox 488 3090 792 3147; x_wconf 88' lang='lat' dir='ltr'>magnum,</span> <span class='ocrx_word' id='word_1_238' title='bbox 827 3077 1182 3145; x_wconf 86' lang='lat' dir='ltr'>captumque</span> <span class='ocrx_word' id='word_1_239' title='bbox 1213 3088 1521 3143; x_wconf 83' lang='lat' dir='ltr'>superans,</span> <span class='ocrx_word' id='word_1_240' title='bbox 1554 3077 1612 3128; x_wconf 90' lang='lat' dir='ltr'>et</span> <span class='ocrx_word' id='word_1_241' title='bbox 1645 3073 2134 3145; x_wconf 87' lang='lat' dir='ltr'>pulcherrimum,</span> 
     </span>
    </p>
   </div>
   <div class='ocr_carea' id='block_1_34' title="bbox 487 3159 2129 3234">
    <p class='ocr_par' dir='ltr' id='par_1_34' title="bbox 487 3159 2129 3234">
     <span class='ocr_line' id='line_1_34' title="bbox 487 3159 2129 3234; baseline 0.001 -15"><span class='ocrx_word' id='word_1_242' title='bbox 487 3165 1010 3234; x_wconf 87' lang='lat' dir='ltr'>inaccessumque:</span> <span class='ocrx_word' id='word_1_243' title='bbox 1043 3159 1265 3230; x_wconf 88' lang='lat' dir='ltr'>lumen,</span> <span class='ocrx_word' id='word_1_244' title='bbox 1316 3161 1583 3232; x_wconf 87' lang='lat' dir='ltr'>inquam,</span> <span class='ocrx_word' id='word_1_245' title='bbox 1634 3162 1947 3233; x_wconf 88' lang='lat' dir='ltr'>ejusmodi,</span> <span class='ocrx_word' id='word_1_246' title='bbox 1975 3165 2129 3234; x_wconf 94' lang='lat' dir='ltr'>quod</span> 
     </span>
    </p>
   </div>
   <div class='ocr_carea' id='block_1_35' title="bbox 487 3248 2131 3323">
    <p class='ocr_par' dir='ltr' id='par_1_35' title="bbox 487 3248 2131 3323">
     <span class='ocr_line' id='line_1_35' title="bbox 487 3248 2131 3323; baseline -0.001 -13"><span class='ocrx_word' id='word_1_247' title='bbox 487 3269 720 3310; x_wconf 90' lang='lat' dir='ltr'>omnem</span> <span class='ocrx_word' id='word_1_248' title='bbox 747 3251 1070 3323; x_wconf 86' lang='lat' dir='ltr'>potentiam</span> <span class='ocrx_word' id='word_1_249' title='bbox 1105 3249 1340 3320; x_wconf 86' lang='lat' dir='ltr'>bonam,</span> <span class='ocrx_word' id='word_1_250' title='bbox 1373 3250 1527 3322; x_wconf 92' lang='lat' dir='ltr'>quod</span> <span class='ocrx_word' id='word_1_251' title='bbox 1576 3248 1852 3306; x_wconf 87' lang='lat' dir='ltr'>virtutem</span> <span class='ocrx_word' id='word_1_252' title='bbox 1896 3267 2131 3309; x_wconf 89' lang='lat' dir='ltr'>omnem</span> 
     </span>
    </p>
   </div>
   <div class='ocr_carea' id='block_1_36' title="bbox 486 3337 2129 3414">
    <p class='ocr_par' dir='ltr' id='par_1_36' title="bbox 486 3337 2129 3414">
     <span class='ocr_line' id='line_1_36' title="bbox 486 3337 2129 3414; baseline -0.001 -16"><span class='ocrx_word' id='word_1_253' title='bbox 486 3343 811 3414; x_wconf 86' lang='lat' dir='ltr'>elegantem</span> <span class='ocrx_word' id='word_1_254' title='bbox 843 3339 1117 3395; x_wconf 88' lang='lat' dir='ltr'>sortitum</span> <span class='ocrx_word' id='word_1_255' title='bbox 1151 3337 1262 3405; x_wconf 88' lang='lat' dir='ltr'>sit;</span> <span class='ocrx_word' id='word_1_256' title='bbox 1296 3339 1451 3409; x_wconf 90' lang='lat' dir='ltr'>quod</span> <span class='ocrx_word' id='word_1_257' title='bbox 1474 3337 1557 3392; x_wconf 90' lang='lat' dir='ltr'>illi</span> <span class='ocrx_word' id='word_1_258' title='bbox 1585 3355 1735 3394; x_wconf 77' lang='lat' dir='ltr'>curse</span> <span class='ocrx_word' id='word_1_259' title='bbox 1768 3339 1887 3396; x_wconf 91' lang='lat' dir='ltr'>sint</span> <span class='ocrx_word' id='word_1_260' title='bbox 1915 3342 2129 3410; x_wconf 89' lang='lat' dir='ltr'>omnia,</span> 
     </span>
    </p>
   </div>
   <div class='ocr_carea' id='block_1_37' title="bbox 2263 575 3837 656">
    <p class='ocr_par' dir='ltr' id='par_1_37' title="bbox 2263 575 3837 656">
     <span class='ocr_line' id='line_1_37' title="bbox 2263 575 3837 656; baseline 0.003 -24"><span class='ocrx_word' id='word_1_261' title='bbox 2263 579 2567 653; x_wconf 76' lang='grc' dir='ltr'>ἅνθρωπος,</span> <span class='ocrx_word' id='word_1_262' title='bbox 2602 575 2745 633; x_wconf 76' lang='grc' dir='ltr'>οἶδεν</span> <span class='ocrx_word' id='word_1_263' title='bbox 2802 577 2996 650; x_wconf 78' lang='grc' dir='ltr'>εἰπεῖν,</span> <span class='ocrx_word' id='word_1_264' title='bbox 3048 577 3236 653; x_wconf 79' lang='grc' dir='ltr'>Κύριε,</span> <span class='ocrx_word' id='word_1_265' title='bbox 3290 578 3464 655; x_wconf 70' lang='grc' dir='ltr'>Κύριε*</span> <span class='ocrx_word' id='word_1_266' title='bbox 3532 578 3646 636; x_wconf 83' lang='grc' dir='ltr'>ἀλλ’</span> <span class='ocrx_word' id='word_1_267' title='bbox 3672 581 3762 656; x_wconf 81' lang='grc' dir='ltr'>οὐχ</span> <span class='ocrx_word' id='word_1_268' title='bbox 3780 583 3837 645; x_wconf 83' lang='grc' dir='ltr'>ὡς</span> 
     </span>
    </p>
   </div>
   <div class='ocr_carea' id='block_1_38' title="bbox 2258 664 3836 745">
    <p class='ocr_par' dir='ltr' id='par_1_38' title="bbox 2258 664 3836 745">
     <span class='ocr_line' id='line_1_38' title="bbox 2258 664 3836 745; baseline 0.004 -25"><span class='ocrx_word' id='word_1_269' title='bbox 2258 667 2286 720; x_wconf 84' lang='grc' dir='ltr'>ὁ</span> <span class='ocrx_word' id='word_1_270' title='bbox 2347 664 2570 737; x_wconf 79' lang='grc' dir='ltr'>δοῦλος,</span> <span class='ocrx_word' id='word_1_271' title='bbox 2628 664 2793 741; x_wconf 76' lang='grc' dir='ltr'>ἔμαθε</span> <span class='ocrx_word' id='word_1_272' title='bbox 2850 666 3050 743; x_wconf 73' lang='grc' dir='ltr'>λέγειν,</span> <span class='ocrx_word' id='word_1_273' title='bbox 3112 669 3284 744; x_wconf 82' lang='grc' dir='ltr'>Πάτερ</span> <span class='ocrx_word' id='word_1_274' title='bbox 3340 671 3513 741; x_wconf 73' lang='grc' dir='ltr'>ἡμῶν*</span> <span class='ocrx_word' id='word_1_275' title='bbox 3567 670 3624 725; x_wconf 88' lang='grc' dir='ltr'>τὸ</span> <span class='ocrx_word' id='word_1_276' title='bbox 3667 673 3836 745; x_wconf 76' lang='grc' dir='ltr'>πνεῦμα</span> 
     </span>
    </p>
   </div>
   <div class='ocr_carea' id='block_1_39' title="bbox 2255 753 3835 837">
    <p class='ocr_par' dir='ltr' id='par_1_39' title="bbox 2255 753 3835 837">
     <span class='ocr_line' id='line_1_39' title="bbox 2255 753 3835 837; baseline 0.003 -27"><span class='ocrx_word' id='word_1_277' title='bbox 2255 764 2357 826; x_wconf 81' lang='grc' dir='ltr'>τῆς</span> <span class='ocrx_word' id='word_1_278' title='bbox 2405 754 2659 820; x_wconf 75' lang='grc' dir='ltr'>δουλείας</span> <span class='ocrx_word' id='word_1_279' title='bbox 2703 757 2766 812; x_wconf 88' lang='grc' dir='ltr'>τὸ</span> <span class='ocrx_word' id='word_1_280' title='bbox 2796 756 2874 819; x_wconf 69' lang='grc' dir='ltr'>εἷς</span> <span class='ocrx_word' id='word_1_281' title='bbox 2905 753 3073 835; x_wconf 75' lang='grc' dir='ltr'>φόϐον</span> <span class='ocrx_word' id='word_1_282' title='bbox 3108 755 3488 831; x_wconf 71' lang='grc' dir='ltr'>ἐλευθερώσας,</span> <span class='ocrx_word' id='word_1_283' title='bbox 3540 761 3621 814; x_wconf 80' lang='grc' dir='ltr'>καὶ</span> <span class='ocrx_word' id='word_1_284' title='bbox 3650 757 3709 814; x_wconf 85' lang='grc' dir='ltr'>δι’</span> <span class='ocrx_word' id='word_1_285' title='bbox 3736 762 3835 837; x_wconf 74' lang='grc' dir='ltr'>ἀγά-</span> 
     </span>
    </p>
   </div>
   <div class='ocr_carea' id='block_1_40' title="bbox 2256 843 3836 924">
    <p class='ocr_par' dir='ltr' id='par_1_40' title="bbox 2256 843 3836 924">
     <span class='ocr_line' id='line_1_40' title="bbox 2256 843 3836 924; baseline 0.003 -24"><span class='ocrx_word' id='word_1_286' title='bbox 2256 867 2364 916; x_wconf 88' lang='grc' dir='ltr'>πης</span> <span class='ocrx_word' id='word_1_287' title='bbox 2393 847 2675 921; x_wconf 77' lang='grc' dir='ltr'>προκόψας</span> <span class='ocrx_word' id='word_1_288' title='bbox 2703 846 2779 909; x_wconf 83' lang='grc' dir='ltr'>είς</span> <span class='ocrx_word' id='word_1_289' title='bbox 2821 845 3115 920; x_wconf 75' lang='grc' dir='ltr'>υἱοθεσίαν,</span> <span class='ocrx_word' id='word_1_290' title='bbox 3166 843 3480 920; x_wconf 71' lang='grc' dir='ltr'>αἰδούμενος</span> <span class='ocrx_word' id='word_1_291' title='bbox 3520 846 3620 918; x_wconf 76' lang='grc' dir='ltr'>ἤδη</span> <span class='ocrx_word' id='word_1_292' title='bbox 3649 846 3706 903; x_wconf 87' lang='grc' dir='ltr'>δι’</span> <span class='ocrx_word' id='word_1_293' title='bbox 3733 850 3836 924; x_wconf 73' lang='grc' dir='ltr'><strong><em>ἆγάο</em></strong></span> 
     </span>
    </p>
   </div>
   <div class='ocr_carea' id='block_1_41' title="bbox 2255 931 3832 1014">
    <p class='ocr_par' dir='ltr' id='par_1_41' title="bbox 2255 931 3832 1014">
     <span class='ocr_line' id='line_1_41' title="bbox 2255 931 3832 1014; baseline 0.002 -24"><span class='ocrx_word' id='word_1_294' title='bbox 2255 956 2362 1004; x_wconf 81' lang='grc' dir='ltr'>πην</span> <span class='ocrx_word' id='word_1_295' title='bbox 2397 935 2453 989; x_wconf 79' lang='grc' dir='ltr'>ὃν</span> <span class='ocrx_word' id='word_1_296' title='bbox 2487 931 2734 1013; x_wconf 77' lang='grc' dir='ltr'>ἐφοϐεῖτο</span> <span class='ocrx_word' id='word_1_297' title='bbox 2763 935 3053 1012; x_wconf 84' lang='grc' dir='ltr'>πρότερον·</span> <span class='ocrx_word' id='word_1_298' title='bbox 3090 937 3154 991; x_wconf 80' lang='grc' dir='ltr'>οὗ</span> <span class='ocrx_word' id='word_1_299' title='bbox 3196 935 3296 1011; x_wconf 79' lang='grc' dir='ltr'>γὰρ</span> <span class='ocrx_word' id='word_1_300' title='bbox 3341 931 3414 991; x_wconf 83' lang='grc' dir='ltr'>ἔτι</span> <span class='ocrx_word' id='word_1_301' title='bbox 3450 933 3533 992; x_wconf 75' lang='grc' dir='ltr'>διὰ</span> <span class='ocrx_word' id='word_1_302' title='bbox 3556 932 3701 1014; x_wconf 71' lang='grc' dir='ltr'>φόϐον</span> <span class='ocrx_word' id='word_1_303' title='bbox 3731 939 3832 994; x_wconf 76' lang='grc' dir='ltr'>ἀπὲ-</span> 
     </span>
    </p>
   </div>
   <div class='ocr_carea' id='block_1_42' title="bbox 2256 1022 3831 1101">
    <p class='ocr_par' dir='ltr' id='par_1_42' title="bbox 2256 1022 3831 1101">
     <span class='ocr_line' id='line_1_42' title="bbox 2256 1022 3831 1101; baseline 0.004 -25"><span class='ocrx_word' id='word_1_304' title='bbox 2256 1040 2413 1096; x_wconf 87' lang='grc' dir='ltr'>χεται</span> <span class='ocrx_word' id='word_1_305' title='bbox 2442 1028 2547 1078; x_wconf 80' lang='grc' dir='ltr'>τῶν</span> <span class='ocrx_word' id='word_1_306' title='bbox 2575 1023 2868 1101; x_wconf 79' lang='grc' dir='ltr'>ἀφεκτὲων,</span> <span class='ocrx_word' id='word_1_307' title='bbox 2917 1022 3064 1080; x_wconf 82' lang='grc' dir='ltr'>ἀλλᾶ</span> <span class='ocrx_word' id='word_1_308' title='bbox 3094 1022 3160 1080; x_wconf 81' lang='grc' dir='ltr'>δι’</span> <span class='ocrx_word' id='word_1_309' title='bbox 3194 1025 3406 1101; x_wconf 80' lang='grc' dir='ltr'>ἀγάπην</span> <span class='ocrx_word' id='word_1_310' title='bbox 3435 1024 3603 1101; x_wconf 79' lang='grc' dir='ltr'>ἔχεται</span> <span class='ocrx_word' id='word_1_311' title='bbox 3643 1033 3734 1082; x_wconf 83' lang='grc' dir='ltr'>τῶν</span> <span class='ocrx_word' id='word_1_312' title='bbox 3767 1028 3831 1083; x_wconf 79' lang='grc' dir='ltr'>ἐν-</span> 
     </span>
    </p>
   </div>
   <div class='ocr_carea' id='block_1_43' title="bbox 2251 1111 3830 1194">
    <p class='ocr_par' dir='ltr' id='par_1_43' title="bbox 2251 1111 3830 1194">
     <span class='ocr_line' id='line_1_43' title="bbox 2251 1111 3830 1194; baseline 0.005 -28"><span class='ocrx_word' id='word_1_313' title='bbox 2251 1111 2450 1170; x_wconf 79' lang='grc' dir='ltr'>τολῶν.</span> <span class='ocrx_word' id='word_1_314' title='bbox 2484 1113 2649 1182; x_wconf 78' lang='grc' dir='ltr'>Αὐτὸ,</span> <span class='ocrx_word' id='word_1_315' title='bbox 2675 1112 2824 1189; x_wconf 76' lang='grc' dir='ltr'>φησὶ,</span> <span class='ocrx_word' id='word_1_316' title='bbox 2851 1115 2912 1169; x_wconf 88' lang='grc' dir='ltr'>τὸ</span> <span class='ocrx_word' id='word_1_317' title='bbox 2931 1119 3150 1188; x_wconf 76' lang='grc' dir='ltr'>Πνεῦμα</span> <span class='ocrx_word' id='word_1_318' title='bbox 3177 1120 3452 1190; x_wconf 84' lang='grc' dir='ltr'>μαρτυρεῖ,</span> <span class='ocrx_word' id='word_1_319' title='bbox 3471 1115 3586 1171; x_wconf 81' lang='grc' dir='ltr'>ὅταν</span> <span class='ocrx_word' id='word_1_320' title='bbox 3604 1115 3830 1194; x_wconf 78' lang='grc' dir='ltr'>λέγωμεν·</span> 
     </span>
    </p>
   </div>
   <div class='ocr_carea' id='block_1_44' title="bbox 2251 1195 2715 1275">
    <p class='ocr_par' dir='ltr' id='par_1_44' title="bbox 2251 1195 2715 1275">
     <span class='ocr_line' id='line_1_44' title="bbox 2251 1195 2715 1275; baseline 0.006 -17"><span class='ocrx_word' id='word_1_321' title='bbox 2251 1195 2424 1258; x_wconf 74' lang='grc' dir='ltr'>Ἀϐϐἆ</span> <span class='ocrx_word' id='word_1_322' title='bbox 2449 1201 2477 1256; x_wconf 89' lang='lat'>6</span> <span class='ocrx_word' id='word_1_323' title='bbox 2507 1203 2715 1275; x_wconf 77' lang='grc' dir='ltr'>Πατήρ.</span> 
     </span>
    </p>
   </div>
   <div class='ocr_carea' id='block_1_45' title="bbox 2319 1467 3829 1548">
    <p class='ocr_par' dir='ltr' id='par_1_45' title="bbox 2319 1467 3829 1548">
     <span class='ocr_line' id='line_1_45' title="bbox 2319 1467 3829 1548; baseline 0.004 -25"><span class='ocrx_word' id='word_1_324' title='bbox 2319 1471 2394 1526; x_wconf 79' lang='lat' dir='ltr'>K&#39;.</span> <span class='ocrx_word' id='word_1_325' title='bbox 2448 1471 2730 1546; x_wconf 83' lang='grc' dir='ltr'>Ἀγοράζει</span> <span class='ocrx_word' id='word_1_326' title='bbox 2808 1467 2865 1525; x_wconf 78' lang='grc' dir='ltr'>δὲ</span> <span class='ocrx_word' id='word_1_327' title='bbox 2941 1472 3090 1544; x_wconf 80' lang='grc' dir='ltr'>ἡμᾶς</span> <span class='ocrx_word' id='word_1_328' title='bbox 3169 1470 3372 1547; x_wconf 81' lang='grc' dir='ltr'>Κύριος</span> <span class='ocrx_word' id='word_1_329' title='bbox 3439 1473 3598 1547; x_wconf 87' lang='grc' dir='ltr'>τιμίῳ</span> <span class='ocrx_word' id='word_1_330' title='bbox 3660 1472 3829 1548; x_wconf 63' lang='grc' dir='ltr'>αἵματι,</span> 
     </span>
    </p>
   </div>
   <div class='ocr_carea' id='block_1_46' title="bbox 2249 1557 3830 1641">
    <p class='ocr_par' dir='ltr' id='par_1_46' title="bbox 2249 1557 3830 1641">
     <span class='ocr_line' id='line_1_46' title="bbox 2249 1557 3830 1641; baseline 0.004 -27"><span class='ocrx_word' id='word_1_331' title='bbox 2249 1557 2523 1615; x_wconf 83' lang='grc' dir='ltr'>δεσποτῶν</span> <span class='ocrx_word' id='word_1_332' title='bbox 2581 1561 2752 1616; x_wconf 77' lang='grc' dir='ltr'>πάλαι</span> <span class='ocrx_word' id='word_1_333' title='bbox 2783 1567 2890 1617; x_wconf 81' lang='grc' dir='ltr'>τῶν</span> <span class='ocrx_word' id='word_1_334' title='bbox 2923 1567 3135 1637; x_wconf 80' lang='grc' dir='ltr'>πικρῶν</span> <span class='ocrx_word' id='word_1_335' title='bbox 3166 1561 3524 1620; x_wconf 82' lang='grc' dir='ltr'>ἀπαλλάσσων</span> <span class='ocrx_word' id='word_1_336' title='bbox 3580 1566 3830 1641; x_wconf 80' lang='grc' dir='ltr'>ἁμαρτιῶν,</span> 
     </span>
    </p>
   </div>
   <div class='ocr_carea' id='block_1_47' title="bbox 2247 1643 3831 1730">
    <p class='ocr_par' dir='ltr' id='par_1_47' title="bbox 2247 1643 3831 1730">
     <span class='ocr_line' id='line_1_47' title="bbox 2247 1643 3831 1730; baseline 0.006 -29"><span class='ocrx_word' id='word_1_337' title='bbox 2247 1643 2316 1701; x_wconf 87' lang='grc' dir='ltr'>δι’</span> <span class='ocrx_word' id='word_1_338' title='bbox 2347 1647 2408 1709; x_wconf 81' lang='grc' dir='ltr'>ἃς</span> <span class='ocrx_word' id='word_1_339' title='bbox 2436 1649 2504 1703; x_wconf 73' lang='grc' dir='ltr'>τὰ</span> <span class='ocrx_word' id='word_1_340' title='bbox 2533 1652 2872 1723; x_wconf 80' lang='grc' dir='ltr'>πνευματικᾶ</span> <span class='ocrx_word' id='word_1_341' title='bbox 2901 1656 3000 1720; x_wconf 84' lang='grc' dir='ltr'>τῆς</span> <span class='ocrx_word' id='word_1_342' title='bbox 3047 1651 3314 1727; x_wconf 82' lang='grc' dir='ltr'>πονηρίας</span> <span class='ocrx_word' id='word_1_343' title='bbox 3366 1651 3647 1730; x_wconf 78' lang='grc' dir='ltr'>ἐκυρίευσεν</span> <span class='ocrx_word' id='word_1_344' title='bbox 3685 1654 3831 1727; x_wconf 76' lang='grc' dir='ltr'>ἡμῶν.</span> 
     </span>
    </p>
   </div>
   <div class='ocr_carea' id='block_1_48' title="bbox 2243 1735 3831 1819">
    <p class='ocr_par' dir='ltr' id='par_1_48' title="bbox 2243 1735 3831 1819">
     <span class='ocr_line' id='line_1_48' title="bbox 2243 1735 3831 1819; baseline 0.002 -25"><span class='ocrx_word' id='word_1_345' title='bbox 2243 1740 2396 1810; x_wconf 82' lang='grc' dir='ltr'>υΑγει</span> <span class='ocrx_word' id='word_1_346' title='bbox 2433 1735 2522 1792; x_wconf 78' lang='grc' dir='ltr'>οὗν</span> <span class='ocrx_word' id='word_1_347' title='bbox 2557 1739 2634 1801; x_wconf 77' lang='grc' dir='ltr'>εἷς</span> <span class='ocrx_word' id='word_1_348' title='bbox 2683 1738 2986 1815; x_wconf 84' lang='grc' dir='ltr'>ἐλευθερίαν</span> <span class='ocrx_word' id='word_1_349' title='bbox 3019 1742 3117 1810; x_wconf 74' lang='grc' dir='ltr'>τὴν</span> <span class='ocrx_word' id='word_1_350' title='bbox 3175 1746 3274 1796; x_wconf 80' lang='grc' dir='ltr'>τοῦ</span> <span class='ocrx_word' id='word_1_351' title='bbox 3323 1743 3525 1818; x_wconf 86' lang='grc' dir='ltr'>Πατρὸς</span> <span class='ocrx_word' id='word_1_352' title='bbox 3572 1741 3831 1819; x_wconf 80' lang='grc' dir='ltr'>συγκληρο-</span> 
     </span>
    </p>
   </div>
   <div class='ocr_carea' id='block_1_49' title="bbox 2245 1824 3830 1910">
    <p class='ocr_par' dir='ltr' id='par_1_49' title="bbox 2245 1824 3830 1910">
     <span class='ocr_line' id='line_1_49' title="bbox 2245 1824 3830 1910; baseline 0.003 -31"><span class='ocrx_word' id='word_1_353' title='bbox 2245 1824 2447 1899; x_wconf 85' lang='grc' dir='ltr'>νόμους</span> <span class='ocrx_word' id='word_1_354' title='bbox 2507 1827 2660 1892; x_wconf 79' lang='grc' dir='ltr'>υἱοὺς</span> <span class='ocrx_word' id='word_1_355' title='bbox 2715 1831 2801 1884; x_wconf 84' lang='grc' dir='ltr'>καὶ</span> <span class='ocrx_word' id='word_1_356' title='bbox 2864 1829 3079 1907; x_wconf 82' lang='grc' dir='ltr'>φίλους.</span> <span class='ocrx_word' id='word_1_357' title='bbox 3115 1828 3369 1910; x_wconf 78' lang='grc' dir='ltr'>’Δδελιροί</span> <span class='ocrx_word' id='word_1_358' title='bbox 3403 1853 3503 1906; x_wconf 86' lang='grc' dir='ltr'>μου</span> <span class='ocrx_word' id='word_1_359' title='bbox 3532 1833 3645 1907; x_wconf 74' lang='grc' dir='ltr'>γὰρ,</span> <span class='ocrx_word' id='word_1_360' title='bbox 3681 1831 3830 1910; x_wconf 75' lang='grc' dir='ltr'>φησὶν,</span> 
     </span>
    </p>
   </div>
   <div class='ocr_carea' id='block_1_50' title="bbox 2247 1915 3834 1994">
    <p class='ocr_par' dir='ltr' id='par_1_50' title="bbox 2247 1915 3834 1994">
     <span class='ocr_line' id='line_1_50' title="bbox 2247 1915 3834 1994; baseline 0.003 -26"><span class='ocrx_word' id='word_1_361' title='bbox 2247 1915 2274 1968; x_wconf 97' lang='lat'>6</span> <span class='ocrx_word' id='word_1_362' title='bbox 2335 1915 2554 1991; x_wconf 82' lang='grc' dir='ltr'>Κύριος,</span> <span class='ocrx_word' id='word_1_363' title='bbox 2609 1917 2699 1972; x_wconf 90' lang='grc' dir='ltr'>καὶ</span> <span class='ocrx_word' id='word_1_364' title='bbox 2753 1917 3198 1994; x_wconf 86' lang='grc' dir='ltr'>συγκληρονόμοι</span> <span class='ocrx_word' id='word_1_365' title='bbox 3258 1921 3314 1974; x_wconf 80' lang='grc' dir='ltr'>οἱ</span> <span class='ocrx_word' id='word_1_366' title='bbox 3362 1924 3629 1984; x_wconf 77' lang='grc' dir='ltr'>ποιοῦντες</span> <span class='ocrx_word' id='word_1_367' title='bbox 3671 1920 3723 1975; x_wconf 82' lang='grc' dir='ltr'>τὸ</span> <span class='ocrx_word' id='word_1_368' title='bbox 3771 1918 3834 1984; x_wconf 73' lang='lat' dir='ltr'>0t-</span> 
     </span>
    </p>
   </div>
   <div class='ocr_carea' id='block_1_51' title="bbox 2244 2002 3832 2082">
    <p class='ocr_par' dir='ltr' id='par_1_51' title="bbox 2244 2002 3832 2082">
     <span class='ocr_line' id='line_1_51' title="bbox 2244 2002 3832 2082; baseline 0.003 -25"><span class='ocrx_word' id='word_1_369' title='bbox 2244 2002 2402 2077; x_wconf 87' lang='grc' dir='ltr'>λημα</span> <span class='ocrx_word' id='word_1_370' title='bbox 2451 2009 2548 2058; x_wconf 74' lang='grc' dir='ltr'>τοῦ</span> <span class='ocrx_word' id='word_1_371' title='bbox 2609 2007 2819 2082; x_wconf 87' lang='grc' dir='ltr'>Πατρός</span> <span class='ocrx_word' id='word_1_372' title='bbox 2881 2029 3006 2081; x_wconf 90' lang='grc' dir='ltr'>μου.</span> <span class='ocrx_word' id='word_1_373' title='bbox 3068 2009 3161 2078; x_wconf 80' lang='grc' dir='ltr'>Μὴ</span> <span class='ocrx_word' id='word_1_374' title='bbox 3222 2007 3488 2080; x_wconf 78' lang='grc' dir='ltr'>καλέσητε</span> <span class='ocrx_word' id='word_1_375' title='bbox 3537 2010 3621 2064; x_wconf 84' lang='grc' dir='ltr'>οὗν</span> <span class='ocrx_word' id='word_1_376' title='bbox 3661 2010 3832 2071; x_wconf 75' lang='grc' dir='ltr'>ἑαυτοῖς</span> 
     </span>
    </p>
   </div>
   <div class='ocr_carea' id='block_1_52' title="bbox 2241 2091 3828 2172">
    <p class='ocr_par' dir='ltr' id='par_1_52' title="bbox 2241 2091 3828 2172">
     <span class='ocr_line' id='line_1_52' title="bbox 2241 2091 3828 2172; baseline 0.001 -23"><span class='ocrx_word' id='word_1_377' title='bbox 2241 2091 2446 2168; x_wconf 71' lang='grc' dir='ltr'>πατέρα</span> <span class='ocrx_word' id='word_1_378' title='bbox 2494 2093 2582 2149; x_wconf 85' lang='grc' dir='ltr'>ἐπὶ</span> <span class='ocrx_word' id='word_1_379' title='bbox 2626 2101 2726 2164; x_wconf 79' lang='grc' dir='ltr'>τῆς</span> <span class='ocrx_word' id='word_1_380' title='bbox 2786 2101 2908 2169; x_wconf 77' lang='grc' dir='ltr'>γῆς’</span> <span class='ocrx_word' id='word_1_381' title='bbox 2957 2094 3215 2151; x_wconf 84' lang='grc' dir='ltr'>δεσπόται</span> <span class='ocrx_word' id='word_1_382' title='bbox 3261 2097 3362 2172; x_wconf 76' lang='grc' dir='ltr'>γὰρ</span> <span class='ocrx_word' id='word_1_383' title='bbox 3411 2097 3495 2152; x_wconf 65' lang='grc' dir='ltr'>ἐπὶ</span> <span class='ocrx_word' id='word_1_384' title='bbox 3522 2104 3615 2166; x_wconf 84' lang='grc' dir='ltr'>τῆς</span> <span class='ocrx_word' id='word_1_385' title='bbox 3637 2099 3741 2172; x_wconf 74' lang='grc' dir='ltr'>γῆς’</span> <span class='ocrx_word' id='word_1_386' title='bbox 3787 2095 3828 2150; x_wconf 76' lang='grc' dir='ltr'>ἐν</span> 
     </span>
    </p>
   </div>
   <div class='ocr_carea' id='block_1_53' title="bbox 2243 2180 3829 2262">
    <p class='ocr_par' dir='ltr' id='par_1_53' title="bbox 2243 2180 3829 2262">
     <span class='ocr_line' id='line_1_53' title="bbox 2243 2180 3829 2262; baseline 0 -24"><span class='ocrx_word' id='word_1_387' title='bbox 2243 2180 2300 2238; x_wconf 69' lang='grc' dir='ltr'>δὲ</span> <span class='ocrx_word' id='word_1_388' title='bbox 2330 2185 2585 2258; x_wconf 79' lang='grc' dir='ltr'>οὐρανοῖς</span> <span class='ocrx_word' id='word_1_389' title='bbox 2621 2186 2648 2239; x_wconf 91' lang='grc' dir='ltr'>ὁ</span> <span class='ocrx_word' id='word_1_390' title='bbox 2679 2185 2891 2261; x_wconf 76' lang='grc' dir='ltr'>Πατὴρ,</span> <span class='ocrx_word' id='word_1_391' title='bbox 2923 2183 2975 2255; x_wconf 80' lang='grc' dir='ltr'>ἐξ</span> <span class='ocrx_word' id='word_1_392' title='bbox 3008 2186 3068 2239; x_wconf 78' lang='grc' dir='ltr'>οὗ</span> <span class='ocrx_word' id='word_1_393' title='bbox 3107 2191 3253 2241; x_wconf 81' lang='grc' dir='ltr'>πᾶσα</span> <span class='ocrx_word' id='word_1_394' title='bbox 3281 2188 3480 2262; x_wconf 77' lang='grc' dir='ltr'>πατριὰ</span> <span class='ocrx_word' id='word_1_395' title='bbox 3529 2182 3579 2242; x_wconf 78' lang='grc' dir='ltr'>ἕν</span> <span class='ocrx_word' id='word_1_396' title='bbox 3628 2206 3679 2240; x_wconf 89' lang='grc' dir='ltr'>τε</span> <span class='ocrx_word' id='word_1_397' title='bbox 3703 2184 3829 2260; x_wconf 76' lang='grc' dir='ltr'>οὖραο</span> 
     </span>
    </p>
   </div>
   <div class='ocr_carea' id='block_1_54' title="bbox 2242 2272 3828 2353">
    <p class='ocr_par' dir='ltr' id='par_1_54' title="bbox 2242 2272 3828 2353">
     <span class='ocr_line' id='line_1_54' title="bbox 2242 2272 3828 2353; baseline 0 -26"><span class='ocrx_word' id='word_1_398' title='bbox 2242 2278 2357 2335; x_wconf 85' lang='grc' dir='ltr'>νοῖς</span> <span class='ocrx_word' id='word_1_399' title='bbox 2409 2275 2500 2329; x_wconf 81' lang='grc' dir='ltr'>καὶ</span> <span class='ocrx_word' id='word_1_400' title='bbox 2533 2273 2620 2329; x_wconf 80' lang='grc' dir='ltr'>ἐπὶ</span> <span class='ocrx_word' id='word_1_401' title='bbox 2667 2280 2769 2344; x_wconf 80' lang='grc' dir='ltr'>τῆς</span> <span class='ocrx_word' id='word_1_402' title='bbox 2798 2280 2921 2348; x_wconf 83' lang='grc' dir='ltr'>γῆς.</span> <span class='ocrx_word' id='word_1_403' title='bbox 2968 2273 3180 2350; x_wconf 82' lang='grc' dir='ltr'>Ἀγάπη</span> <span class='ocrx_word' id='word_1_404' title='bbox 3237 2277 3343 2353; x_wconf 82' lang='grc' dir='ltr'>γὰρ</span> <span class='ocrx_word' id='word_1_405' title='bbox 3397 2276 3636 2331; x_wconf 76' lang='grc' dir='ltr'>ἑκουσίων</span> <span class='ocrx_word' id='word_1_406' title='bbox 3681 2272 3828 2350; x_wconf 71' lang='grc' dir='ltr'>ἄρχειο</span> 
     </span>
    </p>
   </div>
   <div class='ocr_carea' id='block_1_55' title="bbox 2242 2357 3830 2441">
    <p class='ocr_par' dir='ltr' id='par_1_55' title="bbox 2242 2357 3830 2441">
     <span class='ocr_line' id='line_1_55' title="bbox 2242 2357 3830 2441; baseline -0.001 -24"><span class='ocrx_word' id='word_1_407' title='bbox 2242 2361 2484 2417; x_wconf 85' lang='grc' dir='ltr'>ἀκόντων</span> <span class='ocrx_word' id='word_1_408' title='bbox 2542 2360 2599 2418; x_wconf 78' lang='grc' dir='ltr'>δὲ</span> <span class='ocrx_word' id='word_1_409' title='bbox 2654 2364 2682 2418; x_wconf 91' lang='lat'>6</span> <span class='ocrx_word' id='word_1_410' title='bbox 2732 2357 2903 2438; x_wconf 77' lang='grc' dir='ltr'>φόϐος</span> <span class='ocrx_word' id='word_1_411' title='bbox 2933 2362 3089 2427; x_wconf 77' lang='grc' dir='ltr'>οὗτος</span> <span class='ocrx_word' id='word_1_412' title='bbox 3131 2365 3160 2420; x_wconf 90' lang='lat'>6</span> <span class='ocrx_word' id='word_1_413' title='bbox 3210 2365 3439 2441; x_wconf 75' lang='grc' dir='ltr'>φαῦλοςο</span> <span class='ocrx_word' id='word_1_414' title='bbox 3489 2367 3517 2420; x_wconf 85' lang='grc' dir='ltr'><strong>ὁ</strong></span> <span class='ocrx_word' id='word_1_415' title='bbox 3559 2361 3610 2419; x_wconf 66' lang='lat' dir='ltr'>Si</span> <span class='ocrx_word' id='word_1_416' title='bbox 3637 2363 3702 2425; x_wconf 78' lang='grc' dir='ltr'>εἷς</span> <span class='ocrx_word' id='word_1_417' title='bbox 3729 2365 3830 2437; x_wconf 80' lang='grc' dir='ltr'>ἀγα-</span> 
     </span>
    </p>
   </div>
   <div class='ocr_carea' id='block_1_56' title="bbox 2245 2447 3829 2531">
    <p class='ocr_par' dir='ltr' id='par_1_56' title="bbox 2245 2447 3829 2531">
     <span class='ocr_line' id='line_1_56' title="bbox 2245 2447 3829 2531; baseline 0 -25"><span class='ocrx_word' id='word_1_418' title='bbox 2245 2452 2333 2516; x_wconf 87' lang='grc' dir='ltr'>θὸν</span> <span class='ocrx_word' id='word_1_419' title='bbox 2391 2449 2762 2528; x_wconf 74' lang='grc' dir='ltr'>παιδαγωγῶν</span> <span class='ocrx_word' id='word_1_420' title='bbox 2822 2452 2898 2515; x_wconf 75' lang='grc' dir='ltr'>εἷς</span> <span class='ocrx_word' id='word_1_421' title='bbox 2954 2453 3186 2529; x_wconf 88' lang='grc' dir='ltr'>Χριστὸν</span> <span class='ocrx_word' id='word_1_422' title='bbox 3249 2453 3399 2531; x_wconf 81' lang='grc' dir='ltr'>ἄγει,</span> <span class='ocrx_word' id='word_1_423' title='bbox 3457 2453 3543 2509; x_wconf 84' lang='grc' dir='ltr'>καὶ</span> <span class='ocrx_word' id='word_1_424' title='bbox 3589 2447 3687 2508; x_wconf 75' lang='grc' dir='ltr'>ἔστι</span> <span class='ocrx_word' id='word_1_425' title='bbox 3742 2472 3829 2506; x_wconf 87' lang='grc' dir='ltr'>σω-</span> 
     </span>
    </p>
   </div>
   <div class='ocr_carea' id='block_1_57' title="bbox 2240 2542 2456 2618">
    <p class='ocr_par' dir='ltr' id='par_1_57' title="bbox 2240 2542 2456 2618">
     <span class='ocr_line' id='line_1_57' title="bbox 2240 2542 2456 2618; baseline 0.005 -23"><span class='ocrx_word' id='word_1_426' title='bbox 2240 2542 2456 2618; x_wconf 77' lang='grc' dir='ltr'>τήριος.</span> 
     </span>
    </p>
   </div>
   <div class='ocr_carea' id='block_1_58' title="bbox 2316 2715 3832 2795">
    <p class='ocr_par' dir='ltr' id='par_1_58' title="bbox 2316 2715 3832 2795">
     <span class='ocr_line' id='line_1_58' title="bbox 2316 2715 3832 2795; baseline 0.003 -20"><span class='ocrx_word' id='word_1_427' title='bbox 2316 2720 2445 2777; x_wconf 84' lang='lat' dir='ltr'>KA&#39;.</span> <span class='ocrx_word' id='word_1_428' title='bbox 2483 2717 2551 2775; x_wconf 74' lang='lat' dir='ltr'>Ei’</span> <span class='ocrx_word' id='word_1_429' title='bbox 2579 2715 2644 2790; x_wconf 79' lang='grc' dir='ltr'>δή</span> <span class='ocrx_word' id='word_1_430' title='bbox 2676 2740 2758 2782; x_wconf 87' lang='grc' dir='ltr'>τις</span> <span class='ocrx_word' id='word_1_431' title='bbox 2790 2724 2910 2774; x_wconf 83' lang='grc' dir='ltr'>νοεῖ</span> <span class='ocrx_word' id='word_1_432' title='bbox 2940 2719 3089 2794; x_wconf 83' lang='grc' dir='ltr'>Θεὸν,</span> <span class='ocrx_word' id='word_1_433' title='bbox 3141 2721 3262 2776; x_wconf 87' lang='grc' dir='ltr'>κατ’</span> <span class='ocrx_word' id='word_1_434' title='bbox 3293 2721 3437 2794; x_wconf 77' lang='grc' dir='ltr'>ἀξίαν</span> <span class='ocrx_word' id='word_1_435' title='bbox 3479 2720 3568 2795; x_wconf 76' lang='grc' dir='ltr'>μὶν</span> <span class='ocrx_word' id='word_1_436' title='bbox 3598 2717 3832 2793; x_wconf 79' lang='grc' dir='ltr'>οὐδαμῶς⁹</span> 
     </span>
    </p>
   </div>
   <div class='ocr_carea' id='block_1_59' title="bbox 2241 2806 3833 2883">
    <p class='ocr_par' dir='ltr' id='par_1_59' title="bbox 2241 2806 3833 2883">
     <span class='ocr_line' id='line_1_59' title="bbox 2241 2806 3833 2883; baseline 0 -22"><span class='ocrx_word' id='word_1_437' title='bbox 2241 2807 2323 2870; x_wconf 87' lang='grc' dir='ltr'>τίς</span> <span class='ocrx_word' id='word_1_438' title='bbox 2353 2809 2452 2882; x_wconf 73' lang='grc' dir='ltr'>γὰρ</span> <span class='ocrx_word' id='word_1_439' title='bbox 2495 2806 2706 2883; x_wconf 78' lang='grc' dir='ltr'>γὲνοιτο</span> <span class='ocrx_word' id='word_1_440' title='bbox 2755 2807 2875 2879; x_wconf 76' lang='grc' dir='ltr'>ἀξία</span> <span class='ocrx_word' id='word_1_441' title='bbox 2926 2809 3092 2879; x_wconf 74' lang='grc' dir='ltr'>Θεοῦ;</span> <span class='ocrx_word' id='word_1_442' title='bbox 3152 2809 3285 2866; x_wconf 80' lang='grc' dir='ltr'>ἄλλ’</span> <span class='ocrx_word' id='word_1_443' title='bbox 3337 2811 3410 2874; x_wconf 85' lang='grc' dir='ltr'>ὡς</span> <span class='ocrx_word' id='word_1_444' title='bbox 3468 2807 3670 2866; x_wconf 86' lang='grc' dir='ltr'>δυνατόν</span> <span class='ocrx_word' id='word_1_445' title='bbox 3727 2807 3833 2877; x_wconf 72' lang='grc' dir='ltr'>ἔστι,</span> 
     </span>
    </p>
   </div>
   <div class='ocr_carea' id='block_1_60' title="bbox 2241 2896 3830 2974">
    <p class='ocr_par' dir='ltr' id='par_1_60' title="bbox 2241 2896 3830 2974">
     <span class='ocr_line' id='line_1_60' title="bbox 2241 2896 3830 2974; baseline 0.004 -23"><span class='ocrx_word' id='word_1_446' title='bbox 2241 2896 2436 2951; x_wconf 90' lang='grc' dir='ltr'>νοείτω</span> <span class='ocrx_word' id='word_1_447' title='bbox 2488 2898 2621 2973; x_wconf 77' lang='grc' dir='ltr'>μέγα</span> <span class='ocrx_word' id='word_1_448' title='bbox 2683 2898 2770 2952; x_wconf 80' lang='grc' dir='ltr'>καὶ</span> <span class='ocrx_word' id='word_1_449' title='bbox 2834 2897 3192 2974; x_wconf 86' lang='grc' dir='ltr'>ἀπερινόητον</span> <span class='ocrx_word' id='word_1_450' title='bbox 3246 2900 3334 2955; x_wconf 81' lang='grc' dir='ltr'>καὶ</span> <span class='ocrx_word' id='word_1_451' title='bbox 3397 2898 3671 2956; x_wconf 83' lang='grc' dir='ltr'>κάλλιστον</span> <span class='ocrx_word' id='word_1_452' title='bbox 3721 2902 3830 2974; x_wconf 77' lang='grc' dir='ltr'>φῶς,</span> 
     </span>
    </p>
   </div>
   <div class='ocr_carea' id='block_1_61' title="bbox 2243 2985 3832 3065">
    <p class='ocr_par' dir='ltr' id='par_1_61' title="bbox 2243 2985 3832 3065">
     <span class='ocr_line' id='line_1_61' title="bbox 2243 2985 3832 3065; baseline -0.001 -25"><span class='ocrx_word' id='word_1_453' title='bbox 2243 2985 2576 3061; x_wconf 82' lang='grc' dir='ltr'>ἀπρόσιτον,</span> <span class='ocrx_word' id='word_1_454' title='bbox 2637 2991 2808 3041; x_wconf 77' lang='grc' dir='ltr'>πᾶσαν</span> <span class='ocrx_word' id='word_1_455' title='bbox 2865 2985 3090 3061; x_wconf 68' lang='grc' dir='ltr'>δύναμιν</span> <span class='ocrx_word' id='word_1_456' title='bbox 3153 2989 3384 3065; x_wconf 75' lang='grc' dir='ltr'>ἀγαθήν,</span> <span class='ocrx_word' id='word_1_457' title='bbox 3444 2994 3605 3044; x_wconf 83' lang='grc' dir='ltr'>πᾶσαν</span> <span class='ocrx_word' id='word_1_458' title='bbox 3658 2987 3832 3042; x_wconf 79' lang='grc' dir='ltr'>ἀστείαν</span> 
     </span>
    </p>
   </div>
   <div class='ocr_carea' id='block_1_62' title="bbox 2241 3074 3831 3153">
    <p class='ocr_par' dir='ltr' id='par_1_62' title="bbox 2241 3074 3831 3153">
     <span class='ocr_line' id='line_1_62' title="bbox 2241 3074 3831 3153; baseline 0.001 -26"><span class='ocrx_word' id='word_1_459' title='bbox 2241 3074 2436 3150; x_wconf 77' lang='grc' dir='ltr'>ἀρετήν</span> <span class='ocrx_word' id='word_1_460' title='bbox 2517 3074 3057 3151; x_wconf 81' lang='grc' dir='ltr'>συγκεκληρωμένον,</span> <span class='ocrx_word' id='word_1_461' title='bbox 3131 3078 3352 3134; x_wconf 84' lang='grc' dir='ltr'>πάντων</span> <span class='ocrx_word' id='word_1_462' title='bbox 3415 3076 3698 3151; x_wconf 80' lang='grc' dir='ltr'>κηδόμενον</span> <span class='ocrx_word' id='word_1_463' title='bbox 3763 3096 3831 3153; x_wconf 76' lang='grc' dir='ltr'>φι-</span> 
     </span>
    </p>
   </div>
   <div class='ocr_carea' id='block_1_63' title="bbox 2243 3162 3831 3241">
    <p class='ocr_par' dir='ltr' id='par_1_63' title="bbox 2243 3162 3831 3241">
     <span class='ocr_line' id='line_1_63' title="bbox 2243 3162 3831 3241; baseline 0.001 -22"><span class='ocrx_word' id='word_1_464' title='bbox 2243 3162 2592 3238; x_wconf 87' lang='grc' dir='ltr'>λοικτίρμον,</span> <span class='ocrx_word' id='word_1_465' title='bbox 2653 3165 2872 3234; x_wconf 71' lang='grc' dir='ltr'>ἀπαθὲς,</span> <span class='ocrx_word' id='word_1_466' title='bbox 2931 3167 3170 3240; x_wconf 84' lang='grc' dir='ltr'>ἀγαθὸν,</span> <span class='ocrx_word' id='word_1_467' title='bbox 3242 3170 3415 3224; x_wconf 85' lang='grc' dir='ltr'>πάντα</span> <span class='ocrx_word' id='word_1_468' title='bbox 3466 3165 3619 3238; x_wconf 76' lang='grc' dir='ltr'>εἷδὸς,</span> <span class='ocrx_word' id='word_1_469' title='bbox 3670 3185 3831 3241; x_wconf 80' lang='grc' dir='ltr'>προγι-</span> 
     </span>
    </p>
   </div>
   <div class='ocr_carea' id='block_1_64' title="bbox 2241 3253 3827 3335">
    <p class='ocr_par' dir='ltr' id='par_1_64' title="bbox 2241 3253 3827 3335">
     <span class='ocr_line' id='line_1_64' title="bbox 2241 3253 3827 3335; baseline 0.002 -28"><span class='ocrx_word' id='word_1_470' title='bbox 2241 3257 2450 3308; x_wconf 72' lang='grc' dir='ltr'>νῶσκον</span> <span class='ocrx_word' id='word_1_471' title='bbox 2516 3253 2722 3326; x_wconf 84' lang='grc' dir='ltr'>πάντα,</span> <span class='ocrx_word' id='word_1_472' title='bbox 2784 3253 3098 3331; x_wconf 73' lang='grc' dir='ltr'>εἰλικρινὲς,</span> <span class='ocrx_word' id='word_1_473' title='bbox 3154 3256 3352 3335; x_wconf 74' lang='grc' dir='ltr'>γλυκὺ,</span> <span class='ocrx_word' id='word_1_474' title='bbox 3413 3258 3672 3332; x_wconf 84' lang='grc' dir='ltr'>λαμπρὸν,</span> <span class='ocrx_word' id='word_1_475' title='bbox 3720 3255 3827 3324; x_wconf 63' lang='lat' dir='ltr'>(bul-</span> 
     </span>
    </p>
   </div>
   <div class='ocr_carea' id='block_1_65' title="bbox 2242 3363 2423 3418">
    <p class='ocr_par' dir='ltr' id='par_1_65' title="bbox 2242 3363 2423 3418">
     <span class='ocr_line' id='line_1_65' title="bbox 2242 3363 2423 3418; baseline 0.017 -22"><span class='ocrx_word' id='word_1_476' title='bbox 2242 3363 2423 3418; x_wconf 88' lang='grc' dir='ltr'>ρατον.</span> 
     </span>
    </p>
   </div>
   <div class='ocr_carea' id='block_1_66' title="bbox 482 3427 3822 3512">
    <p class='ocr_par' dir='ltr' id='par_1_66' title="bbox 482 3427 3822 3512">
     <span class='ocr_line' id='line_1_66' title="bbox 482 3427 3822 3512; baseline 0.001 -26"><span class='ocrx_word' id='word_1_477' title='bbox 482 3433 635 3504; x_wconf 90' lang='lat' dir='ltr'>quod</span> <span class='ocrx_word' id='word_1_478' title='bbox 669 3431 745 3486; x_wconf 91' lang='lat' dir='ltr'>sit</span> <span class='ocrx_word' id='word_1_479' title='bbox 778 3427 1128 3494; x_wconf 88' lang='lat' dir='ltr'>misericors,</span> <span class='ocrx_word' id='word_1_480' title='bbox 1162 3428 1384 3498; x_wconf 84' lang='lat' dir='ltr'>absque</span> <span class='ocrx_word' id='word_1_481' title='bbox 1415 3427 1806 3498; x_wconf 88' lang='lat' dir='ltr'>passionibus,</span> <span class='ocrx_word' id='word_1_482' title='bbox 1838 3430 2100 3487; x_wconf 82' lang='lat' dir='ltr'>bonitate</span> <span class='ocrx_word' id='word_1_483' title='bbox 2120 3448 2354 3489; x_wconf 87' lang='lat' dir='ltr'>summa</span> <span class='ocrx_word' id='word_1_484' title='bbox 2385 3435 2692 3506; x_wconf 80' lang='lat' dir='ltr'>praeditum</span> <span class='ocrx_word' id='word_1_485' title='bbox 2724 3453 2736 3492; x_wconf 91' lang='lat'>:</span> <span class='ocrx_word' id='word_1_486' title='bbox 2772 3437 2926 3508; x_wconf 90' lang='lat' dir='ltr'>quod</span> <span class='ocrx_word' id='word_1_487' title='bbox 2957 3437 3157 3494; x_wconf 87' lang='lat' dir='ltr'>omnia</span> <span class='ocrx_word' id='word_1_488' title='bbox 3187 3439 3360 3508; x_wconf 88' lang='lat' dir='ltr'>sciat,</span> <span class='ocrx_word' id='word_1_489' title='bbox 3391 3440 3690 3512; x_wconf 74' lang='lat' dir='ltr'>prmnoscat</span> <span class='ocrx_word' id='word_1_490' title='bbox 3714 3433 3822 3490; x_wconf 84' lang='lat' dir='ltr'>uni-</span> 
     </span>
    </p>
   </div>
   <div class='ocr_carea' id='block_1_67' title="bbox 476 3515 2910 3598">
    <p class='ocr_par' dir='ltr' id='par_1_67' title="bbox 476 3515 2910 3598">
     <span class='ocr_line' id='line_1_67' title="bbox 476 3515 2910 3598; baseline 0.002 -20"><span class='ocrx_word' id='word_1_491' title='bbox 476 3538 681 3587; x_wconf 86' lang='lat' dir='ltr'>versa;</span> <span class='ocrx_word' id='word_1_492' title='bbox 709 3519 863 3591; x_wconf 92' lang='lat' dir='ltr'>quod</span> <span class='ocrx_word' id='word_1_493' title='bbox 895 3515 1148 3589; x_wconf 88' lang='lat' dir='ltr'>denique</span> <span class='ocrx_word' id='word_1_494' title='bbox 1179 3515 1495 3584; x_wconf 88' lang='lat' dir='ltr'>sincerum,</span> <span class='ocrx_word' id='word_1_495' title='bbox 1517 3516 1706 3584; x_wconf 89' lang='lat' dir='ltr'>dulce,</span> <span class='ocrx_word' id='word_1_496' title='bbox 1742 3518 2136 3591; x_wconf 89' lang='lat' dir='ltr'>splendidum,</span> <span class='ocrx_word' id='word_1_497' title='bbox 2173 3527 2348 3596; x_wconf 90' lang='lat' dir='ltr'>atque</span> <span class='ocrx_word' id='word_1_498' title='bbox 2377 3524 2784 3598; x_wconf 88' lang='lat' dir='ltr'>incorruptum</span> <span class='ocrx_word' id='word_1_499' title='bbox 2817 3527 2910 3582; x_wconf 90' lang='lat' dir='ltr'>sit.</span> 
     </span>
    </p>
   </div>
   <div class='ocr_carea' id='block_1_68' title="bbox 549 3622 2118 3700">
    <p class='ocr_par' dir='ltr' id='par_1_68' title="bbox 549 3622 2118 3700">
     <span class='ocr_line' id='line_1_68' title="bbox 549 3622 2118 3700; baseline -0.002 -15"><span class='ocrx_word' id='word_1_500' title='bbox 549 3627 728 3684; x_wconf 84' lang='lat' dir='ltr'><strong>XXII.</strong></span> <span class='ocrx_word' id='word_1_501' title='bbox 761 3626 922 3694; x_wconf 87' lang='lat' dir='ltr'>Quod</span> <span class='ocrx_word' id='word_1_502' title='bbox 955 3641 1024 3681; x_wconf 83' lang='lat' dir='ltr'>ex</span> <span class='ocrx_word' id='word_1_503' title='bbox 1051 3639 1114 3679; x_wconf 89' lang='lat' dir='ltr'>se</span> <span class='ocrx_word' id='word_1_504' title='bbox 1147 3627 1445 3683; x_wconf 85' lang='lat' dir='ltr'>moveatur</span> <span class='ocrx_word' id='word_1_505' title='bbox 1474 3622 1692 3694; x_wconf 84' lang='lat' dir='ltr'>anima,</span> <span class='ocrx_word' id='word_1_506' title='bbox 1737 3623 1845 3680; x_wconf 91' lang='lat' dir='ltr'>hoc</span> <span class='ocrx_word' id='word_1_507' title='bbox 1870 3626 1968 3681; x_wconf 87' lang='lat' dir='ltr'>Dei</span> <span class='ocrx_word' id='word_1_508' title='bbox 1990 3642 2118 3700; x_wconf 81' lang='lat' dir='ltr'>gra-</span> 
     </span>
    </p>
   </div>
   <div class='ocr_carea' id='block_1_69' title="bbox 476 3712 2125 3788">
    <p class='ocr_par' dir='ltr' id='par_1_69' title="bbox 476 3712 2125 3788">
     <span class='ocr_line' id='line_1_69' title="bbox 476 3712 2125 3788; baseline -0.002 -13"><span class='ocrx_word' id='word_1_509' title='bbox 476 3721 572 3775; x_wconf 78' lang='lat' dir='ltr'>tiae</span> <span class='ocrx_word' id='word_1_510' title='bbox 623 3721 928 3788; x_wconf 87' lang='lat' dir='ltr'>acceptum</span> <span class='ocrx_word' id='word_1_511' title='bbox 974 3715 1185 3771; x_wconf 85' lang='lat' dir='ltr'>referre</span> <span class='ocrx_word' id='word_1_512' title='bbox 1232 3712 1424 3779; x_wconf 89' lang='lat' dir='ltr'>debet,</span> <span class='ocrx_word' id='word_1_513' title='bbox 1484 3715 1636 3783; x_wconf 79' lang='lat' dir='ltr'>quod</span> <span class='ocrx_word' id='word_1_514' title='bbox 1687 3731 1754 3770; x_wconf 81' lang='lat' dir='ltr'>ex</span> <span class='ocrx_word' id='word_1_515' title='bbox 1804 3731 1865 3771; x_wconf 91' lang='lat' dir='ltr'>se</span> <span class='ocrx_word' id='word_1_516' title='bbox 1913 3715 2125 3772; x_wconf 89' lang='lat' dir='ltr'>habeat</span> 
     </span>
    </p>
   </div>
   <div class='ocr_carea' id='block_1_70' title="bbox 479 3800 2124 3876">
    <p class='ocr_par' dir='ltr' id='par_1_70' title="bbox 479 3800 2124 3876">
     <span class='ocr_line' id='line_1_70' title="bbox 479 3800 2124 3876; baseline -0.002 -12"><span class='ocrx_word' id='word_1_517' title='bbox 479 3807 700 3873; x_wconf 84' lang='lat' dir='ltr'>anima,</span> <span class='ocrx_word' id='word_1_518' title='bbox 732 3819 942 3875; x_wconf 89' lang='lat' dir='ltr'>nempe</span> <span class='ocrx_word' id='word_1_519' title='bbox 972 3801 1181 3873; x_wconf 86' lang='lat' dir='ltr'>agendi</span> <span class='ocrx_word' id='word_1_520' title='bbox 1231 3800 1573 3874; x_wconf 82' lang='lat' dir='ltr'>potentiam,</span> <span class='ocrx_word' id='word_1_521' title='bbox 1632 3803 1704 3858; x_wconf 90' lang='lat' dir='ltr'>ab</span> <span class='ocrx_word' id='word_1_522' title='bbox 1756 3819 1825 3858; x_wconf 86' lang='lat' dir='ltr'>ea</span> <span class='ocrx_word' id='word_1_523' title='bbox 1862 3805 2124 3876; x_wconf 88' lang='lat' dir='ltr'>exposcit</span> 
     </span>
    </p>
   </div>
   <div class='ocr_carea' id='block_1_71' title="bbox 477 3889 2122 3968">
    <p class='ocr_par' dir='ltr' id='par_1_71' title="bbox 477 3889 2122 3968">
     <span class='ocr_line' id='line_1_71' title="bbox 477 3889 2122 3968; baseline -0.002 -17"><span class='ocrx_word' id='word_1_524' title='bbox 477 3895 648 3968; x_wconf 87' lang='lat' dir='ltr'>quasi</span> <span class='ocrx_word' id='word_1_525' title='bbox 679 3892 1009 3966; x_wconf 80' lang='lat' dir='ltr'>symbolum</span> <span class='ocrx_word' id='word_1_526' title='bbox 1041 3891 1114 3946; x_wconf 89' lang='lat' dir='ltr'>ad</span> <span class='ocrx_word' id='word_1_527' title='bbox 1138 3889 1551 3946; x_wconf 85' lang='lat' dir='ltr'>salutem.Vult</span> <span class='ocrx_word' id='word_1_528' title='bbox 1580 3890 1734 3946; x_wconf 89' lang='lat' dir='ltr'>enim</span> <span class='ocrx_word' id='word_1_529' title='bbox 1769 3892 1973 3948; x_wconf 70' lang='lat' dir='ltr'>animae</span> <span class='ocrx_word' id='word_1_530' title='bbox 1997 3910 2122 3964; x_wconf 89' lang='lat' dir='ltr'>pro-</span> 
     </span>
    </p>
   </div>
   <div class='ocr_carea' id='block_1_72' title="bbox 478 3979 2117 4057">
    <p class='ocr_par' dir='ltr' id='par_1_72' title="bbox 478 3979 2117 4057">
     <span class='ocr_line' id='line_1_72' title="bbox 478 3979 2117 4057; baseline 0.001 -18"><span class='ocrx_word' id='word_1_531' title='bbox 478 3985 674 4057; x_wconf 87' lang='lat' dir='ltr'>prium</span> <span class='ocrx_word' id='word_1_532' title='bbox 707 3998 836 4039; x_wconf 87' lang='lat' dir='ltr'>esse</span> <span class='ocrx_word' id='word_1_533' title='bbox 865 3982 1085 4036; x_wconf 90' lang='lat' dir='ltr'>bonum</span> <span class='ocrx_word' id='word_1_534' title='bbox 1118 3979 1286 4047; x_wconf 92' lang='lat' dir='ltr'>illud,</span> <span class='ocrx_word' id='word_1_535' title='bbox 1313 3980 1465 4050; x_wconf 89' lang='lat' dir='ltr'>quod</span> <span class='ocrx_word' id='word_1_536' title='bbox 1499 3979 1549 4034; x_wconf 90' lang='lat' dir='ltr'>ei</span> <span class='ocrx_word' id='word_1_537' title='bbox 1581 3981 1786 4036; x_wconf 90' lang='lat' dir='ltr'>tribuit</span> <span class='ocrx_word' id='word_1_538' title='bbox 1818 3982 2117 4040; x_wconf 89' lang='lat' dir='ltr'>Dominus.</span> 
     </span>
    </p>
   </div>
   <div class='ocr_carea' id='block_1_73' title="bbox 478 4067 2115 4146">
    <p class='ocr_par' dir='ltr' id='par_1_73' title="bbox 478 4067 2115 4146">
     <span class='ocr_line' id='line_1_73' title="bbox 478 4067 2115 4146; baseline -0.002 -17"><span class='ocrx_word' id='word_1_539' title='bbox 478 4074 704 4146; x_wconf 88' lang='lat' dir='ltr'>Quippe</span> <span class='ocrx_word' id='word_1_540' title='bbox 735 4088 910 4127; x_wconf 89' lang='lat' dir='ltr'>sensu</span> <span class='ocrx_word' id='word_1_541' title='bbox 942 4085 1150 4141; x_wconf 88' lang='lat' dir='ltr'>parum</span> <span class='ocrx_word' id='word_1_542' title='bbox 1175 4072 1426 4137; x_wconf 86' lang='lat' dir='ltr'>caret,ut</span> <span class='ocrx_word' id='word_1_543' title='bbox 1457 4067 1609 4123; x_wconf 89' lang='lat' dir='ltr'>sicut</span> <span class='ocrx_word' id='word_1_544' title='bbox 1638 4086 1852 4142; x_wconf 88' lang='lat' dir='ltr'>corpus</span> <span class='ocrx_word' id='word_1_545' title='bbox 1879 4071 2115 4127; x_wconf 77' lang='lat' dir='ltr'>feratur.</span> 
     </span>
    </p>
   </div>
   <div class='ocr_carea' id='block_1_74' title="bbox 477 4157 2118 4230">
    <p class='ocr_par' dir='ltr' id='par_1_74' title="bbox 477 4157 2118 4230">
     <span class='ocr_line' id='line_1_74' title="bbox 477 4157 2118 4230; baseline -0.002 -11"><span class='ocrx_word' id='word_1_546' title='bbox 477 4162 724 4219; x_wconf 89' lang='lat' dir='ltr'>Proinde</span> <span class='ocrx_word' id='word_1_547' title='bbox 757 4161 993 4226; x_wconf 88' lang='lat' dir='ltr'>habere,</span> <span class='ocrx_word' id='word_1_548' title='bbox 1023 4158 1184 4214; x_wconf 86' lang='lat' dir='ltr'>illius</span> <span class='ocrx_word' id='word_1_549' title='bbox 1221 4161 1310 4212; x_wconf 89' lang='lat' dir='ltr'>est</span> <span class='ocrx_word' id='word_1_550' title='bbox 1339 4157 1436 4228; x_wconf 90' lang='lat' dir='ltr'>qui</span> <span class='ocrx_word' id='word_1_551' title='bbox 1471 4157 1632 4228; x_wconf 90' lang='lat' dir='ltr'>prius</span> <span class='ocrx_word' id='word_1_552' title='bbox 1663 4159 1986 4230; x_wconf 86' lang='lat' dir='ltr'>acceperit;</span> <span class='ocrx_word' id='word_1_553' title='bbox 2023 4178 2118 4216; x_wconf 90' lang='lat' dir='ltr'>ac-</span> 
     </span>
    </p>
   </div>
   <div class='ocr_carea' id='block_1_75' title="bbox 476 4244 2113 4324">
    <p class='ocr_par' dir='ltr' id='par_1_75' title="bbox 476 4244 2113 4324">
     <span class='ocr_line' id='line_1_75' title="bbox 476 4244 2113 4324; baseline -0.003 -16"><span class='ocrx_word' id='word_1_554' title='bbox 476 4252 672 4324; x_wconf 85' lang='lat' dir='ltr'>cipere</span> <span class='ocrx_word' id='word_1_555' title='bbox 717 4266 850 4306; x_wconf 89' lang='lat' dir='ltr'>vero</span> <span class='ocrx_word' id='word_1_556' title='bbox 894 4248 1055 4304; x_wconf 83' lang='lat' dir='ltr'>illius</span> <span class='ocrx_word' id='word_1_557' title='bbox 1108 4246 1207 4318; x_wconf 91' lang='lat' dir='ltr'>qui</span> <span class='ocrx_word' id='word_1_558' title='bbox 1253 4244 1501 4302; x_wconf 89' lang='lat' dir='ltr'>voluerit</span> <span class='ocrx_word' id='word_1_559' title='bbox 1549 4252 1722 4319; x_wconf 90' lang='lat' dir='ltr'>atque</span> <span class='ocrx_word' id='word_1_560' title='bbox 1770 4249 2113 4320; x_wconf 83' lang='lat' dir='ltr'>appetierit;</span> 
     </span>
    </p>
   </div>
   <div class='ocr_carea' id='block_1_76' title="bbox 476 4334 2117 4411">
    <p class='ocr_par' dir='ltr' id='par_1_76' title="bbox 476 4334 2117 4411">
     <span class='ocr_line' id='line_1_76' title="bbox 476 4334 2117 4411; baseline -0.002 -14"><span class='ocrx_word' id='word_1_561' title='bbox 476 4347 673 4397; x_wconf 86' lang='lat' dir='ltr'>tenere</span> <span class='ocrx_word' id='word_1_562' title='bbox 704 4355 838 4395; x_wconf 89' lang='lat' dir='ltr'>vero</span> <span class='ocrx_word' id='word_1_563' title='bbox 869 4337 1024 4410; x_wconf 90' lang='lat' dir='ltr'>quod</span> <span class='ocrx_word' id='word_1_564' title='bbox 1059 4334 1468 4407; x_wconf 89' lang='lat' dir='ltr'>accepit,illius</span> <span class='ocrx_word' id='word_1_565' title='bbox 1497 4340 1586 4392; x_wconf 90' lang='lat' dir='ltr'>est</span> <span class='ocrx_word' id='word_1_566' title='bbox 1606 4336 1704 4407; x_wconf 90' lang='lat' dir='ltr'>qui</span> <span class='ocrx_word' id='word_1_567' title='bbox 1737 4340 1936 4392; x_wconf 88' lang='lat' dir='ltr'>tenere</span> <span class='ocrx_word' id='word_1_568' title='bbox 1967 4339 2117 4411; x_wconf 85' lang='lat' dir='ltr'>cogi-</span> 
     </span>
    </p>
   </div>
   <div class='ocr_carea' id='block_1_77' title="bbox 473 4424 2117 4501">
    <p class='ocr_par' dir='ltr' id='par_1_77' title="bbox 473 4424 2117 4501">
     <span class='ocr_line' id='line_1_77' title="bbox 473 4424 2117 4501; baseline -0.003 -14"><span class='ocrx_word' id='word_1_569' title='bbox 473 4429 680 4486; x_wconf 89' lang='lat' dir='ltr'>taverit</span> <span class='ocrx_word' id='word_1_570' title='bbox 709 4434 768 4485; x_wconf 91' lang='lat' dir='ltr'>et</span> <span class='ocrx_word' id='word_1_571' title='bbox 797 4429 1289 4501; x_wconf 88' lang='lat' dir='ltr'>possit.Hancque</span> <span class='ocrx_word' id='word_1_572' title='bbox 1321 4424 1392 4479; x_wconf 92' lang='lat' dir='ltr'>ob</span> <span class='ocrx_word' id='word_1_573' title='bbox 1425 4440 1661 4479; x_wconf 88' lang='lat' dir='ltr'>causam</span> <span class='ocrx_word' id='word_1_574' title='bbox 1696 4425 1904 4480; x_wconf 80' lang='lat' dir='ltr'>animae</span> <span class='ocrx_word' id='word_1_575' title='bbox 1938 4427 2117 4482; x_wconf 87' lang='lat' dir='ltr'>facul-</span> 
     </span>
    </p>
   </div>
   <div class='ocr_carea' id='block_1_78' title="bbox 2307 3629 3822 3711">
    <p class='ocr_par' dir='ltr' id='par_1_78' title="bbox 2307 3629 3822 3711">
     <span class='ocr_line' id='line_1_78' title="bbox 2307 3629 3822 3711; baseline 0.006 -27"><span class='ocrx_word' id='word_1_576' title='bbox 2307 3629 2432 3687; x_wconf 87' lang='lat' dir='ltr'>KB&#39;.</span> <span class='ocrx_word' id='word_1_577' title='bbox 2468 3631 2613 3686; x_wconf 86' lang='grc' dir='ltr'>Ἐπεῖ</span> <span class='ocrx_word' id='word_1_578' title='bbox 2648 3629 2700 3702; x_wconf 81' lang='grc' dir='ltr'>ἐξ</span> <span class='ocrx_word' id='word_1_579' title='bbox 2731 3631 2924 3702; x_wconf 71' lang='grc' dir='ltr'>ἑαυτῆς</span> <span class='ocrx_word' id='word_1_580' title='bbox 2956 3639 3182 3688; x_wconf 81' lang='grc' dir='ltr'>κινεῖται</span> <span class='ocrx_word' id='word_1_581' title='bbox 3234 3637 3270 3704; x_wconf 82' lang='grc' dir='ltr'>ἡ</span> <span class='ocrx_word' id='word_1_582' title='bbox 3325 3637 3499 3711; x_wconf 72' lang='grc' dir='ltr'>ψυχὴ,</span> <span class='ocrx_word' id='word_1_583' title='bbox 3546 3637 3579 3705; x_wconf 81' lang='grc' dir='ltr'>ἡ</span> <span class='ocrx_word' id='word_1_584' title='bbox 3619 3634 3755 3709; x_wconf 79' lang='grc' dir='ltr'>χάρις</span> <span class='ocrx_word' id='word_1_585' title='bbox 3794 3630 3822 3696; x_wconf 71' lang='grc' dir='ltr'><strong>ἢ</strong></span> 
     </span>
    </p>
   </div>
   <div class='ocr_carea' id='block_1_79' title="bbox 2232 3718 3825 3800">
    <p class='ocr_par' dir='ltr' id='par_1_79' title="bbox 2232 3718 3825 3800">
     <span class='ocr_line' id='line_1_79' title="bbox 2232 3718 3825 3800; baseline -0.001 -28"><span class='ocrx_word' id='word_1_586' title='bbox 2232 3721 2330 3772; x_wconf 77' lang='grc' dir='ltr'>τοῦ</span> <span class='ocrx_word' id='word_1_587' title='bbox 2388 3723 2540 3789; x_wconf 80' lang='grc' dir='ltr'>Θεοῦ,</span> <span class='ocrx_word' id='word_1_588' title='bbox 2601 3720 2629 3774; x_wconf 84' lang='grc' dir='ltr'>ὃ</span> <span class='ocrx_word' id='word_1_589' title='bbox 2683 3718 2797 3796; x_wconf 73' lang='grc' dir='ltr'>ἔχει</span> <span class='ocrx_word' id='word_1_590' title='bbox 2847 3724 2881 3790; x_wconf 80' lang='grc' dir='ltr'>ἡ</span> <span class='ocrx_word' id='word_1_591' title='bbox 2929 3724 3105 3798; x_wconf 72' lang='grc' dir='ltr'>ψυχὴ,</span> <span class='ocrx_word' id='word_1_592' title='bbox 3165 3724 3267 3792; x_wconf 76' lang='grc' dir='ltr'>τήν</span> <span class='ocrx_word' id='word_1_593' title='bbox 3323 3723 3617 3800; x_wconf 82' lang='grc' dir='ltr'>προθυμίαν</span> <span class='ocrx_word' id='word_1_594' title='bbox 3647 3721 3825 3776; x_wconf 83' lang='grc' dir='ltr'>ἀπαιτεῖ</span> 
     </span>
    </p>
   </div>
   <div class='ocr_carea' id='block_1_80' title="bbox 2233 3807 3823 3889">
    <p class='ocr_par' dir='ltr' id='par_1_80' title="bbox 2233 3807 3823 3889">
     <span class='ocr_line' id='line_1_80' title="bbox 2233 3807 3823 3889; baseline 0.001 -29"><span class='ocrx_word' id='word_1_595' title='bbox 2233 3809 2360 3880; x_wconf 76' lang='grc' dir='ltr'>παρ’</span> <span class='ocrx_word' id='word_1_596' title='bbox 2417 3807 2608 3878; x_wconf 73' lang='grc' dir='ltr'>ἑαυτῆς</span> <span class='ocrx_word' id='word_1_597' title='bbox 2639 3852 2656 3878; x_wconf 92' lang='grc'>,</span> <span class='ocrx_word' id='word_1_598' title='bbox 2709 3813 2823 3865; x_wconf 76' lang='grc' dir='ltr'>οἷον</span> <span class='ocrx_word' id='word_1_599' title='bbox 2873 3808 3058 3885; x_wconf 85' lang='grc' dir='ltr'>ἔρανον</span> <span class='ocrx_word' id='word_1_600' title='bbox 3109 3813 3184 3874; x_wconf 75' lang='grc' dir='ltr'>εἷς</span> <span class='ocrx_word' id='word_1_601' title='bbox 3243 3814 3544 3889; x_wconf 82' lang='grc' dir='ltr'>σωτηρίαν.</span> <span class='ocrx_word' id='word_1_602' title='bbox 3605 3809 3823 3866; x_wconf 75' lang='grc' dir='ltr'>Βούλεται</span> 
     </span>
    </p>
   </div>
   <div class='ocr_carea' id='block_1_81' title="bbox 2231 3895 3822 3977">
    <p class='ocr_par' dir='ltr' id='par_1_81' title="bbox 2231 3895 3822 3977">
     <span class='ocr_line' id='line_1_81' title="bbox 2231 3895 3822 3977; baseline 0.001 -28"><span class='ocrx_word' id='word_1_603' title='bbox 2231 3895 2330 3970; x_wconf 75' lang='grc' dir='ltr'>γὰρ</span> <span class='ocrx_word' id='word_1_604' title='bbox 2360 3903 2460 3966; x_wconf 82' lang='grc' dir='ltr'>τῆς</span> <span class='ocrx_word' id='word_1_605' title='bbox 2505 3901 2689 3974; x_wconf 78' lang='grc' dir='ltr'>ψυχῆς</span> <span class='ocrx_word' id='word_1_606' title='bbox 2725 3896 2860 3954; x_wconf 56' lang='lat' dir='ltr'>tam</span> <span class='ocrx_word' id='word_1_607' title='bbox 2895 3899 3029 3956; x_wconf 73' lang='grc' dir='ltr'>εἶναι</span> <span class='ocrx_word' id='word_1_608' title='bbox 3060 3902 3122 3957; x_wconf 88' lang='grc' dir='ltr'>τὸ</span> <span class='ocrx_word' id='word_1_609' title='bbox 3154 3903 3375 3977; x_wconf 81' lang='grc' dir='ltr'>ἀγαθὸν,</span> <span class='ocrx_word' id='word_1_610' title='bbox 3409 3904 3436 3958; x_wconf 79' lang='grc' dir='ltr'>ὃ</span> <span class='ocrx_word' id='word_1_611' title='bbox 3469 3899 3671 3957; x_wconf 85' lang='grc' dir='ltr'>δίδωσιν</span> <span class='ocrx_word' id='word_1_612' title='bbox 3712 3897 3822 3968; x_wconf 73' lang='grc' dir='ltr'>αὐτῇ</span> 
     </span>
    </p>
   </div>
   <div class='ocr_carea' id='block_1_82' title="bbox 2231 3984 3820 4069">
    <p class='ocr_par' dir='ltr' id='par_1_82' title="bbox 2231 3984 3820 4069">
     <span class='ocr_line' id='line_1_82' title="bbox 2231 3984 3820 4069; baseline -0.001 -29"><span class='ocrx_word' id='word_1_613' title='bbox 2231 3984 2259 4036; x_wconf 82' lang='grc' dir='ltr'>ὁ</span> <span class='ocrx_word' id='word_1_614' title='bbox 2293 3984 2509 4057; x_wconf 70' lang='grc' dir='ltr'>Κύριος·</span> <span class='ocrx_word' id='word_1_615' title='bbox 2545 3985 2605 4040; x_wconf 79' lang='grc' dir='ltr'>οὐ</span> <span class='ocrx_word' id='word_1_616' title='bbox 2649 3989 2749 4063; x_wconf 79' lang='grc' dir='ltr'>γάρ</span> <span class='ocrx_word' id='word_1_617' title='bbox 2803 3986 2940 4044; x_wconf 84' lang='grc' dir='ltr'>ἐστιν</span> <span class='ocrx_word' id='word_1_618' title='bbox 2989 3989 3335 4064; x_wconf 82' lang='grc' dir='ltr'>ἀναίσθητος,</span> <span class='ocrx_word' id='word_1_619' title='bbox 3377 3990 3466 4046; x_wconf 73' lang='grc' dir='ltr'>ἵνα</span> <span class='ocrx_word' id='word_1_620' title='bbox 3514 3991 3716 4069; x_wconf 74' lang='grc' dir='ltr'>φέρηται</span> <span class='ocrx_word' id='word_1_621' title='bbox 3762 3984 3820 4038; x_wconf 77' lang='grc' dir='ltr'>ὡς</span> 
     </span>
    </p>
   </div>
   <div class='ocr_carea' id='block_1_83' title="bbox 2231 4070 3820 4153">
    <p class='ocr_par' dir='ltr' id='par_1_83' title="bbox 2231 4070 3820 4153">
     <span class='ocr_line' id='line_1_83' title="bbox 2231 4070 3820 4153; baseline -0.001 -27"><span class='ocrx_word' id='word_1_622' title='bbox 2231 4077 2409 4146; x_wconf 82' lang='grc' dir='ltr'>σῶμα.</span> <span class='ocrx_word' id='word_1_623' title='bbox 2443 4075 2520 4130; x_wconf 89' lang='grc' dir='ltr'>Τὸ</span> <span class='ocrx_word' id='word_1_624' title='bbox 2547 4075 2641 4147; x_wconf 73' lang='grc' dir='ltr'>μὲν</span> <span class='ocrx_word' id='word_1_625' title='bbox 2675 4076 2766 4130; x_wconf 83' lang='grc' dir='ltr'>οὗν</span> <span class='ocrx_word' id='word_1_626' title='bbox 2812 4072 2981 4153; x_wconf 85' lang='grc' dir='ltr'>ἔχειν,</span> <span class='ocrx_word' id='word_1_627' title='bbox 3011 4083 3108 4134; x_wconf 78' lang='grc' dir='ltr'>τοῦ</span> <span class='ocrx_word' id='word_1_628' title='bbox 3158 4074 3448 4143; x_wconf 77' lang='grc' dir='ltr'>λαϐόντος·</span> <span class='ocrx_word' id='word_1_629' title='bbox 3483 4078 3541 4134; x_wconf 80' lang='grc' dir='ltr'>τὸ</span> <span class='ocrx_word' id='word_1_630' title='bbox 3573 4072 3734 4133; x_wconf 71' lang='grc' dir='ltr'>λαϐεῖν</span> <span class='ocrx_word' id='word_1_631' title='bbox 3759 4070 3820 4140; x_wconf 73' lang='grc' dir='ltr'>δὲ,</span> 
     </span>
    </p>
   </div>
   <div class='ocr_carea' id='block_1_84' title="bbox 2225 4159 3820 4246">
    <p class='ocr_par' dir='ltr' id='par_1_84' title="bbox 2225 4159 3820 4246">
     <span class='ocr_line' id='line_1_84' title="bbox 2225 4159 3820 4246; baseline 0.001 -31"><span class='ocrx_word' id='word_1_632' title='bbox 2225 4159 2323 4216; x_wconf 79' lang='grc' dir='ltr'>τοῦ</span> <span class='ocrx_word' id='word_1_633' title='bbox 2351 4163 2676 4234; x_wconf 75' lang='grc' dir='ltr'>θελήσαντος</span> <span class='ocrx_word' id='word_1_634' title='bbox 2708 4166 2795 4220; x_wconf 81' lang='grc' dir='ltr'>καὶ</span> <span class='ocrx_word' id='word_1_635' title='bbox 2830 4164 3172 4242; x_wconf 75' lang='grc' dir='ltr'>ὀρεχθέντοςο</span> <span class='ocrx_word' id='word_1_636' title='bbox 3218 4170 3280 4225; x_wconf 89' lang='grc' dir='ltr'>τὸ</span> <span class='ocrx_word' id='word_1_637' title='bbox 3325 4175 3533 4246; x_wconf 76' lang='grc' dir='ltr'>κρατεῖν</span> <span class='ocrx_word' id='word_1_638' title='bbox 3562 4166 3614 4222; x_wconf 74' lang='grc' dir='ltr'>δὲ</span> <span class='ocrx_word' id='word_1_639' title='bbox 3656 4168 3682 4220; x_wconf 78' lang='grc' dir='ltr'><strong>ὃ</strong></span> <span class='ocrx_word' id='word_1_640' title='bbox 3720 4163 3820 4218; x_wconf 83' lang='grc' dir='ltr'>ἓλα·</span> 
     </span>
    </p>
   </div>
   <div class='ocr_carea' id='block_1_85' title="bbox 2227 4244 3824 4330">
    <p class='ocr_par' dir='ltr' id='par_1_85' title="bbox 2227 4244 3824 4330">
     <span class='ocr_line' id='line_1_85' title="bbox 2227 4244 3824 4330; baseline 0.004 -27"><span class='ocrx_word' id='word_1_641' title='bbox 2227 4244 2339 4318; x_wconf 79' lang='grc' dir='ltr'>ϐεν,</span> <span class='ocrx_word' id='word_1_642' title='bbox 2384 4255 2481 4307; x_wconf 81' lang='grc' dir='ltr'>τοῦ</span> <span class='ocrx_word' id='word_1_643' title='bbox 2517 4259 2728 4328; x_wconf 84' lang='grc' dir='ltr'>κρατεῖν</span> <span class='ocrx_word' id='word_1_644' title='bbox 2796 4253 3200 4327; x_wconf 69' lang='grc' dir='ltr'>μελετήσαντος</span> <span class='ocrx_word' id='word_1_645' title='bbox 3247 4244 3699 4330; x_wconf 32' lang='grc' dir='ltr'>καὶ-δυναμένου.</span> <span class='ocrx_word' id='word_1_646' title='bbox 3745 4248 3824 4305; x_wconf 69' lang='grc' dir='ltr'>Διά</span> 
     </span>
    </p>
   </div>
   <div class='ocr_carea' id='block_1_86' title="bbox 2223 4337 3822 4423">
    <p class='ocr_par' dir='ltr' id='par_1_86' title="bbox 2223 4337 3822 4423">
     <span class='ocr_line' id='line_1_86' title="bbox 2223 4337 3822 4423; baseline -0.001 -30"><span class='ocrx_word' id='word_1_647' title='bbox 2223 4343 2382 4394; x_wconf 75' lang='grc' dir='ltr'>τοῦτο</span> <span class='ocrx_word' id='word_1_648' title='bbox 2415 4338 2501 4395; x_wconf 80' lang='grc' dir='ltr'>ἐπὶ</span> <span class='ocrx_word' id='word_1_649' title='bbox 2531 4345 2599 4416; x_wconf 79' lang='grc' dir='ltr'>τῇ</span> <span class='ocrx_word' id='word_1_650' title='bbox 2644 4345 2800 4417; x_wconf 78' lang='grc' dir='ltr'>ψυχῇ</span> <span class='ocrx_word' id='word_1_651' title='bbox 2850 4345 2878 4398; x_wconf 92' lang='lat'>6</span> <span class='ocrx_word' id='word_1_652' title='bbox 2910 4347 3040 4406; x_wconf 81' lang='grc' dir='ltr'>Θεὸς</span> <span class='ocrx_word' id='word_1_653' title='bbox 3087 4347 3186 4415; x_wconf 74' lang='grc' dir='ltr'>τὴν</span> <span class='ocrx_word' id='word_1_654' title='bbox 3237 4345 3440 4423; x_wconf 71' lang='grc' dir='ltr'>α’ίρεσιν</span> <span class='ocrx_word' id='word_1_655' title='bbox 3484 4343 3714 4413; x_wconf 71' lang='grc' dir='ltr'>δέδωκεν,</span> <span class='ocrx_word' id='word_1_656' title='bbox 3749 4337 3822 4392; x_wconf 77' lang='grc' dir='ltr'>ἵνα</span> 
     </span>
    </p>
   </div>
   <div class='ocr_carea' id='block_1_87' title="bbox 2224 4427 3821 4510">
    <p class='ocr_par' dir='ltr' id='par_1_87' title="bbox 2224 4427 3821 4510">
     <span class='ocr_line' id='line_1_87' title="bbox 2224 4427 3821 4510; baseline -0.003 -19"><span class='ocrx_word' id='word_1_657' title='bbox 2224 4427 2383 4491; x_wconf 65' lang='grc' dir='ltr'>αὖτᾶς</span> <span class='ocrx_word' id='word_1_658' title='bbox 2435 4430 2530 4503; x_wconf 70' lang='grc' dir='ltr'>μὲν</span> <span class='ocrx_word' id='word_1_659' title='bbox 2585 4432 2796 4507; x_wconf 70' lang='grc' dir='ltr'>μηνύσῃ</span> <span class='ocrx_word' id='word_1_660' title='bbox 2847 4433 2909 4489; x_wconf 91' lang='grc' dir='ltr'>τὸ</span> <span class='ocrx_word' id='word_1_661' title='bbox 2959 4431 3102 4506; x_wconf 83' lang='grc' dir='ltr'>δέον,</span> <span class='ocrx_word' id='word_1_662' title='bbox 3154 4437 3188 4506; x_wconf 78' lang='grc' dir='ltr'>ἡ</span> <span class='ocrx_word' id='word_1_663' title='bbox 3225 4433 3302 4509; x_wconf 67' lang='grc' dir='ltr'>δὲ,</span> <span class='ocrx_word' id='word_1_664' title='bbox 3354 4434 3604 4510; x_wconf 72' lang='grc' dir='ltr'>ἑλομένη,</span> <span class='ocrx_word' id='word_1_665' title='bbox 3643 4429 3821 4503; x_wconf 77' lang='grc' dir='ltr'>δέξηται</span> 
     </span>
    </p>
   </div>
   <div class='ocr_carea' id='block_1_88' title="bbox 477 4503 2579 4594">
    <p class='ocr_par' dir='ltr' id='par_1_88' title="bbox 477 4503 2579 4594">
     <span class='ocr_line' id='line_1_88' title="bbox 477 4503 2579 4594; baseline 0 -18"><span class='ocrx_word' id='word_1_666' title='bbox 477 4524 658 4576; x_wconf 87' lang='lat' dir='ltr'>tatem</span> <span class='ocrx_word' id='word_1_667' title='bbox 689 4516 944 4590; x_wconf 87' lang='lat' dir='ltr'>eligendi</span> <span class='ocrx_word' id='word_1_668' title='bbox 973 4515 1136 4571; x_wconf 87' lang='lat' dir='ltr'>dedit</span> <span class='ocrx_word' id='word_1_669' title='bbox 1166 4520 1339 4583; x_wconf 90' lang='lat' dir='ltr'>Deus,</span> <span class='ocrx_word' id='word_1_670' title='bbox 1374 4517 1436 4568; x_wconf 88' lang='lat' dir='ltr'>ut</span> <span class='ocrx_word' id='word_1_671' title='bbox 1466 4513 1595 4585; x_wconf 90' lang='lat' dir='ltr'>ipse</span> <span class='ocrx_word' id='word_1_672' title='bbox 1653 4514 1889 4586; x_wconf 84' lang='lat' dir='ltr'>quidem</span> <span class='ocrx_word' id='word_1_673' title='bbox 1942 4516 2115 4572; x_wconf 79' lang='lat' dir='ltr'>officii</span> <span class='ocrx_word' id='word_1_674' title='bbox 2151 4503 2194 4567; x_wconf 88' lang='lat' dir='ltr'>D</span> <span class='ocrx_word' id='word_1_675' title='bbox 2223 4517 2313 4572; x_wconf 80' lang='grc' dir='ltr'>καὶ</span> <span class='ocrx_word' id='word_1_676' title='bbox 2343 4521 2579 4594; x_wconf 81' lang='grc' dir='ltr'>κατάχῃ.</span> 
     </span>
    </p>
   </div>
   <div class='ocr_carea' id='block_1_89' title="bbox 476 4601 2119 4676">
    <p class='ocr_par' dir='ltr' id='par_1_89' title="bbox 476 4601 2119 4676">
     <span class='ocr_line' id='line_1_89' title="bbox 476 4601 2119 4676; baseline -0.002 -11"><span class='ocrx_word' id='word_1_677' title='bbox 476 4608 569 4665; x_wconf 88' lang='lat' dir='ltr'>sui</span> <span class='ocrx_word' id='word_1_678' title='bbox 621 4609 953 4674; x_wconf 83' lang='lat' dir='ltr'>admoneat,</span> <span class='ocrx_word' id='word_1_679' title='bbox 1023 4603 1125 4660; x_wconf 92' lang='lat' dir='ltr'>illa</span> <span class='ocrx_word' id='word_1_680' title='bbox 1187 4619 1319 4660; x_wconf 89' lang='lat' dir='ltr'>vero</span> <span class='ocrx_word' id='word_1_681' title='bbox 1363 4601 1588 4675; x_wconf 88' lang='lat' dir='ltr'>eligens</span> <span class='ocrx_word' id='word_1_682' title='bbox 1654 4602 1906 4676; x_wconf 86' lang='lat' dir='ltr'>accipiat</span> <span class='ocrx_word' id='word_1_683' title='bbox 1955 4610 2119 4662; x_wconf 90' lang='lat' dir='ltr'>tene-</span> 
     </span>
    </p>
   </div>
   <div class='ocr_carea' id='block_1_90' title="bbox 476 4702 671 4768">
    <p class='ocr_par' dir='ltr' id='par_1_90' title="bbox 476 4702 671 4768">
     <span class='ocr_line' id='line_1_90' title="bbox 476 4702 671 4768; baseline -0.01 -15"><span class='ocrx_word' id='word_1_684' title='bbox 476 4702 671 4768; x_wconf 87' lang='lat' dir='ltr'>atque.</span> 
     </span>
    </p>
   </div>
   <div class='ocr_carea' id='block_1_91' title="bbox 548 4781 2122 4854">
    <p class='ocr_par' dir='ltr' id='par_1_91' title="bbox 548 4781 2122 4854">
     <span class='ocr_line' id='line_1_91' title="bbox 548 4781 2122 4854; baseline 0.001 -15"><span class='ocrx_word' id='word_1_685' title='bbox 548 4784 744 4839; x_wconf 76' lang='lat' dir='ltr'>XXIII.</span> <span class='ocrx_word' id='word_1_686' title='bbox 795 4781 973 4838; x_wconf 82' lang='lat' dir='ltr'>Sicuti</span> <span class='ocrx_word' id='word_1_687' title='bbox 1023 4797 1123 4852; x_wconf 91' lang='lat' dir='ltr'>per</span> <span class='ocrx_word' id='word_1_688' title='bbox 1183 4797 1396 4854; x_wconf 88' lang='lat' dir='ltr'>corpus</span> <span class='ocrx_word' id='word_1_689' title='bbox 1441 4782 1706 4837; x_wconf 88' lang='lat' dir='ltr'>Salvator</span> <span class='ocrx_word' id='word_1_690' title='bbox 1751 4781 1986 4839; x_wconf 89' lang='lat' dir='ltr'>locutus</span> <span class='ocrx_word' id='word_1_691' title='bbox 2033 4787 2122 4840; x_wconf 91' lang='lat' dir='ltr'>est</span> 
     </span>
    </p>
   </div>
   <div class='ocr_carea' id='block_1_92' title="bbox 477 4870 2118 4946">
    <p class='ocr_par' dir='ltr' id='par_1_92' title="bbox 477 4870 2118 4946">
     <span class='ocr_line' id='line_1_92' title="bbox 477 4870 2118 4946; baseline -0.002 -17"><span class='ocrx_word' id='word_1_692' title='bbox 477 4877 843 4945; x_wconf 77' lang='lat' dir='ltr'>aegrotosque</span> <span class='ocrx_word' id='word_1_693' title='bbox 874 4871 1194 4938; x_wconf 85' lang='lat' dir='ltr'>sanavit,ad</span> <span class='ocrx_word' id='word_1_694' title='bbox 1229 4870 1503 4926; x_wconf 91' lang='lat' dir='ltr'>eumdem</span> <span class='ocrx_word' id='word_1_695' title='bbox 1538 4871 1775 4927; x_wconf 91' lang='lat' dir='ltr'>modum</span> <span class='ocrx_word' id='word_1_696' title='bbox 1809 4871 2118 4946; x_wconf 84' lang='lat' dir='ltr'>priusqui-</span> 
     </span>
    </p>
   </div>
   <div class='ocr_carea' id='block_1_93' title="bbox 480 4958 2120 5032">
    <p class='ocr_par' dir='ltr' id='par_1_93' title="bbox 480 4958 2120 5032">
     <span class='ocr_line' id='line_1_93' title="bbox 480 4958 2120 5032; baseline 0 -15"><span class='ocrx_word' id='word_1_697' title='bbox 480 4963 611 5018; x_wconf 91' lang='lat' dir='ltr'>dem</span> <span class='ocrx_word' id='word_1_698' title='bbox 640 4977 743 5032; x_wconf 85' lang='lat' dir='ltr'>per</span> <span class='ocrx_word' id='word_1_699' title='bbox 766 4959 1058 5032; x_wconf 76' lang='lat' dir='ltr'>prophetas</span> <span class='ocrx_word' id='word_1_700' title='bbox 1084 4958 1195 5031; x_wconf 89' lang='lat' dir='ltr'>(d);</span> <span class='ocrx_word' id='word_1_701' title='bbox 1231 4975 1387 5014; x_wconf 89' lang='lat' dir='ltr'>nunc</span> <span class='ocrx_word' id='word_1_702' title='bbox 1411 4963 1600 5015; x_wconf 84' lang='lat' dir='ltr'>autem</span> <span class='ocrx_word' id='word_1_703' title='bbox 1631 4975 1730 5031; x_wconf 85' lang='lat' dir='ltr'>per</span> <span class='ocrx_word' id='word_1_704' title='bbox 1759 4962 2028 5031; x_wconf 66' lang='lat' dir='ltr'>apostolos</span> <span class='ocrx_word' id='word_1_705' title='bbox 2055 4978 2120 5017; x_wconf 92' lang='lat' dir='ltr'>ac</span> 
     </span>
    </p>
   </div>
   <div class='ocr_carea' id='block_1_94' title="bbox 479 5047 2114 5106">
    <p class='ocr_par' dir='ltr' id='par_1_94' title="bbox 479 5047 2114 5106">
     <span class='ocr_line' id='line_1_94' title="bbox 479 5047 2114 5106; baseline 0 0"><span class='ocrx_word' id='word_1_706' title='bbox 479 5051 736 5106; x_wconf 79' lang='lat' dir='ltr'>doctores.</span> <span class='ocrx_word' id='word_1_707' title='bbox 773 5047 983 5104; x_wconf 81' lang='lat' dir='ltr'>Virtuti</span> <span class='ocrx_word' id='word_1_708' title='bbox 1016 5047 1172 5103; x_wconf 91' lang='lat' dir='ltr'>enim</span> <span class='ocrx_word' id='word_1_709' title='bbox 1202 5047 1435 5104; x_wconf 91' lang='lat' dir='ltr'>Domini</span> <span class='ocrx_word' id='word_1_710' title='bbox 1489 5047 1786 5104; x_wconf 88' lang='lat' dir='ltr'>ministrat</span> <span class='ocrx_word' id='word_1_711' title='bbox 1819 5048 2069 5106; x_wconf 85' lang='lat' dir='ltr'>Ecclesia</span> <span class='ocrx_word' id='word_1_712' title='bbox 2101 5068 2114 5106; x_wconf 90' lang='lat'><strong>:</strong></span> 
     </span>
    </p>
   </div>
   <div class='ocr_carea' id='block_1_95' title="bbox 476 5136 2116 5210">
    <p class='ocr_par' dir='ltr' id='par_1_95' title="bbox 476 5136 2116 5210">
     <span class='ocr_line' id='line_1_95' title="bbox 476 5136 2116 5210; baseline 0 -14"><span class='ocrx_word' id='word_1_713' title='bbox 476 5140 612 5196; x_wconf 90' lang='lat' dir='ltr'>inde</span> <span class='ocrx_word' id='word_1_714' title='bbox 643 5144 783 5196; x_wconf 87' lang='lat' dir='ltr'>tunc</span> <span class='ocrx_word' id='word_1_715' title='bbox 813 5153 1043 5209; x_wconf 89' lang='lat' dir='ltr'>quoque</span> <span class='ocrx_word' id='word_1_716' title='bbox 1071 5136 1369 5192; x_wconf 87' lang='lat' dir='ltr'>hominem</span> <span class='ocrx_word' id='word_1_717' title='bbox 1401 5137 1749 5209; x_wconf 88' lang='lat' dir='ltr'>assumpsit,</span> <span class='ocrx_word' id='word_1_718' title='bbox 1769 5141 1832 5192; x_wconf 89' lang='lat' dir='ltr'>ut</span> <span class='ocrx_word' id='word_1_719' title='bbox 1860 5155 1962 5210; x_wconf 90' lang='lat' dir='ltr'>per</span> <span class='ocrx_word' id='word_1_720' title='bbox 1981 5156 2116 5196; x_wconf 91' lang='lat' dir='ltr'>eum</span> 
     </span>
    </p>
   </div>
   <div class='ocr_carea' id='block_1_96' title="bbox 475 5225 2117 5299">
    <p class='ocr_par' dir='ltr' id='par_1_96' title="bbox 475 5225 2117 5299">
     <span class='ocr_line' id='line_1_96' title="bbox 475 5225 2117 5299; baseline -0.001 -14"><span class='ocrx_word' id='word_1_721' title='bbox 475 5229 761 5285; x_wconf 85' lang='lat' dir='ltr'>voluntati</span> <span class='ocrx_word' id='word_1_722' title='bbox 783 5227 971 5283; x_wconf 86' lang='lat' dir='ltr'>Patris</span> <span class='ocrx_word' id='word_1_723' title='bbox 991 5226 1235 5282; x_wconf 87' lang='lat' dir='ltr'>serviret</span> <span class='ocrx_word' id='word_1_724' title='bbox 1256 5243 1278 5286; x_wconf 85' lang='lat'><strong><em>;</em></strong></span> <span class='ocrx_word' id='word_1_725' title='bbox 1308 5225 1427 5281; x_wconf 93' lang='lat' dir='ltr'>imo</span> <span class='ocrx_word' id='word_1_726' title='bbox 1448 5225 1746 5282; x_wconf 90' lang='lat' dir='ltr'>hominem</span> <span class='ocrx_word' id='word_1_727' title='bbox 1781 5241 2014 5299; x_wconf 88' lang='lat' dir='ltr'>semper</span> <span class='ocrx_word' id='word_1_728' title='bbox 2033 5227 2117 5284; x_wconf 89' lang='lat' dir='ltr'>in-</span> 
     </span>
    </p>
   </div>
   <div class='ocr_carea' id='block_1_97' title="bbox 477 5313 2118 5384">
    <p class='ocr_par' dir='ltr' id='par_1_97' title="bbox 477 5313 2118 5384">
     <span class='ocr_line' id='line_1_97' title="bbox 477 5313 2118 5384; baseline 0.001 -11"><span class='ocrx_word' id='word_1_729' title='bbox 477 5317 608 5373; x_wconf 88' lang='lat' dir='ltr'>duit</span> <span class='ocrx_word' id='word_1_730' title='bbox 638 5323 790 5373; x_wconf 88' lang='lat' dir='ltr'>Deus</span> <span class='ocrx_word' id='word_1_731' title='bbox 821 5315 1141 5384; x_wconf 89' lang='lat' dir='ltr'>humanus,</span> <span class='ocrx_word' id='word_1_732' title='bbox 1174 5314 1528 5384; x_wconf 88' lang='lat' dir='ltr'>misericors,</span> <span class='ocrx_word' id='word_1_733' title='bbox 1561 5317 1624 5369; x_wconf 92' lang='lat' dir='ltr'>ut</span> <span class='ocrx_word' id='word_1_734' title='bbox 1661 5313 2001 5373; x_wconf 88' lang='lat' dir='ltr'>hominibus</span> <span class='ocrx_word' id='word_1_735' title='bbox 2034 5335 2118 5374; x_wconf 90' lang='lat' dir='ltr'>sa-</span> 
     </span>
    </p>
   </div>
   <div class='ocr_carea' id='block_1_98' title="bbox 473 5403 2117 5477">
    <p class='ocr_par' dir='ltr' id='par_1_98' title="bbox 473 5403 2117 5477">
     <span class='ocr_line' id='line_1_98' title="bbox 473 5403 2117 5477; baseline 0 -14"><span class='ocrx_word' id='word_1_736' title='bbox 473 5405 656 5464; x_wconf 87' lang='lat' dir='ltr'>lutem</span> <span class='ocrx_word' id='word_1_737' title='bbox 687 5403 1060 5474; x_wconf 80' lang='lat' dir='ltr'>conciliaret;</span> <span class='ocrx_word' id='word_1_738' title='bbox 1092 5403 1258 5476; x_wconf 88' lang='lat' dir='ltr'>prius</span> <span class='ocrx_word' id='word_1_739' title='bbox 1298 5403 1539 5475; x_wconf 89' lang='lat' dir='ltr'>quidem</span> <span class='ocrx_word' id='word_1_740' title='bbox 1589 5404 1925 5477; x_wconf 87' lang='lat' dir='ltr'>prophetas,</span> <span class='ocrx_word' id='word_1_741' title='bbox 1961 5423 2117 5464; x_wconf 90' lang='lat' dir='ltr'>nunc</span> 
     </span>
    </p>
   </div>
   <div class='ocr_carea' id='block_1_99' title="bbox 574 5609 1340 5680">
    <p class='ocr_par' dir='ltr' id='par_1_99' title="bbox 574 5609 1340 5680">
     <span class='ocr_line' id='line_1_99' title="bbox 574 5609 1340 5680; baseline -0.001 -12"><span class='ocrx_word' id='word_1_742' title='bbox 574 5615 639 5680; x_wconf 66' lang='grc' dir='ltr'>»ιι</span> <span class='ocrx_word' id='word_1_743' title='bbox 667 5617 726 5668; x_wconf 87' lang='grc' dir='ltr'>Ρ.</span> <span class='ocrx_word' id='word_1_744' title='bbox 757 5612 862 5668; x_wconf 85' lang='grc'>984</span> <span class='ocrx_word' id='word_1_745' title='bbox 891 5612 1005 5670; x_wconf 83' lang='lat' dir='ltr'>ED.</span> <span class='ocrx_word' id='word_1_746' title='bbox 1037 5609 1340 5668; x_wconf 81' lang='lat' dir='ltr'>POTTER.</span> 
     </span>
    </p>
   </div>
   <div class='ocr_carea' id='block_1_100' title="bbox 466 5682 876 5759">
    <p class='ocr_par' dir='ltr' id='par_1_100' title="bbox 466 5682 876 5759">
     <span class='ocr_line' id='line_1_100' title="bbox 466 5682 876 5759; baseline 0.005 -19"><span class='ocrx_word' id='word_1_747' title='bbox 466 5682 547 5758; x_wconf 74' lang='grc' dir='ltr'>(ά)</span> <span class='ocrx_word' id='word_1_748' title='bbox 576 5684 717 5741; x_wconf 81' lang='lat' dir='ltr'>Heb.</span> <span class='ocrx_word' id='word_1_749' title='bbox 752 5703 792 5759; x_wconf 81' lang='grc' dir='ltr'>ι,</span> <span class='ocrx_word' id='word_1_750' title='bbox 825 5687 876 5742; x_wconf 87' lang='grc'><strong>1.</strong></span> 
     </span>
    </p>
   </div>
   <div class='ocr_carea' id='block_1_101' title="bbox 1451 5609 2376 5685">
    <p class='ocr_par' dir='ltr' id='par_1_101' title="bbox 1451 5609 2376 5685">
     <span class='ocr_line' id='line_1_101' title="bbox 1451 5609 2376 5685; baseline 0.003 -19"><span class='ocrx_word' id='word_1_751' title='bbox 1451 5609 1530 5683; x_wconf 91' lang='lat' dir='ltr'>(a)</span> <span class='ocrx_word' id='word_1_752' title='bbox 1558 5613 1730 5666; x_wconf 80' lang='lat' dir='ltr'>Rom.</span> <span class='ocrx_word' id='word_1_753' title='bbox 1763 5625 1888 5682; x_wconf 81' lang='grc' dir='ltr'>νιιι,</span> <span class='ocrx_word' id='word_1_754' title='bbox 1924 5611 2028 5682; x_wconf 84' lang='grc'>15;</span> <span class='ocrx_word' id='word_1_755' title='bbox 2060 5613 2185 5670; x_wconf 77' lang='lat' dir='ltr'>Gal.</span> <span class='ocrx_word' id='word_1_756' title='bbox 2220 5631 2294 5685; x_wconf 81' lang='grc' dir='ltr'>ιν,</span> <span class='ocrx_word' id='word_1_757' title='bbox 2320 5615 2376 5669; x_wconf 84' lang='grc'>6.</span> 
     </span>
    </p>
   </div>
   <div class='ocr_carea' id='block_1_102' title="bbox 2298 4782 3824 4865">
    <p class='ocr_par' dir='ltr' id='par_1_102' title="bbox 2298 4782 3824 4865">
     <span class='ocr_line' id='line_1_102' title="bbox 2298 4782 3824 4865; baseline -0.002 -26"><span class='ocrx_word' id='word_1_758' title='bbox 2298 4790 2420 4845; x_wconf 86' lang='lat' dir='ltr'>Kl&quot;.</span> <span class='ocrx_word' id='word_1_759' title='bbox 2462 4787 2667 4863; x_wconf 82' lang='grc' dir='ltr'>Ὥσπερ</span> <span class='ocrx_word' id='word_1_760' title='bbox 2699 4784 2787 4842; x_wconf 74' lang='grc' dir='ltr'>διὰ</span> <span class='ocrx_word' id='word_1_761' title='bbox 2816 4791 2913 4842; x_wconf 73' lang='grc' dir='ltr'>τοῦ</span> <span class='ocrx_word' id='word_1_762' title='bbox 2944 4790 3198 4862; x_wconf 79' lang='grc' dir='ltr'>σώματος</span> <span class='ocrx_word' id='word_1_763' title='bbox 3247 4791 3276 4846; x_wconf 87' lang='lat'>6</span> <span class='ocrx_word' id='word_1_764' title='bbox 3326 4792 3516 4865; x_wconf 75' lang='grc' dir='ltr'>Σωτὴρ</span> <span class='ocrx_word' id='word_1_765' title='bbox 3547 4787 3714 4844; x_wconf 72' lang='grc' dir='ltr'>ἐλάλει</span> <span class='ocrx_word' id='word_1_766' title='bbox 3752 4782 3824 4839; x_wconf 83' lang='grc' dir='ltr'>καὶ</span> 
     </span>
    </p>
   </div>
   <div class='ocr_carea' id='block_1_103' title="bbox 2230 4871 3824 4954">
    <p class='ocr_par' dir='ltr' id='par_1_103' title="bbox 2230 4871 3824 4954">
     <span class='ocr_line' id='line_1_103' title="bbox 2230 4871 3824 4954; baseline 0.001 -27"><span class='ocrx_word' id='word_1_767' title='bbox 2230 4871 2382 4947; x_wconf 81' lang='grc' dir='ltr'>ἰᾶτο,</span> <span class='ocrx_word' id='word_1_768' title='bbox 2443 4873 2585 4930; x_wconf 74' lang='grc' dir='ltr'>οὕτω</span> <span class='ocrx_word' id='word_1_769' title='bbox 2641 4877 2732 4930; x_wconf 69' lang='grc' dir='ltr'>καὶ</span> <span class='ocrx_word' id='word_1_770' title='bbox 2777 4877 3039 4952; x_wconf 87' lang='grc' dir='ltr'>πρότερον</span> <span class='ocrx_word' id='word_1_771' title='bbox 3090 4879 3183 4954; x_wconf 74' lang='grc' dir='ltr'>μὲν</span> <span class='ocrx_word' id='word_1_772' title='bbox 3245 4876 3334 4934; x_wconf 78' lang='grc' dir='ltr'>διὰ</span> <span class='ocrx_word' id='word_1_773' title='bbox 3389 4884 3495 4934; x_wconf 85' lang='grc' dir='ltr'>τῶν</span> <span class='ocrx_word' id='word_1_774' title='bbox 3542 4877 3824 4954; x_wconf 80' lang='grc' dir='ltr'>προφητῶν,</span> 
     </span>
    </p>
   </div>
   <div class='ocr_carea' id='block_1_104' title="bbox 2227 4959 3821 5023">
    <p class='ocr_par' dir='ltr' id='par_1_104' title="bbox 2227 4959 3821 5023">
     <span class='ocr_line' id='line_1_104' title="bbox 2227 4959 3821 5023; baseline -0.001 -7"><span class='ocrx_word' id='word_1_775' title='bbox 2227 4965 2316 5017; x_wconf 81' lang='grc' dir='ltr'>νῦν</span> <span class='ocrx_word' id='word_1_776' title='bbox 2372 4959 2429 5017; x_wconf 78' lang='grc' dir='ltr'>δὲ</span> <span class='ocrx_word' id='word_1_777' title='bbox 2487 4960 2577 5018; x_wconf 75' lang='grc' dir='ltr'>διὰ</span> <span class='ocrx_word' id='word_1_778' title='bbox 2630 4967 2738 5019; x_wconf 82' lang='grc' dir='ltr'>τῶν</span> <span class='ocrx_word' id='word_1_779' title='bbox 2799 4965 3116 5022; x_wconf 82' lang='grc' dir='ltr'>ἀποστόλων</span> <span class='ocrx_word' id='word_1_780' title='bbox 3172 4968 3261 5022; x_wconf 84' lang='grc' dir='ltr'>καὶ</span> <span class='ocrx_word' id='word_1_781' title='bbox 3317 4972 3426 5023; x_wconf 81' lang='grc' dir='ltr'>τῶν</span> <span class='ocrx_word' id='word_1_782' title='bbox 3485 4963 3821 5022; x_wconf 57' lang='grc' dir='ltr'>διδασκάλων</span> 
     </span>
    </p>
   </div>
   <div class='ocr_carea' id='block_1_105' title="bbox 2226 5049 3822 5133">
    <p class='ocr_par' dir='ltr' id='par_1_105' title="bbox 2226 5049 3822 5133">
     <span class='ocr_line' id='line_1_105' title="bbox 2226 5049 3822 5133; baseline -0.005 -22"><span class='ocrx_word' id='word_1_783' title='bbox 2226 5053 2260 5122; x_wconf 82' lang='grc' dir='ltr'><strong>ἡ</strong></span> <span class='ocrx_word' id='word_1_784' title='bbox 2303 5051 2603 5123; x_wconf 82' lang='grc' dir='ltr'>Ἐκκλησία</span> <span class='ocrx_word' id='word_1_785' title='bbox 2654 5053 2759 5130; x_wconf 79' lang='grc' dir='ltr'>γὰρ</span> <span class='ocrx_word' id='word_1_786' title='bbox 2809 5055 3069 5132; x_wconf 82' lang='grc' dir='ltr'>ὑπηρετεῖ</span> <span class='ocrx_word' id='word_1_787' title='bbox 3112 5060 3179 5130; x_wconf 80' lang='grc' dir='ltr'>τῇ</span> <span class='ocrx_word' id='word_1_788' title='bbox 3227 5061 3326 5111; x_wconf 74' lang='grc' dir='ltr'>τοῦ</span> <span class='ocrx_word' id='word_1_789' title='bbox 3375 5056 3567 5133; x_wconf 85' lang='grc' dir='ltr'>Κυρίου</span> <span class='ocrx_word' id='word_1_790' title='bbox 3602 5049 3822 5129; x_wconf 73' lang='grc' dir='ltr'>ἐνεργείασ</span> 
     </span>
    </p>
   </div>
   <div class='ocr_carea' id='block_1_106' title="bbox 2227 5138 3822 5220">
    <p class='ocr_par' dir='ltr' id='par_1_106' title="bbox 2227 5138 3822 5220">
     <span class='ocr_line' id='line_1_106' title="bbox 2227 5138 3822 5220; baseline -0.001 -26"><span class='ocrx_word' id='word_1_791' title='bbox 2227 5138 2370 5195; x_wconf 76' lang='grc' dir='ltr'>ἔνθεν</span> <span class='ocrx_word' id='word_1_792' title='bbox 2421 5141 2511 5196; x_wconf 80' lang='grc' dir='ltr'>καὶ</span> <span class='ocrx_word' id='word_1_793' title='bbox 2565 5138 2690 5197; x_wconf 87' lang='grc' dir='ltr'>τότε</span> <span class='ocrx_word' id='word_1_794' title='bbox 2746 5140 3024 5220; x_wconf 75' lang='grc' dir='ltr'>ἄνθρωπον</span> <span class='ocrx_word' id='word_1_795' title='bbox 3084 5141 3373 5215; x_wconf 70' lang='grc' dir='ltr'>ἀνίλαόεν,</span> <span class='ocrx_word' id='word_1_796' title='bbox 3430 5143 3519 5200; x_wconf 75' lang='grc' dir='ltr'>’ίνα</span> <span class='ocrx_word' id='word_1_797' title='bbox 3574 5141 3639 5199; x_wconf 82' lang='grc' dir='ltr'>δι’</span> <span class='ocrx_word' id='word_1_798' title='bbox 3685 5140 3822 5196; x_wconf 83' lang='grc' dir='ltr'>αὐτοῦ</span> 
     </span>
    </p>
   </div>
   <div class='ocr_carea' id='block_1_107' title="bbox 2227 5230 3823 5312">
    <p class='ocr_par' dir='ltr' id='par_1_107' title="bbox 2227 5230 3823 5312">
     <span class='ocr_line' id='line_1_107' title="bbox 2227 5230 3823 5312; baseline -0.003 -27"><span class='ocrx_word' id='word_1_799' title='bbox 2227 5230 2542 5306; x_wconf 73' lang='grc' dir='ltr'>ὑπηρετήσῃ</span> <span class='ocrx_word' id='word_1_800' title='bbox 2589 5235 2669 5305; x_wconf 81' lang='grc' dir='ltr'>τῷ</span> <span class='ocrx_word' id='word_1_801' title='bbox 2727 5232 2995 5308; x_wconf 76' lang='grc' dir='ltr'>θελήματι</span> <span class='ocrx_word' id='word_1_802' title='bbox 3048 5232 3144 5289; x_wconf 69' lang='grc' dir='ltr'>τοῦ</span> <span class='ocrx_word' id='word_1_803' title='bbox 3201 5235 3440 5312; x_wconf 86' lang='grc' dir='ltr'>Πατρός·</span> <span class='ocrx_word' id='word_1_804' title='bbox 3491 5233 3576 5289; x_wconf 67' lang='grc' dir='ltr'>καὶ</span> <span class='ocrx_word' id='word_1_805' title='bbox 3627 5232 3823 5286; x_wconf 74' lang='grc' dir='ltr'>πάντοτε</span> 
     </span>
    </p>
   </div>
   <div class='ocr_carea' id='block_1_108' title="bbox 2224 5316 3822 5398">
    <p class='ocr_par' dir='ltr' id='par_1_108' title="bbox 2224 5316 3822 5398">
     <span class='ocr_line' id='line_1_108' title="bbox 2224 5316 3822 5398; baseline -0.003 -25"><span class='ocrx_word' id='word_1_806' title='bbox 2224 5319 2511 5394; x_wconf 79' lang='grc' dir='ltr'>ἄνθρωπον</span> <span class='ocrx_word' id='word_1_807' title='bbox 2545 5321 2572 5374; x_wconf 89' lang='lat'>6</span> <span class='ocrx_word' id='word_1_808' title='bbox 2601 5318 2986 5398; x_wconf 80' lang='grc' dir='ltr'>φιλάνθρωπος</span> <span class='ocrx_word' id='word_1_809' title='bbox 3015 5320 3252 5380; x_wconf 79' lang='grc' dir='ltr'>ἐνδύεται</span> <span class='ocrx_word' id='word_1_810' title='bbox 3311 5323 3441 5387; x_wconf 84' lang='grc' dir='ltr'>Θεὸς</span> <span class='ocrx_word' id='word_1_811' title='bbox 3500 5322 3574 5384; x_wconf 83' lang='grc' dir='ltr'>εἷς</span> <span class='ocrx_word' id='word_1_812' title='bbox 3623 5321 3711 5387; x_wconf 79' lang='grc' dir='ltr'>τήν</span> <span class='ocrx_word' id='word_1_813' title='bbox 3745 5316 3822 5370; x_wconf 84' lang='grc' dir='ltr'>ἀν·</span> 
     </span>
    </p>
   </div>
   <div class='ocr_carea' id='block_1_109' title="bbox 2227 5407 3823 5488">
    <p class='ocr_par' dir='ltr' id='par_1_109' title="bbox 2227 5407 3823 5488">
     <span class='ocr_line' id='line_1_109' title="bbox 2227 5407 3823 5488; baseline 0.005 -26"><span class='ocrx_word' id='word_1_814' title='bbox 2227 5408 2462 5484; x_wconf 83' lang='grc' dir='ltr'>θρώπων</span> <span class='ocrx_word' id='word_1_815' title='bbox 2515 5409 2825 5482; x_wconf 89' lang='grc' dir='ltr'>σωτηρίαν,</span> <span class='ocrx_word' id='word_1_816' title='bbox 2881 5412 3146 5488; x_wconf 88' lang='grc' dir='ltr'>πρότερον</span> <span class='ocrx_word' id='word_1_817' title='bbox 3207 5412 3300 5485; x_wconf 74' lang='grc' dir='ltr'>μὲν</span> <span class='ocrx_word' id='word_1_818' title='bbox 3354 5410 3482 5474; x_wconf 74' lang='grc' dir='ltr'>τοὺς</span> <span class='ocrx_word' id='word_1_819' title='bbox 3533 5407 3823 5487; x_wconf 64' lang='grc' dir='ltr'>προφήτας,</span> 
     </span>
    </p>
   </div>
   <div class='ocr_carea' id='block_1_110' title="bbox 2489 5607 3824 5692">
    <p class='ocr_par' dir='ltr' id='par_1_110' title="bbox 2489 5607 3824 5692">
     <span class='ocr_line' id='line_1_110' title="bbox 2489 5607 3824 5692; baseline -0.004 -20"><span class='ocrx_word' id='word_1_820' title='bbox 2489 5615 2565 5688; x_wconf 84' lang='lat' dir='ltr'>(b)</span> <span class='ocrx_word' id='word_1_821' title='bbox 2594 5615 2800 5673; x_wconf 76' lang='lat' dir='ltr'>Matth.</span> <span class='ocrx_word' id='word_1_822' title='bbox 2825 5617 3040 5689; x_wconf 67' lang='lat'>111,50;</span> <span class='ocrx_word' id='word_1_823' title='bbox 3073 5633 3234 5692; x_wconf 80' lang='lat' dir='ltr'>mu,</span> <span class='ocrx_word' id='word_1_824' title='bbox 3265 5619 3319 5677; x_wconf 84' lang='lat'>9.</span> <span class='ocrx_word' id='word_1_825' title='bbox 3431 5618 3505 5692; x_wconf 78' lang='grc' dir='ltr'>(ο)</span> <span class='ocrx_word' id='word_1_826' title='bbox 3531 5607 3824 5690; x_wconf 75' lang='lat' dir='ltr'>Eph.m,l5.</span> 
     </span>
    </p>
   </div>
  </div>
