4006 6200
530 361 639 416 715

535 570 839 642 gnosticus
871 582 983 637 praa
1015 563 1290 620 omnibus
1311 563 1610 628 decorum,
1641 573 1772 612 cum
1797 573 1863 611 eo
1896 555 2051 627 quod
2084 569 2174 608 ra-

538 659 684 715 tioni
715 663 1169 713 consentaneum
1203 662 1311 717 est,
1346 655 1554 706 serVaL
1591 647 1886 716 Quidquid
1920 644 2075 700 enim
2107 659 2176 698 ex

533 749 743 804 ali‘ectu
772 751 827 802 et
860 741 1237 816 passionibus
1269 745 1376 806 est,
1411 756 1475 793 ex
1500 738 1698 793 anima
1727 735 1884 790 omni
1913 733 2175 788 abscisso

533 842 590 894 et
625 837 843 899 ablato,
864 847 1078 888 cumeo
1093 831 1244 901 quod
1268 825 1827 900 praestantissimum
1847 836 2177 894 purumque

537 925 634 990 sit,
668 940 732 979 ac
763 921 1015 978 filiorum
1050 920 1379 974 libertatem
1412 915 1724 987 adoptione
1771 916 2177 979 consecutum,

539 1018 743 1086 postea
767 1017 1034 1066 versatur
1056 1009 1352 1076 vitamque
1382 1021 1552 1060 suam
1583 1002 1722 1075 agit.

609 1101 845 1157 XXXII.
881 1098 1235 1170 Pythagoras
1268 1093 1467 1159 voluit,
1501 1109 1616 1147 non
1638 1097 1829 1146 solum
1849 1085 2176 1144 eruditissi-

542 1208 729 1258 mum,
761 1205 962 1245 verum
995 1187 1170 1242 etiam
1198 1183 1550 1255 sapientium
1575 1177 2055 1252 antiquissimum
2079 1178 2178 1230 du-

539 1284 792 1338 cendum
822 1283 961 1343 fore,
993 1277 1091 1348 qui
1124 1281 1300 1330 rebus
1318 1269 1917 1341 nominaimpoueret.
1941 1265 2181 1337 Oportet

541 1373 740 1440 itaque
773 1373 837 1424 ut
867 1367 1200 1437 Scripturas
1227 1377 1425 1418 sacras
1448 1365 1716 1416 accurate
1737 1356 2177 1429 perscrutanda,

541 1459 819 1532 quoniam
853 1458 911 1512 in
970 1453 1264 1526 parabolis
1311 1454 1611 1507 contextae
1659 1464 1789 1502 esse
1831 1452 2078 1509 constat,
2111 1460 2179 1498 ex

538 1549 882 1606 nominibus
915 1544 1256 1600 earumdem
1298 1539 1623 1596 sententias
1677 1550 1979 1601 venemur,
2029 1549 2180 1604 quas

539 1639 792 1710 Spiritus
821 1639 1061 1690 sanctus
1093 1633 1163 1686 de
1197 1631 1366 1685 rebus
1399 1627 1509 1683 sibi
1552 1625 1876 1698 proposuit,
1925 1629 1983 1678 et
2011 1631 2073 1678 ut
2099 1621 2182 1676 ita

542 1731 758 1793 dicam,
789 1719 1279 1784 vocibusindidit,
1312 1718 1565 1787 indeque
1598 1721 1850 1769 mentem
1881 1729 2050 1766 suam
2080 1727 2175 1766 ex-

1780 346 2116 404 CLEMENS
2155 343 2718 398 ALEXANDBINUS
3782 344 3857 400 716

536 491 593 538 et
621 482 791 537 dulce
824 478 1179 546 mordaxque
1209 475 1303 530 sit.
1327 472 1576 528 Proinde
1598 471 1684 541 vir
1700 469 1931 540 sapiens
1955 483 2021 522 ac
2047 481 2178 522 vere

2296 467 2376 516 κεῖ
2431 481 2488 516 τε
2545 459 2654 514 ὅντι
2702 459 2793 514 καὶ
2854 456 3120 533 δηκτικῷ.
3173 463 3331 522 Ὠςτε
3381 459 3566 522 παντὸς
3623 460 3858 533 μᾶλλονὸ

2282 552 2580 626 γνωστικὸς
2620 551 2680 603 τὸ
2727 547 2935 624 πρέπον
2982 548 3040 603 ἂν
3101 549 3236 623 μετᾶ
3281 554 3374 604 τοῦ
3422 551 3551 605 κατὰ.
3592 547 3739 626 λόγον
3788 576 3861 628 φυ-

2287 637 2492 697 λάσσει.
2547 645 2652 693 Τοῦ
2717 638 2820 714 γάρ
2880 639 3157 711 ἐμπαθοῦς
3231 641 3427 704 παντὸς
3495 645 3856 716 περιτμηθέντος

2283 731 2372 783 καὶ
2404 732 2842 802 περιαιρεθέντος
2887 731 3098 799 ἀπάσης
3145 734 3243 794 τῆς
3294 733 3498 805 ψυχῆς,
3540 735 3616 803 τῷ
3637 734 3858 805 κρατίστῳ
3937 731 3940 740 ⁵

2284 827 2506 896 καθαρῷ
2561 823 2836 895 γενομένῳ
2899 821 2990 876 καὶ
3046 821 3473 894 ἠλευθερωμένῳ
3526 822 3595 886 εἰς
3643 824 3858 887 υἱοθεσίαν
3955 851 3957 860 ι

2284 915 2382 965 τοῦ
2413 909 2612 965 λοιποῦ
2641 909 2850 965 σύνεστί
2881 931 2942 965 τε
2968 911 3059 966 καὶ
3095 911 3233 984 βιοῖ.

3912 20 3958 822 l

2358 1093 2478 1147 AB'.
2525 1089 2841 1166 Πυθαγόρας
2885 1090 3040 1160 ἠξίου
3068 1091 3145 1162 μὴ
3180 1089 3345 1163 μόνον
3385 1088 3714 1166 λογιώτατον,
3751 1090 3866 1148 ἀλλὰ

2288 1180 2376 1234 καὶ
2405 1174 2773 1253 πρεσϐῦτατον
2816 1182 3070 1254 ἡγεῖσθαι
3114 1179 3223 1233 τῶν
3271 1183 3449 1255 σοφῶν
3480 1181 3567 1235 τὸν
3612 1179 3796 1253 θέμενον
3816 1182 3866 1236 τὰ

2289 1267 2530 1341 ὀνόματα
2557 1273 2673 1330 τοῖς
2719 1270 3025 1343 πράγμασι.
3059 1273 3149 1323 Δεῖ
3187 1268 3370 1323 τοίνυν
3412 1268 3504 1331 τὰς
3536 1269 3724 1347 Γραφιὶς
3746 1269 3865 1344 ἀκρι-

2289 1353 2403 1420 ϐῶς
2435 1355 2908 1430 διερευνωμένους,
2959 1355 3147 1426 ἐπειδὴ
3197 1356 3249 1412 έν
3295 1353 3627 1432 παραϐολαῖς
3669 1357 3866 1432 είρῆσθαι

2288 1445 2773 1520 ἀνωμολόγηνται,
2821 1447 2928 1501 ἀπὸ
2964 1451 3071 1502 τῶν
3121 1445 3411 1519 ὀνομάτων
3458 1448 3776 1519 θηρωμένους
3798 1451 3866 1509 τας

2291 1533 2467 1606 δόξας,
2526 1536 2589 1598 ἃς
2646 1538 2710 1590 τὸ
2768 1537 2922 1609 ἅγιον
2987 1539 3204 1608 Πνεῦμα
3256 1536 3380 1606 περὶ
3434 1539 3540 1590 τῶν
3593 1542 3865 1610 πραγμάτων

2290 1621 2441 1700 ἔχον,
2476 1625 2552 1686 είς
2581 1628 2678 1686 τὰς
2723 1624 2916 1694 λέξεις,
2961 1625 3035 1686 ὡς
3083 1624 3279 1695 εἰπεῖν,
3329 1625 3430 1692 τήν
3475 1624 3631 1678 αὐτοῦ
3673 1623 3867 1679 διάνοιαν

2289 1713 2744 1785 ἐκτυπωσάμενον
2803 1710 3067 1783 διδάσκει,
3117 1711 3210 1766 ’ίνα
3267 1715 3402 1784 ἡμῖν
3458 1707 3683 1788 ἀκριϐῶς
3732 1713 3870 1786 ἐξετα-

545 1831 806 1888 pressam
840 1813 1047 1876 docet;
1078 1825 1211 1864 eum
1250 1823 1457 1877 nempe
1502 1806 1558 1858 in
1610 1806 1804 1869 linem,
1833 1808 1894 1856 ut
1940 1802 2178 1856 nomina

2296 1803 2490 1874 ζόμενα
2558 1799 2949 1871 διαπτύσσηται
2992 1802 3059 1856 τὰ
3116 1801 3361 1874 ὀνόματα
3423 1801 3740 1874 πολυσήμως
3797 1804 3869 1876 μὶν
3961 1859 3963 1864 ,

543 1924 669 1978 quae
691 1899 1115 1974 significatione
1131 1895 1438 1965 multiplici
1457 1893 1613 1948 dicta
1625 1898 1780 1957 sunt,
1797 1889 2130 1960 dilligenter
2150 1904 2184 1943 a

543 1977 712 2051 nobis
738 2006 991 2063 expensa
1020 1986 1402 2058 explicentur,
1425 1981 1873 2039 etabsconditus
1896 1980 1954 2034 in
1980 1977 2184 2033 multis

541 2086 624 2141 sic
649 2081 984 2151 tegentibus
1013 2092 1247 2137 sensus,
1293 2073 1463 2144 quasi
1513 2069 1929 2126 coutrectandu
1977 2068 2179 2122 condi-

541 2171 875 2240 scendoque
894 2171 1352 2238 appareatatque
1372 2161 1614 2216 eluceat.
1637 2159 1728 2212 Sic
1742 2159 1894 2211 enim
1919 2162 1975 2210 et
1998 2155 2184 2226 plum-

543 2264 680 2316 bum
713 2258 913 2314 attritu
948 2251 1266 2315 candescit,
1298 2248 1430 2304 alba
1460 2265 1529 2302 ex
1561 2247 1726 2318 nigro
1773 2261 2014 2300 cerussa
2053 2244 2178 2313 jam

541 2352 715 2404 facta.
753 2345 845 2400 sic
903 2342 1080 2398 etiam
1127 2344 1183 2394 et
1239 2336 1485 2394 scientia
1542 2335 1735 2390 lucem
1794 2351 1860 2390 ac
1900 2333 2180 2404 splendo-

540 2453 662 2492 rem
695 2432 1020 2498 elIundens,
1074 2445 1203 2484 vere
1255 2426 1454 2481 divina
1510 2424 1611 2479 illa
1667 2423 1952 2494 sapientia
1984 2422 2180 2492 fuerit,

540 2541 754 2597 purum
784 2521 931 2578 illud
961 2519 1183 2584 lumen,
1207 2514 1550 2570 illuminans
1583 2513 1718 2568 illos
1767 2528 2020 2584 quorum
2072 2527 2179 2582 pu-

537 2615 681 2687 pilla
705 2611 1005 2668 oculorum
1051 2624 1199 2679 pura
1248 2603 1441 2669 tuerit,
1494 2603 1794 2658 veritatem
1842 2606 1906 2656 ut
1948 2600 2182 2656 videant

535 2702 924 2771 eamdemque
955 2696 1202 2751 firmiter
1229 2691 1752 2763 comprehendant.

607 2783 1287 2846 864XXXIII.Prcinde
1308 2781 1458 2836 lucis
1475 2779 1723 2850 hujusce
1745 2777 2180 2850 principio,l‘ace

536 2897 800 2944 accensa,
833 2894 901 2933 et
932 2877 1206 2946 passione
1235 2887 1364 2941 quae
1396 2869 1634 2940 qnidem
1671 2869 1728 2922 iu
1763 2867 1861 2923 illa
1893 2873 2179 2933 versatur,

536 2985 715 3040 quam
749 2962 1145 3021 maximelicet
1161 2961 1232 3015 ad
1258 2957 1708 3014 similitudinem
1733 2958 2180 3023 contendentes,

537 3058 686 3113 lucis
729 3056 904 3126 pleni,
937 3051 1047 3106 viri
1079 3047 1352 3106 Israelita-3
1386 3046 1581 3117 reipsa
1601 3046 1924 3101 evadimus.
1944 3045 2179 3100 Amicos

539 3147 694 3203 enim
727 3145 1055 3212 fratresque
1086 3137 1310 3193 vocavit
1342 3137 1491 3201 illos,
1546 3135 1646 3206 qui
1707 3134 2020 3202 desiderio,
2079 3133 2178 3204 qui

2291 1891 2552 1965 εἰρημένα
2601 1894 2734 1963 ‘55),
2766 1892 2828 1945 τὸ
2873 1888 2919 1945 δ’
2967 1889 3402 1966 ἐγκεκρυμμένον
3442 1891 3494 1946 έν
3532 1890 3744 1953 πολλοῖς
3782 1898 3871 1953 τοῖς

2290 1983 2546 2034 σκέπουσι
2623 1980 3032 2058 ψηλαφώμενον
3107 1983 3200 2035 καί
3255 1982 3766 2054 καταμανθανόμενον
3806 1981 3872 2036 ix-

2290 2069 2543 2144 φαίνηται
2585 2075 2678 2123 καί
2720 2067 3038 2143 ἀναλάμψῃ.
3089 2069 3276 2130 Οὕτως
3329 2071 3436 2144 γάρ
3484 2071 3627 2124 καὶὸ
3657 2065 3873 2143 μόλιϐδος

2285 2165 2401 2219 τοῖς
2451 2153 2726 2232 τρίϐουσιν
2776 2157 2978 2228 ἐξανθεῖ
3028 2157 3218 2213 λευκὸν
3266 2156 3326 2212 ἐκ
3379 2157 3610 2231 μέλανος
3646 2160 3700 2212 τὸ
3741 2157 3873 2231 ψιμῦ·

2288 2248 2424 2300 θιονε
2461 2246 2632 2307 οὕτως
2662 2246 2749 2300 καὶ
2803 2250 2915 2319 (56)
2945 2249 2979 2315 ἡ
3013 2252 3237 2321 γνῶσις,
3288 2251 3508 2325 φέγγος,
3538 2247 3623 2302 καὶ
3669 2246 3877 2320 λαμπρό-

2287 2357 2425 2404 τητα
2481 2337 2824 2410 καταχέουσα
2870 2341 2979 2390 τῶν
3029 2337 3392 2410 πραγμάτων,
3437 2339 3472 2406 ἡ
3528 2357 3604 2408 τῳ
3647 2331 3748 2390 ὄντι
3789 2337 3882 2409 φιία

2291 2425 2451 2501 σοφία
2481 2423 2565 2494 εἴη
2597 2423 2679 2494 ἂν,
2707 2425 2770 2480 τὸ
2801 2424 2915 2502 φῶς
2966 2427 3029 2479 τὸ
3079 2424 3394 2500 εἰλικρινὲς,
3431 2427 3494 2481 τὸ
3525 2427 3750 2503 φωτίζον
3786 2425 3884 2484 τοὺς

2288 2513 2556 2586 καθαροὺς
2582 2517 2689 2566 τῶν
2725 2511 3024 2586 ἀνθρώπων
3053 2512 3127 2574 ὡς
3155 2511 3323 2587 κόρην
3360 2511 3672 2589 ὀφθαλμοῦ,
3702 2511 3766 2573 είς
3792 2509 3884 2583 ὄψιν

2288 2601 2376 2656 καὶ
2409 2599 2719 2674 κατάληψιν
2745 2608 2842 2670 τῆς
2875 2599 3137 2672 ἀληθείας
3172 2595 3418 2676 βεϐαίαν.

2359 2782 2478 2838 ΑΓ.
2535 2780 2901 2854 Ἀναψάμενοι
2958 2779 3138 2835 τοίνυν
3208 2782 3306 2849 τῆς
3363 2781 3544 2857 ἀρχῆς
3616 2784 3702 2836 τοῦ
3751 2779 3890 2857 φωτὸς

2287 2870 2496 2925 ἐκείνου
2537 2869 2596 2924 ἐκ
2623 2874 2719 2924 τοῦ
2769 2871 2974 2934 πάθους
3019 2875 3117 2924 τοῦ
3164 2870 3288 2943 περὶ
3349 2871 3508 2940 αὐτὸ,
3567 2872 3636 2933 ὡς
3688 2868 3755 2924 ἔνι

2291 2960 2448 3015 λιστα
2479 2957 2859 3031 ἐξομοιοῦσθαι
2890 2959 3245 3033 πειρώμενοι,
3276 2960 3461 3033 φωτὸς
3493 2956 3713 3033 ἔμπλεοι
3749 2961 3890 3034 φῶτις

2289 3047 2622 3122 Ἰσραηλῖται
2656 3052 2736 3118 τῷ
2787 3044 2900 3102 ὄντι
2950 3048 3236 3121 γινόμεθα.
3287 3047 3501 3109 Φίλους
3551 3049 3645 3122 γὰρ
3692 3048 3791 3102 εἶπε
3822 3044 3892 3100 καί

2289 3133 2559 3214 ἀδελφοὺς
2588 3135 2716 3200 τοὺς
2746 3135 3040 3211 ἐχομένους
3067 3144 3168 3206 τῆς
3196 3137 3332 3210 πρὸς
3365 3138 3429 3193 τὸ
3464 3144 3613 3193 Θεῖον
3646 3135 3891 3214 ἀφομοιώ-

537 3240 773 3300 conatu,
807 3239 872 3287 ut
899 3197 1034 3286 etim
1064 3234 1182 3283 Deo
1214 3197 1664 3282 similitudinem
1695 3223 1914 3290 ineant,
1942 3197 2178 3278 student

2296 3246 2425 3288 σεως
2456 3226 2591 3280 κατὰ
2620 3225 2911 3298 ἐπιθυμίαν
2947 3225 3038 3280 καὶ
3071 3223 3279 3299 δίωξιν.

539 3338 897 3395 operamque
930 3323 1168 3380 navant,

610 3409 866 3467 XXXIV.
901 3406 1031 3462 Loci
1061 3403 1299 3475 quidem
1333 3401 1461 3472 puri
1495 3406 1781 3472 prataque
1830 3403 2184 3472 acceperunt

540 3517 732 3566 voces,
768 3515 834 3553 ac
863 3503 1130 3566 aspectus
1163 3492 1448 3563 quosdam
1481 3490 1914 3560 apparitionum
1949 3495 2180 3544 sancta-

544 3607 693 3657 rum;
727 3586 1027 3643 hominum
1057 3589 1252 3638 autem
1287 3579 1718 3650 unusquisque,
1764 3579 1861 3648 qui
1912 3583 2183 3634 accurate

542 3680 720 3735 fuerit
750 3680 1059 3749 purgatus,
1083 3671 1358 3728 doctrinm
1382 3686 1447 3725 ac
1479 3666 1712 3724 virtutis
1761 3669 1970 3726 divinae
2021 3685 2182 3725 com-

545 3785 651 3841 pos
681 3765 891 3822 evadit.

610 3873 839 3931 XXXV.
889 3873 1136 3941 Insuper
1176 3865 1593 3937 mihiquidem
1644 3865 1977 3930 innotescit,
2027 3865 2180 3935 quod

539 3965 796 4022 scientia:
847 3959 1146 4034 mysteria,
1185 3973 1220 4012 a
1279 3954 1480 4011 multis
1528 3953 1782 4010 ludibrio
1831 3955 2181 4024 habeantur,

543 4052 832 4127 pracipue
885 4064 1016 4105 vero
1064 4061 1196 4102 cum
1257 4041 1584 4114 tropologia
1641 4042 1964 4112 sapuistica
2021 4041 2180 4098 haud

542 4145 720 4200 mista
749 4144 891 4198 sunt
912 4155 978 4194 ac
1037 4138 1332 4192 consuta:
1395 4147 1612 4202 paucos
1667 4147 1826 4196 vero,
1878 4133 2052 4186 sicuti
2090 4135 2179 4188 Iu-

541 4250 672 4289 men
705 4233 941 4302 repente
985 4221 1284 4296 symposio
1333 4218 1704 4288 triclinioque
1756 4219 2010 4286 illatum,
2058 4223 2178 4292 pri-

539 4337 703 4377 mum
717 4325 955 4388 stupore
973 4309 1280 4383 percutiet;
1301 4315 1497 4377 postea
1509 4314 1913 4363 assuescentes
1929 4326 1990 4363 se
2003 4315 2098 4381 atq
2109 4327 2179 4366 ue

541 4413 738 4465 mente
823 4398 1138 4464 exercitati,
1175 4394 1345 4469 quasi
1375 4395 1588 4468 gaudio
1622 4398 1863 4452 recreati
1889 4413 1956 4452 ac
1978 4396 2177 4452 exsul-

537 4505 751 4565 tantes,
785 4493 1216 4550 Dominum.....
1253 4486 1430 4541 Prout
1453 4485 1610 4540 enim
1645 4485 1910 4556 voluptas
1961 4487 2173 4543 libera-

2362 3407 2477 3462 AA'.
2537 3406 2637 3461 "Hv
2694 3405 2808 3478 (57)
2859 3403 3019 3458 τόποι
3073 3405 3168 3476 μὲν
3227 3405 3456 3480 καθαροὶ
3514 3405 3602 3461 καὶ
3661 3407 3890 3479 μειμῶνες

2290 3493 2533 3565 ἐδέξαντο
2605 3493 2786 3566 φωνάς
2867 3494 2955 3547 καὶ
3011 3514 3161 3555 τινας
3234 3490 3392 3567 ὄψεις
3475 3495 3634 3569 ἁγίων
3715 3493 3894 3570 φασμά-

2288 3606 2414 3640 των·
2478 3584 2763 3655 ἅνθρωπος
2816 3579 2872 3636 δὲ
2929 3583 2956 3637 ὁ
3013 3577 3252 3656 ἆκριὸῶς
3321 3583 3723 3658 κεκαθαρμένος
3786 3585 3897 3643 ἅπας

2291 3670 2644 3734 ’διδασκαλίας
2729 3671 2818 3726 καὶ
2901 3668 3183 3745 δυνάμεως
3270 3674 3459 3743 ϐεῖκῆς
3545 3673 3895 3744 καταξιωθήσι-

2289 3785 2398 3820 ται.

2363 3873 2485 3928 AE'.
2529 3867 2668 3928 Οἶδα
2705 3866 2763 3924 δέ
2800 3868 2933 3942 ἐγώ,
2977 3868 3062 3924 ὅτι
3099 3868 3166 3924 τὰ
3195 3876 3292 3938 τῆς
3351 3871 3612 3945 γνώσεως
3661 3872 3894 3944 μυστήρια

2287 3965 2404 4022 τοῖς
2441 3960 2536 4032 μέν
2582 3956 2820 4019 πολλοῖς
2868 3955 3076 4032 χλεύην
3118 3957 3289 4034 φέρει,
3319 3960 3410 4014 καὶ
3457 3957 3694 4027 μάλιστα
3721 3959 3786 4032 μή
3830 3977 3897 4012 κι-

2287 4047 2613 4120 καττυμένα,
2667 4048 2948 4118 σοθιστικῇ
3001 4043 3357 4121 τροπολογίᾳ’
3409 4047 3540 4110 τοὺς
3594 4044 3650 4102 δὲ
3688 4045 3898 4120 ὀλίγους,

2286 4135 2525 4208 καθάπερ
2581 4139 2694 4210 φῶς
2757 4133 3124 4209 έπεισενεχθέν
3183 4133 3438 4212 ἐξαίφνης
3499 4137 3774 4210 συμποσίῳ
3814 4132 3903 4188 τινὶ

2289 4227 2598 4300 συνηρεφεῖ,
2682 4220 2939 4292 ἐκπλήξει
3015 4223 3082 4278 τὰ
3158 4227 3370 4297 πρῶτα·
3402 4221 3593 4280 ἔπειτα
3669 4222 3903 4288 ἐθίσαντες

2286 4313 2376 4366 καὶ
2425 4311 2804 4389 συντραφέντες
2862 4310 2951 4365 καὶ
3008 4308 3478 4386 ἐγγυμνασάμενοι
3529 4317 3611 4385 τῷ
3661 4310 3902 4388 λογισμῷ,

2287 4401 2362 4462 ὡς
2419 4401 2503 4476 ὑφ’
2532 4397 2736 4470 ἡδονῆς
2785 4398 3200 4476 εὐφραινόμενοι
3251 4399 3340 4454 καὶ
3394 4398 3797 4474 ἀγαλλιώμενοι
3825 4397 3900 4452 τὸν

2286 4488 2504 4562 Κύριον.
2549 4530 2563 4546 .
2607 4531 2620 4545 .
2667 4533 2680 4546 .
2727 4531 2740 4544 .
2785 4529 2798 4544 .
2844 4528 2858 4544 .
2901 4529 2914 4543 .
3007 4493 3091 4550 Ὡς
3121 4489 3225 4563 γὰρ
3283 4485 3462 4560 ἡδονή
3497 4491 3598 4560 τήν
3625 4497 3722 4559 τῆς
3748 4486 3904 4563 ἄλγη·

536 4589 756 4642 tionem
789 4601 822 4637 a
846 4581 1043 4636 dolore
1073 4595 1142 4634 ex
1172 4583 1382 4631 natura
1411 4591 1519 4629 sua
1552 4575 1745 4641 habet,
1780 4575 1865 4629 sic
1897 4579 1954 4630 et
1984 4575 2174 4630 scien-

2296 4575 2438 4639 Ξόνος
2489 4576 2816 4651 ἀπαλλαγὴν
2873 4575 3053 4632 οὐσίαν
3103 4559 3242 4652 ἔχει,
3293 4559 3471 4640 οὕτως
3593 4582 3783 4655 γνῶσις
3823 4559 3905 4642 τῆς

535 4677 619 4730 tia
633 4673 971 4746 ignorantiae
986 4663 1534 4723 ablationem.Sicut
1547 4662 1702 4718 enim
1722 4680 1928 4718 somno
1950 4665 2173 4735 gravati

537 4763 634 4834 qui
649 4768 783 4818 sunt
801 4759 1264 4814 maxime.semet
1279 4753 1515 4826 vigilare
1529 4753 1779 4807 maxime
1793 4753 2170 4824 arbitrantur,

536 4853 635 4924 qui
668 4850 1012 4906 clarioribus
1045 4845 1354 4910 minusque
1385 4843 1685 4912 dissipatis
1715 4860 1783 4898 ac
1803 4842 1914 4897 alio
1938 4844 2171 4899 trahen-

535 4942 694 4997 tibus
725 4939 782 4992 in
816 4936 1040 4992 somnis
1072 4931 1428 5005 spectaculis
1457 4931 1574 4985 sint
1603 4932 1905 5002 occupati;
1940 4932 2023 4988 sic
2073 4933 2172 5003 qui

533 5045 770 5086 summa
799 5025 1068 5081 laborant
1095 5019 1448 5093 ignorantia,
1480 5035 1543 5074 se
1576 5020 1825 5076 maxime
1843 5021 1992 5076 scire
2014 5022 2172 5078 arbi-

601 5206 665 5270 νΧ(
702 5206 763 5262 Ρ.
784 5203 890 5258 989
920 5202 1031 5258 El).
1066 5198 1366 5256 POTTER.

600 5387 981 5459 (Sasiam...
1033 5377 1134 5459 ’μὶν
1178 5373 1460 5459 είρημένα.
1513 5373 1745 5459 Plenior
1801 5377 1913 5459 erit
1942 5383 2178 5459 senten-

531 5443 641 5524 tia,
667 5443 727 5514 7in
759 5443 1112 5526 transppsito
1165 5443 1257 5522 μέν
1284 5443 1611 5526 ’.ίθετὶιιὶιιεΔ
1651 5443 2046 5518 διαπτύσσηται
2083 5449 2174 5522 μὲν

527 5531 594 5586 τὰ
624 5517 863 5603 avdit-rga
890 5517 1233 5603 πολυσήμιυς
1266 5517 1546 5603 εἰρημένα.
1577 5519 1860 5603 ξγωιζιιο.

532 5588 928 5732 Ι(ξ’>¹²)’οίίτως
972 5588 1124 5671 γᾶρξ
1161 5588 1520 5652 Concinuius
1576 5588 1650 5650 ὡς
1704 5590 1830 5666 γάρ,
1891 5602 1948 5647 ut
2003 5591 2173 5648 enim.

561 5690 616 5732 Do

2284 4665 2509 4741 ἀγνοίας
2561 4667 2659 4735 τὴν
2721 4666 3076 4741 ὑπεξαίρεσιν.
3107 4667 3195 4727 Ὦς
3240 4666 3341 4740 γὰρ
3375 4668 3430 4722 o't
3458 4667 3699 4740 μάΑιστα
3736 4664 3907 4729 καθεῦ-

2283 4753 2466 4818 δοντες
2544 4753 2746 4810 οἷόνται
2834 4752 3072 4826 μάλιστα
3151 4753 3536 4831 ἐγρηγορέναι,
3624 4753 3908 4830 ἐναργεστέ-

2283 4863 2397 4917 ροις
2479 4844 2589 4917 (58)
2675 4839 3074 4900 ὑποπίπτοντες
3144 4843 3234 4898 καὶ
3300 4844 3724 4918 ἀπερισπάστως
3801 4846 3905 4903 ταῖς

2281 4929 2411 5012 ὄναρ
2459 4931 2793 5008 φαντασίαις
2847 4929 3020 4993 οὕτως
3078 4932 3133 4985 οἱ
3180 4930 3420 5004 μάλιστα
3474 4934 3787 5008 ἀγνοοῦντες
3818 4931 3901 5003 μά·

2280 5020 2442 5076 λιστα
2473 5016 2668 5075 εἰδέναι
2693 5019 2999 5092 νομίζουσι.
3028 5021 3306 5096 Μακάριοι
3328 5018 3386 5076 δὶ
3412 5022 3465 5076 οἱ
3486 5022 3543 5092 ἐξ
3574 5021 3742 5078 ὕπνου
3765 5013 3905 5076 τοῦδε

2323 5378 2617 5462 ,(57).ᾙν.
2669 5375 2980 5462 Etiamsi‘ﬁ
3008 5377 3272 5462 legamus
3322 5397 3426 5462 pro
3473 5380 3570 5462 ἦν,
3619 5387 3809 5462 tamen
3848 5394 3912 5462 pe

2285 5451 2640 5577 ἓῗιὲἓὲὶὲω
2673 5455 2764 5506 sat
2814 5455 2967 5505 recte
3015 5454 3284 5508 constare
3325 5451 3570 5510 ‘vldetur
3623 5453 3907 5512 sententia.

2359 5537 2986 5676 ςέἓῖῃρέναργεστίροις.
3017 5591 3325 5676 'Usitatius
3379 5592 3802 5670 ἂναργεστέραις,
3838 5593 3906 5650 Ie-

2226 5688 2234 5697 -
2285 5662 2515 5720 minina
2543 5662 2976 5722 terminatione.
3016 5663 3094 5720 In.
