3978 6200
587 331 692 384 719
1070 292 1077 297 ’
1843 333 2178 387 CLEMENS
2217 332 2778 388 ALEXANDRINUS
3805 343 3879 399 τεο

587 452 782 508 laudis
831 468 949 508 suis
995 452 1257 521 ratione,
1309 456 1485 525 atque
1532 469 1602 508 ex
1651 453 1947 526 agnitione
2009 457 2158 509 nosti

2282 474 2316 540 λ
2351 473 2446 506 σου
2485 453 2620 540 (63),
2655 449 2966 523 δεδόξασται
3022 453 3084 509 τὸ
3142 447 3314 528 ὄνομά
3362 476 3467 526 σου,
3509 461 3612 516 κατ’
3650 461 3853 538 ἐπίγνῶσι

592 541 745 598 Deus
797 539 1184 613 gloriﬁcetur;
1233 542 1533 614 similiterJ
1555 559 1624 598 ex
1673 542 2030 599 haereditatis
2075 544 2163 614 jUI

2342 543 2522 615 ἡμῶν,
2557 539 2920 614 δοξαζόμενον
2972 547 3068 597 τοῦ
3128 547 3262 600 Θεοῦ
3301 548 3426 601 κατά
3457 568 3509 602 τε
3545 552 3632 621 τὴν
3655 566 3887 627 κληρονοη

589 631 682 685 Sic
713 646 945 703 quoque
974 631 1196 686 dictum
1228 631 1537 701 illud,vivit
1563 633 2036 704 Dominu:,atque
2067 631 2160 688 illu

2347 629 2495 704 μίαν.
2546 628 2704 687 Οὕτω
2777 631 2866 686 καί
2939 631 3001 686 τὸ
3073 635 3147 706 Ζῇ
3216 632 3421 710 Κύριος,
3473 637 3553 691 καὶ
3611 641 3662 695 τὸ
3710 643 3875 715 Ἀνέστη

591 720 838 775 surrexit
859 721 1127 776 Dominus
1155 722 1258 794 (a).

1001 722 1127 776 inus
1155 722 1258 794 (a).
2347 718 2568 794 Κύριος.

663 809 1110 882 XLIII.P0putus
1129 827 1288 882 quem
1310 827 1417 867 non
1440 813 1957 882 noveram,sereiml
1978 810 2119 866 mihi.
2141 810 2234 882 (b);

2418 814 2542 863 Ml".
2578 809 2716 871 Λαὸς
2752 809 2810 863 ὃν
2845 810 2948 866 οὐκ
2976 806 3170 886 ἔγνων,
3199 808 3471 870 ἐδούλευσὲ
3500 837 3582 888 μοι
3609 836 3622 850 ·
3650 821 3760 874 κατᾶ
3798 818 3880 875 δια-

594 915 699 970 per
729 902 1149 954 testamentum
1182 917 1294 956 non
1330 917 1621 956 noveram.
1650 899 1786 956 Filii
1816 901 2014 970 alieni,
2041 899 2142 971 qui

2348 898 2521 968 θήκην
2554 898 2657 952 οὐκ
2685 891 2879 972 ἔγνων.
2914 899 3034 954 Υἱοὶ
3078 898 3382 976 ἀλλότριοι,
3405 905 3467 958 τὰ
3507 909 3592 960 τοῦ
3641 905 3782 964 ἄλλου
3819 916 3890 969 καὶ

601 1003 726 1058 qua:
754 987 996 1043 alterius
1028 995 1190 1057 sunt,
1223 989 1480 1046 aemulati
1510 995 1670 1046 sunt.

1148 995 1190 1057 t,
1223 989 1480 1046 aemulati
1510 995 1670 1046 sunt.
2353 984 2715 1056 ἐζηλωκότες.

673 1075 863 1132 XLIV.
898 1077 1264 1148 Magniﬁcam
1311 1080 1520 1134 salutes
1569 1081 1710 1150 regis
1753 1081 1891 1147 eius.
1941 1079 2010 1150 (ο)
2057 1084 2244 1149 Reges

2425 1079 2549 1133 MA'.
2583 1075 2910 1151 Μεγαλύνων
2939 1078 3033 1140 τὰς
3063 1079 3333 1154 σωτηρίας
3355 1085 3445 1136 τοῦ
3487 1080 3716 1157 βασιλέως
3753 1086 3889 1143 αὐτοῦ.

596 1172 882 1224 vocantur
911 1183 1116 1222 omnes
1149 1167 1372 1235 ﬁdeles,
1407 1169 1463 1222 in
1501 1184 1746 1241 regnum
1781 1167 2071 1235 translati,
2114 1183 2167 1238 qi

2353 1163 2606 1224 Βασιλεῖς
2639 1166 2834 1230 πάντες
2859 1164 3111 1242 λέγονται
3143 1169 3196 1224 οἱ
3225 1169 3402 1226 πιστοὶ
3430 1170 3500 1234 εἷς
3531 1172 3762 1248 βασιλείαν
3795 1177 3891 1230 κατὰ

599 1274 713 1330 que
745 1257 1003 1312 hmredes
1037 1257 1218 1311 futuri
1250 1262 1410 1313 sunt.

1286 1262 1410 1313 unt.
2356 1252 2738 1328 κληρονομίαν
2770 1275 2848 1312 τε.

672 1345 833 1401 XLV.
867 1344 1152 1400 Malorum
1185 1346 1518 1416 tolerantia,
1570 1346 1816 1403 dulcedo
1872 1346 2107 1419 quidem
2161 1348 2243 1401 est

2429 1344 2557 1398 ME'.
2586 1344 2648 1398 Ἦ
2684 1345 3032 1419 μακροθυμία
3077 1343 3348 1422 γλυκύτης
3393 1347 3524 1404 ἐστὶν
3551 1351 3664 1425 ὑπὲρ
3699 1354 3752 1407 τὸ
3787 1353 3893 1424 μέλι,

602 1434 775 1491 melle
805 1434 1027 1503 major;
1058 1451 1171 1489 non
1206 1440 1401 1490 autem
1441 1451 1558 1506 qua
1606 1435 1896 1491 malorum
1944 1433 2164 1490 toleran

2358 1429 2467 1506 οὐχ
2497 1431 2582 1485 ὅτι
2604 1430 2715 1486 ἐστὶ
2749 1433 3116 1506 μακροθυμία,
3145 1433 3292 1490 ἀλλά
3331 1437 3459 1492 κατὰ
3499 1439 3582 1494 τὸν
3624 1440 3792 1516 καρπὸν
3826 1447 3894 1509 τῆς

608 1524 828 1590 est,sed
863 1522 1083 1578 ratione
1114 1523 1344 1578 fructus
1370 1524 1660 1594 ejusmodi
1702 1524 2047 1580 tolerantiae.
2098 1525 2179 1589 Qu

2361 1521 2762 1594 μακροθυμίας.
2814 1522 2962 1578 Έπεί
3013 1523 3105 1579 οὗν
3163 1525 3191 1580 6
3251 1524 3508 1600 ἐγκρατής
3561 1527 3682 1583 ἐστιν
3723 1528 3895 1596 ἀπαθής,

602 1613 760 1668 niam
791 1611 987 1682 itaque
1017 1613 1322 1668 continens
1353 1612 1453 1684 qui
1501 1617 1610 1682 est,
1661 1613 1731 1668 ab
1782 1612 2086 1669 affectibus
2136 1629 2168 1666 n

2357 1613 2570 1683 κρατῶν
2631 1609 2731 1665 οὐκ
2779 1612 2994 1675 ἀπόνως
3021 1616 3130 1668 τῶν
3163 1616 3348 1669 παθῶν
3381 1635 3394 1649 ⁵
3427 1615 3544 1671 ὅταν
3572 1615 3623 1671 δὲ
3659 1613 3747 1688 ἕξις
3783 1615 3894 1693 γένη·

601 1706 691 1758 est
724 1718 966 1773 prorsus
998 1701 1302 1769 immunis,
1325 1707 1522 1774 utpote
1544 1703 1642 1775 qui
1673 1719 1783 1758 non
1811 1703 2033 1772 absque
2054 1700 2172 1757 labc

2357 1719 2466 1766 ται,
2497 1697 2596 1754 οὐκ
2619 1695 2697 1754 ἔτι
2729 1699 3017 1776 ἐγκρατὴς,
3051 1701 3102 1757 ὲν
3133 1708 3233 1776 μιᾷ
3259 1700 3359 1774 ἕξει
3406 1707 3488 1760 καὶ
3534 1704 3659 1781 ἁγίῳ
3697 1706 3897 1778 Πνεύματι

604 1809 637 1847 a
668 1790 1039 1864 passionibus
1069 1791 1382 1846 contineat.
1414 1795 1560 1850 Cum
1611 1809 1742 1848 vero
1793 1791 1936 1847 insit
1982 1790 2168 1846 hab?h

2063 1790 2244 1856 δξιηε,
2276 1847 2320 1864 “
2360 1787 2660 1861 γενομένου
2689 1793 2790 1844 τοῦ
2820 1789 3131 1864 ἀνθρώπου.
3581 1780 3584 1781 ν
3627 1780 3631 1787 1

607 1881 765 1936 haud
799 1879 1055 1951 amplius
1085 1880 1390 1936 centinens
1420 1885 1530 1948 est,
1563 1883 1714 1954 quod
1769 1881 1828 1936 in
1881 1897 1994 1936 uno
2041 1880 2243 1934 habitu

608 1975 667 2026 et
693 1968 915 2040 Spiritu
945 1973 1146 2025 sancto
1177 1969 1352 2024 homo
1385 1987 1540 2025 nunc
1571 1970 1670 2025 sit.

679 2058 861 2115 XLVI.
897 2058 1150 2130 Spiritus
1180 2063 1480 2128 vocantur,
1512 2076 1641 2130 quae
1673 2059 1730 2114 in
1785 2058 1982 2114 anima
2032 2057 2250 2130 passio-

2436 2052 2557 2121 Μζ.
2594 2053 2878 2126 Πνεύματα
2920 2053 3135 2130 λέγεται
3181 2056 3252 2112 τὰ
3291 2056 3430 2128 πάθη
3471 2058 3532 2112 τὰ
3586 2057 3631 2112 ὲν
3681 2059 3737 2131 τῇ
3774 2061 3901 2130 ψυχῇ,

619 2165 721 2202 nos
754 2154 913 2214 sunt,
945 2164 1061 2202 non
1085 2152 1279 2203 autem
1308 2147 1518 2220 spiritu
1549 2152 1833 2219 potentes,
1868 2147 2085 2219 quippe
2118 2151 2190 2200 tul

2365 2139 2465 2194 ούκ
2522 2140 2763 2210 ἔξουσίας
2823 2142 3124 2216 πνεύματα,
3157 2143 3275 2200 ἐπεὶ
3326 2142 3466 2201 ἔσται
3496 2145 3711 2218 ἐμπαθής
3756 2145 3901 2219 ἂνθρω-

613 2236 790 2292 homo
816 2237 916 2308 qui
941 2237 1031 2292 his
1052 2241 1206 2292 esset
1229 2237 1519 2292 obnoxius
1541 2237 1873 2292 daemonum
1906 2235 2056 2307 legio
2088 2235 2184 2290 fort

2363 2249 2465 2292 πος
2521 2229 2725 2306 λεγεὼν
2781 2228 3054 2304 δαιμόνων
3091 2252 3104 2265 ·
3149 2231 3297 2289 ἀλλά
3344 2233 3475 2290 κατὰ
3513 2236 3602 2304 τὴν
3648 2236 3901 2310 ττιροτροτιήν⁴

612 2327 712 2380 sed
747 2330 980 2396 propter
1007 2325 1688 2398 suggestionem.Eadem
1715 2325 1872 2381 enim
1906 2325 2183 2394 anima,m

2360 2319 2425 2376 ἸΙ
2459 2319 2562 2392 γὰρ
2596 2319 2732 2388 αὐτὴ
2764 2322 2943 2397 ψυχὴ,
2975 2321 3112 2376 κατά
3144 2318 3450 2396 μεταϐολὰς
3475 2321 3632 2386 ἄλλας
3675 2323 3747 2378 καί
3786 2319 3901 2382 ἄλλας

611 2413 832 2469 tatione
863 2415 1142 2485 quadam,
1175 2413 1321 2470 alias
1354 2419 1525 2485 atque
1558 2413 1702 2469 alias
1749 2413 2062 2485 qualitates
2111 2413 2182 2468 du

2361 2407 2660 2478 ποιότητας
2726 2411 2916 2473 κακίας
2989 2408 3394 2487 ἀναδεχομένη,
3440 2411 3694 2486 πνεύματα
3753 2408 3901 2484 λέγεται

607 2503 874 2574 recipiat,
907 2502 1150 2573 spiritus
1181 2507 1321 2558 tunc
1353 2503 1610 2574 recipere
1640 2503 1872 2558 dicitur.

1181 2507 1321 2558 tunc
1353 2503 1610 2574 recipere
1640 2503 1872 2558 dicitur.
2361 2495 2731 2575 ἀνειληφέναι.

674 2591 890 2646 XLVII.
924 2591 1086 2646 Ratio
1111 2609 1144 2645 a
1165 2598 1431 2647 creatura
1462 2592 1761 2647 discedere
1793 2609 1898 2646 nos
1923 2607 2032 2646 non
2056 2589 2245 2661 jubet,

2431 2588 2553 2643 ΜΖ.
2613 2588 2675 2644 ’0
2732 2587 2898 2662 λόγος
2955 2595 3055 2658 τῆς
3109 2591 3340 2654 κτίσεως
3402 2593 3507 2664 (64)
3556 2589 3821 2669 ἀφίστασθαι
3863 2585 3901 2640 οὔ

601 2681 703 2736 sed
737 2679 820 2735 uti
854 2680 1016 2736 nulla
1065 2680 1405 2751 passionum
1458 2680 1747 2752 pravitate
1799 2697 1932 2736 cum
1983 2678 2085 2734 illa
2136 2696 2169 2733 u

2359 2674 2590 2744 κελεύει,
2650 2675 2774 2733 ἁλλ’
2831 2678 3194 2754 ἀπροσπαθῶς
3257 2678 3565 2744 διοικεῖσθαι
3615 2686 3701 2748 την
3747 2678 3901 2732 κτίσιν·

599 2785 972 2825 versaremur
1004 2785 1292 2841 :cumque
1323 2768 1550 2840 aliquid
1586 2769 1880 2839 acciderit,
1919 2773 1980 2823 ut
2013 2766 2170 2822 mole:

2359 2761 2758 2838 ἐπισυμϐἀντος
2807 2764 2864 2822 δέ
2912 2789 3081 2837 τινος,
3127 2769 3205 2842 μή
3259 2771 3583 2845 ἀγανακτεῖν,
3614 2765 3732 2843 μηδὲ
3769 2764 3901 2820 λυπεῖ·

601 2875 718 2914 non
750 2859 1030 2926 feramus,
1061 2875 1164 2914 nec
1195 2858 1630 2925 contristamur,
1667 2875 1855 2930 neque
1906 2856 2172 2929 possideri

2359 2854 2502 2920 σθαι,
2539 2851 2680 2927 μηδὲ
2727 2854 3009 2929 ἐπιθυμεῖν
3057 2859 3360 2928 κτήσασθαι
3397 2879 3410 2892 ο
3441 2865 3535 2928 τῆς
3567 2857 3614 2912 ἑν
3663 2857 3792 2911 πάθει
3838 2873 3901 2905 πα·

602 2947 891 3004 desiderio
942 2947 1130 3004 simus
1177 2947 1422 3019 abrepti.
1473 2949 1617 3004 Cum
1664 2948 1737 3003 ab
1786 2948 1994 3002 all’ectu
2051 2963 2173 3001 reru

2359 2945 2670 3017 ρακτήσεως
2727 2944 3047 3022 ἀφίστασθαι
3101 2944 3314 3003 κελεύει
3371 2949 3458 3003 καὶ
3513 2947 3670 3017 πάσης
3727 2960 3901 3018 προσπιι

602 3036 1321 3110 possessione,‘omnique
1386 3036 1629 3092 libidine
1677 3036 1976 3092 discedere
2037 3035 2173 3106 jube

2360 3031 2527 3103 θείας,
2560 3035 2594 3102 ἡ
2627 3033 2741 3088 θεία
2768 3033 3003 3109 Πρόνοια
3051 3035 3373 3115 ἀναστρέφει
3402 3036 3486 3092 ἐπὶ
3537 3036 3713 3111 μόνους
3737 3031 3837 3094 τοὺς
3876 3027 3901 3082 ιε

603 3124 968 3181 Providentia
998 3125 1216 3192 divina,
1251 3125 1308 3180 in
1341 3141 1440 3181 eos
1471 3125 1624 3181 solos
1674 3141 2002 3181 sermonem
2051 3122 2244 3195 vertit,
2357 3121 2512 3197 σαρκί
2543 3123 2682 3196 (65).

603 3215 701 3286 qui
733 3214 792 3270 in
821 3230 996 3270 carne
1027 3218 1360 3270 versantur.
2282 3212 2325 3278 C

670 3303 910 3359 XLVIII.
944 3301 1108 3360 Illico
1136 3303 1340 3359 Petrus
1380 3303 1438 3359 in
1472 3300 1819 3375 Apocalypsi
1853 3303 2014 3372 dicit,
2049 3303 2240 3358 infan-

2429 3299 2572 3356 ΜΗ.
2602 3297 2809 3356 Αὐτίκα
2859 3300 2886 3354 6
2938 3299 3140 3376 Πέτρος
3185 3301 3239 3356 ἐν
3290 3305 3359 3377 τῇ
3394 3298 3732 3374 Ἀποκαλύψει
3779 3293 3897 3374 φησὶν

597 3397 685 3449 tes
714 3394 1032 3461 abortivos,
1066 3397 1309 3448 conatus
1339 3410 1405 3448 ac
1441 3392 1618 3448 sortis
1643 3409 1773 3448 esse
1804 3391 2084 3458 melioris,
2137 3392 2168 3447 b

2356 3385 2423 3441 τὰ
2500 3385 2670 3466 βρέφη
2743 3383 3183 3462 ἐξαμϐλωθὲντα,
3240 3398 3343 3462 τῆς
3415 3392 3680 3464 ἀμείνονος
3745 3385 3901 3457 ἐσόμενι

595 3481 801 3554 angelo
833 3481 1012 3536 tutori
1041 3479 1214 3546 tradi,
1250 3484 1314 3535 ut
1343 3480 1602 3537 scientia
1647 3479 1956 3550 praeceptis
2005 3479 2166 3534 imbu

2355 3475 2546 3549 πείρας
2576 3478 2712 3551 (66),
2737 3482 2905 3532 ταῦτα
2939 3477 3157 3552 ἀγγέλῳ
3203 3477 3543 3556 τημελούχῳ
3585 3472 3900 3553 παραδίδοσθαι

594 3572 1016 3628 habitationem
1048 3571 1468 3628 nanciscantur
1495 3569 1819 3639 meliorem,
1841 3571 2042 3626 eadem
2079 3588 2165 3626 uel

2343 3561 2429 3618 ’ίνα
2485 3565 2739 3638 γνώσεως
2799 3561 3193 3640 μεταλαϐόντα,
3227 3575 3329 3639 τῆς
3371 3568 3644 3644 ἀμείνονος
3683 3565 3803 3638 τύχῃ
3843 3580 3901 3632 μοι

597 3678 665 3732 pe
696 3660 875 3732 passi,
910 3677 1036 3732 quas
1069 3660 1118 3714 si
1157 3660 1214 3715 in
1266 3676 1506 3732 corpore
1554 3661 1767 3715 versati
1821 3659 2092 3728 fuissent,
2145 3677 2168 3731 ς

2349 3656 2469 3722 νῆς,
2503 3653 2744 3708 παθόντα
2769 3653 2803 3708 ἃ
2833 3652 2893 3709 ἂν
2943 3651 3138 3720 ἔπαθεν
3180 3657 3273 3712 καὶ
3325 3658 3378 3712 ἐν
3430 3659 3629 3730 σώματι
3670 3654 3879 3730 γενόμενα

593 3755 886 3818 terentur;
922 3749 1131 3819 reliqui
1163 3748 1545 3817 vero,sa1utis
1576 3752 1802 3803 tantum
1841 3748 1980 3803 ﬁent
2008 3749 2156 3820 parti

2342 3743 2410 3796 τὰ
2459 3739 2504 3796 δ’
2541 3739 2697 3816 ἕτερα
2757 3744 2928 3817 μόνης
2974 3751 3074 3815 τῆς
3115 3746 3397 3823 σωτηρίας
3439 3746 3680 3816 τεύξεται,
3721 3742 3783 3802 ὡς
3821 3734 3901 3806 ἧδν

593 3837 895 3907 pes,quasi
917 3837 1191 3906 injuriam
1218 3838 1397 3909 passi,
1427 3837 1888 3893 misericordiam
1914 3853 2161 3892 consecu

2344 3830 2558 3904 κημὲνα
2602 3830 2910 3904 ἐλεηθέντα,
2967 3834 3056 3889 καὶ
3115 3834 3266 3908 μένει
3325 3835 3448 3892 ἄνευ
3493 3835 3758 3900 κολάσεως,
3793 3830 3901 3881 τοῦτε

593 3942 659 3981 ac
691 3933 926 3980 manent
955 3925 1083 3980 sine
1115 3926 1396 3994 cruciatu,
1431 3926 1650 3998 praemii
1682 3926 1808 3982 loco
1840 3927 1948 3982 hoc
1998 3927 2164 3998 quidc

1221 3926 1396 3994 ciatu,
1431 3926 1650 3998 praemii
1682 3926 1808 3982 loco
1840 3927 1948 3982 hoc
1998 3927 2232 3998 quidem
2342 3921 2501 3996 γέρας
2533 3917 2787 3980 λαϐόντα.

591 4030 652 4068 re
660 4030 728 4084 po
737 4018 977 4068 rtantes.
1435 4085 1439 4089 '

657 4101 861 4157 XLIX.
896 4101 1201 4157 Mulierum
1236 4105 1433 4156 autem
1467 4101 1557 4157 lac
1602 4103 1864 4158 defluens
1917 4120 1984 4158 ex
2037 4104 2225 4159 uberi-

2412 4099 2544 4155 MG'.
2595 4100 2670 4155 Τὸ
2715 4096 2773 4153 δὲ
2839 4101 2987 4174 γάλα
3042 4105 3146 4155 τῶν
3204 4106 3502 4178 γυναικῶν,
3552 4101 3661 4177 ῥίον
3706 4096 3792 4152 ἀπὸ
3835 4095 3901 4146 τῶπ

585 4191 699 4246 bus
728 4207 795 4245 ac
825 4195 1182 4258 concretum,
1218 4190 1412 4261 inquit
1441 4191 1643 4246 Petrus
1685 4191 1741 4246 in
1786 4191 1850 4254 ›ι‹
1901 4193 2156 4265 Apocaly:

2344 4192 2558 4260 μαστῶν
2636 4186 2727 4242 καὶ
2805 4189 3172 4263 πηγνύμενον,
3235 4190 3403 4269 φησὶν
3464 4192 3492 4245 ὁ
3543 4187 3723 4262 Πέτρος
3779 4182 3819 4236 έν
3863 4181 3901 4250 τί

574 4280 794 4336 bestias
826 4297 1032 4351 parvas
1065 4297 1128 4335 ac
1160 4280 1494 4336 carnivoras
1530 4279 1740 4352 pariet,
1773 4286 1830 4335 et
1885 4281 1938 4335 in
1991 4297 2089 4337 eas
2139 4299 2145 4336 1

2341 4274 2712 4349 Ἀποκαλύψει
2740 4320 2754 4346 ,
2806 4279 3054 4352 γεννήσει
3141 4280 3312 4356 θηρία
3391 4278 3559 4335 λεπτά
3632 4271 3884 4351 σαρκοφάγα

579 4370 898 4439 currentia,
930 4369 1323 4437 devorabunt;
1377 4368 1656 4424 nimirum
1707 4373 1943 4442 prapter
1989 4386 2150 4442 pecca

2335 4366 2422 4420 καὶ
2453 4366 2820 4440 ἀνατρέχοντα
2861 4365 2937 4428 εἷς
2986 4367 3178 4436 αὐτὰς,
3214 4368 3507 4440 κατεσθίει,
3540 4365 3622 4422 διὰ
3661 4364 3743 4423 τὰς
3781 4362 3901 4429 ἀμαρε

575 4460 806 4514 venisse
840 4475 1038 4531 pcenas
1071 4459 1426 4514 erudiendo:
1455 4475 1522 4514 ex
1574 4457 1824 4530 peccatis
1877 4459 2036 4514 nasci
2091 4459 2146 4514 ill

2331 4453 2451 4518 τίας
2531 4453 2774 4528 γίνεσθαι
2852 4455 2948 4517 τὰς
3034 4453 3296 4521 κολάσεις
3380 4454 3658 4512 διδάσκων.
3709 4452 3788 4508 Ἐκ
3832 4448 3901 4498 τῶῚ

575 4548 738 4616 dicit,
775 4549 950 4604 sicuti
986 4553 1224 4620 propter
1253 4553 1491 4620 peccata
1521 4548 1892 4604 venundatus
1921 4553 2009 4604 est
2041 4565 2146 4621 pop

2334 4545 2613 4618 ἁμαρτίῶν
2699 4548 2984 4619 γεννᾶσθαι
3073 4544 3243 4606 αὐτάς
3335 4566 3520 4624 φησιν,
3572 4545 3642 4604 ὡς
3707 4537 3781 4594 διὰ
3841 4533 3901 4634 τῇ

572 4636 700 4706 lus;
737 4638 1010 4708 quodque
1041 4637 1097 4691 in
1130 4636 1430 4694 Christum
1463 4637 1699 4691 credere
1729 4635 1940 4703 noluit,
1966 4636 2051 4691 uti
2083 4637 2139 4692 di

2333 4632 2598 4708 ἁμαρτίας
2646 4630 2852 4708 ἐπράθη
2905 4633 2934 4686 6
2983 4630 3117 4696 λαός
3153 4652 3167 4665 ·
3206 4633 3306 4688 καῖ
3336 4621 3427 4690 διὰ
3478 4635 3574 4704 τὴν
3620 4629 3689 4692 εἷς
3734 4621 3901 4702 Χριπόη

569 4725 909 4798 Apostolus,
940 4743 974 4781 a
1003 4724 1375 4798 serpentibus
1407 4725 1807 4781 mordebatur.

2331 4720 2603 4790 ἀπιστίαν,
2635 4721 2710 4784 ὡς
2766 4721 2931 4798 φησὶν
2984 4721 3013 4777 ὁ
3070 4720 3438 4794 ’Δπόστολος,
3494 4722 3592 4777 ὑπὸ
3632 4723 3726 4775 τῶν
3777 4710 3901 4786 ὅφιωῒ

2330 4807 2634 4865 ἐδάκνοντο.

2390 4809 2634 4866 ἀκνοντο.

648 4908 706 4960 L.
759 4899 909 4960 Dixit
950 4902 1206 4975 quadam
1255 4917 1452 4972 senex,
1500 4901 1722 4958 animal
1771 4916 1902 4958 esse
1950 4903 2107 4974 quod
2157 4903 2216 4960 in

2329 4809 2634 4866 ἐδάκνοντο.

2398 4899 2476 4956 Ν’.
2509 4900 2704 4974 Ἔλεγε
2732 4888 3041 4974 πρεσϐύτης
3092 4899 3234 4969 ζῶον
3267 4900 3404 4958 εἶναι
3442 4900 3506 4956 τὸ
3549 4896 3675 4955 κατά
3709 4887 3900 4970 γαστρός

638 5055 720 5127 (a)
753 5053 885 5111 Luc.
917 5070 1070 5120 xxiv,
1101 5054 1191 5108 34.
1270 5053 1342 5124 (b)
1370 5052 1525 5110 Psal.
1557 5071 1696 5121 xvn,
1729 5055 1817 5110 43.
1896 5054 1964 5126 (c)
1997 5054 2142 5111 lbid.
2173 5056 2209 5112 5

1557 5071 1696 5121 xvn,
1729 5055 1817 5110 43.
1896 5054 1964 5126 (c)
1997 5054 2142 5111 lbid.
2173 5055 2266 5112 51.
2431 5053 2494 5113 Ρ.
2523 5053 2625 5109 991
2657 5052 2768 5109 ED.
2802 5053 3098 5111 POTTER.

628 5225 740 5299 (63)
762 5222 1132 5299 .Kata‘guai’vév‘
1163 5242 1280 5299 σου.
1331 5227 1393 5280 Δ.
1451 5224 1764 5299 legendum
1798 5295 1808 5299 Δ
1840 5225 2197 5299 suspicatur,

2379 5223 2493 5299 (65)
2525 5223 2879 5299 ’ᾼναστρεοει
2927 5223 3014 5299 ἐπὶ
3070 5223 3275 5299 μόνους
3319 5224 3454 5299 τοὺς
3497 5223 3549 5281 ἐν
3581 5219 3740 5299 σαρκί.
3765 5210 3901 5274 Paula

551 5290 690 5372 καθὰ
724 5290 810 5355 ἐἰς
859 5293 1057 5356 αἰῶνας
1107 5290 1421 5372 δεδόξασται
1456 5290 1684 5372 ’μιῖιιυόὶ
1715 5295 1872 5351 enim
1906 5290 1975 5351 ad
2010 5296 2122 5372 loci

2330 5290 2779 5372 meliusa’wanp-
2802 5290 2894 5350 ’ἔτι
2923 5290 3176 5372 μένοντας
3207 5295 3261 5352 ἐν
3296 5298 3476 5372 σαρκί,
3507 5290 3677 5354 adhuc
3713 5300 3901 5372 conimpi

550 5369 674 5446 qui_
702 5372 788 5446 es_t
829 5372 962 5446 sap.
999 5385 1082 5446 ni.
1118 5369 1181 5424 In
1235 5369 1381 5423 Flor.
1417 5368 1556 5424 edit.
1590 5374 1862 5440 corrupte
1915 5368 2121 5440 scripti

2330 5367 2588 5446 ~antes_
2623 5367 3059 5446 Itac'carneiut
3087 5367 3411 5446 ἀναστρᾴφει
3457 5375 3554 5439 τῆς
3596 5367 3901 5446 «poenitet-isi

548 5428 685 5492 κατὰ
713 5428 999 5511 αίνονόσω,
1035 5439 1324 5495 SYLBURG.
1466 5510 1474 5511 ί
1636 5509 1644 5511 Α
1769 5428 1784 5440 ⁸
2036 5428 2053 5440 ⁸

2330 5455 2415 5511 ier
2464 5438 2696 5511 ellipsin
2748 5440 3173 5511 praepositionis
3203 5428 3316 5495 ἀπό
3337 5428 3566 5499 ’ἀίοιυῶ
3595 5428 3688 5506 sit,
3719 5440 3774 5490 ut
3797 5428 3901 5486 alibi

619 5455 685 5492 το.
713 5455 999 5491 αινονοσω.
1035 5455 1324 5495 δγιθυιισ.

619 5511 731 5582 (64)
762 5510 876 5582 Τῆς
906 5507 1155 5570 κτίσεως.
1185 5511 1390 5580 Aptius
1418 5510 1516 5577 τῆς
1543 5509 1812 5579 κτήσεως,
1837 5511 2190 5582 (ισᾳιιίσίιίοηε

2352 5455 2415 5493 er
2464 5455 2696 5508 ellipsin
2748 5456 2902 5511 praep

1335 5527 1390 5565 13
1418 5510 1516 5577 τῆς
1543 5509 1812 5579 κτήσεως,
1837 5511 2204 5582 acquisitione
2311 5455 2592 5582 ἓνακαλεῖ.
2613 5509 2906 5582 Susum.

550 5591 602 5639 et
623 5570 965 5657 ρρσδσσέίοηε
995 5570 1260 5657 ὺοηονωὴ
1289 5599 1307 5634 .·
1335 5570 1599 5657 itemque
1634 5570 1773 5636 mox
1796 5570 1922 5646 ’τῆν’
1957 5586 2117 5649 κτῆσι

2379 5581 2495 5652 (66)
2525 5578 2742 5652 Πείρας.
2775 5581 2900 5638 Non
2933 5581 3086 5640 male
3143 5599 3284 5641 cum
3339 5585 3404 5642 ﬂ.
3429 5584 3683 5657 legemus
3727 5570 3901 5650 μοίρα(«

552 5652 944 5711 ut‘declarant
973 5653 1304 5726 sequentia.
1329 5653 1411 5710 In.
1503 5652 1516 5654 ⁷
2307 5652 2393 5709 In.
