3978 6200
488 337 598 392 727

1735 333 2064 390 cnmus
2101 330 2671 388 ALEXANDBINUS
3115 292 3118 294 ’
3772 331 3863 391 723

490 457 754 534 gelorum
785 457 1006 511 statum
1030 457 1359 524 transeunt,
1393 456 1504 512 sub
1526 455 1870 528 angelorum
1903 455 2126 511 institu-

2253 453 2425 524 ξαντες
2485 452 2862 525 μετατὲθενται
2917 448 2995 514 εἷς
3040 449 3448 527 ἀρχαγγσλικὴν
3509 452 3761 524 ἐξουσίαν·
3819 461 3862 513 οἱ

494 547 671 618 tione,
699 542 860 599 mille
889 559 1075 599 annos
1089 544 1460 616 erudiuntur,
1479 545 1551 600 ad
1567 544 1981 617 perfectionem
2002 543 2134 614 qui-

490 637 623 692 dem
656 633 870 690 reversi
900 649 968 689 ac
997 632 1386 689 determinati.
1420 634 1703 706 Dein,qui
1725 633 1974 690 docendi
2000 649 2134 688 mu-

487 740 604 786 nus
627 722 687 778 in
718 739 780 778 se
809 725 1216 794 susceperunt,
1250 723 1309 777 in
1359 727 1708 796 potestatem
1763 720 2133 796 archangeli-

2247 539 2508 614 μαθόντες
2549 539 2606 596 δὲ
2646 539 2775 604 τοὺς
2816 539 2868 611 ἐξ
2911 541 3212 616 ἀνθρώπων
3266 539 3417 606 αὖθις
3466 544 3862 617 μεθισταμένους

2245 627 2320 692 εἷς
2372 627 2639 706 ἀγγέλους
2687 629 3106 703 μαθητεόουσιψ
3157 628 3339 686 ἔπειτα
3387 629 3559 694 οὕτως
3605 631 3858 708 περιόδοις

2247 719 2440 796 ῥηταῖς
2479 717 2931 783 ἀποκαθίστανται
2977 717 3047 792 τῇ
3077 716 3253 791 οἷ’κείᾳ
3293 722 3392 774 τοῦ
3422 719 3671 793 σώματος
3715 722 3854 799 ἀγγε-

492 828 622 868 eam
653 813 985 866 transeunt:
1020 810 1118 882 qui
1148 827 1282 868 vero
1331 811 1596 868 discendi
1646 815 1844 884 partes
1879 811 2137 883 perfece-
2245 805 2485 879 λοθεσίᾳ.

491 904 652 970 runt,
674 898 806 956 illos
836 916 1064 970 rursus,
1113 899 1214 972 qui
1264 916 1333 956 ex
1380 900 1717 957 hominibus
1763 903 1836 956 ad
1883 898 2122 973 angelos
2160 901 2490 968 transeunt,
2522 897 2874 955 erudiendos
2904 897 3271 970 suscipiunt;
3322 897 3412 954 sic
3468 903 3661 972 postea
3700 901 3862 973 perio-

491 989 584 1046 dis
615 989 788 1045 certis
818 989 938 1060 iam
969 987 1218 1045 dictisin
1242 989 1536 1062 propriam
1571 988 2014 1063 angelicamque
2036 985 2300 1060 corporis
2330 986 2650 1043 stationem
2683 986 3143 1044 constituuntur.

565 1079 759 1134 LVIII.
793 1079 906 1133 Leo:
945 1078 1166 1133 Domini
1215 1079 1586 1135 immaculata
1633 1083 1956 1136 convertens
2012 1077 2142 1133 ani-

495 1185 614 1224 mas
645 1167 739 1240 (a).
775 1168 884 1223 Lex
915 1168 1330 1240 Verbum,ipse
1379 1169 1637 1224 Salvator
1691 1169 1928 1236 dicitur,
1968 1171 2143 1241 prout

498 1257 710 1314 asserit
739 1257 944 1313 Petrus
973 1257 1031 1312 in
1064 1257 1467 1314 Prasdicatione
1499 1276 1513 1327 ;
1546 1258 1666 1314 imo
1717 1259 2000 1332 propheta
2028 1275 2041 1314 :
2069 1257 2143 1313 De

497 1347 631 1404 Sion
668 1347 848 1404 exibit
881 1347 989 1415 lex,
1015 1351 1071 1403 et
1107 1347 1331 1404 Verbum
1363 1347 1592 1403 Domini
1620 1347 1687 1404 de
1710 1347 2017 1404 Jerusalem
2041 1347 2138 1418 (ὁ).

574 1525 1116 1584 LIX.Testimonium
1151 1527 1371 1583 Domini
1414 1527 1595 1598 ﬁdele,
1648 1527 1980 1598 sapientiam
1995 1540 2142 1600 prm-

496 1622 648 1676 stans
675 1618 952 1687 parvulis.
1017 1618 1459 1672 Testamentum
1510 1617 1741 1672 Domini
1801 1633 2026 1684 verum,
2059 1633 2144 1671 sa-

497 1705 764 1778 pientiam
792 1713 1064 1777 praestans
1109 1706 1392 1776 parvulis;
1442 1705 1534 1762 his
1586 1706 1864 1761 nimirum
1923 1705 2022 1776 qui
2070 1705 2140 1760 ab

2319 1075 2452 1131 NH'.
2504 1075 2566 1132 Ὁ
2595 1075 2764 1149 νόμος
2819 1079 2918 1131 τοῦ
2973 1079 3106 1132 Θεοῦ
3162 1071 3405 1148 ἄμωμος
3451 1077 3585 1152 (83),
3641 1076 3862 1152 ἐπιστρέ-

2249 1183 2363 1239 φων
2407 1165 2613 1239 ψυχάς.
2663 1164 2853 1238 Νόμος
2901 1165 2993 1220 καὶ
3042 1163 3241 1241 Λόγος,
3295 1165 3459 1228 αὑτὸς
3491 1167 3520 1221 ὁ
3553 1167 3737 1244 Σωτὴρ
3782 1168 3861 1224 λέ·

2248 1273 2423 1328 γεται,
2483 1251 2558 1316 ὠς
2608 1252 2810 1328 Πέτρος
2856 1253 2910 1308 δν
2969 1252 3322 1330 Κηρύγματι·
3383 1255 3476 1309 καὶ
3521 1255 3548 1310 ὁ
3577 1259 3862 1334 προφήτηςο

2248 1341 2348 1399 Ἐκ
2396 1341 2500 1416 γὰρ
2561 1341 2704 1397 Σιὼν
2762 1340 3093 1413 ἰξελεύοεται
3144 1343 3340 1416 νόμος,
3400 1343 3496 1399 καὶ
3549 1345 3721 1420 Λόγος
3774 1346 3861 1402 Κύ-

2249 1429 2370 1506 ρίου
2402 1429 2454 1501 ἐξ
2483 1429 2870 1507 Ἰερουσαλήμ.

2319 1521 2444 1576 ΝΘ’.
2529 1522 2591 1576 Ἡ
2671 1521 2940 1596 μαρτυρία
3015 1521 3223 1596 Κυρίου
3303 1522 3501 1591 πιστὴ,

2246 1609 2435 1679 νήπια·
2486 1611 2521 1678 ἡ
2581 1611 2831 1680 Δταθήκη
2895 1609 3096 1683 Κυρίου
3155 1611 3395 1681 ἀληθὴς,
3455 1611 3734 1688 σοφίζουσα
3780 1635 3859 1684 νηο

2245 1697 2429 1767 πίους,
2459 1697 2586 1760 τοὺς
2637 1699 2892 1767 ἆκακους,
2921 1698 3052 1760 τούς
3093 1719 3153 1754 τε
3193 1697 3562 1770 ἀποστόλους,
3591 1698 3759 1757 ἔπειτα
3782 1702 3857 1757 ναὶ

3597 1523 3857 1601 σοφίζουσα

503 1794 664 1850 omni
693 1793 916 1849 malitia
939 1799 1078 1850 sunt
1099 1795 1416 1863 immunes;
1449 1800 1574 1850 tum
1593 1795 1897 1867 apostolis,
1925 1795 2060 1850 dein
2083 1799 2126 1848 e1

2253 1789 2416 1859 ἡμᾶς.
2463 1784 2640 1842 ’Λλλὰ
2669 1786 2759 1842 καὶ
2789 1790 2824 1857 ἠ
2857 1787 3028 1842 αὐτοῦ
3074 1791 3172 1843 τοῦ
3218 1789 3423 1863 Κυρίου
3476 1791 3731 1866 μαρτυρία
3759 1793 3855 1845 καθ’

504 1882 692 1938 nobis.
726 1885 972 1955 Insuper
1000 1888 1058 1938 et
1086 1884 1280 1953 ipsum
1313 1883 1544 1938 Domini
1567 1883 1995 1950 testimonium,
2027 1899 2126 1954 qui

2253 1877 2310 1944 ἢν
2365 1876 2548 1931 παθὼν
2609 1876 2827 1948 ἀνέστη,
2877 1875 3095 1947 ἀληθὴς
3141 1878 3415 1952 γενομένη
3464 1879 3598 1934 κατὰ
3634 1879 3691 1934 τὸ
3726 1877 3855 1955 ἔργον

501 1975 636 2043 post
668 1973 1000 2044 passionem
1030 1988 1065 2026 a
1095 1972 1343 2028 mortuis
1375 1972 1714 2036 resurrexit,
1748 1972 1892 2028 illud
1946 1972 2144 2043 ipsum

501 2075 703 2116 revera
730 2075 930 2115 verum
964 2075 1097 2116 cum
1129 2065 1304 2130 esset,
1333 2060 1405 2115 ad
1427 2060 1765 2116 firmitatem
1789 2060 1924 2116 ﬁdei
1948 2059 2141 2116 Eccle-

501 2147 652 2206 siam
684 2147 948 2205 adduxit.

568 2236 686 2292 LX.
719 2235 904 2292 Timor
961 2237 1186 2292 Domini
1237 2245 1435 2307 castus,
1482 2253 1818 2310 permanens
1873 2238 1938 2294 in
1965 2255 2143 2295 saecu-

494 2325 612 2384 lum
639 2325 854 2381 saeculi.
889 2325 1027 2382 Illos
1058 2326 1224 2398 quia
1271 2326 1482 2384 timore
1529 2327 1601 2383 ad
1656 2328 1832 2384 fidem
1877 2328 2140 2385 conversi

495 2420 638 2472 sunt
666 2431 733 2470 ac
755 2415 1077 2484 justitiam,
1103 2415 1164 2470 in
1196 2416 1476 2473 saeculum
1511 2433 1854 2489 permanere
1903 2417 2133 2473 asserit.

488 2503 706 2560 Iudicia
753 2503 976 2560 Domini
1028 2520 1179 2572 vera,
1235 2505 1426 2577 ﬁrma,
1483 2506 1952 2578 immobiliaque,
2012 2522 2142 2578 qua

489 2593 820 2648 mercedem
847 2593 1071 2662 iustam
1104 2594 1457 2664 concedunt,
1491 2600 1548 2651 et
1576 2611 1704 2666 qua:
1755 2594 1816 2650 in
1850 2595 2136 2651 unitatem

488 2679 624 2738 fidei
646 2681 844 2752 justos
875 2681 1268 2738 constituunt.
1301 2683 1528 2756 Quippe
1557 2684 1668 2742 hoc
1697 2685 1941 2754 indicat,
1977 2685 2133 2756 quod

490 2769 724 2825 dicitur:
756 2770 1072 2840 Justiﬂcata
1100 2772 1160 2826 in
1192 2775 1488 2843 semetipsa
1514 2773 1605 2844 (ε).
1634 2773 1810 2845 Super
1839 2789 2044 2830 aurum
2071 2789 2136 2828 ac

489 2858 730 2931 lapidem
751 2861 1056 2931 pretiosum
1078 2860 1420 2931 hujusmodi
1445 2867 1585 2917 sunt
1605 2861 1895 2918 desideria
1924 2862 2026 2932 (ά).

562 2947 708 3005 LXI.
739 2949 957 3004 Etenim
984 2964 1175 3004 servus
1204 2959 1332 3005 tuus
1359 2950 1594 3006 custodit
1649 2967 1714 3007 ea
1769 2952 1862 3024 (ε).
1914 2951 2134 3024 Nempe

487 3035 646 3094 haud
679 3039 818 3109 quia
848 3054 1052 3094 servus
1082 3038 1257 3095 sicuti
1290 3041 1487 3096 David:
1522 3040 1623 3096 sed
1657 3040 1910 3113 populus
1943 3039 2134 3096 omnis

487 3125 590 3198 qui
622 3127 861 3183 tandem
894 3125 1108 3183 salutis
1135 3128 1427 3200 particeps
1458 3129 1696 3185 futurus
1747 3131 1845 3194 sit,
1891 3146 1960 3186 ex
1989 3129 2131 3186 obe-

485 3215 706 3272 dientia
738 3216 1033 3271 mandatis
1065 3216 1348 3288 prastita,
1379 3217 1479 3272 Dei
1502 3233 1705 3274 servus
1730 3224 1974 3274 vocatus
2019 3223 2129 3275 est.

556 3302 720 3359 LXII.
753 3305 829 3359 Ab
855 3306 1083 3360 occultis
1109 3321 1246 3360 meis
1273 3305 1482 3361 munda
1511 3321 1597 3361 me
1617 3307 1702 3378 (f).
1730 3306 1951 3379 Nempe
1981 3325 2015 3362 a
2035 3325 2131 3364 co-

484 3391 872 3464 gitationibus
901 3399 1068 3448 extra
1098 3394 1384 3450 rationem
1409 3402 1652 3462 rectam,
1685 3413 1751 3451 ac
1780 3395 2125 3453 defectibus.

483 3479 710 3551 Quippe
739 3480 858 3537 hinc
891 3498 924 3537 a
943 3482 1108 3552 justo
1140 3499 1381 3556 prorsus
1412 3483 1601 3540 aliena
1631 3501 1760 3541 esse
1780 3486 2057 3541 afﬁrmat.

557 3569 755 3625 LXIII.
786 3569 851 3626 Si
877 3572 988 3626 mei
1014 3589 1128 3626 non
1156 3572 1373 3643 fuerint
1401 3575 1699 3642 dominali,
1747 3579 1878 3632 tunc
1925 3578 2129 3632 imma-

515 3659 702 3714 ulatus
723 3661 926 3732 ero(g).
942 3661 1186 3718 Perinde
1199 3661 1370 3733 quasi
1385 3663 1634 3720 dixisset
1653 3663 1771 3730 ille,
1791 3664 1848 3720 Si
1875 3667 1988 3721 mei
2012 3683 2126 3722 non

491 3747 780 3804 dominati
811 3749 1050 3816 fuerint,
1079 3751 1180 3821 qui
1214 3767 1307 3807 me
1333 3757 1771 3823 persequuntur
1803 3754 1975 3810 sicuti
2018 3761 2126 3812 Do-

488 3835 740 3904 minum,
773 3853 888 3892 non
917 3853 1015 3894 ero
1049 3838 1485 3895 immaculatus.
1520 3839 1683 3896 Haud
1702 3841 1858 3897 enim
1887 3843 1944 3898 in
1971 3860 2127 3900 mar-

486 3927 682 3994 tyrum
712 3923 913 3980 album
946 3925 1207 3981 defertur
1236 3927 1390 3998 quis,
1425 3927 1482 3983 ni
1506 3929 1972 4001 persecutionem
1999 3947 2132 4002 pas-

487 4027 593 4067 sus
622 4012 814 4069 fuerit:
848 4029 1038 4086 neque
1059 4015 1265 4086 justus
1296 4023 1540 4089 apparet
1564 4019 1721 4090 quis,
1751 4019 1808 4074 ni
1842 4020 2124 4090 injuriam

485 4117 720 4174 passus,
754 4101 1033 4175 injuriam
1064 4104 1193 4177 ipse
1217 4121 1416 4177 parem
1455 4107 1612 4164 haud
1658 4109 1927 4168 retulerit
1957 4130 1971 4170 :
2021 4129 2126 4170 nec

484 4191 725 4248 demum
756 4191 1011 4250 tolerans
1033 4192 1346 4251 maiorum.
1392 4236 1405 4250 .
1450 4237 1464 4254 .
1513 4237 1527 4253 .
1571 4238 1584 4253 .
1631 4240 1645 4254 .
1681 4239 1694 4252 .
1741 4241 1754 4254 .
1799 4240 1815 4255 .
1860 4239 1873 4254 .
1919 4241 1934 4257 .
1980 4244 1995 4260 .
2038 4243 2051 4257 .

2247 1964 2399 2033 αὐτὸ,
2458 1964 2534 2026 είς
2597 1959 2891 2040 βεϐαίωσιν
2965 1965 3196 2029 πίστεως
3270 1965 3446 2043 ἤγαγε
3515 1968 3613 2036 τὴν
3664 1965 3861 2037 Ἐχχληο

2247 2053 2386 2110 σίαν.

2315 2237 2398 2289 Ξ¹.
2437 2233 2498 2291 Ὁ
2555 2228 2725 2312 φόϐος
2782 2231 2982 2309 Κυρίου
3037 2233 3218 2310 ἁγνὸς,
3273 2231 3545 2308 διαμένων
3599 2233 3670 2299 εἷς
3714 2233 3856 2290 αἷῶνα

2244 2319 2466 2383 αῗῶνος.
2499 2320 2645 2383 Τοὺς
2693 2319 2754 2376 ἐκ
2795 2316 2970 2398 φόϐου
3000 2321 3078 2384 εἷς
3111 2321 3293 2378 πίστιν
3343 2322 3741 2402 ἐπιστραφέντας
3781 2323 3854 2380 καὶ

2245 2406 2616 2479 δικαιοσύνην,
2675 2409 2752 2472 εἰς
2809 2409 2983 2466 αἰῶνα
3037 2413 3369 2487 παραμένειν
3429 2411 3592 2488 λέγει.
3645 2413 3715 2467 Τὰ
3756 2412 3853 2488 κρί-

2248 2518 2390 2570 ματα
2464 2497 2666 2573 Κυρίου
2739 2497 2996 2570 ἀληθινὰ,
3075 2495 3269 2576 βέϐαια
3343 2501 3433 2557 καὶ
3508 2501 3850 2575 ἀμετακίνητα,

2241 2588 2358 2642 κατ’
2389 2585 2540 2657 ἀξίαν
2571 2586 2968 2662 ἀπονεμητικὰ,
2999 2589 3089 2644 καὶ
3137 2589 3215 2652 εἰς
3243 2590 3346 2660 τὴν
3377 2589 3599 2661 ἑνότητα
3639 2597 3730 2660 τῆς
3771 2588 3848 2644 πί-

2243 2697 2410 2738 στεως
2458 2677 2884 2741 ἆαοκαθιστάντα
2931 2676 3060 2742 τοὺς
3111 2675 3381 2744 δικαίους·
3429 2683 3592 2736 τοῦτο
3637 2680 3732 2756 γὰρ
3771 2701 3849 2748 ση-

2245 2763 2423 2836 μαίνει
2451 2764 2538 2831 τὸ,
2590 2762 2995 2838 Δεδικαιωμένα
3033 2769 3148 2840 (84)
3174 2766 3264 2822 ἐπὶ
3309 2769 3378 2824 τὸ
3428 2767 3576 2826 αὐτό.
3608 2769 3672 2823 Δὶ
3699 2770 3852 2823 τοιαῦ-

2239 2873 2327 2906 ται
2361 2850 2644 2925 ἐπιθυμίαι
2679 2853 2810 2930 ὑπὲρ
2846 2854 3036 2930 χρυοίν
3067 2855 3158 2910 καὶ
3186 2853 3345 2910 λίθον
3371 2857 3582 2929 τίμιον.

2313 2942 2447 2998 ΞΝ.
2501 2942 2599 2996 Καὶ
2653 2941 2755 3020 γὰρ
2787 2945 2816 2998 ὁ
2848 2941 3047 3006 δοῦλός
3105 2966 3204 3000 οου
3265 2944 3534 3023 φυλάοοει
3606 2943 3855 3019 αὐτάόὖχ

2239 3029 2326 3084 ὅτι
2359 3026 2556 3093 δοῦλος
2601 3033 2718 3087 οἷον
2777 3027 2945 3088 Δαϐἰδ
3166 3032 3313 3089 ἀλλὰ
3375 3039 3482 3098 πᾶς
3513 3036 3540 3092 ὁ
3571 3032 3691 3098 λαὸς
3718 3035 3742 3090 ὁ
3768 3055 3854 3089 σω·

2243 3118 2472 3190 ζόμενος
2505 3115 2706 3183 δοῦλος
2763 3125 2919 3193 Θεοῦ,
2979 3119 3049 3178 δι’
3113 3122 3368 3192 ὑπακοὴν
3418 3122 3640 3194 ἐντολῆς
3683 3121 3853 3191 κεχληο

2163 3188 2207 3256 C
2250 3188 2434 3280 μένος.

2314 3297 2443 3354 ΞΒ’.
2501 3297 2595 3354 Ἐκ
2639 3303 2748 3354 τῶν
2808 3298 3050 3376 κρυφίων
3114 3320 3219 3372 μου
3280 3296 3579 3377 καθάρισὸν
3635 3320 3716 3375 με’
3763 3303 3848 3354 τῶν

2245 3381 2464 3439 ἐννοιῶν
2496 3391 2604 3441 τῶν
2633 3387 2778 3460 παρὰ
2821 3388 2912 3442 τὸν
2966 3387 3126 3463 ὀρθὸν
3160 3387 3354 3466 λόγον,
3385 3395 3494 3446 τῶν
3542 3387 3850 3466 έγτιαταλειμ·

2243 3472 2450 3546 μάτων.
2483 3477 2667 3532 Ταῦτα
2693 3478 2796 3553 γὰρ
2829 3475 3100 3554 ἀλλότρια
3127 3475 3276 3554 λέγει
3307 3476 3547 3538 δικαίου.

2309 3565 2434 3620 ΞΓ.
2503 3563 2629 3622 Ἐὰν
2687 3568 2762 3638 μή
2829 3587 2934 3640 μου
2994 3567 3488 3642 κατακυριεῦσωσι,
3545 3567 3659 3624 τότε
3707 3570 3836 3641 5pm-

2241 3671 2342 3723 μος
2371 3648 2585 3725 ἔσομαι’
2636 3652 2859 3726 έπίστης
2911 3661 3012 3728 τῷ,
3063 3655 3182 3713 Ἐάν
3235 3658 3312 3730 μή
3389 3679 3496 3731 μου
3543 3653 3848 3732 κατακυριεῦ-

2238 3760 2402 3795 σωσιν
2435 3742 2486 3796 οἱ
2531 3739 2822 3807 διώκοντές
2877 3765 2943 3818 με
2991 3745 3171 3818 ὥσπερ
3216 3747 3308 3802 τὸν
3365 3749 3588 3823 Κύριον,
3616 3747 3708 3802 οὐκ
3751 3741 3850 3801 ἔσο·

2241 3851 2338 3902 μαι
2394 3828 2650 3905 ἄμωμοςο
2707 3833 2769 3888 οὗ
2825 3835 2926 3911 γὰρ
2981 3833 3185 3908 μάρτυς
3241 3835 3449 3912 γίνεταί
3501 3858 3603 3904 τις,
3658 3834 3734 3892 ἰὰν
3786 3834 3846 3908 μὴ

2239 3915 2478 3995 διωχθῇο
2533 3920 2660 3977 οὖδὶ
2717 3919 2927 3986 δίκαιος
2978 3923 3244 4002 φαίνεται,
3275 3923 3394 3998 ἐὰν,
3455 3928 3531 4000 μὴ
3585 3921 3844 3995 ἀδικηθεὶς.

2240 4010 2316 4082 μή
2351 4006 2707 4086 ἀνταδικήσῃ·
2739 4009 2864 4068 οὐδὲ
2896 4013 3002 4086 μὴν
3028 4012 3343 4084 ἀνιξίκακος
3374 4017 3510 4092 (86).
3588 4059 3601 4073 .
3675 4058 3687 4071 .
3756 4055 3768 4067 .
3835 4052 3845 4066 ο

617 4381 680 4440 Ρ.
710 4381 818 4437 995
845 4379 959 4440 ED.
993 4380 1296 4440 POTTER.
1329 4383 1407 4456 (a)
1437 4384 1590 4443 Psal.
1648 4403 1808 4458 xvm,
1841 4391 1895 4446 8.
1928 4390 2004 4463 (b)
2057 4391 2126 4448 Jo

2267 4409 2328 4462 ιι,
2360 4393 2415 4452 3.
2471 4394 2541 4467 (c)
2597 4394 2755 4453 Psal.
2809 4413 2970 4466 xvm,
3031 4398 3098 4454 10
3153 4399 3226 4471 (d)
3288 4400 3440 4458 Ibid.
3493 4401 3577 4458 12.
3610 4399 3678 4472 (ι)
3721 4393 3846 4460 Psal.

483 4494 642 4548 cxm,
679 4481 765 4537 16.
799 4481 866 4554 (1)
896 4479 1050 4538 Psal.
1081 4497 1244 4552 xvm,
1280 4482 1366 4537 13.
1403 4483 1478 4555 (g)
1513 4484 1658 4541 Ibid.
1695 4486 1781 4542 14.

557 4656 672 4744 (8‘3)
728 4656 790 4713 Ὁ
845 4657 1036 4744 νόμος
1086 4661 1184 4744 τρῦ
1241 4663 1374 4744 Θξοῦ
1415 4661 1684 4744 ,ἄμωμοςο
1753 4663 1925 4744 Vulg.
1983 4665 2126 4722 Bibl.

2253 4671 2344 4744 tur
2373 4667 2433 4744 in
2459 4670 2703 4744 ‘eisdem
2745 4673 3032 4744 excerptis
3077 4674 3161 4729 fra

488 4729 884 4807 psalmo_xv1,x
917 4729 930 4786 ξ
983 4729 1040 4783 Ὁ
1061 4730 1240 4807 νόμος
1286 4729 1508 4807 Κυρίου
1555 4733 1810 4807 ἄμωμος.
1845 4729 2131 4795 Simone.

491 4798 507 4801 ⁷
561 4800 670 4872 (84)
701 4801 946 4856 Τοῦτο...
989 4798 1412 4874 Δεδιδιαιωμένὰ.
1464 4798 1603 4861 Ηωό
1648 4798 1986 4879 parenthesi
2038 4811 2134 4866 in-

487 4872 781 4929 cludenda
808 4878 969 4929 sunt.

544 4945 667 5068 £85)
700 4942 906 5004 Δοῦλος
961 4943 1074 4997 οἷον
1133 4938 1321 5026 ᾼαϐίδ.
1347 5017 1357 5028 ,
1383 4949 1547 5002 Forte
1603 4944 1803 5011 δοῦλος
1850 4949 1946 5025 τῇν
1977 4951 2004 5005 ὁ
2037 4960 2135 5006 Δα-

481 5007 537 5067 ϐί
580 5057 594 5068 .
620 5031 809 5068 servus
859 5020 978 5068 erat
1008 5017 1197 5068 David.
1250 5018 1358 5068 Om
1413 5033 1543 5068 mox
1583 5022 1854 5068 senliiinr
1910 5023 2072 5068 Ιηηιιςι
2101 5041 2132 5068 ρ

481 5017 594 5083 δίδ,
620 5031 809 5070 servus
859 5020 978 5072 erat
1008 5017 1197 5072 David.
1250 5017 1358 5084 Qui
1413 5033 1543 5074 mox
1583 5022 1854 5092 sequitur
1893 5017 2072 5080 'locus
2101 5041 2132 5081 e

480 5085 965 5212 Is’gguc::cione,
998 5087 1213 5144 citatus
1253 5088 1426 5144 etiam
1456 5106 1658 5164 supra,
1693 5110 1747 5166 p.
1784 5095 1885 5150 168
1916 5100 1972 5151 et
2004 5096 2127 5152 154.

525 5173 1092 5309 Υἶὲεϐῗῃῗίνεξίκατιος.
1147 5233 1209 5287 In
1269 5233 1556 5309 excerptis
1603 5237 1970 5309 Augustanis
2027 5239 2126 5296 iti-

483 5300 614 5356 dem
649 5317 857 5358 manca
876 5307 966 5359 est
990 5301 1170 5375 hujus
1184 5319 1324 5360 xvm
1346 5300 1554 5378 psalmi
1580 5300 1891 5366 enarratio-
1917 5311 2126 5386 Sequi-

2246 4672 2344 4722 tur
2373 4672 2433 4752 in
2481 4672 2703 4753 eisdem
2745 4673 3032 4744 excerptis
3075 4674 3471 4801 .fraﬁ‘mentum
3525 4672 3720 4749 psalmi
3753 4686 3845 4736 xxv,

2245 4738 2353 4827 ξορα
2383 4739 2672 4827 Videlicet,
2698 4747 2764 4827 ut
2896 4749 3152 4827 optavit;
3237 4745 3374 4821 ύριε,
3412 4751 3586 4827 σῷσον
3608 4741 3846 4827 saepe?

2242 4807 2359 4900 λέα,
2391 4811 2637 4900 τουτέστι
2667 4812 2760 4906 re}
2932 4807 3157 4906 βασιλέα
3193 4807 3568 4906 ’κεχρισμένον
3587 4888 3601 4906 ’
3621 4807 3758 4906 λαόν.
3783 4810 3845 4867 Οὖ

2238 4880 2338 5021 γὰρ
2385 4883 2548 4953 μόνον
2580 4884 2671 4938 τὸν
2713 4879 2900 4940 Δαϐίδ.
2933 4879 3028 4941 Ἀιὸ
3057 4887 3146 4942 καὶ
3189 4879 3420 4965 infici"
3443 4891 3538 4946 Καὶ
3584 4888 3844 4943 ἐπάκουσον

2285 4957 2424 5021 μῶν,
2457 4953 2509 5010 ἐν
2542 4953 2578 5021 ᾖ
2609 4955 2669 5010 ἂν
2712 4957 2895 5021 ἡμέρᾳ
2943 4957 3395 5021 έπικαλεσώμεθά
3444 4982 3520 5018 σι.
3553 4962 3624 5017 Τὸ
3672 4949 3844 5021 ἆνα6ἧ⁶

2240 4953 2424 5024 ἡμῶν,
2457 4953 2509 5010 ἐν
2542 4953 2578 5044 ᾖ
2609 4955 2669 5010 ἂν
2712 4957 2895 5033 ἡμέρᾳ
2943 4953 3395 5033 έπικαλεσώμὲθά
3444 4982 3520 5018 σι.
3553 4962 3624 5017 Τὸ
3672 4953 3844 5022 ἆναῦἧ⁶

2237 5045 2322 5078 ναι
2372 5023 2459 5100 ἐπί
2505 5047 2605 5100 την
2633 5025 2858 5100 καρδίαν
2903 5031 2966 5084 τὸ
2997 5029 3162 5100 καλὸν
3200 5032 3303 5088 ὑπὸ
3333 5040 3437 5100 τῆς
3479 5037 3684 5100 Γραφῆς
3711 5027 3844 5100 λέγε-

2238 5052 2322 5078 vat
2372 5052 2459 5080 επι
2505 5052 2605 5095 την
2633 5052 2858 5100 καροιαν
2903 5052 2966 5084 το
2997 5052 3162 5086 καΑον
3200 5053 3303 5088 οπο
3333 5052 3437 5104 της
3479 5052 3684 5107 ι’ραφης
3712 5052 3842 5100 Λεγι-

2235 5117 2346 5182 tat,
2367 5098 2454 5182 δεἱαὶ
2485 5099 2547 5154 τὸ
2577 5105 2796 5182 νικῆσαι
2826 5101 2924 5170 τὴν
2956 5099 3134 5182 καλὴν
3169 5102 3662 5182 βουλήνηουφμεῐι
3693 5102 3842 5182 digna

2236 5172 2671 5299 :inIGClemente
2701 5189 2879 5246 penes
2909 5172 3199 5233 acutiores
3241 5172 3366 5234 esto
3403 5172 3704 5249 judicium.
3730 5172 3840 5226 5n.-

2321 5260 2350 5298 ιι
2397 5285 2409 5296 .
