3978 6200
210 301 305 358 729
1609 294 1804 353 me

1917 298 2086 352 NTA.

461 604 1612 761 CLEMENTIS
1745 605 3224 760 ALEXANDRINI

1454 885 2057 981 FRAGMEN
2065 885 2243 980 TA.

3444 294 3552 352 730

1839 1219 1885 1273 Ι.

889 1335 1503 1394 ADUMBRATIONES
1532 1334 1605 1391 IN
1637 1334 1954 1392 PRIOREM
1987 1334 2050 1392 D.
2103 1336 2312 1394 PETRI
2349 1337 2763 1395 EPISTOLAM.

234 1463 347 1536 Hinc
372 1463 871 1536 Commentariola
900 1463 957 1516 in
988 1461 1238 1536 priorem
1288 1460 1604 1536 Epistolam
1633 1460 2064 1536 canonicamAS.
2111 1462 2284 1530 Petri,
2321 1463 2639 1536 Epistulam
2691 1464 2750 1536 S.
2779 1463 2966 1530 lude,
3001 1472 3055 1519 et
3083 1465 3232 1520 duas
3257 1465 3549 1536 Epistolas

185 1535 232 1590 S.
257 1535 505 1604 Joannis,
539 1533 929 1590 Cassiodorus
958 1532 1580 1588 transtulissevidetur
1603 1551 1618 1599 ;
1645 1533 1878 1588 illorum
1903 1534 2143 1604 quidem
2163 1532 2454 1600 meminit,
2472 1535 2572 1592 lib.
2598 1535 2925 1591 Divinarum
2948 1537 3260 1598 lectionum,
3294 1532 3392 1592 ubi
3433 1538 3542 1594 ait:

178 1607 470 1661 Clementem
525 1605 990 1661 Alexandrinum
1037 1605 1338 1677 Epistolam
1384 1603 1439 1660 S.
1474 1603 1630 1660 Petri
1672 1603 1934 1676 primum,
1966 1606 2020 1662 S.
2071 1606 2270 1662 Joanis
2319 1609 2563 1677 primum
2613 1607 2926 1677 secundam,
2966 1612 3017 1664 et
3065 1607 3253 1664 Jacobi
3306 1610 3546 1673 (rectins

177 1677 341 1750 luds),
363 1678 537 1733 Attico
556 1693 813 1732 sermone
829 1677 1157 1732 declarasse.
1195 1676 1368 1730 Addit
1392 1693 1585 1747 porro,
1606 1677 1769 1750 quod
1805 1677 1852 1750 si
1884 1677 2122 1750 quidem
2148 1676 2414 1734 Clemens
2442 1679 2520 1732 ibi
2550 1677 2733 1734 multa
2758 1676 2976 1749 quidem
3000 1681 3095 1734 sed
3120 1679 3426 1739 subtiliter.
3455 1680 3550 1735 sed

179 1747 337 1822 aliqua
363 1751 584 1805 incaute
612 1751 831 1804 locutus
857 1757 956 1813 est,
983 1765 1041 1822 se
1056 1751 1149 1822 ita
1179 1750 1476 1822 transferri
1486 1819 1495 1822 _
1505 1748 1700 1817 fecisse
1730 1765 1791 1802 ιη
1821 1747 2084 1822 Latinum
2112 1752 2195 1818 ut,
2225 1751 2464 1806 exclusis
2495 1747 2824 1821 quibusdam
2851 1750 3222 1822 offendiculis.
3250 1750 3548 1821 puriﬁcata

177 1821 385 1876 doctrina
409 1822 531 1888 eius
561 1822 823 1894 securior
849 1819 1022 1894 possit
1048 1819 1285 1894 hauriri.
1311 1890 1321 1894 _
1345 1819 1634 1894 Nimirum
1662 1835 1747 1894 _se
1798 1821 2123 1889 proﬁtetur,
2183 1837 2299 1894 non
2328 1827 2449 1894 tam
2506 1819 2845 1894 interpretis
2875 1819 3077 1892 q'uam'
3113 1819 3374 1878 censoris
3409 1823 3546 1891 jure

183 1909 319 1955 nsum
352 1911 366 1957 ;
403 1898 456 1948 et
490 1892 752 1963 pessimo
784 1892 1009 1948 utinam
1041 1899 1099 1947 et
1129 1890 1438 1963 singulari,
1459 1891 1736 1963 exemplo.
1769 1907 1901 1945 cum
1927 1907 2152 1947 errores
2183 1892 2381 1948 libello
2435 1890 2773 1948 eximendos
2796 1890 3108 1963 satagaret,
3142 1890 3549 1950 auctoritatem

238 1965 376 2037 nitus
403 1961 816 2037 labefactans.
848 1968 1009 2037 Opus
1041 1963 1151 2037 hoc
1180 1961 1251 2018 ini
1276 1961 1652 2037 Bibliothecis
1678 1968 1942 2037 Patrum,
1961 1965 2072 2037 sub
2104 1965 2612 2037 Adumbrationum
2627 1965 2862 2020 nomine
2878 1961 3197 2037 comparet,
3231 1982 3348 2037 quo
3371 1964 3548 2021 titulo

176 1980 376 2090 penitus
403 1980 816 2037 ianeiaetasse.
848 1980 1009 2033 Upus
1041 1980 1151 2019 noc
1180 1980 1238 2018 in
1276 1980 1652 2020 uiuuntnecis
1678 1980 2072 2024 Patrum,sun
2104 1980 2612 2021 aaumorauonum
2627 1981 2862 2020 nomine
2878 1980 3197 2037 comparet,
3231 1982 3348 2037 quo
3371 1980 3548 2021 titulo

194 2035 410 2108 sudatur
437 2052 472 2090 a
505 2034 1170 2108 FabrorStapulensiJu
1214 2035 1644 2108 Commentariis
1687 2034 1795 2108 _in_
1818 2035 2084 2108 Epistolas
2133 2036 2449 2106 catholicas,
2483 2052 2654 2108 quem
2689 2037 2862 2092 etiam
2927 2037 3160 2092 titulum
3215 2037 3461 2092 sortitur
3489 2037 3548 2092 in

176 2107 332 2180 codice
352 2124 458 2162 ms.
488 2105 899 2162 vetustissimo
929 2106 1172 2162 cmnobii
1205 2106 1260 2160 S.
1293 2105 1486 2180 Mariae
1515 2105 1734 2180 Montis
1765 2105 1887 2180 Dei,
1912 2108 2194 2180 referente
2221 2105 2747 2180 Philippo'Labbeo
2778 2109 2836 2164 in
2870 2108 3076 2164 Dissert
3099 2108 3225 2164 hist.
3256 2111 3330 2180 de
3357 2111 3545 2180 script.

174 2179 319 2233 cales.
347 2182 531 2251 Hosce
563 2180 1026 2251 commentarios
1078 2181 1303 2247 partem
1339 2178 1522 2251 fuisse
1577 2175 2004 2251 Ὑποςτυπώσεῳν
2062 2175 2668 2251 Clementin'a'rum._et
2697 2196 2803 2251 par
2832 2185 2922 2237 est
2951 2181 3184 2235 credere
3240 2175 3549 2236 Cassiodo-

176 2267 295 2332 rum,
318 2250 411 2322 qui
440 2248 771 2323 στρωματὲα
815 2255 1191 2306 coniectorem
1225 2251 1433 2330 Ivertit,
1469 2247 1848 2310 ὐποτυπώσεις
1900 2249 2351 2306 adumbrationes
2384 2247 2728 2307 reddidisse.
2763 2252 2840 2306 Ex
2897 2251 3103 2308 iisdem
3135 2253 3548 2323 Hypotyposeon

179 2321 395 2393 fontibus
425 2322 758 2393 accipimus
793 2321 1186 2393 fragmentum
1223 2320 1368 2393 Illud
1406 2338 1521 2376 non
1575 2322 2093 2384 contemnendum,
2125 2323 2277 2392 quod
2312 2322 2522 2378 Nicetis
2553 2326 2766 2378 Catena
2794 2323 2974 2379 Gmc.
3008 2324 3162 2378 Patr.
3198 2324 3255 2377 in
3313 2323 3446 2388 Job,
3478 2340 3548 2378 ex

179 2392 444 2465 Bodleiana
471 2391 680 2449 nostra
729 2391 1083 2449 bibliotheca
1109 2397 1246 2448 ante
1276 2391 1498 2465 aliquot
1528 2409 1714 2465 annos
1777 2409 1879 2465 per
1908 2391 2222 2449 Patricium
2254 2394 2490 2450 Jonium
2522 2395 2701 2460 edita,
2736 2395 2903 2450 nobis
2933 2394 3297 2451 conservavit
3330 2394 3460 2450 :cui
3493 2399 3552 2451 et

179 2463 254 2520 illa
279 2465 592 2522 succedunt
622 2481 754 2538 quas
784 2465 1078 2521 habentur
1108 2465 1166 2520 in
1227 2467 1443 2521 Catena
1474 2464 1532 2520 in
1568 2463 1808 2533 Lucam‘,
1841 2481 2017 2537 quam
2071 2465 2384 2522 Corderius
2418 2465 2616 2523 Latine
2643 2466 2847 2522 edidit.
2883 2467 3042 2522 Face.

237 2762 366 2819 808
414 2763 555 2834 Cap.
594 2780 637 2830 ι,
663 2779 816 2819 vers.
847 2762 904 2818 3.
936 2791 1004 2802 —-
1026 2761 1358 2818 Benedictus
1383 2762 1524 2819 Deus
1549 2771 1603 2818 et
1627 2763 1794 2818 Pater
1825 2763 1874 2830 Α
1903 2765 2003 2818 tur
2032 2763 2297 2832 spiritus,
2331 2769 2606 2837 operatur
2632 2765 2942 2822 Dominus.
2978 2765 3114 2833 Quae
3150 2781 3316 2822 nunc.
3365 2766 3558 2836 inquit

185 2852 372 2908 Domini
399 2855 579 2909 nostri
607 2854 735 2909 Iesu
766 2850 990 2919 Christi,
1023 2851 1122 2922 qui
1145 2868 1253 2923 per
1278 2868 1541 2920 magnam
1571 2852 1792 2908 miseri-
1903 2853 1975 2918 (v.
2003 2851 2111 2923 12),
2133 2855 2468 2909 annuntiata
2481 2862 2612 2909 sunt
2661 2855 2809 2910 vobis
2826 2870 2926 2924 per
2943 2870 3036 2910 eos
3073 2853 3170 2925 qui
3192 2853 3338 2909 vobis
3373 2870 3554 2910 evan-

180 2940 381 2996 contiam
397 2958 560 2998 suam
588 2943 940 3010 regeneravit
969 2956 1084 2996 nos.
1119 2940 1175 2996 Si
1233 2939 1449 2995 etenim
1482 2939 1638 2996 Deus
1686 2957 1794 2996 nos
1900 2941 2300 3008 aclizaverunt.
2332 2942 2559 3009 Vetera,
2593 2942 2806 3014 inquit,
2837 2959 2963 3014 quae
2995 2959 3097 3015 per
3120 2943 3434 3014 prophetas
3476 2944 3554 2998 fa-

182 3032 345 3103 genuit
362 3049 426 3088 ex
445 3032 720 3097 materia,
746 3035 947 3103 postea
967 3047 1100 3088 vero
1122 3032 1446 3087 secundum
1468 3032 1794 3102 profectum
1901 3034 1991 3084 cta
2022 3035 2164 3086 sunt
2194 3035 2252 3086 et
2310 3030 2593 3100 plurimos
2623 3031 2825 3098 latent,
2864 3048 3020 3087 nunc
3084 3031 3249 3088 vobis
3305 3031 3558 3087 revelata

181 3119 281 3175 vita:
307 3122 686 3193 regeneravit.
720 3124 887 3176 Pater
930 3119 1153 3177 Domini
1182 3119 1361 3176 nostri
1389 3136 1488 3191 per
1543 3136 1794 3177 resurre-
1903 3124 2044 3174 sunt
2075 3134 2174 3190 per
2229 3118 2639 3191 evangelistas.
2675 3121 2842 3176 Vobis
2867 3123 3038 3185 enim,
3090 3119 3287 3191 inquit
3340 3119 3554 3189 (ibid.),

180 3213 373 3266 stionem
399 3229 417 3265 :
445 3212 575 3267 Iesu
607 3209 819 3266 Christi
844 3211 1210 3272 ;secundum
1241 3209 1414 3264 [idem
1439 3211 1686 3264 vestram
1705 3225 1795 3265 re-
1903 3209 2202 3278 manifesta
2230 3217 2358 3264 sunt
2376 3223 2473 3278 per
2500 3207 2774 3280 Spiritum
2801 3214 3059 3265 sanctum
3087 3211 3185 3279 qui
3209 3209 3414 3264 missus
3455 3211 3554 3263 est:

182 3300 432 3371 surgentis
463 3300 524 3355 in
563 3299 762 3355 nobis.
823 3297 984 3354 Sicut
1017 3314 1047 3353 e
1077 3297 1368 3354 contrario
1422 3298 1674 3353 moritur
1732 3298 1792 3354 in
1903 3295 2014 3352 hoc
2043 3301 2133 3352 est
2181 3296 2572 3360 Paraclatum.
2605 3299 2676 3353 de
2705 3315 2818 3367 quo
2879 3299 3158 3353 Dominus
3188 3297 3335 3352 dixit
3377 3313 3391 3351 :
3438 3297 3556 3352 Nisi

186 3389 339 3456 nobis,
368 3389 422 3444 id
450 3393 660 3445 nostra
712 3386 1059 3444 infidelitate
1113 3387 1384 3443 faciente.
1413 3386 1646 3443 Dicebat
1689 3404 1792 3442 au-
1907 3402 2005 3453 ego
2031 3388 2242 3453 abiero,
2273 3386 2376 3442 ille
2393 3402 2503 3442 non
2535 3387 2824 3459 venict(a).
2858 3391 2923 3442 In
2953 3403 3110 3460 quem
3149 3387 3555 3458 concupiscunt,

182 3479 273 3531 tem
297 3477 524 3544 iterum,
555 3492 864 3548 nunquam
897 3475 1104 3532 reverti
1153 3477 1414 3532 secundo
1463 3476 1535 3531 ad
1581 3492 1795 3548 corpus
1905 3475 2098 3547 inquit
2128 3476 2339 3547 (ibid.),
2367 3478 2560 3546 angeli
2580 3479 2888 3549 prospicere
2919 3497 2932 3545 ;
2959 3495 3072 3533 non
3096 3476 3288 3548 angeli
3319 3480 3555 3548 aposta-

185 3565 400 3622 animam
424 3567 483 3622 in
517 3567 633 3624 hac
659 3565 815 3634 vita;
851 3582 1038 3637 neque
1073 3565 1355 3635 injustam
1379 3565 1503 3622 ﬁeri
1534 3581 1662 3637 qua:
1686 3582 1794 3622 an-
1906 3565 2174 3630 tce,sicut
2196 3567 2433 3638 plurimi
2472 3568 2888 3640 suspicantur;
2913 3568 3014 3624 sed
3059 3567 3213 3638 quod
3237 3582 3436 3622 verum
3469 3568 3560 3621 est

185 3653 329 3722 gelica
359 3657 507 3712 facta
536 3660 655 3723 est,
710 3670 898 3725 neque
927 3654 1268 3727 malignam,
1303 3670 1373 3711 ne
1394 3653 1606 3710 iterum
1639 3671 1798 3710 occa-
1906 3670 1973 3710 ac
2001 3654 2287 3725 divinum,
2319 3655 2508 3725 angeli
2539 3656 2640 3727 qui
2688 3655 3027 3712 desiderant
3056 3656 3380 3728 profectum
3425 3669 3552 3724 per-

188 3742 370 3801 sionem
401 3743 689 3817 peccandi
720 3761 823 3816 per
837 3745 1272 3816 susceptionem
1303 3742 1498 3800 carnis
1519 3743 1796 3815 accipiat:
1909 3743 2183 3800 fectionis
2213 3743 2372 3800 illius
2417 3745 2688 3816 adipisci.
2714 3745 3028 3814 Sanguine,
3089 3743 3282 3815 inquit
3311 3753 3384 3811 (v.
3446 3740 3556 3811 19),

191 3830 235 3885 in
259 3835 676 3890 resurrectione
724 3837 942 3900 autem,
1001 3837 1316 3904 utramque
1347 3831 1404 3886 in
1435 3848 1650 3903 corpus
1707 3848 1801 3887 re-
1906 3831 2171 3902 pretioso,
2201 3831 2344 3888 sicut
2373 3833 2512 3902 agni
2541 3835 2976 3889 incontaminati
3001 3837 3052 3889 et
3082 3829 3452 3888 immaculati.

187 3921 319 3989 verti,
367 3923 815 3995 coniunguntur
844 3921 1079 3977 sibimet
1107 3919 1354 3977 invicem
1404 3921 1575 3992 juxta
1611 3937 1801 3993 genus
1909 3925 2012 3976 Hic
2042 3920 2230 3989 tangit
2276 3921 2559 3976 Leviticas
2577 3927 2633 3977 et
2681 3921 3072 3978 sacerdotales
3103 3921 3379 3991 antiquas
3409 3920 3558 3978 cele-

186 4011 464 4081 proprium,
519 4010 854 4068 secundum
887 4009 1370 4082 Compositionem
1437 4009 1682 4066 alterius
1737 4025 1800 4065 se
1910 4009 2207 4066 brationes
2237 4026 2250 4063 :
2283 4010 2576 4081 signiﬁcat
2605 4018 2802 4067 autem
2835 4013 3092 4066 animam
3137 4010 3421 4066 mundam
3455 4025 3559 4081 per
3613 4063 3616 4066 .

186 4099 398 4169 quadam
429 4100 823 4173 congruentia
869 4103 1209 4171 coaptantes
1241 4098 1394 4155 sicut
1432 4114 1670 4170 sagena,
1711 4097 1798 4155 vel
1831 4134 1876 4198 Β
1901 4099 2216 4170 justitiam,
2277 4115 2402 4171 qua:
2449 4100 2694 4156 offertur
2722 4101 2860 4156 Deo.
2917 4102 3253 4169 Praecogniti
3308 4099 3552 4171 quidem,

186 4187 1084 4262 adiﬁcatiolapidum.Proptersa
1109 4188 1694 4259 Petrusinquit{cap.
1730 4206 1792 4254 ιι,
1834 4187 1875 4198 “’
1909 4188 2101 4260 inquit
2121 4189 2194 4260 (v.
2220 4189 2334 4261 20),
2391 4193 2521 4243 ante
2567 4191 3022 4246 constitutionem
3081 4189 3307 4244 mundi.
3358 4187 3553 4242 Primo

184 4289 225 4331 ν.
249 4275 331 4348 5):
352 4279 413 4333 Et
441 4294 533 4334 vos
562 4279 674 4350 ipsi
700 4280 844 4334 sicut
873 4276 1082 4352 lapides
1109 4278 1223 4333 vivi
1263 4276 1636 4347 zdiﬁcamini
1690 4279 1792 4333 do-
1909 4276 2126 4349 quippe
2172 4277 2568 4350 precognitus
2598 4281 2732 4334 ante
2764 4294 2995 4334 omnem
3029 4281 3356 4333 creaturam
3396 4275 3551 4346 quod

189 4381 286 4420 mus
323 4368 600 4440 spiritalis
635 4367 1007 4432 :custodium
1041 4366 1266 4423 scilicet
1315 4365 1372 4421 in
1423 4367 1552 4423 οωιὶ
1601 4367 1794 4424 locum
1911 4369 2034 4422 erat
2061 4365 2349 4422 Christus.
2395 4365 2735 4434 Manifestati
2779 4375 2963 4421 autem
2989 4368 3053 4420 in
3094 4364 3424 4432 novissimis,
3458 4379 3561 4435 per

190 4454 492 4526 signiﬁcans
524 4456 685 4514 sedis
745 4457 1039 4530 angelicas.
1069 4459 1138 4514 In
1166 4473 1283 4526 eos,
1317 4457 1514 4528 inquit
1568 4457 1719 4528 (cap.
1755 4473 1795 4525 ι,

192 4558 234 4597 ν.
253 4545 300 4612 5,
325 4545 399 4617 6),
421 4548 520 4618 qui
548 4547 762 4602 virtute
803 4547 907 4603 Dei
933 4545 1339 4602 conservamini
1383 4545 1490 4616 ﬁde
1518 4561 1583 4601 ac
1608 4562 1800 4618 specu-

197 4630 390 4703 latione,
415 4637 738 4709 precepturi
763 4635 934 4705 linem
969 4635 1103 4706 ﬁdei
1130 4640 1326 4692 vestrae
1353 4636 1678 4690 animarum
1706 4652 1802 4690 sa-

200 4720 355 4781 lutem.
384 4726 534 4782 Hine
589 4729 831 4799 apparet
858 4724 1138 4797 quoniam
1173 4741 1284 4779 non
1315 4728 1406 4780 est
1459 4724 1804 4780 naturaliter

197 4811 361 4870 anima
386 4814 870 4886 incorruptibilis,
912 4815 1011 4868 sed
1063 4813 1250 4885 gratia
1282 4812 1382 4868 Dei
1417 4829 1519 4884 per
1549 4813 1721 4868 tidem
1746 4819 1804 4869 et

193 4900 472 4971 justitiam,
489 4910 547 4958 et
565 4920 668 4975 per
683 4901 1042 4958 intellectum
1069 4901 1366 4974 perﬁcitur
1383 4901 1804 4973 incorruptibi-

198 4986 498 5064 lis.chua
552 4993 732 5049 salute
784 4992 978 5063 inquit
1034 4991 1112 5063 V).
1179 4992 1283 5054 10),
1340 4990 1697 5063 exquiserunt
1750 4995 1805 5047 et

201 5081 394 5134 scrutati
420 5083 547 5136 sunt
589 5081 892 5153 propheta,
948 5086 1004 5136 et
1033 5085 1238 5136 cetera
1267 5096 1396 5151 qua:
1450 5086 1804 5151 sequuntur.

204 5167 498 5225 Declaratur
522 5185 622 5242 per
648 5170 781 5235 hoc,
812 5186 943 5225 cum
971 5168 1261 5240 sapientia
1280 5168 1502 5224 locutos
1533 5185 1658 5225 esse
1679 5185 1808 5241 pro-

205 5251 393 5323 phetas,
423 5261 480 5314 et
505 5258 777 5330 spiritum
807 5257 868 5312 in
899 5257 984 5314 eis
1014 5257 1231 5312 Christi
1265 5257 1448 5313 fuisse
1479 5258 1804 5312 secundum

205 5345 588 5412 possessionem
619 5349 678 5402 et
693 5345 1121 5418 subjectionem
1151 5345 1391 5414 Christi,
1422 5361 1523 5416 per
1567 5345 1810 5402 archan-

209 5429 338 5502 gslos
354 5434 504 5492 enim
526 5439 583 5492 et
600 5434 963 5509 propinquos
981 5434 1222 5510 angelos
1243 5433 1344 5510 qui
1365 5433 1583 5492 Christi
1593 5451 1808 5492 vocan-

1911 4460 2252 4528 generatum
2285 4471 2518 4525 corpus.
2553 4454 2875 4524 Regenerati
2907 4470 3015 4510 non
3041 4470 3111 4510 ea:
3137 4452 3346 4508 semine
3365 4467 3559 4506 corru-

1912 4545 2101 4618 ptibili
2127 4547 2202 4612 (v.
2234 4543 2348 4614 23).
2397 4543 2804 4614 Corruptibilis
2851 4543 3032 4615 igitur
3077 4546 3168 4598 est
3196 4542 3393 4597 anima
3432 4557 3559 4611 quo

1915 4650 2046 4690 cum
2080 4649 2318 4704 corpore
2349 4633 2528 4688 simul
2563 4634 2958 4704 profunditur,
2978 4637 3043 4688 ut
3061 4632 3301 4704 quidam
3332 4635 3557 4699 putant.

1921 4723 2146 4782 Verbum
2178 4731 2361 4778 autem
2419 4721 2662 4786 Domini,
2695 4721 2890 4794 inquit
2910 4724 2983 4793 (v.
3016 4722 3132 4793 25),
3187 4731 3474 4793 permanet
3501 4721 3564 4776 in

1916 4818 2184 4869 utentum
2215 4815 2390 4873 ;tam
2445 4810 2752 4883 prephetia
2810 4827 2985 4882 quam
3041 4810 3235 4867 divina
3275 4811 3564 4868 doctrina.

1915 4904 2071 4972 (Cap.
2131 4917 2192 4969 ιι,
2223 4917 2277 4956 v.
2304 4901 2408 4971 6):
2447 4901 2540 4955 Vos
2586 4909 2768 4958 autem
2830 4917 3002 4971 genus
3055 4903 3308 4970 electum,
3384 4901 3568 4973 regale

1860 5026 1865 5030 -
1916 4991 2299 5047 sacerdotium.
2351 4989 2632 5056 Quoniam
2665 5007 2799 5046 vero
2829 4989 3078 5049 electum
3111 5008 3298 5065 genus
3355 5006 3564 5047 sumus

1918 5079 2016 5136 Dei
2050 5079 2354 5145 electione,
2413 5080 2644 5134 abunde
2677 5079 2899 5135 clarum
2946 5085 3055 5137 est.
3098 5079 3310 5154 Regale
3365 5084 3563 5136 autem

1919 5167 2178 5236 dixit,rx«
2217 5167 2496 5239 quoniam
2553 5169 2624 5223 ad
2681 5185 2931 5242 regnum
2978 5169 3165 5226 vocati
3220 5185 3454 5233 sumus,
3509 5171 3568 5223 et

1919 5273 2129 5313 sumus
2210 5255 2450 5312 Christi.
2556 5257 2960 5315 Sacerdotium
3053 5264 3249 5315 autem
3331 5261 3569 5330 propter

1919 5345 2274 5402 oblationem
2308 5361 2437 5418 qua:
2469 5345 2533 5402 fit
2553 5345 2916 5404 orationibus
2945 5352 3002 5404 et
3022 5345 3324 5410 doctrinis,
3346 5347 3566 5419 quibus

1920 5435 2311 5510 acquiruntur
2339 5436 2549 5494 anime
2578 5453 2708 5510 quas
2756 5439 3080 5495 offeruntur
3107 5437 3243 5494 Deo.
3304 5437 3410 5507 Qui
3434 5452 3564 5492 cum

268 5608 321 5675 ιιι
341 5616 397 5670 Ρ,
421 5614 526 5672 996
549 5615 662 5674 BD.
693 5613 990 5674 POTI'ER.
1019 5616 1098 5689 (α)
1127 5614 1298 5674 Joan.
1328 5631 1445 5689 xw,
1472 5615 1527 5672 ’1.
1549 5613 1614 5679 ιιι
1641 5620 1705 5673 P.
1733 5614 1804 5672 99

1918 5615 1984 5673 D.
2037 5615 2338 5676 POTTEB.
