3978 6200
215 341 300 394 733

1599 333 2066 387 FRAGMENTA.

3422 339 3528 395 734

208 464 360 523 vocati.
383 462 432 515 In
459 457 738 528 judicium,
772 455 963 527 inquit
994 455 1206 528 iibid.),
1238 471 1462 526 magna:
1491 455 1606 512 dici
1637 457 1762 511 vin-
1797 460 1851 524 Α
1880 460 2394 531 num.Prophetavit
2421 465 2602 520 autem
2622 463 2686 520 de
2708 462 2796 519 his
2812 463 3299 536 septimus,inquit
3321 465 3519 538 (v.14),

202 546 556 623 culispcrpetuis
587 546 683 601 sub
700 546 943 614 caligine
971 545 1569 601 reservavit.Vicinum
1603 545 1771 600 terris

198 645 363 702 locum,
391 638 486 692 hoc
517 642 603 691 est
634 633 1026 705 caliginosum
1063 651 1255 690 aerem
1289 634 1603 707 signiﬁcat.
1637 634 1766 690 Vin-

193 731 290 787 cula
317 744 427 783 vero
454 725 588 780 dixit
621 723 998 778 amissionem
1034 723 1274 778 honoris
1304 724 1361 778 in
1395 740 1511 794 quo
1553 725 1764 780 consti.

191 823 354 883 terant,
382 821 430 870 et
458 813 832 884 cupiditatem
866 812 1237 866 infirmarum
1270 828 1503 881 rerum;
1539 813 1767 885 cupidi-

191 912 276 962 tate
301 905 489 977 quippe
521 901 770 956 devincti
804 901 1058 972 propria,
1086 902 1341 956 converti
1377 918 1489 956 non
1522 907 1763 972 queunt.

185 996 300 1051 Sicut
324 994 558 1057 Sodoma,
591 991 783 1062 inquit
814 992 890 1061 (ν.
933 989 1008 1060 7),
1059 999 1112 1044 et
1159 991 1488 1046 Gomorrha.
1542 991 1765 1054 Quibus

186 1083 423 1157 signiﬁcat
450 1081 726 1136 Dominus
756 1079 1065 1134 remissius
1099 1096 1246 1146 esse,
1282 1084 1337 1133 et
1369 1079 1630 1134 eruditos
1653 1097 1766 1150 pm-

187 1173 403 1228 nituisse.
433 1169 704 1226 Similiter
746 1168 968 1238 iisdem,
1022 1167 1214 1240 inquit
1270 1169 1346 1239 (ν.
1398 1169 1476 1238 8),
1509 1173 1561 1223 et
1595 1168 1655 1223 hi
1684 1185 1763 1225 so-

183 1261 421 1324 mniantes,
452 1260 554 1314 hoc
587 1263 676 1314 est
705 1259 806 1328 qui
858 1257 1155 1312 somniant
1201 1256 1624 1327 imaginatione
1656 1274 1765 1312 sua

181 1349 399 1405 libidines
427 1355 480 1404 et
507 1346 786 1418 reprobas
827 1345 1202 1418 cupiditates,
1239 1346 1458 1400 bonum
1489 1363 1618 1400 esse
1652 1363 1761 1418 pu-

182 1445 453 1502 tantes,non
475 1436 619 1492 illud
644 1436 799 1506 quod
833 1451 966 1490 vere
986 1435 1206 1490 bonum
1229 1441 1402 1502 est,et
1428 1435 1589 1489 omni
1613 1435 1762 1491 bono

180 1526 413 1597 superius.
436 1528 672 1582 Carnem
702 1523 940 1596 quidem,
976 1522 1170 1593 inquit
1203 1522 1415 1593 (ibid),
1447 1524 1758 1588 maculant,

177 1615 536 1671 dominationem
577 1619 761 1669 autem
813 1620 1103 1684 spernunt,
1169 1613 1515 1681 maiestatem
1573 1625 1762 1668 autem

180 1706 534 1776 blusphemant;
576 1703 687 1759 hoc
732 1708 822 1758 est
869 1699 1060 1756 solum
1112 1701 1429 1755 Dominum
1484 1701 1584 1773 qui
1631 1719 1761 1757 vere

183 1795 404 1848 Dominus
433 1796 628 1848 noster
657 1795 765 1858 est,
797 1791 971 1846 Jesus
999 1789 1351 1857 C'uristus,et
1382 1790 1542 1844 solus
1564 1789 1762 1846 lauda-

181 1881 294 1936 bilis.
321 1881 669 1952 Hajestatem,
706 1879 919 1950 inquit,
956 1878 1351 1949 blasphemant,
1396 1878 1504 1934 hoc
1536 1883 1624 1934 est
1655 1897 1760 1934 an-

180 1969 314 2039 gelos.
351 1970 430 2041 (V.
474 1970 530 2038 9)
592 1986 606 2024 :
672 1967 896 2037 Quando
925 1967 1158 2022 Michael
1215 1967 1582 2036 archangelus
1639 1985 1763 2024 cum

183 2058 345 2114 diabolo
377 2058 680 2129 disputans,
730 2057 1107 2112 altercabatur
1153 2055 1218 2110 de
1263 2072 1491 2127 corpore
1520 2056 1716 2128 Moysis
1743 2075 1762 2112 :

181 2147 247 2202 hic
263 2149 537 2203 conﬁrmat
559 2147 1030 2217 assumptionem
1053 2145 1543 2217 MoysisMichael
1566 2151 1760 2202 autem

180 2236 243 2291 hic
265 2237 450 2293 dicitur
479 2237 580 2308 qui
617 2253 722 2308 per
752 2236 1147 2307 propinquum
1175 2235 1345 2290 nobis
1377 2235 1652 2306 angelum
1677 2236 1764 2290 al-

181 2328 443 2382 tercabatur
472 2343 607 2381 cum
642 2324 895 2380 diabolo.
948 2327 1024 2378 Hi
1052 2328 1264 2389 autem,
1318 2323 1509 2396 inquit
1539 2325 1616 2396 (v.
1652 2325 1758 2395 10),

181 2431 444 2487 quacunque
471 2415 701 2487 quidem
731 2413 1012 2483 ignorant,
1047 2412 1444 2484 blasphemant.
1493 2413 1760 2480 Quwcun-

179 2521 248 2574 quc
269 2509 424 2560 autem
452 2509 660 2560 natura
673 2503 804 2559 liter
834 2507 1097 2574 tanquam
1125 2512 1273 2557 muta
1290 2502 1570 2558 animalia
1591 2519 1756 2559 nove-

180 2598 288 2661 runt,
313 2595 361 2648 in
386 2595 464 2650 his
491 2602 950 2666 corrumpuntur.
987 2593 1292 2665 Signiﬁcat
1323 2610 1421 2649 eos
1453 2595 1758 2650 comedere

180 2701 224 2739 ac
245 2686 429 2752 bibere,
460 2691 514 2740 et
546 2685 727 2741 rebus
757 2682 1017 2738 venereis
1065 2683 1394 2754 indulgere,
1428 2692 1483 2740 et
1514 2683 1628 2740 alia
1659 2701 1758 2740 eos

183 2779 445 2843 perpetrare
473 2774 617 2828 dicit
647 2789 776 2842 qua:
807 2776 946 2826 sunt
975 2769 1315 2826 communia
1335 2788 1468 2826 cum
1497 2771 1736 2827 animali

180 2860 260 2916 bus
283 2863 478 2918 ratione
506 2861 866 2918 carentibus.
910 2861 990 2916 Ven
1025 2860 1159 2928 illis,
1181 2860 1367 2931 inquit
1400 2863 1474 2931 (ν.
1511 2861 1758 2934 ll),quia

183 2949 222 3002 in
245 2952 312 3004 ria
337 2951 459 3006 Cain
485 2953 772 3006 abierunt.
806 2949 898 3005 Sic
931 2949 1103 3004 etiam
1137 2953 1371 3020 peccato
1396 2951 1529 3004 Adin
1554 2952 1756 3021 subja—

181 3056 328 3094 remus
347 3041 666 3096 secundum
701 3037 920 3112 peccati
953 3037 1423 3094 similitudinem.
1457 3040 1753 3110 Nubes,in-

181 3130 269 3196 quit
289 3132 350 3197 (v.
379 3132 480 3201 12),
510 3132 636 3184 sine
665 3147 848 3200 aqua;
881 3128 987 3183 hoc
1028 3133 1135 3194 est,
1183 3129 1280 3200 qui
1334 3129 1574 3184 verbum
1607 3129 1756 3184 divi-

179 3225 349 3287 num,et
375 3219 685 3274 fecundum
721 3221 777 3272 in
804 3236 866 3273 se
899 3235 1011 3272 non
1053 3218 1371 3289 possident.
1408 3219 1482 3273 0b
1514 3219 1630 3283 hoc,
1666 3219 1751 3273 in-

179 3309 268 3374 quit
290 3309 475 3378 (ibid.),
515 3319 566 3364 et
615 3327 653 3364 α
685 3311 881 3375 ventis,
915 3313 963 3363 et
995 3305 1280 3377 spiritibus
1330 3307 1613 3376 violentis,
1647 3309 1749 3363 hu-

171 3396 350 3462 iusmodi
383 3400 850 3466 circumferuntur
894 3395 1160 3451 homines.
1221 3395 1471 3462 Arbores,
1530 3397 1745 3469 inquit,

177 3484 332 3555 (ibid),
357 3487 697 3542 autumnales
729 3485 1104 3556 infructuosae,
1137 3489 1195 3539 et
1243 3484 1510 3540 infideles
1542 3486 1746 3540 videli-

176 3578 251 3637 cet,
275 3578 354 3645 qui
385 3577 608 3631 nullum
644 3577 896 3629 fructum
933 3573 1230 3628 ﬁdelitatis
1263 3579 1595 3646 apportant.
1635 3577 1745 3646 Bis,

177 3661 314 3730 inquit
337 3665 810 3734 (ibid.),mortu&3;
842 3662 1017 3718 semel
1043 3663 1263 3717 scilicet
1295 3664 1530 3733 quando
1563 3665 1746 3720 delin-

179 3753 350 3820 quendi)
372 3760 682 3824 peccarunt
709 3770 722 3820 ;
755 3753 1008 3807 secundo
1023 3753 1418 3823 vero,quando
1442 3754 1750 3825 suppliciis

179 3843 518 3898 contradentur
540 3843 868 3898 secundum
902 3841 1315 3914 predestinata
1351 3844 1443 3896 Dei
1473 3843 1699 3914 judicia
1731 3861 1744 3900 :

180 3945 289 3984 mors
311 3933 504 4005 quippe
539 3932 872 4004 reputanda
901 3932 1192 3996 est,etiam
1227 3932 1462 4003 quando
1494 3933 1746 4004 quisque

177 4016 500 4076 hereditatem
533 4039 652 4077 non
685 4020 961 4076 continuo
1014 4027 1464 4092 promereretur.
1498 4023 1745 4093 Fluctus,

177 4105 316 4180 inquit
341 4113 405 4180 (ν.
437 4113 541 4180 l3),
573 4112 777 4181 ferocis
806 4110 997 4165 maris.
1035 4110 1131 4165 [lis
1171 4110 1364 4166 verbis
1396 4111 1572 4167 vitam
1603 4130 1744 4184 gen-

177 4196 290 4252 tilem
315 4200 612 4271 signiﬁcat,
648 4216 895 4272 quorum
948 4199 1289 4255 ambitionis
1331 4201 1745 4257 abominabilis

177 4290 236 4338 est
257 4287 380 4343 ﬁnis.
410 4289 604 4345 Sidera
639 4288 913 4354 errantia,
946 4289 1054 4343 hoc
1088 4292 1177 4344 est
1223 4294 1486 4346 errantes
1517 4294 1574 4345 et
1603 4307 1743 4362 apo-

176 4377 307 4430 statas
332 4379 628 4449 signiﬁcat,
663 4395 728 4434 ex
758 4377 1094 4448 huiusmodi
1128 4377 1318 4433 stellis
1350 4377 1617 4451 sunt,qui
1640 4396 1743 4434 an-

1881 548 1948 602 ab
1978 549 2147 604 Adam
2181 551 2384 606 Enoch.
2407 552 2507 608 His
2539 553 2732 609 verbis
2759 554 3122 626 prOpbetiam
3154 554 3512 626 comprobat.

1878 638 1996 708 Isti,
2027 638 2220 710 inquit
2251 641 2326 711 (v.
2363 641 2472 712 19),
2504 654 2879 715 segregantes,
2931 641 3131 698 fideles
3163 644 3234 699 ab
3264 643 3514 700 inﬁdeli-

1878 725 2011 795 bus,
2045 730 2370 784 secundum
2411 733 2708 804 propriam
2755 731 3160 788 infidelitatem
3195 734 3512 805 redarguti.

1877 815 1946 870 Et
1976 815 2187 873 iterum
2220 817 2615 876 discernentes
2665 839 2697 876 a
2746 823 3042 878 carnibus.
3091 823 3389 890 Animales,
3423 823 3516 879 in-

1875 905 2003 974 quit
2034 905 2248 976 (ibid.),
2280 908 2548 980 Spiritum
2592 926 2698 965 non.
2731 911 2988 966 habentes
3020 928 3033 966 :
3069 911 3349 983 Spiritum
3400 913 3515 968 sci-

1875 993 2010 1048 licet
2042 995 2137 1066 qui
2172 1003 2258 1051 est
2279 1014 2382 1068 per
2404 999 2576 1054 ﬁdem
2609 1001 2927 1056 secundum
2953 1017 3124 1056 usum
3144 1000 3387 1070 justitite
3410 1019 3512 1056 su-

1875 1085 2231 1154 perveniens.
2274 1088 2378 1142 Vos
2402 1093 2606 1155 autem,
2639 1089 2832 1162 inquit
2877 1089 2950 1160 (v.
3006 1089 3118 1159 20),
3166 1089 3506 1159 charissimi,

1871 1173 2364 1245 supermdiﬁcantes
2404 1179 2755 1249 vosmetipsos
2800 1178 3148 1233 sanctissima
3191 1183 3363 1234 vestra
3403 1181 3510 1248 ﬁde

1873 1261 1935 1316 in
1954 1261 2176 1333 Spiritu
2204 1269 2414 1320 sancto.
2451 1267 2720 1335 Quosdam
2759 1275 2965 1335 autem,
3023 1267 3216 1339 inquit
3264 1269 3339 1340 (ν.
3390 1271 3502 1340 21),

1871 1347 2093 1405 salvatc
2126 1353 2198 1407 de
2239 1352 2365 1424 igne
2409 1356 2688 1426 rapientes
2734 1355 2807 1426 (ν.
2853 1357 2966 1424 22),
3011 1356 3336 1427 quibusdam
3382 1373 3510 1414 vero

1870 1439 2222 1495 miseremini
2252 1441 2307 1495 in
2342 1445 2554 1512 timore,
2590 1443 2644 1497 id
2679 1449 2761 1498 est
2796 1461 2894 1500 eos
2925 1445 3024 1516 qui
3076 1444 3131 1500 in
3186 1445 3378 1517 ignem
3413 1465 3508 1502 ca-

1871 1526 2041 1595 dunt,
2094 1530 2350 1586 doceatis
2401 1536 2461 1586 ut
2507 1532 2852 1603 semetipsos
2921 1532 3189 1589 liberant.
3237 1535 3508 1602 0dientes,

1869 1615 2063 1688 inquit
2094 1619 2168 1690 (ν.
2200 1620 2313 1689 23),
2345 1637 2465 1675 eam
2490 1637 2610 1691 quae
2641 1622 2884 1676 carnalis
2912 1627 2990 1678 est
3061 1624 3397 1679 maculatam
3425 1630 3511 1680 tu-

1870 1706 2055 1760 nicam
2075 1724 2094 1768 ;
2117 1709 2326 1762 anima:
2359 1711 2626 1765 videlicet
2655 1711 2855 1765 tunica
2890 1711 3118 1766 macula
3148 1713 3511 1783 est,spiritus

1872 1797 2366 1868 concupiscentiis
2400 1799 2661 1870 pollutus
2692 1800 3048 1855 carnalibus.
3079 1801 3147 1856 Ei
3183 1806 3388 1871 autem,
3419 1802 3512 1856 in-

1875 1885 2005 1954 quit
2032 1886 2106 1955 (ν.
2136 1886 2248 1953 24),
2280 1889 2379 1956 qui
2405 1891 2592 1956 potens
2639 1899 2716 1944 est
2755 1905 3079 1944 con-servare
3120 1905 3210 1944 vos
3255 1893 3375 1944 sine
3425 1895 3511 1960 0/-

1870 1977 2138 2042 [cnsione,
2174 1980 2224 2031 et
2253 1977 2587 2033 constituere
2617 1987 2753 2032 ante
2780 1983 3123 2050 conspectum
3167 1979 3366 2048 gloriae
3392 1994 3512 2036 sua?

1873 2063 2266 2119 immaculatos
2297 2067 2356 2120 in
2401 2066 2614 2120 latitia.
2667 2067 2730 2121 In
2785 2073 3100 2138 conspectu
3151 2066 3346 2136 gloriae
3390 2085 3509 2123 sum

1871 2152 2032 2216 dicit,
2068 2169 2262 2208 coram
2295 2155 2540 2226 angelis.
2583 2155 2998 2211 lmmaeulatos
3047 2162 3240 2211 autem
3292 2159 3510 2212 consti-

1871 2243 2141 2306 tuendos,
2175 2242 2416 2313 angelos
2447 2244 2654 2314 factos,
2697 2261 2830 2300 cum
2880 2244 3022 2300 dicit
3071 2245 3273 2300 Daniel
3307 2246 3378 2300 de
3413 2264 3512 2316 po-

1872 2329 2030 2400 pulo.
2062 2337 2119 2386 et
2148 2333 2304 2386 venit
2331 2333 2386 2385 in
2423 2339 2738 2404 conspectu
2775 2334 3029 2400 Domini,
3061 2351 3175 2390 non
3227 2335 3334 2390 hoc
3371 2335 3514 2391 dicit

1870 2420 2149 2490 quoniam
2181 2421 2330 2476 vidit
2360 2425 2574 2489 Deum;
2609 2422 2717 2478 hoc
2750 2424 2902 2479 enim
2937 2423 3301 2494 impossibile
3335 2430 3425 2480 est
3447 2429 3513 2480 ut

1870 2507 2116 2578 quisque
2150 2526 2265 2564 non
2300 2511 2518 2566 mundo
2547 2511 2718 2567 corde
2759 2512 2949 2567 videat
2982 2512 3160 2567 Deum
3193 2530 3207 2566 τ
3244 2514 3344 2567 sed
3398 2514 3508 2568 hoc

1869 2597 2031 2663 dicit,
2066 2596 2203 2669 quia
2235 2605 2444 2654 cuncta
2475 2616 2838 2671 quaecunque
2869 2601 3115 2656 faciebat
3148 2601 3420 2672 populus,
3447 2603 3503 2656 in

1869 2692 2180 2756 conspectu
2215 2694 2380 2742 erant
2405 2688 2528 2754 Dei,
2558 2696 2614 2743 et
2645 2689 2956 2744 manifesta
2987 2689 3071 2744 illi
3112 2690 3503 2757 constabant;

1868 2775 1976 2830 hoc
2005 2781 2093 2830 est
2124 2776 2404 2846 quoniam
2439 2777 2587 2832 nihil
2618 2778 3026 2834 absconditum
3056 2783 3146 2834 est
3175 2795 3209 2834 a
3237 2779 3504 2835 Domino.

1868 2863 1931 2919 In
1964 2864 2272 2936 Evangelio
2305 2882 2438 2920 vero
2470 2869 2792 2922 secundum
2826 2868 3084 2922 Marcum
3113 2869 3503 2939 interrogatus

1863 2953 2152 3007 Dominus
2180 2971 2212 3007 a
2244 2954 2506 3025 principe
2536 2955 2906 3010 sacerdotum
2938 2957 2987 3010 si
3016 2957 3134 3023 ipse
3179 2963 3313 3011 esset
3343 2958 3504 3013 Chri-

1864 3051 1979 3096 stus
2021 3041 2200 3098 Filius
2249 3044 2344 3098 Dei
2392 3043 2695 3105 benedicti;
2745 3044 3073 3114 respondens
3135 3043 3278 3100 dixit
3327 3061 3346 3098 :
3399 3047 3503 3116 Ego

1861 3147 2004 3196 sum,
2037 3137 2089 3186 et
2112 3131 2360 3187 videbitis
2389 3133 2595 3187 Filium
2626 3132 2868 3188 hominis
2896 3150 2930 3186 a
2972 3134 3186 3188 dextris
3233 3133 3506 3189 sedentem

1783 3205 1824 3271 C
1863 3219 2077 3274 virtutis
2108 3222 2458 3290 (a).t’irtutes
2487 3229 2681 3276 autem
2707 3223 3040 3293 signilieant
3070 3227 3302 3277 sanctos
3333 3239 3504 3295 ange-

1861 3308 1964 3364 los.
2001 3310 2249 3364 Proinde
2280 3310 2453 3365 etiam
2486 3327 2617 3365 cum
2649 3312 2794 3365 dicit
2820 3327 2851 3364 a
2883 3312 3091 3366 dextris
3113 3311 3228 3374 Dei,
3262 3313 3499 3368 eosdem

1856 3397 2017 3468 ipsos
2050 3399 2192 3453 dicit
2226 3405 2459 3470 prepter
2497 3399 2888 3470 aequalitatem
2941 3410 2998 3454 et
3046 3401 3498 3456 similitudinem

1859 3487 2258 3557 angelicorum
2289 3496 2745 3557 sanctarumque
2762 3489 3045 3543 virtutum
3068 3488 3166 3559 qui
3191 3489 3501 3544 nominan-

1858 3579 1956 3629 tur
1990 3576 2224 3630 numine
2253 3577 2379 3632 Dei.
2413 3579 2556 3630 Eum
2589 3593 2726 3648 ergo
2771 3577 2957 3632 sedere
3004 3576 3062 3631 in
3097 3580 3293 3633 dextra
3338 3579 3501 3645 dicit,

1858 3662 1967 3718 hoc
1999 3668 2088 3718 est
2118 3663 2177 3719 in
2223 3665 2500 3720 eminenti
2552 3665 2772 3720 honore
2822 3666 3209 3738 requiescere.
3260 3666 3324 3721 In
3370 3665 3504 3722 aliis

1859 3759 2054 3808 autem
2090 3752 2421 3824 Evangeliis
2450 3753 2668 3809 dicitur
2712 3753 2961 3824 principi
3009 3755 3381 3811 sacerdotum
3416 3758 3506 3811 in-

1858 3841 2181 3913 terroganti
2213 3843 2260 3896 si
2295 3843 2420 3913 ipse
2450 3849 2606 3898 esset
2638 3842 2818 3897 Filius
2866 3848 2993 3908 Dei,
3055 3859 3168 3898 non
3217 3860 3248 3899 e
3296 3849 3516 3904 contra

1857 3931 2252 4001 respondisse.
2280 3933 2387 3985 Sed
2417 3931 2556 4002 quid
2591 3930 2777 3986 dixit?
2817 3936 2916 3987 Vos
2958 3931 3146 3987 dicitis
3195 3932 3292 4004 (b).
3345 3934 3499 3990 Satis

1856 4019 2002 4075 bene
2036 4020 2418 4091 respondens.
2452 4019 2510 4074 Si
2543 4019 2699 4074 enim
2731 4020 2969 4088 diceret,
3014 4020 3163 4076 sicut
3193 4038 3292 4078 vos
3324 4021 3497 4078 intel-

1856 4108 2064 4181 ligitis,
2097 4108 2446 4164 mentiretur
2481 4109 2679 4180 utique
2711 4125 2823 4164 non
2859 4127 2922 4164 se
2965 4111 3248 4166 confitens
3284 4111 3492 4167 Filium

1855 4197 1976 4267 Dei,
2012 4197 2094 4252 illi
2132 4215 2246 4254 non
2279 4198 2362 4253 ita
2392 4199 2463 4254 de
2492 4197 2594 4254 illo
2623 4198 2990 4267 sentiebant;
3024 4199 3224 4255 dicens
3273 4205 3494 4271 autem,

1855 4304 1947 4342 vos
1975 4286 2182 4355 dicitis,
2227 4304 2358 4343 vere
2399 4287 2633 4343 locutus
2665 4293 2776 4344 est.
2828 4287 2988 4352 Quod
3030 4289 3186 4344 enim
3238 4305 3352 4344 non
3401 4306 3492 4345 sa-

1853 4377 2112 4450 piebant,
2144 4377 2334 4432 verbis
2365 4376 2657 4447 dicebant,
2687 4377 2793 4432 hoc
2826 4377 2924 4431 ille
2956 4393 3158 4432 verum
3194 4393 3322 4434 esse
3353 4395 3494 4433 con-

178 4460 374 4530 gelat-um
403 4468 657 4523 cecidere
687 4467 754 4522 de
785 4467 1041 4532 sedibus,
1075 4467 1291 4538 quibus,
1335 4473 1573 4540 propter
1601 4485 1740 4540 apo-
1772 4471 1819 4536 Ι)
1852 4467 2044 4522 fessus
2074 4469 2184 4522 est.

178 4553 378 4622 stasiam,
405 4559 580 4627 caligo
604 4557 956 4611 tenebrarum
998 4561 1311 4612 reservatur
1354 4557 1415 4612 in
1461 4559 1742 4629 sempiter-

1743 4863 1842 4918 ΙΙΙ.

770 4976 1087 5033 EJUSDEM
1147 4978 1752 5035 ADUMBRATIONES
1811 4979 1884 5034 IN

230 5117 348 5173 ιω
371 5120 427 5183 ᾧ
453 5119 590 5193 Cap.
621 5138 659 5190 ι,
695 5139 748 5175 ν.
783 5123 802 5175 1
834 5149 901 5164 -
934 5123 1088 5190 Quod
1117 5129 1235 5178 erat
1259 5125 1326 5178 ab
1376 5123 1564 5189 initio,
1594 5123 1738 5195 quod

182 5203 354 5261 vidimus
381 5211 541 5264 oculis
570 5209 783 5278 nostris,
815 5213 959 5283 quod
990 5212 1329 5268 audivimus.
1354 5212 1735 5284 Consequens

181 5291 480 5366 Erangelium
496 5302 804 5355 secundum
819 5307 961 5356 Joan
972 5319 1095 5358 nem
1109 5308 1299 5369 ,etcon
1310 5301 1546 5357 veniens
1560 5304 1731 5357 etiam

183 5380 264 5434 hac
275 5383 496 5454 Epistola
510 5388 846 5458 principium
864 5389 1121 5460 spiritale
1134 5390 1580 5453 continet.0uod
1596 5407 1732 5462 ergo

183 5468 282 5525 dicit
305 5478 359 5528 ab
386 5476 676 5544 initio,hoc
695 5479 863 5533 modo
896 5481 1190 5551 presbyter
1220 5481 1727 5552 exponebat,quod

1946 4978 2349 5035 EPISTOLAM
2409 4981 2429 5034 Ι
2487 4979 2810 5036 JOANNIS.

1848 5123 2200 5195 principium
2215 5124 2613 5193 generationis
2626 5131 2962 5195 separatum
2977 5128 3050 5182 ab
3081 5126 3308 5200 opificis
3333 5127 3489 5198 prin-

1848 5212 1998 5283 cipio
2034 5229 2146 5265 non
2178 5218 2287 5267 est.
2319 5214 2459 5266 Cum
2495 5213 2647 5268 enim
2683 5216 2824 5271 dicit
2853 5217 2994 5289 quod
3019 5221 3140 5272 erat
3186 5217 3252 5272 ab
3301 5217 3487 5286 initio,

1846 5301 2275 5372 generationem
2312 5303 2499 5374 tangit
2525 5302 2651 5359 sine
2683 5306 2966 5378 principio
3001 5307 3128 5362 Filii
3158 5323 3289 5362 cum
3323 5307 3487 5362 Patre

1844 5390 2023 5446 simul
2057 5392 2340 5446 exstantia
2374 5407 2388 5445 :
2422 5399 2540 5447 erat
2570 5409 2708 5465 ergo
2740 5394 2994 5450 Verbum
3028 5395 3369 5450 aeternitatis
3401 5394 3486 5449 si-

1842 5479 2239 5552 gnificativum
2271 5498 2385 5536 non
2417 5481 2688 5539 habentis
2715 5484 3132 5555 initium,sicut
3156 5485 3331 5540 etiam
3356 5483 3484 5541 Ver-

238 5649 294 5721 te)
321 5648 469 5708 Marc.
505 5669 610 5724 nv,
637 5654 812 5711 61-62.
892 5656 966 5732 (ὁ)
995 5655 1198 5714 Matth.
1231 5674 1382 5730 xxvr,
1415 5658 1506 5714 64.
1583 5657 1645 5723 ’Β
1675 5661 1735 5714 Ρ.

1864 5664 1870 5704 l
1898 5657 2016 5720 ED.
2044 5656 2344 5717 POTTER.
