3978 6200
428 389 537 443 735

1662 391 1998 445 CLEMENS
2033 387 2321 442 ALBXAN
2329 387 2594 441 DRINUS

3691 383 3784 440 ’736

436 509 575 565 bum
607 508 943 580 iqsum,hoc
971 514 1060 564 est
1089 511 1269 568 Filius
1298 514 1392 568 Dei
1427 515 1751 569 secundum
1785 512 2080 584 aequalita-
2107 512 2163 577 Α
2194 509 2475 564 stantiam
2508 513 2565 564 et
2595 525 2728 563 cum
2761 508 3044 578 subjectis
3074 507 3296 580 angelis
3341 515 3396 564 et
3436 508 3779 580 archangelis,

439 602 556 653 tem
575 599 919 654 substantiae
933 616 1116 654 unum
1141 617 1271 656 cum
1289 601 1456 657 Patre
1473 601 2076 673 consistit,sempitero

438 703 580 740 num
612 690 702 740 est
729 691 787 740 et
816 686 1096 743 infectum
1135 707 1147 744 :
1183 691 1335 762 quod
1371 707 1604 760 semper
1640 695 1768 746 erat
1798 690 2076 756 Verbum,

439 774 805 845 signiﬁcatur
833 775 1103 842 dicendo,
1131 780 1194 832 in
1219 781 1497 850 principio
1547 788 1667 835 erat
1715 779 1942 835 Verbum
1970 779 2076 850 (α).

439 864 601 930 Quod
634 879 768 920 vero
799 863 962 932 dixit,
1013 866 1153 936 quod
1197 870 1445 923 vidimus
1497 869 1671 924 oculis
1708 870 1933 936 nostris,
1967 873 2078 923 Do-

441 953 584 1008 mini
619 953 915 1024 signiﬁcat
947 955 1004 1008 in
1037 972 1211 1012 carne
1244 958 1638 1028 presentiam,
1669 964 1720 1014 et
1749 974 1967 1026 manus,
1991 957 2079 1011 in-

437 1043 567 1112 quit
599 1043 808 1111 (ibid.),
841 1049 1049 1100 nostrae
1076 1050 1564 1102 contraciaverunt
1613 1047 1679 1102 de
1724 1049 1883 1103 verba
1926 1049 2075 1103 vita}.

437 1132 561 1186 Non
594 1131 784 1186 solum
809 1149 1044 1188 carnem
1071 1135 1329 1204 ejus,eed
1353 1137 1530 1191 etiam
1551 1137 1795 1192 virtutes
1816 1137 2077 1206 ejusdem

438 1221 566 1274 Filii
597 1221 910 1292 signiﬁcat,
945 1222 1099 1278 sicut
1130 1224 1332 1279 radius
1358 1223 1499 1280 solis
1532 1241 1721 1298 usque
1751 1226 1818 1280 ad
1852 1225 1974 1280 hinc
2001 1226 2080 1279 in-

437 1309 577 1364 fima
607 1309 733 1365 loca
763 1311 1288 1384 pertransiens,qui
1321 1314 1521 1368 radius
1552 1315 1610 1368 in
1641 1331 1815 1370 carne
1843 1313 2082 1369 veniens

437 1396 752 1468 palpabilis
783 1399 970 1454 factus
1001 1407 1092 1454 est
1121 1401 1676 1473 discipulis.Fertur
1704 1419 1841 1474 ergo
1872 1405 1929 1458 in
1965 1413 2078 1458 tra-

437 1485 787 1544 ditionibus.
814 1489 1091 1556 quoniam
1124 1489 1382 1544 Joannes
1415 1491 1608 1562 ipsum
1661 1508 1874 1562 corpus
1921 1492 2072 1562 quod

434 1583 557 1631 erat
577 1577 941 1633 extrinsecus
964 1584 1479 1648 tangens,manum
1505 1597 1674 1636 suam
1699 1581 1757 1636 in
1790 1583 2080 1652 profunda

435 1665 688 1733 misisse,
723 1672 778 1720 et
807 1667 858 1720 ei
889 1668 1168 1722 duritiam
1204 1669 1395 1724 carnis
1421 1670 1584 1725 nullo
1618 1671 1785 1726 modo
1818 1671 2076 1727 relucta-

431 1757 551 1808 tam
585 1769 735 1818 esse,
771 1754 871 1808 sed
922 1754 1113 1810 locum
1164 1757 1365 1812 manui
1411 1759 1731 1828 praebuisse
1780 1759 2075 1830 discipuli.

436 1841 860 1938 Propter-quod
894 1849 952 1897 et
983 1844 1159 1899 infert
1194 1863 1206 1901 :
1240 1847 1301 1900 Et
1333 1864 1534 1902 manus
1553 1858 1758 1905 nostra?
1783 1854 2077 1904 contrecta-
2110 1874 2157 1938 Β

436 1940 632 1985 verunt
662 1930 726 1985 de
755 1932 915 1987 verbo
945 1936 1072 1988 vitae
1105 1951 1118 1988 :
1154 1937 1590 1992 contrectabilis
1639 1939 1840 2008 utique
1891 1938 2078 1994 factus

439 2026 526 2075 est
553 2021 648 2090 qui
684 2022 841 2077 venit
871 2023 929 2076 in
961 2039 1158 2089 carne,
1191 2025 1348 2079 sicut
1375 2034 1426 2080 et
1454 2029 1567 2080 vita
1597 2041 1724 2098 quae
1751 2027 2078 2096 manifesta-

440 2119 494 2164 ta
521 2115 606 2163 est
637 2115 709 2175 (v.
743 2115 818 2176 ‘2).
846 2111 985 2168 Nam
1010 2117 1068 2166 et
1097 2111 1156 2166 in
1192 2112 1502 2186 Evangelio
1533 2115 1617 2170 sic
1647 2115 1788 2170 dicit
1815 2133 1829 2171 :
1862 2116 2083 2186 thuod

439 2201 648 2267 factum
678 2208 777 2266 est,
803 2198 861 2253 in
893 2199 1014 2269 ipso
1046 2203 1158 2254 vita
1196 2205 1333 2264 erat,
1383 2212 1435 2259 et
1477 2202 1589 2258 vita
1618 2212 1738 2259 erat
1767 2205 1871 2259 tua!
1898 2206 2080 2260 homi-

435 2304 571 2342 num
597 2289 693 2356 (ὸ).
745 2293 808 2344 Et
850 2292 1196 2354 nuntiamus,
1251 2291 1444 2360 inquit
1489 2292 1702 2362 (ibid.),
1733 2293 1882 2348 vobis
1909 2294 2084 2348 vitam

440 2385 700 2432 mternam
733 2393 852 2447 quae
880 2381 999 2432 erat
1019 2377 1166 2448 apud
1195 2383 1506 2446 Patrem,et
1520 2381 1710 2450 palam
1737 2386 1885 2447 facta
1907 2383 2076 2438 vobis.

442 2465 628 2520 Patris
676 2465 1062 2536 appellatione
1093 2466 1408 2537 signiﬁcat,
1458 2469 1737 2539 quoniam
1789 2476 1847 2524 et
1897 2471 2082 2528 Filius

446 2569 678 2624 semper
705 2558 830 2608 erat
860 2553 988 2610 sine
1015 2553 1206 2610 initio.
1240 2556 1380 2624 Quia
1415 2560 1578 2626 Deus,
1631 2558 1828 2630 inquit
1874 2561 1946 2619 (v.
2002 2562 2081 2631 5),

445 2642 627 2697 lumen
658 2645 735 2698 est.
759 2659 781 2704 ;
811 2659 925 2698 non
975 2643 1294 2699 essentiam
1345 2644 1606 2701 divinam
1652 2647 1946 2718 exprimit,
1979 2651 2078 2705 sed

443 2730 740 2787 declarare
770 2731 970 2787 volens
1013 2734 1378 2802 majestatem
1410 2734 1530 2801 Dei,
1564 2737 1717 2806 quod
1753 2737 1965 2793 melius
1996 2745 2086 2794 est

444 2825 502 2875 et
547 2820 926 2876 excellentius
976 2823 1127 2892 apud
1184 2821 1452 2879 homines
1516 2825 1746 2896 proprie
1793 2826 2084 2884 divinitati

441 2925 543 2964 coa
553 2915 647 2980 pta
657 2909 1148 2966 7it.SicetPaulns
1161 2912 1344 2966 lumen
1359 2929 1571 2969 vocans
1592 2913 1977 2972 inaccessibile
1994 2918 2082 2988 (c).

439 2997 549 3053 Sed
583 3003 639 3052 et
667 2997 792 3064 ipse
820 2999 1079 3054 Joannes
1109 2999 1168 3054 in
1198 3001 1403 3056 eadem
1454 3001 1583 3071 ipsa
1629 3002 1908 3074 Epistola,
1941 3005 2085 3061 Cha-

445 3089 602 3153 ritas,
638 3086 848 3157 inquit,
881 3088 1019 3144 Deus
1048 3098 1127 3144 est
1156 3088 1272 3159 id);
1307 3089 1549 3146 virtutes
1590 3090 1932 3162 signiﬁcans
1962 3093 2082 3162 Dei,

446 3176 725 3247 quoniam
758 3177 1016 3232 clemens
1047 3184 1137 3233 est
1163 3181 1220 3233 et
1251 3177 1608 3247 misericors,
1639 3186 1697 3235 et
1722 3182 1821 3251 qui
1855 3180 2078 3248 lumen,

446 3263 556 3320 hoc
585 3269 675 3319 est
696 3265 896 3334 justoe
925 3268 1250 3321 secundum
1279 3267 1602 3337 profectum
1617 3269 1797 3324 animi
1824 3287 1926 3342 per
1945 3272 2080 3327 cha-

446 3352 676 3408 ritatem
710 3352 1034 3409 constituit.
1090 3355 1310 3410 Lumen
1342 3373 1478 3426 ergo
1526 3362 1682 3412 Deus
1712 3359 1809 3429 qui
1859 3364 1950 3414 est
1991 3360 2080 3414 in-

446 3443 794 3497 enarrabilis
825 3443 1150 3498 secundum
1177 3443 1461 3500 rationem
1490 3447 1836 3502 substantia)
1863 3465 1876 3502 :
1913 3453 1983 3504 Et
2013 3459 2086 3505 te-

444 3530 655 3598 nebrae,
688 3530 884 3601 inquit
912 3531 1193 3603 (ibid.),in
1219 3547 1278 3588 eo
1309 3538 1440 3588 sunt
1467 3533 1784 3599 nullw,boc
1813 3549 1902 3592 est
1925 3537 2087 3593 nulla

443 3619 770 3685 iracundia,
825 3620 987 3676 nulla
1039 3621 1258 3691 passio,
1311 3622 1475 3677 nulla
1521 3625 1673 3678 circa
1720 3641 2083 3698 quemquam

451 3709 592 3764 mali
625 3710 871 3765 retentio
929 3709 1158 3765 nullum
1211 3711 1484 3783 perdens,
1545 3713 1643 3769 sed
1703 3716 1933 3770 cunctis
1989 3733 2087 3771 sa-

450 3797 634 3852 lutem
708 3799 992 3854 tribuens.
1063 3807 1281 3854 Lumen
1349 3807 1542 3857 autem
1613 3802 1928 3872 signiﬁcat.
2003 3804 2088 3860 vel

453 3889 738 3955 praecepta
785 3884 950 3953 legis,
999 3885 1085 3940 vel
1134 3887 1334 3958 ﬁdem,
1388 3889 1474 3944 vel
1530 3893 1874 3947 doctrinam.
1907 3893 2090 3948 Tene-

453 3971 570 4026 brae
588 3987 720 4027 vero
751 3973 961 4028 horum
985 3976 1299 4042 contraria,
1321 3994 1436 4033 non
1460 3979 1636 4034 veluti
1668 3981 1851 4037 altera
1881 3982 1974 4037 via
1993 3983 2090 4038 sit.

457 4059 584 4116 Una
641 4060 856 4132 quippe
895 4062 987 4118 via
1033 4069 1122 4118 est
1165 4066 1490 4121 secundum
1542 4075 1831 4140 praecepta
1873 4070 2090 4126 divina.

457 4147 662 4204 Mones
693 4165 948 4220 namque
977 4150 1079 4206 Dei
1109 4169 1259 4224 opus
1287 4159 1400 4222 est,
1430 4155 1573 4225 dyas
1604 4162 1796 4213 autem
1827 4167 1884 4214 et
1918 4160 2094 4230 quid-

459 4238 601 4310 quid
636 4242 843 4310 praater
873 4241 1181 4297 monadem
1213 4245 1540 4311 constat,ex
1561 4245 1686 4300 vitm
1721 4249 2098 4316 perversitate

456 4327 767 4400 contingit.
803 4331 867 4384 Et
892 4328 1119 4398 sanguis
1148 4329 1285 4385 Filii
1311 4330 1648 4404 ejus,inquit
1677 4334 1752 4404 (v.
1773 4336 1848 4406 7),
1871 4337 2100 4392 mundat

461 4433 581 4472 nos.
615 4417 764 4472 871
800 4416 1071 4473 Doctrina
1097 4418 1313 4490 quippe
1347 4419 1574 4475 Domini
1598 4438 1724 4493 quae
1749 4423 1910 4480 valde
1933 4424 2101 4482 fortis

461 4512 574 4574 est,
607 4508 854 4578 sanguis
883 4507 1010 4577 ejus
1041 4507 1327 4579 appellata
1356 4513 1467 4564 est.
1518 4511 1673 4578 Quod
1702 4514 1753 4568 si
1793 4513 2102 4571 dixerimus

2186 614 2320 652 cum
2351 597 2568 668 quibus
2599 603 2886 652 vocantur
2914 597 3224 666 sequivoce,
3255 597 3505 653 diversas
3532 599 3778 670 Operatio-

2187 703 2289 743 nes
2320 687 2602 744 efﬁciunt.
2636 687 2730 742 Sic
2781 686 2957 742 etiam
3007 691 3065 740 et
3105 689 3328 758 Moyses
3359 686 3586 742 Michael
3614 689 3776 758 angeli

2185 775 2456 831 virtutem
2493 791 2592 847 per
2621 776 2878 831 vicinum
2900 776 3014 832 sibi
3048 779 3105 831 et
3133 775 3402 831 inﬁmum
3431 775 3682 847 angelum
3701 794 3780 833 vo-

2186 865 2585 922 cat.Similiter
2602 883 2836 938 quoque
2849 865 2906 920 in
2925 865 3224 937 prophetis
3238 865 3454 921 sanctis
3467 866 3780 937 invenimus,

2190 956 2288 1012 sed
2325 955 2506 1028 Moysi
2536 956 2775 1026 quidem
2815 955 3182 1026 propinquus
3211 970 3280 1010 ac
3327 953 3544 1009 vicinus
3573 955 3783 1026 angelus

2185 1045 2479 1115 apparuit.
2515 1045 2822 1100 Exaudivit
2848 1061 3010 1108 eum,
3031 1049 3088 1099 et
3114 1043 3344 1099 locutus
3372 1043 3421 1098 ei
3451 1048 3783 1114 Moyses,ma-

2189 1136 2397 1190 nit'este
2431 1134 2574 1188 facie
2605 1135 2676 1189 ad
2709 1135 2940 1190 faciem.
2989 1131 3134 1187 Aliis
3178 1137 3373 1188 autem
3409 1133 3685 1203 prophetis
3708 1149 3783 1189 se-

2189 1224 2448 1278 cundum
2499 1223 2898 1294 operationem
2951 1221 3294 1293 angelorum
3345 1227 3533 1275 motus
3577 1221 3784 1292 quidam

2188 1312 2384 1378 ﬁebat,
2419 1310 2593 1367 veluti
2626 1311 2988 1366 audientium
3021 1327 3087 1365 ac
3116 1310 3466 1365 videntium.
3515 1309 3715 1365 Idcirco
3740 1316 3787 1366 et

2187 1400 2293 1456 soli
2327 1400 2664 1470 audiebant,
2713 1399 2943 1470 solique
2989 1399 3326 1463 cernebant,
3359 1399 3508 1454 sicut
3534 1403 3588 1454 et
3611 1398 3760 1453 inSa-

2189 1490 2381 1545 muele
2415 1490 2824 1545 manifestatur
2843 1493 2914 1555 (ε)
2942 1508 2956 1555 ;
2992 1488 3239 1543 Elisaeus
3260 1487 3435 1542 etiam
3458 1485 3607 1543 solus
3626 1487 3790 1542 audie-

2189 1577 2290 1631 bat
2319 1593 2536 1639 vocem,
2569 1593 2686 1647 qua
2719 1581 2955 1630 vocatus
2985 1589 3076 1630 est
3105 1575 3265 1644 ([).bi
3301 1581 3493 1630 autem
3525 1580 3668 1629 esset
3686 1592 3785 1630 ma-

2189 1665 2400 1719 nifesta
2431 1670 2488 1720 et
2519 1664 2850 1719 communis
2879 1680 3005 1730 vox,
3025 1667 3096 1718 ab
3127 1663 3406 1718 omnibus
3437 1663 3788 1734 praesentibus

2187 1754 2530 1816 audiretur;
2565 1769 2719 1808 nunc
2752 1758 2946 1808 autem
2979 1768 3011 1806 a
3053 1750 3177 1807 solo
3225 1754 3286 1806 in
3333 1767 3448 1823 quo
3477 1751 3789 1823 operabatur

2189 1849 2382 1899 motus
2413 1845 2513 1915 qui
2545 1844 2617 1899 ab
2649 1842 2857 1914 angelo
2888 1843 3084 1909 ﬁebat,
3116 1843 3321 1898 audita
3350 1849 3457 1898 est.
3509 1843 3616 1897 Non
3640 1841 3790 1896 solum

2188 1942 2396 1998 autem,
2428 1935 2621 2004 inquit
2651 1934 2726 2004 (v.
2759 1935 2834 1998 2),
2875 1949 2976 1997 pro
3006 1935 3208 1987 naslris
3253 1934 3494 2002 peccatis
3539 1931 3786 1986 Dominus

2191 2022 2537 2094 propitiator
2565 2027 2674 2086 est,
2708 2020 2817 2076 hoc
2847 2027 2938 2077 est
2967 2022 3252 2088 ﬁdelium,
3282 2023 3388 2078 sed
3411 2022 3574 2077 etiam
3598 2036 3685 2092 pro
3703 2026 3790 2075 toto

2186 2113 2400 2168 mundo
2421 2129 2441 2174 ,'
2473 2111 2715 2183 proinde
2745 2111 3047 2168 universos
3077 2113 3318 2183 quidem
3343 2111 3643 2180 salvat,sed
3669 2112 3794 2166 alios

2191 2217 2289 2272 per
2319 2200 2608 2271 supplicia
2651 2207 3016 2266 convertens,
3069 2199 3216 2256 alios
3258 2206 3457 2255 autem
3509 2205 3794 2272 spontanee

2191 2299 2570 2360 ussequenles
2599 2288 2986 2356 voluntate,et
3007 2305 3139 2344 cum
3166 2288 3412 2344 honoris
3440 2287 3722 2358 dignitate,
3747 2291 3796 2342 ul

2188 2395 2349 2435 omne
2373 2395 2518 2449 genu
2549 2379 2803 2439 ﬂectatur
2829 2383 2902 2443 ei,
2931 2377 3249 2445 caelestium,
3283 2379 3628 2433 terrestrium
3653 2381 3700 2430 et
3725 2377 3793 2430 in-

2189 2473 2481 2536 fernarum
2503 2473 2575 2535 (g)
2602 2487 2616 2530 ς
2641 2465 2748 2520 hoc
2770 2473 2856 2520 est
2885 2465 3386 2536 angeli,homines
3407 2471 3464 2520 et
3482 2463 3676 2521 animae
3691 2479 3794 2534 qua

2191 2562 2324 2612 ante
2353 2557 2666 2611 adventum
2697 2555 2826 2623 ejus
2858 2554 2928 2609 de
2959 2553 3068 2609 hac
3105 2553 3224 2609 vita
3255 2553 3576 2626 migravere
3605 2559 3796 2622 tempo-

2194 2644 2323 2700 rali.
2357 2645 2421 2698 Et
2449 2643 2512 2700 in
2540 2643 2638 2698 hoc
2677 2644 3051 2713 cognoscimus
3079 2644 3341 2716 quoniam
3395 2644 3637 2698 novimus
3673 2657 3796 2706 eum,

2191 2736 2242 2789 si
2269 2733 2530 2788 mandata
2560 2733 2676 2803 ejus
2705 2731 3076 2787 custodiamus
3106 2749 3179 2799 iv.
3212 2733 3312 2802 3);
3345 2733 3446 2804 qui
3477 2732 3624 2788 enim
3653 2726 3795 2785 intel-

2193 2825 2361 2879 lector
2389 2823 2709 2892 est,utique
2739 2827 2796 2877 et
2825 2837 3001 2892 opera
3029 2822 3253 2892 perﬁcit
3281 2838 3416 2892 quas
3453 2821 3722 2893 pertinent
3739 2817 3798 2873 ad

2192 2913 2423 2968 virtutis
2437 2910 2692 2967 ofﬁcium
2705 2910 2836 2976 .Qui
2862 2927 3184 2981 veroopera
3196 2909 3512 2982 perﬁcitﬂ‘
3525 2926 3632 2965 non
3651 2907 3804 2964 conti-

2195 3018 2310 3057 nuo
2332 3000 2506 3057 etiam
2527 2998 2838 3055 intellector
2858 3000 2972 3069 (87)
2995 3005 3102 3055 est.
3115 2999 3309 3054 Potest
3330 2999 3490 3055 enim
3512 3013 3635 3054 esse
3654 3005 3802 3052 recta-

2193 3107 2322 3146 rum
2355 3089 2908 3161 operationum,non
2932 3094 3130 3144 tamen
3163 3087 3617 3160 intelligibilium
3639 3102 3804 3142 sacra-

2196 3185 2528 3236 mentorum
2553 3177 2853 3248 cognitor;
2889 3177 3126 3232 demum
3153 3178 3352 3234 sciens
3374 3177 3631 3249 quadam
3654 3189 3805 3247 opera

2196 3268 2390 3342 perﬁci
2423 3268 2633 3322 timore
2665 3265 2964 3336 supplicii,
3019 3266 3286 3336 quaedam
3320 3282 3455 3321 vero
3486 3271 3704 3338 propter
3729 3277 3802 3316 re-

2193 3356 2639 3430 promissionem
2674 3354 3187 3422 remunerationis,
3214 3354 3408 3420 docet,
3429 3352 3801 3427 perfectionem

2192 3445 2612 3502 intellectualis
2643 3443 2902 3498 hominis
2934 3459 3035 3514 per
3065 3441 3421 3498 charitatem
3472 3459 3639 3515 Opera
3666 3455 3800 3496 com-

2193 3533 2407 3607 plentis
2439 3550 2453 3588 :
2491 3531 2730 3603 proinde
2758 3531 3148 3602 subjungitac
3178 3531 3322 3586 dicit
3347 3537 3423 3600 (v.
3454 3532 3511 3601 5)
3541 3547 3556 3586 :
3586 3531 3802 3599 Quivero

2194 3622 2425 3678 custodit
2456 3623 2680 3676 ter-bum
2708 3621 2826 3687 eius
2857 3635 3016 3687 vere;
3051 3621 3110 3674 in
3151 3619 3252 3675 hoc
3296 3622 3544 3676 charitas
3589 3617 3681 3674 Dei
3701 3631 3808 3686 per-

2195 3714 2341 3783 feeta
2369 3715 2468 3767 est.
2504 3713 2566 3766 In
2596 3709 2695 3764 hoc
2722 3710 2868 3764 enim
2894 3708 3288 3779 cognoscimus,
3322 3712 3590 3781 quoniam
3625 3707 3684 3762 in
3711 3708 3809 3775 ipso

2198 3817 2389 3856 sumus
2422 3801 2746 3854 secundum
2783 3798 2956 3853 ﬁdem
2990 3803 3047 3853 et
3095 3799 3429 3854 secundum
3478 3799 3812 3854 charitatem.

2199 3891 2317 3946 Non
2348 3889 2666 3944 mandatum
2715 3903 2917 3943 novum
2961 3887 3139 3943 scribo
3182 3889 3357 3958 vobis,
3387 3889 3486 3944 sed
3529 3885 3816 3942 mandatum

2201 3985 2353 4034 vetus
2384 3978 2526 4048 quod
2571 3976 2848 4032 habuistis
2876 3995 2908 4031 a
2953 3977 3235 4047 principio
3264 3977 3344 4047 (v.
3376 3977 3459 4047 7),
3513 3992 3611 4048 per
3655 3973 3815 4043 legem

2203 4067 2425 4124 scilicet
2453 4072 2512 4121 et
2543 4065 2876 4138 praphetas.
2913 4063 3017 4120 Ubi
3053 4065 3266 4121 dicilur
3294 4083 3444 4122 unus
3471 4070 3547 4122 est
3573 4072 3652 4121 est
3680 4063 3814 4118 Deus.

2207 4157 2426 4213 Idcirco
2457 4160 2512 4211 et
2545 4156 2722 4210 infert
2751 4155 2942 4222 (ibid.)
2977 4172 2991 4210 :
3029 4155 3298 4223 Quoniam
3347 4155 3666 4210 mandatum
3691 4153 3818 4208 vetus

2205 4251 2282 4302 est
2312 4247 2538 4302 verbum
2564 4247 2711 4316 quod
2740 4244 2995 4299 audistis.
3031 4244 3246 4299 lterum
3275 4249 3477 4299 autem
3509 4242 3645 4299 dicit
3669 4239 3816 4312 (v.8):

2211 4335 2544 4392 Mandatum
2575 4341 2757 4388 autem
2787 4331 2885 4388 hoc
2918 4337 2994 4388 est
3045 4334 3192 4404 quod
3211 4333 3453 4391 tenebrz
3491 4333 3822 4388 transierunt.

2211 4422 2600 4495 perversionis
2632 4421 2878 4484 scilicet.
2909 4430 2962 4477 et
2992 4421 3178 4477 lumen
3218 4437 3410 4478 verum
3453 4436 3574 4479 ecce
3591 4421 3705 4491 jam
3727 4416 3825 4472 cta-

2211 4513 2366 4576 ruit;
2411 4511 2735 4567 secundum
2793 4512 2968 4565 ﬁdem
3019 4509 3266 4578 scilicet,
3323 4509 3644 4566 secundum
3684 4502 3825 4561 intel-

460 4595 600 4666 quod
630 4611 741 4651 non
768 4598 1460 4666 peccavimus,mendacem
1485 4600 1724 4670 [acimus
1751 4619 1899 4669 eum,
1931 4607 2104 4660 elver-
2134 4600 2180 4666 D
2213 4601 2790 4667 lectum,secundum
2825 4599 3601 4664 testamentum,secundum
3635 4609 3825 4668 prepa-

465 4685 592 4739 bam
622 4688 740 4752 eius
769 4702 876 4740 non
906 4695 985 4741 est
1014 4689 1070 4741 in
1102 4686 1258 4743 nobis
1288 4690 1361 4759 (v.
1393 4687 1467 4758 9).
1511 4689 1783 4746 Doctrina
1834 4694 1982 4763 ejus,
2018 4694 2101 4748 vi-

462 4772 674 4828 delicet
704 4774 822 4830 sive
851 4775 1117 4842 verbum,
1149 4779 1360 4833 veritas
1388 4783 1495 4834 est.
1547 4781 1611 4833 Et
1658 4781 1710 4835 si
1737 4780 1884 4852 quis,
1918 4782 2106 4852 inquit

465 4862 614 4932 (cap.
645 4879 708 4929 ιι,
745 4880 796 4918 ν.
836 4864 908 4933 1),
937 4865 1262 4934 peccaverit,
1293 4869 1689 4924 consolatorem
1737 4870 2002 4925 habemus
2032 4873 2106 4926 ad

470 4951 697 5006 Patrem
723 4954 910 5006 Jesum
943 4952 1233 5007 Christum.
1267 4954 1433 5010 Sicut
1486 4957 1640 5014 enim
1687 4960 1837 5031 apud
1873 4959 2101 5014 Patrem

463 5038 798 5096 consolator
829 5044 917 5094 est
949 5057 1050 5112 pro
1082 5042 1252 5098 nobis
1280 5042 1566 5101 Dominus
1596 5067 1609 5113 ;
1644 5047 1729 5103 sic
1757 5051 1932 5103 etiam
1965 5064 2102 5102 con-

464 5127 687 5184 solator
716 5133 804 5183 est
834 5145 1007 5199 quem
1043 5136 1173 5200 post
1202 5134 1668 5205 assumptiuncm
1702 5153 1869 5192 suam
1903 5137 2107 5208 digna-

465 5223 561 5274 tus
593 5224 682 5274 est
715 5217 965 5272 mittere.
999 5221 1092 5272 Hae
1125 5235 1381 5292 namque
1415 5222 1720 5294 primitivm
1759 5225 2005 5282 virtutes
2037 5243 2105 5282 ac

461 5307 651 5380 primo
683 5305 1250 5373 creatae,immobiles
1267 5310 1610 5367 exsistentes
1625 5314 1945 5370 secundum
1969 5316 2107 5372 sub-

2215 4698 2341 4747 rata
2363 4690 2589 4760 judicia
2623 4689 2679 4744 in
2716 4687 3060 4744 hominibus
3090 4703 3356 4758 operans.
3385 4686 3492 4755 Qui
3510 4685 3642 4743 dicit
3657 4701 3729 4750 se,
3748 4682 3824 4736 in-

2213 4781 2344 4854 quit
2373 4793 2446 4852 (v.
2481 4781 2556 4844 9),
2589 4777 2648 4833 in
2681 4776 2894 4832 lumine
2916 4792 3049 4845 esse,
3094 4775 3150 4830 in
3184 4775 3412 4831 lumine
3443 4775 3586 4831 dicit
3612 4775 3667 4829 in
3696 4771 3828 4828 veri—

2213 4875 2356 4926 tate.
2389 4871 2456 4924 Bt
2481 4869 2718 4938 fratrem
2748 4882 2930 4931 suum,
2961 4865 3155 4936 inquit
3187 4863 3396 4930 (ibid.),
3433 4863 3570 4921 odit.
3601 4866 3832 4918 Fratrem

2213 4960 2477 5016 videlicet
2508 4957 2650 5014 dicit
2675 4974 2788 5013 non
2823 4956 3016 5012 solum
3047 4955 3404 5027 proximum,
3453 4956 3552 5011 sed
3583 4959 3638 5010 et
3665 4948 3835 5009 Domi-

2217 5049 2652 5107 num.0derunt
2671 5047 2828 5103 enim
2855 5061 2989 5101 eum
3015 5042 3364 5112 inﬁdeles,et
3385 5059 3502 5099 non
3533 5040 3834 5100 custodien-

2216 5147 2304 5197 tes
2331 5141 2607 5196 mandata
2629 5137 3030 5208 ejus.Propter
3050 5134 3203 5205 quod
3237 5135 3413 5189 etiam
3448 5135 3623 5189 infert
3642 5129 3831 5202 (v.40):

2219 5231 2327 5299 Qui
2372 5227 2561 5297 diligit
2604 5231 2834 5298 [mtrem
2882 5239 3064 5294 suum,
3118 5223 3177 5278 in
3223 5222 3434 5278 lumine
3474 5227 3765 5294 permanet,
3790 5222 3835 5271 et

2217 5317 2544 5373 scandalum
2579 5317 2638 5370 in
2669 5330 2729 5372 eo
2758 5330 2875 5368 non
2915 5319 3018 5368 est.
3069 5309 3283 5366 Deinde
3329 5310 3623 5383 profectus
3652 5311 3704 5364 et
3731 5318 3839 5379 pro-

534 5511 595 5563 P.
628 5503 1266 5588 lOOO,}_ED._1iOTTER.
1344 5505 1425 5588 ta)
1450 5506 1622 5588 ipsa.
1656 5527 1694 5578 ι,
1731 5511 1794 5588 t__
1835 5513 1911 5584 (ὁ)
1946 5514 2086 5570 ibid.

2211 5516 2266 5570 4.
2343 5515 2414 5588 (c)
2443 5515 2464 5571 Ι
2493 5515 2638 5572 Tim.
2668 5530 2747 5581 v1,
2780 5513 2866 5568 16.
2941 5509 3022 5584 (d)
3051 5511 3074 5567 Ι
3105 5509 3275 5567 Joan.
3308 5524 3382 5576 ιν,
3419 5508 3506 5562 16.
3583 5507 3693 5578 (c)!
3721 5503 3842 5572 Reg.

461 5580 495 5636 3
525 5593 690 5650 seqq.
767 5578 840 5648 (Γ)
869 5577 945 5635 ΙΙΙ
979 5577 1118 5649 Reg.
1149 5593 1264 5633 xix.
1339 5577 1417 5650 (ο)
1449 5578 1596 5637 Phil.
1637 5577 1702 5647 n,
1733 5581 1821 5638 to.

537 5698 654 5772 (87)
684 5695 1015 5769 Gnosticus,
1049 5711 1117 5756 ex
1145 5694 1459 5758 Clementis
1489 5697 1754 5758 dialecto.
