3978 6200
251 300 336 356 737

1647 289 2114 348 FRAGMENTA.

3473 297 3581 354 738

248 421 482 479 vectiones
504 415 793 492 signiﬁcat
816 414 1148 472 animarum
1171 412 1364 469 adhuc
1389 412 1449 469 in
1478 429 1654 469 carne
1676 411 1830 484 posi-
1861 413 1915 480 Α
1943 413 2176 485 virtute,
2208 420 2268 471 ut
2298 416 2478 486 ipsum
2504 413 2735 470 vultum
2761 416 2890 487 ejus
2935 415 3217 472 videamus
3262 419 3428 475 sicuti
3472 430 3577 492 est,

247 518 416 575 tarum,
458 512 513 563 et
556 505 757 578 ﬁliolas
802 503 1039 576 quidem
1073 518 1280 558 vocare
1311 517 1412 557 eos
1443 501 1660 572 quibus
1692 505 1832 555 sunt
1935 503 2566 574 comprehensibiliter.
2601 504 2688 572 (V.
2720 504 2774 574 8)
2809 523 2820 559 :
2856 505 2963 572 Qui
2990 522 3116 561 vero
3162 509 3299 574 facit
3344 508 3580 580 injusti-

238 601 440 656 remissa
467 600 702 668 peccata
727 597 964 666 prepter
985 607 1199 647 nomen
1243 590 1474 645 Domini
1499 607 1634 645 nam
1661 589 1830 644 multi

236 687 338 744 solo
375 686 612 742 credunt
639 684 890 740 nomine.
924 683 1115 736 Patres
1159 683 1348 736 autem
1398 681 1681 748 perfectos
1731 694 1832 748 ap—

233 775 400 850 pellat,
420 791 514 830 eos
545 773 645 845 qui
679 772 1078 827 intellexerunt
1107 769 1246 843 quod
1275 768 1492 824 eratab
1541 767 1732 833 initio,
1778 773 1834 821 et

230 862 629 933 intelligibiliter
649 868 1008 932 perceperunt
1045 859 1124 931 (v,
1160 859 1266 928 13).
1304 857 1516 911 Filium
1564 856 1839 911 videlicet

236 957 294 1009 de
318 969 422 1026 quo
452 969 627 1023 supra
654 951 823 1014 dixit,
855 949 997 1020 quod
1023 952 1148 1002 erat
1177 949 1244 1002 ab
1276 946 1460 1001 initio.
1497 944 1706 1008 Scriba,
1742 945 1837 997 in-

227 1042 330 1112 quit
351 1041 548 1109 (ibid.),
578 1041 727 1095 vobis
747 1040 1000 1111 juvenes,
1059 1041 1196 1108 quia
1250 1037 1458 1090 vicistis
1500 1036 1836 1101 malignum.

230 1131 400 1186 Fortes
421 1131 667 1199 juvenes
688 1131 1129 1184 contemnentes
1154 1127 1505 1195 voluptates;
1529 1125 1840 1192 malignum

231 1219 416 1274 diaboli
444 1217 844 1274 extollentiam
869 1216 1181 1288 significat.
1220 1213 1345 1269 Filii
1379 1219 1576 1267 autem
1627 1227 1841 1281 cogno-

231 1313 378 1363 scunt
407 1306 656 1362 Patrem.
688 1311 889 1375 utpote
922 1303 1020 1374 qui
1053 1303 1124 1357 ab
1159 1301 1332 1356 idolis
1350 1303 1760 1371 confugerunt,
1787 1305 1845 1353 et

229 1398 286 1451 ad
313 1411 484 1451 unum
522 1397 700 1449 Deum
735 1393 1030 1448 convocati
1063 1395 1222 1445 sunt.
1277 1390 1545 1457 Quoniam
1574 1390 1844 1456 mundus,

229 1485 394 1557 inquit
421 1486 495 1555 (v.
533 1484 640 1552 15),
674 1485 738 1538 in
764 1482 1016 1550 maligno
1073 1489 1170 1536 est.
1230 1479 1433 1534 Nonne
1489 1479 1748 1533 mundus
1791 1483 1848 1533 et

230 1574 400 1629 omnia
427 1589 556 1644 qua
591 1574 649 1626 in
686 1571 906 1626 mundo
935 1574 1078 1624 sunt
1107 1573 1380 1624 creatura
1412 1567 1511 1622 Dei
1545 1567 1846 1636 dicuntur,

232 1669 279 1718 et
305 1664 413 1717 hac
452 1661 624 1716 valde
682 1658 880 1716 bona?
937 1659 1039 1714 Sed
1095 1657 1538 1729 concupiscentia
1589 1658 1778 1712 carnis
1799 1661 1850 1710 et

229 1754 499 1817 oculorum,
553 1760 609 1805 et
665 1749 897 1804 ambitio
945 1749 1136 1803 saeculi
1192 1748 1267 1818 (v.
1306 1747 1419 1815 16),
1453 1763 1580 1816 quae
1624 1763 1691 1800 ex
1723 1746 1848 1800 vitae

232 1841 573 1913 perversione
658 1839 1027 1907 contingunt,
1099 1852 1212 1892 non
1266 1851 1336 1890 ex
1388 1840 1575 1898 Patre,
1632 1835 1732 1890 sed
1781 1850 1851 1889 ea:

230 1931 401 1985 mundo
430 1933 530 1993 est,
592 1935 647 1983 et
705 1945 774 1982 ex
830 1928 1020 1982 vobis.
1078 1927 1290 1981 Idcirco
1346 1933 1401 1979 et
1451 1923 1690 1978 mundus
1719 1940 1848 1993 per-

231 2021 427 2072 transiet
480 2024 538 2072 et
594 2013 1034 2087 concupiscentia
1093 2015 1211 2084 ejus
1268 2014 1342 2084 (v.
1402 2013 1488 2082 47)
1526 2014 1666 2083 :qui
1728 2027 1851 2066 vero

233 2109 395 2176 fecerit
421 2110 766 2162 voluntatem
822 2107 921 2160 Dei
968 2111 1027 2158 et
1085 2103 1362 2158 mandata
1418 2103 1569 2172 ejus,
1627 2117 1852 2172 perma-

236 2201 306 2250 net
333 2198 386 2250 in
412 2201 709 2253 aeternum.
747 2195 828 2249 Et
855 2193 1038 2260 nobis,
1063 2193 1277 2264 inquit,
1310 2193 1384 2262 (v.
1424 2191 1534 2260 19),
1565 2192 1850 2256 exierunt,

237 2287 312 2340 sed
334 2301 434 2341 non
461 2295 626 2340 erant
659 2300 734 2338 α
751 2283 930 2348 nobis;
966 2297 1154 2352 neque
1185 2279 1374 2352 angeli
1408 2283 1713 2350 apostatas,
1746 2294 1852 2334 ne-

238 2391 330 2444 que
356 2374 628 2430 homines
678 2373 972 2438 cadentes,
1004 2370 1097 2426 sed
1143 2377 1202 2424 ut
1247 2369 1686 2438 manifestantur
1713 2382 1846 2438 quo-

231 2463 356 2519 niam
381 2481 493 2519 non
516 2471 652 2519 sunt
681 2479 754 2518 ea:
781 2462 940 2516 nobis
997 2461 1133 2532 (88).
1180 2460 1346 2515 Clare
1399 2458 1544 2513 satis
1572 2455 1855 2512 discernit

240 2568 396 2623 genus
421 2553 750 2608 electorum
783 2556 841 2605 et
868 2549 1254 2621 perditorum,
1303 2553 1361 2602 et
1410 2546 1555 2601 illud
1609 2545 1851 2618 quidem

231 2642 359 2712 quod
389 2643 444 2695 in
477 2642 594 2696 fide
617 2639 1340 2712 permanens,unctionem
1369 2635 1543 2690 habet
1573 2653 1607 2690 a
1629 2639 1854 2695 sancto.

237 2747 339 2800 quae
367 2731 428 2784 ﬁt
447 2731 782 2785 secundum
810 2726 1132 2790 ﬁdem.Qlii
1155 2741 1288 2780 vero
1317 2741 1431 2780 non
1458 2730 1762 2795 permanet
1794 2726 1855 2778 in

236 2820 344 2879 ﬁde.
373 2820 626 2874 mendax
647 2822 760 2887 est,
784 2822 842 2871 et
864 2815 1272 2871 antichristus.
1308 2813 1414 2880 Qui
1455 2812 1620 2880 dicit,
1664 2813 1860 2884 inquit

240 2909 299 2974 (v.
327 2911 428 2973 22),
459 2910 600 2979 quia
638 2908 798 2962 Jesus
848 2920 958 2960 non
989 2907 1070 2959 est
1135 2902 1407 2958 Christus.
1467 2902 1642 2957 Jesus
1700 2901 1856 2957 enim

244 2997 482 3053 Salvator
506 3001 565 3050 et
586 2997 875 3050 liberator
893 2999 949 3049 et
973 2992 1243 3047 Christus
1275 3008 1371 3046 rex
1397 3007 1412 3046 :
1443 2993 1540 3062 qui
1558 3000 1728 3060 negat
1768 2991 1858 3046 Fi-

1938 589 2096 658 liam,
2153 610 2224 648 ex
2278 592 2496 648 diabolo
2553 597 2655 659 est,
2687 593 2794 648 hoc
2849 600 2941 648 est
2997 611 3064 649 ex
3118 604 3274 666 patre
3319 596 3534 654 diabolo
3569 615 3581 630 ’

1939 682 2326 753 eamdemque
2356 686 2700 737 consectans
2727 688 2785 737 et
2811 681 3350 755 eligens.Abinitio,
3382 687 3580 759 inquit

1943 769 2152 840 (ibid.),
2187 770 2436 826 diabolus
2464 773 2669 842 peccat.
2703 771 2787 826 Ab
2811 771 2976 827 initio
2998 772 3222 828 scilicet
3243 792 3277 830 a
3299 792 3417 847 quo
3451 791 3588 848 pec-

1939 874 2072 913 care
2102 861 2276 930 ccepit
2316 859 2840 915 inconvertibiliter
2882 861 2942 915 in
2994 864 3287 931 peccando
3320 881 3589 935 persevc-

1941 963 2101 1002 rans.
2135 948 2343 1015 Omnis,
2376 948 2570 1020 inquit
2601 950 2674 1019 (v.
2704 949 2782 1015 9),
2813 951 2918 1021 qui
2974 959 3146 1005 natus
3197 969 3266 1007 ex
3323 955 3428 1009 Deo
3485 965 3589 1023 est,

1943 1053 2049 1092 non
2081 1045 2284 1108 peccat,
2321 1040 2418 1110 qui
2470 1055 2650 1095 semen
2681 1041 2800 1112 ejus
2856 1043 2914 1094 in
2968 1056 3028 1096 eo
3083 1052 3286 1098 manet.
3328 1043 3587 1102 Verbum

1944 1128 2073 1196 ejus
2149 1127 2421 1183 videlicet
2479 1129 2536 1182 in
2597 1145 2664 1182 eo
2724 1131 3047 1184 secundum
3109 1131 3279 1185 fidem
3349 1140 3589 1189 renatus

1947 1221 2055 1272 est.
2089 1215 2173 1284 (V.
2228 1218 2314 1287 10)
2352 1233 2364 1270 :
2397 1217 2491 1272 Sic
2545 1218 2695 1287 ﬁlios
2757 1221 2856 1273 Dei
2909 1218 3279 1288 intelligimus
3332 1224 3477 1279 sicut
3534 1229 3590 1279 et

1948 1305 2094 1373 ﬁlios
2121 1307 2354 1373 diaboli,
2388 1307 2608 1360 similia
2651 1306 2882 1362 diabolo
2913 1307 3230 1379 eligentes;
3282 1311 3364 1365 sic
3412 1312 3591 1367 etiam

1950 1409 2018 1449 ex
2073 1394 2332 1466 maligno
2392 1411 2520 1449 esse
2595 1395 2830 1450 dicitur.
2890 1395 2980 1465 (V.
3047 1398 3130 1468 15)
3180 1413 3195 1452 :
3248 1399 3435 1455 Omnis
3492 1401 3589 1473 qui

1953 1484 2064 1539 odit
2119 1486 2351 1552 fratrem
2406 1500 2594 1542 suum.
2654 1483 2930 1539 homicida
2981 1491 3080 1540 est.
3144 1487 3206 1540 In
3269 1487 3377 1543 hoc
3431 1491 3588 1544 enim

1954 1573 2279 1627 secundum
2340 1572 2747 1627 inﬁdelitatem
2795 1573 3068 1630 Christus
3116 1576 3406 1634 moritur:
3441 1584 3596 1634 recte

1956 1659 2152 1731 itaque
2209 1662 2518 1732 subiungit
2573 1662 2776 1717 dicens
2835 1662 3032 1732 (ibid.)
3077 1680 3090 1718 :
3137 1666 3200 1720 Et
3255 1666 3406 1722 scitis
3465 1669 3599 1738 quia

1959 1751 2141 1803 omnis
2170 1749 2443 1805 homicida
2475 1755 2524 1804 et
2557 1749 2806 1820 inﬁdelis
2837 1766 2947 1806 non
2978 1751 3137 1807 habet
3183 1753 3379 1809 vitiam
3425 1760 3594 1812 eter-

1959 1855 2090 1892 nam
2119 1840 2178 1892 in
2208 1841 2387 1908 seipso
2417 1845 2751 1894 manentem.
2784 1838 2842 1892 In
2881 1845 3072 1895 mente
3090 1842 3305 1913 quippe
3329 1844 3483 1899 ﬁdeli
3507 1845 3596 1900 vi-

1959 1943 2100 1982 vens
2129 1927 2342 1982 Christi
2393 1933 2710 1998 permanet,
2737 1927 2856 1996 ipse
2885 1932 3034 1984 enim
3062 1947 3160 2000 pro
3185 1933 3342 1988 nobis
3371 1934 3448 2004 (v.
3483 1936 3597 2007 16),

1962 2015 2069 2070 hoc
2099 2022 2187 2070 est
2219 2033 2320 2087 pro
2351 2017 2742 2084 credentibus,
2773 2017 3020 2072 animum
3051 2036 3208 2074 suam
3236 2025 3454 2092 posuit;
3490 2023 3598 2080 hoc

1961 2110 2050 2158 est
2071 2120 2174 2174 pro
2189 2105 2556 2175 apostolis.Si
2581 2121 2718 2175 ergo
2734 2122 2836 2176 pro
2849 2107 3130 2178 apostolis
3153 2111 3408 2166 animam
3425 2129 3610 2169 suam-

1964 2192 2178 2262 posuit,
2210 2192 2508 2264 apostolos
2558 2201 2754 2248 autem
2799 2199 2926 2265 ejus
2944 2196 3438 2270 dicitsemetipsos,
3463 2205 3600 2256 tan-

1961 2297 2138 2350 quam
2163 2280 2210 2334 si
2236 2281 2873 2351 diceret,nos,inquam,
2894 2283 3165 2353 apostoli,
3194 2291 3428 2356 propter
3448 2303 3599 2358 quos

1963 2369 2219 2423 animam
2241 2385 2408 2423 suam
2434 2370 2650 2440 posuit,
2681 2369 2933 2426 debemus
2957 2388 3055 2441 pro
3077 2373 3348 2440 fratribus
3373 2378 3603 2432 animas

1960 2457 2321 2529 ponere(ib.),
2341 2458 2501 2513 salus
2522 2458 2738 2530 quippe
2765 2461 3182 2530 proximorum.
3204 2463 3602 2532 apostolorum

1963 2553 2086 2602 erat
2106 2546 2446 2618 gloria,quia
2475 2549 2650 2616 maior
2669 2548 3312 2618 est,inquit(v.20),0eus
3341 2554 3500 2608 corde
3515 2570 3612 2609 no-

1961 2638 2093 2702 stro,
2128 2636 2236 2692 hoc
2257 2641 2348 2692 est
2370 2637 2551 2691 virtus
2573 2636 2666 2691 Dei
2683 2638 3040 2692 conscientia
3062 2655 3186 2708 quae
3210 2642 3612 2714 subsequatur

1964 2725 2246 2790 animam,
2293 2730 2529 2796 propter
2577 2726 2728 2796 quod
2765 2728 3074 2798 subjungit
3103 2732 3160 2783 et
3189 2729 3333 2784 dicit
3364 2729 3559 2802 (ibid.)
3592 2744 3609 2785 τ

1963 2812 2240 2882 Quoniam
2267 2813 2538 2884 cognoscit
2566 2813 2774 2870 omnia.
2800 2815 2885 2886 (V.
2907 2816 3000 2886 2t)
3026 2831 3037 2869 :
3066 2817 3426 2885 Charissimi,
3455 2836 3504 2875 st
3523 2835 3616 2875 ror

1965 2911 2217 2956 nostrum
2277 2918 2384 2957 non
2415 2902 2720 2971 redarguat
2747 2917 2866 2969 nos,
2897 2904 3156 2973 ﬁduciam
3198 2907 3416 2961 habebit
3467 2907 3618 2978 apud

1968 2991 2322 3061 Deum.(Cap.
2347 3006 2422 3056 ιν,
2450 3007 2502 3044 ν.
2524 2992 2580 3062 2)
2606 3009 2618 3046 :
2648 2993 2707 3047 In
2733 2992 2832 3047 hoc
2861 2993 3234 3062 cognoscimus
3273 2997 3405 3066 quia
3427 3005 3617 3051 manet

247 3086 359 3140 lium
400 3095 472 3152 (v.
531 3085 654 3150 23),
717 3082 1041 3154 ignorando
1097 3096 1258 3144 eum,
1314 3095 1415 3135 nec
1472 3081 1699 3134 Patrem
1754 3081 1860 3134 ha-
1899 3147 1933 3155 _
1972 3078 2034 3132 in
2062 3078 2242 3148 nobis,
2272 3079 2336 3134 de
2366 3081 2575 3148 spiritu
2603 3096 2760 3150 quem
2788 3081 2934 3136 dedit
2958 3082 3112 3138 nobis
3137 3086 3460 3138 secundum
3488 3083 3612 3155 epi-

239 3175 326 3242 bet,
379 3147 568 3246 neque
615 3147 931 3244 cognoscit
987 3185 1145 3226 eum.
1205 3170 1322 3246 Qui
1366 3185 1500 3224 vero
1559 3168 1860 3240 cognoscit
1889 3147 1934 3216 (ἶ
1974 3147 2302 3239 scopatum,
2328 3147 2548 3223 scilicet
2593 3147 2651 3224 et
2691 3171 3115 3241 providentiam
3151 3175 3436 3228 futurum.
3473 3147 3613 3228 Per-

238 3263 415 3319 Filium
471 3245 529 3318 et
589 3267 830 3318 Patrem
905 3259 1230 3315 secundum
1303 3245 1606 3313 scientiam
1664 3257 1861 3324 novit;

241 3368 351 3408 cum
405 3352 830 3408 manifestatus
887 3349 1064 3404 tuerit
1123 3348 1423 3413 Dominus,
1481 3347 1540 3401 in
1599 3346 1860 3402 secundo

239 3443 480 3509 adventu,
514 3439 804 3496 ﬁduciam
853 3437 1116 3498 habebit,
1164 3440 1222 3491 et
1280 3452 1395 3491 non
1444 3435 1859 3490 confundetur.

244 3529 354 3593 Quae
380 3531 652 3586 confusio
685 3534 778 3583 est
803 3528 1027 3599 grande
1083 3525 1462 3596 supplicium.
1524 3523 1739 3591 Omnis,
1773 3525 1862 3579 in-

240 3621 342 3690 quit
366 3624 439 3688 (ν.
468 3621 587 3690 29),
621 3617 728 3690 qui
750 3615 889 3687 facit
908 3614 1219 3686 justitiam,
1269 3630 1340 3669 ea:
1391 3618 1502 3668 Deo
1549 3622 1713 3668 natus
1757 3622 1860 3682 est,

245 3712 534 3764 secundum
590 3707 771 3762 ﬁdem
809 3705 1034 3760 scilicet
1063 3708 1320 3757 renatus.
1352 3702 1513 3773 (Cap.
1545 3719 1630 3765 ιιι,
1663 3718 1720 3756 v.
1758 3701 1808 3773 1)
1846 3718 1859 3756 :

241 3798 509 3869 Pr0pterea
541 3795 794 3852 mundus
830 3811 942 3848 non
983 3795 1254 3863 cognoscit
1301 3807 1419 3856 nas,
1468 3793 1735 3863 quoniam
1765 3807 1864 3846 nec

244 3901 343 3940 eum
369 3887 642 3958 cognovit.
675 3884 958 3938 Mundam
985 3882 1126 3936 dicit
1155 3880 1516 3936 saeculariter
1547 3881 1603 3935 in
1638 3879 1864 3935 deliciis

245 3977 494 4032 viventes.
530 3971 913 4039 Dilectissimi,
945 3970 1138 4041 inquit
1178 3970 1254 4041 (v.
1294 3969 1372 4040 2),
1420 3986 1571 4024 nunc
1613 3969 1720 4038 ﬁlii
1769 3970 1867 4024 Dei

243 4080 423 4133 minus,
480 4082 601 4121 non
665 4060 922 4119 naturali
984 4059 1294 4115 dilectione
1345 4074 1359 4112 :
1411 4059 1509 4113 sed
1572 4059 1710 4128 quia
1769 4075 1864 4129 pa-

243 4159 366 4210 trem
396 4155 582 4210 Deum
647 4153 956 4208 habemus.
1020 4149 1202 4219 Major
1257 4147 1472 4218 quippe
1525 4157 1613 4202 est
1671 4147 1861 4201 chari-

239 4249 329 4312 ωε,
370 4248 432 4299 ut
485 4259 626 4298 cum
687 4240 913 4295 nullam
971 4236 1380 4309 cognationem
1439 4235 1730 4291 habemus
1791 4237 1863 4290 ad

239 4337 419 4403 Deum,
447 4333 643 4402 diligit
672 4346 779 4385 nos
802 4324 1250 4393 tamen,etfilios
1270 4341 1411 4380 suos
1432 4325 1822 4395 vocat.(1bid.)
1845 4345 1863 4379 :

242 4422 294 4475 Et
316 4423 536 4478 necdum
565 4421 776 4475 claruit
806 4416 948 4488 quod
1001 4414 1212 4470 erimus
1242 4432 1261 4470 :
1295 4414 1404 4468 hoc
1462 4419 1549 4469 est
1609 4415 1679 4468 ad
1727 4431 1864 4485 qua-

1967 3260 2132 3327 fecta,
2149 3258 2344 3328 inquit
2373 3259 2450 3328 (v.
2483 3258 2594 3329 18),
2614 3258 2869 3314 οὴανίιας
2885 3261 2948 3324 ›ι‹
2967 3262 3117 3329 foras
3135 3261 3306 3316 mittit
3328 3261 3604 3318 timorem.

1970 3347 2252 3401 Perl'ectio
2283 3361 2538 3417 namque
2569 3345 2760 3402 fidelis
2793 3348 3050 3405 hominis
3079 3349 3335 3405 charitas
3367 3355 3477 3406 est.
3509 3353 3613 3406 Iste

1971 3445 2070 3505 est,
2096 3434 2290 3505 inquit
2319 3437 2471 3506 (cap.
2502 3452 2558 3502 v,
2590 3451 2642 3490 ν.
2675 3436 2755 3506 6),
2799 3437 2897 3508 qui
2949 3439 3098 3493 venit
3143 3455 3244 3510 per
3301 3455 3504 3511 aquam
3562 3449 3614 3496 et

1971 3525 2314 3594 sanguinea;
2354 3523 2570 3578 iterum
2609 3525 2683 3595 (v.
2715 3525 2792 3595 7),
2843 3528 2977 3597 quia
3007 3535 3116 3583 tres
3142 3532 3272 3584 sunt
3299 3530 3397 3600 qui
3426 3529 3622 3600 testiﬁ-

1979 3617 2200 3677 cantur,
2231 3610 2483 3684 spiritus,
2517 3615 2672 3684 quod
2705 3618 2789 3668 est
2845 3615 2986 3677 vita.
3040 3625 3095 3670 et
3124 3634 3286 3688 aqua,
3323 3619 3478 3690 quod
3519 3622 3615 3674 est

1974 3700 2334 3773 regeneratio
2378 3717 2444 3756 ac
2503 3701 2669 3771 fides,
2692 3711 2742 3756 et
2761 3705 3009 3772 sanguis,
3030 3706 3184 3776 quod
3217 3711 3307 3761 est
3331 3708 3617 3778 cognitio,

1971 3799 2023 3846 et
2053 3791 2112 3844 hi
2139 3799 2247 3845 tres
2277 3806 2453 3845 unum
2480 3798 2627 3844 sunt.
2655 3791 2718 3845 In
2739 3789 3037 3848 Salvatore
3059 3795 3294 3866 quippe,
3318 3795 3443 3851 istae
3466 3803 3612 3853 sunt

1974 3879 2220 3932 virtutes
2254 3877 2588 3942 salutiferae,
2615 3884 2670 3933 et
2697 3878 2814 3933 vita
2865 3880 2992 3951 ipsa
3037 3881 3093 3935 in
3147 3883 3270 3953 ipso
3315 3883 3453 3940 Filio
3486 3888 3619 3956 ejus

1975 3966 2223 4022 exsistit.
2258 3965 2347 4036 (V.
2386 3966 2469 4036 14)
2498 3983 2510 4020 :
2536 3967 2600 4020 Et
2629 3966 2746 4024 haec
2775 3972 2853 4023 est
2881 3970 3210 4037 conﬁdentia
3240 3988 3406 4043 quam
3453 3975 3622 4032 habe-

1972 4072 2096 4110 mus
2142 4055 2212 4110 ad
2260 4071 2404 4122 eum,
2437 4055 2565 4126 quia
2591 4058 2642 4110 si
2669 4056 2799 4128 quid
2823 4058 3148 4128 petierimus
3178 4062 3478 4118 secundum
3528 4081 3623 4120 oo-

1979 4145 2256 4198 luntatem
2287 4144 2424 4214 ejus,
2460 4145 2655 4199 audiet
2681 4161 2799 4200 nos.
2833 4146 2956 4202 Non
2990 4148 3259 4205 absolute
3291 4151 3433 4205 dixit
3463 4154 3618 4223 quod

1984 4233 2456 4304 petierimus,sed
2485 4234 2637 4304 quod
2665 4237 3309 4307 oportetpetere.(V.19)
3337 4255 3348 4294 :
3375 4241 3439 4293 Et
3458 4256 3614 4295 mun-

1975 4322 2074 4377 dus
2105 4323 2282 4377 omm's
2306 4321 2368 4376 in
2396 4325 2646 4392 maligno
2697 4326 3020 4379 constitutus
3044 4334 3156 4392 est;
3190 4343 3303 4382 non
3333 4333 3620 4399 creatura,

1976 4413 2076 4466 sed
2107 4413 2415 4466 saeculares
2447 4409 2738 4478 homines,
2763 4416 2820 4466 et
2843 4414 3168 4467 secundum
3190 4415 3614 4485 concupiscen-

243 4509 336 4564 lem
365 4508 704 4581 perventuri
737 4520 947 4562 sumus
971 4503 1218 4575 gloriam
1245 4519 1258 4557 :
1284 4502 1345 4557 Si
1365 4504 1514 4558 enim
1535 4505 1861 4574 manifesta-
1896 4514 1946 4577 ο
1977 4501 2090 4556 tias
2111 4498 2584 4570 viventes.(V.20)
2607 4515 2622 4554 :
2644 4501 2711 4554 Et
2728 4501 2908 4554 Filius
2931 4503 3038 4556 Dei
3056 4501 3279 4569 venit,et
3299 4501 3618 4560 deditnobis

242 4605 312 4652 tus
335 4602 520 4667 fuerit,
544 4598 657 4654 hoc
681 4601 789 4660 est,
822 4595 870 4649 si
918 4591 1154 4665 perfecti
1203 4590 1512 4659 fuerimus,
1556 4593 1768 4647 similes
1811 4591 1865 4647 ei

243 4686 442 4759 erimus,
472 4687 659 4743 veluti
691 4682 1156 4754 resquiescentes
1177 4684 1234 4735 et
1247 4679 1555 4750 justiﬂcati
1581 4680 1786 4736 mundi
1809 4681 1868 4737 in
1918 4762 1924 4766 v

1978 4588 2672 4654 intellectum,secundum
2695 4589 2869 4643 ﬁdem
2889 4588 3114 4644 scilicet
3132 4591 3534 4648 advenientem
3560 4593 3620 4650 in

1981 4695 2109 4748 nos,
2143 4677 2243 4749 qui
2273 4679 2449 4733 etiam
2479 4676 2731 4748 Spiritus
2750 4681 2994 4733 sanctus
3014 4677 3368 4750 appellatur.

1879 4953 1956 5019 IV

818 5060 1175 5123 EJUSDEM
1226 5056 1893 5121 ADUMBRATIONES
1934 5060 2014 5120 ΙΝ
2069 5052 2514 5120 EPISTOLAM
2557 5049 2612 5116 ΙΙ
2654 5054 3009 5117 JOANNIS.

308 5200 569 5257 Secunda
595 5196 838 5256 Joannis
857 5193 1140 5268 Epistola,
1163 5209 1292 5265 qua:
1327 5192 1400 5247 ad
1420 5191 1677 5264 virgines
1717 5192 1867 5249 scri-

249 5292 334 5357 pta
347 5297 452 5358 est,
468 5287 915 5360 simplicissima
938 5282 1285 5354 est.Scripta
1301 5297 1435 5336 vero
1458 5286 1545 5337 est
1567 5282 1638 5338 ad
1664 5297 1869 5353 quam-

258 5376 368 5433 dam
393 5377 762 5450 Babyloniam
793 5376 1040 5430 Electum
1071 5371 1329 5438 nomine,
1355 5370 1651 5442 signiﬁcat
1671 5374 1866 5426 autem

308 5509 364 5573 ›ι‹
388 5505 446 5563 Ρ.
476 5506 606 5562 4004
642 5505 753 5560 ΕΟ.
789 5499 1088 5560 POTTER.

313 5617 404 5693 l88)
444 5621 616 5694 Lapsi
644 5625 702 5678 et
722 5620 1022 5691 apostata.

1977 5191 2318 5248 electionem
2344 5187 2612 5244 Ecclesia
2633 5193 2866 5244 sanctis.
2896 5189 3124 5245 Astruit
3143 5192 3198 5245 in
3219 5190 3326 5247 hac
3351 5191 3619 5264 Epistola

1980 5279 2446 5354 persecutionem
2471 5278 2604 5333 ﬁdei
2637 5284 2797 5333 extra
2825 5279 3167 5336 charitatem
3203 5297 3318 5336 non
3369 5298 3519 5351 esse,
3565 5285 3623 5338 et

1980 5375 2042 5425 ut
2073 5386 2244 5426 nemo
2271 5368 2491 5424 dividat
2517 5367 2722 5423 Jesnm
2756 5367 3052 5424 Christum
3082 5386 3096 5435 ;
3128 5371 3228 5425 sed
3265 5386 3448 5426 unum
3486 5387 3616 5426 cre-
