3978 6200
437 341 543 397 739
1675 339 2012 394 CLEMENB
2048 339 2617 397 ALEXANDRINUS
3697 348 3782 404 740

447 465 582 519 dere
611 464 815 518 Jesum
861 459 1154 517 Christum
1199 458 1426 514 venisse
1473 459 1531 514 in
1581 477 1774 516 carne.
1809 459 1950 516 Nam
1985 459 2084 532 qui
2123 463 2171 531 Α
2203 461 2546 532 hujumodi
2615 479 2728 518 non
2761 467 2850 520 est
2879 463 3293 532 inhumanum,
3323 465 3419 520 sed
3447 478 3543 523 nec
3571 472 3780 542 conqui-

446 553 623 608 habet
647 550 858 606 Filium
881 549 942 606 in
961 547 1258 604 intellectu
1284 549 1758 620 perceptibiliter,
1775 555 1830 606 et
1857 552 2080 606 Patrem
2195 569 2318 608 rere
2353 554 2433 609 vel
2470 556 2888 628 condisputare
2908 573 3042 612 cum
3067 554 3284 612 talibus
3309 559 3559 616 admonet
3577 563 3666 632 qui
3690 581 3780 619 non

442 657 672 713 quoque
698 638 996 712 cognoscit
1051 641 1108 692 et
1163 637 1625 708 magnitudinem
1658 637 1893 694 virtutis
1953 641 2080 708 ejus
2190 641 2384 695 valent
2435 642 2892 715 intelligibiliter
2928 643 3128 699 divina
3175 649 3434 712 tractare,
3467 663 3531 700 ne
3576 664 3665 718 per
3701 666 3781 704 eos

441 730 568 784 sine
629 730 796 784 initio
853 727 1134 792 temporis
1212 731 1553 798 operantem
1632 726 2083 798 intelligibiliter
2193 731 2576 786 traducantur
2607 750 2640 787 a
2668 735 2932 788 doctrina
2965 733 3255 798 veritatis,
3285 734 3672 792 verisimilibus
3706 739 3778 793 in-

441 822 638 874 mente
667 817 942 872 continet.
966 815 1029 872 Si
1055 816 1178 886 quis
1206 814 1352 870 venit
1382 815 1452 869 ad
1480 831 1592 882 vos,
1626 816 1820 888 inquit
1859 817 1936 889 (ν.
1974 817 2078 882 10),
2191 816 2362 872 ducti
2399 820 3018 876 rationibus.Arbitror
3052 823 3410 892 autem,quia
3433 828 3486 877 et
3505 839 3651 878 orare
3671 841 3778 879 cum

438 911 490 962 et
521 907 662 962 hanc
683 907 989 961 doctrinam
1016 920 1126 959 non
1152 907 1356 976 portat,
1381 919 1489 960 non
1519 907 1840 978 suscipiatis
1867 923 1993 961 eum
2022 907 2081 960 in
2191 905 2409 962 talibus
2443 926 2555 963 non
2591 910 3130 982 oportet,quoniam
3165 910 3223 964 in
3257 909 3507 966 oratione
3529 929 3642 984 quae
3665 914 3778 969 litin

440 995 689 1064 domum,
721 1004 772 1052 et
801 996 905 1051 Ave
932 1009 1001 1049 ne
1031 994 1286 1048 dixeritis
1309 993 1361 1048 ei
1384 1012 1396 1062 ;
1424 995 1520 1066 qui
1549 995 1696 1049 enim
1721 994 1929 1050 dixerit
1953 996 2078 1062 Ave,
2191 995 2704 1068 domo,postquam
2734 999 2806 1053 ob
2840 999 3059 1055 orando
3094 999 3639 1072 surgitur,salutatio
3657 1016 3776 1073 gau-

436 1085 806 1141 communicat
833 1085 1087 1156 operibus
1128 1084 1243 1155 ejus
1273 1082 1560 1150 malignis.
1593 1082 1765 1138 Tales
1821 1083 2081 1139 salutare
2191 1082 2272 1136 dii
2307 1089 2395 1139 est
2419 1090 2476 1140 et
2509 1085 2668 1157 pacis
2693 1085 3002 1156 indicium.

434 1174 710 1250 prohibet
738 1178 795 1230 et
823 1174 882 1228 in
924 1173 1259 1246 hospistum
1309 1171 1627 1243 suscipere.
1661 1177 1775 1229 Hoc
1824 1173 1978 1228 enim
2016 1173 2076 1230 in

2114 1452 2182 1508 V.

947 1567 1030 1623 KE
1071 1567 1372 1623 NlKHTOl‘
1400 1568 1512 1639 (89)
1543 1567 1940 1623 ΗΡΑΚΛΕΙΑΣ
1975 1567 2048 1623 Ml

2156 1566 2538 1623 ?OHOA1TOI‘
2563 1568 2672 1623 ΕΙΣ
2708 1571 2822 1624 ΙΩΒ
2853 1569 3302 1626 ΕΞΗΒΙΙΣΕΩΣ.

1550 1695 1651 1753 EX
1698 1694 2000 1754 NICETIE
2044 1695 2354 1767 CATENA
2404 1697 2474 1754 IN
2518 1695 2684 1756 JUB.

1844 1801 2005 1900 (Cap.
2052 1827 2096 1897 Ι,
2130 1845 2257 1883 vers
2288 1829 2404 1900 2t.)

2247 2101 2259 2118 1
2397 2100 2410 2119 \
2491 2100 2503 2118 ἱ
2629 2105 2654 2116 ~
2710 2103 2721 2123 ν
2765 2103 2780 2120 \
3047 2099 3066 2116 ’θ
3452 2103 3463 2124 I
3689 2101 3706 2124 II

2261 2098 2420 2156 Αλλο.
2447 2122 2514 2155 τα
2561 2122 2659 2156 του
2727 2097 2834 2156 Ιωϐ
2881 2106 3226 2179 κομψοτερον
3283 2104 3377 2177 μὶν
3404 2105 3538 2160 οὕτω
3566 2127 3769 2176 νοητεον·

2178 2191 2380 2263 γυμνὸς
2434 2191 2624 2252 κακίας
2680 2192 2766 2246 καὶ
2828 2192 3116 2266 ἁμαρτίας,
3179 2193 3258 2254 ὡς
3315 2193 3374 2248 ἐκ
3444 2193 3641 2256 κοιλίας
3692 2217 3773 2268 μη-

496 2104 649 2159 872
670 2101 802 2158 Jobi
827 2106 1020 2156 autem
1041 2099 1216 2156 verba
1236 2100 1316 2156 sic
1335 2100 1660 2172 elegantius
1675 2100 1920 2173 intelligi
1940 2118 2067 2173 pos-
2096 2104 2142 2169 B

425 2196 600 2246 sunt:
624 2191 807 2244 nudus
837 2208 870 2245 a
901 2189 1038 2245 vitio
1061 2195 1118 2244 et
1143 2191 1577 2262 peceato.quasi
1605 2206 1674 2245 ex
1697 2194 1852 2246 utero
1874 2193 2066 2246 matris

422 2297 451 2336 e
484 2287 637 2335 terra
666 2279 724 2334 in
751 2279 912 2334 initio
935 2281 1204 2338 formatus
1233 2295 1420 2344 suum,
1465 2279 1645 2333 nudus
1669 2282 1728 2334 in
1757 2280 1947 2335 eadem
1977 2297 2063 2335 re-

418 2377 640 2430 vertar;
724 2386 839 2422 non
893 2373 1088 2423 autem
1171 2367 1667 2438 possessionibus,
1727 2367 1836 2424 hoc
1908 2369 2060 2423 enim

419 2475 662 2530 parvum
721 2463 778 2513 et
838 2457 1074 2528 vulgare
1131 2461 1305 2524 esset,
1367 2457 1466 2512 sed
1516 2477 1548 2512 a
1597 2459 1734 2514 vitio
1767 2465 1825 2514 et.
1857 2476 2058 2530 pecca-

417 2553 498 2613 to,
531 2553 588 2603 et
618 2565 648 2602 a
689 2547 1052 2602 tenebricoso
1097 2545 1274 2614 idolo,
1328 2547 1480 2617 quod
1534 2563 1634 2602 eos
1688 2548 1903 2619 excipit.
1958 2547 2058 2618 qui

415 2635 635 2707 injuste
665 2636 950 2690 vixerunt.
998 2634 1174 2690 Juxta
1231 2651 1363 2689 vero
1422 2633 1586 2701 illud,
1653 2636 1806 2706 quod
1869 2635 2057 2691 omni-

415 2727 527 2783 bus
588 2728 646 2784 in
702 2731 977 2799 promptu
1031 2744 1096 2782 ac
1157 2724 1441 2780 familiare
1471 2733 1580 2794 est,
1612 2727 1805 2781 cuncti
1868 2726 2057 2782 nasci-

415 2833 549 2872 mur
593 2817 753 2882 nudi,
787 2817 1042 2887 itemque
1091 2815 1230 2869 nudi
1279 2813 1594 2882 eﬁ‘erimur,
1634 2816 1832 2871 fasciis
1890 2816 2055 2883 solis,

412 2922 539 2976 quae
568 2905 846 2960 humanis
877 2911 1243 2960 mortuorum
1292 2904 1634 2975 corporibus
1682 2905 2054 2976 adhibentur,

412 2989 688 3050 devincti.
714 2994 939 3049 Etenim
963 2992 1142 3049 vitam
1167 2991 1322 3047 Deus
1345 2993 1512 3048 nobis
1545 2992 1716 3048 aliam
1763 3011 2054 3064 praepara-

407 3085 512 3149 vit,
543 3093 597 3140 el
630 3089 972 3154 praesentem
1010 3099 1108 3152 pro
1140 3080 1416 3136 curriculi
1451 3081 1542 3137 via
1570 3083 1640 3136 ad
1675 3099 1802 3136 eam
1839 3083 2053 3137 instru-

408 3175 652 3240 xit;eas
684 3173 922 3227 demum
951 3187 1053 3242 pro
1112 3168 1321 3225 viatico
1383 3171 1786 3240 possessiones
1834 3173 2052 3226 consti-

409 3269 606 3328 tuens,
640 3277 766 3331 quas
801 3258 1135 3316 necessitati
1165 3258 1552 3314 inservirent:
1579 3275 1711 3313 cum
1737 3258 1889 3314 hanc
1921 3277 2052 3316 vero

409 3350 564 3404 viam
596 3347 776 3403 semel
807 3349 1030 3403 emensi
1071 3348 1379 3413 fuerimus,
1423 3347 1768 3402 facultatum
1807 3355 1866 3404 et
1903 3349 2049 3404 divi-

2171 2279 2324 2353 τρὸς,
2375 2277 2436 2333 ἐκ
2491 2287 2590 2348 τῆς
2650 2287 2755 2355 γῆς
2809 2281 2925 2335 κατ’
2978 2282 3153 2357 ἀρχὰς
3211 2279 3559 2363 διεπλάσθην,
3605 2287 3773 2358 γυμνὸς

2172 2366 2248 2429 είς
2303 2369 2400 2437 τήν
2461 2371 2563 2442 γῆν
2621 2369 2710 2424 καὶ
2769 2369 3162 2444 ἀπελεύσομαι·
3225 2373 3432 2446 γυμνὸς
3480 2373 3536 2427 ού
3597 2372 3773 2445 κτημά-

2167 2478 2298 2525 των,
2335 2462 2500 2512 τοῦτο
2548 2459 2648 2533 γὰρ
2700 2460 2894 2534 μικρόν
2943 2481 3001 2514 τε
3047 2461 3136 2515 καὶ
3184 2462 3392 2531 κοινὸν,
3437 2459 3572 2517 ἀλλά
3613 2463 3775 2524 κακίας

2168 2545 2256 2599 καὶ
2288 2547 2572 2623 πονηρίας,
2614 2547 2703 2601 καὶ
2749 2551 2845 2602 τοῦ
2895 2547 3163 2621 ἑπομένου
3211 2555 3331 2612 τοῖς
3383 2548 3576 2612 ἀδίκως
3609 2552 3774 2626 βιώσα·

2169 2655 2250 2687 σιν
2278 2632 2494 2699 ἀειδοῦς
2541 2633 2795 2691 εἷδώλου’
2847 2637 2984 2692 κατὰ
3031 2634 3089 2692 δὲ
3141 2639 3206 2693 τὸ
3257 2639 3568 2716 πρόχειρον,
3611 2640 3772 2701 πάντες

2168 2721 2444 2797 ἅνθρωποι
2491 2724 2579 2779 καὶ
2626 2725 2823 2800 γυμνοί
2863 2727 3198 2801 γεννώμεθα,
3253 2727 3343 2782 καὶ
3396 2730 3585 2803 γυμνοὶ
3634 2726 3769 2783 πάλιν

2167 2810 2550 2888 ἐκφερόμεθα,
2635 2819 2752 2877 τοῖς
2845 2814 3117 2891 ἐνταφίοις
3221 2817 3411 2888 μόνοις
3490 2819 3773 2893 σπαργάνοις

2166 2897 2548 2972 δεσμούμενοι.
2599 2900 2804 2958 Ἀλλον
2857 2904 2957 2978 γὰρ
3006 2906 3142 2976 ἡμῖν
3178 2905 3205 2958 6
3240 2906 3372 2968 Θεὸς
3415 2908 3773 2980 προηυτρέπισε

2123 2997 2136 3008 ’
2169 2991 2310 3065 βίον,
2368 2993 2456 3046 καὶ
2515 2998 2610 3048 τοῦ
2659 2993 2795 3068 πρὸς
2850 2993 3050 3049 ἐκεῖνον
3115 2993 3330 3070 δρόμου
3385 2998 3484 3065 τὴν
3538 3000 3772 3071 παροῦσαν

2167 3081 2309 3149 ζωὴν
2341 3078 2464 3135 ὁδὸν
2501 3083 2874 3154 κατεσκεύασε,
2906 3084 3006 3138 τᾶσ
3035 3085 3180 3160 παρὰ
3214 3093 3320 3155 τῆς
3352 3088 3585 3156 κτήσεως
3614 3082 3772 3160 χρείας

2163 3171 2237 3232 εἰς
2265 3169 2454 3232 ἐφόδια
2479 3171 2772 3244 μόνον,τῆς
2806 3171 2934 3228 ὁδοῦ
2965 3176 3282 3245 κατατάξας·
3328 3176 3524 3247 ταύτην
3573 3173 3624 3230 δὲ
3657 3177 3768 3245 ἡμῖν

2159 3261 2256 3328 τὴν
2317 3257 2442 3314 ὁδὸν
2497 3259 2802 3330 ἐξελθοῦσιν
2859 3264 2887 3316 ὁ
2931 3267 3036 3317 τῶν
3097 3263 3405 3334 κτηθέντων
3462 3262 3772 3324 ἀσυνόδευτος

2159 3348 2422 3411 πλοῦτος.
2457 3347 2625 3407 Οὐδὲν
2656 3352 2759 3428 γὰρ
2793 3353 2866 3406 ὧν
2895 3351 3233 3427 ἐσχήκαμεν,
3267 3349 3470 3428 ἔχομεν
3501 3351 3644 3421 ἴδιον,
3673 3350 3769 3413 ἑνὸς

409 3439 624 3494 tiarum
675 3437 960 3505 >X<omnis
1018 3437 1332 3492 comitatus
1381 3453 1488 3492 nos
1537 3438 1773 3492 deserit.
1838 3437 2046 3494 Eorum

413 3527 554 3549 --2.-
619 3543 738 3549 ---μ
771 3526 826 3549 2..
863 3525 972 3549 --ει--
1021 3524 1340 3549 ι.--1...-ε.....--
1417 3524 1559 3549 ..;ι.ει
1615 3531 1876 3549 -,-ι..---.
1939 3528 2044 3549 J:_!

2157 3439 2438 3510 κτήματος
2497 3440 2660 3513 μόνον
2720 3447 2821 3510 τῆς
2897 3437 3139 3504 εὐσεϐίας
3197 3442 3360 3516 ἐσμὲν
3419 3441 3772 3514 ἷδιοκτήτορες’

2160 3547 2216 3549 _,,
2235 3525 2283 3549 Ῑ-
2396 3530 2410 3549 ε
2475 3532 2501 3542 ’⁵
2587 3541 2608 3549 Α
2633 3529 2641 3546 '
2861 3529 2875 3549 Ἰ
2954 3528 2975 3549 λ
2998 3542 3016 3549 -
3040 3529 3054 3549 \
3197 3531 3210 3549 ,
3337 3531 3358 3549 ς
3394 3535 3406 3549 1
3591 3535 3614 3545 ο
3692 3526 3734 3549 ιλ

406 3527 581 3591 enim,
614 3543 740 3598 quas
771 3526 829 3580 in
863 3525 978 3580 vita
1021 3524 1363 3593 habuimus,
1417 3524 1563 3580 nihil
1615 3531 1881 3581 nostrum
1932 3528 2047 3583 dici

405 3621 616 3689 potest,
649 3633 767 3670 una
797 3620 1036 3686 excepta
1067 3614 1301 3686 pietate,
1335 3615 1507 3684 cujus
1540 3620 1628 3670 est
1659 3621 1860 3672 nostra
1891 3631 2048 3673 certa

403 3706 734 3778 possessio;
771 3704 920 3760 hanc
963 3720 1122 3759 mors
1146 3704 1431 3776 ingruens
1463 3702 1632 3759 nobis
1663 3721 1778 3760 non
1814 3705 2045 3778 eripiet,

406 3795 583 3851 rebus
629 3800 826 3850 autem
876 3792 1152 3848 omnibus
1203 3792 1334 3848 aliis
1365 3793 1635 3864 quamvis
1663 3793 1894 3864 invitos,
1938 3811 2044 3851 nos

405 3892 594 3940 exuet.
628 3882 778 3954 Opes
810 3882 1044 3955 quidem
1104 3883 1174 3937 ad
1225 3882 1376 3937 hanc
1425 3881 1600 3938 vitam
1635 3883 2043 3941 sustinendam

403 3971 758 4046 accepimus,
792 3975 969 4043 atque
1001 3971 1206 4026 harum
1239 3969 1361 4026 solo
1391 3971 1580 4026 fructu
1617 3973 1910 4045 decerpta,
1943 3974 2041 4029 de-

404 4061 619 4133 migrat
651 4058 1056 4132 unusquisque
1086 4057 1362 4127 exiguum
1413 4058 1541 4113 vitae
1592 4065 2040 4115 monumentum

401 4148 764 4222 relinquens,
787 4147 894 4204 hoc
917 4148 1156 4202 demum
1193 4145 1600 4216 estfelicitatis
1632 4149 1826 4204 omnis
1855 4155 2040 4204 extre-

399 4255 586 4307 mum,
620 4238 712 4294 hic
741 4241 1090 4295 cunctorum
1134 4236 1421 4290 bonorum
1481 4252 1608 4306 quas
1657 4242 1796 4291 sunt
1833 4237 1892 4292 in
1924 4237 2042 4294 vita

395 4331 608 4398 exitus.
635 4329 808 4384 Recte
828 4327 1012 4399 igitur
1028 4325 1244 4391 infans,
1269 4328 1334 4379 ut
1359 4323 1561 4380 matris
1579 4329 1740 4380 utero
1759 4331 1934 4398 caput
1950 4344 2040 4383 ex-

399 4417 556 4486 tulit,
593 4434 708 4473 non
734 4433 764 4472 e
795 4417 942 4485 risu,
989 4414 1089 4470 sed
1129 4431 1161 4469 a
1189 4411 1466 4468 lamentis
1527 4413 1730 4469 statim
1790 4413 2037 4487 incipit;

399 4507 577 4564 ﬂebili
598 4507 755 4563 enim
778 4503 1068 4571 voce,vitae
1092 4503 1514 4574 propemodum
1537 4501 2036 4576 indignaturque

397 4596 642 4652 exitiosa
670 4612 735 4650 ac
765 4592 962 4650 letalia
994 4608 1261 4661 munera,
1291 4609 1322 4646 a
1355 4591 1546 4662 primo
1591 4592 1827 4648 exordio
1857 4594 2036 4664 degu-

401 4686 616 4741 standa
640 4684 690 4740 ei
723 4682 1017 4755 proponit.
1048 4681 1415 4752 Simulatque
1445 4681 1602 4736 enim
1635 4681 1829 4737 editus
1854 4681 1914 4738 in
1945 4681 2036 4738 lu-

398 4791 524 4829 cem
557 4777 613 4828 et
643 4775 952 4842 susceptus
989 4774 1098 4836 est,
1134 4785 1347 4824 manus
1369 4769 1652 4841 redesque
1678 4772 1806 4841 ejus
1838 4770 2033 4827 fasciis

2157 3525 2354 3596 ταύτην
2385 3530 2532 3600 ἡμᾶς
2585 3529 2808 3592 θάνατος
2857 3528 3100 3593 ἐπελθὼν
3156 3531 3218 3586 ού
3267 3531 3512 3604 συλήσει,
3555 3535 3650 3585 τῶν
3686 3526 3766 3582 ἆλ-

2157 3612 2266 3669 λων
2299 3612 2356 3668 δὲ
2387 3616 2631 3671 ἁπάντων
2683 3613 2904 3674 ἐκϐαλεῖ
2949 3619 3039 3674 καὶ
3093 3621 3168 3693 μή
3223 3620 3500 3685 θέλοντας
3541 3620 3610 3682 εἰς
3654 3620 3765 3673 ὑπο-

2152 3706 2472 3758 καταστασιν
2519 3707 2620 3782 γὰρ
2663 3709 2761 3776 τὴν
2841 3709 3102 3783 βιωτικὴν
3162 3711 3362 3773 πάντες
3422 3704 3763 3786 παρελάϐομεν

2153 3801 2363 3864 κτῆσιν,
2395 3795 2485 3849 καὶ
2521 3795 2684 3867 μόνον
2713 3795 2912 3868 ταύτης
2940 3799 3038 3867 τήν
3073 3806 3273 3875 χρῆσιν
3323 3801 3540 3861 ἕκαστος
3567 3817 3761 3872 καρπω-

2153 3881 2382 3954 σάμενος
2443 3886 2645 3955 ἄπεισι,
2695 3886 2875 3962 βραχὺ
2924 3888 3069 3961 παρὰ
3116 3893 3212 3943 τοῦ
3267 3890 3390 3964 βίου
3438 3887 3763 3962 κομιζόμενος

2155 3975 2364 4044 μνῆμα·
2399 3978 2560 4028 τοῦτο
2591 3974 2693 4049 γὰρ
2746 3977 2922 4047 πάσης
2971 3976 3268 4053 εὐημερίας
3311 3979 3375 4033 τὸ
3420 3975 3593 4045 τέλος,
3629 3977 3764 4029 τοῦτο

2148 4063 2253 4113 τῶν
2309 4062 2579 4135 βιωτικῶν
2630 4063 2840 4139 ἀγαθῶν
2898 4065 2960 4119 τὸ
3020 4065 3407 4140 συμπέρασμα.
3457 4064 3634 4126 Καλῶς
3682 4060 3765 4136 ἄρα

2147 4150 2208 4203 τὸ
2245 4151 2462 4228 βρέφος,
2493 4154 2592 4220 τῆς
2641 4154 2874 4228 γαστρὸς
2925 4157 3270 4231 παρακύψαν,
3321 4157 3532 4230 θρήνων
3576 4152 3764 4222 εὐθέως,

2149 4238 2213 4291 ού
2243 4236 2486 4314 γέλωτος
2517 4240 2763 4316 ἄρχεται·
2796 4242 2974 4298 κλαίει
3021 4244 3121 4320 γὰρ
3171 4245 3356 4317 ὥσπερ
3404 4248 3499 4299 τοῦ
3544 4241 3654 4318 βίου
3679 4259 3762 4293 κα-

2144 4322 2402 4400 ταϐοῶν,
2463 4331 2586 4405 παρ’
2647 4329 2708 4384 οὖ
2767 4331 3106 4406 Θνησιμαίων
3185 4331 3245 4387 ὲκ
3296 4333 3600 4409 προοιμίων
3651 4330 3762 4382 ἀπο-

2145 4416 2360 4491 γεύεται
2411 4415 2623 4494 δώρων·
2671 4421 2862 4495 τεχθὲν
2917 4422 3022 4496 γὰρ
3071 4427 3265 4497 χεῖρας
3315 4422 3507 4483 εὐθέως
3552 4437 3761 4494 σπαργα-

2144 4509 2351 4575 νοῢται,
2376 4508 2467 4561 καὶ
2506 4504 2698 4578 πόδας,
2729 4508 2816 4562 καὶ
2855 4507 3078 4582 δεσμοῖς
3128 4510 3478 4582 ἐνειλημένον
3525 4503 3760 4563 ἀπολαύει

2143 4601 2244 4664 τῆς
2305 4595 2501 4666 θηλῆς.
2560 4603 2622 4650 Ὦ
2669 4597 2965 4671 προοιμίου
3011 4602 3176 4668 ζωῆς,
3228 4597 3544 4675 προδρόμου
3581 4593 3756 4668 νεκρῶ-

2145 4686 2316 4748 σεωςί
2351 4689 2505 4760 Ἄρτι
2561 4686 2622 4741 τὸ
2679 4685 2875 4765 βρέφος
2935 4687 3009 4749 εἷς
3067 4689 3211 4757 ζωὴν
3266 4687 3629 4759 παρελήλυθε,
3679 4681 3756 4737 καὶ

2142 4779 2344 4850 νεκρῶν
2399 4774 2596 4839 εὐθέως
2643 4776 2788 4849 αὐτῷ
2827 4775 3126 4852 στολισμὸς
3169 4780 3540 4854 προσηνέχθη*
3590 4777 3760 4845 ὑπομι-

392 4861 874 4932 constringuntur
899 4865 956 4914 et
985 4858 1232 4914 vinculis
1262 4857 1584 4929 impeditus
1619 4859 1900 4916 uberibus
1929 4878 2032 4932 po-

2156 4865 2372 4933 ⁶ινήσκει
2420 4863 2518 4938 γὰρ
2563 4869 2660 4920 τοῦ
2705 4864 2898 4928 τέλους
2928 4867 3055 4930 τοὺς
3103 4869 3388 4943 τεχθὲντας
3417 4869 3452 4936 ἡ
3483 4864 3648 4944 φύσις.
3675 4858 3760 4915 Διὸ

395 4957 560 5008 titur.
595 4949 637 5006 Ο
663 4949 786 5004 vitae
812 4947 1222 5018 primordium,
1245 4947 1450 5003 mortis
1483 4949 1885 5018 prodromum!
1914 4949 2032 5006 Nu-

397 5059 500 5114 per
529 5043 619 5096 est
647 5039 841 5094 infans
870 5038 941 5092 ad
975 5035 1150 5092 vitam
1182 5035 1507 5108 ingressus,
1552 5053 1656 5094 nec
1687 5037 2031 5110 interposita

461 5169 526 5234 .x‘
555 5164 616 5219 P.
650 5161 789 5217 1002
812 5160 923 5215 ED.
955 5158 1258 5215 POTTER.

469 5290 578 5356 (89)
612 5287 704 5343 Ἐκ
733 5286 1000 5354 Νικητοῦ.
1039 5282 1235 5356 Prima
1282 5282 1593 5356 fragmenti
1627 5283 1876 5355 hujusce
1905 5301 2036 5341 seu-

396 5354 579 5416 tentia
611 5359 864 5414 occurrit
888 5354 1160 5428 superius
1203 5355 1260 5408 in
1311 5355 1511 5428 stram.
1574 5371 1646 5428 iv,
1700 5354 1830 5428 pag.
1888 5358 2035 5428 636:

397 5428 521 5488 Ἰὼϐ
552 5428 612 5485 δὲ
641 5431 670 5484 ὁ
719 5424 1194 5492 δίκαιος,Ἀῦτὸς,
1240 5424 1394 5500 φησί,
1420 5424 1930 5500 Δγυ-μινερςλἐξῆλθεν
1980 5426 2040 5482 ἐκ

397 5445 521 5488 ἰωδ
552 5445 612 5485 οε
641 5445 670 5484 0
719 5445 948 5492 δίκαιος,
994 5445 1194 5492 Λυτος,
1281 5445 1394 5493 ησι,
1442 5445 1665 5500 γυμνος,
1707 5445 1930 5497 agr,ch
1980 5445 2034 5482 εκ

394 5503 610 5563 κοιλίας
664 5501 872 5575 μητρός
925 5517 1050 5575 μου,
1097 5445 1302 5575 γυμνξς
1345 5496 1434 5575 καὶ
1492 5495 1860 5575 ἀπελεύσομαι
1905 5499 2034 5575 ἐκεῖς

396 5575 458 5632 οὐ
509 5568 804 5647 κτημᾷ-τζων
829 5568 1086 5647 χυζμνὸς,
1112 5568 1299 5643 ’(τοῦτο
1349 5568 1465 5647 μὲν..
1483 5568 1583 5641 γὰρ
1636 5568 1828 5647 μικρόν
1858 5591 1916 5626 1s
1946 5569 2035 5647 xui

396 5591 458 5632 Οῡ
509 5594 804 5647 κτηματων
856 5591 1086 5645 γυμνος,
1119 5591 1299 5643 κτουτο
1395 5591 1446 5623 εν
1483 5591 1583 5641 γαρ
1636 5591 1828 5645 μικρον
1858 5591 1916 5626 τε
1946 5591 2035 5626 και

393 5647 626 5720 κοινόνο)
655 5637 783 5701 ἀλλ’
812 5643 887 5706 ὡς
917 5641 1148 5712 δίκαιος,
1195 5591 1405 5716 γυμνάις
1437 5636 1616 5695 ἄπεισι
1647 5643 1838 5706 κακίας
1860 5663 1919 5698 τε
1947 5640 2036 5698 καὶ

2141 4951 2230 5005 καὶ
2261 4953 2323 5007 τὸ
2354 4950 2570 5008 παιδίον
2603 4955 2858 5029 γεννηθὲν
2909 4951 3257 5029 ἀποδύρεται,
3288 4955 3524 5029 καθάπερ
3571 4955 3634 5024 τῇ
3665 4970 3756 5020 μη·

2139 5040 2227 5116 τρὶ
2261 5037 2350 5096 διὰ
2378 5045 2474 5097 τοῦ
2504 5043 2706 5118 Θρήνου
2760 5044 2927 5117 βοῶν·
2960 5043 3028 5101 Τί
3079 5065 3145 5117 με
3173 5045 3306 5120 πρὸς
3347 5043 3564 5113 ταύτην,
3593 5041 3635 5094 ὦ
3667 5041 3760 5111 μῆ·

2149 5287 2466 5369 ᾇμτξρῖίαςλ
2487 5288 2573 5369 καὶ
2631 5295 2731 5369 106:
2775 5289 3046 5363 ἑπομένου
3100 5296 3220 5352 τοῖς
3267 5287 3466 5350 ἀδίκως
3526 5287 3758 5369 βιῴσασιν

2147 5358 2358 5446 ἐξιδδδς
2387 5358 2644 5446 εἰδώλου·
2679 5366 2834 5446 ρυεε
2885 5358 3259 5446 ἐθααιιηιυτε.
3297 5379 3413 5444 προ
3446 5358 3562 5444 me
3591 5358 3754 5446 ipsi“:

2147 5433 2459 5508 Clementis
2488 5450 2618 5508 esse
2640 5436 2934 5501 videntur,
2968 5452 3142 5508 quam
3187 5434 3425 5508 alterius
3453 5433 3755 5508 cujuspiag}

2146 5505 2438 5588 auctoris,_
2474 5507 2645 5588 cujus
2705 5496 3004 5588 nomen'ue'
3053 5507 3264 5562 Nicetis
3308 5496 3540 5588 patean
3561 5496 3755 5557 excidit

2146 5577 2302 5646 quod
2334 5575 2392 5631 in
2425 5575 2765 5648 hujusmodi
2794 5578 3069 5649 Operibus
3101 5594 3252 5649 saepe
3280 5575 3424 5632 alias
3455 5575 3534 5630 fit.
