  <div class='ocr_page' id='page_1' title='image "/cluster/home/n/w/nwhite01/storage/ocr_20150623/9/hvd.32044073501314/400.png"; bbox 0 0 3978 6200; ppageno 0'>
   <div class='ocr_carea' id='block_1_1' title="bbox 215 309 1807 366">
    <p class='ocr_par' dir='ltr' id='par_1_1' title="bbox 215 309 1807 366">
     <span class='ocr_line' id='line_1_1' title="bbox 215 309 1807 366; baseline -0.003 -1"><span class='ocrx_word' id='word_1_1' title='bbox 215 310 289 365; x_wconf 65' lang='grc'><strong>741</strong></span> <span class='ocrx_word' id='word_1_2' title='bbox 1595 309 1807 366; x_wconf 82' lang='lat' dir='ltr'><strong>FBAGl</strong></span> 
     </span>
    </p>
   </div>
   <div class='ocr_carea' id='block_1_2' title="bbox 1917 309 2071 366">
    <p class='ocr_par' dir='ltr' id='par_1_2' title="bbox 1917 309 2071 365">
     <span class='ocr_line' id='line_1_2' title="bbox 1917 309 2071 365; baseline -0.013 -2"><span class='ocrx_word' id='word_1_3' title='bbox 1917 309 2071 365; x_wconf 65' lang='lat' dir='ltr'><strong>NTA.</strong></span> 
     </span>
    </p>
   </div>
   <div class='ocr_carea' id='block_1_3' title="bbox 215 431 1807 510">
    <p class='ocr_par' dir='ltr' id='par_1_3' title="bbox 215 431 1780 510">
     <span class='ocr_line' id='line_1_3' title="bbox 215 431 1780 510; baseline -0.008 -20"><span class='ocrx_word' id='word_1_4' title='bbox 215 457 300 510; x_wconf 82' lang='grc' dir='ltr'>τερ,</span> <span class='ocrx_word' id='word_1_5' title='bbox 321 435 396 502; x_wconf 70' lang='grc' dir='ltr'>τήν</span> <span class='ocrx_word' id='word_1_6' title='bbox 418 452 426 460; x_wconf 81' lang='lat'><strong>‘</strong></span> <span class='ocrx_word' id='word_1_7' title='bbox 447 433 585 502; x_wconf 78' lang='grc' dir='ltr'>ζωὴν</span> <span class='ocrx_word' id='word_1_8' title='bbox 631 432 961 502; x_wconf 69' lang='grc' dir='ltr'>ἀπεκόησας,</span> <span class='ocrx_word' id='word_1_9' title='bbox 1008 431 1058 486; x_wconf 86' lang='grc' dir='ltr'><strong>ἐν</strong></span> <span class='ocrx_word' id='word_1_10' title='bbox 1085 433 1120 507; x_wconf 72' lang='grc' dir='ltr'>ᾗ</span> <span class='ocrx_word' id='word_1_11' title='bbox 1166 437 1262 488; x_wconf 81' lang='grc' dir='ltr'><strong>τοῦ</strong></span> <span class='ocrx_word' id='word_1_12' title='bbox 1295 436 1391 506; x_wconf 75' lang='grc' dir='ltr'><strong>ζῇν</strong></span> <span class='ocrx_word' id='word_1_13' title='bbox 1424 435 1458 502; x_wconf 73' lang='grc' dir='ltr'>ὴ</span> <span class='ocrx_word' id='word_1_14' title='bbox 1489 435 1780 506; x_wconf 73' lang='grc' dir='ltr'><strong>προσθήκη</strong></span> 
     </span>
    </p>
   </div>
   <div class='ocr_carea' id='block_1_4' title="bbox 1917 431 3012 510">
    <p class='ocr_par' dir='ltr' id='par_1_4' title="bbox 1917 438 3012 508">
     <span class='ocr_line' id='line_1_4' title="bbox 1917 438 3012 508; baseline 0.007 -19"><span class='ocrx_word' id='word_1_15' title='bbox 1917 452 2065 490; x_wconf 84' lang='lat' dir='ltr'><strong>nora</strong></span> <span class='ocrx_word' id='word_1_16' title='bbox 2093 442 2458 491; x_wconf 89' lang='lat' dir='ltr'><strong>mortuorum</strong></span> <span class='ocrx_word' id='word_1_17' title='bbox 2497 438 2705 508; x_wconf 81' lang='lat' dir='ltr'><strong>pannis</strong></span> <span class='ocrx_word' id='word_1_18' title='bbox 2739 441 3012 496; x_wconf 77' lang='lat' dir='ltr'><strong>amicitur</strong></span> 
     </span>
    </p>
   </div>
   <div class='ocr_carea' id='block_1_5' title="bbox 216 521 1785 598">
    <p class='ocr_par' dir='ltr' id='par_1_5' title="bbox 216 521 1785 598">
     <span class='ocr_line' id='line_1_5' title="bbox 216 521 1785 598; baseline -0.003 -20"><span class='ocrx_word' id='word_1_19' title='bbox 216 524 404 598; x_wconf 72' lang='grc' dir='ltr'>προκοπὴ</span> <span class='ocrx_word' id='word_1_20' title='bbox 434 523 561 595; x_wconf 79' lang='grc' dir='ltr'>πρὸς</span> <span class='ocrx_word' id='word_1_21' title='bbox 589 522 677 576; x_wconf 86' lang='grc' dir='ltr'>τὸν</span> <span class='ocrx_word' id='word_1_22' title='bbox 711 523 934 576; x_wconf 74' lang='grc' dir='ltr'>θάνατον</span> <span class='ocrx_word' id='word_1_23' title='bbox 961 544 975 591; x_wconf 92' lang='lat'><strong>;</strong></span> <span class='ocrx_word' id='word_1_24' title='bbox 1008 522 1072 578; x_wconf 83' lang='grc' dir='ltr'><strong>Τί</strong></span> <span class='ocrx_word' id='word_1_25' title='bbox 1106 543 1172 595; x_wconf 88' lang='grc' dir='ltr'><strong>με</strong></span> <span class='ocrx_word' id='word_1_26' title='bbox 1210 523 1344 597; x_wconf 82' lang='grc' dir='ltr'>πρὸς</span> <span class='ocrx_word' id='word_1_27' title='bbox 1396 521 1785 596; x_wconf 83' lang='grc' dir='ltr'>πολυτάραχον</span> 
     </span>
    </p>
   </div>
   <div class='ocr_carea' id='block_1_6' title="bbox 213 611 1794 686">
    <p class='ocr_par' dir='ltr' id='par_1_6' title="bbox 213 611 1794 686">
     <span class='ocr_line' id='line_1_6' title="bbox 213 611 1794 686; baseline -0.001 -20"><span class='ocrx_word' id='word_1_28' title='bbox 213 614 338 666; x_wconf 68' lang='grc' dir='ltr'>αἰῶνα</span> <span class='ocrx_word' id='word_1_29' title='bbox 361 615 673 686; x_wconf 74' lang='grc' dir='ltr'>παρήγαγες,</span> <span class='ocrx_word' id='word_1_30' title='bbox 704 611 756 665; x_wconf 83' lang='grc' dir='ltr'><strong>ἐν</strong></span> <span class='ocrx_word' id='word_1_31' title='bbox 806 611 851 682; x_wconf 83' lang='grc' dir='ltr'>ᾧ</span> <span class='ocrx_word' id='word_1_32' title='bbox 899 612 1145 686; x_wconf 69' lang='grc' dir='ltr'>τεχθέντι</span> <span class='ocrx_word' id='word_1_33' title='bbox 1203 632 1294 683; x_wconf 84' lang='grc' dir='ltr'><strong>μοι</strong></span> <span class='ocrx_word' id='word_1_34' title='bbox 1328 612 1397 665; x_wconf 71' lang='grc' dir='ltr'>τὰ</span> <span class='ocrx_word' id='word_1_35' title='bbox 1422 611 1694 684; x_wconf 84' lang='grc' dir='ltr'>προοίμια</span> <span class='ocrx_word' id='word_1_36' title='bbox 1725 611 1794 664; x_wconf 74' lang='grc' dir='ltr'>τὰ</span> 
     </span>
    </p>
   </div>
   <div class='ocr_carea' id='block_1_7' title="bbox 208 697 1793 776">
    <p class='ocr_par' dir='ltr' id='par_1_7' title="bbox 208 697 1793 776">
     <span class='ocr_line' id='line_1_7' title="bbox 208 697 1793 776; baseline -0.003 -20"><span class='ocrx_word' id='word_1_37' title='bbox 208 703 431 776; x_wconf 45' lang='lat' dir='ltr'><strong>acip-{na</strong></span> <span class='ocrx_word' id='word_1_38' title='bbox 460 721 473 770; x_wconf 90' lang='lat'><strong>;</strong></span> <span class='ocrx_word' id='word_1_39' title='bbox 504 703 568 757; x_wconf 88' lang='grc' dir='ltr'><strong>Τί</strong></span> <span class='ocrx_word' id='word_1_40' title='bbox 604 722 669 773; x_wconf 86' lang='grc' dir='ltr'><strong>με</strong></span> <span class='ocrx_word' id='word_1_41' title='bbox 693 700 928 772; x_wconf 77' lang='grc' dir='ltr'><strong>τοιούτῳ</strong></span> <span class='ocrx_word' id='word_1_42' title='bbox 957 697 1343 773; x_wconf 69' lang='grc' dir='ltr'>παραδέδωκας</span> <span class='ocrx_word' id='word_1_43' title='bbox 1382 701 1508 775; x_wconf 82' lang='grc' dir='ltr'>βίῳ,</span> <span class='ocrx_word' id='word_1_44' title='bbox 1538 699 1590 754; x_wconf 87' lang='grc' dir='ltr'>ἐν</span> <span class='ocrx_word' id='word_1_45' title='bbox 1625 700 1670 771; x_wconf 78' lang='grc' dir='ltr'><strong>ᾧ</strong></span> <span class='ocrx_word' id='word_1_46' title='bbox 1703 717 1793 769; x_wconf 72' lang='grc' dir='ltr'><strong>καὶ</strong></span> 
     </span>
    </p>
   </div>
   <div class='ocr_carea' id='block_1_8' title="bbox 206 787 1792 865">
    <p class='ocr_par' dir='ltr' id='par_1_8' title="bbox 206 787 1792 865">
     <span class='ocr_line' id='line_1_8' title="bbox 206 787 1792 865; baseline -0.003 -19"><span class='ocrx_word' id='word_1_47' title='bbox 206 793 353 859; x_wconf 74' lang='grc' dir='ltr'>νεότης</span> <span class='ocrx_word' id='word_1_48' title='bbox 405 787 603 858; x_wconf 81' lang='grc' dir='ltr'>ἐλεεινή</span> <span class='ocrx_word' id='word_1_49' title='bbox 653 793 967 865; x_wconf 80' lang='grc' dir='ltr'>τρυχομένη</span> <span class='ocrx_word' id='word_1_50' title='bbox 1022 791 1128 864; x_wconf 86' lang='grc' dir='ltr'>πρὸ</span> <span class='ocrx_word' id='word_1_51' title='bbox 1183 792 1413 865; x_wconf 72' lang='grc' dir='ltr'>γήρως,</span> <span class='ocrx_word' id='word_1_52' title='bbox 1469 790 1558 844; x_wconf 84' lang='grc' dir='ltr'><strong>καὶ</strong></span> <span class='ocrx_word' id='word_1_53' title='bbox 1617 797 1792 864; x_wconf 81' lang='grc' dir='ltr'>γῆρας</span> 
     </span>
    </p>
   </div>
   <div class='ocr_carea' id='block_1_9' title="bbox 207 877 1794 960">
    <p class='ocr_par' dir='ltr' id='par_1_9' title="bbox 207 877 1794 960">
     <span class='ocr_line' id='line_1_9' title="bbox 207 877 1794 960; baseline -0.002 -25"><span class='ocrx_word' id='word_1_54' title='bbox 207 881 406 960; x_wconf 60' lang='grc' dir='ltr'>ρευκτὸν,</span> <span class='ocrx_word' id='word_1_55' title='bbox 435 880 504 943; x_wconf 86' lang='grc' dir='ltr'>ὡς</span> <span class='ocrx_word' id='word_1_56' title='bbox 542 878 880 944; x_wconf 73' lang='grc' dir='ltr'>ἓπιθανάτιον</span> <span class='ocrx_word' id='word_1_57' title='bbox 919 898 932 947; x_wconf 89' lang='grc'><strong>;</strong></span> <span class='ocrx_word' id='word_1_58' title='bbox 975 879 1181 948; x_wconf 87' lang='grc' dir='ltr'>Δεινὸν,</span> <span class='ocrx_word' id='word_1_59' title='bbox 1209 877 1254 932; x_wconf 83' lang='grc' dir='ltr'><strong>ὦ</strong></span> <span class='ocrx_word' id='word_1_60' title='bbox 1306 887 1500 954; x_wconf 80' lang='grc' dir='ltr'>μῆτερ,</span> <span class='ocrx_word' id='word_1_61' title='bbox 1530 884 1627 934; x_wconf 76' lang='grc' dir='ltr'><strong>τοῦ</strong></span> <span class='ocrx_word' id='word_1_62' title='bbox 1671 880 1794 954; x_wconf 84' lang='grc' dir='ltr'>βίου</span> 
     </span>
    </p>
   </div>
   <div class='ocr_carea' id='block_1_10' title="bbox 203 963 1792 1044">
    <p class='ocr_par' dir='ltr' id='par_1_10' title="bbox 203 963 1792 1044">
     <span class='ocr_line' id='line_1_10' title="bbox 203 963 1792 1044; baseline -0.002 -19"><span class='ocrx_word' id='word_1_63' title='bbox 203 973 249 1025; x_wconf 82' lang='grc' dir='ltr'>τὸ</span> <span class='ocrx_word' id='word_1_64' title='bbox 271 968 478 1038; x_wconf 73' lang='grc' dir='ltr'>στάδιον,</span> <span class='ocrx_word' id='word_1_65' title='bbox 511 968 732 1033; x_wconf 76' lang='grc' dir='ltr'>θάνατον</span> <span class='ocrx_word' id='word_1_66' title='bbox 781 963 911 1044; x_wconf 79' lang='grc' dir='ltr'>ἔχον</span> <span class='ocrx_word' id='word_1_67' title='bbox 959 973 1067 1022; x_wconf 81' lang='grc' dir='ltr'><strong>τῶν</strong></span> <span class='ocrx_word' id='word_1_68' title='bbox 1119 968 1426 1043; x_wconf 77' lang='grc' dir='ltr'>τρεχόντων</span> <span class='ocrx_word' id='word_1_69' title='bbox 1474 975 1792 1042; x_wconf 79' lang='grc' dir='ltr'>καμπτῆρα.</span> 
     </span>
    </p>
   </div>
   <div class='ocr_carea' id='block_1_11' title="bbox 204 1054 1792 1134">
    <p class='ocr_par' dir='ltr' id='par_1_11' title="bbox 204 1054 1792 1134">
     <span class='ocr_line' id='line_1_11' title="bbox 204 1054 1792 1134; baseline -0.002 -21"><span class='ocrx_word' id='word_1_70' title='bbox 204 1060 364 1134; x_wconf 69' lang='lat' dir='ltr'><strong>[Imp-iv</strong></span> <span class='ocrx_word' id='word_1_71' title='bbox 431 1059 526 1126; x_wconf 76' lang='grc' dir='ltr'>τήν</span> <span class='ocrx_word' id='word_1_72' title='bbox 602 1058 868 1133; x_wconf 74' lang='grc' dir='ltr'>βιωτικήν</span> <span class='ocrx_word' id='word_1_73' title='bbox 930 1054 1328 1132; x_wconf 77' lang='grc' dir='ltr'><strong>ὁδοιποροῦμεν</strong></span> <span class='ocrx_word' id='word_1_74' title='bbox 1390 1055 1514 1111; x_wconf 84' lang='grc' dir='ltr'>ὁδὸν</span> <span class='ocrx_word' id='word_1_75' title='bbox 1554 1101 1568 1126; x_wconf 95' lang='grc'><strong>,</strong></span> <span class='ocrx_word' id='word_1_76' title='bbox 1627 1059 1792 1133; x_wconf 53' lang='grc' dir='ltr'>τάφον</span> 
     </span>
    </p>
   </div>
   <div class='ocr_carea' id='block_1_12' title="bbox 201 1143 1795 1224">
    <p class='ocr_par' dir='ltr' id='par_1_12' title="bbox 201 1143 1795 1224">
     <span class='ocr_line' id='line_1_12' title="bbox 201 1143 1795 1224; baseline 0.004 -22"><span class='ocrx_word' id='word_1_77' title='bbox 201 1148 386 1224; x_wconf 69' lang='grc' dir='ltr'>ἔχουσαν</span> <span class='ocrx_word' id='word_1_78' title='bbox 435 1153 540 1202; x_wconf 83' lang='grc' dir='ltr'><strong>τῶν</strong></span> <span class='ocrx_word' id='word_1_79' title='bbox 599 1143 898 1202; x_wconf 71' lang='grc' dir='ltr'>ὀδευὸιτων</span> <span class='ocrx_word' id='word_1_80' title='bbox 934 1146 1242 1219; x_wconf 74' lang='grc' dir='ltr'>κατάλυμα’</span> <span class='ocrx_word' id='word_1_81' title='bbox 1294 1145 1540 1222; x_wconf 79' lang='grc' dir='ltr'>χαλεπὸν</span> <span class='ocrx_word' id='word_1_82' title='bbox 1587 1146 1650 1200; x_wconf 79' lang='grc' dir='ltr'>τὸ</span> <span class='ocrx_word' id='word_1_83' title='bbox 1697 1153 1795 1215; x_wconf 81' lang='grc' dir='ltr'><strong>τῆς</strong></span> 
     </span>
    </p>
   </div>
   <div class='ocr_carea' id='block_1_13' title="bbox 3429 319 3538 374">
    <p class='ocr_par' dir='ltr' id='par_1_13' title="bbox 3429 319 3538 374">
     <span class='ocr_line' id='line_1_13' title="bbox 3429 319 3538 374; baseline 0.018 -2"><span class='ocrx_word' id='word_1_84' title='bbox 3429 319 3538 374; x_wconf 81' lang='grc'><strong>742</strong></span> 
     </span>
    </p>
   </div>
   <div class='ocr_carea' id='block_1_14' title="bbox 3057 447 3538 504">
    <p class='ocr_par' dir='ltr' id='par_1_14' title="bbox 3057 447 3538 504">
     <span class='ocr_line' id='line_1_14' title="bbox 3057 447 3538 504; baseline 0.015 -7"><span class='ocrx_word' id='word_1_85' title='bbox 3057 459 3068 497; x_wconf 87' lang='grc'>;</span> <span class='ocrx_word' id='word_1_86' title='bbox 3122 451 3333 500; x_wconf 85' lang='lat' dir='ltr'><strong>natura</strong></span> <span class='ocrx_word' id='word_1_87' title='bbox 3381 447 3538 504; x_wconf 90' lang='lat' dir='ltr'><strong>enim</strong></span> 
     </span>
    </p>
   </div>
   <div class='ocr_carea' id='block_1_15' title="bbox 1899 525 3546 608">
    <p class='ocr_par' dir='ltr' id='par_1_15' title="bbox 1899 525 3546 608">
     <span class='ocr_line' id='line_1_15' title="bbox 1899 525 3546 608; baseline 0.008 -30"><span class='ocrx_word' id='word_1_88' title='bbox 1899 525 2033 578; x_wconf 82' lang='lat' dir='ltr'><strong>linis</strong></span> <span class='ocrx_word' id='word_1_89' title='bbox 2060 528 2396 581; x_wconf 81' lang='lat' dir='ltr'><strong>memoriam</strong></span> <span class='ocrx_word' id='word_1_90' title='bbox 2425 533 2649 582; x_wconf 87' lang='lat' dir='ltr'><strong>revocat</strong></span> <span class='ocrx_word' id='word_1_91' title='bbox 2671 528 2744 583; x_wconf 88' lang='lat' dir='ltr'><strong>iis</strong></span> <span class='ocrx_word' id='word_1_92' title='bbox 2767 532 2865 600; x_wconf 85' lang='lat' dir='ltr'><strong>qui</strong></span> <span class='ocrx_word' id='word_1_93' title='bbox 2897 539 3374 591; x_wconf 86' lang='lat' dir='ltr'><strong>nascuntur.Huc</strong></span> <span class='ocrx_word' id='word_1_94' title='bbox 3407 552 3546 608; x_wconf 87' lang='lat' dir='ltr'><strong>pcr-</strong></span> 
     </span>
    </p>
   </div>
   <div class='ocr_carea' id='block_1_16' title="bbox 1900 613 3543 696">
    <p class='ocr_par' dir='ltr' id='par_1_16' title="bbox 1900 613 3543 696">
     <span class='ocr_line' id='line_1_16' title="bbox 1900 613 3543 696; baseline 0.009 -30"><span class='ocrx_word' id='word_1_95' title='bbox 1900 614 2042 667; x_wconf 80' lang='lat' dir='ltr'><strong>tinet</strong></span> <span class='ocrx_word' id='word_1_96' title='bbox 2072 615 2210 668; x_wconf 80' lang='lat' dir='ltr'><strong>editi</strong></span> <span class='ocrx_word' id='word_1_97' title='bbox 2243 613 2486 670; x_wconf 75' lang='lat' dir='ltr'><strong>infantis</strong></span> <span class='ocrx_word' id='word_1_98' title='bbox 2518 616 2987 685; x_wconf 85' lang='lat' dir='ltr'><strong>ejulatus,ﬂebili</strong></span> <span class='ocrx_word' id='word_1_99' title='bbox 3020 625 3189 691; x_wconf 90' lang='lat' dir='ltr'><strong>quasi</strong></span> <span class='ocrx_word' id='word_1_100' title='bbox 3222 627 3543 696; x_wconf 82' lang='lat' dir='ltr'><strong>vocc.apud</strong></span> 
     </span>
    </p>
   </div>
   <div class='ocr_carea' id='block_1_17' title="bbox 1903 703 3542 782">
    <p class='ocr_par' dir='ltr' id='par_1_17' title="bbox 1903 703 3542 782">
     <span class='ocr_line' id='line_1_17' title="bbox 1903 703 3542 782; baseline 0.009 -28"><span class='ocrx_word' id='word_1_101' title='bbox 1903 707 2146 756; x_wconf 89' lang='lat' dir='ltr'><strong>matrem</strong></span> <span class='ocrx_word' id='word_1_102' title='bbox 2180 703 2556 759; x_wconf 86' lang='lat' dir='ltr'><strong>lamentantis</strong></span> <span class='ocrx_word' id='word_1_103' title='bbox 2580 708 2725 761; x_wconf 86' lang='lat' dir='ltr'><strong>:Cur</strong></span> <span class='ocrx_word' id='word_1_104' title='bbox 2748 723 2840 762; x_wconf 91' lang='lat' dir='ltr'><strong>me</strong></span> <span class='ocrx_word' id='word_1_105' title='bbox 2864 709 2917 762; x_wconf 92' lang='lat' dir='ltr'><strong>in</strong></span> <span class='ocrx_word' id='word_1_106' title='bbox 2942 711 3091 764; x_wconf 85' lang='lat' dir='ltr'><strong>hanc</strong></span> <span class='ocrx_word' id='word_1_107' title='bbox 3114 713 3320 778; x_wconf 88' lang='lat' dir='ltr'><strong>vitam,</strong></span> <span class='ocrx_word' id='word_1_108' title='bbox 3342 723 3542 782; x_wconf 82' lang='lat' dir='ltr'><strong>mater,</strong></span> 
     </span>
    </p>
   </div>
   <div class='ocr_carea' id='block_1_18' title="bbox 1902 792 3548 867">
    <p class='ocr_par' dir='ltr' id='par_1_18' title="bbox 1902 792 3548 867">
     <span class='ocr_line' id='line_1_18' title="bbox 1902 792 3548 867; baseline 0.01 -24"><span class='ocrx_word' id='word_1_109' title='bbox 1902 792 2074 845; x_wconf 81' lang='lat' dir='ltr'><strong>enixa</strong></span> <span class='ocrx_word' id='word_1_110' title='bbox 2102 807 2184 860; x_wconf 89' lang='lat' dir='ltr'><strong>es,</strong></span> <span class='ocrx_word' id='word_1_111' title='bbox 2218 792 2276 846; x_wconf 87' lang='lat' dir='ltr'><strong>in</strong></span> <span class='ocrx_word' id='word_1_112' title='bbox 2310 810 2427 863; x_wconf 87' lang='lat' dir='ltr'><strong>qua</strong></span> <span class='ocrx_word' id='word_1_113' title='bbox 2474 806 2595 848; x_wconf 66' lang='lat' dir='ltr'><strong>vute</strong></span> <span class='ocrx_word' id='word_1_114' title='bbox 2648 799 2978 867; x_wconf 72' lang='lat' dir='ltr'><strong>prorogatio</strong></span> <span class='ocrx_word' id='word_1_115' title='bbox 3031 800 3100 854; x_wconf 88' lang='lat' dir='ltr'><strong>ad</strong></span> <span class='ocrx_word' id='word_1_116' title='bbox 3155 810 3401 857; x_wconf 89' lang='lat' dir='ltr'><strong>mortem</strong></span> <span class='ocrx_word' id='word_1_117' title='bbox 3458 809 3548 859; x_wconf 87' lang='lat' dir='ltr'><strong>est</strong></span> 
     </span>
    </p>
   </div>
   <div class='ocr_carea' id='block_1_19' title="bbox 1904 879 3546 950">
    <p class='ocr_par' dir='ltr' id='par_1_19' title="bbox 1904 879 3546 950">
     <span class='ocr_line' id='line_1_19' title="bbox 1904 879 3546 950; baseline 0.01 -19"><span class='ocrx_word' id='word_1_118' title='bbox 1904 879 2276 950; x_wconf 75' lang='lat' dir='ltr'><strong>progressio?</strong></span> <span class='ocrx_word' id='word_1_119' title='bbox 2301 885 2418 936; x_wconf 91' lang='lat' dir='ltr'><strong>Cur</strong></span> <span class='ocrx_word' id='word_1_120' title='bbox 2451 899 2542 936; x_wconf 88' lang='lat' dir='ltr'><strong>me</strong></span> <span class='ocrx_word' id='word_1_121' title='bbox 2573 900 2630 936; x_wconf 81' lang='lat' dir='ltr'><strong>in</strong></span> <span class='ocrx_word' id='word_1_122' title='bbox 2665 886 2980 941; x_wconf 89' lang='lat' dir='ltr'><strong>multarum</strong></span> <span class='ocrx_word' id='word_1_123' title='bbox 3011 889 3317 945; x_wconf 89' lang='lat' dir='ltr'><strong>turbarum</strong></span> <span class='ocrx_word' id='word_1_124' title='bbox 3359 907 3546 947; x_wconf 68' lang='lat' dir='ltr'><strong>seacu-</strong></span> 
     </span>
    </p>
   </div>
   <div class='ocr_carea' id='block_1_20' title="bbox 1904 969 3550 1042">
    <p class='ocr_par' dir='ltr' id='par_1_20' title="bbox 1904 969 3550 1042">
     <span class='ocr_line' id='line_1_20' title="bbox 1904 969 3550 1042; baseline 0.01 -21"><span class='ocrx_word' id='word_1_125' title='bbox 1904 971 2027 1022; x_wconf 89' lang='lat' dir='ltr'><strong>lum</strong></span> <span class='ocrx_word' id='word_1_126' title='bbox 2085 969 2480 1038; x_wconf 85' lang='lat' dir='ltr'><strong>introduxisti,</strong></span> <span class='ocrx_word' id='word_1_127' title='bbox 2514 973 2573 1027; x_wconf 91' lang='lat' dir='ltr'><strong>in</strong></span> <span class='ocrx_word' id='word_1_128' title='bbox 2624 990 2740 1042; x_wconf 91' lang='lat' dir='ltr'><strong>quo</strong></span> <span class='ocrx_word' id='word_1_129' title='bbox 2797 975 2938 1029; x_wconf 90' lang='lat' dir='ltr'><strong>mihi</strong></span> <span class='ocrx_word' id='word_1_130' title='bbox 2993 985 3127 1032; x_wconf 91' lang='lat' dir='ltr'><strong>nato</strong></span> <span class='ocrx_word' id='word_1_131' title='bbox 3179 981 3368 1035; x_wconf 66' lang='lat' dir='ltr'><strong>fascia</strong></span> <span class='ocrx_word' id='word_1_132' title='bbox 3409 985 3550 1036; x_wconf 86' lang='lat' dir='ltr'><strong>sunt</strong></span> 
     </span>
    </p>
   </div>
   <div class='ocr_carea' id='block_1_21' title="bbox 1903 1058 3551 1138">
    <p class='ocr_par' dir='ltr' id='par_1_21' title="bbox 1903 1058 3551 1138">
     <span class='ocr_line' id='line_1_21' title="bbox 1903 1058 3551 1138; baseline 0.008 -27"><span class='ocrx_word' id='word_1_133' title='bbox 1903 1059 2182 1113; x_wconf 73' lang='lat' dir='ltr'><strong>exordia?</strong></span> <span class='ocrx_word' id='word_1_134' title='bbox 2213 1058 2327 1113; x_wconf 90' lang='lat' dir='ltr'><strong>Cur</strong></span> <span class='ocrx_word' id='word_1_135' title='bbox 2361 1061 2699 1129; x_wconf 82' lang='lat' dir='ltr'><strong>bujusruodi</strong></span> <span class='ocrx_word' id='word_1_136' title='bbox 2732 1078 2822 1116; x_wconf 89' lang='lat' dir='ltr'><strong>me</strong></span> <span class='ocrx_word' id='word_1_137' title='bbox 2855 1064 2986 1118; x_wconf 74' lang='lat' dir='ltr'><strong>vitae</strong></span> <span class='ocrx_word' id='word_1_138' title='bbox 3016 1067 3310 1132; x_wconf 81' lang='lat' dir='ltr'><strong>addixisti,</strong></span> <span class='ocrx_word' id='word_1_139' title='bbox 3343 1067 3402 1122; x_wconf 87' lang='lat' dir='ltr'><strong>in</strong></span> <span class='ocrx_word' id='word_1_140' title='bbox 3434 1086 3551 1138; x_wconf 92' lang='lat' dir='ltr'><strong>qua</strong></span> 
     </span>
    </p>
   </div>
   <div class='ocr_carea' id='block_1_22' title="bbox 1904 1149 3553 1216">
    <p class='ocr_par' dir='ltr' id='par_1_22' title="bbox 1904 1149 3553 1216">
     <span class='ocr_line' id='line_1_22' title="bbox 1904 1149 3553 1216; baseline 0.008 -16"><span class='ocrx_word' id='word_1_141' title='bbox 1904 1154 1961 1201; x_wconf 91' lang='lat' dir='ltr'><strong>et</strong></span> <span class='ocrx_word' id='word_1_142' title='bbox 1983 1149 2264 1216; x_wconf 82' lang='lat' dir='ltr'><strong>juventus</strong></span> <span class='ocrx_word' id='word_1_143' title='bbox 2296 1149 2652 1215; x_wconf 89' lang='lat' dir='ltr'><strong>miseranda,</strong></span> <span class='ocrx_word' id='word_1_144' title='bbox 2684 1158 2818 1206; x_wconf 89' lang='lat' dir='ltr'><strong>ante</strong></span> <span class='ocrx_word' id='word_1_145' title='bbox 2848 1154 3078 1208; x_wconf 85' lang='lat' dir='ltr'><strong>senium</strong></span> <span class='ocrx_word' id='word_1_146' title='bbox 3130 1155 3298 1212; x_wconf 89' lang='lat' dir='ltr'><strong>malis</strong></span> <span class='ocrx_word' id='word_1_147' title='bbox 3351 1159 3553 1214; x_wconf 88' lang='lat' dir='ltr'><strong>attrita</strong></span> 
     </span>
    </p>
   </div>
   <div class='ocr_carea' id='block_1_23' title="bbox 1907 1237 3550 1315">
    <p class='ocr_par' dir='ltr' id='par_1_23' title="bbox 1907 1237 3550 1315">
     <span class='ocr_line' id='line_1_23' title="bbox 1907 1237 3550 1315; baseline 0.008 -25"><span class='ocrx_word' id='word_1_148' title='bbox 1907 1241 1964 1290; x_wconf 88' lang='lat' dir='ltr'><strong>et</strong></span> <span class='ocrx_word' id='word_1_149' title='bbox 1994 1238 2274 1303; x_wconf 68' lang='lat' dir='ltr'><strong>contecta,</strong></span> <span class='ocrx_word' id='word_1_150' title='bbox 2307 1242 2362 1290; x_wconf 87' lang='lat' dir='ltr'><strong>et</strong></span> <span class='ocrx_word' id='word_1_151' title='bbox 2395 1244 2688 1302; x_wconf 86' lang='lat' dir='ltr'><strong>senectus,</strong></span> <span class='ocrx_word' id='word_1_152' title='bbox 2711 1247 2774 1293; x_wconf 94' lang='lat' dir='ltr'><strong>ut</strong></span> <span class='ocrx_word' id='word_1_153' title='bbox 2804 1241 3067 1310; x_wconf 81' lang='lat' dir='ltr'><strong>exitiosa,</strong></span> <span class='ocrx_word' id='word_1_154' title='bbox 3088 1237 3397 1315; x_wconf 73' lang='lat' dir='ltr'><strong>fugienda?</strong></span> <span class='ocrx_word' id='word_1_155' title='bbox 3416 1251 3550 1302; x_wconf 72' lang='lat' dir='ltr'><strong>For-</strong></span> 
     </span>
    </p>
   </div>
   <div class='ocr_carea' id='block_1_24' title="bbox 1910 1325 3547 1402">
    <p class='ocr_par' dir='ltr' id='par_1_24' title="bbox 1910 1325 3547 1402">
     <span class='ocr_line' id='line_1_24' title="bbox 1910 1325 3547 1402; baseline 0.009 -25"><span class='ocrx_word' id='word_1_156' title='bbox 1910 1325 2207 1391; x_wconf 86' lang='lat' dir='ltr'><strong>midabile,</strong></span> <span class='ocrx_word' id='word_1_157' title='bbox 2243 1343 2274 1379; x_wconf 93' lang='lat' dir='ltr'><strong>o</strong></span> <span class='ocrx_word' id='word_1_158' title='bbox 2300 1333 2504 1395; x_wconf 82' lang='lat' dir='ltr'><strong>mater,</strong></span> <span class='ocrx_word' id='word_1_159' title='bbox 2535 1333 2592 1382; x_wconf 90' lang='lat' dir='ltr'><strong>et</strong></span> <span class='ocrx_word' id='word_1_160' title='bbox 2613 1345 2786 1398; x_wconf 88' lang='lat' dir='ltr'><strong>grave</strong></span> <span class='ocrx_word' id='word_1_161' title='bbox 2805 1337 2893 1384; x_wconf 90' lang='lat' dir='ltr'><strong>est</strong></span> <span class='ocrx_word' id='word_1_162' title='bbox 2913 1331 3090 1400; x_wconf 77' lang='lat' dir='ltr'><strong>hujus</strong></span> <span class='ocrx_word' id='word_1_163' title='bbox 3112 1334 3245 1389; x_wconf 65' lang='lat' dir='ltr'><strong>vitae</strong></span> <span class='ocrx_word' id='word_1_164' title='bbox 3267 1336 3547 1402; x_wconf 79' lang='lat' dir='ltr'><strong>stadium,</strong></span> 
     </span>
    </p>
   </div>
   <div class='ocr_carea' id='block_1_25' title="bbox 1909 1415 3550 1483">
    <p class='ocr_par' dir='ltr' id='par_1_25' title="bbox 1909 1415 3550 1483">
     <span class='ocr_line' id='line_1_25' title="bbox 1909 1415 3550 1483; baseline 0.007 -15"><span class='ocrx_word' id='word_1_165' title='bbox 1909 1415 2079 1483; x_wconf 84' lang='lat' dir='ltr'><strong>cujus</strong></span> <span class='ocrx_word' id='word_1_166' title='bbox 2114 1423 2267 1469; x_wconf 87' lang='lat' dir='ltr'><strong>meta</strong></span> <span class='ocrx_word' id='word_1_167' title='bbox 2293 1421 2383 1467; x_wconf 91' lang='lat' dir='ltr'><strong>est</strong></span> <span class='ocrx_word' id='word_1_168' title='bbox 2412 1418 2775 1470; x_wconf 88' lang='lat' dir='ltr'><strong>currentium</strong></span> <span class='ocrx_word' id='word_1_169' title='bbox 2810 1419 3098 1474; x_wconf 90' lang='lat' dir='ltr'><strong>interitus.</strong></span> <span class='ocrx_word' id='word_1_170' title='bbox 3131 1421 3550 1479; x_wconf 89' lang='lat' dir='ltr'><strong>Calamitosam</strong></span> 
     </span>
    </p>
   </div>
   <div class='ocr_carea' id='block_1_26' title="bbox 1910 1503 3553 1582">
    <p class='ocr_par' dir='ltr' id='par_1_26' title="bbox 1910 1503 3553 1582">
     <span class='ocr_line' id='line_1_26' title="bbox 1910 1503 3553 1582; baseline 0.008 -27"><span class='ocrx_word' id='word_1_171' title='bbox 1910 1505 2036 1556; x_wconf 67' lang='lat' dir='ltr'><strong>vita:</strong></span> <span class='ocrx_word' id='word_1_172' title='bbox 2071 1503 2222 1557; x_wconf 91' lang='lat' dir='ltr'><strong>viam</strong></span> <span class='ocrx_word' id='word_1_173' title='bbox 2257 1503 2652 1573; x_wconf 85' lang='lat' dir='ltr'><strong>ambulamus,</strong></span> <span class='ocrx_word' id='word_1_174' title='bbox 2686 1522 2816 1575; x_wconf 68' lang='lat' dir='ltr'><strong>quas</strong></span> <span class='ocrx_word' id='word_1_175' title='bbox 2848 1509 3210 1575; x_wconf 80' lang='lat' dir='ltr'><strong>sepulturam</strong></span> <span class='ocrx_word' id='word_1_176' title='bbox 3245 1511 3421 1567; x_wconf 82' lang='lat' dir='ltr'><strong>habet</strong></span> <span class='ocrx_word' id='word_1_177' title='bbox 3453 1527 3553 1582; x_wconf 91' lang='lat' dir='ltr'><strong>pro</strong></span> 
     </span>
    </p>
   </div>
   <div class='ocr_carea' id='block_1_27' title="bbox 199 1592 1807 1670">
    <p class='ocr_par' dir='ltr' id='par_1_27' title="bbox 199 1592 1799 1670">
     <span class='ocr_line' id='line_1_27' title="bbox 199 1592 1799 1670; baseline -0.001 -21"><span class='ocrx_word' id='word_1_178' title='bbox 199 1596 452 1670; x_wconf 68' lang='grc' dir='ltr'>γῦμνωσις,</span> <span class='ocrx_word' id='word_1_179' title='bbox 499 1594 590 1649; x_wconf 81' lang='grc' dir='ltr'><strong>καὶ</strong></span> <span class='ocrx_word' id='word_1_180' title='bbox 640 1594 704 1649; x_wconf 86' lang='grc' dir='ltr'>τὸ</span> <span class='ocrx_word' id='word_1_181' title='bbox 759 1592 928 1666; x_wconf 68' lang='grc' dir='ltr'>μηδὲν</span> <span class='ocrx_word' id='word_1_182' title='bbox 979 1595 1389 1668; x_wconf 77' lang='grc' dir='ltr'>συνεπάγεσθαι,</span> <span class='ocrx_word' id='word_1_183' title='bbox 1431 1593 1799 1667; x_wconf 71' lang='grc' dir='ltr'>κατασκευάζῃ</span> 
     </span>
    </p>
   </div>
   <div class='ocr_carea' id='block_1_28' title="bbox 1917 1592 3555 1670">
    <p class='ocr_par' dir='ltr' id='par_1_28' title="bbox 1917 1592 3555 1670">
     <span class='ocr_line' id='line_1_28' title="bbox 1917 1592 3555 1670; baseline 0.007 -25"><span class='ocrx_word' id='word_1_184' title='bbox 1917 1592 2250 1658; x_wconf 82' lang='lat' dir='ltr'><strong>diversorio;</strong></span> <span class='ocrx_word' id='word_1_185' title='bbox 2277 1592 2515 1647; x_wconf 81' lang='lat' dir='ltr'><strong>ditlicile</strong></span> <span class='ocrx_word' id='word_1_186' title='bbox 2535 1601 2710 1665; x_wconf 85' lang='lat' dir='ltr'><strong>atque</strong></span> <span class='ocrx_word' id='word_1_187' title='bbox 2734 1598 3012 1651; x_wconf 85' lang='lat' dir='ltr'><strong>intestum</strong></span> <span class='ocrx_word' id='word_1_188' title='bbox 3037 1599 3164 1652; x_wconf 67' lang='lat' dir='ltr'><strong>vitae</strong></span> <span class='ocrx_word' id='word_1_189' title='bbox 3188 1598 3428 1670; x_wconf 83' lang='lat' dir='ltr'><strong>pelagus</strong></span> <span class='ocrx_word' id='word_1_190' title='bbox 3452 1617 3555 1656; x_wconf 82' lang='lat' dir='ltr'><strong>na-</strong></span> 
     </span>
    </p>
   </div>
   <div class='ocr_carea' id='block_1_29' title="bbox 199 1679 1807 1761">
    <p class='ocr_par' dir='ltr' id='par_1_29' title="bbox 199 1679 1800 1759">
     <span class='ocr_line' id='line_1_29' title="bbox 199 1679 1800 1759; baseline -0.002 -21"><span class='ocrx_word' id='word_1_191' title='bbox 199 1706 262 1738; x_wconf 78' lang='grc' dir='ltr'><strong>σοι</strong></span> <span class='ocrx_word' id='word_1_192' title='bbox 303 1685 574 1756; x_wconf 73' lang='grc' dir='ltr'>μέριμνανο</span> <span class='ocrx_word' id='word_1_193' title='bbox 627 1685 664 1753; x_wconf 80' lang='grc' dir='ltr'><strong>ἡ</strong></span> <span class='ocrx_word' id='word_1_194' title='bbox 713 1682 951 1758; x_wconf 69' lang='grc' dir='ltr'>μέριμνα</span> <span class='ocrx_word' id='word_1_195' title='bbox 1000 1679 1056 1737; x_wconf 68' lang='grc' dir='ltr'><strong>δὲ</strong></span> <span class='ocrx_word' id='word_1_196' title='bbox 1099 1683 1162 1736; x_wconf 90' lang='grc' dir='ltr'>τὸ</span> <span class='ocrx_word' id='word_1_197' title='bbox 1215 1683 1378 1759; x_wconf 76' lang='grc' dir='ltr'>σοφὸν</span> <span class='ocrx_word' id='word_1_198' title='bbox 1429 1681 1800 1754; x_wconf 71' lang='grc' dir='ltr'>ἐκπομπεύσῃ,</span> 
     </span>
    </p>
   </div>
   <div class='ocr_carea' id='block_1_30' title="bbox 1917 1679 3556 1761">
    <p class='ocr_par' dir='ltr' id='par_1_30' title="bbox 1917 1681 3556 1755">
     <span class='ocr_line' id='line_1_30' title="bbox 1917 1681 3556 1755; baseline 0.008 -22"><span class='ocrx_word' id='word_1_199' title='bbox 1917 1682 2200 1751; x_wconf 87' lang='lat' dir='ltr'><strong>vigamus,</strong></span> <span class='ocrx_word' id='word_1_200' title='bbox 2237 1683 2326 1735; x_wconf 92' lang='lat' dir='ltr'><strong>cui</strong></span> <span class='ocrx_word' id='word_1_201' title='bbox 2360 1681 2624 1737; x_wconf 84' lang='lat' dir='ltr'><strong>infernus</strong></span> <span class='ocrx_word' id='word_1_202' title='bbox 2668 1687 2948 1754; x_wconf 87' lang='lat' dir='ltr'><strong>tanquam</strong></span> <span class='ocrx_word' id='word_1_203' title='bbox 3004 1685 3210 1755; x_wconf 83' lang='lat' dir='ltr'><strong>pirata,</strong></span> <span class='ocrx_word' id='word_1_204' title='bbox 3266 1689 3556 1745; x_wconf 83' lang='lat' dir='ltr'><strong>imminet.</strong></span> 
     </span>
    </p>
   </div>
   <div class='ocr_carea' id='block_1_31' title="bbox 199 1766 1807 1870">
    <p class='ocr_par' dir='ltr' id='par_1_31' title="bbox 199 1766 1802 1848">
     <span class='ocr_line' id='line_1_31' title="bbox 199 1766 1802 1848; baseline -0.003 -21"><span class='ocrx_word' id='word_1_205' title='bbox 199 1776 274 1842; x_wconf 69' lang='grc' dir='ltr'>τήν</span> <span class='ocrx_word' id='word_1_206' title='bbox 301 1773 473 1848; x_wconf 79' lang='grc' dir='ltr'>ἀργίαν</span> <span class='ocrx_word' id='word_1_207' title='bbox 506 1767 738 1845; x_wconf 59' lang='grc' dir='ltr'>ἐκϐάλῃ,</span> <span class='ocrx_word' id='word_1_208' title='bbox 784 1771 1045 1847; x_wconf 73' lang='grc' dir='ltr'>εἶσαγάγῃ</span> <span class='ocrx_word' id='word_1_209' title='bbox 1091 1773 1187 1832; x_wconf 74' lang='grc' dir='ltr'>τὰς</span> <span class='ocrx_word' id='word_1_210' title='bbox 1231 1773 1429 1845; x_wconf 80' lang='grc' dir='ltr'>τέχνας</span> <span class='ocrx_word' id='word_1_211' title='bbox 1464 1769 1532 1825; x_wconf 82' lang='grc' dir='ltr'><strong>δι’</strong></span> <span class='ocrx_word' id='word_1_212' title='bbox 1576 1766 1802 1838; x_wconf 73' lang='grc' dir='ltr'>ἔνδειαν,</span> 
     </span>
    </p>
   </div>
   <div class='ocr_carea' id='block_1_32' title="bbox 1917 1766 3558 1870">
    <p class='ocr_par' dir='ltr' id='par_1_32' title="bbox 1917 1770 3558 1845">
     <span class='ocr_line' id='line_1_32' title="bbox 1917 1770 3558 1845; baseline 0.006 -22"><span class='ocrx_word' id='word_1_213' title='bbox 1917 1770 2078 1824; x_wconf 82' lang='lat' dir='ltr'><strong>Solus</strong></span> <span class='ocrx_word' id='word_1_214' title='bbox 2100 1787 2168 1825; x_wconf 85' lang='lat' dir='ltr'><strong>ex</strong></span> <span class='ocrx_word' id='word_1_215' title='bbox 2189 1771 2463 1825; x_wconf 88' lang='lat' dir='ltr'><strong>omnibus</strong></span> <span class='ocrx_word' id='word_1_216' title='bbox 2486 1771 2660 1826; x_wconf 86' lang='lat' dir='ltr'><strong>homo</strong></span> <span class='ocrx_word' id='word_1_217' title='bbox 2684 1773 2877 1826; x_wconf 90' lang='lat' dir='ltr'><strong>nudus</strong></span> <span class='ocrx_word' id='word_1_218' title='bbox 2900 1772 3349 1845; x_wconf 81' lang='lat' dir='ltr'><strong>gignitur,nullo</strong></span> <span class='ocrx_word' id='word_1_219' title='bbox 3365 1777 3447 1832; x_wconf 93' lang='lat' dir='ltr'><strong>vel</strong></span> <span class='ocrx_word' id='word_1_220' title='bbox 3471 1795 3558 1833; x_wconf 90' lang='lat' dir='ltr'><strong>ar-</strong></span> 
     </span>
    </p>
   </div>
   <div class='ocr_carea' id='block_1_33' title="bbox 199 1858 1807 1937">
    <p class='ocr_par' dir='ltr' id='par_1_33' title="bbox 199 1858 1804 1937">
     <span class='ocr_line' id='line_1_33' title="bbox 199 1858 1804 1937; baseline -0.002 -21"><span class='ocrx_word' id='word_1_221' title='bbox 199 1865 386 1936; x_wconf 68' lang='grc' dir='ltr'>γεννήσῃ</span> <span class='ocrx_word' id='word_1_222' title='bbox 443 1866 710 1936; x_wconf 77' lang='grc' dir='ltr'>μηχανῶν</span> <span class='ocrx_word' id='word_1_223' title='bbox 769 1860 1073 1923; x_wconf 84' lang='grc' dir='ltr'>ποικιλίας.</span> <span class='ocrx_word' id='word_1_224' title='bbox 1132 1863 1192 1918; x_wconf 90' lang='grc' dir='ltr'>Ὁ</span> <span class='ocrx_word' id='word_1_225' title='bbox 1248 1862 1347 1936; x_wconf 77' lang='grc' dir='ltr'>γὰρ</span> <span class='ocrx_word' id='word_1_226' title='bbox 1390 1860 1594 1937; x_wconf 82' lang='grc' dir='ltr'>γυμνὸς</span> <span class='ocrx_word' id='word_1_227' title='bbox 1627 1858 1804 1913; x_wconf 86' lang='grc' dir='ltr'>πολυ-</span> 
     </span>
    </p>
   </div>
   <div class='ocr_carea' id='block_1_34' title="bbox 1917 1858 3558 1937">
    <p class='ocr_par' dir='ltr' id='par_1_34' title="bbox 1917 1861 3558 1935">
     <span class='ocr_line' id='line_1_34' title="bbox 1917 1861 3558 1935; baseline 0.006 -23"><span class='ocrx_word' id='word_1_228' title='bbox 1917 1876 2147 1913; x_wconf 82' lang='lat' dir='ltr'><strong>morum</strong></span> <span class='ocrx_word' id='word_1_229' title='bbox 2178 1861 2263 1913; x_wconf 87' lang='lat' dir='ltr'><strong>vel</strong></span> <span class='ocrx_word' id='word_1_230' title='bbox 2299 1861 2780 1931; x_wconf 78' lang='lat' dir='ltr'><strong>indumentorum</strong></span> <span class='ocrx_word' id='word_1_231' title='bbox 2814 1869 3064 1919; x_wconf 89' lang='lat' dir='ltr'><strong>connato</strong></span> <span class='ocrx_word' id='word_1_232' title='bbox 3103 1881 3312 1934; x_wconf 84' lang='lat' dir='ltr'><strong>genere</strong></span> <span class='ocrx_word' id='word_1_233' title='bbox 3364 1872 3558 1935; x_wconf 85' lang='lat' dir='ltr'><strong>prote-</strong></span> 
     </span>
    </p>
   </div>
   <div class='ocr_carea' id='block_1_35' title="bbox 205 1949 1807 2026">
    <p class='ocr_par' dir='ltr' id='par_1_35' title="bbox 205 1951 1804 2026">
     <span class='ocr_line' id='line_1_35' title="bbox 205 1951 1804 2026; baseline -0.001 -23"><span class='ocrx_word' id='word_1_234' title='bbox 205 1954 430 2026; x_wconf 70' lang='grc' dir='ltr'>μήχανος,</span> <span class='ocrx_word' id='word_1_235' title='bbox 480 1952 668 2024; x_wconf 81' lang='grc' dir='ltr'>ὥσπερ</span> <span class='ocrx_word' id='word_1_236' title='bbox 717 1951 924 2022; x_wconf 70' lang='grc' dir='ltr'>κέντρῳ</span> <span class='ocrx_word' id='word_1_237' title='bbox 959 1955 1028 2023; x_wconf 77' lang='grc' dir='ltr'>τῇ</span> <span class='ocrx_word' id='word_1_238' title='bbox 1078 1951 1239 2025; x_wconf 75' lang='grc' dir='ltr'>χρείᾳ</span> <span class='ocrx_word' id='word_1_239' title='bbox 1288 1951 1636 2022; x_wconf 81' lang='grc' dir='ltr'>νυσσόμενος,</span> <span class='ocrx_word' id='word_1_240' title='bbox 1689 1953 1804 2008; x_wconf 83' lang='grc' dir='ltr'>πῶς</span> 
     </span>
    </p>
   </div>
   <div class='ocr_carea' id='block_1_36' title="bbox 1917 1949 3562 2026">
    <p class='ocr_par' dir='ltr' id='par_1_36' title="bbox 1917 1949 3562 2017">
     <span class='ocr_line' id='line_1_36' title="bbox 1917 1949 3562 2017; baseline 0.005 -16"><span class='ocrx_word' id='word_1_241' title='bbox 1917 1957 2065 2014; x_wconf 85' lang='lat' dir='ltr'><strong>ctus;</strong></span> <span class='ocrx_word' id='word_1_242' title='bbox 2102 1966 2211 2002; x_wconf 91' lang='lat' dir='ltr'><strong>non</strong></span> <span class='ocrx_word' id='word_1_243' title='bbox 2246 1949 2395 2012; x_wconf 82' lang='lat' dir='ltr'><strong>ideo,</strong></span> <span class='ocrx_word' id='word_1_244' title='bbox 2429 1949 2582 2017; x_wconf 82' lang='lat' dir='ltr'><strong>quod</strong></span> <span class='ocrx_word' id='word_1_245' title='bbox 2616 1952 2691 2003; x_wconf 90' lang='lat' dir='ltr'><strong>sit</strong></span> <span class='ocrx_word' id='word_1_246' title='bbox 2722 1952 2945 2004; x_wconf 67' lang='lat' dir='ltr'><strong>caeteris</strong></span> <span class='ocrx_word' id='word_1_247' title='bbox 2979 1953 3379 2008; x_wconf 81' lang='lat' dir='ltr'><strong>animantibus</strong></span> <span class='ocrx_word' id='word_1_248' title='bbox 3411 1955 3562 2010; x_wconf 81' lang='lat' dir='ltr'><strong>infe-</strong></span> 
     </span>
    </p>
   </div>
   <div class='ocr_carea' id='block_1_37' title="bbox 1918 2038 3560 2114">
    <p class='ocr_par' dir='ltr' id='par_1_37' title="bbox 1918 2038 3560 2114">
     <span class='ocr_line' id='line_1_37' title="bbox 1918 2038 3560 2114; baseline 0.005 -24"><span class='ocrx_word' id='word_1_249' title='bbox 1918 2038 2054 2103; x_wconf 91' lang='lat' dir='ltr'><strong>rior,</strong></span> <span class='ocrx_word' id='word_1_250' title='bbox 2089 2038 2188 2090; x_wconf 86' lang='lat' dir='ltr'><strong>sed</strong></span> <span class='ocrx_word' id='word_1_251' title='bbox 2221 2044 2283 2090; x_wconf 89' lang='lat' dir='ltr'><strong>ut</strong></span> <span class='ocrx_word' id='word_1_252' title='bbox 2315 2038 2601 2091; x_wconf 86' lang='lat' dir='ltr'><strong>nuditatis</strong></span> <span class='ocrx_word' id='word_1_253' title='bbox 2636 2045 2846 2092; x_wconf 72' lang='lat' dir='ltr'><strong>nostra:</strong></span> <span class='ocrx_word' id='word_1_254' title='bbox 2878 2040 3291 2108; x_wconf 78' lang='lat' dir='ltr'><strong>consideratio,</strong></span> <span class='ocrx_word' id='word_1_255' title='bbox 3319 2051 3376 2097; x_wconf 90' lang='lat' dir='ltr'><strong>et</strong></span> <span class='ocrx_word' id='word_1_256' title='bbox 3404 2044 3560 2114; x_wconf 88' lang='lat' dir='ltr'><strong>quod</strong></span> 
     </span>
    </p>
   </div>
   <div class='ocr_carea' id='block_1_38' title="bbox 1919 2126 3562 2194">
    <p class='ocr_par' dir='ltr' id='par_1_38' title="bbox 1919 2126 3562 2194">
     <span class='ocr_line' id='line_1_38' title="bbox 1919 2126 3562 2194; baseline 0.006 -16"><span class='ocrx_word' id='word_1_257' title='bbox 1919 2126 2064 2179; x_wconf 82' lang='lat' dir='ltr'><strong>nihil</strong></span> <span class='ocrx_word' id='word_1_258' title='bbox 2100 2127 2155 2179; x_wconf 92' lang='lat' dir='ltr'><strong>in</strong></span> <span class='ocrx_word' id='word_1_259' title='bbox 2192 2129 2478 2179; x_wconf 66' lang='lat' dir='ltr'><strong>(nonduin</strong></span> <span class='ocrx_word' id='word_1_260' title='bbox 2510 2127 2924 2194; x_wconf 82' lang='lat' dir='ltr'><strong>invexcrimus,</strong></span> <span class='ocrx_word' id='word_1_261' title='bbox 2971 2133 3232 2184; x_wconf 83' lang='lat' dir='ltr'><strong>studium</strong></span> <span class='ocrx_word' id='word_1_262' title='bbox 3284 2133 3342 2185; x_wconf 89' lang='lat' dir='ltr'><strong>in</strong></span> <span class='ocrx_word' id='word_1_263' title='bbox 3392 2133 3562 2189; x_wconf 87' lang='lat' dir='ltr'><strong>nobis</strong></span> 
     </span>
    </p>
   </div>
   <div class='ocr_carea' id='block_1_39' title="bbox 1922 2214 3563 2290">
    <p class='ocr_par' dir='ltr' id='par_1_39' title="bbox 1922 2214 3563 2290">
     <span class='ocr_line' id='line_1_39' title="bbox 1922 2214 3563 2290; baseline 0.005 -23"><span class='ocrx_word' id='word_1_264' title='bbox 1922 2222 2214 2284; x_wconf 87' lang='lat' dir='ltr'><strong>procreet;</strong></span> <span class='ocrx_word' id='word_1_265' title='bbox 2242 2214 2504 2267; x_wconf 88' lang='lat' dir='ltr'><strong>studium</strong></span> <span class='ocrx_word' id='word_1_266' title='bbox 2538 2231 2670 2269; x_wconf 92' lang='lat' dir='ltr'><strong>vero</strong></span> <span class='ocrx_word' id='word_1_267' title='bbox 2701 2221 2758 2270; x_wconf 91' lang='lat' dir='ltr'><strong>et</strong></span> <span class='ocrx_word' id='word_1_268' title='bbox 2806 2215 3139 2272; x_wconf 85' lang='lat' dir='ltr'><strong>sollicitudo</strong></span> <span class='ocrx_word' id='word_1_269' title='bbox 3190 2221 3563 2290; x_wconf 89' lang='lat' dir='ltr'><strong>prudentiam</strong></span> 
     </span>
    </p>
   </div>
   <div class='ocr_carea' id='block_1_40' title="bbox 1921 2303 3565 2374">
    <p class='ocr_par' dir='ltr' id='par_1_40' title="bbox 1921 2303 3565 2374">
     <span class='ocr_line' id='line_1_40' title="bbox 1921 2303 3565 2374; baseline 0.006 -18"><span class='ocrx_word' id='word_1_270' title='bbox 1921 2303 2156 2374; x_wconf 84' lang='lat' dir='ltr'><strong>pandat,</strong></span> <span class='ocrx_word' id='word_1_271' title='bbox 2191 2303 2516 2357; x_wconf 77' lang='lat' dir='ltr'><strong>socordiam</strong></span> <span class='ocrx_word' id='word_1_272' title='bbox 2552 2303 2750 2374; x_wconf 87' lang='lat' dir='ltr'><strong>procul</strong></span> <span class='ocrx_word' id='word_1_273' title='bbox 2783 2306 3029 2373; x_wconf 76' lang='lat' dir='ltr'><strong>ableget,</strong></span> <span class='ocrx_word' id='word_1_274' title='bbox 3064 2315 3218 2362; x_wconf 90' lang='lat' dir='ltr'><strong>artes</strong></span> <span class='ocrx_word' id='word_1_275' title='bbox 3249 2310 3320 2364; x_wconf 92' lang='lat' dir='ltr'><strong>ad</strong></span> <span class='ocrx_word' id='word_1_276' title='bbox 3375 2310 3565 2366; x_wconf 83' lang='lat' dir='ltr'><strong>vitan-</strong></span> 
     </span>
    </p>
   </div>
   <div class='ocr_carea' id='block_1_41' title="bbox 1921 2393 3565 2461">
    <p class='ocr_par' dir='ltr' id='par_1_41' title="bbox 1921 2393 3565 2461">
     <span class='ocr_line' id='line_1_41' title="bbox 1921 2393 3565 2461; baseline 0.007 -17"><span class='ocrx_word' id='word_1_277' title='bbox 1921 2393 2053 2444; x_wconf 88' lang='lat' dir='ltr'><strong>dam</strong></span> <span class='ocrx_word' id='word_1_278' title='bbox 2078 2397 2390 2461; x_wconf 73' lang='lat' dir='ltr'><strong>egestatem</strong></span> <span class='ocrx_word' id='word_1_279' title='bbox 2418 2393 2749 2446; x_wconf 83' lang='lat' dir='ltr'><strong>introducat</strong></span> <span class='ocrx_word' id='word_1_280' title='bbox 2769 2401 2828 2447; x_wconf 90' lang='lat' dir='ltr'><strong>et</strong></span> <span class='ocrx_word' id='word_1_281' title='bbox 2848 2395 3231 2450; x_wconf 79' lang='lat' dir='ltr'><strong>artiﬁciorum</strong></span> <span class='ocrx_word' id='word_1_282' title='bbox 3265 2400 3565 2454; x_wconf 83' lang='lat' dir='ltr'><strong>diversita-</strong></span> 
     </span>
    </p>
   </div>
   <div class='ocr_carea' id='block_1_42' title="bbox 1921 2479 3564 2551">
    <p class='ocr_par' dir='ltr' id='par_1_42' title="bbox 1921 2479 3564 2551">
     <span class='ocr_line' id='line_1_42' title="bbox 1921 2479 3564 2551; baseline 0.005 -17"><span class='ocrx_word' id='word_1_283' title='bbox 1921 2490 2005 2534; x_wconf 83' lang='lat' dir='ltr'><strong>tes</strong></span> <span class='ocrx_word' id='word_1_284' title='bbox 2039 2479 2365 2551; x_wconf 87' lang='lat' dir='ltr'><strong>progignat.</strong></span> <span class='ocrx_word' id='word_1_285' title='bbox 2401 2482 2508 2545; x_wconf 90' lang='lat' dir='ltr'><strong>Qui</strong></span> <span class='ocrx_word' id='word_1_286' title='bbox 2538 2481 2694 2536; x_wconf 91' lang='lat' dir='ltr'><strong>enim</strong></span> <span class='ocrx_word' id='word_1_287' title='bbox 2727 2483 2922 2536; x_wconf 82' lang='lat' dir='ltr'><strong>nudus</strong></span> <span class='ocrx_word' id='word_1_288' title='bbox 2952 2492 3063 2550; x_wconf 93' lang='lat' dir='ltr'><strong>est,</strong></span> <span class='ocrx_word' id='word_1_289' title='bbox 3085 2485 3403 2550; x_wconf 66' lang='lat' dir='ltr'><strong>indigentia</strong></span> <span class='ocrx_word' id='word_1_290' title='bbox 3435 2492 3564 2543; x_wconf 83' lang='lat' dir='ltr'><strong>tan-</strong></span> 
     </span>
    </p>
   </div>
   <div class='ocr_carea' id='block_1_43' title="bbox 1921 2569 3562 2638">
    <p class='ocr_par' dir='ltr' id='par_1_43' title="bbox 1921 2569 3562 2638">
     <span class='ocr_line' id='line_1_43' title="bbox 1921 2569 3562 2638; baseline 0.005 -16"><span class='ocrx_word' id='word_1_291' title='bbox 1921 2586 2097 2637; x_wconf 85' lang='lat' dir='ltr'><strong>quam</strong></span> <span class='ocrx_word' id='word_1_292' title='bbox 2131 2569 2375 2622; x_wconf 90' lang='lat' dir='ltr'><strong>stimulo</strong></span> <span class='ocrx_word' id='word_1_293' title='bbox 2407 2570 2720 2638; x_wconf 88' lang='lat' dir='ltr'><strong>impulsus,</strong></span> <span class='ocrx_word' id='word_1_294' title='bbox 2763 2574 2946 2626; x_wconf 76' lang='lat' dir='ltr'><strong>multa</strong></span> <span class='ocrx_word' id='word_1_295' title='bbox 2972 2572 3192 2627; x_wconf 89' lang='lat' dir='ltr'><strong>invenit</strong></span> <span class='ocrx_word' id='word_1_296' title='bbox 3223 2581 3278 2628; x_wconf 90' lang='lat' dir='ltr'><strong>et</strong></span> <span class='ocrx_word' id='word_1_297' title='bbox 3318 2577 3562 2631; x_wconf 81' lang='lat' dir='ltr'><strong>fabrica-</strong></span> 
     </span>
    </p>
   </div>
   <div class='ocr_carea' id='block_1_44' title="bbox 1924 2657 3565 2735">
    <p class='ocr_par' dir='ltr' id='par_1_44' title="bbox 1924 2657 3565 2735">
     <span class='ocr_line' id='line_1_44' title="bbox 1924 2657 3565 2735; baseline 0.005 -23"><span class='ocrx_word' id='word_1_298' title='bbox 1924 2665 2038 2725; x_wconf 88' lang='lat' dir='ltr'><strong>tur,</strong></span> <span class='ocrx_word' id='word_1_299' title='bbox 2072 2659 2366 2728; x_wconf 89' lang='lat' dir='ltr'><strong>quomodo</strong></span> <span class='ocrx_word' id='word_1_300' title='bbox 2399 2657 2603 2728; x_wconf 60' lang='lat' dir='ltr'><strong>pluvia</strong></span> <span class='ocrx_word' id='word_1_301' title='bbox 2634 2659 3015 2727; x_wconf 69' lang='lat' dir='ltr'><strong>declinandis,</strong></span> <span class='ocrx_word' id='word_1_302' title='bbox 3045 2663 3337 2732; x_wconf 89' lang='lat' dir='ltr'><strong>quomodo</strong></span> <span class='ocrx_word' id='word_1_303' title='bbox 3380 2664 3565 2735; x_wconf 84' lang='lat' dir='ltr'><strong>l&#39;rigus</strong></span> 
     </span>
    </p>
   </div>
   <div class='ocr_carea' id='block_1_45' title="bbox 202 2748 1807 2828">
    <p class='ocr_par' dir='ltr' id='par_1_45' title="bbox 202 2750 1807 2828">
     <span class='ocr_line' id='line_1_45' title="bbox 202 2750 1807 2828; baseline -0.01 -10"><span class='ocrx_word' id='word_1_304' title='bbox 202 2750 239 2823; x_wconf 61' lang='grc' dir='ltr'><strong>ἐξ</strong></span> <span class='ocrx_word' id='word_1_305' title='bbox 279 2751 434 2824; x_wconf 55' lang='grc' dir='ltr'>ὕλης</span> <span class='ocrx_word' id='word_1_306' title='bbox 494 2751 782 2828; x_wconf 65' lang='grc' dir='ltr'>ἐγέννησεν</span> <span class='ocrx_word' id='word_1_307' title='bbox 833 2753 867 2817; x_wconf 79' lang='grc' dir='ltr'>ἡ</span> <span class='ocrx_word' id='word_1_308' title='bbox 926 2751 1201 2826; x_wconf 72' lang='grc' dir='ltr'>γύμνωσις</span> <span class='ocrx_word' id='word_1_309' title='bbox 1262 2753 1492 2818; x_wconf 81' lang='grc' dir='ltr'>σύνεσιν,</span> <span class='ocrx_word' id='word_1_310' title='bbox 1549 2751 1623 2814; x_wconf 80' lang='grc' dir='ltr'>ὡς</span> <span class='ocrx_word' id='word_1_311' title='bbox 1679 2750 1807 2803; x_wconf 76' lang='grc' dir='ltr'>εἶναι</span> 
     </span>
    </p>
   </div>
   <div class='ocr_carea' id='block_1_46' title="bbox 1917 2748 3565 2828">
    <p class='ocr_par' dir='ltr' id='par_1_46' title="bbox 1925 2748 3565 2822">
     <span class='ocr_line' id='line_1_46' title="bbox 1925 2748 3565 2822; baseline 0.006 -22"><span class='ocrx_word' id='word_1_312' title='bbox 1925 2749 2242 2817; x_wconf 86' lang='lat' dir='ltr'><strong>prudenter</strong></span> <span class='ocrx_word' id='word_1_313' title='bbox 2311 2748 2652 2811; x_wconf 85' lang='lat' dir='ltr'><strong>arcendum,</strong></span> <span class='ocrx_word' id='word_1_314' title='bbox 2703 2753 2995 2818; x_wconf 87' lang='lat' dir='ltr'><strong>quomodo</strong></span> <span class='ocrx_word' id='word_1_315' title='bbox 3061 2753 3132 2806; x_wconf 86' lang='lat' dir='ltr'><strong>ad</strong></span> <span class='ocrx_word' id='word_1_316' title='bbox 3199 2754 3565 2822; x_wconf 90' lang='lat' dir='ltr'><strong>repellendos</strong></span> 
     </span>
    </p>
   </div>
   <div class='ocr_carea' id='block_1_47' title="bbox 201 2836 1807 2918">
    <p class='ocr_par' dir='ltr' id='par_1_47' title="bbox 201 2837 1807 2918">
     <span class='ocr_line' id='line_1_47' title="bbox 201 2837 1807 2918; baseline -0.003 -23"><span class='ocrx_word' id='word_1_317' title='bbox 201 2842 268 2895; x_wconf 71' lang='grc' dir='ltr'><strong>καὶ</strong></span> <span class='ocrx_word' id='word_1_318' title='bbox 294 2845 377 2910; x_wconf 77' lang='grc' dir='ltr'>τήν</span> <span class='ocrx_word' id='word_1_319' title='bbox 406 2843 693 2918; x_wconf 75' lang='grc' dir='ltr'>γύμνωσιν</span> <span class='ocrx_word' id='word_1_320' title='bbox 744 2837 918 2916; x_wconf 81' lang='grc' dir='ltr'>δῶρον</span> <span class='ocrx_word' id='word_1_321' title='bbox 963 2840 1052 2894; x_wconf 78' lang='grc' dir='ltr'><strong>καὶ</strong></span> <span class='ocrx_word' id='word_1_322' title='bbox 1083 2841 1244 2914; x_wconf 82' lang='grc' dir='ltr'>χάριν</span> <span class='ocrx_word' id='word_1_323' title='bbox 1285 2837 1629 2907; x_wconf 76' lang='grc' dir='ltr'>δεσποτικήν.</span> <span class='ocrx_word' id='word_1_324' title='bbox 1667 2843 1807 2908; x_wconf 88' lang='grc' dir='ltr'>Γυμ-</span> 
     </span>
    </p>
   </div>
   <div class='ocr_carea' id='block_1_48' title="bbox 1917 2836 3570 2918">
    <p class='ocr_par' dir='ltr' id='par_1_48' title="bbox 1926 2836 3570 2913">
     <span class='ocr_line' id='line_1_48' title="bbox 1926 2836 3570 2913; baseline 0.005 -23"><span class='ocrx_word' id='word_1_325' title='bbox 1926 2838 2075 2891; x_wconf 90' lang='lat' dir='ltr'><strong>ictus</strong></span> <span class='ocrx_word' id='word_1_326' title='bbox 2110 2836 2326 2890; x_wconf 84' lang='lat' dir='ltr'><strong>muniri</strong></span> <span class='ocrx_word' id='word_1_327' title='bbox 2357 2844 2601 2906; x_wconf 68' lang='lat' dir='ltr'><strong>oportet,</strong></span> <span class='ocrx_word' id='word_1_328' title='bbox 2625 2840 2919 2907; x_wconf 87' lang='lat' dir='ltr'><strong>quomodo</strong></span> <span class='ocrx_word' id='word_1_329' title='bbox 2951 2847 3104 2894; x_wconf 88' lang='lat' dir='ltr'><strong>terra</strong></span> <span class='ocrx_word' id='word_1_330' title='bbox 3132 2841 3394 2908; x_wconf 84' lang='lat' dir='ltr'><strong>colenda,</strong></span> <span class='ocrx_word' id='word_1_331' title='bbox 3419 2859 3570 2913; x_wconf 90' lang='lat' dir='ltr'><strong>quo-</strong></span> 
     </span>
    </p>
   </div>
   <div class='ocr_carea' id='block_1_49' title="bbox 201 2925 1807 3003">
    <p class='ocr_par' dir='ltr' id='par_1_49' title="bbox 201 2925 1807 3003">
     <span class='ocr_line' id='line_1_49' title="bbox 201 2925 1807 3003; baseline -0.001 -22"><span class='ocrx_word' id='word_1_332' title='bbox 201 2932 271 2992; x_wconf 74' lang='grc' dir='ltr'><strong>νος</strong></span> <span class='ocrx_word' id='word_1_333' title='bbox 297 2931 374 2984; x_wconf 72' lang='grc' dir='ltr'><strong>οὖν</strong></span> <span class='ocrx_word' id='word_1_334' title='bbox 422 2931 510 2985; x_wconf 74' lang='grc' dir='ltr'><strong>καὶ</strong></span> <span class='ocrx_word' id='word_1_335' title='bbox 563 2932 592 2985; x_wconf 86' lang='grc' dir='ltr'><strong>ὁ</strong></span> <span class='ocrx_word' id='word_1_336' title='bbox 628 2925 761 2985; x_wconf 77' lang='grc' dir='ltr'><strong>Ἰὼϐ</strong></span> <span class='ocrx_word' id='word_1_337' title='bbox 811 2929 1073 2990; x_wconf 76' lang='grc' dir='ltr'>καταστὰς</span> <span class='ocrx_word' id='word_1_338' title='bbox 1121 2928 1449 3003; x_wconf 75' lang='grc' dir='ltr'>χρημάτων,</span> <span class='ocrx_word' id='word_1_339' title='bbox 1499 2928 1807 2999; x_wconf 77' lang='grc' dir='ltr'>κτημάτων,</span> 
     </span>
    </p>
   </div>
   <div class='ocr_carea' id='block_1_50' title="bbox 1917 2925 3569 3003">
    <p class='ocr_par' dir='ltr' id='par_1_50' title="bbox 1929 2925 3569 2999">
     <span class='ocr_line' id='line_1_50' title="bbox 1929 2925 3569 2999; baseline 0.005 -20"><span class='ocrx_word' id='word_1_340' title='bbox 1929 2925 2101 2980; x_wconf 90' lang='lat' dir='ltr'><strong>modo</strong></span> <span class='ocrx_word' id='word_1_341' title='bbox 2135 2925 2270 2978; x_wconf 77' lang='lat' dir='ltr'><strong>feris</strong></span> <span class='ocrx_word' id='word_1_342' title='bbox 2303 2930 2492 2979; x_wconf 88' lang='lat' dir='ltr'><strong>metus</strong></span> <span class='ocrx_word' id='word_1_343' title='bbox 2523 2927 2926 2991; x_wconf 86' lang='lat' dir='ltr'><strong>incutiendus,</strong></span> <span class='ocrx_word' id='word_1_344' title='bbox 2958 2935 3015 2982; x_wconf 90' lang='lat' dir='ltr'><strong>et</strong></span> <span class='ocrx_word' id='word_1_345' title='bbox 3045 2931 3341 2999; x_wconf 88' lang='lat' dir='ltr'><strong>quomodo</strong></span> <span class='ocrx_word' id='word_1_346' title='bbox 3393 2935 3569 2988; x_wconf 87' lang='lat' dir='ltr'><strong>robu-</strong></span> 
     </span>
    </p>
   </div>
   <div class='ocr_carea' id='block_1_51' title="bbox 201 3010 1807 3092">
    <p class='ocr_par' dir='ltr' id='par_1_51' title="bbox 201 3010 1807 3092">
     <span class='ocr_line' id='line_1_51' title="bbox 201 3010 1807 3092; baseline -0.002 -20"><span class='ocrx_word' id='word_1_347' title='bbox 201 3019 448 3092; x_wconf 60' lang='grc' dir='ltr'>εὐτεκνίας,</span> <span class='ocrx_word' id='word_1_348' title='bbox 487 3017 879 3082; x_wconf 75' lang='grc' dir='ltr'>πολυτεκνίας,</span> <span class='ocrx_word' id='word_1_349' title='bbox 909 3018 998 3072; x_wconf 83' lang='grc' dir='ltr'><strong>καὶ</strong></span> <span class='ocrx_word' id='word_1_350' title='bbox 1047 3019 1216 3072; x_wconf 74' lang='grc' dir='ltr'>πάντα</span> <span class='ocrx_word' id='word_1_351' title='bbox 1263 3017 1313 3071; x_wconf 86' lang='grc' dir='ltr'><strong>ἐν</strong></span> <span class='ocrx_word' id='word_1_352' title='bbox 1363 3017 1562 3091; x_wconf 80' lang='grc' dir='ltr'>βραχεῖ</span> <span class='ocrx_word' id='word_1_353' title='bbox 1609 3010 1807 3070; x_wconf 74' lang='grc' dir='ltr'>ἀποϐα-</span> 
     </span>
    </p>
   </div>
   <div class='ocr_carea' id='block_1_52' title="bbox 1917 3010 3572 3092">
    <p class='ocr_par' dir='ltr' id='par_1_52' title="bbox 1927 3013 3572 3090">
     <span class='ocr_line' id='line_1_52' title="bbox 1927 3013 3572 3090; baseline 0.005 -22"><span class='ocrx_word' id='word_1_354' title='bbox 1927 3017 2108 3068; x_wconf 84' lang='lat' dir='ltr'><strong>stiora</strong></span> <span class='ocrx_word' id='word_1_355' title='bbox 2138 3013 2415 3068; x_wconf 88' lang='lat' dir='ltr'><strong>animalia</strong></span> <span class='ocrx_word' id='word_1_356' title='bbox 2447 3013 2738 3069; x_wconf 84' lang='lat' dir='ltr'><strong>domanda</strong></span> <span class='ocrx_word' id='word_1_357' title='bbox 2769 3018 2906 3070; x_wconf 90' lang='lat' dir='ltr'><strong>sint.</strong></span> <span class='ocrx_word' id='word_1_358' title='bbox 2941 3022 3330 3082; x_wconf 75' lang='lat' dir='ltr'><strong>Quamobrem</strong></span> <span class='ocrx_word' id='word_1_359' title='bbox 3376 3021 3572 3090; x_wconf 89' lang='lat' dir='ltr'><strong>pluvia</strong></span> 
     </span>
    </p>
   </div>
   <div class='ocr_carea' id='block_1_53' title="bbox 204 1232 1796 1314">
    <p class='ocr_par' dir='ltr' id='par_1_53' title="bbox 204 1232 1796 1314">
     <span class='ocr_line' id='line_1_53' title="bbox 204 1232 1796 1314; baseline -0.004 -20"><span class='ocrx_word' id='word_1_360' title='bbox 204 1247 316 1309; x_wconf 75' lang='grc' dir='ltr'>ζωῆς</span> <span class='ocrx_word' id='word_1_361' title='bbox 355 1236 675 1312; x_wconf 72' lang='grc' dir='ltr'>διατελέομεν</span> <span class='ocrx_word' id='word_1_362' title='bbox 727 1237 985 1314; x_wconf 70' lang='grc' dir='ltr'>πέλαγος,</span> <span class='ocrx_word' id='word_1_363' title='bbox 1036 1232 1168 1308; x_wconf 69' lang='grc' dir='ltr'>ᾅδην</span> <span class='ocrx_word' id='word_1_364' title='bbox 1219 1238 1324 1314; x_wconf 80' lang='grc' dir='ltr'>γὰρ</span> <span class='ocrx_word' id='word_1_365' title='bbox 1373 1235 1490 1313; x_wconf 77' lang='grc' dir='ltr'>ἔχει</span> <span class='ocrx_word' id='word_1_366' title='bbox 1536 1239 1796 1311; x_wconf 72' lang='grc' dir='ltr'>πειρατὴν</span> 
     </span>
    </p>
   </div>
   <div class='ocr_carea' id='block_1_54' title="bbox 201 1325 1796 1405">
    <p class='ocr_par' dir='ltr' id='par_1_54' title="bbox 201 1325 1796 1405">
     <span class='ocr_line' id='line_1_54' title="bbox 201 1325 1796 1405; baseline -0.003 -22"><span class='ocrx_word' id='word_1_367' title='bbox 201 1329 444 1405; x_wconf 74' lang='grc' dir='ltr'>ἐφεστῶτα.</span> <span class='ocrx_word' id='word_1_368' title='bbox 476 1328 655 1389; x_wconf 81' lang='grc' dir='ltr'>Μόνος</span> <span class='ocrx_word' id='word_1_369' title='bbox 689 1326 740 1381; x_wconf 84' lang='grc' dir='ltr'>ἐν</span> <span class='ocrx_word' id='word_1_370' title='bbox 773 1327 938 1382; x_wconf 78' lang='grc' dir='ltr'>ἅπασι</span> <span class='ocrx_word' id='word_1_371' title='bbox 968 1328 1175 1402; x_wconf 87' lang='grc' dir='ltr'>γυμνὸς</span> <span class='ocrx_word' id='word_1_372' title='bbox 1220 1333 1469 1400; x_wconf 76' lang='grc' dir='ltr'>γεννᾶται</span> <span class='ocrx_word' id='word_1_373' title='bbox 1515 1328 1542 1380; x_wconf 87' lang='grc' dir='ltr'>ὁ</span> <span class='ocrx_word' id='word_1_374' title='bbox 1591 1325 1796 1400; x_wconf 75' lang='grc' dir='ltr'>ἄνθρωο</span> 
     </span>
    </p>
   </div>
   <div class='ocr_carea' id='block_1_55' title="bbox 200 1411 1797 1492">
    <p class='ocr_par' dir='ltr' id='par_1_55' title="bbox 200 1411 1797 1492">
     <span class='ocr_line' id='line_1_55' title="bbox 200 1411 1797 1492; baseline -0.002 -21"><span class='ocrx_word' id='word_1_375' title='bbox 200 1439 295 1486; x_wconf 82' lang='grc' dir='ltr'>πος,</span> <span class='ocrx_word' id='word_1_376' title='bbox 336 1417 434 1492; x_wconf 81' lang='grc' dir='ltr'><strong>οὐχ</strong></span> <span class='ocrx_word' id='word_1_377' title='bbox 478 1414 676 1482; x_wconf 82' lang='grc' dir='ltr'>ὅπλον,</span> <span class='ocrx_word' id='word_1_378' title='bbox 732 1417 832 1471; x_wconf 77' lang='grc' dir='ltr'><strong>οὐκ</strong></span> <span class='ocrx_word' id='word_1_379' title='bbox 882 1411 1081 1488; x_wconf 82' lang='grc' dir='ltr'>ἔνδεμα</span> <span class='ocrx_word' id='word_1_380' title='bbox 1128 1417 1568 1490; x_wconf 86' lang='grc' dir='ltr'>συγγεννώμενον</span> <span class='ocrx_word' id='word_1_381' title='bbox 1625 1415 1797 1488; x_wconf 72' lang='grc' dir='ltr'>σχὼν·</span> 
     </span>
    </p>
   </div>
   <div class='ocr_carea' id='block_1_56' title="bbox 199 1502 1796 1582">
    <p class='ocr_par' dir='ltr' id='par_1_56' title="bbox 199 1502 1796 1582">
     <span class='ocr_line' id='line_1_56' title="bbox 199 1502 1796 1582; baseline -0.003 -20"><span class='ocrx_word' id='word_1_382' title='bbox 199 1508 280 1582; x_wconf 70' lang='grc' dir='ltr'>οὐχ</span> <span class='ocrx_word' id='word_1_383' title='bbox 305 1509 370 1567; x_wconf 80' lang='grc' dir='ltr'>ὡς</span> <span class='ocrx_word' id='word_1_384' title='bbox 393 1511 496 1561; x_wconf 84' lang='grc' dir='ltr'><strong>τῶν</strong></span> <span class='ocrx_word' id='word_1_385' title='bbox 529 1503 718 1560; x_wconf 75' lang='grc' dir='ltr'>ἄλλων</span> <span class='ocrx_word' id='word_1_386' title='bbox 771 1506 926 1574; x_wconf 84' lang='grc' dir='ltr'>ζώων</span> <span class='ocrx_word' id='word_1_387' title='bbox 977 1504 1238 1574; x_wconf 72' lang='grc' dir='ltr'>ἐλάττων,</span> <span class='ocrx_word' id='word_1_388' title='bbox 1292 1502 1418 1560; x_wconf 63' lang='grc' dir='ltr'>ἀλλ’</span> <span class='ocrx_word' id='word_1_389' title='bbox 1449 1505 1597 1566; x_wconf 77' lang='grc' dir='ltr'>ὅπως</span> <span class='ocrx_word' id='word_1_390' title='bbox 1635 1507 1668 1574; x_wconf 74' lang='grc' dir='ltr'>ἡ</span> <span class='ocrx_word' id='word_1_391' title='bbox 1705 1506 1796 1575; x_wconf 71' lang='grc' dir='ltr'>μὲν</span> 
     </span>
    </p>
   </div>
   <div class='ocr_carea' id='block_1_57' title="bbox 205 2037 1808 2118">
    <p class='ocr_par' dir='ltr' id='par_1_57' title="bbox 205 2037 1808 2118">
     <span class='ocr_line' id='line_1_57' title="bbox 205 2037 1808 2118; baseline -0.014 -13"><span class='ocrx_word' id='word_1_392' title='bbox 205 2040 349 2103; x_wconf 57' lang='grc' dir='ltr'>ὑετοὺς</span> <span class='ocrx_word' id='word_1_393' title='bbox 379 2041 654 2118; x_wconf 62' lang='grc' dir='ltr'>ἀποφύγῃ,</span> <span class='ocrx_word' id='word_1_394' title='bbox 691 2045 806 2101; x_wconf 79' lang='grc' dir='ltr'>πῶς</span> <span class='ocrx_word' id='word_1_395' title='bbox 850 2040 1139 2118; x_wconf 71' lang='grc' dir='ltr'>σοφίσηται</span> <span class='ocrx_word' id='word_1_396' title='bbox 1191 2038 1377 2114; x_wconf 72' lang='grc' dir='ltr'>κρύος,</span> <span class='ocrx_word' id='word_1_397' title='bbox 1427 2043 1544 2101; x_wconf 81' lang='grc' dir='ltr'>πῶς</span> <span class='ocrx_word' id='word_1_398' title='bbox 1590 2037 1808 2112; x_wconf 69' lang='grc' dir='ltr'>π),ηγάς</span> 
     </span>
    </p>
   </div>
   <div class='ocr_carea' id='block_1_58' title="bbox 201 2123 1805 2206">
    <p class='ocr_par' dir='ltr' id='par_1_58' title="bbox 201 2123 1805 2206">
     <span class='ocr_line' id='line_1_58' title="bbox 201 2123 1805 2206; baseline -0.001 -24"><span class='ocrx_word' id='word_1_399' title='bbox 201 2131 562 2206; x_wconf 60' lang='grc' dir='ltr'>ἀντιρρὰξηται,</span> <span class='ocrx_word' id='word_1_400' title='bbox 621 2134 740 2191; x_wconf 83' lang='grc' dir='ltr'><strong>πῶς</strong></span> <span class='ocrx_word' id='word_1_401' title='bbox 781 2128 1073 2205; x_wconf 79' lang='grc' dir='ltr'>γεωργήσῃ</span> <span class='ocrx_word' id='word_1_402' title='bbox 1121 2131 1222 2198; x_wconf 71' lang='grc' dir='ltr'>τὴν</span> <span class='ocrx_word' id='word_1_403' title='bbox 1267 2136 1392 2203; x_wconf 80' lang='grc' dir='ltr'>γῆν,</span> <span class='ocrx_word' id='word_1_404' title='bbox 1441 2134 1558 2190; x_wconf 80' lang='grc' dir='ltr'><strong>πῶς</strong></span> <span class='ocrx_word' id='word_1_405' title='bbox 1589 2123 1805 2204; x_wconf 70' lang='grc' dir='ltr'>φοϐήσῃ</span> 
     </span>
    </p>
   </div>
   <div class='ocr_carea' id='block_1_59' title="bbox 1436 2217 1808 2290">
    <p class='ocr_par' dir='ltr' id='par_1_59' title="bbox 1436 2217 1808 2290">
     <span class='ocr_line' id='line_1_59' title="bbox 1436 2217 1808 2290; baseline -0.008 -19"><span class='ocrx_word' id='word_1_406' title='bbox 1436 2217 1614 2290; x_wconf 88' lang='grc' dir='ltr'>Βρεχό</span> <span class='ocrx_word' id='word_1_407' title='bbox 1625 2235 1808 2287; x_wconf 83' lang='grc' dir='ltr'>μενος,</span> 
     </span>
    </p>
   </div>
   <div class='ocr_carea' id='block_1_60' title="bbox 203 2301 1805 2384">
    <p class='ocr_par' dir='ltr' id='par_1_60' title="bbox 203 2301 1805 2384">
     <span class='ocr_line' id='line_1_60' title="bbox 203 2301 1805 2384; baseline -0.001 -25"><span class='ocrx_word' id='word_1_408' title='bbox 203 2307 367 2384; x_wconf 54' lang='grc' dir='ltr'>ὀροφὴν</span> <span class='ocrx_word' id='word_1_409' title='bbox 423 2307 758 2383; x_wconf 78' lang='grc' dir='ltr'>ἐτεχνήσατο</span> <span class='ocrx_word' id='word_1_410' title='bbox 791 2327 803 2338; x_wconf 83' lang='lat'>&#39;</span> <span class='ocrx_word' id='word_1_411' title='bbox 867 2306 1099 2382; x_wconf 81' lang='grc' dir='ltr'>ῥιγώσας</span> <span class='ocrx_word' id='word_1_412' title='bbox 1129 2350 1144 2377; x_wconf 96' lang='grc'><strong>,</strong></span> <span class='ocrx_word' id='word_1_413' title='bbox 1212 2301 1498 2375; x_wconf 70' lang='grc' dir='ltr'>ἐπενόησεν</span> <span class='ocrx_word' id='word_1_414' title='bbox 1560 2302 1759 2376; x_wconf 82' lang='grc' dir='ltr'>ἔνδυμα</span> <span class='ocrx_word' id='word_1_415' title='bbox 1792 2321 1805 2334; x_wconf 91' lang='grc'><strong>·</strong></span> 
     </span>
    </p>
   </div>
   <div class='ocr_carea' id='block_1_61' title="bbox 200 2393 1810 2471">
    <p class='ocr_par' dir='ltr' id='par_1_61' title="bbox 200 2393 1810 2471">
     <span class='ocr_line' id='line_1_61' title="bbox 200 2393 1810 2471; baseline -0.002 -21"><span class='ocrx_word' id='word_1_416' title='bbox 200 2395 534 2470; x_wconf 70' lang='grc' dir='ltr'>πληττόμενος</span> <span class='ocrx_word' id='word_1_417' title='bbox 614 2394 1010 2471; x_wconf 73' lang='grc' dir='ltr'>μεμηχάνηται</span> <span class='ocrx_word' id='word_1_418' title='bbox 1069 2396 1288 2469; x_wconf 84' lang='grc' dir='ltr'>Θώρακα</span> <span class='ocrx_word' id='word_1_419' title='bbox 1335 2415 1348 2427; x_wconf 85' lang='grc'>⁶</span> <span class='ocrx_word' id='word_1_420' title='bbox 1410 2395 1659 2457; x_wconf 75' lang='grc' dir='ltr'>ἀκάνθαις</span> <span class='ocrx_word' id='word_1_421' title='bbox 1714 2393 1810 2455; x_wconf 80' lang='grc' dir='ltr'>τὰς</span> 
     </span>
    </p>
   </div>
   <div class='ocr_carea' id='block_1_62' title="bbox 201 2483 1812 2560">
    <p class='ocr_par' dir='ltr' id='par_1_62' title="bbox 201 2483 1812 2560">
     <span class='ocr_line' id='line_1_62' title="bbox 201 2483 1812 2560; baseline -0.001 -22"><span class='ocrx_word' id='word_1_422' title='bbox 201 2493 354 2559; x_wconf 66' lang='grc' dir='ltr'>χεῖρας</span> <span class='ocrx_word' id='word_1_423' title='bbox 404 2487 617 2560; x_wconf 72' lang='grc' dir='ltr'>γυμνὰς</span> <span class='ocrx_word' id='word_1_424' title='bbox 683 2484 735 2539; x_wconf 84' lang='grc' dir='ltr'>ἐν</span> <span class='ocrx_word' id='word_1_425' title='bbox 789 2484 1071 2560; x_wconf 78' lang='grc' dir='ltr'>γεωργίαις</span> <span class='ocrx_word' id='word_1_426' title='bbox 1132 2485 1436 2557; x_wconf 76' lang='grc' dir='ltr'>αἱμάσσων,</span> <span class='ocrx_word' id='word_1_427' title='bbox 1488 2483 1812 2556; x_wconf 84' lang='grc' dir='ltr'>ἐμελέτησεν</span> 
     </span>
    </p>
   </div>
   <div class='ocr_carea' id='block_1_63' title="bbox 202 2572 1810 2650">
    <p class='ocr_par' dir='ltr' id='par_1_63' title="bbox 202 2572 1810 2650">
     <span class='ocr_line' id='line_1_63' title="bbox 202 2572 1810 2650; baseline -0.002 -22"><span class='ocrx_word' id='word_1_428' title='bbox 202 2576 404 2648; x_wconf 69' lang='grc' dir='ltr'>ὁργάνων</span> <span class='ocrx_word' id='word_1_429' title='bbox 436 2576 723 2650; x_wconf 70' lang='grc' dir='ltr'>βοήθειαν·</span> <span class='ocrx_word' id='word_1_430' title='bbox 754 2575 1171 2648; x_wconf 72' lang='grc' dir='ltr'>γεγυμνωμένος</span> <span class='ocrx_word' id='word_1_431' title='bbox 1221 2575 1435 2648; x_wconf 83' lang='grc' dir='ltr'>θηρίοις</span> <span class='ocrx_word' id='word_1_432' title='bbox 1480 2572 1554 2634; x_wconf 83' lang='grc' dir='ltr'>εἷς</span> <span class='ocrx_word' id='word_1_433' title='bbox 1592 2573 1810 2646; x_wconf 83' lang='grc' dir='ltr'>βρῶμα,</span> 
     </span>
    </p>
   </div>
   <div class='ocr_carea' id='block_1_64' title="bbox 201 2656 1811 2740">
    <p class='ocr_par' dir='ltr' id='par_1_64' title="bbox 201 2656 1811 2740">
     <span class='ocr_line' id='line_1_64' title="bbox 201 2656 1811 2740; baseline -0.003 -24"><span class='ocrx_word' id='word_1_434' title='bbox 201 2663 316 2737; x_wconf 69' lang='grc' dir='ltr'>εὗρεν</span> <span class='ocrx_word' id='word_1_435' title='bbox 345 2663 398 2717; x_wconf 67' lang='grc' dir='ltr'>ἐκ</span> <span class='ocrx_word' id='word_1_436' title='bbox 428 2659 604 2740; x_wconf 64' lang='grc' dir='ltr'>φόϐου</span> <span class='ocrx_word' id='word_1_437' title='bbox 624 2665 855 2738; x_wconf 73' lang='grc' dir='ltr'>τέχνην,</span> <span class='ocrx_word' id='word_1_438' title='bbox 880 2663 947 2717; x_wconf 81' lang='grc' dir='ltr'>τὰ</span> <span class='ocrx_word' id='word_1_439' title='bbox 966 2657 1240 2738; x_wconf 76' lang='grc' dir='ltr'>φοϐοῦντα</span> <span class='ocrx_word' id='word_1_440' title='bbox 1269 2656 1561 2739; x_wconf 72' lang='grc' dir='ltr'>φοϐοὖσαν.</span> <span class='ocrx_word' id='word_1_441' title='bbox 1594 2658 1811 2728; x_wconf 79' lang='grc' dir='ltr'>Ἀλλην</span> 
     </span>
    </p>
   </div>
   <div class='ocr_carea' id='block_1_65' title="bbox 203 2215 1372 2293">
    <p class='ocr_par' dir='ltr' id='par_1_65' title="bbox 203 2215 1372 2293">
     <span class='ocr_line' id='line_1_65' title="bbox 203 2215 1372 2293; baseline 0.002 -22"><span class='ocrx_word' id='word_1_442' title='bbox 203 2219 346 2292; x_wconf 69' lang='grc' dir='ltr'>θηρία,</span> <span class='ocrx_word' id='word_1_443' title='bbox 395 2224 511 2281; x_wconf 83' lang='grc' dir='ltr'>πῶς</span> <span class='ocrx_word' id='word_1_444' title='bbox 590 2215 809 2292; x_wconf 73' lang='grc' dir='ltr'>δαμάσῃ</span> <span class='ocrx_word' id='word_1_445' title='bbox 865 2218 931 2272; x_wconf 70' lang='grc' dir='ltr'>τὰ</span> <span class='ocrx_word' id='word_1_446' title='bbox 987 2215 1327 2293; x_wconf 76' lang='grc' dir='ltr'>δυνατώτερα</span> <span class='ocrx_word' id='word_1_447' title='bbox 1361 2261 1372 2273; x_wconf 93' lang='grc'><em>.</em></span> 
     </span>
    </p>
   </div>
   <div class='ocr_carea' id='block_1_66' title="bbox 203 3101 1817 3184">
    <p class='ocr_par' dir='ltr' id='par_1_66' title="bbox 203 3101 1817 3184">
     <span class='ocr_line' id='line_1_66' title="bbox 203 3101 1817 3184; baseline -0.002 -23"><span class='ocrx_word' id='word_1_448' title='bbox 203 3107 426 3178; x_wconf 75' lang='grc' dir='ltr'>λὼν,τήν</span> <span class='ocrx_word' id='word_1_449' title='bbox 475 3108 811 3184; x_wconf 72' lang='grc' dir='ltr'>εὐχάριστον</span> <span class='ocrx_word' id='word_1_450' title='bbox 854 3106 1056 3177; x_wconf 76' lang='grc' dir='ltr'>ταύτην</span> <span class='ocrx_word' id='word_1_451' title='bbox 1102 3109 1282 3183; x_wconf 69' lang='grc' dir='ltr'>φωνὴν</span> <span class='ocrx_word' id='word_1_452' title='bbox 1335 3101 1636 3178; x_wconf 73' lang='grc' dir='ltr'>ἐξεϐόησεν·</span> <span class='ocrx_word' id='word_1_453' title='bbox 1675 3111 1817 3175; x_wconf 87' lang='grc' dir='ltr'>Γυμ-</span> 
     </span>
    </p>
   </div>
   <div class='ocr_carea' id='block_1_67' title="bbox 200 3192 1818 3270">
    <p class='ocr_par' dir='ltr' id='par_1_67' title="bbox 200 3192 1818 3270">
     <span class='ocr_line' id='line_1_67' title="bbox 200 3192 1818 3270; baseline -0.005 -18"><span class='ocrx_word' id='word_1_454' title='bbox 200 3200 269 3259; x_wconf 77' lang='grc' dir='ltr'>νὸς</span> <span class='ocrx_word' id='word_1_455' title='bbox 293 3199 505 3268; x_wconf 74' lang='grc' dir='ltr'>ἐξῆλθον</span> <span class='ocrx_word' id='word_1_456' title='bbox 541 3197 604 3252; x_wconf 72' lang='grc' dir='ltr'>ἐκ</span> <span class='ocrx_word' id='word_1_457' title='bbox 655 3194 879 3267; x_wconf 78' lang='grc' dir='ltr'>νηδύος,</span> <span class='ocrx_word' id='word_1_458' title='bbox 911 3197 1117 3270; x_wconf 89' lang='grc' dir='ltr'>γυμνὸς</span> <span class='ocrx_word' id='word_1_459' title='bbox 1162 3195 1251 3249; x_wconf 88' lang='grc' dir='ltr'><strong>καὶ</strong></span> <span class='ocrx_word' id='word_1_460' title='bbox 1282 3192 1656 3266; x_wconf 70' lang='grc' dir='ltr'>ἀπελεύσομαι</span> <span class='ocrx_word' id='word_1_461' title='bbox 1689 3192 1818 3262; x_wconf 83' lang='grc' dir='ltr'>ἐκεῖ,</span> 
     </span>
    </p>
   </div>
   <div class='ocr_carea' id='block_1_68' title="bbox 202 3280 1822 3359">
    <p class='ocr_par' dir='ltr' id='par_1_68' title="bbox 202 3280 1822 3359">
     <span class='ocr_line' id='line_1_68' title="bbox 202 3280 1822 3359; baseline -0.002 -21"><span class='ocrx_word' id='word_1_462' title='bbox 202 3287 310 3358; x_wconf 74' lang='grc' dir='ltr'>πρὸς</span> <span class='ocrx_word' id='word_1_463' title='bbox 336 3289 456 3342; x_wconf 84' lang='grc' dir='ltr'>θεὸν</span> <span class='ocrx_word' id='word_1_464' title='bbox 484 3285 715 3357; x_wconf 78' lang='grc' dir='ltr'>δηλαδὴ</span> <span class='ocrx_word' id='word_1_465' title='bbox 745 3285 962 3354; x_wconf 75' lang='grc' dir='ltr'>καὶτὴν</span> <span class='ocrx_word' id='word_1_466' title='bbox 997 3285 1258 3359; x_wconf 81' lang='grc' dir='ltr'>μακαρίαν</span> <span class='ocrx_word' id='word_1_467' title='bbox 1295 3282 1449 3354; x_wconf 75' lang='grc' dir='ltr'>λῆξιν</span> <span class='ocrx_word' id='word_1_468' title='bbox 1493 3283 1701 3352; x_wconf 80' lang='grc' dir='ltr'>ἐκείνην</span> <span class='ocrx_word' id='word_1_469' title='bbox 1734 3280 1822 3336; x_wconf 86' lang='grc' dir='ltr'><strong>καὶ</strong></span> 
     </span>
    </p>
   </div>
   <div class='ocr_carea' id='block_1_69' title="bbox 203 3374 478 3432">
    <p class='ocr_par' dir='ltr' id='par_1_69' title="bbox 203 3374 478 3432">
     <span class='ocr_line' id='line_1_69' title="bbox 203 3374 478 3432; baseline 0.011 -4"><span class='ocrx_word' id='word_1_470' title='bbox 203 3374 478 3432; x_wconf 68' lang='grc' dir='ltr'>ἀνάπαυσιν.</span> 
     </span>
    </p>
   </div>
   <div class='ocr_carea' id='block_1_70' title="bbox 1930 3105 3573 3177">
    <p class='ocr_par' dir='ltr' id='par_1_70' title="bbox 1930 3105 3573 3177">
     <span class='ocr_line' id='line_1_70' title="bbox 1930 3105 3573 3177; baseline 0.004 -18"><span class='ocrx_word' id='word_1_471' title='bbox 1930 3107 2203 3174; x_wconf 81' lang='lat' dir='ltr'><strong>perfusus</strong></span> <span class='ocrx_word' id='word_1_472' title='bbox 2250 3109 2401 3158; x_wconf 90' lang='lat' dir='ltr'><strong>tecta</strong></span> <span class='ocrx_word' id='word_1_473' title='bbox 2451 3105 2783 3170; x_wconf 72' lang='lat' dir='ltr'><strong>fabricavit;</strong></span> <span class='ocrx_word' id='word_1_474' title='bbox 2853 3107 3066 3177; x_wconf 79' lang='lat' dir='ltr'><strong>frigore</strong></span> <span class='ocrx_word' id='word_1_475' title='bbox 3137 3107 3573 3166; x_wconf 88' lang='lat' dir='ltr'><strong>vehementiore</strong></span> 
     </span>
    </p>
   </div>
   <div class='ocr_carea' id='block_1_71' title="bbox 1852 3176 3574 3262">
    <p class='ocr_par' dir='ltr' id='par_1_71' title="bbox 1852 3176 3574 3262">
     <span class='ocr_line' id='line_1_71' title="bbox 1852 3176 3574 3262; baseline 0.008 -21"><span class='ocrx_word' id='word_1_476' title='bbox 1852 3176 1894 3241; x_wconf 89' lang='lat' dir='ltr'><strong>C</strong></span> <span class='ocrx_word' id='word_1_477' title='bbox 1933 3194 2206 3253; x_wconf 85' lang='lat' dir='ltr'><strong>alllictus,</strong></span> <span class='ocrx_word' id='word_1_478' title='bbox 2241 3192 2588 3247; x_wconf 83' lang='lat' dir='ltr'><strong>indumenta</strong></span> <span class='ocrx_word' id='word_1_479' title='bbox 2618 3195 2995 3262; x_wconf 81' lang='lat' dir='ltr'><strong>excogitavit;</strong></span> <span class='ocrx_word' id='word_1_480' title='bbox 3029 3197 3180 3251; x_wconf 91' lang='lat' dir='ltr'><strong>ictus</strong></span> <span class='ocrx_word' id='word_1_481' title='bbox 3209 3214 3274 3252; x_wconf 92' lang='lat' dir='ltr'><strong>ac</strong></span> <span class='ocrx_word' id='word_1_482' title='bbox 3303 3199 3574 3255; x_wconf 85' lang='lat' dir='ltr'><strong>vulnera-</strong></span> 
     </span>
    </p>
   </div>
   <div class='ocr_carea' id='block_1_72' title="bbox 1936 3282 3577 3356">
    <p class='ocr_par' dir='ltr' id='par_1_72' title="bbox 1936 3282 3577 3356">
     <span class='ocr_line' id='line_1_72' title="bbox 1936 3282 3577 3356; baseline 0.004 -19"><span class='ocrx_word' id='word_1_483' title='bbox 1936 3288 2053 3348; x_wconf 88' lang='lat' dir='ltr'><strong>tus,</strong></span> <span class='ocrx_word' id='word_1_484' title='bbox 2074 3283 2365 3336; x_wconf 80' lang='lat' dir='ltr'><strong>thoracem</strong></span> <span class='ocrx_word' id='word_1_485' title='bbox 2401 3282 2796 3350; x_wconf 86' lang='lat' dir='ltr'><strong>invenit;cum</strong></span> <span class='ocrx_word' id='word_1_486' title='bbox 2828 3300 3040 3340; x_wconf 89' lang='lat' dir='ltr'><strong>manus</strong></span> <span class='ocrx_word' id='word_1_487' title='bbox 3069 3285 3127 3340; x_wconf 91' lang='lat' dir='ltr'><strong>in</strong></span> <span class='ocrx_word' id='word_1_488' title='bbox 3161 3286 3577 3356; x_wconf 84' lang='lat' dir='ltr'><strong>agricolatione</strong></span> 
     </span>
    </p>
   </div>
   <div class='ocr_carea' id='block_1_73' title="bbox 1937 3369 3579 3440">
    <p class='ocr_par' dir='ltr' id='par_1_73' title="bbox 1937 3369 3579 3440">
     <span class='ocr_line' id='line_1_73' title="bbox 1937 3369 3579 3440; baseline 0.004 -16"><span class='ocrx_word' id='word_1_489' title='bbox 1937 3376 2230 3440; x_wconf 73' lang='lat' dir='ltr'><strong>occupatae</strong></span> <span class='ocrx_word' id='word_1_490' title='bbox 2263 3369 2452 3439; x_wconf 90' lang='lat' dir='ltr'><strong>spinis</strong></span> <span class='ocrx_word' id='word_1_491' title='bbox 2481 3373 3321 3438; x_wconf 81' lang='lat' dir='ltr'><strong>cruentarentur,rusticorum</strong></span> <span class='ocrx_word' id='word_1_492' title='bbox 3355 3377 3579 3431; x_wconf 88' lang='lat' dir='ltr'><strong>instru-</strong></span> 
     </span>
    </p>
   </div>
   <div class='ocr_carea' id='block_1_74' title="bbox 207 3457 3578 3534">
    <p class='ocr_par' dir='ltr' id='par_1_74' title="bbox 207 3457 3578 3534">
     <span class='ocr_line' id='line_1_74' title="bbox 207 3457 3578 3534; baseline -0.001 -14"><span class='ocrx_word' id='word_1_493' title='bbox 207 3475 496 3522; x_wconf 87' lang='lat' dir='ltr'><strong>mentorum</strong></span> <span class='ocrx_word' id='word_1_494' title='bbox 531 3463 971 3522; x_wconf 87' lang='lat' dir='ltr'><strong>adminiculum</strong></span> <span class='ocrx_word' id='word_1_495' title='bbox 1004 3462 1383 3534; x_wconf 81' lang='lat' dir='ltr'><strong>excogitavit;</strong></span> <span class='ocrx_word' id='word_1_496' title='bbox 1417 3463 1610 3517; x_wconf 91' lang='lat' dir='ltr'><strong>nudus</strong></span> <span class='ocrx_word' id='word_1_497' title='bbox 1639 3470 1701 3533; x_wconf 51' lang='lat' dir='ltr'><strong>py</strong></span> <span class='ocrx_word' id='word_1_498' title='bbox 1737 3461 1995 3517; x_wconf 83' lang='lat' dir='ltr'><strong>existens</strong></span> <span class='ocrx_word' id='word_1_499' title='bbox 2024 3466 2082 3514; x_wconf 88' lang='lat' dir='ltr'><strong>et</strong></span> <span class='ocrx_word' id='word_1_500' title='bbox 2107 3474 2240 3512; x_wconf 88' lang='lat' dir='ltr'><strong>esca</strong></span> <span class='ocrx_word' id='word_1_501' title='bbox 2270 3457 2505 3528; x_wconf 90' lang='lat' dir='ltr'><strong>belluis,</strong></span> <span class='ocrx_word' id='word_1_502' title='bbox 2538 3464 2724 3514; x_wconf 88' lang='lat' dir='ltr'><strong>artem</strong></span> <span class='ocrx_word' id='word_1_503' title='bbox 2757 3466 3123 3516; x_wconf 91' lang='lat' dir='ltr'><strong>commentus</strong></span> <span class='ocrx_word' id='word_1_504' title='bbox 3155 3467 3266 3527; x_wconf 87' lang='lat' dir='ltr'><strong>est,</strong></span> <span class='ocrx_word' id='word_1_505' title='bbox 3299 3480 3425 3533; x_wconf 83' lang='lat' dir='ltr'><strong>quae</strong></span> <span class='ocrx_word' id='word_1_506' title='bbox 3460 3466 3578 3520; x_wconf 82' lang='lat' dir='ltr'><strong>for-</strong></span> 
     </span>
    </p>
   </div>
   <div class='ocr_carea' id='block_1_75' title="bbox 208 3546 3580 3618">
    <p class='ocr_par' dir='ltr' id='par_1_75' title="bbox 208 3546 3580 3618">
     <span class='ocr_line' id='line_1_75' title="bbox 208 3546 3580 3618; baseline 0 -10"><span class='ocrx_word' id='word_1_507' title='bbox 208 3555 547 3612; x_wconf 84' lang='lat' dir='ltr'><strong>midabilibus</strong></span> <span class='ocrx_word' id='word_1_508' title='bbox 581 3555 962 3611; x_wconf 83' lang='lat' dir='ltr'><strong>formidinem</strong></span> <span class='ocrx_word' id='word_1_509' title='bbox 995 3553 1300 3609; x_wconf 88' lang='lat' dir='ltr'><strong>incuteret.</strong></span> <span class='ocrx_word' id='word_1_510' title='bbox 1335 3552 1517 3607; x_wconf 83' lang='lat' dir='ltr'><strong>Aliam</strong></span> <span class='ocrx_word' id='word_1_511' title='bbox 1550 3567 1619 3607; x_wconf 87' lang='lat' dir='ltr'><strong>ex</strong></span> <span class='ocrx_word' id='word_1_512' title='bbox 1651 3551 1765 3606; x_wconf 87' lang='lat' dir='ltr'><strong>alia</strong></span> <span class='ocrx_word' id='word_1_513' title='bbox 1794 3549 2093 3606; x_wconf 89' lang='lat' dir='ltr'><strong>solertiam</strong></span> <span class='ocrx_word' id='word_1_514' title='bbox 2130 3546 2366 3602; x_wconf 87' lang='lat' dir='ltr'><strong>nuditas</strong></span> <span class='ocrx_word' id='word_1_515' title='bbox 2397 3549 2619 3618; x_wconf 88' lang='lat' dir='ltr'><strong>genuit,</strong></span> <span class='ocrx_word' id='word_1_516' title='bbox 2667 3553 2732 3602; x_wconf 92' lang='lat' dir='ltr'><strong>ut</strong></span> <span class='ocrx_word' id='word_1_517' title='bbox 2771 3550 2896 3617; x_wconf 87' lang='lat' dir='ltr'><strong>jam</strong></span> <span class='ocrx_word' id='word_1_518' title='bbox 2943 3551 3180 3605; x_wconf 89' lang='lat' dir='ltr'><strong>nuditas</strong></span> <span class='ocrx_word' id='word_1_519' title='bbox 3228 3554 3446 3608; x_wconf 90' lang='lat' dir='ltr'><strong>donum</strong></span> <span class='ocrx_word' id='word_1_520' title='bbox 3501 3551 3580 3609; x_wconf 89' lang='lat' dir='ltr'><strong>sit</strong></span> 
     </span>
    </p>
   </div>
   <div class='ocr_carea' id='block_1_76' title="bbox 209 3635 3578 3717">
    <p class='ocr_par' dir='ltr' id='par_1_76' title="bbox 209 3635 3578 3717">
     <span class='ocr_line' id='line_1_76' title="bbox 209 3635 3578 3717; baseline -0.001 -19"><span class='ocrx_word' id='word_1_521' title='bbox 209 3642 426 3710; x_wconf 82' lang='lat' dir='ltr'><strong>Domini,</strong></span> <span class='ocrx_word' id='word_1_522' title='bbox 455 3653 514 3701; x_wconf 90' lang='lat' dir='ltr'><strong>et</strong></span> <span class='ocrx_word' id='word_1_523' title='bbox 544 3643 743 3717; x_wconf 87' lang='lat' dir='ltr'><strong>gratia</strong></span> <span class='ocrx_word' id='word_1_524' title='bbox 773 3644 844 3698; x_wconf 88' lang='lat' dir='ltr'><strong>ab</strong></span> <span class='ocrx_word' id='word_1_525' title='bbox 877 3642 978 3696; x_wconf 94' lang='lat' dir='ltr'><strong>illo</strong></span> <span class='ocrx_word' id='word_1_526' title='bbox 1004 3658 1296 3697; x_wconf 75' lang='lat' dir='ltr'><strong>concessa.</strong></span> <span class='ocrx_word' id='word_1_527' title='bbox 1331 3641 1599 3695; x_wconf 90' lang='lat' dir='ltr'><strong>Nudatus</strong></span> <span class='ocrx_word' id='word_1_528' title='bbox 1633 3641 1811 3709; x_wconf 78' lang='lat' dir='ltr'><strong>igitur</strong></span> <span class='ocrx_word' id='word_1_529' title='bbox 1838 3639 1947 3694; x_wconf 86' lang='lat' dir='ltr'><strong>Job</strong></span> <span class='ocrx_word' id='word_1_530' title='bbox 1979 3637 2188 3707; x_wconf 91' lang='lat' dir='ltr'><strong>opibus</strong></span> <span class='ocrx_word' id='word_1_531' title='bbox 2219 3635 2365 3702; x_wconf 89' lang='lat' dir='ltr'><strong>suis,</strong></span> <span class='ocrx_word' id='word_1_532' title='bbox 2403 3636 2898 3706; x_wconf 86' lang='lat' dir='ltr'><strong>possessionibus,</strong></span> <span class='ocrx_word' id='word_1_533' title='bbox 2951 3638 3225 3708; x_wconf 64' lang='lat' dir='ltr'><strong>praeclara</strong></span> <span class='ocrx_word' id='word_1_534' title='bbox 3273 3644 3330 3695; x_wconf 91' lang='lat' dir='ltr'><strong>et</strong></span> <span class='ocrx_word' id='word_1_535' title='bbox 3375 3656 3578 3696; x_wconf 83' lang='lat' dir='ltr'><strong>nume-</strong></span> 
     </span>
    </p>
   </div>
   <div class='ocr_carea' id='block_1_77' title="bbox 206 3724 3582 3802">
    <p class='ocr_par' dir='ltr' id='par_1_77' title="bbox 206 3724 3582 3802">
     <span class='ocr_line' id='line_1_77' title="bbox 206 3724 3582 3802; baseline -0.001 -12"><span class='ocrx_word' id='word_1_536' title='bbox 206 3749 310 3789; x_wconf 82' lang='lat' dir='ltr'><strong>rosa</strong></span> <span class='ocrx_word' id='word_1_537' title='bbox 335 3735 551 3802; x_wconf 90' lang='lat' dir='ltr'><strong>sobole,</strong></span> <span class='ocrx_word' id='word_1_538' title='bbox 587 3739 650 3789; x_wconf 90' lang='lat' dir='ltr'><strong>et</strong></span> <span class='ocrx_word' id='word_1_539' title='bbox 685 3734 841 3787; x_wconf 87' lang='lat' dir='ltr'><strong>brevi</strong></span> <span class='ocrx_word' id='word_1_540' title='bbox 875 3732 1063 3802; x_wconf 90' lang='lat' dir='ltr'><strong>spatio</strong></span> <span class='ocrx_word' id='word_1_541' title='bbox 1095 3731 1186 3785; x_wconf 89' lang='lat' dir='ltr'><strong>bis</strong></span> <span class='ocrx_word' id='word_1_542' title='bbox 1217 3730 1492 3785; x_wconf 90' lang='lat' dir='ltr'><strong>omnibus</strong></span> <span class='ocrx_word' id='word_1_543' title='bbox 1525 3729 1834 3800; x_wconf 87' lang='lat' dir='ltr'><strong>spoliatus,</strong></span> <span class='ocrx_word' id='word_1_544' title='bbox 1866 3725 1974 3781; x_wconf 88' lang='lat' dir='ltr'><strong>hac</strong></span> <span class='ocrx_word' id='word_1_545' title='bbox 2008 3724 2178 3796; x_wconf 90' lang='lat' dir='ltr'><strong>plena</strong></span> <span class='ocrx_word' id='word_1_546' title='bbox 2208 3724 2357 3795; x_wconf 86' lang='lat' dir='ltr'><strong>grati</strong></span> <span class='ocrx_word' id='word_1_547' title='bbox 2390 3725 2571 3778; x_wconf 90' lang='lat' dir='ltr'><strong>animi</strong></span> <span class='ocrx_word' id='word_1_548' title='bbox 2605 3741 2740 3780; x_wconf 90' lang='lat' dir='ltr'><strong>voce</strong></span> <span class='ocrx_word' id='word_1_549' title='bbox 2769 3726 3114 3782; x_wconf 86' lang='lat' dir='ltr'><strong>exclamavit</strong></span> <span class='ocrx_word' id='word_1_550' title='bbox 3147 3745 3159 3783; x_wconf 93' lang='lat'>:</span> <span class='ocrx_word' id='word_1_551' title='bbox 3192 3729 3375 3784; x_wconf 79' lang='lat' dir='ltr'><strong>Nudus</strong></span> <span class='ocrx_word' id='word_1_552' title='bbox 3402 3746 3582 3802; x_wconf 75' lang='lat' dir='ltr'><strong>egres-</strong></span> 
     </span>
    </p>
   </div>
   <div class='ocr_carea' id='block_1_78' title="bbox 206 3813 3300 3889">
    <p class='ocr_par' dir='ltr' id='par_1_78' title="bbox 206 3813 3300 3889">
     <span class='ocr_line' id='line_1_78' title="bbox 206 3813 3300 3889; baseline -0.001 -14"><span class='ocrx_word' id='word_1_553' title='bbox 206 3836 276 3875; x_wconf 72' lang='lat' dir='ltr'><strong>m</strong></span> <span class='ocrx_word' id='word_1_554' title='bbox 297 3839 408 3878; x_wconf 71' lang='lat' dir='ltr'><strong>sum</strong></span> <span class='ocrx_word' id='word_1_555' title='bbox 436 3840 506 3879; x_wconf 70' lang='lat' dir='ltr'><strong>ex</strong></span> <span class='ocrx_word' id='word_1_556' title='bbox 534 3833 720 3888; x_wconf 78' lang='lat' dir='ltr'><strong>utero,</strong></span> <span class='ocrx_word' id='word_1_557' title='bbox 751 3821 929 3876; x_wconf 72' lang='lat' dir='ltr'><strong>nudus</strong></span> <span class='ocrx_word' id='word_1_558' title='bbox 958 3821 1131 3876; x_wconf 80' lang='lat' dir='ltr'><strong>etiam</strong></span> <span class='ocrx_word' id='word_1_559' title='bbox 1164 3824 1414 3874; x_wconf 80' lang='lat' dir='ltr'><strong>revertar</strong></span> <span class='ocrx_word' id='word_1_560' title='bbox 1442 3818 1598 3887; x_wconf 74' lang='lat' dir='ltr'><strong>illuc,</strong></span> <span class='ocrx_word' id='word_1_561' title='bbox 1633 3816 1912 3872; x_wconf 84' lang='lat' dir='ltr'><strong>nimirum</strong></span> <span class='ocrx_word' id='word_1_562' title='bbox 1943 3815 2013 3869; x_wconf 90' lang='lat' dir='ltr'><strong>ad</strong></span> <span class='ocrx_word' id='word_1_563' title='bbox 2048 3820 2227 3869; x_wconf 87' lang='lat' dir='ltr'><strong>Deum</strong></span> <span class='ocrx_word' id='word_1_564' title='bbox 2260 3823 2312 3868; x_wconf 84' lang='lat' dir='ltr'><strong>et</strong></span> <span class='ocrx_word' id='word_1_565' title='bbox 2346 3813 2650 3869; x_wconf 85' lang='lat' dir='ltr'><strong>beatorum</strong></span> <span class='ocrx_word' id='word_1_566' title='bbox 2682 3820 2896 3870; x_wconf 79' lang='lat' dir='ltr'><strong>sortem</strong></span> <span class='ocrx_word' id='word_1_567' title='bbox 2927 3821 2986 3871; x_wconf 89' lang='lat' dir='ltr'><strong>et</strong></span> <span class='ocrx_word' id='word_1_568' title='bbox 3016 3819 3300 3889; x_wconf 88' lang='lat' dir='ltr'><strong>requiem.</strong></span> 
     </span>
    </p>
   </div>
   <div class='ocr_carea' id='block_1_79' title="bbox 1835 4070 1932 4128">
    <p class='ocr_par' dir='ltr' id='par_1_79' title="bbox 1835 4070 1932 4128">
     <span class='ocr_line' id='line_1_79' title="bbox 1835 4070 1932 4128; baseline 0.021 -2"><span class='ocrx_word' id='word_1_569' title='bbox 1835 4070 1932 4128; x_wconf 90' lang='lat' dir='ltr'><strong>VI.</strong></span> 
     </span>
    </p>
   </div>
   <div class='ocr_carea' id='block_1_80' title="bbox 1227 4172 2549 4252">
    <p class='ocr_par' dir='ltr' id='par_1_80' title="bbox 1227 4172 2549 4252">
     <span class='ocr_line' id='line_1_80' title="bbox 1227 4172 2549 4252; baseline -0.002 -18"><span class='ocrx_word' id='word_1_570' title='bbox 1227 4175 1330 4236; x_wconf 84' lang='lat' dir='ltr'><strong>EX</strong></span> <span class='ocrx_word' id='word_1_571' title='bbox 1375 4173 1687 4234; x_wconf 66' lang='lat' dir='ltr'><strong>NICETJE</strong></span> <span class='ocrx_word' id='word_1_572' title='bbox 1731 4173 2042 4232; x_wconf 75' lang='lat' dir='ltr'><strong>CATENA</strong></span> <span class='ocrx_word' id='word_1_573' title='bbox 2089 4172 2165 4232; x_wconf 85' lang='lat' dir='ltr'><strong>IN</strong></span> <span class='ocrx_word' id='word_1_574' title='bbox 2215 4173 2351 4234; x_wconf 87' lang='lat' dir='ltr'><strong>JUB</strong></span> <span class='ocrx_word' id='word_1_575' title='bbox 2399 4172 2549 4252; x_wconf 89' lang='lat'><strong>(90).</strong></span> 
     </span>
    </p>
   </div>
   <div class='ocr_carea' id='block_1_81' title="bbox 1625 4278 2172 4351">
    <p class='ocr_par' dir='ltr' id='par_1_81' title="bbox 1625 4278 2172 4351">
     <span class='ocr_line' id='line_1_81' title="bbox 1625 4278 2172 4351; baseline -0.002 -16"><span class='ocrx_word' id='word_1_576' title='bbox 1625 4278 1785 4351; x_wconf 88' lang='lat' dir='ltr'><strong>(Cap.</strong></span> <span class='ocrx_word' id='word_1_577' title='bbox 1817 4295 1971 4344; x_wconf 73' lang='lat' dir='ltr'><strong>xxxv,</strong></span> <span class='ocrx_word' id='word_1_578' title='bbox 2006 4295 2059 4333; x_wconf 86' lang='grc' dir='ltr'>ν.</span> <span class='ocrx_word' id='word_1_579' title='bbox 2090 4279 2172 4350; x_wconf 91' lang='grc'><strong>7.)</strong></span> 
     </span>
    </p>
   </div>
   <div class='ocr_carea' id='block_1_82' title="bbox 271 4527 1807 4610">
    <p class='ocr_par' dir='ltr' id='par_1_82' title="bbox 271 4527 1807 4610">
     <span class='ocr_line' id='line_1_82' title="bbox 271 4527 1807 4610; baseline -0.003 -22"><span class='ocrx_word' id='word_1_580' title='bbox 271 4540 455 4610; x_wconf 70' lang='grc' dir='ltr'>Χρῆμα</span> <span class='ocrx_word' id='word_1_581' title='bbox 495 4541 608 4590; x_wconf 83' lang='grc' dir='ltr'>τῶν</span> <span class='ocrx_word' id='word_1_582' title='bbox 661 4533 847 4590; x_wconf 71' lang='grc' dir='ltr'>ἄλλων</span> <span class='ocrx_word' id='word_1_583' title='bbox 893 4533 1142 4588; x_wconf 80' lang='grc' dir='ltr'>ἁπάντων</span> <span class='ocrx_word' id='word_1_584' title='bbox 1188 4531 1272 4587; x_wconf 82' lang='grc' dir='ltr'><strong>ὅτι</strong></span> <span class='ocrx_word' id='word_1_585' title='bbox 1307 4531 1544 4604; x_wconf 85' lang='grc' dir='ltr'>μάλιστα</span> <span class='ocrx_word' id='word_1_586' title='bbox 1571 4527 1807 4606; x_wconf 78' lang='grc' dir='ltr'>τιμαλφέ</span> 
     </span>
    </p>
   </div>
   <div class='ocr_carea' id='block_1_83' title="bbox 1917 4527 3601 4610">
    <p class='ocr_par' dir='ltr' id='par_1_83' title="bbox 1917 4529 3601 4607">
     <span class='ocr_line' id='line_1_83' title="bbox 1917 4529 3601 4607; baseline 0.002 -20"><span class='ocrx_word' id='word_1_587' title='bbox 1917 4545 1923 4587; x_wconf 80' lang='lat' dir='ltr'><strong>l</strong></span> <span class='ocrx_word' id='word_1_588' title='bbox 2026 4531 2179 4585; x_wconf 75' lang='lat'><strong>378</strong></span> <span class='ocrx_word' id='word_1_589' title='bbox 2229 4529 2424 4584; x_wconf 89' lang='lat' dir='ltr'><strong>Animi</strong></span> <span class='ocrx_word' id='word_1_590' title='bbox 2470 4530 2870 4602; x_wconf 86' lang='lat' dir='ltr'><strong>tranquillitas</strong></span> <span class='ocrx_word' id='word_1_591' title='bbox 2909 4535 3388 4588; x_wconf 88' lang='lat' dir='ltr'><strong>rerumomnium</strong></span> <span class='ocrx_word' id='word_1_592' title='bbox 3429 4534 3601 4607; x_wconf 89' lang='lat' dir='ltr'><strong>longe</strong></span> 
     </span>
    </p>
   </div>
   <div class='ocr_carea' id='block_1_84' title="bbox 219 4618 1807 4698">
    <p class='ocr_par' dir='ltr' id='par_1_84' title="bbox 219 4618 1807 4698">
     <span class='ocr_line' id='line_1_84' title="bbox 219 4618 1807 4698; baseline -0.003 -22"><span class='ocrx_word' id='word_1_593' title='bbox 219 4641 377 4677; x_wconf 73' lang='grc' dir='ltr'>στατον</span> <span class='ocrx_word' id='word_1_594' title='bbox 408 4628 444 4694; x_wconf 73' lang='grc' dir='ltr'>ἡ</span> <span class='ocrx_word' id='word_1_595' title='bbox 476 4623 756 4698; x_wconf 78' lang='grc' dir='ltr'>ἀταραξία·</span> <span class='ocrx_word' id='word_1_596' title='bbox 788 4628 1036 4678; x_wconf 80' lang='grc' dir='ltr'>τοιοῦτον</span> <span class='ocrx_word' id='word_1_597' title='bbox 1080 4625 1218 4694; x_wconf 79' lang='grc' dir='ltr'>ἡμῖν</span> <span class='ocrx_word' id='word_1_598' title='bbox 1251 4623 1278 4676; x_wconf 89' lang='grc' dir='ltr'>ὁ</span> <span class='ocrx_word' id='word_1_599' title='bbox 1323 4619 1492 4695; x_wconf 88' lang='grc' dir='ltr'>λόγος</span> <span class='ocrx_word' id='word_1_600' title='bbox 1544 4618 1807 4693; x_wconf 72' lang='grc' dir='ltr'>ὑπογράφε</span> 
     </span>
    </p>
   </div>
   <div class='ocr_carea' id='block_1_85' title="bbox 1917 4618 3603 4698">
    <p class='ocr_par' dir='ltr' id='par_1_85' title="bbox 1955 4619 3603 4692">
     <span class='ocr_line' id='line_1_85' title="bbox 1955 4619 3603 4692; baseline 0.004 -18"><span class='ocrx_word' id='word_1_601' title='bbox 1955 4619 2386 4692; x_wconf 90' lang='lat' dir='ltr'><strong>pretiosissima</strong></span> <span class='ocrx_word' id='word_1_602' title='bbox 2418 4619 2708 4674; x_wconf 81' lang='lat' dir='ltr'><strong>estztalem</strong></span> <span class='ocrx_word' id='word_1_603' title='bbox 2744 4621 2911 4675; x_wconf 91' lang='lat' dir='ltr'><strong>nobis</strong></span> <span class='ocrx_word' id='word_1_604' title='bbox 2946 4622 3035 4675; x_wconf 87' lang='lat' dir='ltr'><strong>hic</strong></span> <span class='ocrx_word' id='word_1_605' title='bbox 3067 4626 3355 4678; x_wconf 89' lang='lat' dir='ltr'><strong>tractatus</strong></span> <span class='ocrx_word' id='word_1_606' title='bbox 3386 4625 3603 4682; x_wconf 87' lang='lat' dir='ltr'><strong>Jobum</strong></span> 
     </span>
    </p>
   </div>
   <div class='ocr_carea' id='block_1_86' title="bbox 216 4706 1807 4786">
    <p class='ocr_par' dir='ltr' id='par_1_86' title="bbox 216 4706 1807 4786">
     <span class='ocr_line' id='line_1_86' title="bbox 216 4706 1807 4786; baseline 0 -25"><span class='ocrx_word' id='word_1_607' title='bbox 216 4712 290 4762; x_wconf 70' lang='grc' dir='ltr'>τὸν</span> <span class='ocrx_word' id='word_1_608' title='bbox 347 4715 614 4785; x_wconf 71' lang='grc' dir='ltr'>μακάριον</span> <span class='ocrx_word' id='word_1_609' title='bbox 676 4706 820 4767; x_wconf 71' lang='grc' dir='ltr'><strong>Ἰώὸ.</strong></span> <span class='ocrx_word' id='word_1_610' title='bbox 885 4711 1110 4786; x_wconf 69' lang='grc' dir='ltr'>Εἴρηται</span> <span class='ocrx_word' id='word_1_611' title='bbox 1168 4710 1271 4784; x_wconf 80' lang='grc' dir='ltr'>γὰρ</span> <span class='ocrx_word' id='word_1_612' title='bbox 1321 4710 1444 4785; x_wconf 86' lang='grc' dir='ltr'>περί</span> <span class='ocrx_word' id='word_1_613' title='bbox 1501 4708 1684 4762; x_wconf 74' lang='grc' dir='ltr'>αὐτοῦ’</span> <span class='ocrx_word' id='word_1_614' title='bbox 1747 4708 1807 4765; x_wconf 77' lang='lat' dir='ltr'><strong>Ti</strong></span> 
     </span>
    </p>
   </div>
   <div class='ocr_carea' id='block_1_87' title="bbox 1917 4706 3600 4786">
    <p class='ocr_par' dir='ltr' id='par_1_87' title="bbox 1957 4708 3600 4780">
     <span class='ocr_line' id='line_1_87' title="bbox 1957 4708 3600 4780; baseline 0.004 -17"><span class='ocrx_word' id='word_1_615' title='bbox 1957 4725 2058 4780; x_wconf 92' lang='lat' dir='ltr'><strong>pro</strong></span> <span class='ocrx_word' id='word_1_616' title='bbox 2089 4708 2406 4778; x_wconf 86' lang='lat' dir='ltr'><strong>exemplari</strong></span> <span class='ocrx_word' id='word_1_617' title='bbox 2436 4709 2746 4778; x_wconf 86' lang='lat' dir='ltr'><strong>proponit;</strong></span> <span class='ocrx_word' id='word_1_618' title='bbox 2782 4709 3007 4765; x_wconf 87' lang='lat' dir='ltr'><strong>dictum</strong></span> <span class='ocrx_word' id='word_1_619' title='bbox 3038 4710 3194 4765; x_wconf 91' lang='lat' dir='ltr'><strong>enim</strong></span> <span class='ocrx_word' id='word_1_620' title='bbox 3223 4717 3313 4766; x_wconf 90' lang='lat' dir='ltr'><strong>est</strong></span> <span class='ocrx_word' id='word_1_621' title='bbox 3341 4713 3413 4768; x_wconf 92' lang='lat' dir='ltr'><strong>de</strong></span> <span class='ocrx_word' id='word_1_622' title='bbox 3461 4730 3527 4768; x_wconf 92' lang='lat' dir='ltr'><strong>eo</strong></span> <span class='ocrx_word' id='word_1_623' title='bbox 3586 4731 3600 4772; x_wconf 86' lang='lat'><strong>:</strong></span> 
     </span>
    </p>
   </div>
   <div class='ocr_carea' id='block_1_88' title="bbox 221 4794 1807 4876">
    <p class='ocr_par' dir='ltr' id='par_1_88' title="bbox 221 4794 1781 4876">
     <span class='ocr_line' id='line_1_88' title="bbox 221 4794 1781 4876; baseline -0.005 -19"><span class='ocrx_word' id='word_1_624' title='bbox 221 4797 334 4872; x_wconf 67' lang='grc' dir='ltr'>ἀνὴρ</span> <span class='ocrx_word' id='word_1_625' title='bbox 388 4802 576 4876; x_wconf 82' lang='grc' dir='ltr'>ὥσπερ</span> <span class='ocrx_word' id='word_1_626' title='bbox 633 4795 787 4868; x_wconf 73' lang='grc' dir='ltr'><strong>Ἰὼϐ,</strong></span> <span class='ocrx_word' id='word_1_627' title='bbox 840 4801 1009 4854; x_wconf 85' lang='grc' dir='ltr'>πίνων</span> <span class='ocrx_word' id='word_1_628' title='bbox 1072 4800 1444 4873; x_wconf 87' lang='grc' dir='ltr'>μυκτηρισμὸν</span> <span class='ocrx_word' id='word_1_629' title='bbox 1506 4799 1581 4852; x_wconf 83' lang='grc' dir='ltr'>ὡτ</span> <span class='ocrx_word' id='word_1_630' title='bbox 1636 4794 1781 4871; x_wconf 76' lang='grc' dir='ltr'>ὕδωρ</span> 
     </span>
    </p>
   </div>
   <div class='ocr_carea' id='block_1_89' title="bbox 1917 4794 3608 4876">
    <p class='ocr_par' dir='ltr' id='par_1_89' title="bbox 1955 4799 3608 4876">
     <span class='ocr_line' id='line_1_89' title="bbox 1955 4799 3608 4876; baseline 0.005 -22"><span class='ocrx_word' id='word_1_631' title='bbox 1955 4800 2091 4870; x_wconf 78' lang='lat' dir='ltr'><strong>Quis</strong></span> <span class='ocrx_word' id='word_1_632' title='bbox 2118 4799 2206 4854; x_wconf 76' lang='lat' dir='ltr'><strong>vir</strong></span> <span class='ocrx_word' id='word_1_633' title='bbox 2223 4808 2285 4854; x_wconf 81' lang='lat' dir='ltr'><strong>ut</strong></span> <span class='ocrx_word' id='word_1_634' title='bbox 2314 4799 2430 4865; x_wconf 88' lang='lat' dir='ltr'><strong>Job,</strong></span> <span class='ocrx_word' id='word_1_635' title='bbox 2464 4799 2650 4855; x_wconf 76' lang='lat' dir='ltr'><strong>bibens</strong></span> <span class='ocrx_word' id='word_1_636' title='bbox 2671 4802 3163 4858; x_wconf 78' lang='lat' dir='ltr'><strong>subsannationem</strong></span> <span class='ocrx_word' id='word_1_637' title='bbox 3183 4803 3327 4859; x_wconf 78' lang='lat' dir='ltr'><strong>sicut</strong></span> <span class='ocrx_word' id='word_1_638' title='bbox 3357 4822 3562 4876; x_wconf 85' lang='lat' dir='ltr'><strong>aquam</strong></span> <span class='ocrx_word' id='word_1_639' title='bbox 3581 4811 3608 4863; x_wconf 71' lang='lat'><strong>.9</strong></span> 
     </span>
    </p>
   </div>
   <div class='ocr_carea' id='block_1_90' title="bbox 221 4885 1807 4966">
    <p class='ocr_par' dir='ltr' id='par_1_90' title="bbox 221 4885 1807 4964">
     <span class='ocr_line' id='line_1_90' title="bbox 221 4885 1807 4964; baseline -0.001 -24"><span class='ocrx_word' id='word_1_640' title='bbox 221 4888 602 4959; x_wconf 69' lang='grc' dir='ltr'>Ἀξὶοζήλωτος</span> <span class='ocrx_word' id='word_1_641' title='bbox 651 4889 751 4964; x_wconf 71' lang='grc' dir='ltr'><strong>γὰρ</strong></span> <span class='ocrx_word' id='word_1_642' title='bbox 802 4888 1047 4960; x_wconf 84' lang='grc' dir='ltr'>ἀληθῶς,</span> <span class='ocrx_word' id='word_1_643' title='bbox 1098 4887 1188 4942; x_wconf 81' lang='grc' dir='ltr'><strong>καὶ</strong></span> <span class='ocrx_word' id='word_1_644' title='bbox 1241 4889 1463 4956; x_wconf 81' lang='grc' dir='ltr'>παντὸς,</span> <span class='ocrx_word' id='word_1_645' title='bbox 1508 4889 1686 4958; x_wconf 83' lang='grc' dir='ltr'>οἶμαι,</span> <span class='ocrx_word' id='word_1_646' title='bbox 1721 4885 1807 4938; x_wconf 66' lang='grc' dir='ltr'><strong>θαί</strong></span> 
     </span>
    </p>
   </div>
   <div class='ocr_carea' id='block_1_91' title="bbox 1917 4885 3611 4966">
    <p class='ocr_par' dir='ltr' id='par_1_91' title="bbox 1956 4887 3611 4966">
     <span class='ocr_line' id='line_1_91' title="bbox 1956 4887 3611 4966; baseline 0.007 -24"><span class='ocrx_word' id='word_1_647' title='bbox 1956 4889 2103 4944; x_wconf 89' lang='lat' dir='ltr'><strong>Vere</strong></span> <span class='ocrx_word' id='word_1_648' title='bbox 2123 4887 2298 4943; x_wconf 88' lang='lat' dir='ltr'><strong>etiam</strong></span> <span class='ocrx_word' id='word_1_649' title='bbox 2323 4887 2692 4944; x_wconf 68' lang='lat' dir='ltr'><strong>aimulatione</strong></span> <span class='ocrx_word' id='word_1_650' title='bbox 2715 4896 2772 4944; x_wconf 91' lang='lat' dir='ltr'><strong>et</strong></span> <span class='ocrx_word' id='word_1_651' title='bbox 2793 4891 2954 4946; x_wconf 90' lang='lat' dir='ltr'><strong>omni</strong></span> <span class='ocrx_word' id='word_1_652' title='bbox 2982 4892 3367 4948; x_wconf 87' lang='lat' dir='ltr'><strong>admiratione</strong></span> <span class='ocrx_word' id='word_1_653' title='bbox 3393 4895 3611 4966; x_wconf 87' lang='lat' dir='ltr'><strong>dignus</strong></span> 
     </span>
    </p>
   </div>
   <div class='ocr_carea' id='block_1_92' title="bbox 227 4973 1807 5052">
    <p class='ocr_par' dir='ltr' id='par_1_92' title="bbox 227 4973 1807 5051">
     <span class='ocr_line' id='line_1_92' title="bbox 227 4973 1807 5051; baseline -0.002 -22"><span class='ocrx_word' id='word_1_654' title='bbox 227 4995 371 5044; x_wconf 70' lang='grc' dir='ltr'>ματος</span> <span class='ocrx_word' id='word_1_655' title='bbox 399 4979 576 5048; x_wconf 74' lang='grc' dir='ltr'>ἄξιος,</span> <span class='ocrx_word' id='word_1_656' title='bbox 610 4977 654 5031; x_wconf 84' lang='grc' dir='ltr'>εἰ</span> <span class='ocrx_word' id='word_1_657' title='bbox 685 4977 818 5050; x_wconf 81' lang='grc' dir='ltr'>πρὸς</span> <span class='ocrx_word' id='word_1_658' title='bbox 849 4977 1010 5031; x_wconf 78' lang='grc' dir='ltr'>τοῦτό</span> <span class='ocrx_word' id='word_1_659' title='bbox 1039 4997 1120 5038; x_wconf 90' lang='grc' dir='ltr'><strong>τις</strong></span> <span class='ocrx_word' id='word_1_660' title='bbox 1168 4976 1290 5046; x_wconf 78' lang='grc' dir='ltr'>ἥκει</span> <span class='ocrx_word' id='word_1_661' title='bbox 1325 4973 1725 5051; x_wconf 80' lang='grc' dir='ltr'>μακροθυμίας,</span> <span class='ocrx_word' id='word_1_662' title='bbox 1775 4974 1807 5026; x_wconf 70' lang='lat' dir='ltr'><strong>ti</strong></span> 
     </span>
    </p>
   </div>
   <div class='ocr_carea' id='block_1_93' title="bbox 1917 4973 3614 5052">
    <p class='ocr_par' dir='ltr' id='par_1_93' title="bbox 1960 4976 3614 5052">
     <span class='ocr_line' id='line_1_93' title="bbox 1960 4976 3614 5052; baseline 0.004 -20"><span class='ocrx_word' id='word_1_663' title='bbox 1960 4976 2288 5032; x_wconf 88' lang='lat' dir='ltr'><strong>censendus</strong></span> <span class='ocrx_word' id='word_1_664' title='bbox 2319 4981 2428 5045; x_wconf 88' lang='lat' dir='ltr'><strong>est,</strong></span> <span class='ocrx_word' id='word_1_665' title='bbox 2461 4977 2510 5030; x_wconf 91' lang='lat' dir='ltr'><strong>si</strong></span> <span class='ocrx_word' id='word_1_666' title='bbox 2537 4993 2603 5032; x_wconf 88' lang='lat' dir='ltr'><strong>eo</strong></span> <span class='ocrx_word' id='word_1_667' title='bbox 2634 4977 2956 5034; x_wconf 66' lang='lat' dir='ltr'><strong>tolerantia:</strong></span> <span class='ocrx_word' id='word_1_668' title='bbox 2989 4981 3119 5051; x_wconf 85' lang='lat' dir='ltr'><strong>quis</strong></span> <span class='ocrx_word' id='word_1_669' title='bbox 3151 4983 3494 5052; x_wconf 78' lang='lat' dir='ltr'><strong>pervenerit,</strong></span> <span class='ocrx_word' id='word_1_670' title='bbox 3545 4986 3614 5038; x_wconf 86' lang='lat' dir='ltr'><strong>ut</strong></span> 
     </span>
    </p>
   </div>
   <div class='ocr_carea' id='block_1_94' title="bbox 225 5061 1807 5144">
    <p class='ocr_par' dir='ltr' id='par_1_94' title="bbox 225 5061 1807 5133">
     <span class='ocr_line' id='line_1_94' title="bbox 225 5061 1807 5133; baseline 0.001 -19"><span class='ocrx_word' id='word_1_671' title='bbox 225 5061 439 5127; x_wconf 68' lang='grc' dir='ltr'>εὐκόλως</span> <span class='ocrx_word' id='word_1_672' title='bbox 471 5064 732 5128; x_wconf 71' lang='grc' dir='ltr'>δῦνασθαι</span> <span class='ocrx_word' id='word_1_673' title='bbox 761 5063 997 5120; x_wconf 69' lang='grc' dir='ltr'>διαθλεῗν</span> <span class='ocrx_word' id='word_1_674' title='bbox 1027 5066 1127 5133; x_wconf 81' lang='grc' dir='ltr'>τήν</span> <span class='ocrx_word' id='word_1_675' title='bbox 1178 5065 1238 5120; x_wconf 82' lang='grc' dir='ltr'><strong>ἐκ</strong></span> <span class='ocrx_word' id='word_1_676' title='bbox 1283 5069 1379 5120; x_wconf 76' lang='grc' dir='ltr'>τοῦ</span> <span class='ocrx_word' id='word_1_677' title='bbox 1411 5061 1807 5118; x_wconf 82' lang='grc' dir='ltr'>πλεονεκτεῖσθι</span> 
     </span>
    </p>
   </div>
   <div class='ocr_carea' id='block_1_95' title="bbox 1917 5061 3606 5144">
    <p class='ocr_par' dir='ltr' id='par_1_95' title="bbox 1961 5066 3606 5144">
     <span class='ocr_line' id='line_1_95' title="bbox 1961 5066 3606 5144; baseline 0.003 -22"><span class='ocrx_word' id='word_1_678' title='bbox 1961 5083 2096 5122; x_wconf 89' lang='lat' dir='ltr'><strong>cum</strong></span> <span class='ocrx_word' id='word_1_679' title='bbox 2128 5081 2472 5137; x_wconf 54' lang='lat' dir='ltr'><strong>maerore,“</strong></span> <span class='ocrx_word' id='word_1_680' title='bbox 2501 5066 2719 5136; x_wconf 88' lang='lat' dir='ltr'><strong>injuria</strong></span> <span class='ocrx_word' id='word_1_681' title='bbox 2751 5066 2912 5124; x_wconf 89' lang='lat' dir='ltr'><strong>illata</strong></span> <span class='ocrx_word' id='word_1_682' title='bbox 2943 5069 3133 5141; x_wconf 91' lang='lat' dir='ltr'><strong>reipsa</strong></span> <span class='ocrx_word' id='word_1_683' title='bbox 3163 5072 3390 5141; x_wconf 89' lang='lat' dir='ltr'><strong>acerbo,</strong></span> <span class='ocrx_word' id='word_1_684' title='bbox 3417 5076 3474 5127; x_wconf 88' lang='lat' dir='ltr'><strong>et</strong></span> <span class='ocrx_word' id='word_1_685' title='bbox 3504 5072 3606 5144; x_wconf 87' lang='lat' dir='ltr'><strong>qui</strong></span> 
     </span>
    </p>
   </div>
   <div class='ocr_carea' id='block_1_96' title="bbox 227 5147 1807 5232">
    <p class='ocr_par' dir='ltr' id='par_1_96' title="bbox 227 5147 1807 5232">
     <span class='ocr_line' id='line_1_96' title="bbox 227 5147 1807 5232; baseline -0.002 -22"><span class='ocrx_word' id='word_1_686' title='bbox 227 5147 451 5225; x_wconf 70' lang='grc' dir='ltr'>δριμεῖαν</span> <span class='ocrx_word' id='word_1_687' title='bbox 473 5154 728 5226; x_wconf 80' lang='grc' dir='ltr'>ἀληθῶς,</span> <span class='ocrx_word' id='word_1_688' title='bbox 758 5153 848 5210; x_wconf 84' lang='grc' dir='ltr'><strong>καὶ</strong></span> <span class='ocrx_word' id='word_1_689' title='bbox 879 5153 940 5210; x_wconf 79' lang='grc' dir='ltr'><strong>οὗ</strong></span> <span class='ocrx_word' id='word_1_690' title='bbox 969 5159 1085 5218; x_wconf 87' lang='grc' dir='ltr'>τοῖς</span> <span class='ocrx_word' id='word_1_691' title='bbox 1105 5158 1364 5232; x_wconf 79' lang='grc' dir='ltr'>τυχοῦσιν</span> <span class='ocrx_word' id='word_1_692' title='bbox 1388 5153 1807 5229; x_wconf 85' lang='grc' dir='ltr'>εὐκαταγώνιστι</span> 
     </span>
    </p>
   </div>
   <div class='ocr_carea' id='block_1_97' title="bbox 1917 5147 3618 5232">
    <p class='ocr_par' dir='ltr' id='par_1_97' title="bbox 1963 5155 3618 5232">
     <span class='ocr_line' id='line_1_97' title="bbox 1963 5155 3618 5232; baseline 0.003 -21"><span class='ocrx_word' id='word_1_693' title='bbox 1963 5156 2149 5212; x_wconf 87' lang='lat' dir='ltr'><strong>obviis</strong></span> <span class='ocrx_word' id='word_1_694' title='bbox 2181 5155 2515 5227; x_wconf 89' lang='lat' dir='ltr'><strong>quibusque</strong></span> <span class='ocrx_word' id='word_1_695' title='bbox 2547 5155 2721 5212; x_wconf 91' lang='lat' dir='ltr'><strong>rebus</strong></span> <span class='ocrx_word' id='word_1_696' title='bbox 2747 5157 3069 5230; x_wconf 86' lang='lat' dir='ltr'><strong>expugnari</strong></span> <span class='ocrx_word' id='word_1_697' title='bbox 3093 5176 3206 5215; x_wconf 92' lang='lat' dir='ltr'><strong>non</strong></span> <span class='ocrx_word' id='word_1_698' title='bbox 3231 5159 3618 5232; x_wconf 83' lang='lat' dir='ltr'><strong>potest,facile</strong></span> 
     </span>
    </p>
   </div>
   <div class='ocr_carea' id='block_1_98' title="bbox 227 5236 2799 5314">
    <p class='ocr_par' dir='ltr' id='par_1_98' title="bbox 227 5236 2799 5314">
     <span class='ocr_line' id='line_1_98' title="bbox 227 5236 2799 5314; baseline 0.002 -20"><span class='ocrx_word' id='word_1_699' title='bbox 227 5236 406 5314; x_wconf 54' lang='lat' dir='ltr'><strong>1617‘s.</strong></span> <span class='ocrx_word' id='word_1_700' title='bbox 1964 5249 2186 5302; x_wconf 89' lang='lat' dir='ltr'><strong>certare</strong></span> <span class='ocrx_word' id='word_1_701' title='bbox 2216 5241 2426 5302; x_wconf 89' lang='lat' dir='ltr'><strong>valeat.</strong></span> <span class='ocrx_word' id='word_1_702' title='bbox 2784 5245 2799 5256; x_wconf 86' lang='lat'>&#39;</span> 
     </span>
    </p>
   </div>
   <div class='ocr_carea' id='block_1_99' title="bbox 283 5367 1075 5430">
    <p class='ocr_par' dir='ltr' id='par_1_99' title="bbox 283 5367 1075 5430">
     <span class='ocr_line' id='line_1_99' title="bbox 283 5367 1075 5430; baseline -0.005 0"><span class='ocrx_word' id='word_1_703' title='bbox 283 5367 340 5430; x_wconf 79' lang='grc' dir='ltr'><strong>²ι⁴</strong></span> <span class='ocrx_word' id='word_1_704' title='bbox 364 5373 422 5426; x_wconf 83' lang='grc' dir='ltr'><strong>Ρ.</strong></span> <span class='ocrx_word' id='word_1_705' title='bbox 460 5370 610 5426; x_wconf 69' lang='grc'><strong>4003</strong></span> <span class='ocrx_word' id='word_1_706' title='bbox 639 5369 750 5426; x_wconf 84' lang='lat' dir='ltr'><strong>ED.</strong></span> <span class='ocrx_word' id='word_1_707' title='bbox 784 5370 1075 5427; x_wconf 82' lang='lat' dir='ltr'><strong>POTTER.</strong></span> 
     </span>
    </p>
   </div>
   <div class='ocr_carea' id='block_1_100' title="bbox 1959 5470 3607 5570">
    <p class='ocr_par' dir='ltr' id='par_1_100' title="bbox 1959 5470 3607 5570">
     <span class='ocr_line' id='line_1_100' title="bbox 1959 5470 3607 5570; baseline -0.001 -16"><span class='ocrx_word' id='word_1_708' title='bbox 1959 5497 2276 5570; x_wconf 88' lang='lat' dir='ltr'><strong>Clementis</strong></span> <span class='ocrx_word' id='word_1_709' title='bbox 2305 5497 2548 5554; x_wconf 88' lang='lat' dir='ltr'><strong>totidem</strong></span> <span class='ocrx_word' id='word_1_710' title='bbox 2579 5499 2771 5555; x_wconf 87' lang='lat' dir='ltr'><strong>verbis</strong></span> <span class='ocrx_word' id='word_1_711' title='bbox 2802 5504 3146 5570; x_wconf 87' lang='lat' dir='ltr'><strong>usurpatam</strong></span> <span class='ocrx_word' id='word_1_712' title='bbox 3179 5516 3308 5556; x_wconf 92' lang='lat' dir='ltr'><strong>esse</strong></span> <span class='ocrx_word' id='word_1_713' title='bbox 3335 5470 3370 5553; x_wconf 83' lang='lat' dir='ltr'><strong>a</strong></span> <span class='ocrx_word' id='word_1_714' title='bbox 3400 5498 3607 5570; x_wconf 85' lang='lat' dir='ltr'><strong>Cyrillo</strong></span> 
     </span>
    </p>
   </div>
   <div class='ocr_carea' id='block_1_101' title="bbox 287 5496 1848 5572">
    <p class='ocr_par' dir='ltr' id='par_1_101' title="bbox 287 5496 1848 5572">
     <span class='ocr_line' id='line_1_101' title="bbox 287 5496 1848 5572; baseline 0.003 -22"><span class='ocrx_word' id='word_1_715' title='bbox 287 5496 389 5566; x_wconf 79' lang='lat'><strong>(90)</strong></span> <span class='ocrx_word' id='word_1_716' title='bbox 415 5498 552 5572; x_wconf 63' lang='lat' dir='ltr'><strong>Alia</strong></span> <span class='ocrx_word' id='word_1_717' title='bbox 580 5497 752 5572; x_wconf 77' lang='lat' dir='ltr'><strong>hujus</strong></span> <span class='ocrx_word' id='word_1_718' title='bbox 781 5507 838 5554; x_wconf 88' lang='lat' dir='ltr'><strong>et</strong></span> <span class='ocrx_word' id='word_1_719' title='bbox 861 5498 1271 5572; x_wconf 77' lang='lat' dir='ltr'><strong>procedentis</strong></span> <span class='ocrx_word' id='word_1_720' title='bbox 1302 5498 1611 5572; x_wconf 76' lang='lat' dir='ltr'><strong>fragmenti</strong></span> <span class='ocrx_word' id='word_1_721' title='bbox 1663 5498 1848 5572; x_wconf 83' lang='lat' dir='ltr'><strong>versio</strong></span> 
     </span>
    </p>
   </div>
   <div class='ocr_carea' id='block_1_102' title="bbox 1957 5569 3566 5653">
    <p class='ocr_par' dir='ltr' id='par_1_102' title="bbox 1957 5569 3566 5653">
     <span class='ocr_line' id='line_1_102' title="bbox 1957 5569 3566 5653; baseline 0.001 -28"><span class='ocrx_word' id='word_1_722' title='bbox 1957 5569 2142 5636; x_wconf 86' lang='lat' dir='ltr'><strong>Alex.,</strong></span> <span class='ocrx_word' id='word_1_723' title='bbox 2173 5571 2282 5626; x_wconf 92' lang='lat' dir='ltr'><strong>sub</strong></span> <span class='ocrx_word' id='word_1_724' title='bbox 2312 5571 2481 5641; x_wconf 87' lang='lat' dir='ltr'><strong>cujus</strong></span> <span class='ocrx_word' id='word_1_725' title='bbox 2509 5571 2745 5626; x_wconf 89' lang='lat' dir='ltr'><strong>nomine</strong></span> <span class='ocrx_word' id='word_1_726' title='bbox 2776 5569 2964 5626; x_wconf 86' lang='lat' dir='ltr'><strong>exstat</strong></span> <span class='ocrx_word' id='word_1_727' title='bbox 2990 5570 3049 5625; x_wconf 89' lang='lat' dir='ltr'><strong>in</strong></span> <span class='ocrx_word' id='word_1_728' title='bbox 3081 5572 3298 5653; x_wconf 84' lang='lat' dir='ltr'><strong>Catena</strong></span> <span class='ocrx_word' id='word_1_729' title='bbox 3329 5569 3566 5628; x_wconf 69' lang='lat' dir='ltr'><strong>Nicetis.</strong></span> 
     </span>
    </p>
   </div>
   <div class='ocr_carea' id='block_1_103' title="bbox 228 5569 1850 5638">
    <p class='ocr_par' dir='ltr' id='par_1_103' title="bbox 228 5569 1850 5638">
     <span class='ocr_line' id='line_1_103' title="bbox 228 5569 1850 5638; baseline 0.002 -15"><span class='ocrx_word' id='word_1_730' title='bbox 228 5572 398 5624; x_wconf 68' lang='lat' dir='ltr'><strong>exstat</strong></span> <span class='ocrx_word' id='word_1_731' title='bbox 423 5570 483 5623; x_wconf 85' lang='lat' dir='ltr'><strong>in</strong></span> <span class='ocrx_word' id='word_1_732' title='bbox 519 5569 681 5624; x_wconf 85' lang='lat' dir='ltr'><strong>Pauli</strong></span> <span class='ocrx_word' id='word_1_733' title='bbox 712 5569 978 5626; x_wconf 83' lang='lat' dir='ltr'><strong>Comitoli</strong></span> <span class='ocrx_word' id='word_1_734' title='bbox 1011 5570 1231 5626; x_wconf 78' lang='lat' dir='ltr'><strong>Catena</strong></span> <span class='ocrx_word' id='word_1_735' title='bbox 1260 5570 1318 5624; x_wconf 89' lang='lat' dir='ltr'><strong>in</strong></span> <span class='ocrx_word' id='word_1_736' title='bbox 1347 5569 1586 5636; x_wconf 83' lang='lat' dir='ltr'><strong>Jobum,</strong></span> <span class='ocrx_word' id='word_1_737' title='bbox 1627 5570 1727 5624; x_wconf 93' lang='lat' dir='ltr'><strong>ubi</strong></span> <span class='ocrx_word' id='word_1_738' title='bbox 1778 5570 1850 5638; x_wconf 87' lang='lat' dir='ltr'><strong>de</strong></span> 
     </span>
    </p>
   </div>
   <div class='ocr_carea' id='block_1_104' title="bbox 229 5639 1850 5713">
    <p class='ocr_par' dir='ltr' id='par_1_104' title="bbox 229 5639 1850 5713">
     <span class='ocr_line' id='line_1_104' title="bbox 229 5639 1850 5713; baseline 0.001 -18"><span class='ocrx_word' id='word_1_739' title='bbox 229 5639 520 5707; x_wconf 77' lang='lat' dir='ltr'><strong>posteriori</strong></span> <span class='ocrx_word' id='word_1_740' title='bbox 550 5655 611 5712; x_wconf 87' lang='lat' dir='ltr'><strong>p.</strong></span> <span class='ocrx_word' id='word_1_741' title='bbox 640 5641 737 5697; x_wconf 78' lang='grc'><strong>451</strong></span> <span class='ocrx_word' id='word_1_742' title='bbox 771 5642 1061 5712; x_wconf 87' lang='lat' dir='ltr'><strong>observat,</strong></span> <span class='ocrx_word' id='word_1_743' title='bbox 1109 5641 1652 5713; x_wconf 75' lang='lat' dir='ltr'><strong>interpretationem</strong></span> <span class='ocrx_word' id='word_1_744' title='bbox 1699 5639 1850 5698; x_wconf 80' lang='lat' dir='ltr'><strong>hanc</strong></span> 
     </span>
    </p>
   </div>
  </div>
