3978 6200
484 357 591 412 743
1729 349 2055 405 ΟΙιΕΜΒΝε

2261 350 2678 408 XANDRINUS
3751 357 3832 416 711

2117 500 2244 560 VII.

1443 602 1543 664 EX
1590 600 1901 662 NICETJE
1942 600 2259 661 CATENA
2302 599 2372 659 lN
2422 601 2924 664 ΜΑΤἸἯᾹΞΗΜ.

1947 721 2112 794 (Cap.
2143 738 2200 788 v,
2232 735 2285 775 ν.
2325 722 2439 794 42.)

560 853 954 926 Eleemosyne
985 853 1286 919 facienda,
1312 855 1372 908 at
1400 867 1534 908 cum
1558 850 1806 922 judicio,
1837 859 1896 906 et
1922 849 1995 906 iis
2027 849 2130 921 qui

2320 846 2580 917 Ποιητέον
2633 847 3028 924 ἐλεημοσύνας,
3085 849 3234 908 ἀλλὰ
3292 855 3424 925 μετὰ
3473 854 3720 928 κρίσεως,
3763 857 3835 910 καὶ

490 945 653 1017 digni
685 947 918 1011 sunt,ut
946 942 1390 998 retributionem
1420 940 1791 996 inveniamus
1822 938 2061 994 Altissin

2271 940 2353 997 οἷς
2385 935 2690 1008 ἀξίοις,⁹ίνα
2733 939 2975 1016 εὕρωμεν
3010 939 3364 1015 ἀνταπόδομα
3408 943 3547 1011 παρᾶ
3582 948 3670 999 τοῦ
3709 944 3835 1019 Ὑψί-

489 1032 584 1088 Va:
615 1037 812 1088 autem
847 1031 1224 1098 habentibus,
1256 1035 1313 1086 et
1342 1029 1636 1102 hypocrisi
1681 1027 2060 1100 accipientibt

2265 1045 2390 1081 ττου.
2424 1025 2558 1083 Οὐαὶ
2613 1024 2670 1083 δὲ
2715 1034 2833 1093 τοῖς
2861 1027 3074 1106 ἔχουσι,
3105 1031 3195 1086 καὶ
3244 1031 3297 1087 έν
3351 1032 3615 1106 ὑποκρίσει
3653 1029 3836 1107 λαμϐά-

490 1127 592 1178 aut
620 1137 748 1178 sese
780 1120 941 1193 ipsos
961 1121 1172 1192 juvare
1198 1119 1550 1186 valentibus,
1579 1123 1638 1174 et
1668 1118 1740 1174 ab
1787 1117 1919 1174 aliis
1966 1133 2061 1173 aui

2264 1135 2442 1186 νουσιν,
2475 1116 2511 1186 ἢ
2539 1112 2861 1190 δυναμένοις
2913 1119 3132 1196 βοηθιῖν
3181 1121 3415 1194 ἑαυτοῖς,
3445 1121 3530 1177 καὶ
3585 1118 3835 1196 Λαμϐἆνιιν

487 1209 634 1265 lium
662 1209 1032 1266 emendicare
1074 1207 1422 1264 volentibus.
1475 1207 1584 1275 Qui
1629 1207 1788 1262 enim
1836 1206 2058 1262 habuer

2267 1208 2366 1276 παρ’
2398 1201 2594 1280 ὲτέρων
2639 1204 3008 1282 βουλομένοις
3032 1211 3044 1266 ί
3071 1211 3099 1264 ὁ
3126 1211 3228 1287 γὰρ
3260 1206 3405 1287 ἔχων
3448 1210 3533 1266 καὶ
3563 1209 3628 1267 δι’
3652 1212 3838 1287 ὑπόκρι-

485 1315 553 1354 ac
582 1315 686 1370 per
710 1298 1064 1371 hypocrisim
1096 1303 1197 1353 aut
1220 1296 1505 1353 desidiam
1537 1295 2056 1368 acceperit,condei

1874 1295 2128 1351 sondem-
2239 1312 2320 1346 σιν
2419 1292 2606 1370 ἀργίαν
2642 1291 2940 1370 λαμϐάνων
2971 1300 3445 1372 κατακριθήσεται.

485 1387 744 1444 nabitur.

1630 1482 1696 1557 gl:
1721 1484 1806 1538 Ex
1835 1481 2024 1538 eadem
2052 1483 2114 1537 in
2141 1497 2262 1554 cap.
2295 1499 2420 1549 xui,
2449 1501 2509 1552 ν,
2538 1484 2629 1552 31,
2659 1487 2748 1541 32.

553 1585 1014 1642 Annuntiativus
1039 1583 1201 1655 regni
1224 1581 1502 1638 caelorum
1527 1597 1719 1637 sermo
1740 1597 1872 1636 acer
1894 1580 2124 1651 quidem

2313 1579 2375 1636 Ὀ
2403 1585 2504 1648 τῆς
2526 1585 2633 1636 τῶν
2667 1581 2910 1658 οὐρανῶν
2947 1582 3226 1658 βασιλείας
3253 1585 3658 1662 καταγγελτικὸς
3701 1585 3835 1661 λόγος

485 1689 551 1730 ac
585 1675 848 1741 mordax,
880 1673 1373 1745 quemadmodum
1403 1671 1688 1741 sinapi,ac
1718 1670 2007 1725 choleram
2041 1687 2056 1724 (

2262 1667 2439 1741 ἰριμὺς
2474 1670 2572 1742 μὲν
2603 1666 2713 1726 ἔστι
2743 1671 2837 1726 καὶ
2871 1669 3146 1743 δηκτικὸς,
3178 1673 3419 1748 καθάπερ
3455 1676 3516 1730 τὸ
3561 1674 3741 1742 σίναπι,
3765 1675 3833 1731 καὶ

483 1779 714 1836 gerens,
747 1764 804 1818 id
833 1769 923 1818 est
950 1762 1335 1830 iracundiam;
1368 1767 1426 1817 et
1455 1761 1728 1832 phlegma
1757 1758 2044 1823 incidens,

2262 1763 2339 1826 τῆς
2385 1757 2568 1832 χολῆς
2626 1761 2906 1835 βιωτικὸς,
2954 1761 3200 1818 τουτέστι
3256 1767 3355 1819 τοῦ
3406 1765 3594 1838 θυμοῦ,
3638 1766 3714 1820 καὶ
3758 1769 3833 1820 τοῦ

483 1857 573 1908 est
604 1852 964 1924 superbiam,
1014 1868 1082 1907 ex
1128 1867 1242 1919 quo
1285 1865 1551 1906 sermone
1601 1865 1735 1904 vera
1779 1848 1987 1902 animae
2039 1864 2054 1902 ε

2264 1843 2556 1920 ιλέγματος
2608 1846 2985 1918 διακοπτικὸς,
3034 1851 3280 1908 τουτέστι
3336 1857 3433 1908 τοῦ
3477 1852 3657 1930 τύφου,
3699 1852 3741 1926 έε
3787 1854 3835 1909 οὗ

481 1942 657 2007 nitas,
689 1958 755 1997 ac
803 1946 1152 2012 perpetuum
1198 1944 1732 2011 temperamentum
1783 1938 1990 1992 oritur.
2040 1966 2052 1989 Δ

2264 1935 2410 2010 ,όγου
2441 1939 2475 2007 ὴ
2509 1935 2729 2008 ἀληθὴς
2776 1946 2879 2010 τῆς
2929 1943 3116 2016 ψυχῆς
3169 1942 3370 2018 ὑγίεια,
3399 1941 3488 1997 καὶ
3516 1945 3549 2012 ἡ
3592 1941 3743 2004 ἀΐδιος
3768 1943 3835 1996 εὖ·

476 2034 712 2086 tantum
745 2035 936 2086 autem
968 2028 1395 2084 incrementum
1429 2043 1664 2100 germen
1691 2026 1981 2082 sermonis
2004 2043 2047 2098 pi

2265 2025 2430 2098 ,ρασία
2484 2027 2842 2103 περιγίνεται.
2903 2029 2998 2093 Εἰς
3055 2030 3330 2102 τοσαύτην
3385 2029 3443 2087 δὲ
3485 2028 3637 2103 αὔξην
3681 2033 3712 2100 ἡ
3752 2031 3836 2108 cui]

474 2119 654 2186 venit,
688 2123 755 2173 ut
783 2123 920 2173 nata
950 2134 1018 2173 ex
1049 2133 1115 2172 eo
1158 2117 1331 2171 arbor
1376 2116 1453 2172 sit
1503 2132 1516 2170 :
1567 2131 1701 2186 qua?
1750 2115 1954 2186 utique
1999 2131 2045 2170 ei

2262 2118 2333 2169 :oii
2379 2113 2551 2190 λόγου
2603 2115 2905 2192 προῆλθεν,
2950 2119 3026 2183 ὡς
3069 2120 3132 2174 τὸ
3175 2118 3227 2190 ἐξ
3281 2119 3449 2176 αὐτοῦ
3495 2123 3618 2197 φύον
3661 2117 3833 2194 δένδρον

479 2207 668 2280 possit
699 2207 914 2277 ubique
947 2214 1232 2262 lerrarum
1283 2205 1544 2260 stabilita
1590 2204 1806 2260 Christi
1851 2204 2045 2259 Eccles

2265 2207 2422 2259 τοῦτο
2457 2202 2504 2259 δ’
2535 2205 2595 2260 ἂν
2647 2204 2731 2278 εἴη
2764 2208 2799 2276 ἡ
2832 2212 3114 2283 πανταχοῦ
3153 2215 3262 2283 γῆς
3313 2206 3572 2284 ἱδρυμένη
3614 2213 3700 2265 τοῦ
3739 2210 3836 2285 Χρι-

480 2301 548 2352 ut
575 2295 772 2352 omnia
806 2293 1046 2367 impleat
1075 2293 1180 2363 sic,
1209 2295 1356 2349 utin
1391 2294 1572 2349 ramis
1619 2295 1748 2364 ejus
1798 2292 2051 2349 inhabite

2266 2293 2368 2347 τοῦ
2400 2291 2724 2368 Ἐκκλησία)
2770 2296 2837 2350 τὰ
2880 2296 3054 2351 πάντα
3111 2296 3434 2373 πληρῶσαι,
3489 2297 3619 2354 ὥστε
3661 2297 3708 2354 έν
3746 2303 3837 2359 τοῖς

479 2383 748 2442 volucres
809 2384 958 2454 oculi,
1008 2382 1198 2454 angeli
1250 2383 1520 2439 videlicet
1565 2382 1782 2454 Deipac
1845 2381 2050 2438 sublim

2263 2379 2464 2445 ιλάδοις
2498 2383 2670 2452 αὐτῆς
2698 2389 3115 2456 κατασκηνῶσαι
3145 2387 3213 2440 τὰ
3249 2386 3470 2442 πετεινᾶ
3492 2390 3585 2443 τοῦ
3626 2387 3834 2462 οὐρανοῦ,

480 2473 718 2530 animm.
1087 2503 1089 2506 ‹
2236 2470 2510 2546 ἀγγέλους
2536 2470 2754 2544 δηλαδή
2797 2471 2974 2536 θείους
3001 2474 3094 2529 καὶ
3127 2476 3442 2552 μετεώρους
3472 2475 3640 2553 ψυχάς
3669 2478 3779 2551 (91).

1735 2595 1818 2648 Ea:
1841 2593 2031 2650 eadem
2063 2595 2123 2650 in
2155 2610 2274 2686 cap.
2308 2612 2410 2666 χιι,
2443 2613 2498 2652 v.
2529 2597 2616 2651 46.

547 2710 863 2783 Margarita
891 2716 981 2767 est
1012 2711 1188 2767 etiam
1222 2710 1516 2783 pellucida
1543 2714 1600 2768 et
1623 2711 2016 2767 mundissima
2034 2711 2118 2768 Je-

2303 2714 2458 2768 Ἔστι
2513 2713 2858 2788 μαργαρίτης
2903 2713 2992 2768 καὶ
3024 2714 3052 2769 ὁ
3102 2711 3334 2790 διαυγὴς
3381 2715 3470 2771 καὶ
3507 2716 3833 2789 καθαρώτατος

475 2816 780 2872 sus,quem
811 2817 878 2856 ex
909 2799 1106 2856 divino
1139 2799 1363 2872 fulgore
1391 2799 1568 2872 Virgo
1601 2801 2046 2872 concepitzquei

2264 2800 2463 2870 ξησοῦς,
2514 2801 2572 2855 ὃν
2623 2800 2675 2872 ἐξ
2720 2801 2998 2876 ἀστραπῆς
3049 2809 3149 2872 τῆς
3182 2804 3332 2866 θείας
3362 2806 3396 2875 ἡ
3428 2805 3682 2881 Παρθένος
3718 2801 3835 2882 έγέν-

477 2889 799 2946 admodum
831 2905 988 2944 enim
1021 2887 1340 2961 margarita
1366 2889 1424 2944 in
1454 2905 1627 2944 carne
1657 2893 1714 2944 et
1760 2889 2002 2956 concha,

2266 2909 2409 2959 ησεν.
2486 2892 2690 2964 Ὥσπερ
2767 2890 2872 2966 γὰρ
2931 2891 2958 2945 ὁ
3039 2893 3412 2967 μαργαρίτης,
3469 2893 3520 2948 έν
3576 2894 3715 2970 σαρκὶ
3763 2910 3837 2961 καὶ

475 2977 704 3050 liquore
724 2978 1012 3033 exsistcus
1032 2994 1246 3049 corpus
1267 2976 1495 3033 videtur
1513 2994 1642 3033 esse
1663 2977 1925 3033 lucidum
1947 2995 2014 3034 ac
2044 3026 2046 3032 .

2267 2977 2456 3053 στρείῳ
2502 2979 2593 3033 καὶ
2644 2977 2696 3034 ἐν
2743 2978 2926 3055 ὑγροῖς
2966 2980 3281 3054 γενόμενος,
3335 2986 3494 3055 σῶμα
3533 2978 3690 3038 ἓοικεν
3731 2979 3838 3037 εἶναι

475 3067 745 3140 quidum,
765 3066 913 3122 lucis
936 3083 1002 3122 ac
1023 3066 1269 3138 spiritus
1291 3067 1553 3139 plenum,
1574 3067 1656 3122 ita
1675 3073 1732 3122 et
1749 3068 2046 3123 incarnatu

2266 3067 2388 3143 γρὸν
2438 3069 2529 3123 καὶ
2579 3063 2795 3140 διειδὶς,
2825 3067 3002 3144 φωτὸς
3045 3067 3136 3122 καὶ
3167 3068 3483 3142 πνεύματος
3517 3072 3692 3147 γέμον,
3718 3069 3837 3124 οὕτω

470 3155 626 3212 Deus
654 3157 896 3212 verbum
927 3155 1030 3211 lux
1057 3160 1146 3212 est
1175 3155 1501 3228 spiritualis
1534 3173 1635 3228 per
1664 3156 1926 3212 lucidum
1949 3173 2016 3212 ac

2267 3156 2316 3210 αὶ
2365 3157 2392 3212 ὁ
2442 3156 2741 3232 σαρκωθεὶς
2793 3157 2921 3221 Θεὸς
2963 3154 3149 3231 λόγος,
3199 3162 3321 3234 φῶς
3371 3159 3482 3215 ἐστι
3536 3161 3725 3235 νοερὸν,
3766 3155 3838 3214 διὰ

467 3247 715 3318 quidum
748 3262 963 3318 corpus
994 3244 1248 3317 fulgens.

2225 3246 2406 3324 φωτὸς
2436 3246 2527 3302 καὶ
2561 3247 2729 3323 ὑγροῦ
2761 3244 3046 3321 ἐκλάμψας
3074 3245 3333 3320 σώματος

2063 3487 2208 3544 VIII.

1239 3585 1340 3646 EX
1389 3584 1703 3646 CATENA
1743 3585 1822 3646 IN
1869 3585 1933 3647 S.
1981 3587 2257 3650 LUCAM
2302 3591 2347 3648 A
2393 3587 2789 3652 CORDERlO
2835 3592 3094 3654 EDITA.

545 3722 681 3778 CAP.
715 3736 802 3786 ιιι,
835 3737 886 3776 ν.
935 3721 1026 3776 22.
1075 3720 1226 3777 Num
1277 3720 1372 3776 hic
1421 3720 1702 3792 hominis,
1750 3721 1850 3777 sed
1897 3721 2110 3777 colum-
2141 3727 2186 3791 ο
2228 3738 2341 3794 que
2373 3729 2766 3781 consentanea
2796 3726 2890 3782 via
2918 3743 3042 3798 quae
3074 3744 3178 3800 per
3204 3729 3328 3786 iota
3355 3732 3471 3786 Iesu
3515 3728 3830 3789 insinuatur,

475 3810 560 3868 bac
577 3809 1001 3866 similitudinem
1026 3811 1175 3866 Deus
1198 3808 1689 3882 assumpsit;quia
1712 3809 1943 3866 volebat
1975 3827 2121 3866 nova
2229 3816 2322 3865 est
2350 3811 2481 3883 ipsa
2510 3813 2641 3882 ejus
2672 3813 2923 3884 bonitas,
2955 3833 3083 3887 qua:
3115 3817 3321 3874 ﬁdeles
3360 3835 3428 3875 ex
3473 3819 3687 3881 auditu,
3727 3815 3831 3869 sine

467 3900 724 3970 quadam
749 3899 1116 3971 apparitione
1137 3898 1388 3970 Spiritus
1411 3915 1516 3970 per
1533 3899 1823 3955 columbae
1845 3900 2122 3955 similitu-
2228 3901 2612 3971 cespitatione
2643 3907 2983 3960 constanter
3009 3904 3228 3978 dirigit.
3263 3908 3387 3964 Non
3417 3907 3598 3979 itaque
3634 3907 3831 3978 preter-

469 3989 691 4056 dinem,
713 3989 1151 4060 simplicitatem
1173 4004 1238 4044 ac
1259 3988 1775 4044 mansuetudinem
1797 3988 2116 4045 declarare.
2229 3990 2333 4044 ibit
2360 4006 2393 4044 a
2427 3991 2540 4061 lege
2571 3992 2682 4046 iota
2710 4007 2884 4047 unum
2913 3998 3011 4049 aut
3038 4010 3184 4050 unus
3211 4011 3378 4067 apex,
3409 3997 3517 4054 hoc
3543 4000 3646 4060 est,
3676 4005 3832 4063 neque

540 4076 670 4132 CAP.
705 4093 819 4133 xv1.
850 4093 907 4144 v,
935 4078 1020 4132 17.
1053 4076 1220 4132 Forte
1250 4082 1441 4131 autem
1477 4092 1577 4145 per
1604 4075 1718 4131 iota
1747 4082 1804 4132 et
1843 4093 1947 4148 per
1992 4079 2118 4148 api-
2227 4094 2260 4132 a
2291 4079 2469 4134 rectis
2500 4085 2558 4134 et
2587 4080 2788 4150 probis
2818 4087 3035 4138 mutuae
3067 4087 3749 4156 repromissioneszneque
3773 4077 3831 4134 ab

474 4181 591 4222 cem
615 4166 852 4238 justitia
880 4167 1010 4236 ejus
1040 4164 1277 4232 clamat,
1312 4167 1361 4220 si
1393 4164 1532 4220 recti
1557 4164 1629 4220 ad
1653 4181 1744 4220 me
1772 4167 2053 4232 veneritis,
2067 4174 2122 4222 et
2227 4165 2487 4237 obliquis
2517 4173 2573 4222 et
2603 4168 3002 4242 injustis,quaa
3032 4171 3151 4228 illis
3180 4173 3831 4243 interminataeslporna.

471 4270 576 4323 ego
604 4259 754 4311 recta
784 4254 854 4310 ad
882 4270 973 4310 vos
1001 4257 1226 4311 veniam
1251 4270 1272 4316 ;
1293 4255 1380 4309 sin
1407 4253 1640 4325 obliqui,
1671 4263 1723 4310 et
1748 4270 1850 4324 ego
1877 4255 2114 4325 oblique.
2228 4255 2513 4325 Benefacit
2541 4259 2689 4311 enim
2723 4260 2989 4315 Dominus
3019 4260 3194 4324 bonis,
3223 4261 3562 4318 declinante:
3587 4264 3753 4316 autem
3784 4257 3834 4309 ia

473 4344 609 4400 dicit
638 4345 900 4400 Dominus
931 4345 1198 4398 virtutum
1229 4343 1324 4414 (a);
1357 4341 1672 4398 insinuans
1701 4342 2027 4413 implicatas
2060 4350 2118 4398 et
2224 4343 2592 4413 obligatione:
2620 4345 2854 4403 adducit
2879 4348 3148 4404 Dominus
3187 4365 3313 4406 cum
3363 4351 3701 4424 cperantibu:
3741 4343 3833 4401 ini-

473 4432 746 4504 obliquas
775 4437 1145 4505 peccatorum
1177 4446 1308 4487 esse
1338 4429 1480 4488 vias.
1514 4430 1660 4487 Nam
1692 4436 1849 4486 recta
1877 4436 2118 4488 natura»
2222 4432 2496 4504 quitatem
2524 4434 2626 4506 (ὁ).

2119 4671 2215 4730 ΙΧ.

1909 4773 2392 4835 FRAGMENTA
2407 4818 2423 4833 .

1214 4897 1308 4955 EX
1345 4894 1756 4955 CLEMENTIS
1794 4895 2291 4955 ALEXANDRINI
2331 4899 2568 4958 LIBRIS
2607 4900 2785 4958 ΥΠΟΤ

1551 4894 1756 4954 ENTIS
1794 4895 2291 4955 ALEXANDRINI
2331 4899 2568 4958 LIBRIS
2607 4900 3122 4959 ΥΠΟΤΥΠΩΣΕΩΝ.

1431 5123 1518 5179 Ex
1548 5123 1645 5179 lib.
1679 5122 1779 5179 IIl.
1809 5153 1879 5166 —
1905 5124 2006 5195 Ap.
2039 5121 2259 5180 (Eoum.
2292 5123 2354 5181 in
2382 5126 2404 5180 ι
2432 5124 2502 5181 ad
2533 5124 2678 5194 Cor.,
2711 5142 2790 5192 xx,
2823 5125 2911 5184 l0.

538 5246 768 5313 Propter
788 5241 1034 5310 angelos.
1067 5237 1324 5311 Angelos
1349 5238 1494 5293 dicit
1515 5239 1712 5307 justus
1762 5255 1829 5294 ac
1882 5239 2098 5310 probos

2278 5239 2376 5294 Διά
2415 5237 2546 5302 τοὺς
2591 5236 2881 5315 ἀγγέλους.
2923 5237 3226 5316 ’Δγγέλους
3277 5241 3410 5320 φησὶ
3450 5240 3577 5304 τοὺς
3623 5235 3832 5296 δικαίους

469 5333 644 5388 viros.
678 5330 986 5403 Operiatur
1016 5345 1175 5400 ergo,
1208 5343 1279 5382 ne
1305 5327 1376 5383 ad
1407 5333 1678 5401 stuprum
1731 5329 1816 5385 eis
1859 5329 2040 5385 oﬂ'end

2262 5326 2303 5381 ιιὶ
2336 5327 2640 5404 ἐναρέτους.
2683 5327 3185 5394 Κατακαλυπτέσθψ
3215 5329 3326 5402 οὗν,
3365 5327 3458 5385 ἵνα
3508 5330 3582 5404 μὴ
3621 5326 3691 5391 ei:
3717 5342 3833 5398 πορ-

544 5457 608 5522 ›ι‹
637 5458 696 5515 Ρ.
730 5457 865 5514 1004
895 5457 1006 5514 ED.
1036 5454 1338 5512 POTTER.
1417 5455 1487 5526 (α)
1519 5453 1675 5511 Psal.
1707 5471 1846 5523 xvn,
1877 5455 1968 5512 27.
2046 5455 2115 5528 (ὁ)

1039 5454 1338 5512 POTTER.
1417 5455 1487 5526 (α)
1519 5453 1675 5511 Psal.
1707 5471 1846 5523 xvn,
1877 5455 1968 5512 27.
2046 5455 2123 5528 (ὁ)
2156 5454 2310 5512 Psal.
2342 5472 2528 5524 σχειν,
2556 5457 2610 5513 5.

545 5584 659 5655 (91)
687 5582 790 5638 His
819 5579 1254 5655 quodammodo
1286 5577 1662 5655 respondent,
1695 5593 1823 5648 quis
1855 5577 1935 5655 _in
1980 5576 2112 5636 Cle-
2295 5576 2409 5652 (92)
2441 5577 2645 5655 Simile
2675 5578 2822 5655 quid
2849 5579 2910 5636 in
2937 5579 3144 5641 eodem
3171 5580 3490 5642 Clementis
3513 5576 3728 5649 Pelag.
3743 5573 3831 5632 lib.

471 5648 693 5714 mentis
723 5648 910 5713 nostri
937 5651 1158 5724 Pcdag.
1190 5648 1294 5706 lib.
1328 5665 1368 5722 ι,
1384 5648 1529 5722 ‘cap.
1563 5649 1652 5720 11,
1681 5649 1961 5721 reperias.
2227 5665 2271 5720 ι,
2303 5648 2429 5724 cap.
2465 5652 2551 5722 11,
2571 5648 2868 5725 leguntur.
