3978 6200
202 316 300 369 745
1606 317 2070 371 FRAGMENTA.
3435 342 3542 396 746

196 441 317 492 νείαν
365 436 535 500 αὐτοὺς
622 436 947 514 σκανδαλίσῃ
984 459 999 474 ο
1056 442 1107 496 oi
1166 441 1265 516 γὰρ
1343 436 1512 503 ὅντως
1576 441 1665 496 καὶ
1723 439 1773 494 ιδ
1809 445 1860 510 Α
1893 441 2024 497 culo
2059 461 2069 497 :
2108 460 2239 500 nam
2273 451 2328 501 et
2361 448 2462 519 qui
2494 464 2583 504 ver

1890 441 2024 538 culo
2059 461 2069 497 :
2108 460 2239 500 nam
2273 451 2328 501 et
2361 448 2462 519 qui
2494 464 2622 505 vere
2655 451 2710 506 in
2743 453 2906 511 cmlis
2936 461 3076 512 sunt
3107 459 3324 532 angeli,
3348 463 3538 538 ipsam

191 529 390 602 οὐρανοῖς
411 525 621 602 ἄγγελοι
677 528 765 582 καὶ
811 529 1372 604 κατακεκαλυμμένην
1423 531 1590 600 αὐτὴν
1645 528 1775 604 βλέο
1886 529 2024 587 licet
2055 537 2265 589 tectam
2300 535 2583 593 intuontm

1886 529 2024 587 licet
2055 537 2265 589 tectam
2300 535 2623 594 intuentur.

183 637 351 670 πουσιν.

1078 724 1160 776 Ex
1193 720 1292 774 lib.
1329 719 1422 776 ιν.
1454 751 1526 761 -
1554 720 1652 790 Ap.
1686 718 1935 776 eumdem
1967 721 2027 776 in
2060 723 2108 777 11
2132 723 2202 778 ad
2233 722 2350 780 Cor.
2386 743 2441 794 v,
2480 729 2563 784 16.

227 813 277 869 Ei
327 811 377 866 δὲ
427 814 512 866 καὶ
564 812 873 889 ἆγνώκαμεν
924 815 1059 869 κατᾶ
1085 815 1255 886 σάρκα
1285 816 1538 890 Χριστόν.
1569 818 1773 890 ’Ὠσπερ
1957 820 2128 876 Porro
2185 824 2353 878 etiam
2403 825 2456 880 si
2497 841 2583 896 cog

1957 820 2128 876 Porro
2185 824 2353 878 etiam
2403 825 2456 880 .ςί
2497 828 2854 896 cognovimus
2903 830 3183 890 Christum
3229 839 3533 897 secundum

173 906 296 972 ἡμῶν
315 902 370 955 τὸ
392 901 522 956 κατᾶ
552 901 723 976 σάρκα
752 902 862 957 ἐστὶ
894 904 955 959 τὸ
987 903 1040 958 ἐν
1089 905 1398 980 ἁμαρτίαις,
1430 905 1517 959 καὶ
1563 906 1626 960 τὸ
1673 902 1773 975 ἔξω
1883 911 2576 973 εανηρηιΟυϐῐηθάωοᾶυ

1883 911 2391 973 carnemQuemad
2404 915 2639 971 modum
2663 919 2817 988 apud
2833 935 2938 975 nos
2951 924 3274 980 secundum
3291 943 3530 986 carnem

172 991 336 1044 τυῦτων
365 989 421 1045 οὗ
451 993 584 1045 κατά
619 993 786 1066 σάρκα
812 1013 825 1025 ·
860 991 1000 1047 οὕτω
1033 994 1241 1048 καὶτοῦ
1275 998 1507 1070 Χριστοῦ
1536 995 1598 1048 τὸ
1636 994 1773 1048 κατὰ
1881 1013 2029 1065 esse,
2064 999 2280 1078 dicitur
2310 1017 2438 1057 esse
2468 1004 2525 1059 in
2558 1021 2583 1076 ρ

1881 1013 2029 1065 esse,
2064 999 2280 1078 dicitur
2310 1017 2438 1057 esse
2468 1004 2525 1059 in
2558 1007 2846 1076 peccatis;
2880 1014 2935 1064 et
2969 1009 3094 1066 sine
3125 1011 3219 1068 his
3247 1030 3392 1084 esse,
3439 1019 3529 1073 di-

170 1080 298 1155 σάρκα
322 1081 378 1134 τὸ
406 1078 564 1135 εἶ’κειν
595 1087 715 1143 τοῖς
747 1088 997 1159 φυσικοῖς
1028 1081 1242 1154 πάθεσι,
1272 1084 1336 1137 τὸ
1371 1084 1445 1155 μὴ
1500 1082 1659 1138 εἷ’κειν
1713 1079 1770 1137 δὲ
1880 1088 2032 1141 citur
2061 1104 2190 1143 esse
2223 1107 2336 1144 non
2366 1095 2582 1148 secund

1880 1088 2032 1141 citur
2061 1104 2190 1143 esse
2223 1107 2336 1144 non
2366 1095 2690 1150 secundum
2723 1099 3078 1154 carnemzita
3106 1118 3340 1174 quoque
3371 1078 3525 1178 apud

167 1168 210 1222 οὗ
234 1170 345 1222 κατὰ
372 1168 535 1242 σάρκα
559 1188 569 1199 ·
600 1167 726 1223 ἀλλ’
757 1170 961 1247 ὥσπερ,
996 1171 1186 1246 φησὶν,
1217 1171 1419 1234 ἐκεῖνος
1441 1172 1764 1245 ἀπηλλάγη,
1877 1175 2175 1232 Christum
2211 1181 2538 1236 secundum
2569 1199 2583 1236 ι

1877 1175 2175 1232 Christum
2211 1181 2538 1236 secundum
2569 1199 2801 1240 carnem
2829 1201 2958 1242 esse
2988 1167 3527 1256 diciiur,naturali-

164 1257 271 1311 οὕτω
297 1257 374 1311 καὶ
400 1260 582 1331 ἡμεῖς.
1879 1264 1987 1319 bus
2013 1265 2225 1336 subjici
2250 1268 2582 1325 aﬂ'ectionib

1879 1264 1987 1319 bus
2013 1265 2225 1336 subjici
2250 1268 2659 1327 aﬂ'ectionibus
2676 1289 2688 1326 :
2707 1290 2821 1328 non
2845 1276 3055 1346 subjici
3078 1293 3235 1348 vero,
3257 1295 3388 1338 esse
3406 1300 3524 1340 non

1873 1355 2199 1444 secundum
2233 1360 2612 1416 carnem.Sed
2647 1365 3146 1434 quemadmodum
3181 1367 3520 1444 ille,inquit,

1869 1441 2154 1500 liberatus
2187 1451 2294 1513 est,
2329 1447 2414 1504 sic
2443 1452 2501 1504 et
2530 1465 2654 1507 nos.

1065 1557 1147 1610 Ex
1177 1555 1272 1609 lib.
1311 1555 1397 1609 [ν.
1433 1585 1501 1595 —-
1533 1557 1628 1627 Ap.
1663 1555 1910 1612 eumdem
1942 1560 2001 1614 in
2032 1561 2076 1614 ll
2103 1562 2181 1615 ad
2209 1563 2330 1619 Cor.
2368 1580 2442 1629 νι,
2477 1567 2562 1619 11.

206 1667 252 1723 Ἡ
280 1663 457 1740 καρδία
507 1669 675 1738 ἡμῶν
706 1665 1096 1724 πεπλάτυνται.
1131 1667 1224 1730 Ei;
1253 1669 1315 1723 τὸ
1346 1670 1518 1724 πάντα
1548 1665 1754 1740 διδάξαι
1788 1657 1835 1722 Β
1940 1658 2046 1714 δον
2073 1669 2328 1716 ποδινῒιηι
2357 1663 2583 1719 dilata“

1940 1658 2046 1714 Cor
2073 1669 2328 1716 nostrum
2357 1663 2669 1719 dilatatam
2697 1665 2884 1722 εει.οι
2915 1685 3016 1724 vos
3048 1673 3246 1730 omnia
3276 1676 3518 1733 docere-

161 1757 471 1828 Ὑμεῖς
531 1753 592 1811 δέ
653 1763 1082 1832 στενοχωρεῖσθε
1130 1756 1182 1812 έν
1237 1764 1354 1820 τοῖς
1413 1757 1755 1834 σπλάγχνοις
1869 1764 2037 1815 Γουεῖ
2072 1751 2173 1804 8θά
2208 1767 2310 1806 V03
2337 1754 2572 1822 αοευειί

1873 1764 2037 1815 mus;
2072 1751 2173 1804 sed
2208 1767 2310 1806 vos
2337 1754 2572 1822 angusti
2607 1753 2751 1809 estis
2800 1755 2857 1810 in
2913 1757 3235 1817 visceribus
3281 1767 3512 1831 vestris,

160 1846 286 1915 ὀμῶν,
311 1845 598 1912 τουτέστιν,
637 1845 689 1900 ἐν
739 1851 809 1920 τῇ
860 1846 996 1921 πρὸς
1036 1847 1165 1902 Θεὸν
1215 1846 1424 1922 ἀγάπῃ,
1545 1847 1749 1923 ἀγαπᾷν
1864 1839 1970 1894 hoc
2003 1845 2111 1909 BSt,
2143 1839 2202 1896 ίΠ
2236 1840 2583 1898 dilectione'

1873 1839 1970 1894 hoc
2003 1845 2111 1909 est,
2143 1839 2202 1896 in
2236 1840 2548 1898 dilectione
2579 1858 2717 1916 erga
2752 1845 2956 1913 Deum,
2989 1863 3106 1918 qua
3139 1867 3230 1906 me
3269 1853 3513 1926 diligere

159 1955 205 2001 με
225 1932 457 2007 ὀφείλετε.
1859 1935 2104 1992 debetis.

1873 1935 2104 1992 iebetis.

946 2080 1009 2144 ιια
1039 2075 1119 2129 Ex
1148 2073 1247 2130 lib.
1277 2078 1351 2131 V.
1391 2105 1458 2115 -ο
1489 2075 1585 2146 Ap.
1619 2075 1868 2131 eumdem
1899 2076 1960 2129 in
1990 2077 2088 2144 Bp.
2122 2071 2192 2127 ad
2221 2072 2442 2140 Galata,
2475 2086 2527 2124 v.
2560 2069 2649 2124 24.

200 2188 250 2243 Οἳ
276 2185 322 2242 δὲ
346 2192 436 2242 τοῦ
465 2190 714 2265 Χριστοῦ
742 2189 838 2257 τήν
873 2188 1057 2264 σάρκα.
1088 2192 1186 2244 Καὶ
1214 2190 1267 2244 τί
1299 2188 1464 2264 λέγω,
1482 2189 1740 2268 φησὶν,ἓν
1924 2193 1993 2246 Hi
2019 2194 2204 2245 autem
2238 2187 2450 2244 Christi
2470 2204 2583 2242 can

1924 2193 1993 2246 Hi
2019 2194 2204 2245 autem
2238 2187 2450 2244 (Thr-iui
2470 2203 2714 2243 carnem.
2750 2188 2816 2243 Et
2845 2191 2986 2260 quid
3019 2190 3386 2263 singulatim,
3419 2197 3512 2253 in-

153 2280 232 2339 ue‘
255 2277 299 2330 ἓν
326 2278 510 2350 ἀρετῆς
545 2275 694 2338 εἶδος
725 2276 866 2343 ςεῖσὶ
897 2280 997 2351 γάρ
1026 2299 1170 2342 τινες
1203 2277 1256 2333 οἳ
1285 2279 1374 2332 καὶ
1405 2277 1746 2352 ἐσταύρωσαν
1860 2281 2295 2351 quit,virtutum
2327 2277 2554 2349 species

1873 2281 2295 2351 iuit,virtutum
2327 2277 2554 2349 species
2584 2278 3050 2335 recenseo?Sunt
3076 2283 3234 2338 enim
3265 2285 3509 2354 quidam

150 2365 337 2437 ὲτλτοῦς,
365 2365 486 2420 ὅσον
519 2367 666 2442 πρὸς
695 2367 762 2422 τὰ
789 2367 960 2437 πάθη,
991 2367 1081 2422 καὶ
1120 2368 1189 2422 τὰ
1235 2367 1380 2438 πάθη
1433 2367 1556 2422 ὅσον
1613 2367 1749 2443 πρὸς
1860 2371 1958 2442 qui
1989 2369 2214 2440 seipsos
2245 2366 2583 2421 cruciﬁxeru

1873 2371 1958 2442 qui
1989 2369 2214 2440 seipsos
2245 2366 2663 2421 cruciﬁxerunt
2691 2369 2886 2437 quoad
2911 2369 3241 2437 aﬂ'ectus,et
3268 2374 3512 2432 aii'ectus

150 2455 336 2516 tauro-Sc.
361 2456 503 2513 Κατᾶ
533 2457 743 2526 ταύτην
773 2458 874 2526 τήν
903 2457 1196 2531 ἑρμηνείαν
1231 2457 1292 2512 οὗ
1322 2457 1651 2530 παρέλκεται
1685 2457 1748 2512 τὸ
1859 2457 2048 2530 quoad
2075 2455 2154 2510 sei
2165 2457 2359 2527 psos.J
2369 2459 2505 2510 uxta
2527 2455 2583 2509 hi

1873 2457 2048 2530 quoad
2075 2455 2505 2527 seipsos.Juxta
2527 2454 3240 2526 hancinterpretationem
3288 2456 3345 2514 δὲ
3393 2480 3508 2519 non

225 2545 278 2596 Οἱ
302 2541 351 2598 δὶ
377 2550 470 2599 τοῦ
500 2547 770 2613 Χριστοῦ,
802 2545 1067 2614 τουτέστι,
1096 2546 1384 2616 τείνοντες,
1407 2547 1508 2614 τὴν
1541 2547 1744 2601 ἑαυτῶν
1857 2554 1947 2603 est
1978 2544 2271 2617 parelcon,
2305 2547 2401 2600 sed
2436 2560 2583 2599 sens‘

1873 2554 1947 2603 ist
1978 2544 2271 2617 parelcon,
2305 2547 2401 2600 sed
2436 2560 2650 2599 sensus
2679 2549 2768 2600 est
2801 2559 2815 2601 :
2847 2543 2899 2597 oi
2933 2540 2989 2598 δὲ
3025 2543 3124 2600 τοῦ
3170 2553 3404 2621 Χριστοῦ
3452 2553 3512 2609 id

149 2632 219 2705 sip
234 2632 652 2708 καέσταύρωσαν.
1855 2641 1944 2692 est
1974 2635 2074 2707 qui
2107 2651 2239 2690 vero
2269 2633 2520 2690 tendunt
2553 2650 2583 2690 a

1873 2641 1944 2692 ist
1974 2635 2074 2707 qui
2107 2651 2239 2690 vero
2269 2633 2520 2690 tendunt
2553 2634 2625 2690 ad
2676 2633 3002 2703 Christum,
3051 2653 3222 2694 suam
3273 2656 3510 2699 carnem

1854 2725 2292 2782 cruciﬁxerunt.

905 2862 991 2916 Ex
1021 2860 1164 2915 libro
1195 2858 1262 2915 V.
1293 2891 1361 2900 —
1393 2861 1491 2931 Ap.
1531 2859 1811 2917 Moschum
1842 2858 1992 2914 Prati
2027 2855 2354 2930 spiritualis
2382 2872 2501 2924 cap.
2539 2856 2665 2914 176.

194 2973 276 3026 Ναὶ
325 2972 539 3044 ἀληθῶς
599 2969 1004 3043 ἐϐαπτίσθησαν
1065 2975 1139 3046 (οἱ
1187 2971 1532 3046 ἀπόστολοι),
1563 2974 1740 3035 καθὼς
1772 2975 1815 3043 C
1925 2973 2076 3029 Sane
2108 2971 2190 3027 illi
2219 2969 2512 3044 (apostoli)
2544 2971 2579 3026 b

1925 2973 2076 3029 Sane
2108 2971 2190 3027 illi
2219 2969 2512 3044 (apostoli)
2544 2971 2824 3043 baptizati
2864 2976 3025 3041 sunt,
3071 2973 3224 3030 sicut
3272 2979 3329 3030 et
3374 2975 3502 3033 Cle-

150 3060 337 3132 Κλήμης
380 3065 408 3117 ὁ
464 3062 836 3140 Στρωματεὺς
894 3061 947 3117 ἐν
1004 3063 1082 3128 τῷ
1137 3066 1370 3135 πέμπτῳ
1420 3063 1578 3135 τόμῳ
1631 3067 1738 3118 τῶν
1852 3079 2020 3119 mens
2049 3065 2414 3117 Stromateus
2451 3077 2583 3116 merx

1873 3079 2020 3119 nens
2049 3065 2414 3117 Stromateus
2451 3060 2717 3116 meminit
2748 3059 2801 3115 in
2829 3061 3036 3132 quinto
3061 3067 3496 3137 (lypolyposeon.

146 3150 502 3206 Τποτυπώσεων
553 3152 853 3225 μέμνηται.
901 3151 1045 3222 Φησὶ
1093 3150 1220 3226 γὰρ,
1261 3152 1324 3206 τὸ
1377 3149 1738 3206 ἀποστολικὸν
1850 3150 2249 3224 Apostolicum
2284 3149 2438 3204 enim
2472 3148 2573 3204 illu

1873 3150 2249 3224 ipostolicum
2284 3149 2438 3204 enim
2472 3148 2614 3204 illud
2649 3149 2870 3205 dictum
2898 3166 3193 3222 exponens
3225 3169 3336 3224 quo
3362 3154 3503 3210 dici-

147 3239 266 3308 ῥῃτὸν
294 3239 659 3316 ἐξηγούμενος
685 3241 749 3295 τὸ
802 3238 982 3315 λέγον,
1014 3239 1356 3314 Εὗχαριστῶ,
1391 3237 1473 3294 ὅτι
1535 3236 1740 3312 μηδένα
1849 3245 1947 3296 tur
1981 3259 1993 3296 :
2028 3239 2246 3296 Gratias
2274 3255 2375 3310 ago
2404 3240 2530 3307 Deo,
2552 3256 2583 3312 ᾳ

1880 3259 1947 3296 ur
1981 3259 1993 3296 :
2028 3239 2246 3296 Gratias
2274 3255 2375 3310 ago
2404 3240 2530 3307 Deo,
2552 3239 2686 3312 quia
2715 3241 2990 3296 neminem
3039 3250 3282 3298 vestrum
3329 3244 3500 3316 bapti-

148 3327 258 3398 ὑμῶν
280 3324 526 3384 ἐϐάπτισα
559 3350 573 3363 ο
613 3353 647 3381 ε(
676 3329 910 3405 Χριστὸς
940 3326 1150 3402 λέγεται
1196 3328 1394 3404 Πέτρον
1445 3329 1605 3401 μόνον
1648 3329 1737 3402 βε·
1848 3331 1994 3394 zavi,
2035 3352 2054 3377 ι
2089 3329 2380 3394 Christus,
2410 3327 2583 3399 inqui

1873 3331 1994 3394 avi,
2035 3352 2054 3377 ι
2089 3329 2380 3394 Christus,
2410 3327 2624 3399 inquit,
2659 3327 2877 3384 dicitur
2902 3333 3138 3386 Petrum
3170 3331 3363 3388 solum
3394 3333 3501 3389 ba-

145 3411 417 3488 ὅσπτικέναι,
467 3422 680 3494 Πέτρος
741 3416 798 3473 δὲ
835 3415 1109 3492 Ἀνδρέαν,
1161 3415 1414 3493 Ἀνδρέας
1477 3412 1734 3475 Ἰάκωϐον
1847 3419 2120 3490 ptizassc,
2167 3417 2375 3473 Petrus
2421 3417 2582 3471 Andr

1873 3419 2120 3484 itizasse,
2167 3417 2375 3473 Petrus
2421 3417 2736 3485 Andream,
2788 3419 3051 3475 Andreas
3107 3421 3389 3478 Iacobum
3444 3425 3504 3478 et

143 3502 206 3554 ui
231 3504 474 3576 Ἰωάννην,
508 3505 715 3561 ἐκεῖνοι
747 3502 804 3560 δὲ
835 3503 962 3567 τοὺς
993 3502 1246 3566 λοιπούς.
1280 3530 1306 3555 ))
1845 3507 2154 3573 Joannem,
2184 3505 2270 3560 illi
2294 3508 2488 3561 autem
2524 3522 2582 3562 re

1873 3508 2154 3573 'oannem,
2184 3505 2270 3560 illi
2294 3508 2488 3561 autem
2524 3505 2800 3578 reliquos.
2837 3528 2867 3556 »

1114 3631 1199 3686 Ea:
1229 3630 1326 3687 lib.
1360 3629 1454 3686 Vl.
1487 3661 1552 3672 —
1583 3636 1684 3702 Ap.
1720 3631 1912 3688 Euseb.
1946 3630 2084 3687 Hist.
2113 3630 2268 3697 ϐοείη
2301 3646 2365 3696 ιι,
2401 3633 2449 3684 1.

193 3740 393 3816 Κλήμης
424 3743 479 3801 δὶ
523 3745 578 3801 έν
615 3742 758 3818 ἓκτῳ
786 3749 893 3800 τῶν
924 3744 1350 3800 Ὑποτυπώσεων
1381 3745 1600 3823 γράφων
1633 3743 1740 3801 ὧδέ
1918 3746 2184 3802 Clemens
2205 3749 2360 3801 certe
2381 3745 2439 3800 in
2462 3749 2583 3800 sext

1918 3746 2184 3802 Clemens
2205 3749 2360 3801 certe
2381 3745 2439 3800 in
2462 3749 2622 3800 sexto
2643 3746 3068 3803 [mutationum
3092 3747 3240 3806 libro
3270 3749 3353 3805 ita
3378 3753 3496 3807 tra-

143 3832 612 3910 παρίστησι.11έτρον
639 3835 742 3910 γάρ
774 3855 906 3912 φησι
936 3835 1026 3889 καὶ
1058 3829 1318 3889 Ἰάκωϐον
1351 3834 1439 3888 καὶ
1471 3835 1732 3904 Ἰωάννην
1841 3836 1948 3890 dit.
1982 3835 2076 3890 Ait
2100 3834 2280 3899 enim,
2315 3843 2445 3904 post
2469 3837 2583 3890 Ser'

1873 3837 1948 3890 lit.
1982 3835 2076 3890 Ait
2100 3834 2280 3899 enim,
2315 3843 2445 3904 post
2469 3835 2793 3890 Servatoris
2843 3851 3178 3906 ascensum,
3231 3843 3494 3909 Petrum,

146 3919 243 3985 μετᾶ
264 3924 348 3990 τήν
377 3924 655 3996 ἀνάληψιν
686 3928 782 3977 τοῦ
816 3929 1097 3997 Σωτῆρος,
1125 3924 1200 3984 ὡς
1242 3923 1301 3977 ἃν
1350 3923 1440 3976 καὶ
1488 3923 1592 3977 ὑπὸ
1636 3927 1734 3978 τοῦ
1840 3923 2125 3980 Jacobum
2155 3927 2212 3977 et
2258 3921 2567 3987 Joannem,

1879 3924 2125 3980 acobum
2155 3927 2212 3977 et
2258 3921 2567 3987 Joannem,
2617 3923 2888 3993 quamvis
2935 3923 3223 3982 Dominus
3269 3927 3497 3984 ceteris

145 4005 295 4078 Κυρίου
343 4012 875 4086 προτετιμημένους,
935 4012 1012 4083 μὴ
1073 4009 1475 4080 ἐπιδικάζεσθαι
1547 4008 1732 4082 δόξης,
1842 4013 2004 4084 ipsos
2037 4011 2414 4083 praetulisset,
2459 4025 2577 4066 non

1873 4028 2004 4084 psos
2037 4011 2414 4083 praetulisset,
2459 4025 2577 4066 non
2627 4010 2844 4067 idcirco
2892 4013 2964 4068 de
3011 4013 3202 4086 primo
3257 4015 3494 4074 honoris

144 4092 234 4146 ἀλλ’
270 4097 508 4155 Ἰάκωϐον
548 4101 648 4156 τὸν
722 4097 928 4155 δίκαιον
976 4099 1277 4154 ἐπίσκοπον
1335 4098 1730 4173 Ἱεροσολύμων
1840 4101 2028 4172 gradu
2051 4100 2583 4166 contendisse,sed.

1873 4101 2028 4166 :radu
2051 4100 2554 4166 contendisse,sed
2573 4098 2860 4156 Jacobum
2883 4103 3233 4174 cognomine
3249 4103 3282 4162 ,Ι
3291 4110 3492 4162 ustum

144 4181 325 4243 ίλίσθαι.
1842 4189 2339 4262 Jerosolymorum
2371 4189 2583 4260 episcol

1879 4189 2339 4262 erosolymorum
2371 4189 2717 4260 episcopum
2749 4189 3018 4263 elegisse.

971 4315 1127 4370 8⁵24
1159 4316 1244 4369 Em
1270 4313 1457 4370 eodem
1487 4313 1633 4368 libro
1659 4313 1753 4369 VI.
1785 4343 1853 4355 —
1883 4313 1982 4385 Ap.
2014 4312 2230 4382 Eu:eb.,
2262 4311 2399 4368 ibid.
2431 4328 2480 4368 ο.
2516 4313 2605 4369 15.

194 4423 322 4480 θ’ὶτω
365 4425 429 4496 δὴ
477 4427 570 4484 οὖν
625 4425 1074 4500 ἐπιδημήσαντος
1105 4427 1290 4489 αὐτοῖς
1317 4431 1414 4482 τοῦ
1446 4427 1594 4491 θείου
1638 4424 1733 4481 λό-
1767 4429 1814 4495 D
1919 4428 2099 4498 Igitur
2129 4444 2261 4483 cum
2291 4426 2393 4482 Dei
2425 4427 2583 4482 doctr

1919 4428 2099 4498 Igitur
2129 4444 2261 4483 cum
2291 4426 2393 4482 Dei
2425 4426 2693 4482 doctrina
2742 4430 3032 4484 Romanos
3080 4430 3330 4486 adventu
3383 4449 3492 4489 suo

145 4516 286 4582 Tomi,
319 4517 405 4588 μὲν
435 4521 533 4572 τοῦ
566 4517 819 4590 Σίμωνος
857 4510 1066 4586 ἀπέσϐη
1116 4514 1205 4570 καὶ
1255 4521 1600 4590 παραχρῆμα
1645 4513 1734 4569 καὶ
1846 4515 2225 4581 illustrasset,
2253 4513 2508 4570 Simonis
2539 4531 2583 4584 ψ

1873 4515 2225 4581 llustrasset,
2253 4513 2508 4570 Simonis
2539 4515 2773 4584 quidem
2804 4516 2891 4571 vis
2931 4533 2997 4572 ac
3045 4519 3306 4588 potentia
3355 4535 3493 4578 cum

145 4601 199 4666 τῷ
230 4599 360 4676 ἀνδρὶ
395 4604 734 4662 καταλέλυτο
784 4602 1014 4677 δύναμις
1043 4623 1057 4636 '
1091 4607 1319 4659 τοσοῦτο
1370 4600 1416 4658 δ’
1454 4602 1738 4676 ἐπέλαμψε
1846 4604 1954 4675 ipsi
1982 4603 2162 4660 simul
2185 4607 2421 4659 auctore
2447 4603 2583 4658 brev

1873 4604 1954 4675 psi
1982 4603 2162 4660 simul
2185 4607 2421 4659 auctore
2447 4603 2608 4658 brevi
2639 4602 2929 4660 exstincta
2959 4608 3132 4675 atque
3161 4606 3354 4663 deleta
3379 4621 3491 4665 est.

145 4693 229 4751 ταῖς
267 4696 360 4748 τῶν
408 4695 690 4770 ἀκροατῶν
739 4697 838 4750 τοῦ
890 4694 1098 4769 Πέτρου
1136 4690 1406 4755 διανοίαις
1463 4687 1734 4754 εὐσεϐείας
1844 4693 2070 4748 Tantus
2102 4695 2302 4747 autem
2331 4690 2583 4746 veritatis

1873 4693 2070 4748 Tantus
2102 4695 2302 4747 autem
2331 4690 2595 4746 veritatis
2623 4691 2819 4762 fulgor
2846 4693 3086 4750 emicuit
3105 4694 3164 4750 in
3193 4696 3495 4754 mentibus

147 4777 316 4850 Ῡέτγος,
366 4783 435 4845 ὡς
496 4785 577 4856 μὴ
633 4787 703 4856 τῇ
745 4782 965 4852 εἰσάπαξ
1013 4783 1209 4844 ἱκανῶς
1257 4777 1402 4858 ἔχειν
1457 4780 1738 4856 ἀρκεῖσθαι
1845 4796 2071 4848 eorum,
2104 4779 2205 4852 qui
2238 4782 2472 4834 Petrum
2505 4795 2577 4833 au

1873 4796 2071 4848 :orum,
2104 4779 2205 4852 qui
2238 4782 2472 4834 Petrum
2505 4778 2832 4847 audierant,
2865 4787 2926 4836 ut
2956 4798 3166 4853 parum
3209 4783 3495 4843 haberent

146 4861 267 4939 ἀκαῇ,
297 4868 427 4942 μηδὶ
453 4876 524 4946 τῇ
571 4870 804 4950 ἀγράφῳ
842 4876 940 4927 τοῦ
986 4871 1134 4927 θείου
1179 4869 1535 4947 κηρύγματος
1581 4867 1736 4925 διδα-
1846 4869 2028 4926 semel
2055 4869 2312 4936 audisse,
2345 4884 2450 4923 nec
2481 4883 2583 4923 con

1873 4869 2028 4925 .emel
2055 4869 2312 4936 audisse,
2345 4884 2450 4923 nec
2481 4869 2735 4923 contenti
2787 4876 2985 4925 essent
3031 4871 3282 4928 caelestis
3330 4873 3492 4930 verbi

148 4954 338 5027 πιλία·
385 4958 766 5034 παρακλήσεσι
818 4958 877 5015 δὲ
927 4959 1212 5024 παντοίαις
1266 4958 1507 5034 Μάρκον,
1557 4959 1620 5013 οὗ
1673 4959 1736 5014 τὸ
1846 4958 2175 5014 doctrinam
2205 4957 2332 5012 viva
2362 4971 2519 5026 voce,
2555 4973 2583 5010 n

1873 4958 2175 5014 loctrinam
2205 4957 2332 5012 viva
2362 4971 2519 5026 voce,
2555 4955 2732 5012 nullis
2763 4958 3038 5015 traditam
3068 4960 3304 5033 scriptis
3333 4978 3494 5019 acce-

147 5040 425 5119 Εὔα-(γέλων
454 5050 695 5125 φέρεται,
728 5046 1031 5113 ἀκόλουθον
1064 5046 1192 5103 ὄντα
1232 5049 1460 5122 Πέτροῦ,
1492 5046 1736 5123 λιπαρῆ-
1847 5047 2005 5119 pisse
2038 5063 2051 5102 :
2084 5046 2184 5101 sed
2219 5045 2475 5100 Marcum
2509 5049 2583 5100 Pe

1873 5047 2005 5102 tisse
2038 5063 2051 5102 :
2084 5046 2184 5101 sed
2219 5045 2475 5100 Marcum
2509 5044 2664 5100 Petri
2703 5050 3049 5103 sectatorem
3099 5051 3270 5120 cujus
3317 5049 3494 5108 hodie

147 5146 227 5197 σαι.
251 5133 312 5195 ὡς
349 5133 404 5189 ἃν
433 5137 525 5191 καὶ
558 5134 649 5191 διὰ
686 5143 901 5214 γραφῆς
946 5137 1248 5210 ὑπόμνημα
1288 5143 1388 5206 τῆς
1432 5133 1522 5190 διὰ
1565 5134 1736 5210 λόγου
1845 5133 2451 5206 exstatEvangelium,
2483 5134 2583 5188 eni:

1873 5140 2036 5190 ixstat
2049 5133 2360 5206 Evangeliu
2371 5150 2451 5200 m,
2483 5134 2650 5188 enixe
2669 5140 2905 5190 orarent
2925 5141 2990 5191 ut
3005 5136 3284 5194 doctrinm
3306 5139 3494 5212 illius,

145 5217 480 5297 παραδοθείσης
540 5226 723 5288 αὐτοῖς
789 5228 1114 5300 ηταλεῖψαι
1185 5221 1536 5286 διδασκαλίας
1566 5244 1579 5258 ο
1657 5225 1734 5298 μὴ
1847 5241 2024 5298 quam
2057 5223 2264 5280 auditu
2299 5238 2583 5294 accepere}

1873 5241 2024 5298 [nam
2057 5223 2264 5280 auditu
2299 5226 2664 5294 acceperant,
2697 5224 2986 5296 scriptum
3015 5226 3253 5299 aliquod
3286 5244 3495 5286 monu-

145 5308 352 5385 πρότερόν
399 5334 457 5370 τε
499 5314 704 5370 ἀνιέναι
738 5316 773 5386 ἢ
823 5314 1250 5391 κατεργάσασθαι
1302 5314 1396 5369 τὸν
1426 5310 1616 5388 ἄνδρα,
1645 5312 1734 5368 καὶ
1848 5317 2114 5370 mentum
2136 5311 2292 5384 apud
2316 5327 2380 5367 se
2400 5310 2583 5383 relinq

1873 5317 2114 5369 uentum
2136 5311 2292 5384 apud
2316 5327 2380 5367 se
2400 5310 2776 5383 relinqueret.
2798 5312 2915 5371 Nec
2937 5313 3100 5385 prius
3121 5317 3493 5389 destiterunt,

146 5395 276 5473 ταύτῃ
302 5401 498 5465 αἰτίους
526 5403 765 5481 γενέσθαι
809 5411 909 5474 τῆς
932 5407 1028 5459 τοῦ
1058 5402 1363 5479 λεγομένου
1391 5403 1528 5457 κατὰ
1584 5403 1738 5476 Μάρ-
1848 5417 2026 5474 quam
2059 5400 2362 5456 hominem
2409 5415 2583 5472 expug

1873 5417 2026 5474 [uam
2059 5400 2362 5456 hominem
2409 5405 2868 5472 expugnassent,
2918 5409 3300 5476 auctoresque
3347 5404 3496 5463 scri-

147 5501 217 5538 ιον
241 5488 559 5567 Εὐαγγελίου
585 5500 822 5570 γραφῆς.
855 5493 1054 5548 Γνόντα
1102 5489 1160 5547 δὶ
1203 5492 1266 5547 τὸ
1313 5491 1578 5566 πραχθὶν,
1611 5488 1738 5568 φασὶ
1850 5490 2026 5548 bendi
2047 5489 2208 5546 illius
2231 5489 2387 5561 quod
2415 5505 2583 5547 secum

1873 5490 2026 5548 tendi
2047 5489 2208 5546 illius
2231 5489 2387 5561 quod
2415 5489 2742 5547 secundum
2764 5489 3028 5549 Marcum
3049 5492 3286 5564 dicitur,
3303 5493 3492 5552 Evan-

194 5632 244 5696 ιι-
265 5633 317 5691 Ρ.
346 5637 479 5693 1005
500 5639 612 5696 ED.
649 5638 947 5696 POTTER.

423 5755 676 5819 Ρλτιοι..
721 5755 832 5817 Gn.
874 5754 982 5818 1X.
3089 5749 3168 5807 24
