3978 6200
491 363 596 416 ⁸747
1731 361 2062 414 CLEMBNT

2270 360 2673 414 EXANDRINI
3759 369 3841 424 718

489 483 624 556 gelii
655 481 1038 540 exstitissent.
1074 480 1234 545 Quod
1270 497 1404 536 cum
1439 485 1648 538 Petrus
1690 498 1793 554 per
1840 481 2055 536 revelat

2268 479 2347 534 τὸν
2380 479 2740 552 Ἀπόστολον,
2772 478 3224 555 ἀποκαλύψαντος
3263 481 3406 555 αὖτῷ
3432 489 3522 540 τοῦ
3551 487 3839 562 Πνεύματος,

491 589 624 629 nem
650 570 836 628 sancti
868 569 1124 642 Spiritus
1151 570 1545 642 cognovisset,
1569 569 1894 627 delectatus
1918 570 2054 625 arde

2268 567 2488 635 ἡσθῆναι
2535 569 2604 640 τῇ
2651 570 2758 622 τῶν
2811 564 3017 641 ἀνδρῶν
3054 570 3351 644 προθυμίᾳ,
3400 574 3626 647 κυρῶσαί
3663 597 3717 632 τε
3761 581 3839 646 τήν

491 661 798 718 hominum
827 657 1267 728 studio,librum
1295 657 1466 715 illum
1492 658 1841 716 auctoritate
1865 675 1972 714 sua
1992 675 2058 715 co

2271 658 2463 734 γραφὴν
2493 656 2572 719 εἷς
2605 655 2833 728 ἔντευξιν
2864 663 2982 721 ταῖς
3011 657 3353 737 Ἐκκλγσίαις
3400 663 3618 738 Κλήμης
3640 665 3688 722 ἐν
3728 665 3842 741 ’ἕκτῳ

491 750 774 824 probasse
805 748 1042 817 dicitur,
1072 753 1140 804 ut
1189 748 1464 820 deinceps
1513 749 1572 804 in
1618 747 1883 804 ecclesiis
1932 747 2059 820 lege

2066 765 2148 804 re-
2255 749 2360 801 τῶν
2393 747 2820 802 Ὑποτυπώσεων
2850 747 3227 824 παρατιθειται
3258 752 3356 820 τὴν
3388 753 3632 830 ἱστορίαν.

491 845 608 896 tur.
640 839 906 895 Refertur
935 837 993 893 id
1027 854 1061 893 a
1083 836 1383 893 Clemente
1410 836 1468 893 in
1523 841 1684 894 sexto
1730 837 2148 894 Institutionum

492 928 666 987 libro.

1643 1026 1727 1080 Ea:
1752 1023 1937 1081 eodem
1972 1022 2138 1080 libro.
2170 1051 2239 1068 —
2263 1025 2362 1096 Ap.
2396 1025 2586 1081 Euseb.
2615 1025 2752 1080 ibid.

563 1147 629 1212 ›ι‹
655 1141 819 1197 Tunc
848 1141 1048 1209 etiam,
1081 1145 1148 1195 ut
1177 1139 1378 1196 divina
1405 1139 1585 1197 tradit
1614 1140 1937 1212 Scriptura,
1959 1145 2134 1196 Hero-

2326 1140 2698 1209 Τοτηνικαῦτα
2757 1135 2834 1206 δὲ,
2879 1137 2955 1200 ὥς
3029 1161 3192 1217 φησιν
3248 1143 3283 1210 ἡ
3342 1141 3453 1206 θεία
3509 1146 3696 1222 Γραφή,
3738 1145 3839 1203 ἲδὼν

498 1233 604 1288 des
633 1247 766 1286 cum
794 1229 996 1286 Jacobi
1029 1229 1244 1284 cedem
1295 1229 1698 1301 gratissimam
1751 1245 1882 1286 esse
1925 1229 2069 1285 Juds

2272 1224 2508 1302 Ηρώδης
2537 1225 2623 1281 ἐπὶ
2661 1230 2730 1300 τῇ
2764 1231 2860 1282 τοῦ
2885 1223 3150 1284 Ἰακώϐου
3199 1229 3464 1305 ἀναιρὲσει
3511 1232 3590 1287 ὅτι
3627 1232 3685 1304 δὴ
3734 1238 3840 1310 πρὸς

495 1322 738 1386 videret,
772 1320 1004 1376 Petrum
1037 1333 1271 1391 quoque
1302 1319 1544 1374 adortus
1574 1323 1678 1375 est.
1716 1319 1899 1383 Quem
1932 1319 1991 1373 in
2020 1318 2066 1372 vi

2269 1314 2460 1386 ἡδονῆς
2491 1313 2576 1386 εἷή
2606 1315 2668 1371 τὸ
2698 1317 2942 1393 πραχθὲν
2993 1323 3108 1380 τοῖς
3141 1317 3450 1392 Ἰουδαίοις,
3479 1319 3740 1387 ἐπιτίθεται
3771 1323 3840 1380 καὶ

498 1409 630 1466 cula
655 1409 987 1480 conjectum
1019 1407 1256 1478 capitali
1298 1405 1591 1480 supplicio
1630 1407 1759 1478 jam
1800 1407 2069 1463 addictur

2270 1404 2467 1481 Πέτρῳ.
2513 1411 2743 1479 Δεσμοῖς
2787 1426 2846 1460 τε
2892 1404 3052 1462 αὐτὸν
3104 1405 3404 1482 παραδοὺς,
3434 1408 3553 1465 ὅσον
3602 1408 3734 1466 οὔπω
3771 1415 3841 1467 καὶ

495 1503 642 1568 erat,
675 1498 790 1554 nisi
823 1501 1028 1553 Petrus
1058 1495 1258 1551 divina
1286 1495 1518 1566 virtute,
1549 1495 1740 1568 angeli
1773 1495 1998 1552 scilicet
2044 1513 2066 1550 ι

2271 1494 2346 1548 τὸν
2395 1494 2514 1548 κατ’
2542 1492 2706 1548 αὐτοῦ
2745 1493 2903 1572 φόνον
2953 1493 3251 1572 ἐνήργησεν
3284 1497 3366 1570 ἂν,
3399 1498 3442 1552 εί
3493 1499 3565 1572 μή
3607 1496 3687 1555 διὰ
3731 1501 3842 1562 θείας

499 1594 595 1645 ctu
629 1587 972 1660 apparentia
1003 1584 1240 1656 auxilio,
1273 1588 1482 1658 preter
1509 1584 1773 1641 omnium
1805 1600 1970 1658 spem
2019 1583 2070 1639 vi

2271 1582 2567 1658 ίπιφανείας
2616 1581 2932 1647 ἐπιστάντος
2981 1582 3128 1657 αὐτῷ
3175 1584 3389 1661 νύκτωρ
3438 1587 3678 1662 ἀγγέλου,
3703 1609 3842 1665 παρα-

498 1676 649 1734 culis
681 1677 982 1746 liberatus,
1016 1674 1087 1730 ad
1129 1674 1564 1747 prasdicationis
1612 1674 2006 1731 ministerium
2058 1691 2069 1729 ι

2272 1669 2426 1743 Ξόξως
2475 1675 2584 1725 τῶν
2635 1670 2878 1746 εἱργμῶν
2922 1669 3289 1749 ἀπαλλαγεὶς,
3320 1673 3528 1744 ἐπίτήν
3573 1681 3658 1730 τοῦ
3705 1676 3843 1754 κηρό-

502 1766 724 1824 missus
749 1764 979 1822 fuisset.

2256 1779 2462 1836 γματος
2491 1759 2708 1837 ἀφεῖται
2741 1757 3031 1818 διακονίαν.

1447 1898 1532 1953 Ex
1561 1897 1754 1952 eodem
1784 1896 1948 1953 libro.
1979 1925 2054 1942 —
2074 1899 2175 1969 Ap.
2204 1896 2402 1953 Euseb.
2432 1895 2575 1952 Hist.
2605 1895 2734 1952 eccl.
2766 1913 2848 1963 vx,
2885 1898 2968 1952 14.

573 2017 734 2074 Idem
803 2014 1116 2086 (Clemens)
1176 2013 1235 2068 in
1293 2011 1463 2068 libris
1518 2012 1970 2081 ’Υποτυπώσεων,
2029 2029 2144 2069 om-

2329 2013 2418 2068 ’Ev
2463 2007 2520 2064 δὲ
2551 2015 2672 2073 ταῖς
2718 2012 3144 2081 Ὑποτυπώσεσι,
3177 2013 3464 2085 ξυνελόντα
3492 2015 3666 2087 εἷπεῖν,
3703 2014 3841 2085 πάσης

499 2105 689 2173 nium,
717 2109 783 2160 ut
812 2121 929 2160 uno
959 2103 1135 2160 verbo
1168 2101 1384 2170 dicam,
1435 2102 1745 2174 utriusque
1794 2103 2066 2159 Testame

2270 2105 2360 2167 τῆς
2419 2095 2740 2169 ἐνδιαθήκου
2796 2101 3014 2178 Γραφῆς
3097 2099 3532 2176 ἐπιτετμημένας
3607 2102 3841 2171 πεποίηται

499 2194 936 2266 Scripturarum
996 2191 1475 2265 compendiosam
1526 2191 1784 2247 instituit
1829 2194 2070 2248 enarratl

2269 2185 2563 2261 διηγήσεις,
2601 2185 2742 2262 μηδέ
2799 2189 2894 2251 τὰς
2949 2188 3376 2265 ἀντιλεγομένας
3432 2189 3731 2266 παρελθών·
3767 2192 3840 2258 τήν

500 2300 659 2347 nem,
696 2297 767 2338 ne
794 2282 914 2338 illis
944 2281 1184 2354 quidem
1232 2280 1642 2353 praetermissis
1690 2280 2029 2352 Scripturis,

2269 2275 2442 2334 Ἰούδα
2498 2275 2642 2352 λέγω
2689 2276 2781 2332 καὶ
2828 2277 2924 2342 τὰς
2981 2277 3180 2342 λοιπὰς
3207 2279 3502 2344 καθολικᾶς
3535 2277 3840 2340 Ἐπιστολάς·

503 2372 720 2444 quibus
748 2371 901 2428 inter
931 2369 1150 2426 multos
1181 2369 1524 2441 ambigitur.
1547 2370 1711 2425 Judts
1743 2368 2064 2440 Epistolam

2273 2368 2360 2437 τήν
2390 2387 2449 2422 τε
2480 2361 2728 2444 Βαρνάϐα
2755 2366 2844 2422 καὶ
2873 2368 2976 2436 τήν
3018 2367 3226 2445 Hirpos
3281 2369 3576 2446 λεγομένην
3620 2365 3844 2426 ἀποκάλυ-

503 2460 870 2530 Barnabae,ac
903 2459 1158 2532 reliquas
1190 2457 1509 2515 catholicas
1541 2458 1834 2530 Epistolas
1865 2457 2074 2531 intellig

2273 2461 2378 2531 ψιν.
2412 2456 2509 2511 Καὶ
2558 2457 2658 2526 τὴν
2718 2457 2856 2533 πρὸς
2886 2452 3175 2534 Ἑϐραίους
3227 2455 3288 2514 δὲ
3320 2458 3633 2528 Ἐπιστολὴν
3674 2453 3844 2513 Παύλου

502 2554 559 2605 et
581 2548 1016 2605 Revelationem
1039 2565 1162 2620 qua:
1186 2548 1406 2603 dicitur
1427 2547 1932 2619 Petri,Epistolam
1955 2553 2073 2604 aute

2272 2547 2365 2619 μὲν
2452 2545 2585 2600 εἶναί
2639 2567 2794 2620 φησι,
2850 2548 3146 2626 γεγράφθαι
3204 2546 3266 2605 δὲ
3321 2544 3586 2626 Ἑϐραίοις
3635 2541 3843 2620 Ἑϐραὶκῇ

503 2640 574 2694 ad
609 2639 875 2695 Hebrmos
908 2637 1073 2694 Pauli
1107 2636 1344 2708 quidem
1395 2652 1525 2693 esse
1575 2636 1853 2699 afﬁrmat,
1901 2637 2003 2692 sed
2042 2641 2074 2691 Ε

2274 2639 2423 2710 φωνῇ
2459 2657 2472 2670 ο
2504 2641 2714 2690 Λουκᾶν
2761 2633 2838 2704 δὲ,
2873 2633 3182 2714 φιλοτίμως
3233 2637 3402 2708 αὐτὴν
3450 2635 3845 2715 μεθερμηνεύσαν-

502 2727 699 2784 braico
731 2743 1025 2797 sermone,
1059 2731 1262 2799 utpote
1293 2727 1365 2782 ad
1397 2726 1693 2794 Hebraaos,
1730 2726 1988 2797 primum
2021 2741 2073 2781 sc

2274 2746 2351 2792 ca,
2402 2720 2652 2779 ἐκδοῦναι
2701 2730 2817 2786 τοῖς
2860 2723 3155 2796 Ἕλλησιν.
3192 2729 3354 2792 ’Ὁθεν
3386 2729 3474 2784 τὸν
3521 2728 3664 2783 αὐτὸν
3700 2728 3845 2800 χρῶτα

503 2821 668 2890 ptam
703 2817 919 2885 fuisse;
952 2818 1170 2872 Lucam
1199 2831 1334 2872 vero
1364 2817 1630 2872 eamdem
1660 2815 1858 2871 Graeco
1890 2831 2074 2871 sermo

2274 2813 2626 2888 εὑρίσκεσθαι,
2657 2813 2795 2869 κατὰ
2821 2816 2919 2884 τήν
2954 2815 3270 2890 ἑρμηνείαν,
3300 2817 3496 2888 ταύτης
3525 2837 3578 2872 τε
3617 2822 3704 2885 τῆς
3731 2816 3845 2869 Ἐπι-

507 2906 771 2962 studiose
801 2905 1494 2978 interpretatumﬁrascis
1515 2905 1858 2961 hominibus
1880 2905 2078 2961 edidis:

2273 2899 2472 2972 στολῆς
2513 2902 2603 2957 καὶ
2651 2907 2758 2957 τῶν
2810 2903 3058 2978 Πράξεων
3096 2923 3108 2938 ο
3147 2906 3224 2979 μὴ
3276 2905 3661 2983 προγεγράφθαι
3698 2901 3747 2958 δὶ
3782 2901 3844 2967 τὸ,

507 2998 698 3063 Quare
727 2995 787 3051 in
837 3011 905 3052 ea
951 2994 1200 3067 epistola
1247 2998 1306 3051 et
1353 2995 1412 3050 in
1460 2995 1705 3050 Actibus
1757 2993 2078 3067 apostolort

1556 2995 1705 3050 tibus
1757 2993 2158 3067 apostolorum
2265 2990 2481 3056 Παῦλος
2510 2991 2847 3062 ἀπόστολος,
2879 2993 3127 3056 εἰκότως.

508 3085 782 3143 eumdem
815 3084 1088 3141 dictionis
1121 3083 1373 3142 colorem
1403 3083 1665 3156 reperiri.
1699 3083 1859 3140 Hanc
1888 3100 2021 3140 vero
2051 3082 2494 3156 inscriptionem
2525 3083 2734 3140 Paulus
2762 3085 3060 3157 apostolus,
3093 3091 3250 3143 recte
3281 3087 3476 3160 itaque
3503 3085 3683 3144 ordine
3703 3081 3845 3146 omis-

507 3190 634 3231 sam
665 3173 849 3229 fuisse
877 3173 1166 3230 observat.

1467 3270 1552 3326 Ex
1580 3269 1677 3325 lib.
1708 3269 1837 3325 VII.
1868 3300 1936 3311 —
1964 3271 2066 3342 Ap.
2093 3269 2362 3340 eumdem,
2396 3271 2454 3325 in
2486 3272 2508 3326 ι
2537 3270 2608 3325 ad
2633 3271 2767 3326 Tim.
2800 3287 2864 3338 ιι,
2893 3272 2947 3327 6.

579 3385 928 3459 Temporibus
959 3387 1098 3442 suis.
1125 3385 1244 3442 Hoc
1273 3386 1506 3457 quando
1555 3388 1709 3442 recte
1759 3400 1824 3442 se
1869 3385 2150 3442 habebant

2345 3389 2565 3459 Καιροῖς
2628 3381 2809 3446 ἰδίοις.
2860 3381 3173 3458 Τουτέστιν,
3223 3386 3318 3444 ὅτε
3382 3384 3677 3459 ἐπιτηδείως
3732 3382 3845 3459 εἶχον

509 3473 783 3533 homines
814 3475 887 3532 ab
916 3473 1118 3532 ﬁdem.

2271 3473 2410 3548 πρὸς
2439 3473 2540 3542 τήν
2571 3472 2752 3529 πίστιν
2785 3474 2838 3530 οἱ
2869 3474 3169 3551 ἄνθρωποι.

1986 3591 2114 3663 ϐαρ.
2146 3606 2233 3660 ιιι,
2263 3607 2316 3646 υ.
2350 3591 2438 3646 16.

589 3697 742 3754 Visus
770 3707 848 3754 est
893 3697 962 3752 ab
1010 3697 1244 3768 angelis.
1293 3695 1360 3766 (Ο
1412 3695 1792 3768 mysterium!
1838 3696 2158 3753 Nobiscum

2344 3696 2519 3773 ’Ὠφθη
2573 3695 2844 3772 ἀγγέλοις.
2876 3701 2963 3768 (Ὦ
3017 3701 3361 3772 μυστήριονὲ
3396 3699 3525 3757 Μεθ’
3569 3699 3709 3770 ἡμῶν
3747 3689 3853 3748 εἶδον

512 3788 788 3844 viderunt
806 3785 1479 3859 angeli-.Cbristum,cum
1504 3786 1670 3859 prius
1694 3802 1810 3843 non
1827 3787 2083 3844 vidissen

2285 3785 2326 3839 al
2358 3781 2587 3860 ἄγγελοι
2615 3784 2707 3839 τὸν
2737 3785 2997 3861 Χριστὸν,
3028 3787 3301 3864 πρότερον
3348 3787 3452 3864 οὐχ
3500 3785 3743 3862 ὁρῶντες.)
3766 3781 3856 3853 οὐχ

510 3876 639 3932 Non
669 3876 825 3933 sicut
854 3875 926 3932 ab
959 3874 1321 3931 hominibus.

1286 3891 1321 3931 ι,
2269 3873 2344 3935 ὡς
2372 3877 2488 3937 τοῖς
2516 3871 2857 3949 ἀνθρώποις.

2024 3989 2155 4062 ϐαρ.
2185 4007 2242 4059 ν,
2274 4008 2324 4048 υ.
2356 3991 2414 4046 8.

582 4099 648 4154 Et
689 4095 935 4152 maxime
963 4095 1295 4153 domesticis.
1326 4096 1460 4152 Suis
1505 4100 1562 4152 et
1592 4096 1930 4153 domesticis
1969 4098 2153 4170 provi-

2341 4095 2441 4151 Καὶ
2502 4095 2740 4171 μάλιστα
2780 4102 2890 4154 τῶν
2928 4099 3169 4160 οίκείων.
3198 4105 3318 4157 Τῶν
3379 4098 3524 4157 ἰδίων
3577 4097 3769 4154 καὶτῶν
3789 4090 3847 4147 ol-

513 4185 631 4256 det,
657 4184 756 4255 qui
786 4201 902 4240 non
933 4183 1127 4240 solum
1161 4199 1365 4240 curam
1395 4183 1572 4240 habet
1611 4200 1836 4255 eorum,
1887 4201 2014 4257 qua
2055 4202 2084 4242 a

2278 4185 2432 4241 κείων
2478 4192 2726 4262 προνοεῖ,
2757 4189 2785 4244 ὁ
2845 4190 2922 4261 μὴ
2980 4187 3149 4262 μόνον
3194 4194 3309 4247 τῶν
3359 4188 3716 4267 προσηκόντων
3747 4200 3849 4253 προ·

516 4291 633 4347 quo
666 4273 840 4330 modo
871 4273 1244 4345 contingunt,
1277 4273 1380 4330 sed
1411 4277 1468 4329 et
1493 4272 1586 4328 sui
1635 4271 1847 4345 ipsius,
1893 4274 2087 4347 propri

2283 4279 2430 4348 θοῶν,
2460 4273 2604 4332 ἀλλᾶ
2653 4277 2746 4332 καὶ
2802 4277 2968 4341 αὐτὸς
3008 4278 3222 4353 ἑαυτοῦ,
3255 4277 3349 4336 διὰ
3387 4284 3482 4336 τοῦ
3527 4277 3766 4334 ἐκκόπτων
3803 4268 3854 4323 τὰ

515 4363 882 4438 amputando
913 4362 1182 4420 affectus.

874 4382 882 4417 ι
913 4362 1182 4420 affectus.
2274 4363 2445 4435 πάθη.

1997 4479 2132 4550 Cap.
2164 4494 2218 4546 ν,
2257 4496 2305 4535 υ.
2340 4480 2427 4535 10.

592 4585 656 4643 Si
681 4593 999 4643 sanctorum
1021 4583 1185 4658 pedes
1217 4583 1381 4641 lavit.
1423 4583 1542 4640 Hoc
1570 4587 1661 4641 est
1690 4585 1740 4641 si
1766 4588 2025 4642 extrema
2059 4585 2163 4642 mi-

2353 4585 2423 4643 Εἴ
2477 4585 2641 4663 ἁγίων
2697 4585 2868 4653 πόδας
2923 4583 3093 4665 ἔνιψε.
3127 4592 3426 4649 Τουτὲστιν
3479 4589 3523 4647 εί
3560 4589 3646 4649 τὰς
3673 4579 3852 4658 ἐσχάτας

521 4673 768 4732 nisteria
792 4674 1016 4732 sanctis
1041 4673 1269 4746 absque
1288 4673 1501 4730 rubore
1531 4673 1816 4731 exhibuit.

2284 4673 2580 4750 ὑπηρεσίας
2604 4681 2720 4740 τοῖς
2749 4675 2925 4754 ἁγίοις
2959 4679 3401 4756 ἀνεπαισχῦντως
3430 4676 3712 4752 ἐξετίλισιν.

2008 4791 2144 4864 ϐαρ.
2175 4807 2232 4858 v,
2263 4807 2314 4848 υ.
2344 4793 2436 4848 21.

487 4961 492 4966 ⁸
591 4887 726 4944 Sino
751 4887 1204 4960 praecipitationis
1224 4886 1450 4959 judicii.
1484 4886 1603 4944 Hoc
1634 4891 1726 4944 est
1753 4903 1966 4944 cavens
1997 4904 2058 4945 ne

2348 4887 2533 4964 Χωρῖς
2587 4889 2986 4966 προκρίματος.
3044 4891 3331 4950 Tauris-rw
3405 4891 3522 4950 ἄνευ
3572 4892 3661 4946 τοῦ
3704 4882 3768 4945 είς
3808 4899 3847 4934 τι

521 4975 746 5049 aliquid
777 4975 1178 5050 impingendo,
1233 4976 1570 5048 subjiciaris
1608 4975 1836 5049 judicio
1863 4981 1920 5034 et
1959 4976 2092 5034 ultic

2278 4978 2576 5034 πταίσαντα
2623 4980 2912 5036 ὑποπεσεῖν
2960 4984 3030 5056 τῇ
3074 4983 3249 5058 κρίσει
3275 4983 3364 5039 καὶ
3393 4985 3460 5057 τῇ
3487 4987 3580 5051 τῆς
3621 4971 3848 5050 παρακοῆς

485 5063 488 5066 ’
522 5063 952 5122 inobedientiaa.

949 5107 952 5118 .
2277 5063 2520 5124 κολάσει.

1990 5202 2124 5272 ϐαρ.
2156 5217 2232 5270 v1,
2265 5218 2318 5259 ν.
2352 5203 2439 5259 13.

597 5317 705 5386 Qui
733 5319 960 5372 testatus
987 5321 1070 5370 est
1115 5315 1216 5370 sub
1260 5315 1452 5370 Pontio
1500 5315 1707 5371 Pilato.
1760 5315 2036 5372 Testatus
2083 5320 2168 5372 est

2350 5319 2460 5374 Τοῦ
2493 5320 2936 5395 μαρτυρήσαντος
2969 5319 3057 5376 ini
3095 5320 3327 5378 Ποντίου
3370 5318 3614 5376 Πιλάτου.
3637 5306 3846 5395 Ἐμαρτῦξ

477 5407 482 5410 ’
524 5381 633 5479 per
657 5422 726 5463 ea
755 5421 884 5478 quas
913 5404 1068 5475 fecit,
1101 5404 1256 5477 quod
1297 5403 1423 5477 ipse
1469 5408 1627 5462 esset
1672 5403 1941 5462 Christus
1989 5405 2048 5462 Fi

2343 5425 2413 5477 ,σε
2440 5381 2542 5482 γάρ
2568 5381 2640 5463 δι’
2771 5381 3052 5484 ἔπραττεν,
3084 5409 3168 5466 δτι
3199 5404 3358 5472 αὐτός
3397 5408 3532 5464 ιστιν
3563 5407 3591 5462 ὁ
3615 5381 3846 5478 Χριστὸςὸ

523 5493 650 5552 Dei.

2277 5495 2402 5558 Υἱὸς
2430 5499 2528 5552 τοῦ
2555 5500 2711 5556 Θεοῦ.

591 5669 658 5735 ιι.
683 5632 746 5722 p.
781 5664 920 5724 mos
946 5662 1060 5723 an.
1091 5660 1398 5724 POTTER.
