3978 6200
169 328 255 382 749
450 298 456 308 ’
1521 327 1989 382 FRAGMENTA.

1865 327 1989 379 [ΤΑ.
3311 323 3316 338 '
3351 333 3459 387 750

1383 493 1532 550 Idem
1560 496 1622 550 in
1654 495 1705 552 II
1732 495 1804 550 ad
1838 497 1954 551 Tim
1983 513 2044 566 ιι,
2073 497 2129 551 2.

208 592 280 646 Διά
299 588 487 644 πολλῶν
515 587 821 665 μαρτύρων.
852 586 1102 644 Τουτέστι
1131 590 1306 664 νόμου
1345 590 1435 646 καὶ
1483 610 1700 666 προφη-
1733 596 1785 662 Α
1889 596 1997 650 Per
2027 592 2229 651 multo:
2258 598 2441 652 testes.
2472 599 2594 652 Hoc
2622 611 2639 652 ε

1889 596 1997 650 Per
2027 592 2229 651 multos
2258 598 2441 652 testes.
2472 599 2594 652 Hoc
2622 600 2714 652 est
2768 597 2958 670 legem
2997 615 3065 655 ac
3121 600 3463 674 prophetas.

155 686 246 736 τῶν.
270 677 462 740 Τουτούς
487 678 586 754 γὰρ
616 677 957 741 ’Δπόστολος
988 678 1227 734 ἐποιειτο
1274 680 1552 756 μάρτυρας
1607 684 1702 735 τοῦ
1815 680 1960 738 Nam
1993 682 2102 739 hos
2130 682 2190 738 in
2223 687 2404 740 testes
2435 684 2639 756 profert

1865 698 1960 738 am
1993 682 2102 739 hos
2130 682 2190 738 in
2223 687 2404 740 testes
2435 684 2764 756 proferebat
2792 687 3102 758 Apostolus
3143 705 3263 746 suis
3317 706 3467 762 pro-

154 769 256 825 ἷδίσδ
274 767 599 844 κηρύγματος.
1815 771 2153 828 dicationis.

1865 771 2153 828 icationis.

841 890 925 944 Ex
951 888 1136 945 eodem
1168 888 1313 944 libro
1345 887 1465 944 VII.
1499 918 1566 930 ——
1593 889 1693 960 Ap.
1729 889 2020 945 Eusebium
2058 891 2197 946 Hist.
2229 891 2361 948 sccl.
2397 891 2436 946 ι.
2469 907 2532 962 ιι,
2557 907 2605 948 c.
2637 891 2690 948 4.

201 980 394 1058 Ἰακώϐῳ
417 985 491 1057 τῷ
546 987 754 1059 Δικαίῳ
799 985 890 1040 καὶ
938 987 1164 1060 Ἰωάννῃ
1215 984 1304 1040 καὶ
1337 986 1526 1060 Πέτρῳ
1575 985 1713 1040 κατὰ
1891 989 2107 1044 Iacobo
2137 989 2330 1055 Justo,
2361 995 2417 1045 et
2443 990 2632 1046 Joann

1891 989 2107 1044 lacobo
2137 989 2330 1055 Justo,
2361 995 2417 1045 et
2443 989 2680 1060 Joanni,
2710 994 2769 1047 et
2816 995 2987 1048 Petro
3019 991 3306 1050 Dominus
3337 997 3474 1066 post

152 1076 219 1142 τήν
241 1073 478 1130 ἀνάστασιν
509 1072 793 1147 παρέδωκε
821 1077 920 1144 τήν
966 1080 1161 1150 γνῶσιν
1195 1076 1224 1130 6
1278 1074 1494 1148 Κύριος.
1547 1075 1714 1132 Οὗτοι
1823 1079 2310 1134 resurrectionem
2341 1079 2599 1136 scientia
2629 1098 2639 1134 ι

1865 1079 2310 1134 esurrectionem
2341 1079 2599 1136 scientias
2629 1080 2848 1136 donum
2868 1081 3172 1154 impertiit.
3202 1083 3365 1149 Quod
3386 1080 3472 1138 illi

152 1170 230 1225 τοῖς
253 1164 436 1226 λοιποῖς
462 1165 788 1228 ἀποστόλοις
812 1162 1156 1240 παρέδωκαψ
1192 1166 1245 1220 οἱ
1275 1162 1333 1219 δὶ
1364 1162 1551 1220 λοιποὶ
1585 1165 1716 1219 ἀπό·
1824 1168 2048 1223 caeteris
2079 1168 2385 1241 apostolis,
2425 1168 2486 1224 hi
2544 1185 2639 1225 ver

1865 1168 2048 1223 ueteris
2079 1168 2385 1241 apostolis,
2425 1168 2486 1224 hi
2544 1185 2678 1226 vero
2708 1171 3082 1243 septuaginta
3138 1171 3472 1245 discipulis,

155 1251 284 1308 στολοι
307 1258 408 1315 τοῖς
437 1248 836 1327 ἑϐδομήκοντα,
869 1256 940 1309 ὢν
969 1256 1043 1317 εἷς
1073 1255 1139 1324 ἦν
1173 1255 1260 1309 καὶ
1296 1248 1596 1328 Βαρνάϐας.
1825 1272 2078 1328 quorum
2111 1275 2268 1314 unus
2289 1257 2400 1314 fuit
2429 1259 2639 1316 Barnal

1870 1272 2078 1313 uorum
2111 1275 2268 1314 unus
2289 1257 2400 1314 fuit
2429 1259 2750 1330 Barnabas,
2782 1259 3172 1317 tradiderunt.

1099 1373 1186 1428 Ea:
1213 1372 1398 1429 eodem
1426 1371 1594 1428 libro.
1628 1401 1696 1412 —
1725 1371 1826 1443 Ap.
1858 1372 2106 1428 eumdem
2138 1372 2302 1440 ibid.,
2331 1389 2381 1431 ο.
2411 1374 2447 1428 2

197 1472 294 1547 Περί
319 1475 493 1526 τοῦτου
519 1467 575 1525 δὲ
618 1472 648 1526 ὁ
681 1470 923 1543 Κλήμης
968 1474 1067 1526 τοῦ
1120 1464 1382 1528 Ἰακώϐου
1431 1468 1521 1524 καί
1569 1469 1718 1523 ἱστο-
1900 1470 1979 1527 De
2008 1470 2118 1527 hoc
2145 1471 2372 1529 Jucobo
2403 1488 2526 1528 rem
2559 1489 2639 1545 pri

1900 1470 1979 1527 De
2008 1470 2118 1527 hoc
2145 1471 2372 1529 Jucobo
2403 1488 2526 1528 rem
2559 1489 2772 1545 prosus
2800 1474 3083 1532 memoria
3113 1475 3352 1548 dignam
3385 1490 3474 1533 ro-

155 1565 231 1634 ρίαν
258 1563 449 1632 μνήμης
476 1559 621 1632 ἀξίαν
663 1559 715 1616 ἐν
758 1563 832 1636 τῇ
879 1565 986 1614 τῶν
1034 1559 1460 1614 Ὑποτυπώσεῶν
1509 1552 1718 1631 ἑϐδόμῃ
1830 1560 1938 1617 fert
1965 1559 2234 1618 Clemens
2264 1562 2323 1617 in
2355 1562 2609 1635 septimo

1865 1564 1938 1617 art
1965 1559 2234 1618 Clemens
2264 1562 2323 1617 in
2355 1562 2609 1635 septimo
2639 1564 3061 1621 Imtitutionum
3088 1562 3263 1631 libro,
3302 1569 3479 1637 prout

154 1650 443 1722 παρατίθεται,
473 1649 546 1712 ὡς
574 1647 637 1704 ἐκ
675 1646 1039 1725 παραᾶσεως
1087 1651 1194 1702 τῶν
1246 1648 1352 1721 πρὸ
1399 1646 1563 1701 αὐτοῦ
1612 1647 1718 1721 φά·
1828 1665 1956 1705 eam
1988 1666 2024 1706 a
2054 1650 2379 1722 majoribus
2409 1667 2639 1725 accepsr

1865 1665 1956 1705 am
1988 1666 2024 1706 a
2054 1650 2379 1722 majoribus
2409 1656 2732 1725 acceperat.
2765 1653 2859 1708 Ait
2887 1653 3046 1710 enim
3076 1668 3236 1720 eum,
3256 1654 3356 1725 qui
3380 1653 3477 1710 Ja-

158 1761 270 1808 σιων,
316 1738 391 1793 ὅτι
429 1736 493 1808 δή
553 1739 582 1793 6
633 1738 938 1814 εἰσαγαγὼν
994 1737 1153 1792 αὐτὸν
1205 1735 1280 1799 εἷς
1342 1735 1716 1812 δικαστήριον,
1827 1739 2038 1795 cobum
2065 1740 2288 1810 judicio
2319 1741 2632 1813 obtulerat,

1865 1739 2038 1795 obum
2065 1740 2288 1810 judicio
2319 1741 2632 1813 obtulerat,
2663 1758 2799 1799 cum
2830 1741 3000 1799 illum
3028 1743 3274 1799 vidisset
3306 1742 3475 1800 Chri-

157 1829 487 1902 μαρτυρήσαντα
536 1827 699 1882 αὐτὸν
734 1824 889 1894 ἰδὼν,
913 1826 1154 1896 κινηθεὶς
1186 1824 1550 1899 ὡμολόγησεν
1580 1826 1717 1880 εἶναι
1827 1829 1903 1884 sti
1936 1828 1999 1892 ᾖ(
2031 1828 2204 1886 ﬁdem
2255 1829 2437 1886 libere
2493 1832 2639 1887 conti

1865 1829 1903 1883 ti
1936 1828 1999 1892 >X<
2031 1828 2204 1886 fidem
2255 1829 2437 1886 libere
2493 1832 2890 1900 confitentem,
2942 1837 3301 1888 commotum
3357 1830 3474 1886 viri

156 1917 213 1969 ui
234 1917 359 1979 αὗτὸς
387 1917 565 1972 ἑαυτὸν
597 1916 947 1993 Χριστιανόν.
991 1916 1431 1989 Συναπήχθησαν
1483 1914 1573 1968 οὗν
1607 1911 1717 1986 ἀμ-
1827 1918 2158 1975 constantia
2187 1935 2250 1974 se
2281 1933 2514 1991 quoque
2545 1920 2639 1975 Chl

1865 1918 2158 1975 onstantia
2187 1935 2250 1974 se
2281 1933 2514 1991 quoque
2545 1920 2945 1977 Christianum
2976 1937 3106 1978 esse
3125 1921 3471 1979 afﬁrmasse.

160 2027 227 2081 ευ,
254 2005 375 2082 φησὶ,
399 2007 480 2060 καὶ
535 2006 677 2061 κατὰ
722 2007 822 2074 τήν
873 2002 996 2060 ὁδὸν
1027 2005 1255 2078 ἠξίωσεν
1284 2005 1546 2082 ἀφεθῆναι
1579 2003 1726 2074 αὑτῷ
1754 2022 1802 2088 Β
1833 2007 2014 2062 Ambo
2046 2006 2245 2079 igitur,
2297 2007 2512 2080 inquit,
2557 2009 2639 2065 sin

1865 2007 2014 2062 .mbo
2046 2006 2245 2079 igitur,
2297 2007 2512 2080 inquit,
2557 2008 2739 2065 simul
2789 2011 2862 2066 ad
2921 2009 3280 2082 supplicium
3318 2008 3482 2067 ducti

160 2095 225 2148 23:")
245 2100 319 2149 τοῦ
343 2089 618 2152 Ἰακώϐου,
653 2097 712 2148 ’0
753 2091 832 2166 δὲ,
865 2092 1051 2169 ὀλίγον
1099 2094 1456 2168 σκεψάμενος,
1508 2091 1719 2167 Εῗρήνη
1831 2100 1991 2151 sunt.
2024 2095 2287 2168 Cumque
2316 2096 2473 2152 inter
2500 2100 2639 2154 eunc‘

1865 2100 1991 2151 unt.
2024 2095 2287 2168 Cumque
2316 2096 2473 2152 inter
2500 2099 2761 2154 eundum
2791 2106 3059 2172 rogasset
3077 2099 3366 2156 Jacobum
3388 2113 3484 2156 co-

161 2202 228 2251 τοι,
253 2183 360 2252 εἶπε,
387 2184 470 2239 καὶ
498 2182 867 2262 κατεφίλησεν
917 2183 1102 2240 αὐτὸν.
1139 2185 1235 2237 Κῃὶ
1287 2181 1459 2243 οὕτως
1488 2181 1726 2259 ἀμφότεο
1832 2200 1978 2254 mes,
2014 2193 2078 2240 ut
2108 2185 2222 2240 sibi
2253 2186 2478 2243 veniam
2508 2187 2639 2243 dare

1865 2200 1978 2254 aes,
2014 2193 2078 2240 ut
2108 2185 2222 2240 sibi
2253 2186 2478 2243 veniam
2508 2187 2672 2243 daret
2699 2205 2712 2243 :
2739 2189 3039 2260 paulisper
3081 2192 3348 2245 moratus
3376 2187 3482 2244 Ja-

157 2290 212 2343 ροι
233 2274 342 2346 ὁμου
364 2273 868 2351 ἐκαρατομήθησαν.
1830 2274 2036 2345 cobus,
2067 2278 2184 2330 Pax
2212 2273 2342 2345 tibi,
2373 2275 2586 2348 inquit,
2618 2293 2639 2331 ε

1865 2274 2036 2345 obus,
2067 2278 2184 2330 Pax
2212 2273 2342 2345 tibi,
2373 2275 2586 2348 inquit,
2618 2277 2937 2349 statimque
2977 2276 3146 2333 illum
3178 2276 3482 2334 osculatus

1830 2367 1935 2419 est.
1974 2364 2060 2420 lta
2090 2363 2269 2419 simul
2299 2366 2472 2421 ambo
2503 2365 2692 2438 capite
2722 2365 2976 2423 truncati
3010 2366 3301 2423 interiere.

921 2483 1016 2537 Ex
1043 2481 1228 2537 eodem
1257 2481 1416 2535 libro.
1447 2510 1518 2521 —
1548 2479 1711 2551 Apud
1733 2479 1981 2536 eumdem
2011 2481 2146 2536 Hist.
2178 2482 2323 2538 Eccl.
2356 2498 2434 2548 vr,
2465 2499 2512 2538 c.
2546 2483 2634 2539 14.

201 2576 304 2650 Ἤδη
334 2577 402 2652 δὲ,
430 2580 503 2640 ὡς
536 2581 565 2636 6
621 2577 890 2652 μακάριος
922 2573 1075 2654 ἔλεγε
1119 2571 1502 2654 πρεσϐύτερος,
1535 2575 1652 2631 ἐπιὶ
1697 2576 1726 2631 6
1907 2578 2038 2634 Jam
2070 2596 2225 2648 vero,
2259 2581 2412 2636 sicut
2441 2581 2639 2638 beatus

1907 2578 2038 2634 Jam
2070 2596 2225 2648 vero,
2259 2581 2412 2636 sicut
2441 2581 2649 2638 beatus
2679 2581 2910 2638 dicebat
2941 2581 3262 2655 presbyter,
3293 2597 3489 2654 quau-

157 2669 297 2742 Κῦριος
324 2668 615 2731 ἀπόστολος
660 2665 733 2722 ὢν
777 2671 876 2722 τοῦ
923 2668 1391 2744 Παντοκράτορος,
1446 2663 1724 2736 ἀπεστάλη
1838 2667 2151 2738 doquidem
2186 2668 2471 2726 Dominus
2501 2686 2638 2726 omn

1865 2667 2151 2738 loquidem
2186 2668 2471 2726 Dominus
2501 2669 2922 2741 omnipotentis
2952 2670 3051 2726 Dei
3082 2670 3384 2744 apostolus
3414 2669 3483 2727 ad

156 2760 250 2826 πρὸς
270 2754 546 2835 Ἑϐραίους,
601 2757 697 2814 διὰ
730 2757 1055 2833 μετριότητα
1104 2759 1132 2813 ὁ
1163 2755 1403 2830 Παῦλος,
1435 2758 1509 2819 ὡς
1541 2755 1600 2810 ἂν
1651 2755 1726 2818 είς
1839 2756 2112 2812 Hebraeos
2142 2756 2364 2813 missus
2397 2758 2605 2827 fuerat,

1865 2756 2112 2812 lebraeos
2142 2756 2364 2813 missus
2397 2758 2605 2827 fuerat,
2639 2775 2754 2831 pra:
2777 2759 3068 2815 modestia
3097 2757 3340 2830 Paulus,
3391 2762 3488 2814 ut-

155 2849 200 2901 :i
219 2846 314 2918 ἔθνη
338 2849 762 2922 ἀπεσταλμένος,
811 2849 911 2902 οὐκ
940 2846 1198 2926 ἐγγράφει
1228 2845 1415 2902 ἑαυτὸν
1460 2841 1725 2921 Ἐϐραίων
1839 2849 1971 2918 pote
2003 2844 2103 2918 qui
2135 2847 2206 2902 ad
2237 2856 2438 2918 gentes
2459 2854 2583 2903 erat
2610 2847 2639 2902 d

1865 2849 1971 2900 note
2003 2844 2103 2918 qui
2135 2847 2206 2902 ad
2237 2856 2438 2918 gentes
2459 2854 2583 2903 erat
2610 2847 2892 2917 directus,
2925 2848 3302 2904 Hebraeorum
3343 2863 3488 2920 apo-

160 2936 413 3005 ἀπόστολον,
443 2935 531 2992 διά
558 2959 620 2993 τε
649 2938 752 3005 τήν
779 2938 917 3013 πρὸς
946 2938 1036 2992 τὸν
1083 2935 1281 3012 Κύριον
1312 2935 1502 3008 τιμὴν,
1558 2931 1645 2989 διά
1672 2954 1730 2989 τε
1839 2935 2058 2991 stolum
2087 2951 2152 2991 se
2174 2934 2417 2992 minime
2447 2936 2639 2992 inseri]

1865 2935 2058 2990 tolum
2087 2951 2152 2991 se
2174 2934 2417 2992 minime
2447 2936 2717 2992 inscribit
2743 2954 2756 2992 :
2787 2941 2916 2993 tum
2939 2939 3010 2993 ob
3029 2953 3195 2994 suam
3214 2953 3352 3010 erga
3375 2942 3488 2995 Do-

158 3026 261 3081 τὸᾶ
282 3027 567 3102 περιουσίας
593 3027 692 3082 καὶ
721 3031 840 3089 τοῖς
860 3020 1136 3102 Ἑϐραίοις
1165 3022 1528 3091 ἐπιστέλλειν,
1560 3020 1727 3077 ἐθνῶν
1842 3022 2070 3079 minum
2103 3025 2512 3094 reverentiam,
2545 3030 2639 3081 tur

1865 3022 2070 3079 ninum
2103 3025 2512 3094 reverentiam,
2545 3030 2673 3081 tum
2714 3027 2870 3098 quod
2923 3042 2993 3082 ex
3021 3025 3348 3082 abundanti
3403 3026 3478 3083 ad

160 3115 312 3190 κήρυκα
336 3111 450 3172 ὅπα
483 3117 576 3173 καὶ
609 3113 946 3171 ἀπόστολον.
1839 3111 2108 3170 Hebraeos
2136 3111 2263 3186 ipse
2290 3113 2556 3186 gentium
2592 3131 2639 3187 p1

1865 3112 2108 3170 Iebrasos
2136 3111 2263 3186 ipse
2290 3113 2556 3186 gentium
2592 3130 2778 3187 preco
2809 3117 2868 3171 et
2895 3114 3199 3189 apostolus
3252 3114 3484 3172 scribe-

1841 3204 1948 3256 ret.

1198 3322 1282 3376 Ex
1311 3320 1496 3376 eodem
1525 3319 1690 3376 libro.
1722 3347 1792 3359 —
1819 3315 2026 3373 Ibidem
2052 3317 2221 3389 paulo
2246 3321 2389 3388 post.

208 3419 294 3474 Τοῦ
317 3419 507 3494 Πέτρου
536 3417 789 3494 δημοσίᾳ
817 3417 872 3474 ἰν
897 3417 1086 3493 Ῥώμῃ
1117 3417 1450 3494 κηρύξαντος
1500 3418 1593 3472 τὸν
1643 3415 1734 3472 λό·
1767 3417 1810 3485 C
1917 3415 2060 3471 Cum
2092 3419 2297 3472 Petrus
2327 3415 2388 3472 in
2421 3417 2564 3473 urbe
2594 3416 2636 3472 Β

1917 3415 2060 3471 Cum
2092 3419 2297 3472 Petrus
2327 3415 2388 3472 in
2421 3417 2564 3473 urbe
2594 3416 2772 3472 Roma
2817 3416 3062 3473 verbum
3105 3417 3210 3474 Dei
3256 3415 3492 3490 publice

163 3525 243 3579 τον,
275 3509 347 3562 καὶ
390 3510 662 3583 Πνεόματι
708 3509 774 3564 τὸ
821 3505 1152 3583 Εὖαγγὲλιον
1211 3506 1512 3580 ἐξειπόντος
1539 3550 1554 3577 ,
1606 3504 1736 3568 τοὺς
1845 3504 2240 3576 ριδωᾶὶοαεεθι,
2273 3509 2331 3562 et
2359 3505 2581 3578 Spiritu
2615 3523 2639 3562 s

1865 3504 2240 3574 iredicasset,
2273 3509 2331 3562 et
2359 3505 2581 3578 Spiritu
2615 3509 2818 3562 sancto
2847 3505 3082 3562 afﬂatus
3110 3505 3492 3579 Evangelium

165 3596 366 3668 παρόντας
413 3597 666 3660 πολλοὺς
695 3593 853 3658 ὄντας
911 3594 1284 3672 παρακαλέσαι
1340 3596 1432 3651 τὸν
1489 3596 1734 3669 Μάρκον,
1845 3592 2295 3664 promulgasset,
2331 3593 2501 3650 multi
2533 3594 2634 3667 qui

1865 3592 2295 3663 iromulgasset,
2331 3593 2501 3650 multi
2533 3594 2634 3667 qui
2665 3595 3184 3651 aderantMarcum
3208 3593 3490 3651 cohortati

168 3683 217 3744 ὡς
259 3685 306 3739 ’ἂν
343 3687 786 3759 ἀκολουθήσαντα
814 3686 965 3756 αὐτῷ
1020 3685 1300 3763 πόρρωθεν
1329 3684 1418 3740 καὶ
1452 3684 1737 3758 μεμνημέ-
1847 3686 2007 3752 sunt,
2040 3686 2242 3754 utpote
2271 3683 2372 3755 qui
2402 3683 2639 3739 Petrum

1865 3686 2007 3752 sunt,
2040 3686 2242 3754 utpote
2271 3683 2372 3755 qui
2402 3683 2639 3739 Petrum
2654 3683 3011 3755 jamdudum
3044 3688 3300 3742 sectatus
3339 3684 3492 3739 fuis-

167 3794 234 3825 νον
269 3781 356 3830 τῶν
400 3775 734 3852 λεχθέντων,
779 3775 1085 3849 ἀναγράψαι
1136 3775 1206 3829 τὰ
1246 3773 1523 3846 εἰρημένα·
1581 3773 1741 3842 ποιή-
1850 3775 1958 3840 set,
1991 3775 2047 3825 et
2075 3771 2231 3826 dicta
2261 3772 2389 3842 ejus
2421 3787 2639 3828 memor

1865 3775 1958 3840 iet,
1991 3775 2047 3825 et
2075 3771 2231 3826 dicta
2261 3772 2389 3842 ejus
2421 3771 2706 3828 memoria
2734 3777 2978 3840 teneret,
3007 3776 3071 3828 ut
3101 3789 3229 3844 qu
3259 3773 3332 3829 ab
3359 3788 3494 3845 apo-

170 3880 288 3917 mu
309 3861 358 3919 δὲ
392 3868 448 3920 τὸ
499 3863 860 3941 Εὗαγγέλιον,
912 3860 1234 3936 μεταδοῦναι
1289 3867 1405 3924 τοῖς
1465 3859 1745 3935 δεομένοις
1852 3861 2001 3918 stolo
2034 3861 2345 3933 praedicata
2373 3868 2540 3918 erant
2587 3880 2639 3919 cc

1865 3861 2001 3918 stolo
2034 3861 2345 3933 praedicata
2373 3868 2540 3918 erant
2587 3863 3001 3919 conscriberet.
3052 3863 3286 3920 Marcus
3316 3863 3497 3936 igitur

171 3951 311 4009 αότοῦ.
349 3957 508 4029 Ὅπερ
557 3952 856 4028 ἐπιγνόντα
900 3953 992 4008 τὸν
1053 3951 1277 4026 Πέτρον,
1333 3953 1744 4028 προτρεπτικῶς
1853 3950 2233 4023 Evangelium
2265 3951 2639 4022 composuiti

1865 3950 2233 4023 Evangelium
2265 3951 2596 4022 composuit
2624 3952 2818 4024 iisque
2849 3953 2949 4024 qui
2979 3952 3122 4008 illud
3157 3952 3229 4008 ab
3261 3953 3386 4024 ipso
3409 3967 3498 4008 ro-

175 4041 274 4108 μήτε
293 4042 510 4098 κωλῦσαι
548 4045 696 4117 μήτε
733 4042 1156 4117 προτρέψασθαι⁴
1185 4041 1277 4096 τὸν
1330 4040 1512 4113 μέντοι
1559 4038 1746 4097 Ἰωάν-
1857 4040 2639 4112 gabantimpertiit.Quodcr

1865 4040 2075 4112 gabant
2094 4040 2399 4111 impertiit.
2416 4040 2577 4106 Quod
2592 4057 2725 4096 cum
2739 4045 2946 4097 Petrus
2969 4041 3371 4113 comperisset,
3393 4056 3500 4096 nec

173 4151 238 4197 νην
276 4127 514 4206 ἔσχατον,
567 4128 861 4186 συνιδόντα
919 4130 1002 4184 ὅτι
1059 4129 1126 4184 τὰ
1181 4129 1467 4202 σωματικᾶ
1520 4127 1573 4183 ἐν
1629 4132 1747 4189 τοῖς
1859 4127 2160 4202 prohibuit
2185 4129 2426 4186 omnino
2458 4145 2578 4185 rem
2610 4129 2639 4184 ﬂ

1865 4127 2160 4202 prohibuit
2185 4129 2426 4186 omnino
2458 4145 2578 4185 rem
2610 4129 2758 4200 ﬂeri,
2789 4145 2895 4186 nec
2920 4133 2984 4185 ut
3007 4131 3190 4198 ﬂeret,
3213 4128 3497 4185 incitavit.

175 4217 451 4296 ἱῦιγγῑλίοις
508 4218 846 4292 δεδήλωται,
903 4219 1279 4294 προτραπέντα
1329 4219 1432 4274 ὑπὸ
1460 4221 1568 4272 τῶν
1605 4237 1750 4292 γνω-
1859 4221 1932 4274 At
1984 4219 2240 4274 Joannes
2272 4219 2538 4274 omnium
2596 4235 2639 4291 pi

1865 4221 1932 4274 At
1984 4219 2240 4274 Joannes
2272 4219 2538 4274 omnium
2596 4222 2954 4291 postremus,
2995 4235 3129 4274 cum
3189 4219 3412 4274 videret
3439 4215 3501 4271 in

176 4304 320 4378 Ιςῖξιων,
348 4309 617 4384 Πνεόματι
672 4305 1088 4386 Θεοφορηθέντα,
1135 4306 1498 4381 πνευματικὸν
1526 4308 1752 4372 ποιῆσαι
1861 4306 2161 4377 (aliorum)
2189 4306 2518 4379 Evangeliis
2547 4321 2634 4375 ea,

1865 4306 2161 4377 (aliorum)
2189 4306 2518 4379 Evangeliis
2547 4321 2634 4375 ea,
2657 4323 2783 4378 qua
2812 4306 2882 4362 ad
2904 4323 3116 4378 corpus
3135 4305 3353 4362 Christi
3375 4319 3506 4378 per-

176 4395 468 4472 Εὐιτγὲλιον.
1862 4395 2075 4464 tinent,
2095 4395 2313 4452 tradita
2342 4411 2496 4464 esse,
2525 4395 2649 4467 ipse
2677 4394 2871 4452 divino
2890 4394 3110 4466 Spiritu
3131 4394 3364 4451 afﬂatus
3385 4393 3508 4467 spi-

1865 4483 1985 4540 tale
2013 4482 2391 4555 Evangelium
2421 4483 2799 4540 familiarium
2843 4499 3086 4540 suorum
3132 4486 3339 4557 rogatu
3370 4499 3509 4557 con-

1871 4572 2129 4646 scripsit.

1794 4845 1852 4899 X

1504 4962 1654 5020 an
1699 4934 2142 5019 FRAGMENTA

995 5080 1108 5139 Ex
1133 5076 1470 5141 Clementis
1496 5077 1904 5142 Alexandrini
1933 5077 2096 5139 libro
2126 5074 2216 5138 De
2244 5073 2639 5136 Providentia

1264 5201 1363 5273 Ap.
1397 5200 1454 5257 S.
1483 5201 1805 5272 Maximum,
1840 5201 1974 5274 Opp.
2005 5210 2048 5258 ι.
2081 5199 2152 5269 ΙΙ,
2181 5215 2236 5271 p.
2267 5198 2390 5254 144.

243 5311 377 5369 Οόσία
400 5314 535 5372 ἐστὶν
569 5315 658 5371 ἐπὶ
691 5319 846 5372 Θεοῦ.
879 5315 1009 5378 Θεὸς
1048 5313 1204 5370 οὐσία
1233 5315 1351 5370 Θεία
1380 5315 1547 5388 ἐστὶν,
1600 5313 1776 5370 ἀΐδιόν
1807 5320 1854 5385 D
1958 5313 2305 5372 Substantia
2333 5311 2393 5367 in
2430 5311 2541 5368 Deo
2559 5315 2639 5367 est

1958 5313 2305 5372 Substantia
2333 5311 2393 5367 in
2430 5311 2541 5368 Deo
2559 5315 2666 5367 est.
2694 5311 2844 5368 Deus
2857 5309 3056 5369 divina
3075 5311 3406 5369 substantia
3417 5313 3530 5382 est,

192 5403 323 5456 τικαὶ
362 5402 624 5481 ἄναρχον,
673 5403 961 5477 ἀσώματόν
1005 5425 1066 5460 τι
1111 5405 1202 5459 καὶ
1246 5405 1642 5480 ἀπερίγραφον,
1691 5404 1782 5459 καὶ
1890 5405 2315 5476 sempiternum
2363 5399 2586 5472 aliqum
2636 5424 2639 5447 ‘

1890 5405 2315 5476 sempiternum
2363 5399 2586 5472 aliquid
2636 5399 2948 5472 omnisque
2994 5400 3264 5474 principii
3304 5415 3530 5470 expers,

194 5489 442 5548 τῶνόντων
489 5492 689 5552 αἴτιον.
747 5491 911 5549 οὐσία
935 5493 1047 5550 ιστὶ
1096 5493 1159 5548 τὸ
1210 5489 1280 5548 δι’
1321 5491 1456 5549 ὅλου
1514 5493 1778 5570 ὑφεστὼς.
1889 5493 2422 5564 incorporeumque
2462 5490 2521 5554 et
2569 5487 2639 5544 ini

1889 5493 2422 5564 incorporeumque
2462 5490 2521 5554 et
2569 5487 3162 5561 incircumscriptum,
3212 5503 3279 5548 ac
3332 5500 3531 5554 rerum

321 5656 374 5712 P.
403 5656 534 5711 10m
563 5662 624 5714 et
653 5671 771 5730 seq.
801 5655 920 5714 BD.
951 5653 1261 5725 POTTER,
1284 5655 1516 5728 passim.
