3978 6200
479 327 578 380 751
1711 320 2119 374 CLEMENTIS
2159 319 2656 371 ALEXANDRINI
3737 318 3816 372 752

482 452 700 504 auctor.
724 444 1065 502 Substantia
1097 447 1204 510 est,
1235 443 1391 515 quod
1423 443 1677 514 undique
1693 459 1822 498 vere
1836 441 2051 498 exsiste

2244 438 2410 492 Φύσιν
2445 436 2586 492 ἐστὶν
2635 439 2671 507 ἡ
2702 441 2807 492 τῶν
2859 438 3194 512 πραγμάτιον
3226 433 3458 506 ἀλήθεια,
3488 439 3519 508 ἢ
3553 438 3739 494 τούτων
3770 444 3815 496 τὸ

483 537 561 609 (id
593 540 679 592 est
713 533 1064 604 subsistens)
1097 541 1159 604 ›ι‹
1205 536 1312 588 est.
1346 536 1555 587 Natura
1588 548 1782 587 rerum
1817 533 2054 588 veritam

2246 526 2506 599 ἐνοῦσιον,
2554 529 2691 584 κατᾶ
2731 526 2788 583 δὲ
2830 525 2957 589 τοὺς
3015 524 3240 594 ἄλλους,
3268 529 3301 597 ἠ
3351 531 3450 581 τῶν
3498 526 3565 590 εἶς
3615 530 3672 584 τὸ
3711 531 3817 585 εἶναι

487 625 573 682 vel
607 639 801 681 rerum
832 621 1187 692 substantia,
1220 622 1362 692 sive,
1395 624 1464 677 ut
1492 621 1588 676 alii
1623 621 1908 692 sentiunt,
1932 638 2058 678 eort

2245 619 2695 692 παραγενομένων
2744 615 2968 689 γένεσις·
3019 616 3138 671 καθ’
3187 616 3392 691 ὲτὲρους
3422 613 3494 684 δὲ,
3522 618 3554 685 ἡ
3581 616 3666 673 τοῦ
3710 623 3816 673 Θεοῦ

488 730 617 788 quae
636 713 696 768 in
725 729 920 769 rerum
955 715 1224 766 naturam
1261 711 1688 782 producuntur,
1723 710 2018 784 generatio
2051 727 2059 764 ι

2246 707 2473 781 πρόνοια
2525 706 2831 781 ἐμποιοῦσα
2872 710 2990 768 τοῖς
3046 704 3357 780 γινομένοις
3407 706 3464 760 τὸ
3504 706 3644 778 εἶναι,
3671 707 3817 763 καὶτὸ

491 818 606 876 que
639 802 841 874 origo;
875 806 939 856 ut
963 804 1158 856 autem
1192 799 1313 866 alii,
1357 799 1460 855 Dei
1519 799 1901 872 providentia,
1962 800 2138 856 rebus
2242 800 2363 859 πῶς
2396 797 2551 854 εἶναι,

491 909 620 965 quae
647 891 799 946 ﬁunt
829 889 938 946 hoc
968 889 1200 958 indens,
1232 890 1385 960 quod
1416 893 1505 945 est
1531 904 1679 959 esse,
1712 893 1771 946 et
1815 889 1918 945 tali
1964 890 2136 945 modo

491 997 640 1038 6398.

1779 1101 1888 1166 Αρ.
1921 1093 2190 1164 eumdem,
2233 1094 2371 1150 ibid.
2404 1111 2460 1166 p.
2496 1093 2619 1147 152.

561 1227 848 1284 Voluntas
877 1232 967 1283 est
997 1225 1282 1282 naturalis
1315 1226 1565 1282 facultas
1594 1227 1724 1298 ejus
1755 1227 1910 1299 quod
1945 1231 2034 1282 est
2070 1243 2132 1282 ex

2317 1223 2545 1296 Θὲλησίς
2594 1223 2704 1279 ἐστι
2755 1223 2953 1302 φυσική
3005 1219 3234 1294 δύναμις
3282 1225 3378 1275 τοῦ
3421 1221 3546 1276 κατᾶ
3583 1221 3714 1298 φύσιν
3751 1216 3819 1274 ὅν-

492 1323 700 1374 natura
728 1315 1043 1388 appetendi
1077 1315 1190 1370 vim
1214 1315 1458 1372 habens.
1482 1315 1766 1371 Voluntas
1785 1323 1874 1371 est
1895 1319 2063 1370 natur

2252 1335 2339 1376 τος
2372 1314 2648 1390 ὀρεκτική.
2683 1309 2915 1382 Θὲλησίς
2946 1309 3057 1366 ἐστι
3100 1310 3300 1378 φυσικὴ
3331 1304 3518 1382 ὄρεξις,
3539 1313 3600 1384 τῇ
3641 1315 3722 1365 τοῦ
3748 1310 3823 1366 λο-

488 1407 562 1462 lis
581 1406 897 1477 appetitus,
922 1410 1145 1459 naturae
1171 1404 1360 1459 utenti
1381 1405 1607 1460 ratione
1627 1407 2002 1460 conveniens.
2026 1405 2059 1458 ν

2248 1408 2400 1479 γικοῦ
2431 1403 2584 1480 φύσει
2614 1400 2989 1471 κατάλληλος.
3019 1397 3249 1466 Θὲλησίς
3273 1399 3379 1453 ἐστι
3401 1400 3583 1476 φυσικὴ
3607 1398 3819 1474 αὐτογρά-

490 1493 689 1549 luntas
722 1491 1013 1548 naturalis
1044 1498 1135 1547 est
1167 1492 1380 1548 mentis
1411 1492 1501 1548 sui
1546 1493 1777 1548 arbitraa
1821 1498 2019 1548 motus

2249 1513 2409 1567 τορος
2440 1496 2537 1546 νοῦ
2571 1491 2823 1564 [κίνησις]
2860 1489 3222 1560 αὐτεξούσιος,
3251 1489 3286 1551 ἢ
3317 1493 3439 1551 νοῦς
3467 1487 3581 1563 περί
3604 1509 3651 1544 τι
3675 1490 3820 1552 αὐθαι-

494 1583 595 1638 ber
620 1600 635 1652 ;
668 1581 789 1638 sive
819 1595 986 1636 mens
1019 1597 1146 1652 qu
1178 1581 1335 1637 circa
1354 1581 1576 1653 aliquid
1601 1582 1781 1637 libere
1799 1588 2065 1637 moveatu

2252 1583 2416 1658 ρὲτως
2443 1580 2784 1652 κινούμενος.
2810 1578 3265 1658 ΑὐτεξουσιότἎξ
3287 1577 3392 1633 ἐστὶ
3443 1583 3558 1634 νοῦς
3601 1577 3714 1632 κατᾶ
3749 1574 3823 1650 οὗ·

494 1676 596 1727 aut
623 1670 1006 1741 intelligentis
1037 1670 1218 1727 animi
1243 1675 1439 1728 motus
1461 1670 1553 1726 sui
1576 1670 1795 1727 arbiter
1814 1687 1879 1727 ac
1906 1676 2065 1743 pote:

2254 1691 2328 1725 σιν
2378 1670 2720 1742 κινούμενος,
2776 1667 2811 1736 ἢ
2868 1668 3030 1744 νοερὰ
3071 1665 3431 1745 τ’ψοχῆς
3471 1666 3658 1737 κίνησις
3703 1665 3825 1722 αὖτο-

2244 1761 2468 1834 κρατής.

2146 2021 2246 2076 XI.

1965 2153 2403 2210 FRAGMENTA
2415 2195 2427 2207 .

1470 2270 1561 2330 Ex
1589 2267 1923 2330 Clementis
1943 2269 2350 2331 Alexandrini
2381 2268 2540 2331 libro
2575 2268 2661 2330 De
2689 2275 2916 2330 anima.

1069 2413 1188 2484 (Ap.
1222 2410 1544 2480 Maximum,
1573 2427 1739 2468 serm.
1771 2412 1863 2480 53,
1903 2413 1983 2468 De
2028 2411 2247 2484 anima,
2274 2429 2332 2486 p.
2368 2413 2487 2480 156,
2518 2416 2569 2469 et
2595 2412 3202 2480 Antonium‘Melissam
3237 2430 3250 2468 :
3288 2412 3306 2484 )

566 2546 854 2603 Omnibus
879 2547 1084 2602 soluta
1116 2563 1183 2602 ac
1213 2545 1570 2618 respirantes
1599 2545 1805 2602 anima;
1839 2547 2017 2603 vitam
2038 2547 2137 2603 ha-

2321 2545 2535 2602 ΙΙάντων
2566 2545 2916 2600 ἀναπνέουσαι
2975 2545 3030 2599 αἱ
3079 2544 3253 2620 ψυχαὶ
3285 2545 3348 2599 τὸ
3380 2547 3473 2618 ζῇν
3521 2539 3708 2618 ἔχουσι,
3755 2536 3824 2593 κᾶν

493 2637 657 2704 bent,
692 2641 748 2692 et
771 2635 908 2691 licet
937 2652 971 2692 a
1000 2651 1240 2707 corpore
1286 2643 1563 2707 separatae
1611 2635 1912 2705 exsistant,
1961 2637 2062 2708 inq

2256 2636 2567 2710 χωρισθῶσι
2619 2635 2715 2689 τοῦ
2751 2636 3006 2708 σώματος
3053 2633 3143 2689 καὶ
3185 2635 3280 2689 τὸν
3331 2632 3405 2695 είς
3447 2633 3571 2687 αὐτὸ
3624 2630 3827 2704 εὖρεθῶσι

499 2725 643 2781 illud
679 2725 970 2780 desiderio
1001 2723 1284 2789 ferantur,
1315 2724 1377 2779 in
1409 2723 1510 2779 Dei
1536 2729 1732 2780 tamen
1766 2725 1962 2781 sinum
2007 2740 2070 2780 ev

2255 2724 2414 2779 πόθον
2446 2721 2695 2798 ἔχουσαι,
2725 2722 2803 2785 εἷς
2832 2723 2924 2779 τὸν
2955 2726 3052 2778 τοῦ
3083 2727 3218 2778 Θεοῦ
3242 2724 3450 2778 κόλπον
3483 2723 3703 2800 φέρονται
3728 2717 3826 2772 ἀθά-

491 2814 616 2870 lant
641 2813 1009 2870 immortales
1032 2832 1046 2882 ;
1071 2814 1224 2869 haud
1249 2830 1419 2871 secus
1439 2831 1506 2869 ac
1527 2815 1774 2870 hiberna
1792 2820 2062 2887 tempest:

2258 2832 2420 2868 νατοι·
2455 2813 2530 2877 ὡς
2578 2811 2633 2868 ἐν
2690 2816 2969 2888 χειμῶνος
3001 2811 3116 2888 ὥρᾳ
3173 2812 3226 2866 οἱ
3285 2810 3446 2887 ἀτμοὶ
3474 2816 3566 2880 τῆς
3594 2815 3704 2884 γῆς,
3753 2804 3829 2861 ὑπὸ

497 2902 710 2958 terreni
741 2917 983 2974 vapores
1015 2901 1196 2958 radiis
1228 2902 1371 2958 solis
1398 2904 1650 2970 attracti,
1688 2919 1894 2959 versus
1942 2903 2068 2974 ipsu

2258 2906 2353 2956 τῶν
2401 2905 2498 2956 τοῦ
2535 2897 2703 2971 ἡλίου
2753 2901 2981 2956 ἀκτίνων
3028 2899 3413 2975 ἐφεΛκόμενοι,
3463 2899 3686 2978 φέρονται
3725 2894 3829 2970 πρὸς

500 2992 787 3050 feruntur.

2250 2989 2432 3048 αὐτόν.

780 3129 906 3186 Haec
935 3128 1212 3184 sententia
1241 3142 1454 3200 quoque
1479 3129 1678 3200 legitur
1705 3128 1823 3186 cod.
1857 3128 1984 3199 143,
2015 3132 2269 3197 Barocc.,
2298 3145 2351 3183 ca

2031 3132 2269 3197 Baream,
2298 3145 2419 3200 cap.
2453 3125 2582 3201 Περὶ
2613 3123 2903 3199 ἐπιμελίας
2931 3128 3142 3201 ψυχῆς,
3173 3127 3282 3200 fol.
3319 3129 3442 3194 181,
3468 3144 3522 3201 ρ.
3556 3129 3602 3197 1,

566 3243 936 3298 Immortales
957 3247 1101 3298 sunt
1121 3259 1326 3299 omnes
1349 3241 1576 3312 animae,
1600 3243 1774 3299 etiam
1793 3243 2132 3315 impiorum,

2317 3242 2605 3298 Ἀθάνατοι
2656 3245 2819 3296 πᾶσαι
2881 3242 2936 3296 αἱ
2983 3241 3180 3316 ψυχαὶ,
3233 3243 3326 3297 καὶ
3375 3247 3479 3297 τῶν
3522 3234 3725 3307 ἀσεϐῶν,
3771 3237 3837 3295 αἷς

496 3330 711 3402 quibus
743 3336 1064 3404 prmetaret,
1097 3331 1252 3386 haud
1285 3347 1414 3387 esse
1444 3331 1937 3404 incorruptibiles.
1993 3333 2067 3388 Du

2264 3329 2471 3404 ἱμεινον
2524 3332 2593 3400 ἦν
2644 3331 2720 3403 μή
2780 3330 3086 3408 ἀφθάρτους
3143 3330 3302 3386 εἶναι.
3363 3329 3712 3401 Κολαζόμεναι
3758 3322 3835 3399 γὰρ

499 3419 655 3475 enim
710 3419 866 3492 ignis
925 3419 1424 3491 inexstinguibilis
1465 3423 1745 3492 perpetuo
1794 3425 2069 3493 torquent

2260 3421 2360 3477 ὑπὸ
2389 3425 2484 3475 τοῦ
2542 3414 2804 3475 ἀσϐέστου
2852 3421 3024 3495 πυρὸς
3067 3420 3356 3496 ἀπεράντῳ
3382 3419 3609 3494 τιμωρίᾳ
3650 3417 3726 3471 καὶ
3775 3413 3831 3484 μὴ

500 3507 812 3581 supplicio,
847 3524 952 3564 nec
983 3524 1246 3580 unquam
1303 3508 1936 3583 moriunturtnullum
1988 3526 2071 3566 ma

2265 3511 2604 3580 ὒνήσκουσαι,
2652 3508 2738 3565 ἐπὶ
2791 3513 2943 3582 κακῷ
2987 3513 3067 3583 τῷ
3097 3510 3305 3566 ἑαυτῶν
3354 3507 3508 3571 τέλος
3556 3501 3718 3564 λαϐεῖν
3759 3499 3836 3557 οὐκ

499 3613 606 3654 suo
638 3597 816 3654 finem
850 3597 1110 3654 nancisci
1145 3602 1415 3670 possunt.

919 3597 1110 3654 .ncisci
1145 3602 1415 3670 possunt.
2250 3595 2490 3673 ἔχουσιν.

2131 3883 2258 3941 XII.

1119 4003 1567 4079 Fragmentum
1596 4019 1673 4062 ex
1704 4002 2037 4064 Clementis
2064 4003 2472 4064 Alexandrini
2503 4001 2663 4064 libro
2694 4005 2785 4064 De
2814 4005 3266 4067 obtrectatione.

703 4145 800 4216 Ap.
835 4145 1036 4200 Anton.
1071 4141 1293 4212 Heliae,
1327 4143 1426 4198 lib.
1460 4145 1529 4214 II,
1562 4159 1724 4201 serm.
1754 4146 1845 4213 69,
1868 4145 1949 4201 De
1978 4143 2466 4202 obtrectatoribus
2495 4148 2550 4200 et
2580 4145 2958 4216 contumelia,
2990 4147 3163 4207 Grec.
3194 4165 3363 4206 sem.
3392 4149 3485 4216 54,
3511 4149 3666 4222 p.87.

559 4298 665 4352 Fac
697 4309 1005 4367 nunquam
1037 4293 1353 4350 reverearis
1383 4310 1540 4366 eum,
1573 4295 1677 4367 qui
1708 4297 1864 4368 apud
1886 4300 1942 4351 te
1963 4295 2130 4353 alteri

2312 4291 2594 4360 Μηδὲποτε
2669 4290 2926 4370 αἰδεσθῇς
2992 4296 3085 4352 τὸν
3149 4297 3288 4373 πρὸς
3344 4300 3404 4354 ei
3459 4293 3835 4358 καταλαλοῦνια,

481 4383 761 4450 detrahit,
796 4384 897 4440 sed
931 4382 1127 4455 potius
1159 4382 1329 4439 illum
1360 4383 1445 4439 sic
1477 4383 1960 4450 moneas,dicens
1987 4386 2052 4442 :E

2264 4381 2458 4438 ’.ἄλλον
2524 4380 2582 4438 δὲ
2631 4379 2775 4460 λίγε·
2838 4389 3067 4458 Παῦσαι,
3117 4383 3338 4466 ἀδελφέ’
3400 4387 3509 4464 ἐγὼ
3537 4386 3644 4442 καθ’
3668 4381 3835 4456 ἡμέραν

483 4475 632 4544 sine,
664 4473 882 4543 frater;
916 4487 1023 4544 ego
1054 4472 1319 4545 quotidie
1349 4472 1586 4544 gravius
1638 4471 1805 4528 labor
1833 4477 1889 4528 et
1937 4490 2054 4545 pecc

2268 4471 2610 4548 [αλεπώτερα
2637 4473 2837 4548 πταίω,
2889 4476 2982 4530 καὶ
3029 4476 3146 4540 πῶς
3179 4476 3383 4533 ἐκεῖνον
3432 4479 3723 4549 κατακρῖναι
3764 4467 3839 4525 δύ-

486 4567 544 4619 et
572 4561 675 4634 qui
707 4577 950 4634 possum
980 4560 1149 4617 illum
1180 4561 1572 4618 condemnare
1601 4561 1624 4616 ?
1654 4561 1812 4619 Duos
1839 4562 1995 4620 enim
2041 4563 2057 4618 l

2275 4582 2447 4634 αμαι;
2507 4561 2610 4617 Δύο
2657 4561 2758 4638 γὰρ
2808 4561 3106 4638 κερδανεῖς,
3158 4564 3209 4621 ἐν
3272 4571 3373 4640 μιᾷ
3421 4563 3730 4640 ἔμπλάστρῳ
3767 4555 3837 4613 καὶ

483 4651 764 4720 craberis,
798 4666 913 4708 uno
943 4651 1263 4723 emplastro
1287 4656 1346 4707 et
1374 4655 1431 4707 te
1459 4650 1681 4723 ipsum,
1715 4655 1772 4708 et
1799 4651 2054 4724 proxime

1744 4655 1772 4708 ,t
1799 4651 2132 4724 proximum
2242 4651 2461 4706 σεαυτὸν
2490 4651 2581 4706 καὶ
2609 4652 2700 4707 τὸν
2733 4652 2968 4723 πλησίον
3004 4652 3315 4728 ἰασάμενος.

490 4753 731 4796 sanans.

555 4949 687 5002 Haec
717 4946 776 5001 in
809 4945 882 5028 iis
908 4944 1437 5028 Clementislibris,
1471 4963 1620 5028 quos
1650 4949 2000 5028 superstites
2031 4948 2346 5028 habemus,
2375 4953 2957 5028 nusquam‘reperire
2981 4957 3092 5028 est,
3124 4971 3190 5011 ac
3223 4955 3467 5027 proinde
3495 4969 3727 5028 proan
3747 4947 3842 5005 col-

482 5015 685 5095 ligere,
719 5019 888 5095 quod-
908 5017 1348 5095 sententiaista
1367 5015 1866 5095 sitfragmen-tum
1897 5021 2180 5092 deperditi
2213 5015 2348 5095 libri
2381 5015 2893 5095 Περΐκαταλαὶζιᾶς,
2924 5026 2997 5080 De
3025 5015 3455 5091 οόινεοὶαιίοηε,
3495 5015 3665 5095 quem
3694 5022 3842 5095 Ense:

479 5087 615 5171 hius
637 5087 801 5171 inter
831 5088 1148 5171 Clementis
1173 5087 1752 5171 Alexandrini'npera
1782 5087 2046 5171 recenset

2266 5093 2381 5171 iam
2427 5087 2498 5150 ab
2526 5095 2802 5171 _An_ton_i_o
2834 5087 2893 5152 in
2924 5111 3103 5154 serm.
3129 5097 3283 5171 “Hepi
3312 5087 3742 5171 κατάλαλοῦντων
3768 5087 3837 5144 καὶ

480 5159 604 5235 περὶ
635 5155 842 5242 ὕξρεῳς
874 5160 1177 5242 allegatur.
1211 5161 1489 5242 Caeterum
1523 5155 1996 5242 quilprasscripta
2027 5155 2063 5219 a
2092 5155 2386 5242 Clemente
2424 5166 2600 5222 verba
2628 5166 2693 5242 in_
2719 5168 2877 5224 dicto
2907 5183 3048 5242 casu
3075 5155 3334 5242 adhibet,
3379 5175 3438 5227 et
3481 5169 3723 5242 seipsum
3765 5178 3838 5218 δι’

478 5232 620 5289 κλει-ο
651 5232 885 5300 dicitur,
917 5233 1061 5288 dum
1094 5236 1330 5304 peccata
1359 5248 1469 5288 sua
1496 5232 1832 5303 conﬁtetur,
1862 5232 1919 5290 et
1948 5236 2301 5308 proximum,
2335 5237 2478 5293 dum
2510 5253 2646 5294 eum
2680 5238 2826 5296 bene
2856 5239 3277 5312 reprehendit:

482 5436 742 5493 ostendit
772 5438 926 5510 quod
955 5453 1088 5496 vere
1118 5438 1342 5496 malum
1371 5444 1480 5497 est.
1507 5439 1787 5505 Quocirca
1831 5439 2053 5512 sapient

2266 5437 2471 5494 ῖεικνῦει
2518 5440 2580 5494 τὸ
2624 5435 2793 5504 ὄντως
2834 5443 3024 5500 κακόν.
3071 5445 3229 5509 Ὅθεν
3276 5442 3368 5500 διὰ
3421 5449 3528 5500 τῶν
3579 5437 3837 5499 ὑποθίσιων

479 5522 774 5598 disposuit
802 5529 978 5597 Deus,
1019 5532 1086 5586 ut
1138 5527 1233 5587 his
1280 5527 1667 5604 argumentis,
1711 5545 1825 5602 quo
1873 5529 2049 5604 quisq

2268 5527 2440 5584 ούτων
2467 5527 2850 5604 ἐμηχανήσατο
2897 5532 2926 5588 ὁ
2975 5533 3105 5597 Θεὸς
3147 5537 3452 5612 φανερῶσαι
3506 5534 3602 5604 τὴν
3651 5528 3837 5587 induco

476 5612 678 5672 animo
709 5613 808 5685 sit,
842 5620 1224 5679 montretur.

916 5620 1224 5679 antretur.
2235 5614 2487 5683 διάθεσιν.
