3978 6200
210 307 306 364 757
1632 303 1806 357 FRAC

1898 305 2100 356 EN'I‘A.

3456 307 3562 363 758

1691 457 1840 513 877
1875 456 2020 514 XVI.

744 562 1143 642 Fragmenta,
1174 577 1316 641 qua;
1345 561 1558 622 Graece
1586 565 1832 625 tantum
1862 560 1928 620 in
1960 558 2236 624 editione
2265 559 2603 623 Oxoniensi
2621 559 2944 640 leguntur.

1073 809 1231 882 Apud
1256 813 1539 867 auctorem
1563 795 1835 866 Chronici
1867 809 2190 878 Paschalis,
2219 826 2350 882 pag.
2379 811 2432 877 7,
2468 811 2544 866 al.
2577 811 2633 866 5.

236 941 350 1000 Τοῖς
400 936 493 1009 μὲν
556 932 648 990 οῦν
707 931 1150 1010 παρεληλυθόσιν
1211 930 1348 988 ἔτεσι
1407 933 1470 988 τὸ
1535 933 1796 1006 θυόμενον

1983 934 2394 1006 Superioribus
2435 934 2606 989 annis
2647 934 2930 990 Dominus
2983 935 3205 992 Pascha
3236 937 3559 1010 celebrans,

182 1029 287 1102 πρὸς
326 1023 602 1083 Ἰουδαίων
660 1022 846 1094 ἤσθιεν
907 1023 1176 1100 ἑορτάζων
1234 1022 1262 1077 6
1321 1021 1516 1096 Κύριος
1571 1024 1786 1098 Πάσχα.

1908 1024 2242 1080 comederat
2266 1027 2582 1078 mactatum
2605 1040 2638 1078 a
2665 1023 3047 1080 JudaisJam
3070 1041 3203 1082 vero
3235 1028 3559 1098 praedicans

179 1115 298 1174 ,Επεὶ
348 1111 403 1169 εὶ
453 1112 712 1190 ἐκήρυξεν
796 1111 954 1173 αὐτὸς
1035 1109 1106 1167 ὢν
1175 1111 1238 1166 τὸ
1293 1112 1485 1186 Πάσχα
1538 1112 1566 1165 6
1625 1112 1798 1185 ἀμνὸς

1906 1129 1970 1168 se
2001 1114 2194 1184 ipsum
2229 1129 2358 1168 esse
2387 1112 2606 1168 Pascha
2640 1128 2860 1184 agnum
2912 1113 3032 1184 Dei,
3077 1115 3178 1186 qui
3227 1120 3290 1170 ut
3318 1117 3442 1172 ovis
3483 1119 3554 1174 ad

174 1209 250 1259 τοῦ
297 1207 440 1270 Θεοῦ,
473 1203 549 1265 ὡς
607 1197 884 1279 πρὸϐατον
943 1199 1035 1256 ἐπὶ
1095 1202 1305 1278 σφαγὴν
1354 1201 1645 1276 ἀγόμενος,
1698 1199 1796 1255 αὖ·

179 1293 275 1349 τίκα
315 1289 513 1363 ἐδίδαξε
572 1293 670 1366 μὶν
730 1291 856 1354 τοὺς
918 1289 1163 1363 μαθητὰς
1218 1295 1313 1344 τοῦ
1360 1288 1532 1345 τύπου
1577 1290 1638 1345 τὸ
1700 1311 1797 1363 μυ-

1907 1201 2322 1257 mactationem
2363 1202 2694 1271 duceretur,
2737 1201 2933 1257 statim
2983 1202 3185 1259 docuit
3229 1204 3554 1278 discipulos

1904 1291 2106 1363 ﬁgura:
2159 1289 2505 1362 mysterium
2557 1290 2650 1345 die
2698 1289 2930 1346 decima
2967 1293 3158 1364 tertia,
3214 1309 3332 1365 qua
3375 1295 3551 1351 etiam

179 1385 364 1457 στήριον
417 1387 486 1456 τῇ
549 1383 642 1456 ιγ’,
672 1380 724 1435 ἐν
871 1379 961 1434 καὶ
1011 1377 1376 1443 πυνθάνονται
1437 1379 1599 1435 αὐτοῦ
1635 1400 1646 1410 ·
1683 1384 1794 1434 Ποῦ

1903 1396 1972 1436 ex
2003 1379 2131 1451 ipso
2163 1383 2623 1451 percontantur:
2660 1379 2760 1436 Ubi
2808 1384 2891 1435 vis
2941 1381 3150 1436 Pascha
3197 1381 3304 1438 tibi
3352 1383 3422 1438 ad
3463 1399 3550 1440 co-

177 1469 318 1537 θέλεις
367 1471 752 1543 ἑτοιμάσωμεν
814 1490 900 1524 σοι
957 1469 1021 1524 τὸ
1077 1467 1268 1543 Πάσχα
1326 1473 1552 1544 φαγεῖνς
1613 1468 1791 1544 Ταύτῃ

176 1560 244 1616 οῦν
287 1564 349 1634 τῇ
403 1561 590 1635 ἡμέρᾳ
642 1560 735 1614 καὶ
780 1560 809 1614 6
849 1559 1118 1634 ἁγιασμὸς
1173 1562 1280 1612 τῶν
1335 1557 1578 1631 ἀζύμων,
1611 1559 1700 1613 καὶ
1755 1560 1790 1628 ἠ

174 1650 524 1723 τροετοιμασία
582 1653 685 1714 τῆς
743 1649 936 1724 ἑορτῆς
996 1647 1224 1724 ἐγίνετο.
1257 1649 1417 1712 Ὅθεν
1473 1649 1501 1701 6
1533 1646 1789 1718 Ἰωάννης

174 1738 212 1793 ἐν
256 1739 408 1813 ταύτῃ
466 1741 537 1812 τῇ
595 1736 784 1813 ἠμὲρα
835 1732 1060 1801 εἰκότως
1117 1736 1191 1799 ὠς
1224 1734 1283 1791 ἃν
1315 1739 1788 1813 προετοιμαζομὲ-

173 1848 269 1890 vos:
315 1824 416 1897 ἤδη
468 1827 847 1901 ἀπονίψασθαι
889 1825 1016 1891 τοὺς
1072 1823 1245 1888 πόδας
1288 1827 1424 1900 πρὸς
1456 1829 1555 1880 τοῦ
1586 1828 1789 1902 Κυρίου

175 1917 265 1978 τοὺς
292 1917 531 1988 μαθητὰς
583 1916 905 1994 ἀναγράφει.
938 1913 1180 1980 Πέπονθε
1237 1913 1295 1969 δὲ
1349 1917 1418 1988 τῇ
1479 1913 1704 1990 ἐπιούσῃ
1760 1917 1787 1970 ὁ

177 2007 328 2080 Σωτὴρ
352 2007 537 2079 ἡμῶν,
563 2005 730 2068 αὐτὸς
790 2002 864 2060 ὣν
905 2005 968 2060 τὸ
999 2005 1213 2081 Πάσχα,
1243 2003 1651 2082 καλλιερευθεὶς
1685 2004 1788 2059 ὑπὸ

174 2091 419 2152 Ἰουδαίων.

1901 1468 2225 1525 medendum
2243 1485 2500 1541 paremus
2531 1469 2610 1541 (a)
2638 1471 2660 1524 Ρ
2688 1467 2794 1525 Illa
2815 1467 2996 1542 igitur
3018 1470 3110 1525 die
3128 1475 3184 1525 et
3212 1485 3549 1543 azymorum

1902 1557 2290 1614 sanctiﬁcatio
2321 1561 2378 1612 et
2422 1557 2762 1629 praeparatio
2798 1558 2924 1613 l‘esti
2977 1559 3128 1614 facta
3159 1561 3266 1615 est.
3301 1558 3463 1615 Unde
3495 1565 3552 1616 et

1895 1647 2156 1703 Joannes
2186 1646 2288 1702 illa
2319 1647 2412 1702 die
2438 1647 2850 1703 convenienter
2871 1651 3067 1717 utpote
3093 1652 3547 1719 prrsparatorum

1891 1737 2018 1807 jam
2049 1735 2474 1808 discipulorum
2505 1735 2682 1808 pedes
2715 1754 2748 1791 a
2777 1735 3009 1791 Christo
3042 1736 3190 1792 lotos
3220 1735 3427 1792 scribit
3447 1737 3544 1808 (b).

1900 1828 2172 1882 Insecuta
2202 1829 2398 1881 autem
2431 1825 2524 1881 die
2555 1841 2768 1898 passus
2800 1829 2888 1880 est
2917 1825 3186 1882 Salvator
3211 1828 3429 1896 noster,
3444 1825 3546 1897 qui

1896 1914 2023 1988 ipse
2051 1920 2175 1972 erat
2206 1915 2417 1982 Pacha,
2450 1914 2796 1971 immolatus
2828 1931 2861 1969 a
2888 1914 3131 1971 Judaais.

1730 2189 1938 2248 Ibidem

221 2308 539 2372 ’Δκολούθως
594 2311 702 2387 ἄρα
744 2309 814 2386 τῇ
864 2306 951 2378 ιδ’,
981 2310 1071 2364 ὅτε
1099 2307 1192 2363 καὶ
1224 2305 1439 2379 ἔπαθεν,
1471 2302 1634 2372 ἔωθεν
1692 2306 1790 2362 αύ-

1965 2308 2371 2382 Congruenter
2399 2309 2581 2382 igitur
2609 2310 2704 2365 die
2736 2311 3178 2384 quartadecima
3216 2327 3333 2383 qua
3363 2311 3535 2371 etiam

174 2400 241 2454 τὸν
303 2399 348 2454 οἱ
410 2398 704 2476 ἀρχιερεῖς
772 2399 863 2455 καὶ
922 2399 974 2453 οἳ
1032 2403 1374 2474 γραμματεῖς
1429 2401 1508 2470 τῷ
1562 2396 1783 2470 Πιλάτῳ

176 2491 510 2564 προσάγοντες,
541 2488 648 2545 οὐκ
680 2487 939 2558 εἰσῆλθον
973 2486 1053 2550 εἷς
1099 2487 1162 2542 τὸ
1191 2488 1549 2563 πραιτώριον,
1584 2485 1678 2542 ’ίνα
1703 2488 1778 2560 μὴ

181 2582 446 2648 μιανθῶσιν,
479 2575 615 2633 ἀλλ’
649 2576 951 2640 ἀκωλύτως
1004 2577 1233 2653 ἐσπέρας
1263 2577 1327 2632 τὸ
1358 2575 1552 2651 Πάσχα
1599 2577 1782 2651 φάγω-

182 2666 413 2741 σι.Ταύτῂ
453 2671 567 2722 τῶν
628 2667 858 2742 ἡμερῶν
907 2670 977 2740 τῇ
1029 2660 1280 2741 ἀκριϐείᾳ
1329 2667 1416 2720 καὶ
1465 2666 1519 2720 αἱ
1575 2665 1781 2743 Γραφαὶ

173 2761 300 2810 πᾶσαι
349 2761 731 2836 συμιρωνοῦσι,
763 2756 853 2811 καὶ
909 2755 977 2811 τὰ
1021 2754 1336 2830 Εὐαγγέλια
1385 2751 1613 2828 συνῳδά.
1655 2757 1782 2812 Ἐπι

181 2851 391 2919 μαρτυρεῖ
444 2844 502 2901 δὲ
558 2845 656 2901 καὶ
708 2847 743 2915 ἡ
776 2843 1104 2915 ἀνάστασιςὲ·
1129 2847 1200 2917 τῇ
1231 2847 1361 2919 γοῦν
1392 2843 1550 2920 τρίτῃ
1581 2841 1776 2913 ἀνέστη

1893 2416 2106 2472 passus
2133 2403 2242 2468 est,
2277 2415 2450 2455 mane
2491 2400 2790 2472 principes
2836 2401 3210 2458 sacerdotum
3243 2404 3300 2455 et
3336 2401 3542 2457 scribas

1894 2488 2190 2546 Christum
2223 2487 2406 2544 Pilato
2429 2489 2538 2544 add
2551 2495 2933 2557 ucentes,non
2965 2490 3217 2562 ingressi
3241 2495 3383 2545 sunt
3404 2506 3542 2561 prie-

1892 2578 2130 2648 torium,
2163 2593 2234 2633 ne
2282 2576 2706 2648 polluerentur,
2753 2579 2854 2634 sed
2909 2578 3072 2634 nullo
3115 2576 3540 2650 impedimento

1894 2666 2115 2723 Pascha
2161 2682 2400 2738 vespere
2441 2667 2836 2723 comedercnt.
2887 2667 3033 2723 lluic
3083 2669 3364 2722 accurata;
3414 2667 3538 2722 die-

1892 2774 2024 2813 rum
2056 2757 2483 2830 computationi
2513 2757 2690 2814 etiam
2720 2757 3033 2830 Scriptum
3065 2757 3351 2813 universa)
3399 2773 3538 2813 con-

1889 2846 2155 2902 sentiunt
2175 2852 2232 2903 et
2247 2848 2568 2902 concinunt
2588 2845 3362 2918 Evangelia.Testimonium
3389 2862 3534 2918 quo-

176 2934 332 3008 ἡμέρᾳ,
358 2933 476 3005 ἥτις
518 2934 573 2990 ἐν
607 2935 806 3009 πρώτῃ
842 2939 951 2989 τῶν
994 2928 1317 3006 ἑϐδομάδων
1365 2936 1462 2987 τοῦ
1517 2935 1778 3006 θερισμοῦ

1898 2951 2001 3007 que
2029 2935 2081 2991 ei
2115 2936 2380 3007 perhibet
2407 2935 2752 2992 resurrectio
2787 2953 2800 2992 :
2832 2937 3006 2992 tertio
3029 2935 3187 2992 enim
3212 2935 3306 2992 die
3335 2949 3535 2991 resur-

175 3020 280 3094 ἐνῇ
323 3025 403 3078 καὶ
452 3027 516 3080 τὸ
578 3021 802 3100 δράγμα
860 3023 1235 3098 ἐνομοθετεῖτο
1291 3026 1635 3098 προενεγκεῖν
1685 3022 1773 3077 τὸν

1898 3025 2054 3093 rexit,
2085 3025 2186 3097 qui
2213 3024 2270 3080 in
2308 3025 2558 3097 primam
2591 3023 3016 3082 hebdomadem
3051 3025 3272 3081 mensis
3304 3023 3531 3096 incidit,

177 3105 303 3180 ίερὲα.

1885 3131 2003 3186 qua
2033 3113 2124 3170 lex
2153 3118 2507 3187 praeceperat
2535 3131 2571 3170 a
2599 3115 2900 3172 sacerdote
2939 3113 3311 3186 manipulum
3351 3113 3534 3186 spica-

1885 3220 2018 3260 rum
2049 3203 2265 3260 oﬁ‘erii.

177 3329 296 3402 Apud
318 3332 620 3389 Iacui-ium
654 3329 1173 3404 Chrysocephaium,
1197 3337 1339 3387 orat.
1381 3347 1441 3385 ιι
1470 3329 1532 3385 in
1564 3333 1792 3403 Lucam,
1839 3330 1938 3387 sub
1985 3331 2175 3401 ﬁnem.
2227 3361 2296 3408 -τ
2345 3333 2428 3387 Ex
2456 3347 2556 3387 ms.
2609 3329 2742 3388 bibl.
2772 3330 2930 3388 Bodl.
2961 3329 3082 3388 cod.
3133 3330 3262 3401 211,
3311 3329 3537 3385 Barocc.

232 3450 265 3500 l.
315 3447 503 3518 Ὀπόση
561 3445 766 3523 χορεία
823 3449 900 3520 (3)
945 3447 1035 3502 καὶ
1093 3448 1402 3523 πανήγυρις
1459 3445 1510 3502 ἐν
1563 3446 1777 3521 οὐρανῷ

179 3531 353 3607 γίνεται,
377 3534 427 3590 εἷ’
446 3557 530 3598 τις
559 3535 778 3610 ἐξόριος
805 3537 988 3613 γέγονε
1026 3536 1116 3592 καὶ
1148 3537 1318 3616 φυγὰς
1384 3543 1483 3606 τῆς
1549 3537 1651 3591 ὑπὸ
1699 3541 1780 3610 τῷ

184 3622 308 3696 Πατρῖ
340 3624 617 3688 πολιτείας
656 3628 755 3698 (4),
789 3626 1000 3700 ἀγνοῶν
1029 3627 1104 3690 ὡς
1159 3627 1212 3680 οἱ
1270 3624 1629 3701 μακρύνοντες
1686 3625 1784 3680 αὗ-

185 3708 280 3772 τοὺς
326 3711 406 3768 ἀπ’
455 3715 630 3770 αὐτοῦ
692 3711 1024 3770 ἀπολοῦνται
1056 3716 1067 3770 l
1102 3715 1167 3772 El
1196 3715 1297 3784 τήν
1331 3711 1479 3770 δόσιν
1537 3714 1627 3769 καὶ
1682 3717 1782 3784 τήν

186 3805 328 3866 κτῆσιν
350 3803 431 3857 καὶ
458 3803 559 3872 τὴν
592 3801 977 3879 κληρονομίαν
1026 3805 1125 3874 τὴν
1184 3804 1439 3880 πανρῴαν
1480 3802 1782 3877 ἀνήλωσεν,

185 3885 223 3939 εἴ
239 3908 357 3948 τινος
385 3889 628 3965 ἐξέλιπεν
660 3895 696 3962 ἡ
729 3891 932 3960 πίστις,
960 3892 1051 3948 καὶ
1100 3895 1135 3963 ἡ
1186 3892 1344 3955 ἐλπὶς
1397 3889 1784 3967 δεδαπάνηται,

185 3980 272 4036 τοῖς
295 3977 473 4035 ἔθνεσιν
504 3981 1013 4056 συντρέχοντοςκείς
1040 3983 1139 4053 τήν
1189 3980 1357 4052 αὐτὴν
1404 3985 1503 4052 τῆς
1551 3981 1786 4045 ἀσωτίας

185 4062 390 4142 ἀνάχυσιν
418 4088 430 4100 °
464 4071 582 4126 εἶτα
637 4070 932 4144 λιμώττων
976 4073 1066 4126 καὶ
1107 4070 1486 4146 στερούμενος,
1518 4072 1607 4126 καὶ
1655 4069 1784 4145 μηδ’

185 4148 236 4204 ὗν
285 4156 327 4209 οἱ
378 4164 556 4234 χοῖροι
613 4163 887 4214 σιτοῦνται
927 4161 1338 4235 πληρούμενος,
1372 4159 1598 4224 ἀναστὰς
1646 4159 1786 4230 ἦλθε

188 4243 286 4315 πρὸς
309 4245 388 4299 τὸδ
417 4250 624 4323 πατέρα
654 4249 844 4304 αὐτοῦ.
881 4248 1043 4305 Ἀλλ’
1078 4251 1106 4304 6
1155 4249 1398 4325 χρηστὸς
1447 4253 1626 4322 πατὴρ
1686 4251 1787 4304 οὐκ

188 4326 377 4402 ἐπιμένει
431 4333 532 4400 ἕως
593 4336 659 4391 ἃν
694 4338 723 4393 6
771 4343 900 4400 παῖς
946 4337 1081 4414 πρὸς
1113 4337 1272 4393 αὐτὸν
1324 4337 1580 4416 ἀφίκηται
1614 4358 1627 4370 ’
1663 4336 1787 4394 οὐδὲ

186 4417 258 4490 Ti;
280 4420 390 4485 ἴσως
417 4421 704 4497 δυνήσεται
755 4426 918 4482 πόθεν
949 4430 1048 4501 (5),
1082 4424 1207 4482 ούδὶ
1235 4425 1506 4500 τολμήσει
1542 4429 1618 4501 μή
1643 4425 1784 4482 ’ίλεω

191 4509 330 4582 τυχὼν
357 4513 512 4570 αὐτοῦ
542 4513 888 4591 προσελθεῖν.
920 4517 1013 4571 Διὸ
1066 4514 1428 4590 βουληθέντος
1477 4514 1667 4590 μόνον,
1700 4516 1783 4571 εύ-

200 4594 268 4657 .5:
292 4600 591 4676 ἀρξαμένου,
625 4608 842 4679 πρῶτον
873 4606 1236 4680 ὁρμήσαντος,
1263 4603 1339 4661 ἔτι
1399 4606 1604 4678 μακρὰν
1651 4607 1784 4662 ἀπέ-

195 4701 364 4761 χσντος,
394 4690 825 4769 ἐσπλαγχνίσθη,
855 4693 944 4749 καὶ
977 4692 1287 4769 ἐκδραμὼν,
1319 4692 1501 4750 ἔπεσεν
1550 4694 1634 4750 ἐπὶ
1689 4696 1783 4750 τὸν

193 4774 418 4850 τράχηλον
463 4781 653 4857 αὐτοῦ,
707 4783 796 4838 καὶ
844 4783 1204 4859 κατεφίλησεν
1258 4783 1441 4842 αὐτόν.
1501 4785 1604 4841 Καὶ
1661 4783 1784 4839 τότε

1963 3450 2013 3504 1.
2049 3448 2250 3515 Qualis
2279 3453 2464 3506 coetus
2494 3453 2552 3506 et
2582 3449 2892 3522 panegyris
2925 3448 2983 3503 in
3017 3448 3159 3504 coelo
3192 3448 3276 3516 ﬁt,
3306 3446 3540 3520 quando

1892 3539 2027 3610 quis
2058 3543 2348 3595 extorrem
2373 3555 2434 3595 se
2458 3538 2713 3594 reddidit
2734 3543 2790 3594 et
2824 3537 3086 3594 exsulem
3117 3555 3150 3593 a
3181 3537 3414 3593 civitate
3434 3536 3540 3592 Pa-

1892 3627 2024 3695 tris,
2055 3628 2300 3702 ignarns
2330 3629 2487 3700 quod
2518 3629 2612 3685 his
2643 3628 2744 3700 qui
2773 3628 2846 3684 ab
2878 3645 2944 3683 eo
2988 3627 3268 3683 recedunt
3297 3627 3375 3682 sit
3405 3642 3538 3698 per-

1891 3717 2170 3773 eundum!
2189 3722 2504 3789 Postquam
2520 3717 2888 3790 largitionem
2905 3715 3063 3772 ﬁlius
3081 3715 3542 3788 possessionem-

1891 3821 2005 3878 que
2036 3811 2092 3862 et
2120 3805 2528 3863 haereditatem
2560 3807 2812 3879 patriam
2857 3804 3254 3878 consumpsit,
3303 3803 3537 3877 quando

1893 3895 2039 3951 ﬁdes
2069 3894 2324 3968 alicujus
2355 3895 2552 3952 deﬁcit
2582 3900 2641 3951 et
2689 3911 2826 3968 spes
2876 3894 3200 3966 dilapidata
3246 3897 3354 3962 est,
3403 3908 3539 3950 cum

1891 3984 2167 4056 gentibus
2199 3985 2250 4041 is
2280 3986 2466 4041 currit
2495 3986 2553 4040 in
2588 3979 2834 4042 effusam
2867 4001 2934 4040 ac
2955 3983 3310 4041 dissolutam
3330 3983 3534 4039 vitam.

1897 4074 2111 4130 Deinde
2143 4073 2409 4130 famelico
2439 4079 2495 4131 et
2523 4073 2683 4145 inOpi
2714 4090 2849 4130 cum
2886 4090 2990 4129 nec
3030 4073 3114 4128 illi
3161 4073 3400 4129 daretur
3429 4071 3539 4126 im-

1892 4162 2036 4235 pleri
2070 4163 2286 4234 quibus
2317 4164 2476 4236 porci
2521 4164 2812 4233 cibantur,
2863 4161 3056 4234 surgit
3103 4165 3160 4216 et
3209 4161 3280 4215 ad
3313 4163 3539 4232 patrem

1894 4268 2068 4309 suum
2112 4253 2319 4308 tendit.
2372 4253 2570 4309 Bonus
2629 4257 2824 4308 autem
2873 4256 3036 4324 pater
3086 4267 3201 4306 non
3244 4251 3539 4319 exspectat

1891 4343 2074 4398 donec
2105 4342 2174 4397 ad
2211 4357 2344 4397 eum
2377 4342 2573 4397 veniat
2627 4341 2783 4396 ﬁlius
2823 4359 2836 4409 ;
2886 4355 3075 4411 neque
3116 4337 3272 4394 enim
3321 4335 3538 4408 poterit

1893 4431 2163 4496 fortasse,
2196 4435 2298 4486 aut
2328 4431 2550 4486 veritus
2581 4447 2652 4486 ne
2686 4428 3001 4500 propitium
3055 4426 3210 4481 haud
3255 4423 3535 4488 inveniat,

1893 4537 2008 4575 non
2073 4520 2312 4575 audebit
2359 4535 2372 4573 :
2427 4519 2554 4575 ideo
2611 4519 2842 4573 volente
2900 4517 3000 4571 illo
3057 4515 3248 4571 solum
3307 4518 3365 4569 et
3421 4513 3538 4585 pri-

1892 4625 2055 4664 mum
2087 4609 2179 4665 vix
2210 4608 2498 4680 impetum
2532 4607 2797 4679 capiente
2828 4605 3049 4670 statim,
3085 4604 3324 4660 absente
3347 4601 3539 4658 adhuc

1893 4696 2120 4771 procul,
2154 4702 2319 4770 pater
2350 4696 2760 4752 misericordia
2807 4697 3138 4751 commotus
3177 4691 3454 4760 accurrit,
3484 4695 3543 4747 et

1893 4786 2040 4843 collo
2072 4789 2201 4858 ejus
2231 4785 2530 4853 allabitur,
2576 4785 2883 4856 ﬁliumque
2933 4783 3325 4840 exosculatur.
3377 4783 3540 4838 Tunc

394 4870 420 4924 6
465 4851 648 4941 παῖςί
674 4851 1110 4948 ἐξομολγγεῖται⁷
1147 4873 1214 4928 τὰ
1271 4873 1644 4950 πεπραγμένα.
1691 4875 1787 4930 Διά

1898 4851 2195 4932 conﬁdens
2226 4875 2344 4945 ille,
2373 4851 2635 4932 admissa
2662 4851 2990 4930 conﬁtetur.
3023 4873 3274 4944 Ideoque
3304 4874 3469 4944 pater
3488 4870 3540 4927 ei

239 4989 301 5058 (⁸)
323 4992 509 5053 Matth.
541 5014 696 5068 xxw,
728 4999 813 5054 17.
889 4998 965 5071 (b)
995 4998 1160 5055 Joan.
1191 5015 1316 5066 xm,
1346 5001 1402 5054 5.

247 5108 308 5180 l3)
331 5112 1056 5194 ὀπόση-χορηΡοιιιεεθιιᾶε
1087 5123 1145 5177 in
1179 5125 1603 5179 commentario
1627 5124 1784 5180 Gras-

195 5189 949 5267 ffpmprecipuePatrufn,
965 5193 1024 5248 in
1047 5194 1296 5267 Lucam,
1313 5200 1506 5252 utrum
1540 5195 1784 5252 alterius

259 5263 309 5335 te
329 5263 431 5315 sint
461 5263 732 5320 auctoris.
764 5265 948 5321 Gaan.
964 5266 1459 5324 —Emendatiora
1475 5267 1782 5323 Oxoniensi

201 5321 402 5412 ξξξίξίίξηρ
429 5348 462 5386 a
489 5350 551 5390 se
585 5335 677 5412 hic
709 5337 966 5412 exhibita
995 5321 1327 5412 fragmenta
1339 5321 1346 5322 ί
1366 5321 1484 5396 ista
1520 5321 1788 5396 testatur

207 5388 458 5476 Ρεζδςὶεἱιιε
480 5388 510 5459 εί
528 5388 638 5476 qui
651 5388 813 5476 eis;
824 5388 1038 5464 iam;
1053 5388 1340 5467 ἶὲἇᾶίῖιιῐ.

254 5463 314 5556 if)
340 5463 626 5556 Πολιτείξις.
658 5475 942 5556 Πολιτείαν
977 5463 1494 5556 ιδρἰόἑὸτῶαιιω
1527 5482 1789 5556 accipere

209 5546 290 5661 ευ
313 5546 428 5629 gite;
453 5551 663 5605 ratione
687 5554 738 5607 et
765 5552 1181 5620 consuetudine,
1209 5570 1386 5626 quam
1409 5571 1513 5627 pro
1542 5546 1785 5611 civitate.

291 5619 550 5661 Ilamdnm
584 5637 751 5661 una“
799 5625 950 5661 nnml
1005 5625 1320 5661 -ηπίηιηνοα
1361 5626 1785 5661 οηηΙΔ-ἰοαιίηηη

291 5619 552 5686 Siquidem
584 5637 754 5680 sensu
797 5625 952 5696 apud
1005 5619 1321 5698 scriptores
1361 5619 1788 5685 ecclesiasticos

1892 5141 2000 5179 vox
2019 5124 2133 5180 ista
2163 5124 2639 5196 frequentissime
2671 5127 2956 5196 usurpata
2986 5120 3346 5196 comperitur
3365 5135 3378 5178 :
3399 5120 3542 5188 quin

1893 5199 1950 5251 et
1966 5197 2217 5267 ipsemet
2237 5195 2543 5252 contextus
2565 5195 2837 5252 eamdem
2857 5195 3390 5266 interpretationem
3409 5209 3540 5267 διιο-

1894 5262 2031 5324 dere
2059 5268 2308 5324 videtur.
2323 5270 2462 5326 Vide
2480 5269 2774 5324 Svicerum
2801 5269 2858 5323 in
2879 5262 3143 5323 Thesauro
3165 5267 3291 5322 ccci.
3308 5270 3447 5320 tom.
3465 5262 3541 5334 ll,

1896 5338 2004 5466 col.
2032 5339 2318 5466 zfgl‘seq.,
2342 5345 2399 5397 et
2424 5342 2709 5414 Cangium
2740 5341 2800 5395 in
2835 5339 3078 5396 Glossar.
3105 5341 3278 5394 Graec.
3305 5342 3446 5390 tom.
3470 5334 3540 5404 II,

1897 5427 1960 5466 co
1994 5453 2005 5466 .
2175 5452 2188 5466 .

1897 5427 2005 5467 σοι.
2032 5427 2188 5466 1194.

1968 5482 2045 5554 (5)
2076 5483 2368 5552 Αυνήσεται
2422 5481 2608 5542 πόθεν.
2659 5483 2929 5540 Fortasse
2983 5479 3319 5554 legendum,
3379 5472 3541 5542 δυνή-

1899 5552 2046 5608 σεταί
2076 5573 2230 5611 ποτε,
2264 5555 2496 5612 FABRIC.
