  <div class='ocr_page' id='page_1' title='image "/cluster/home/n/w/nwhite01/storage/ocr_20150623/9/hvd.32044073501314/411.png"; bbox 0 0 3978 6200; ppageno 0'>
   <div class='ocr_carea' id='block_1_1' title="bbox 448 294 557 349">
    <p class='ocr_par' dir='ltr' id='par_1_1' title="bbox 448 294 557 349">
     <span class='ocr_line' id='line_1_1' title="bbox 448 294 557 349; baseline -0.009 0"><span class='ocrx_word' id='word_1_1' title='bbox 448 294 557 349; x_wconf 83' lang='grc'><strong>’163</strong></span> 
     </span>
    </p>
   </div>
   <div class='ocr_carea' id='block_1_2' title="bbox 1687 287 3792 357">
    <p class='ocr_par' dir='ltr' id='par_1_2' title="bbox 1687 287 3792 357">
     <span class='ocr_line' id='line_1_2' title="bbox 1687 287 3792 357; baseline 0.005 -15"><span class='ocrx_word' id='word_1_2' title='bbox 1687 288 2095 343; x_wconf 69' lang='lat' dir='ltr'><strong>CLEMENTIS</strong></span> <span class='ocrx_word' id='word_1_3' title='bbox 2131 287 2629 351; x_wconf 73' lang='lat' dir='ltr'><strong>ALEXANDRINI</strong></span> <span class='ocrx_word' id='word_1_4' title='bbox 3710 300 3792 357; x_wconf 66' lang='grc'><strong>764</strong></span> 
     </span>
    </p>
   </div>
   <div class='ocr_carea' id='block_1_3' title="bbox 449 409 2104 494">
    <p class='ocr_par' dir='ltr' id='par_1_3' title="bbox 449 410 2091 482">
     <span class='ocr_line' id='line_1_3' title="bbox 449 410 2091 482; baseline -0.005 -8"><span class='ocrx_word' id='word_1_5' title='bbox 449 416 777 474; x_wconf 86' lang='lat' dir='ltr'><strong>venientem</strong></span> <span class='ocrx_word' id='word_1_6' title='bbox 813 412 1068 482; x_wconf 81' lang='lat' dir='ltr'><strong>obviam,</strong></span> <span class='ocrx_word' id='word_1_7' title='bbox 1101 413 1172 469; x_wconf 89' lang='lat' dir='ltr'><strong>de</strong></span> <span class='ocrx_word' id='word_1_8' title='bbox 1201 412 1310 469; x_wconf 89' lang='lat' dir='ltr'><strong>hac</strong></span> <span class='ocrx_word' id='word_1_9' title='bbox 1341 410 1540 480; x_wconf 82' lang='lat' dir='ltr'><strong>siluit;</strong></span> <span class='ocrx_word' id='word_1_10' title='bbox 1592 411 1737 467; x_wconf 79' lang='lat' dir='ltr'><strong>dixit</strong></span> <span class='ocrx_word' id='word_1_11' title='bbox 1783 427 1917 468; x_wconf 87' lang='lat' dir='ltr'><strong>vero</strong></span> <span class='ocrx_word' id='word_1_12' title='bbox 1964 425 2091 482; x_wconf 74' lang='lat' dir='ltr'><strong>quaa</strong></span> 
     </span>
    </p>
   </div>
   <div class='ocr_carea' id='block_1_4' title="bbox 2217 409 3791 494">
    <p class='ocr_par' dir='ltr' id='par_1_4' title="bbox 2217 409 3791 494">
     <span class='ocr_line' id='line_1_4' title="bbox 2217 409 3791 494; baseline 0.008 -29"><span class='ocrx_word' id='word_1_13' title='bbox 2217 411 2436 486; x_wconf 81' lang='grc' dir='ltr'>Πατρὸς,</span> <span class='ocrx_word' id='word_1_14' title='bbox 2478 416 2640 469; x_wconf 90' lang='grc' dir='ltr'>τοῦτο</span> <span class='ocrx_word' id='word_1_15' title='bbox 2676 414 2770 487; x_wconf 76' lang='grc' dir='ltr'>μὲν</span> <span class='ocrx_word' id='word_1_16' title='bbox 2804 412 3134 488; x_wconf 81' lang='grc' dir='ltr'><strong>ἐσιώπησεν,</strong></span> <span class='ocrx_word' id='word_1_17' title='bbox 3167 415 3280 471; x_wconf 78' lang='grc' dir='ltr'>εἶπε</span> <span class='ocrx_word' id='word_1_18' title='bbox 3316 411 3371 471; x_wconf 77' lang='grc' dir='ltr'>δὲ</span> <span class='ocrx_word' id='word_1_19' title='bbox 3409 409 3439 470; x_wconf 77' lang='grc' dir='ltr'>ἃ</span> <span class='ocrx_word' id='word_1_20' title='bbox 3481 416 3579 494; x_wconf 75' lang='grc' dir='ltr'><strong>πρὸ</strong></span> <span class='ocrx_word' id='word_1_21' title='bbox 3621 420 3791 477; x_wconf 74' lang='grc' dir='ltr'>τούτων</span> 
     </span>
    </p>
   </div>
   <div class='ocr_carea' id='block_1_5' title="bbox 451 499 2096 563">
    <p class='ocr_par' dir='ltr' id='par_1_5' title="bbox 451 499 2096 563">
     <span class='ocr_line' id='line_1_5' title="bbox 451 499 2096 563; baseline -0.004 -1"><span class='ocrx_word' id='word_1_22' title='bbox 451 510 625 563; x_wconf 82' lang='lat' dir='ltr'><strong>antea</strong></span> <span class='ocrx_word' id='word_1_23' title='bbox 654 504 970 560; x_wconf 88' lang='lat' dir='ltr'><strong>meditatus</strong></span> <span class='ocrx_word' id='word_1_24' title='bbox 997 502 1193 558; x_wconf 81' lang='lat' dir='ltr'><strong>animo</strong></span> <span class='ocrx_word' id='word_1_25' title='bbox 1246 501 1433 557; x_wconf 81' lang='lat' dir='ltr'><strong>fuerat</strong></span> <span class='ocrx_word' id='word_1_26' title='bbox 1466 517 1478 555; x_wconf 91' lang='lat'><strong>:</strong></span> <span class='ocrx_word' id='word_1_27' title='bbox 1512 499 1744 556; x_wconf 78' lang='lat' dir='ltr'><strong>Peccavi</strong></span> <span class='ocrx_word' id='word_1_28' title='bbox 1791 502 1852 557; x_wconf 80' lang='lat' dir='ltr'><strong>in</strong></span> <span class='ocrx_word' id='word_1_29' title='bbox 1897 503 2096 557; x_wconf 76' lang='lat' dir='ltr'><strong>caelum</strong></span> 
     </span>
    </p>
   </div>
   <div class='ocr_carea' id='block_1_6' title="bbox 449 589 2094 662">
    <p class='ocr_par' dir='ltr' id='par_1_6' title="bbox 449 589 2094 662">
     <span class='ocr_line' id='line_1_6' title="bbox 449 589 2094 662; baseline -0.004 -10"><span class='ocrx_word' id='word_1_30' title='bbox 449 603 504 652; x_wconf 79' lang='lat' dir='ltr'><strong>et</strong></span> <span class='ocrx_word' id='word_1_31' title='bbox 531 610 716 651; x_wconf 87' lang='lat' dir='ltr'><strong>coram</strong></span> <span class='ocrx_word' id='word_1_32' title='bbox 743 597 817 650; x_wconf 83' lang='lat' dir='ltr'><strong>te.</strong></span> <span class='ocrx_word' id='word_1_33' title='bbox 849 598 982 648; x_wconf 84' lang='lat' dir='ltr'><strong>Haec</strong></span> <span class='ocrx_word' id='word_1_34' title='bbox 1015 590 1319 648; x_wconf 76' lang='lat' dir='ltr'><strong>humilitas</strong></span> <span class='ocrx_word' id='word_1_35' title='bbox 1351 594 1409 645; x_wconf 91' lang='lat' dir='ltr'><strong>et</strong></span> <span class='ocrx_word' id='word_1_36' title='bbox 1449 589 1538 646; x_wconf 92' lang='lat' dir='ltr'><strong>sui</strong></span> <span class='ocrx_word' id='word_1_37' title='bbox 1574 589 1766 662; x_wconf 91' lang='lat' dir='ltr'><strong>ipsius</strong></span> <span class='ocrx_word' id='word_1_38' title='bbox 1815 593 2094 646; x_wconf 88' lang='lat' dir='ltr'><strong>condem-</strong></span> 
     </span>
    </p>
   </div>
   <div class='ocr_carea' id='block_1_7' title="bbox 451 678 2093 754">
    <p class='ocr_par' dir='ltr' id='par_1_7' title="bbox 451 678 2093 754">
     <span class='ocr_line' id='line_1_7' title="bbox 451 678 2093 754; baseline -0.004 -14"><span class='ocrx_word' id='word_1_39' title='bbox 451 685 610 740; x_wconf 87' lang='lat' dir='ltr'><strong>natio</strong></span> <span class='ocrx_word' id='word_1_40' title='bbox 643 685 796 738; x_wconf 88' lang='lat' dir='ltr'><strong>facta</strong></span> <span class='ocrx_word' id='word_1_41' title='bbox 853 683 966 754; x_wconf 91' lang='lat' dir='ltr'><strong>ipsi</strong></span> <span class='ocrx_word' id='word_1_42' title='bbox 1025 685 1115 737; x_wconf 88' lang='lat' dir='ltr'><strong>est</strong></span> <span class='ocrx_word' id='word_1_43' title='bbox 1171 696 1345 735; x_wconf 80' lang='lat' dir='ltr'><strong>causa</strong></span> <span class='ocrx_word' id='word_1_44' title='bbox 1396 679 1842 750; x_wconf 79' lang='lat' dir='ltr'><strong>justificationis</strong></span> <span class='ocrx_word' id='word_1_45' title='bbox 1883 685 1941 734; x_wconf 87' lang='lat' dir='ltr'><strong>et</strong></span> <span class='ocrx_word' id='word_1_46' title='bbox 1971 678 2093 753; x_wconf 89' lang='lat' dir='ltr'><strong>glo-</strong></span> 
     </span>
    </p>
   </div>
   <div class='ocr_carea' id='block_1_8' title="bbox 451 768 2095 842">
    <p class='ocr_par' dir='ltr' id='par_1_8' title="bbox 451 768 2095 842">
     <span class='ocr_line' id='line_1_8' title="bbox 451 768 2095 842; baseline -0.002 -14"><span class='ocrx_word' id='word_1_47' title='bbox 451 773 548 830; x_wconf 69' lang='lat' dir='ltr'><strong>riae</strong></span> <span class='ocrx_word' id='word_1_48' title='bbox 583 791 596 828; x_wconf 90' lang='lat'>:</span> <span class='ocrx_word' id='word_1_49' title='bbox 630 773 825 842; x_wconf 85' lang='lat' dir='ltr'><strong>justus</strong></span> <span class='ocrx_word' id='word_1_50' title='bbox 857 769 1011 826; x_wconf 89' lang='lat' dir='ltr'><strong>enim</strong></span> <span class='ocrx_word' id='word_1_51' title='bbox 1047 769 1208 839; x_wconf 91' lang='lat' dir='ltr'><strong>prius</strong></span> <span class='ocrx_word' id='word_1_52' title='bbox 1239 785 1300 822; x_wconf 90' lang='lat' dir='ltr'><strong>se</strong></span> <span class='ocrx_word' id='word_1_53' title='bbox 1333 768 1529 839; x_wconf 89' lang='lat' dir='ltr'><strong>ipsum</strong></span> <span class='ocrx_word' id='word_1_54' title='bbox 1581 770 1956 824; x_wconf 86' lang='lat' dir='ltr'><strong>condemnat.</strong></span> <span class='ocrx_word' id='word_1_55' title='bbox 2011 770 2095 825; x_wconf 90' lang='lat' dir='ltr'><strong>Ita</strong></span> 
     </span>
    </p>
   </div>
   <div class='ocr_carea' id='block_1_9' title="bbox 451 858 2096 934">
    <p class='ocr_par' dir='ltr' id='par_1_9' title="bbox 451 858 2096 934">
     <span class='ocr_line' id='line_1_9' title="bbox 451 858 2096 934; baseline -0.002 -17"><span class='ocrx_word' id='word_1_56' title='bbox 451 867 508 918; x_wconf 87' lang='lat' dir='ltr'><strong>et</strong></span> <span class='ocrx_word' id='word_1_57' title='bbox 541 862 891 934; x_wconf 84' lang='lat' dir='ltr'><strong>publicanus</strong></span> <span class='ocrx_word' id='word_1_58' title='bbox 925 877 1036 930; x_wconf 69' lang='lat' dir='ltr'><strong>pra:</strong></span> <span class='ocrx_word' id='word_1_59' title='bbox 1076 859 1365 913; x_wconf 75' lang='lat' dir='ltr'><strong>Pharisaeo</strong></span> <span class='ocrx_word' id='word_1_60' title='bbox 1392 858 1760 928; x_wconf 83' lang='lat' dir='ltr'><strong>justilicatus</strong></span> <span class='ocrx_word' id='word_1_61' title='bbox 1791 859 2096 914; x_wconf 80' lang='lat' dir='ltr'><strong>discessit.</strong></span> 
     </span>
    </p>
   </div>
   <div class='ocr_carea' id='block_1_10' title="bbox 453 947 2093 1022">
    <p class='ocr_par' dir='ltr' id='par_1_10' title="bbox 453 947 2093 1022">
     <span class='ocr_line' id='line_1_10' title="bbox 453 947 2093 1022; baseline -0.003 -15"><span class='ocrx_word' id='word_1_62' title='bbox 453 952 655 1022; x_wconf 84' lang='lat' dir='ltr'><strong>Neque</strong></span> <span class='ocrx_word' id='word_1_63' title='bbox 683 950 841 1005; x_wconf 87' lang='lat' dir='ltr'><strong>novit</strong></span> <span class='ocrx_word' id='word_1_64' title='bbox 873 949 1029 1004; x_wconf 84' lang='lat' dir='ltr'><strong>filius</strong></span> <span class='ocrx_word' id='word_1_65' title='bbox 1060 965 1126 1002; x_wconf 84' lang='lat' dir='ltr'><strong>ea</strong></span> <span class='ocrx_word' id='word_1_66' title='bbox 1158 963 1285 1017; x_wconf 68' lang='lat' dir='ltr'><strong>quae</strong></span> <span class='ocrx_word' id='word_1_67' title='bbox 1316 947 1790 1016; x_wconf 81' lang='lat' dir='ltr'><strong>consequebatur</strong></span> <span class='ocrx_word' id='word_1_68' title='bbox 1818 947 1909 1002; x_wconf 80' lang='lat' dir='ltr'><strong>vel</strong></span> <span class='ocrx_word' id='word_1_69' title='bbox 1942 949 2093 1004; x_wconf 86' lang='lat' dir='ltr'><strong>acci-</strong></span> 
     </span>
    </p>
   </div>
   <div class='ocr_carea' id='block_1_11' title="bbox 452 1037 2098 1113">
    <p class='ocr_par' dir='ltr' id='par_1_11' title="bbox 452 1037 2098 1113">
     <span class='ocr_line' id='line_1_11' title="bbox 452 1037 2098 1113; baseline -0.001 -17"><span class='ocrx_word' id='word_1_70' title='bbox 452 1057 588 1113; x_wconf 86' lang='lat' dir='ltr'><strong>pere</strong></span> <span class='ocrx_word' id='word_1_71' title='bbox 617 1040 701 1096; x_wconf 88' lang='lat' dir='ltr'><strong>vel</strong></span> <span class='ocrx_word' id='word_1_72' title='bbox 734 1039 807 1094; x_wconf 90' lang='lat' dir='ltr'><strong>iis</strong></span> <span class='ocrx_word' id='word_1_73' title='bbox 841 1040 946 1107; x_wconf 88' lang='lat' dir='ltr'><strong>uti,</strong></span> <span class='ocrx_word' id='word_1_74' title='bbox 979 1044 1081 1094; x_wconf 88' lang='lat' dir='ltr'><strong>aut</strong></span> <span class='ocrx_word' id='word_1_75' title='bbox 1110 1038 1245 1094; x_wconf 85' lang='lat' dir='ltr'><strong>data</strong></span> <span class='ocrx_word' id='word_1_76' title='bbox 1296 1037 1410 1092; x_wconf 86' lang='lat' dir='ltr'><strong>sibi</strong></span> <span class='ocrx_word' id='word_1_77' title='bbox 1459 1039 1775 1113; x_wconf 82' lang='lat' dir='ltr'><strong>applicare.</strong></span> <span class='ocrx_word' id='word_1_78' title='bbox 1808 1039 1954 1094; x_wconf 86' lang='lat' dir='ltr'><strong>Nam</strong></span> <span class='ocrx_word' id='word_1_79' title='bbox 1989 1055 2098 1094; x_wconf 89' lang='lat' dir='ltr'><strong>nec</strong></span> 
     </span>
    </p>
   </div>
   <div class='ocr_carea' id='block_1_12' title="bbox 453 1129 2097 1203">
    <p class='ocr_par' dir='ltr' id='par_1_12' title="bbox 453 1129 2097 1203">
     <span class='ocr_line' id='line_1_12' title="bbox 453 1129 2097 1203; baseline -0.002 -15"><span class='ocrx_word' id='word_1_80' title='bbox 453 1129 662 1188; x_wconf 86' lang='lat' dir='ltr'><strong>stolam</strong></span> <span class='ocrx_word' id='word_1_81' title='bbox 699 1129 826 1201; x_wconf 91' lang='lat' dir='ltr'><strong>ipse</strong></span> <span class='ocrx_word' id='word_1_82' title='bbox 858 1130 1084 1203; x_wconf 85' lang='lat' dir='ltr'><strong>accepit</strong></span> <span class='ocrx_word' id='word_1_83' title='bbox 1112 1137 1169 1187; x_wconf 90' lang='lat' dir='ltr'><strong>et</strong></span> <span class='ocrx_word' id='word_1_84' title='bbox 1190 1131 1419 1198; x_wconf 91' lang='lat' dir='ltr'><strong>induit;</strong></span> <span class='ocrx_word' id='word_1_85' title='bbox 1455 1131 1584 1200; x_wconf 88' lang='lat' dir='ltr'><strong>sed,</strong></span> <span class='ocrx_word' id='word_1_86' title='bbox 1613 1129 1847 1196; x_wconf 82' lang='lat' dir='ltr'><strong>lnduile,</strong></span> <span class='ocrx_word' id='word_1_87' title='bbox 1881 1129 2097 1200; x_wconf 83' lang='lat' dir='ltr'><strong>inquit,</strong></span> 
     </span>
    </p>
   </div>
   <div class='ocr_carea' id='block_1_13' title="bbox 454 1217 2094 1291">
    <p class='ocr_par' dir='ltr' id='par_1_13' title="bbox 454 1217 2094 1291">
     <span class='ocr_line' id='line_1_13' title="bbox 454 1217 2094 1291; baseline -0.001 -15"><span class='ocrx_word' id='word_1_88' title='bbox 454 1220 634 1276; x_wconf 80' lang='lat' dir='ltr'><strong>illum.</strong></span> <span class='ocrx_word' id='word_1_89' title='bbox 674 1219 868 1290; x_wconf 84' lang='lat' dir='ltr'><strong>Neque</strong></span> <span class='ocrx_word' id='word_1_90' title='bbox 925 1219 1211 1274; x_wconf 86' lang='lat' dir='ltr'><strong>annulum</strong></span> <span class='ocrx_word' id='word_1_91' title='bbox 1263 1220 1389 1291; x_wconf 90' lang='lat' dir='ltr'><strong>ipse</strong></span> <span class='ocrx_word' id='word_1_92' title='bbox 1441 1219 1640 1274; x_wconf 88' lang='lat' dir='ltr'><strong>manui</strong></span> <span class='ocrx_word' id='word_1_93' title='bbox 1688 1217 1962 1274; x_wconf 82' lang='lat' dir='ltr'><strong>induxit:</strong></span> <span class='ocrx_word' id='word_1_94' title='bbox 1996 1218 2094 1274; x_wconf 90' lang='lat' dir='ltr'><strong>sed</strong></span> 
     </span>
    </p>
   </div>
   <div class='ocr_carea' id='block_1_14' title="bbox 453 1307 2098 1381">
    <p class='ocr_par' dir='ltr' id='par_1_14' title="bbox 453 1307 2098 1381">
     <span class='ocr_line' id='line_1_14' title="bbox 453 1307 2098 1381; baseline -0.001 -17"><span class='ocrx_word' id='word_1_95' title='bbox 453 1309 550 1381; x_wconf 89' lang='lat' dir='ltr'><strong>qui</strong></span> <span class='ocrx_word' id='word_1_96' title='bbox 578 1308 734 1378; x_wconf 89' lang='lat' dir='ltr'><strong>jussi</strong></span> <span class='ocrx_word' id='word_1_97' title='bbox 765 1313 932 1363; x_wconf 89' lang='lat' dir='ltr'><strong>erant</strong></span> <span class='ocrx_word' id='word_1_98' title='bbox 960 1326 972 1363; x_wconf 95' lang='lat'>:</span> <span class='ocrx_word' id='word_1_99' title='bbox 1006 1309 1141 1364; x_wconf 83' lang='lat' dir='ltr'><strong>Date</strong></span> <span class='ocrx_word' id='word_1_100' title='bbox 1169 1310 1441 1364; x_wconf 85' lang='lat' dir='ltr'><strong>annulum</strong></span> <span class='ocrx_word' id='word_1_101' title='bbox 1473 1310 1533 1364; x_wconf 79' lang='lat' dir='ltr'><strong>in</strong></span> <span class='ocrx_word' id='word_1_102' title='bbox 1563 1324 1792 1363; x_wconf 88' lang='lat' dir='ltr'><strong>manum</strong></span> <span class='ocrx_word' id='word_1_103' title='bbox 1821 1311 1965 1379; x_wconf 74' lang='lat' dir='ltr'><strong>ejus.</strong></span> <span class='ocrx_word' id='word_1_104' title='bbox 1990 1307 2098 1363; x_wconf 88' lang='lat' dir='ltr'><strong>Ne-</strong></span> 
     </span>
    </p>
   </div>
   <div class='ocr_carea' id='block_1_15' title="bbox 454 1396 2100 1470">
    <p class='ocr_par' dir='ltr' id='par_1_15' title="bbox 454 1396 2100 1470">
     <span class='ocr_line' id='line_1_15' title="bbox 454 1396 2100 1470; baseline -0.002 -17"><span class='ocrx_word' id='word_1_105' title='bbox 454 1413 564 1469; x_wconf 90' lang='lat' dir='ltr'><strong>que</strong></span> <span class='ocrx_word' id='word_1_106' title='bbox 585 1412 645 1453; x_wconf 92' lang='lat' dir='ltr'><strong>se</strong></span> <span class='ocrx_word' id='word_1_107' title='bbox 677 1397 805 1469; x_wconf 89' lang='lat' dir='ltr'><strong>ipse</strong></span> <span class='ocrx_word' id='word_1_108' title='bbox 832 1396 1128 1464; x_wconf 86' lang='lat' dir='ltr'><strong>calceavit,</strong></span> <span class='ocrx_word' id='word_1_109' title='bbox 1162 1399 1264 1453; x_wconf 91' lang='lat' dir='ltr'><strong>sed</strong></span> <span class='ocrx_word' id='word_1_110' title='bbox 1317 1397 1536 1470; x_wconf 88' lang='lat' dir='ltr'><strong>quibus</strong></span> <span class='ocrx_word' id='word_1_111' title='bbox 1578 1400 1702 1452; x_wconf 89' lang='lat' dir='ltr'><strong>erat</strong></span> <span class='ocrx_word' id='word_1_112' title='bbox 1744 1396 1965 1452; x_wconf 88' lang='lat' dir='ltr'><strong>dictum</strong></span> <span class='ocrx_word' id='word_1_113' title='bbox 2005 1412 2017 1450; x_wconf 90' lang='lat'>:</span> <span class='ocrx_word' id='word_1_114' title='bbox 2047 1399 2100 1450; x_wconf 80' lang='lat' dir='ltr'><strong>et</strong></span> 
     </span>
    </p>
   </div>
   <div class='ocr_carea' id='block_1_16' title="bbox 456 1484 2101 1559">
    <p class='ocr_par' dir='ltr' id='par_1_16' title="bbox 456 1484 2101 1559">
     <span class='ocr_line' id='line_1_16' title="bbox 456 1484 2101 1559; baseline -0.004 -14"><span class='ocrx_word' id='word_1_115' title='bbox 456 1488 831 1545; x_wconf 78' lang='lat' dir='ltr'><strong>calceamenta</strong></span> <span class='ocrx_word' id='word_1_116' title='bbox 864 1487 924 1541; x_wconf 77' lang='lat' dir='ltr'><strong>in</strong></span> <span class='ocrx_word' id='word_1_117' title='bbox 949 1485 1114 1558; x_wconf 68' lang='lat' dir='ltr'><strong>pedes</strong></span> <span class='ocrx_word' id='word_1_118' title='bbox 1135 1487 1271 1556; x_wconf 80' lang='lat' dir='ltr'><strong>ejus.</strong></span> <span class='ocrx_word' id='word_1_119' title='bbox 1298 1492 1428 1542; x_wconf 75' lang='lat' dir='ltr'><strong>Haec</strong></span> <span class='ocrx_word' id='word_1_120' title='bbox 1451 1485 1562 1559; x_wconf 87' lang='lat' dir='ltr'><strong>ipsi</strong></span> <span class='ocrx_word' id='word_1_121' title='bbox 1590 1485 1857 1542; x_wconf 75' lang='lat' dir='ltr'><strong>fortassis</strong></span> <span class='ocrx_word' id='word_1_122' title='bbox 1884 1488 1941 1541; x_wconf 92' lang='lat' dir='ltr'><strong>et</strong></span> <span class='ocrx_word' id='word_1_123' title='bbox 1969 1484 2101 1541; x_wconf 89' lang='lat' dir='ltr'><strong>aliis</strong></span> 
     </span>
    </p>
   </div>
   <div class='ocr_carea' id='block_1_17' title="bbox 459 1574 2102 1647">
    <p class='ocr_par' dir='ltr' id='par_1_17' title="bbox 459 1574 2102 1647">
     <span class='ocr_line' id='line_1_17' title="bbox 459 1574 2102 1647; baseline -0.001 -17"><span class='ocrx_word' id='word_1_124' title='bbox 459 1576 828 1632; x_wconf 82' lang='lat' dir='ltr'><strong>incredibilia</strong></span> <span class='ocrx_word' id='word_1_125' title='bbox 877 1581 934 1631; x_wconf 91' lang='lat' dir='ltr'><strong>et</strong></span> <span class='ocrx_word' id='word_1_126' title='bbox 971 1575 1286 1647; x_wconf 85' lang='lat' dir='ltr'><strong>insperata,</strong></span> <span class='ocrx_word' id='word_1_127' title='bbox 1347 1581 1663 1647; x_wconf 88' lang='lat' dir='ltr'><strong>antequam</strong></span> <span class='ocrx_word' id='word_1_128' title='bbox 1718 1575 1944 1645; x_wconf 79' lang='lat' dir='ltr'><strong>fierent,</strong></span> <span class='ocrx_word' id='word_1_129' title='bbox 1977 1574 2102 1630; x_wconf 90' lang='lat' dir='ltr'><strong>visa</strong></span> 
     </span>
    </p>
   </div>
   <div class='ocr_carea' id='block_1_18' title="bbox 461 1663 2098 1722">
    <p class='ocr_par' dir='ltr' id='par_1_18' title="bbox 461 1663 2098 1722">
     <span class='ocr_line' id='line_1_18' title="bbox 461 1663 2098 1722; baseline -0.002 -1"><span class='ocrx_word' id='word_1_130' title='bbox 461 1670 621 1722; x_wconf 89' lang='lat' dir='ltr'><strong>sunt.</strong></span> <span class='ocrx_word' id='word_1_131' title='bbox 657 1665 1007 1721; x_wconf 85' lang='lat' dir='ltr'><strong>Gratissima</strong></span> <span class='ocrx_word' id='word_1_132' title='bbox 1035 1681 1169 1720; x_wconf 88' lang='lat' dir='ltr'><strong>vero</strong></span> <span class='ocrx_word' id='word_1_133' title='bbox 1199 1669 1255 1721; x_wconf 91' lang='lat' dir='ltr'><strong>et</strong></span> <span class='ocrx_word' id='word_1_134' title='bbox 1285 1665 1633 1721; x_wconf 88' lang='lat' dir='ltr'><strong>admiranda</strong></span> <span class='ocrx_word' id='word_1_135' title='bbox 1681 1679 1812 1720; x_wconf 90' lang='lat' dir='ltr'><strong>cum</strong></span> <span class='ocrx_word' id='word_1_136' title='bbox 1841 1663 1960 1719; x_wconf 88' lang='lat' dir='ltr'><strong>illis</strong></span> <span class='ocrx_word' id='word_1_137' title='bbox 1993 1664 2098 1720; x_wconf 91' lang='lat' dir='ltr'><strong>do-</strong></span> 
     </span>
    </p>
   </div>
   <div class='ocr_carea' id='block_1_19' title="bbox 458 1758 764 1811">
    <p class='ocr_par' dir='ltr' id='par_1_19' title="bbox 458 1758 764 1811">
     <span class='ocr_line' id='line_1_19' title="bbox 458 1758 764 1811; baseline -0.007 0"><span class='ocrx_word' id='word_1_138' title='bbox 458 1758 632 1811; x_wconf 88' lang='lat' dir='ltr'><strong>natus</strong></span> <span class='ocrx_word' id='word_1_139' title='bbox 657 1759 764 1810; x_wconf 85' lang='lat' dir='ltr'><strong>est.</strong></span> 
     </span>
    </p>
   </div>
   <div class='ocr_carea' id='block_1_20' title="bbox 525 1949 2098 2023">
    <p class='ocr_par' dir='ltr' id='par_1_20' title="bbox 525 1949 2098 2023">
     <span class='ocr_line' id='line_1_20' title="bbox 525 1949 2098 2023; baseline 0.001 -17"><span class='ocrx_word' id='word_1_140' title='bbox 525 1952 579 2009; x_wconf 88' lang='grc'><strong>5.</strong></span> <span class='ocrx_word' id='word_1_141' title='bbox 614 1955 778 2006; x_wconf 88' lang='lat' dir='ltr'><strong>Hunc</strong></span> <span class='ocrx_word' id='word_1_142' title='bbox 811 1966 1051 2006; x_wconf 88' lang='lat' dir='ltr'><strong>sensum</strong></span> <span class='ocrx_word' id='word_1_143' title='bbox 1086 1949 1364 2023; x_wconf 79' lang='lat' dir='ltr'><strong>parabola</strong></span> <span class='ocrx_word' id='word_1_144' title='bbox 1402 1955 1712 2008; x_wconf 85' lang='lat' dir='ltr'><strong>monstrat:</strong></span> <span class='ocrx_word' id='word_1_145' title='bbox 1753 1967 2098 2009; x_wconf 87' lang='lat' dir='ltr'><strong>conoessum</strong></span> 
     </span>
    </p>
   </div>
   <div class='ocr_carea' id='block_1_21' title="bbox 457 2039 2102 2113">
    <p class='ocr_par' dir='ltr' id='par_1_21' title="bbox 457 2039 2102 2113">
     <span class='ocr_line' id='line_1_21' title="bbox 457 2039 2102 2113; baseline 0.001 -16"><span class='ocrx_word' id='word_1_146' title='bbox 457 2039 708 2113; x_wconf 87' lang='lat' dir='ltr'><strong>singulis</strong></span> <span class='ocrx_word' id='word_1_147' title='bbox 756 2056 884 2096; x_wconf 85' lang='lat' dir='ltr'><strong>esse</strong></span> <span class='ocrx_word' id='word_1_148' title='bbox 918 2039 1161 2096; x_wconf 89' lang='lat' dir='ltr'><strong>rationis</strong></span> <span class='ocrx_word' id='word_1_149' title='bbox 1200 2041 1562 2098; x_wconf 83' lang='lat' dir='ltr'><strong>exercitium.</strong></span> <span class='ocrx_word' id='word_1_150' title='bbox 1596 2041 1730 2098; x_wconf 89' lang='lat' dir='ltr'><strong>Ideo</strong></span> <span class='ocrx_word' id='word_1_151' title='bbox 1761 2040 2102 2098; x_wconf 84' lang='lat' dir='ltr'><strong>luxuriosus</strong></span> 
     </span>
    </p>
   </div>
   <div class='ocr_carea' id='block_1_22' title="bbox 460 2128 2100 2204">
    <p class='ocr_par' dir='ltr' id='par_1_22' title="bbox 460 2128 2100 2204">
     <span class='ocr_line' id='line_1_22' title="bbox 460 2128 2100 2204; baseline 0.001 -18"><span class='ocrx_word' id='word_1_152' title='bbox 460 2130 783 2190; x_wconf 80' lang='lat' dir='ltr'><strong>inducitur.</strong></span> <span class='ocrx_word' id='word_1_153' title='bbox 817 2129 1138 2199; x_wconf 89' lang='lat' dir='ltr'><strong>portionem</strong></span> <span class='ocrx_word' id='word_1_154' title='bbox 1168 2128 1514 2186; x_wconf 84' lang='lat' dir='ltr'><strong>facultatum</strong></span> <span class='ocrx_word' id='word_1_155' title='bbox 1534 2147 1568 2186; x_wconf 88' lang='lat' dir='ltr'><strong>a</strong></span> <span class='ocrx_word' id='word_1_156' title='bbox 1585 2134 1748 2203; x_wconf 89' lang='lat' dir='ltr'><strong>patre</strong></span> <span class='ocrx_word' id='word_1_157' title='bbox 1770 2130 2100 2204; x_wconf 88' lang='lat' dir='ltr'><strong>postulans,</strong></span> 
     </span>
    </p>
   </div>
   <div class='ocr_carea' id='block_1_23' title="bbox 460 2217 2103 2276">
    <p class='ocr_par' dir='ltr' id='par_1_23' title="bbox 460 2217 2103 2276">
     <span class='ocr_line' id='line_1_23' title="bbox 460 2217 2103 2276; baseline 0.001 -2"><span class='ocrx_word' id='word_1_158' title='bbox 460 2218 570 2274; x_wconf 89' lang='lat' dir='ltr'><strong>hoc</strong></span> <span class='ocrx_word' id='word_1_159' title='bbox 598 2223 686 2274; x_wconf 89' lang='lat' dir='ltr'><strong>est</strong></span> <span class='ocrx_word' id='word_1_160' title='bbox 718 2217 942 2273; x_wconf 87' lang='lat' dir='ltr'><strong>ratione</strong></span> <span class='ocrx_word' id='word_1_161' title='bbox 980 2219 1200 2274; x_wconf 86' lang='lat' dir='ltr'><strong>utentis</strong></span> <span class='ocrx_word' id='word_1_162' title='bbox 1226 2219 1596 2276; x_wconf 87' lang='lat' dir='ltr'><strong>conditionis.</strong></span> <span class='ocrx_word' id='word_1_163' title='bbox 1630 2221 1915 2276; x_wconf 87' lang='lat' dir='ltr'><strong>Omnibus</strong></span> <span class='ocrx_word' id='word_1_164' title='bbox 1945 2220 2103 2276; x_wconf 90' lang='lat' dir='ltr'><strong>enim</strong></span> 
     </span>
    </p>
   </div>
   <div class='ocr_carea' id='block_1_24' title="bbox 458 2307 2106 2382">
    <p class='ocr_par' dir='ltr' id='par_1_24' title="bbox 458 2307 2106 2382">
     <span class='ocr_line' id='line_1_24' title="bbox 458 2307 2106 2382; baseline 0.001 -18"><span class='ocrx_word' id='word_1_165' title='bbox 458 2308 594 2364; x_wconf 86' lang='lat' dir='ltr'><strong>data</strong></span> <span class='ocrx_word' id='word_1_166' title='bbox 623 2313 712 2364; x_wconf 90' lang='lat' dir='ltr'><strong>est</strong></span> <span class='ocrx_word' id='word_1_167' title='bbox 743 2307 1114 2364; x_wconf 87' lang='lat' dir='ltr'><strong>rationabilis</strong></span> <span class='ocrx_word' id='word_1_168' title='bbox 1147 2309 1442 2365; x_wconf 85' lang='lat' dir='ltr'><strong>facultatis</strong></span> <span class='ocrx_word' id='word_1_169' title='bbox 1475 2311 1791 2382; x_wconf 87' lang='lat' dir='ltr'><strong>possessio,</strong></span> <span class='ocrx_word' id='word_1_170' title='bbox 1842 2315 1909 2366; x_wconf 90' lang='lat' dir='ltr'><strong>ut</strong></span> <span class='ocrx_word' id='word_1_171' title='bbox 1956 2310 2106 2367; x_wconf 89' lang='lat' dir='ltr'><strong>bona</strong></span> 
     </span>
    </p>
   </div>
   <div class='ocr_carea' id='block_1_25' title="bbox 461 2395 2107 2456">
    <p class='ocr_par' dir='ltr' id='par_1_25' title="bbox 461 2395 2107 2456">
     <span class='ocr_line' id='line_1_25' title="bbox 461 2395 2107 2456; baseline 0.001 -2"><span class='ocrx_word' id='word_1_172' title='bbox 461 2397 773 2454; x_wconf 87' lang='lat' dir='ltr'><strong>observent</strong></span> <span class='ocrx_word' id='word_1_173' title='bbox 802 2400 860 2452; x_wconf 86' lang='lat' dir='ltr'><strong>et</strong></span> <span class='ocrx_word' id='word_1_174' title='bbox 889 2414 923 2452; x_wconf 87' lang='lat' dir='ltr'><strong>a</strong></span> <span class='ocrx_word' id='word_1_175' title='bbox 953 2395 1123 2453; x_wconf 89' lang='lat' dir='ltr'><strong>malis</strong></span> <span class='ocrx_word' id='word_1_176' title='bbox 1151 2398 1506 2454; x_wconf 86' lang='lat' dir='ltr'><strong>abstineant.</strong></span> <span class='ocrx_word' id='word_1_177' title='bbox 1537 2399 1646 2456; x_wconf 87' lang='lat' dir='ltr'><strong>Sed</strong></span> <span class='ocrx_word' id='word_1_178' title='bbox 1680 2399 1789 2456; x_wconf 91' lang='lat' dir='ltr'><strong>hac</strong></span> <span class='ocrx_word' id='word_1_179' title='bbox 1835 2401 2023 2456; x_wconf 87' lang='lat' dir='ltr'><strong>ornati</strong></span> <span class='ocrx_word' id='word_1_180' title='bbox 2072 2416 2107 2455; x_wconf 90' lang='lat' dir='ltr'><strong>a</strong></span> 
     </span>
    </p>
   </div>
   <div class='ocr_carea' id='block_1_26' title="bbox 461 2487 2107 2563">
    <p class='ocr_par' dir='ltr' id='par_1_26' title="bbox 461 2487 2107 2563">
     <span class='ocr_line' id='line_1_26' title="bbox 461 2487 2107 2563; baseline 0.001 -17"><span class='ocrx_word' id='word_1_181' title='bbox 461 2489 577 2546; x_wconf 92' lang='lat' dir='ltr'><strong>Deo</strong></span> <span class='ocrx_word' id='word_1_182' title='bbox 610 2487 803 2558; x_wconf 88' lang='lat' dir='ltr'><strong>multi,</strong></span> <span class='ocrx_word' id='word_1_183' title='bbox 837 2489 974 2545; x_wconf 89' lang='lat' dir='ltr'><strong>data</strong></span> <span class='ocrx_word' id='word_1_184' title='bbox 1000 2488 1331 2561; x_wconf 87' lang='lat' dir='ltr'><strong>cognitione</strong></span> <span class='ocrx_word' id='word_1_185' title='bbox 1363 2489 1516 2547; x_wconf 90' lang='lat' dir='ltr'><strong>male</strong></span> <span class='ocrx_word' id='word_1_186' title='bbox 1547 2495 1816 2559; x_wconf 87' lang='lat' dir='ltr'><strong>utuntur,</strong></span> <span class='ocrx_word' id='word_1_187' title='bbox 1871 2496 1936 2546; x_wconf 89' lang='lat' dir='ltr'><strong>ut</strong></span> <span class='ocrx_word' id='word_1_188' title='bbox 1981 2507 2107 2563; x_wconf 85' lang='lat' dir='ltr'><strong>pra-</strong></span> 
     </span>
    </p>
   </div>
   <div class='ocr_carea' id='block_1_27' title="bbox 462 2577 2106 2652">
    <p class='ocr_par' dir='ltr' id='par_1_27' title="bbox 462 2577 2106 2652">
     <span class='ocr_line' id='line_1_27' title="bbox 462 2577 2106 2652; baseline 0.001 -19"><span class='ocrx_word' id='word_1_189' title='bbox 462 2594 553 2635; x_wconf 74' lang='lat' dir='ltr'><strong>VIs</strong></span> <span class='ocrx_word' id='word_1_190' title='bbox 611 2577 944 2634; x_wconf 85' lang='lat' dir='ltr'><strong>actionibus</strong></span> <span class='ocrx_word' id='word_1_191' title='bbox 992 2577 1382 2646; x_wconf 82' lang='lat' dir='ltr'><strong>luxuriantur,</strong></span> <span class='ocrx_word' id='word_1_192' title='bbox 1433 2595 1693 2652; x_wconf 87' lang='lat' dir='ltr'><strong>opesque</strong></span> <span class='ocrx_word' id='word_1_193' title='bbox 1741 2579 2106 2636; x_wconf 87' lang='lat' dir='ltr'><strong>rationabilis</strong></span> 
     </span>
    </p>
   </div>
   <div class='ocr_carea' id='block_1_28' title="bbox 464 2666 2105 2742">
    <p class='ocr_par' dir='ltr' id='par_1_28' title="bbox 464 2666 2105 2742">
     <span class='ocr_line' id='line_1_28' title="bbox 464 2666 2105 2742; baseline 0.001 -19"><span class='ocrx_word' id='word_1_194' title='bbox 464 2666 759 2724; x_wconf 87' lang='lat' dir='ltr'><strong>facultatis</strong></span> <span class='ocrx_word' id='word_1_195' title='bbox 811 2666 963 2724; x_wconf 89' lang='lat' dir='ltr'><strong>male</strong></span> <span class='ocrx_word' id='word_1_196' title='bbox 1011 2667 1304 2740; x_wconf 87' lang='lat' dir='ltr'><strong>dissipant</strong></span> <span class='ocrx_word' id='word_1_197' title='bbox 1345 2685 1358 2724; x_wconf 91' lang='lat'><strong>:</strong></span> <span class='ocrx_word' id='word_1_198' title='bbox 1410 2669 1602 2727; x_wconf 89' lang='lat' dir='ltr'><strong>visum</strong></span> <span class='ocrx_word' id='word_1_199' title='bbox 1638 2670 1710 2726; x_wconf 85' lang='lat' dir='ltr'><strong>ad</strong></span> <span class='ocrx_word' id='word_1_200' title='bbox 1743 2678 1939 2742; x_wconf 87' lang='lat' dir='ltr'><strong>turpes</strong></span> <span class='ocrx_word' id='word_1_201' title='bbox 1967 2685 2105 2725; x_wconf 90' lang='lat' dir='ltr'><strong>con-</strong></span> 
     </span>
    </p>
   </div>
   <div class='ocr_carea' id='block_1_29' title="bbox 463 2757 2104 2832">
    <p class='ocr_par' dir='ltr' id='par_1_29' title="bbox 463 2757 2104 2832">
     <span class='ocr_line' id='line_1_29' title="bbox 463 2757 2104 2832; baseline 0.002 -20"><span class='ocrx_word' id='word_1_202' title='bbox 463 2757 943 2829; x_wconf 51' lang='lat' dir='ltr'><strong>templationes,</strong></span> <span class='ocrx_word' id='word_1_203' title='bbox 988 2757 1252 2829; x_wconf 83' lang='lat' dir='ltr'><strong>linguam</strong></span> <span class='ocrx_word' id='word_1_204' title='bbox 1313 2758 1386 2814; x_wconf 90' lang='lat' dir='ltr'><strong>ad</strong></span> <span class='ocrx_word' id='word_1_205' title='bbox 1443 2774 1613 2815; x_wconf 88' lang='lat' dir='ltr'><strong>voces</strong></span> <span class='ocrx_word' id='word_1_206' title='bbox 1692 2759 2104 2832; x_wconf 82' lang='lat' dir='ltr'><strong>blasphemas,</strong></span> 
     </span>
    </p>
   </div>
   <div class='ocr_carea' id='block_1_30' title="bbox 464 2846 2106 2920">
    <p class='ocr_par' dir='ltr' id='par_1_30' title="bbox 464 2846 2106 2920">
     <span class='ocr_line' id='line_1_30' title="bbox 464 2846 2106 2920; baseline 0.002 -17"><span class='ocrx_word' id='word_1_207' title='bbox 464 2846 744 2904; x_wconf 88' lang='lat' dir='ltr'><strong>olfactum</strong></span> <span class='ocrx_word' id='word_1_208' title='bbox 776 2847 846 2902; x_wconf 90' lang='lat' dir='ltr'><strong>ad</strong></span> <span class='ocrx_word' id='word_1_209' title='bbox 882 2847 1113 2902; x_wconf 87' lang='lat' dir='ltr'><strong>foetidas</strong></span> <span class='ocrx_word' id='word_1_210' title='bbox 1167 2846 1534 2919; x_wconf 83' lang='lat' dir='ltr'><strong>voluptatum</strong></span> <span class='ocrx_word' id='word_1_211' title='bbox 1596 2848 1892 2920; x_wconf 90' lang='lat' dir='ltr'><strong>libidines,</strong></span> <span class='ocrx_word' id='word_1_212' title='bbox 1924 2866 1991 2907; x_wconf 92' lang='lat' dir='ltr'><strong>os</strong></span> <span class='ocrx_word' id='word_1_213' title='bbox 2032 2851 2106 2908; x_wconf 86' lang='lat' dir='ltr'><strong>ad</strong></span> 
     </span>
    </p>
   </div>
   <div class='ocr_carea' id='block_1_31' title="bbox 461 2936 2105 3012">
    <p class='ocr_par' dir='ltr' id='par_1_31' title="bbox 461 2936 2105 3012">
     <span class='ocr_line' id='line_1_31' title="bbox 461 2936 2105 3012; baseline 0.002 -19"><span class='ocrx_word' id='word_1_214' title='bbox 461 2936 760 3008; x_wconf 89' lang='lat' dir='ltr'><strong>porcinam</strong></span> <span class='ocrx_word' id='word_1_215' title='bbox 819 2936 1220 3007; x_wconf 88' lang='lat' dir='ltr'><strong>voracitatem,</strong></span> <span class='ocrx_word' id='word_1_216' title='bbox 1281 2953 1495 2994; x_wconf 90' lang='lat' dir='ltr'><strong>manus</strong></span> <span class='ocrx_word' id='word_1_217' title='bbox 1553 2939 1625 2994; x_wconf 90' lang='lat' dir='ltr'><strong>ad</strong></span> <span class='ocrx_word' id='word_1_218' title='bbox 1679 2940 1946 3012; x_wconf 76' lang='lat' dir='ltr'><strong>rapinas,</strong></span> <span class='ocrx_word' id='word_1_219' title='bbox 2007 2956 2105 3012; x_wconf 88' lang='lat' dir='ltr'><strong>pe-</strong></span> 
     </span>
    </p>
   </div>
   <div class='ocr_carea' id='block_1_32' title="bbox 462 3025 2108 3099">
    <p class='ocr_par' dir='ltr' id='par_1_32' title="bbox 462 3025 2108 3099">
     <span class='ocr_line' id='line_1_32' title="bbox 462 3025 2108 3099; baseline 0.002 -17"><span class='ocrx_word' id='word_1_220' title='bbox 462 3025 565 3082; x_wconf 90' lang='lat' dir='ltr'><strong>des</strong></span> <span class='ocrx_word' id='word_1_221' title='bbox 596 3025 797 3081; x_wconf 88' lang='lat' dir='ltr'><strong>cursui</strong></span> <span class='ocrx_word' id='word_1_222' title='bbox 856 3025 926 3080; x_wconf 90' lang='lat' dir='ltr'><strong>ad</strong></span> <span class='ocrx_word' id='word_1_223' title='bbox 989 3025 1256 3095; x_wconf 87' lang='lat' dir='ltr'><strong>insidias,</strong></span> <span class='ocrx_word' id='word_1_224' title='bbox 1315 3026 1697 3099; x_wconf 87' lang='lat' dir='ltr'><strong>cogitationes</strong></span> <span class='ocrx_word' id='word_1_225' title='bbox 1745 3028 1816 3084; x_wconf 90' lang='lat' dir='ltr'><strong>ad</strong></span> <span class='ocrx_word' id='word_1_226' title='bbox 1861 3028 2108 3086; x_wconf 88' lang='lat' dir='ltr'><strong>consilia</strong></span> 
     </span>
    </p>
   </div>
   <div class='ocr_carea' id='block_1_33' title="bbox 460 3113 2100 3188">
    <p class='ocr_par' dir='ltr' id='par_1_33' title="bbox 460 3113 2100 3188">
     <span class='ocr_line' id='line_1_33' title="bbox 460 3113 2100 3188; baseline 0.002 -18"><span class='ocrx_word' id='word_1_227' title='bbox 460 3115 646 3187; x_wconf 88' lang='lat' dir='ltr'><strong>impia</strong></span> <span class='ocrx_word' id='word_1_228' title='bbox 677 3113 964 3170; x_wconf 88' lang='lat' dir='ltr'><strong>rationem</strong></span> <span class='ocrx_word' id='word_1_229' title='bbox 997 3115 1067 3171; x_wconf 92' lang='lat' dir='ltr'><strong>ad</strong></span> <span class='ocrx_word' id='word_1_230' title='bbox 1108 3115 1348 3171; x_wconf 65' lang='lat' dir='ltr'><strong>desidia</strong></span> <span class='ocrx_word' id='word_1_231' title='bbox 1393 3117 1907 3188; x_wconf 88' lang='lat' dir='ltr'><strong>consuetudinem,</strong></span> <span class='ocrx_word' id='word_1_232' title='bbox 1938 3135 2100 3174; x_wconf 90' lang='lat' dir='ltr'><strong>men-</strong></span> 
     </span>
    </p>
   </div>
   <div class='ocr_carea' id='block_1_34' title="bbox 459 3202 2106 3266">
    <p class='ocr_par' dir='ltr' id='par_1_34' title="bbox 459 3202 2106 3266">
     <span class='ocr_line' id='line_1_34' title="bbox 459 3202 2106 3266; baseline 0.004 -8"><span class='ocrx_word' id='word_1_233' title='bbox 459 3207 576 3260; x_wconf 91' lang='lat' dir='ltr'><strong>tem</strong></span> <span class='ocrx_word' id='word_1_234' title='bbox 610 3203 682 3259; x_wconf 89' lang='lat' dir='ltr'><strong>ad</strong></span> <span class='ocrx_word' id='word_1_235' title='bbox 713 3202 983 3259; x_wconf 85' lang='lat' dir='ltr'><strong>bestialia</strong></span> <span class='ocrx_word' id='word_1_236' title='bbox 1040 3204 1470 3261; x_wconf 89' lang='lat' dir='ltr'><strong>oblectamenta</strong></span> <span class='ocrx_word' id='word_1_237' title='bbox 1501 3221 1514 3260; x_wconf 90' lang='lat'><strong>:</strong></span> <span class='ocrx_word' id='word_1_238' title='bbox 1549 3205 1694 3261; x_wconf 88' lang='lat' dir='ltr'><strong>nihil</strong></span> <span class='ocrx_word' id='word_1_239' title='bbox 1741 3207 1885 3264; x_wconf 91' lang='lat' dir='ltr'><strong>adeo</strong></span> <span class='ocrx_word' id='word_1_240' title='bbox 1933 3208 2106 3266; x_wconf 89' lang='lat' dir='ltr'><strong>ratio-</strong></span> 
     </span>
    </p>
   </div>
   <div class='ocr_carea' id='block_1_35' title="bbox 460 3291 2101 3370">
    <p class='ocr_par' dir='ltr' id='par_1_35' title="bbox 460 3291 2101 3370">
     <span class='ocr_line' id='line_1_35' title="bbox 460 3291 2101 3370; baseline 0.005 -23"><span class='ocrx_word' id='word_1_241' title='bbox 460 3291 675 3348; x_wconf 89' lang='lat' dir='ltr'><strong>nabilis</strong></span> <span class='ocrx_word' id='word_1_242' title='bbox 737 3291 1034 3349; x_wconf 85' lang='lat' dir='ltr'><strong>facultatis</strong></span> <span class='ocrx_word' id='word_1_243' title='bbox 1092 3299 1327 3349; x_wconf 85' lang='lat' dir='ltr'><strong>servant</strong></span> <span class='ocrx_word' id='word_1_244' title='bbox 1374 3295 1528 3366; x_wconf 90' lang='lat' dir='ltr'><strong>quod</strong></span> <span class='ocrx_word' id='word_1_245' title='bbox 1597 3312 1716 3351; x_wconf 91' lang='lat' dir='ltr'><strong>non</strong></span> <span class='ocrx_word' id='word_1_246' title='bbox 1790 3297 2101 3370; x_wconf 85' lang='lat' dir='ltr'><strong>dissipent.</strong></span> 
     </span>
    </p>
   </div>
   <div class='ocr_carea' id='block_1_36' title="bbox 459 3382 2103 3456">
    <p class='ocr_par' dir='ltr' id='par_1_36' title="bbox 459 3382 2103 3456">
     <span class='ocr_line' id='line_1_36' title="bbox 459 3382 2103 3456; baseline 0.004 -16"><span class='ocrx_word' id='word_1_247' title='bbox 459 3382 662 3440; x_wconf 87' lang='lat' dir='ltr'><strong>Talem</strong></span> <span class='ocrx_word' id='word_1_248' title='bbox 691 3383 872 3456; x_wconf 84' lang='lat' dir='ltr'><strong>igitur</strong></span> <span class='ocrx_word' id='word_1_249' title='bbox 898 3384 1168 3441; x_wconf 88' lang='lat' dir='ltr'><strong>Christus</strong></span> <span class='ocrx_word' id='word_1_250' title='bbox 1191 3385 1371 3441; x_wconf 90' lang='lat' dir='ltr'><strong>veluti</strong></span> <span class='ocrx_word' id='word_1_251' title='bbox 1395 3386 1644 3444; x_wconf 89' lang='lat' dir='ltr'><strong>obscura</strong></span> <span class='ocrx_word' id='word_1_252' title='bbox 1662 3388 1906 3446; x_wconf 85' lang='lat' dir='ltr'><strong>rationis</strong></span> <span class='ocrx_word' id='word_1_253' title='bbox 1934 3395 2103 3447; x_wconf 90' lang='lat' dir='ltr'><strong>uten-</strong></span> 
     </span>
    </p>
   </div>
   <div class='ocr_carea' id='block_1_37' title="bbox 459 3472 2104 3547">
    <p class='ocr_par' dir='ltr' id='par_1_37' title="bbox 459 3472 2104 3547">
     <span class='ocr_line' id='line_1_37' title="bbox 459 3472 2104 3547; baseline 0.004 -19"><span class='ocrx_word' id='word_1_254' title='bbox 459 3476 581 3528; x_wconf 88' lang='lat' dir='ltr'><strong>tem</strong></span> <span class='ocrx_word' id='word_1_255' title='bbox 615 3472 762 3539; x_wconf 89' lang='lat' dir='ltr'><strong>luce,</strong></span> <span class='ocrx_word' id='word_1_256' title='bbox 793 3477 850 3528; x_wconf 91' lang='lat' dir='ltr'><strong>et</strong></span> <span class='ocrx_word' id='word_1_257' title='bbox 878 3473 1092 3529; x_wconf 88' lang='lat' dir='ltr'><strong>rationi</strong></span> <span class='ocrx_word' id='word_1_258' title='bbox 1123 3475 1506 3547; x_wconf 86' lang='lat' dir='ltr'><strong>congruentia</strong></span> <span class='ocrx_word' id='word_1_259' title='bbox 1561 3494 1595 3532; x_wconf 89' lang='lat' dir='ltr'><strong>a</strong></span> <span class='ocrx_word' id='word_1_260' title='bbox 1640 3483 1852 3534; x_wconf 88' lang='lat' dir='ltr'><strong>natura</strong></span> <span class='ocrx_word' id='word_1_261' title='bbox 1906 3479 2104 3536; x_wconf 88' lang='lat' dir='ltr'><strong>divina</strong></span> 
     </span>
    </p>
   </div>
   <div class='ocr_carea' id='block_1_38' title="bbox 459 3562 2105 3642">
    <p class='ocr_par' dir='ltr' id='par_1_38' title="bbox 459 3562 2105 3642">
     <span class='ocr_line' id='line_1_38' title="bbox 459 3562 2105 3642; baseline 0.004 -24"><span class='ocrx_word' id='word_1_262' title='bbox 459 3566 777 3635; x_wconf 88' lang='lat' dir='ltr'><strong>petentem,</strong></span> <span class='ocrx_word' id='word_1_263' title='bbox 837 3562 896 3617; x_wconf 90' lang='lat' dir='ltr'><strong>in</strong></span> <span class='ocrx_word' id='word_1_264' title='bbox 956 3562 1235 3635; x_wconf 79' lang='lat' dir='ltr'><strong>parabole</strong></span> <span class='ocrx_word' id='word_1_265' title='bbox 1289 3564 1650 3635; x_wconf 88' lang='lat' dir='ltr'><strong>introducit;</strong></span> <span class='ocrx_word' id='word_1_266' title='bbox 1711 3568 2105 3642; x_wconf 79' lang='lat' dir='ltr'><strong>eamdemque</strong></span> 
     </span>
    </p>
   </div>
   <div class='ocr_carea' id='block_1_39' title="bbox 463 3649 2105 3730">
    <p class='ocr_par' dir='ltr' id='par_1_39' title="bbox 463 3649 2105 3730">
     <span class='ocr_line' id='line_1_39' title="bbox 463 3649 2105 3730; baseline 0.005 -22"><span class='ocrx_word' id='word_1_267' title='bbox 463 3649 715 3724; x_wconf 89' lang='lat' dir='ltr'><strong>deinque</strong></span> <span class='ocrx_word' id='word_1_268' title='bbox 771 3651 894 3708; x_wconf 65' lang='lat' dir='ltr'><strong>hac</strong></span> <span class='ocrx_word' id='word_1_269' title='bbox 923 3653 1102 3710; x_wconf 89' lang='lat' dir='ltr'><strong>aDeo</strong></span> <span class='ocrx_word' id='word_1_270' title='bbox 1158 3659 1564 3726; x_wconf 88' lang='lat' dir='ltr'><strong>consecutum,</strong></span> <span class='ocrx_word' id='word_1_271' title='bbox 1609 3656 1878 3730; x_wconf 86' lang='lat' dir='ltr'><strong>datisque</strong></span> <span class='ocrx_word' id='word_1_272' title='bbox 1930 3674 2105 3716; x_wconf 89' lang='lat' dir='ltr'><strong>usum</strong></span> 
     </span>
    </p>
   </div>
   <div class='ocr_carea' id='block_1_40' title="bbox 463 3741 2106 3820">
    <p class='ocr_par' dir='ltr' id='par_1_40' title="bbox 463 3741 2106 3820">
     <span class='ocr_line' id='line_1_40' title="bbox 463 3741 2106 3820; baseline 0.005 -23"><span class='ocrx_word' id='word_1_273' title='bbox 463 3741 637 3807; x_wconf 90' lang='lat' dir='ltr'><strong>male,</strong></span> <span class='ocrx_word' id='word_1_274' title='bbox 708 3743 961 3798; x_wconf 83' lang='lat' dir='ltr'><strong>maxime</strong></span> <span class='ocrx_word' id='word_1_275' title='bbox 1017 3760 1154 3802; x_wconf 87' lang='lat' dir='ltr'><strong>vero</strong></span> <span class='ocrx_word' id='word_1_276' title='bbox 1210 3743 1382 3801; x_wconf 88' lang='lat' dir='ltr'><strong>bonis</strong></span> <span class='ocrx_word' id='word_1_277' title='bbox 1435 3745 1712 3818; x_wconf 85' lang='lat' dir='ltr'><strong>baptismi</strong></span> <span class='ocrx_word' id='word_1_278' title='bbox 1788 3748 2106 3820; x_wconf 87' lang='lat' dir='ltr'><strong>concessis,</strong></span> 
     </span>
    </p>
   </div>
   <div class='ocr_carea' id='block_1_41' title="bbox 463 3830 2110 3910">
    <p class='ocr_par' dir='ltr' id='par_1_41' title="bbox 463 3830 2110 3910">
     <span class='ocr_line' id='line_1_41' title="bbox 463 3830 2110 3910; baseline 0.005 -24"><span class='ocrx_word' id='word_1_279' title='bbox 463 3831 622 3886; x_wconf 91' lang='lat' dir='ltr'><strong>unde</strong></span> <span class='ocrx_word' id='word_1_280' title='bbox 651 3830 825 3887; x_wconf 90' lang='lat' dir='ltr'><strong>etiam</strong></span> <span class='ocrx_word' id='word_1_281' title='bbox 859 3847 993 3887; x_wconf 91' lang='lat' dir='ltr'><strong>eum</strong></span> <span class='ocrx_word' id='word_1_282' title='bbox 1050 3849 1304 3905; x_wconf 89' lang='lat' dir='ltr'><strong>nequam</strong></span> <span class='ocrx_word' id='word_1_283' title='bbox 1367 3834 1644 3907; x_wconf 89' lang='lat' dir='ltr'><strong>appellat.</strong></span> <span class='ocrx_word' id='word_1_284' title='bbox 1705 3835 1918 3892; x_wconf 89' lang='lat' dir='ltr'><strong>Deinde</strong></span> <span class='ocrx_word' id='word_1_285' title='bbox 1976 3843 2110 3910; x_wconf 90' lang='lat' dir='ltr'><strong>post</strong></span> 
     </span>
    </p>
   </div>
   <div class='ocr_carea' id='block_1_42' title="bbox 465 3919 2107 3999">
    <p class='ocr_par' dir='ltr' id='par_1_42' title="bbox 465 3919 2107 3999">
     <span class='ocr_line' id='line_1_42' title="bbox 465 3919 2107 3999; baseline 0.004 -23"><span class='ocrx_word' id='word_1_286' title='bbox 465 3919 736 3976; x_wconf 86' lang='lat' dir='ltr'><strong>datorum</strong></span> <span class='ocrx_word' id='word_1_287' title='bbox 792 3920 1264 3992; x_wconf 88' lang='lat' dir='ltr'><strong>dissipationem,</strong></span> <span class='ocrx_word' id='word_1_288' title='bbox 1323 3923 1540 3980; x_wconf 89' lang='lat' dir='ltr'><strong>iterum</strong></span> <span class='ocrx_word' id='word_1_289' title='bbox 1605 3927 1736 3981; x_wconf 72' lang='lat' dir='ltr'><strong>hinc</strong></span> <span class='ocrx_word' id='word_1_290' title='bbox 1787 3927 2107 3999; x_wconf 83' lang='lat' dir='ltr'><strong>reparatio-</strong></span> 
     </span>
    </p>
   </div>
   <div class='ocr_carea' id='block_1_43' title="bbox 465 4008 2109 4089">
    <p class='ocr_par' dir='ltr' id='par_1_43' title="bbox 465 4008 2109 4089">
     <span class='ocr_line' id='line_1_43' title="bbox 465 4008 2109 4089; baseline 0.005 -26"><span class='ocrx_word' id='word_1_291' title='bbox 465 4025 624 4077; x_wconf 90' lang='lat' dir='ltr'><strong>nem,</strong></span> <span class='ocrx_word' id='word_1_292' title='bbox 658 4008 869 4064; x_wconf 90' lang='lat' dir='ltr'><strong>iterum</strong></span> <span class='ocrx_word' id='word_1_293' title='bbox 925 4009 1061 4066; x_wconf 92' lang='lat' dir='ltr'><strong>binc</strong></span> <span class='ocrx_word' id='word_1_294' title='bbox 1115 4013 1541 4084; x_wconf 89' lang='lat' dir='ltr'><strong>reparationem</strong></span> <span class='ocrx_word' id='word_1_295' title='bbox 1575 4032 1679 4086; x_wconf 93' lang='lat' dir='ltr'><strong>per</strong></span> <span class='ocrx_word' id='word_1_296' title='bbox 1709 4017 2109 4089; x_wconf 59' lang='lat' dir='ltr'><strong>paenitentiam</strong></span> 
     </span>
    </p>
   </div>
   <div class='ocr_carea' id='block_1_44' title="bbox 467 4097 1715 4173">
    <p class='ocr_par' dir='ltr' id='par_1_44' title="bbox 467 4097 1715 4173">
     <span class='ocr_line' id='line_1_44' title="bbox 467 4097 1715 4173; baseline 0.005 -19"><span class='ocrx_word' id='word_1_297' title='bbox 467 4103 525 4154; x_wconf 89' lang='lat' dir='ltr'><strong>et</strong></span> <span class='ocrx_word' id='word_1_298' title='bbox 556 4097 979 4170; x_wconf 85' lang='lat' dir='ltr'><strong>benignitatem</strong></span> <span class='ocrx_word' id='word_1_299' title='bbox 1012 4116 1046 4154; x_wconf 91' lang='lat' dir='ltr'><strong>a</strong></span> <span class='ocrx_word' id='word_1_300' title='bbox 1079 4101 1190 4156; x_wconf 90' lang='lat' dir='ltr'><strong>Deo</strong></span> <span class='ocrx_word' id='word_1_301' title='bbox 1225 4100 1339 4173; x_wconf 87' lang='lat' dir='ltr'><strong>ipsi</strong></span> <span class='ocrx_word' id='word_1_302' title='bbox 1371 4104 1715 4172; x_wconf 70' lang='lat' dir='ltr'><strong>praestitam.</strong></span> 
     </span>
    </p>
   </div>
   <div class='ocr_carea' id='block_1_45' title="bbox 537 4295 2113 4374">
    <p class='ocr_par' dir='ltr' id='par_1_45' title="bbox 537 4295 2113 4374">
     <span class='ocr_line' id='line_1_45' title="bbox 537 4295 2113 4374; baseline 0.006 -22"><span class='ocrx_word' id='word_1_303' title='bbox 537 4297 593 4352; x_wconf 88' lang='lat'><strong>6.</strong></span> <span class='ocrx_word' id='word_1_304' title='bbox 649 4296 937 4361; x_wconf 76' lang='lat' dir='ltr'><strong>Adducite,</strong></span> <span class='ocrx_word' id='word_1_305' title='bbox 986 4295 1204 4369; x_wconf 88' lang='lat' dir='ltr'><strong>inquit,</strong></span> <span class='ocrx_word' id='word_1_306' title='bbox 1258 4299 1492 4355; x_wconf 75' lang='lat' dir='ltr'><strong>vitulum</strong></span> <span class='ocrx_word' id='word_1_307' title='bbox 1539 4303 1882 4374; x_wconf 74' lang='lat' dir='ltr'><strong>saginatum,</strong></span> <span class='ocrx_word' id='word_1_308' title='bbox 1915 4308 1966 4360; x_wconf 79' lang='lat' dir='ltr'><strong>et</strong></span> <span class='ocrx_word' id='word_1_309' title='bbox 1993 4321 2113 4360; x_wconf 83' lang='lat' dir='ltr'><strong>ma-</strong></span> 
     </span>
    </p>
   </div>
   <div class='ocr_carea' id='block_1_46' title="bbox 2205 496 3790 581">
    <p class='ocr_par' dir='ltr' id='par_1_46' title="bbox 2205 496 3790 581">
     <span class='ocr_line' id='line_1_46' title="bbox 2205 496 3790 581; baseline 0.007 -27"><span class='ocrx_word' id='word_1_310' title='bbox 2205 496 2443 556; x_wconf 79' lang='grc' dir='ltr'><strong>ἐσκόπει·</strong></span> <span class='ocrx_word' id='word_1_311' title='bbox 2520 501 2716 580; x_wconf 82' lang='grc' dir='ltr'>Πάτερ,</span> <span class='ocrx_word' id='word_1_312' title='bbox 2801 502 3050 580; x_wconf 81' lang='grc' dir='ltr'>ἤμαρταν</span> <span class='ocrx_word' id='word_1_313' title='bbox 3133 504 3207 566; x_wconf 81' lang='grc' dir='ltr'><strong>είς</strong></span> <span class='ocrx_word' id='word_1_314' title='bbox 3290 505 3378 559; x_wconf 87' lang='grc' dir='ltr'><strong>τὸν</strong></span> <span class='ocrx_word' id='word_1_315' title='bbox 3448 505 3652 581; x_wconf 74' lang='grc' dir='ltr'>οὐρανὸν</span> <span class='ocrx_word' id='word_1_316' title='bbox 3719 509 3790 565; x_wconf 76' lang='grc' dir='ltr'><strong>καὶ</strong></span> 
     </span>
    </p>
   </div>
   <div class='ocr_carea' id='block_1_47' title="bbox 2205 587 3788 674">
    <p class='ocr_par' dir='ltr' id='par_1_47' title="bbox 2205 587 3788 674">
     <span class='ocr_line' id='line_1_47' title="bbox 2205 587 3788 674; baseline 0.006 -30"><span class='ocrx_word' id='word_1_317' title='bbox 2205 587 2437 646; x_wconf 78' lang='grc' dir='ltr'>ἐνώπιόν</span> <span class='ocrx_word' id='word_1_318' title='bbox 2485 612 2602 648; x_wconf 83' lang='grc' dir='ltr'>σου.</span> <span class='ocrx_word' id='word_1_319' title='bbox 2652 596 2829 648; x_wconf 86' lang='grc' dir='ltr'>Ταῦτα</span> <span class='ocrx_word' id='word_1_320' title='bbox 2882 590 2940 648; x_wconf 71' lang='grc' dir='ltr'>δὲ</span> <span class='ocrx_word' id='word_1_321' title='bbox 2992 593 3140 667; x_wconf 80' lang='grc' dir='ltr'>αὐτῷ</span> <span class='ocrx_word' id='word_1_322' title='bbox 3187 592 3222 662; x_wconf 76' lang='grc' dir='ltr'><strong>ἢ</strong></span> <span class='ocrx_word' id='word_1_323' title='bbox 3271 614 3328 649; x_wconf 90' lang='grc' dir='ltr'>τε</span> <span class='ocrx_word' id='word_1_324' title='bbox 3375 600 3788 674; x_wconf 68' lang='grc' dir='ltr'>ταπεινοφροσύνῃ</span> 
     </span>
    </p>
   </div>
   <div class='ocr_carea' id='block_1_48' title="bbox 2205 680 3789 759">
    <p class='ocr_par' dir='ltr' id='par_1_48' title="bbox 2205 680 3789 759">
     <span class='ocr_line' id='line_1_48' title="bbox 2205 680 3789 759; baseline 0.006 -27"><span class='ocrx_word' id='word_1_325' title='bbox 2205 683 2296 733; x_wconf 87' lang='grc' dir='ltr'><strong>καί</strong></span> <span class='ocrx_word' id='word_1_326' title='bbox 2344 681 2379 750; x_wconf 81' lang='grc' dir='ltr'><strong>ἡ</strong></span> <span class='ocrx_word' id='word_1_327' title='bbox 2439 681 2630 744; x_wconf 74' lang='grc' dir='ltr'>ἑαυτοῦ</span> <span class='ocrx_word' id='word_1_328' title='bbox 2677 682 2980 758; x_wconf 76' lang='grc' dir='ltr'><strong>κατηγορία</strong></span> <span class='ocrx_word' id='word_1_329' title='bbox 3020 683 3207 759; x_wconf 83' lang='grc' dir='ltr'>γέγονε</span> <span class='ocrx_word' id='word_1_330' title='bbox 3233 689 3332 752; x_wconf 84' lang='grc' dir='ltr'><strong>τῆς</strong></span> <span class='ocrx_word' id='word_1_331' title='bbox 3363 680 3670 748; x_wconf 78' lang='grc' dir='ltr'><strong>δικαιώσεως</strong></span> <span class='ocrx_word' id='word_1_332' title='bbox 3717 687 3789 743; x_wconf 80' lang='grc' dir='ltr'><strong>καὶ</strong></span> 
     </span>
    </p>
   </div>
   <div class='ocr_carea' id='block_1_49' title="bbox 2203 765 3793 850">
    <p class='ocr_par' dir='ltr' id='par_1_49' title="bbox 2203 765 3793 850">
     <span class='ocr_line' id='line_1_49' title="bbox 2203 765 3793 850; baseline 0.006 -29"><span class='ocrx_word' id='word_1_333' title='bbox 2203 773 2306 837; x_wconf 79' lang='grc' dir='ltr'><strong>τῆς</strong></span> <span class='ocrx_word' id='word_1_334' title='bbox 2340 765 2500 842; x_wconf 78' lang='grc' dir='ltr'>δόξης</span> <span class='ocrx_word' id='word_1_335' title='bbox 2547 770 2713 826; x_wconf 64' lang='grc' dir='ltr'>αἶ’τία·</span> <span class='ocrx_word' id='word_1_336' title='bbox 2771 768 2978 834; x_wconf 85' lang='grc' dir='ltr'>δίκαιος</span> <span class='ocrx_word' id='word_1_337' title='bbox 3023 773 3128 848; x_wconf 77' lang='grc' dir='ltr'><strong>γὰρ</strong></span> <span class='ocrx_word' id='word_1_338' title='bbox 3185 771 3374 827; x_wconf 71' lang='grc' dir='ltr'>ἑαυτοῦ</span> <span class='ocrx_word' id='word_1_339' title='bbox 3429 775 3702 850; x_wconf 74' lang='grc' dir='ltr'>κατήγορος</span> <span class='ocrx_word' id='word_1_340' title='bbox 3753 776 3793 832; x_wconf 83' lang='grc' dir='ltr'>ἐν</span> 
     </span>
    </p>
   </div>
   <div class='ocr_carea' id='block_1_50' title="bbox 2207 858 3796 940">
    <p class='ocr_par' dir='ltr' id='par_1_50' title="bbox 2207 858 3796 940">
     <span class='ocr_line' id='line_1_50' title="bbox 2207 858 3796 940; baseline 0.005 -29"><span class='ocrx_word' id='word_1_341' title='bbox 2207 858 2582 935; x_wconf 80' lang='grc' dir='ltr'>πρωτολογίᾳ.</span> <span class='ocrx_word' id='word_1_342' title='bbox 2639 859 2795 918; x_wconf 71' lang='grc' dir='ltr'>Οὕτω</span> <span class='ocrx_word' id='word_1_343' title='bbox 2841 861 2931 916; x_wconf 80' lang='grc' dir='ltr'><strong>καὶ</strong></span> <span class='ocrx_word' id='word_1_344' title='bbox 2981 862 3010 916; x_wconf 81' lang='grc' dir='ltr'>ὁ</span> <span class='ocrx_word' id='word_1_345' title='bbox 3061 859 3308 928; x_wconf 75' lang='grc' dir='ltr'><strong>τελώνης</strong></span> <span class='ocrx_word' id='word_1_346' title='bbox 3363 862 3486 938; x_wconf 73' lang='grc' dir='ltr'>ὑπὲρ</span> <span class='ocrx_word' id='word_1_347' title='bbox 3533 863 3614 918; x_wconf 84' lang='grc' dir='ltr'>τὸν</span> <span class='ocrx_word' id='word_1_348' title='bbox 3655 871 3796 940; x_wconf 66' lang='lat' dir='ltr'><strong>(bapt-</strong></span> 
     </span>
    </p>
   </div>
   <div class='ocr_carea' id='block_1_51' title="bbox 2207 947 3794 1024">
    <p class='ocr_par' dir='ltr' id='par_1_51' title="bbox 2207 947 3794 1024">
     <span class='ocr_line' id='line_1_51' title="bbox 2207 947 3794 1024; baseline 0.006 -24"><span class='ocrx_word' id='word_1_349' title='bbox 2207 952 2358 1002; x_wconf 84' lang='grc' dir='ltr'>σαῖον</span> <span class='ocrx_word' id='word_1_350' title='bbox 2418 949 2631 1018; x_wconf 76' lang='grc' dir='ltr'>ἀπῆλθε</span> <span class='ocrx_word' id='word_1_351' title='bbox 2684 947 3124 1024; x_wconf 79' lang='grc' dir='ltr'>δεδικαιωμένος.</span> <span class='ocrx_word' id='word_1_352' title='bbox 3185 947 3310 1008; x_wconf 75' lang='grc' dir='ltr'>Οὗν¹</span> <span class='ocrx_word' id='word_1_353' title='bbox 3363 952 3448 1006; x_wconf 75' lang='grc' dir='ltr'>οὖν</span> <span class='ocrx_word' id='word_1_354' title='bbox 3504 953 3794 1023; x_wconf 74' lang='grc' dir='ltr'>ἠπίστατοὸ</span> 
     </span>
    </p>
   </div>
   <div class='ocr_carea' id='block_1_52' title="bbox 2206 1037 3793 1118">
    <p class='ocr_par' dir='ltr' id='par_1_52' title="bbox 2206 1037 3793 1118">
     <span class='ocr_line' id='line_1_52' title="bbox 2206 1037 3793 1118; baseline 0.004 -28"><span class='ocrx_word' id='word_1_355' title='bbox 2206 1042 2333 1099; x_wconf 86' lang='grc' dir='ltr'>παῖς</span> <span class='ocrx_word' id='word_1_356' title='bbox 2391 1039 2463 1092; x_wconf 84' lang='grc' dir='ltr'><strong>ὧν</strong></span> <span class='ocrx_word' id='word_1_357' title='bbox 2524 1038 2784 1110; x_wconf 76' lang='grc' dir='ltr'>τεύξεται,</span> <span class='ocrx_word' id='word_1_358' title='bbox 2837 1037 2961 1094; x_wconf 75' lang='grc' dir='ltr'>οὔτε</span> <span class='ocrx_word' id='word_1_359' title='bbox 3018 1037 3286 1110; x_wconf 79' lang='grc' dir='ltr'>δέξασθαι,</span> <span class='ocrx_word' id='word_1_360' title='bbox 3342 1037 3460 1096; x_wconf 75' lang='grc' dir='ltr'>οὔτε</span> <span class='ocrx_word' id='word_1_361' title='bbox 3511 1045 3793 1118; x_wconf 68' lang='grc' dir='ltr'>χρήσασθαι,</span> 
     </span>
    </p>
   </div>
   <div class='ocr_carea' id='block_1_53' title="bbox 2209 1123 3793 1203">
    <p class='ocr_par' dir='ltr' id='par_1_53' title="bbox 2209 1123 3793 1203">
     <span class='ocr_line' id='line_1_53' title="bbox 2209 1123 3793 1203; baseline 0.003 -22"><span class='ocrx_word' id='word_1_362' title='bbox 2209 1123 2331 1182; x_wconf 72' lang='grc' dir='ltr'>οὔτε</span> <span class='ocrx_word' id='word_1_363' title='bbox 2387 1127 2624 1202; x_wconf 76' lang='grc' dir='ltr'>ἁρμόσαι</span> <span class='ocrx_word' id='word_1_364' title='bbox 2697 1127 2845 1202; x_wconf 82' lang='grc' dir='ltr'><strong>αὐτῷ</strong></span> <span class='ocrx_word' id='word_1_365' title='bbox 2895 1128 2962 1184; x_wconf 81' lang='grc' dir='ltr'>τὰ</span> <span class='ocrx_word' id='word_1_366' title='bbox 3021 1125 3302 1203; x_wconf 88' lang='grc' dir='ltr'>διδόμενα.</span> <span class='ocrx_word' id='word_1_367' title='bbox 3358 1129 3503 1186; x_wconf 80' lang='grc' dir='ltr'>Ἐπεὶ</span> <span class='ocrx_word' id='word_1_368' title='bbox 3554 1133 3674 1203; x_wconf 68' lang='grc' dir='ltr'>μήτε</span> <span class='ocrx_word' id='word_1_369' title='bbox 3715 1135 3793 1202; x_wconf 79' lang='grc' dir='ltr'><strong>τήν</strong></span> 
     </span>
    </p>
   </div>
   <div class='ocr_carea' id='block_1_54' title="bbox 2207 1213 3794 1288">
    <p class='ocr_par' dir='ltr' id='par_1_54' title="bbox 2207 1213 3794 1288">
     <span class='ocr_line' id='line_1_54' title="bbox 2207 1213 3794 1288; baseline 0.003 -17"><span class='ocrx_word' id='word_1_370' title='bbox 2207 1213 2411 1286; x_wconf 77' lang='grc' dir='ltr'>στολὴν</span> <span class='ocrx_word' id='word_1_371' title='bbox 2471 1213 2658 1272; x_wconf 78' lang='grc' dir='ltr'>λαϐὼν</span> <span class='ocrx_word' id='word_1_372' title='bbox 2711 1217 2870 1281; x_wconf 79' lang='grc' dir='ltr'>αὐτὸς</span> <span class='ocrx_word' id='word_1_373' title='bbox 2929 1215 3250 1274; x_wconf 78' lang='grc' dir='ltr'>ἐνεδύσατο·</span> <span class='ocrx_word' id='word_1_374' title='bbox 3297 1215 3459 1288; x_wconf 82' lang='grc' dir='ltr'>ἀλλ’,</span> <span class='ocrx_word' id='word_1_375' title='bbox 3506 1216 3794 1287; x_wconf 70' lang='grc' dir='ltr'>Ἐνδύσατε,</span> 
     </span>
    </p>
   </div>
   <div class='ocr_carea' id='block_1_55' title="bbox 2208 1303 3796 1386">
    <p class='ocr_par' dir='ltr' id='par_1_55' title="bbox 2208 1303 3796 1386">
     <span class='ocr_line' id='line_1_55' title="bbox 2208 1303 3796 1386; baseline 0.003 -28"><span class='ocrx_word' id='word_1_376' title='bbox 2208 1307 2394 1386; x_wconf 76' lang='grc' dir='ltr'>φησὶν,</span> <span class='ocrx_word' id='word_1_377' title='bbox 2430 1304 2615 1361; x_wconf 84' lang='grc' dir='ltr'>αὐτόν.</span> <span class='ocrx_word' id='word_1_378' title='bbox 2651 1305 2728 1364; x_wconf 79' lang='grc' dir='ltr'><strong>Οὐ</strong></span> <span class='ocrx_word' id='word_1_379' title='bbox 2777 1305 2870 1361; x_wconf 85' lang='grc' dir='ltr'><strong>τὸν</strong></span> <span class='ocrx_word' id='word_1_380' title='bbox 2923 1303 3213 1362; x_wconf 81' lang='grc' dir='ltr'>δακτύλιον</span> <span class='ocrx_word' id='word_1_381' title='bbox 3248 1305 3407 1369; x_wconf 82' lang='grc' dir='ltr'>αὐτὸς</span> <span class='ocrx_word' id='word_1_382' title='bbox 3436 1306 3508 1368; x_wconf 83' lang='grc' dir='ltr'><strong>είς</strong></span> <span class='ocrx_word' id='word_1_383' title='bbox 3536 1308 3624 1376; x_wconf 79' lang='grc' dir='ltr'>τὴν</span> <span class='ocrx_word' id='word_1_384' title='bbox 3667 1314 3796 1384; x_wconf 79' lang='grc' dir='ltr'>χεῖρα</span> 
     </span>
    </p>
   </div>
   <div class='ocr_carea' id='block_1_56' title="bbox 2206 1391 3794 1471">
    <p class='ocr_par' dir='ltr' id='par_1_56' title="bbox 2206 1391 3794 1471">
     <span class='ocr_line' id='line_1_56' title="bbox 2206 1391 3794 1471; baseline 0.001 -23"><span class='ocrx_word' id='word_1_385' title='bbox 2206 1391 2450 1471; x_wconf 76' lang='grc' dir='ltr'>ἤνεγκεν.</span> <span class='ocrx_word' id='word_1_386' title='bbox 2510 1393 2638 1450; x_wconf 86' lang='grc' dir='ltr'>ἀλλ’</span> <span class='ocrx_word' id='word_1_387' title='bbox 2664 1396 2717 1450; x_wconf 73' lang='grc' dir='ltr'>οἱ</span> <span class='ocrx_word' id='word_1_388' title='bbox 2771 1393 3208 1470; x_wconf 84' lang='grc' dir='ltr'>κεκελευσμένοι·</span> <span class='ocrx_word' id='word_1_389' title='bbox 3243 1395 3372 1451; x_wconf 89' lang='grc' dir='ltr'>Δότε</span> <span class='ocrx_word' id='word_1_390' title='bbox 3428 1394 3687 1451; x_wconf 76' lang='grc' dir='ltr'>δακτύλιον</span> <span class='ocrx_word' id='word_1_391' title='bbox 3737 1398 3794 1460; x_wconf 77' lang='grc' dir='ltr'><strong>εἷς</strong></span> 
     </span>
    </p>
   </div>
   <div class='ocr_carea' id='block_1_57' title="bbox 2205 1481 3795 1559">
    <p class='ocr_par' dir='ltr' id='par_1_57' title="bbox 2205 1481 3795 1559">
     <span class='ocr_line' id='line_1_57' title="bbox 2205 1481 3795 1559; baseline 0 -21"><span class='ocrx_word' id='word_1_392' title='bbox 2205 1485 2306 1552; x_wconf 79' lang='grc' dir='ltr'>τὴν</span> <span class='ocrx_word' id='word_1_393' title='bbox 2369 1488 2531 1559; x_wconf 87' lang='grc' dir='ltr'>χεῖρα</span> <span class='ocrx_word' id='word_1_394' title='bbox 2583 1485 2771 1540; x_wconf 83' lang='grc' dir='ltr'>αὐτοῦ·</span> <span class='ocrx_word' id='word_1_395' title='bbox 2831 1481 2960 1540; x_wconf 75' lang='grc' dir='ltr'>οὐδὲ</span> <span class='ocrx_word' id='word_1_396' title='bbox 3017 1485 3204 1540; x_wconf 74' lang='grc' dir='ltr'>ἑαυτὸν</span> <span class='ocrx_word' id='word_1_397' title='bbox 3263 1481 3550 1552; x_wconf 81' lang='grc' dir='ltr'>ὑπέδυσεν,</span> <span class='ocrx_word' id='word_1_398' title='bbox 3603 1485 3710 1541; x_wconf 81' lang='grc' dir='ltr'>ἀλλ’</span> <span class='ocrx_word' id='word_1_399' title='bbox 3757 1486 3795 1540; x_wconf 78' lang='lat' dir='ltr'><strong>oi</strong></span> 
     </span>
    </p>
   </div>
   <div class='ocr_carea' id='block_1_58' title="bbox 2211 1569 3794 1648">
    <p class='ocr_par' dir='ltr' id='par_1_58' title="bbox 2211 1569 3794 1648">
     <span class='ocr_line' id='line_1_58' title="bbox 2211 1569 3794 1648; baseline 0.001 -22"><span class='ocrx_word' id='word_1_400' title='bbox 2211 1571 2532 1636; x_wconf 74' lang='grc' dir='ltr'>ἀκούσαντες</span> <span class='ocrx_word' id='word_1_401' title='bbox 2564 1592 2576 1606; x_wconf 96' lang='grc'><strong>·</strong></span> <span class='ocrx_word' id='word_1_402' title='bbox 2636 1573 2726 1629; x_wconf 84' lang='grc' dir='ltr'><strong>καὶ</strong></span> <span class='ocrx_word' id='word_1_403' title='bbox 2783 1569 3106 1648; x_wconf 72' lang='grc' dir='ltr'>ὑποδήματα</span> <span class='ocrx_word' id='word_1_404' title='bbox 3174 1573 3252 1637; x_wconf 78' lang='grc' dir='ltr'>εἷς</span> <span class='ocrx_word' id='word_1_405' title='bbox 3304 1573 3429 1636; x_wconf 77' lang='grc' dir='ltr'>τοὺς</span> <span class='ocrx_word' id='word_1_406' title='bbox 3476 1571 3668 1636; x_wconf 87' lang='grc' dir='ltr'>πόδας.</span> <span class='ocrx_word' id='word_1_407' title='bbox 3713 1575 3794 1630; x_wconf 68' lang='lat' dir='ltr'><strong>Kc?</strong></span> 
     </span>
    </p>
   </div>
   <div class='ocr_carea' id='block_1_59' title="bbox 2209 1659 3794 1736">
    <p class='ocr_par' dir='ltr' id='par_1_59' title="bbox 2209 1659 3794 1736">
     <span class='ocr_line' id='line_1_59' title="bbox 2209 1659 3794 1736; baseline 0.001 -21"><span class='ocrx_word' id='word_1_408' title='bbox 2209 1665 2377 1716; x_wconf 90' lang='grc' dir='ltr'>ταῦτα</span> <span class='ocrx_word' id='word_1_409' title='bbox 2397 1661 2462 1730; x_wconf 78' lang='grc' dir='ltr'><strong>ἦν</strong></span> <span class='ocrx_word' id='word_1_410' title='bbox 2523 1659 2657 1725; x_wconf 59' lang='grc' dir='ltr'>ἴσως</span> <span class='ocrx_word' id='word_1_411' title='bbox 2708 1662 2856 1736; x_wconf 79' lang='grc' dir='ltr'>αὐτῷ</span> <span class='ocrx_word' id='word_1_412' title='bbox 2910 1683 2969 1718; x_wconf 92' lang='grc' dir='ltr'><strong>τε</strong></span> <span class='ocrx_word' id='word_1_413' title='bbox 3023 1662 3114 1718; x_wconf 82' lang='grc' dir='ltr'><strong>καὶ</strong></span> <span class='ocrx_word' id='word_1_414' title='bbox 3143 1668 3264 1727; x_wconf 85' lang='grc' dir='ltr'>τοῖς</span> <span class='ocrx_word' id='word_1_415' title='bbox 3296 1660 3486 1729; x_wconf 71' lang='grc' dir='ltr'>ἄλλοις</span> <span class='ocrx_word' id='word_1_416' title='bbox 3530 1661 3701 1718; x_wconf 77' lang='grc' dir='ltr'>ἄπιστα</span> <span class='ocrx_word' id='word_1_417' title='bbox 3723 1665 3794 1718; x_wconf 80' lang='grc' dir='ltr'><strong>καὶ</strong></span> 
     </span>
    </p>
   </div>
   <div class='ocr_carea' id='block_1_60' title="bbox 2133 1747 3795 1851">
    <p class='ocr_par' dir='ltr' id='par_1_60' title="bbox 2133 1747 3795 1851">
     <span class='ocr_line' id='line_1_60' title="bbox 2133 1747 3795 1851; baseline 0 -45"><span class='ocrx_word' id='word_1_418' title='bbox 2133 1785 2181 1851; x_wconf 83' lang='grc' dir='ltr'><strong>Β</strong></span> <span class='ocrx_word' id='word_1_419' title='bbox 2209 1747 2508 1806; x_wconf 71' lang='grc' dir='ltr'>ἀνέλπιστα</span> <span class='ocrx_word' id='word_1_420' title='bbox 2562 1751 2696 1851; x_wconf 65' lang='grc' dir='ltr'>πρὶν</span> <span class='ocrx_word' id='word_1_421' title='bbox 2749 1751 2891 1808; x_wconf 73' lang='grc' dir='ltr'>οὕτω</span> <span class='ocrx_word' id='word_1_422' title='bbox 2923 1753 3190 1828; x_wconf 86' lang='grc' dir='ltr'>γενέσθαι·</span> <span class='ocrx_word' id='word_1_423' title='bbox 3226 1751 3466 1809; x_wconf 74' lang='grc' dir='ltr'>ἄσπαστᾶ</span> <span class='ocrx_word' id='word_1_424' title='bbox 3506 1750 3559 1808; x_wconf 72' lang='grc' dir='ltr'>δὲ</span> <span class='ocrx_word' id='word_1_425' title='bbox 3600 1752 3677 1808; x_wconf 83' lang='grc' dir='ltr'><strong>καὶ</strong></span> <span class='ocrx_word' id='word_1_426' title='bbox 3701 1755 3795 1808; x_wconf 83' lang='grc' dir='ltr'>θαυ-</span> 
     </span>
    </p>
   </div>
   <div class='ocr_carea' id='block_1_61' title="bbox 2215 1838 3217 1918">
    <p class='ocr_par' dir='ltr' id='par_1_61' title="bbox 2215 1838 3217 1918">
     <span class='ocr_line' id='line_1_61' title="bbox 2215 1838 3217 1918; baseline 0.002 -22"><span class='ocrx_word' id='word_1_427' title='bbox 2215 1843 2412 1915; x_wconf 76' lang='grc' dir='ltr'>μαστὰ,</span> <span class='ocrx_word' id='word_1_428' title='bbox 2445 1840 2498 1897; x_wconf 84' lang='grc' dir='ltr'>ἐν</span> <span class='ocrx_word' id='word_1_429' title='bbox 2528 1842 2608 1904; x_wconf 81' lang='grc' dir='ltr'><strong>οἷς</strong></span> <span class='ocrx_word' id='word_1_430' title='bbox 2641 1838 2892 1918; x_wconf 79' lang='grc' dir='ltr'>ἐδωρήθη</span> <span class='ocrx_word' id='word_1_431' title='bbox 2928 1841 3217 1918; x_wconf 87' lang='grc' dir='ltr'>γενόμενα.</span> 
     </span>
    </p>
   </div>
   <div class='ocr_carea' id='block_1_62' title="bbox 2316 1943 3795 2026">
    <p class='ocr_par' dir='ltr' id='par_1_62' title="bbox 2316 1943 3795 2026">
     <span class='ocr_line' id='line_1_62' title="bbox 2316 1943 3795 2026; baseline -0.003 -19"><span class='ocrx_word' id='word_1_432' title='bbox 2316 1952 2372 2007; x_wconf 91' lang='grc'><strong>5.</strong></span> <span class='ocrx_word' id='word_1_433' title='bbox 2425 1948 2642 2019; x_wconf 77' lang='grc' dir='ltr'>Ταύτην</span> <span class='ocrx_word' id='word_1_434' title='bbox 2699 1949 2797 2018; x_wconf 82' lang='grc' dir='ltr'><strong>τήν</strong></span> <span class='ocrx_word' id='word_1_435' title='bbox 2832 1943 3040 2004; x_wconf 76' lang='grc' dir='ltr'>ἔννοιαν</span> <span class='ocrx_word' id='word_1_436' title='bbox 3071 1951 3106 2020; x_wconf 77' lang='grc' dir='ltr'>ἡ</span> <span class='ocrx_word' id='word_1_437' title='bbox 3146 1944 3440 2026; x_wconf 76' lang='grc' dir='ltr'>παραϐολὴ</span> <span class='ocrx_word' id='word_1_438' title='bbox 3472 1946 3696 2020; x_wconf 86' lang='grc' dir='ltr'>δείκνυσι,</span> <span class='ocrx_word' id='word_1_439' title='bbox 3719 1949 3795 2018; x_wconf 70' lang='grc' dir='ltr'>τὴν</span> 
     </span>
    </p>
   </div>
   <div class='ocr_carea' id='block_1_63' title="bbox 2213 2037 3796 2116">
    <p class='ocr_par' dir='ltr' id='par_1_63' title="bbox 2213 2037 3796 2116">
     <span class='ocr_line' id='line_1_63' title="bbox 2213 2037 3796 2116; baseline -0.002 -20"><span class='ocrx_word' id='word_1_440' title='bbox 2213 2037 2511 2114; x_wconf 76' lang='grc' dir='ltr'><strong>δεδομένην</strong></span> <span class='ocrx_word' id='word_1_441' title='bbox 2547 2040 2754 2113; x_wconf 72' lang='grc' dir='ltr'>ἑκάστῳ</span> <span class='ocrx_word' id='word_1_442' title='bbox 2783 2043 2880 2095; x_wconf 90' lang='grc' dir='ltr'><strong>τοῦ</strong></span> <span class='ocrx_word' id='word_1_443' title='bbox 2912 2039 3137 2114; x_wconf 79' lang='grc' dir='ltr'>λογικοῦ</span> <span class='ocrx_word' id='word_1_444' title='bbox 3185 2039 3505 2116; x_wconf 90' lang='grc' dir='ltr'>γυμνασίαν.</span> <span class='ocrx_word' id='word_1_445' title='bbox 3547 2040 3634 2096; x_wconf 79' lang='grc' dir='ltr'><strong>Διὰ</strong></span> <span class='ocrx_word' id='word_1_446' title='bbox 3670 2042 3796 2095; x_wconf 81' lang='grc' dir='ltr'>τοῦτο</span> 
     </span>
    </p>
   </div>
   <div class='ocr_carea' id='block_1_64' title="bbox 2212 2127 3798 2206">
    <p class='ocr_par' dir='ltr' id='par_1_64' title="bbox 2212 2127 3798 2206">
     <span class='ocr_line' id='line_1_64' title="bbox 2212 2127 3798 2206; baseline -0.004 -20"><span class='ocrx_word' id='word_1_447' title='bbox 2212 2130 2240 2186; x_wconf 85' lang='grc' dir='ltr'>ὁ</span> <span class='ocrx_word' id='word_1_448' title='bbox 2271 2127 2484 2191; x_wconf 73' lang='grc' dir='ltr'>ἄσωτος</span> <span class='ocrx_word' id='word_1_449' title='bbox 2546 2127 2810 2206; x_wconf 71' lang='grc' dir='ltr'>εἰσάγεται</span> <span class='ocrx_word' id='word_1_450' title='bbox 2861 2135 2963 2200; x_wconf 86' lang='grc' dir='ltr'><strong>τῆς</strong></span> <span class='ocrx_word' id='word_1_451' title='bbox 3013 2127 3198 2192; x_wconf 78' lang='grc' dir='ltr'>οὗσίσς</span> <span class='ocrx_word' id='word_1_452' title='bbox 3229 2130 3465 2185; x_wconf 82' lang='grc' dir='ltr'>ἀπαιτῶν</span> <span class='ocrx_word' id='word_1_453' title='bbox 3505 2129 3590 2184; x_wconf 81' lang='grc' dir='ltr'><strong>τὸν</strong></span> <span class='ocrx_word' id='word_1_454' title='bbox 3635 2128 3798 2202; x_wconf 80' lang='grc' dir='ltr'>πατέρα</span> 
     </span>
    </p>
   </div>
   <div class='ocr_carea' id='block_1_65' title="bbox 2209 2216 3798 2294">
    <p class='ocr_par' dir='ltr' id='par_1_65' title="bbox 2209 2216 3798 2294">
     <span class='ocr_line' id='line_1_65' title="bbox 2209 2216 3798 2294; baseline -0.003 -21"><span class='ocrx_word' id='word_1_455' title='bbox 2209 2217 2273 2273; x_wconf 84' lang='grc' dir='ltr'>τὸ</span> <span class='ocrx_word' id='word_1_456' title='bbox 2307 2216 2490 2294; x_wconf 86' lang='grc' dir='ltr'>μέρος·</span> <span class='ocrx_word' id='word_1_457' title='bbox 2521 2218 2766 2274; x_wconf 83' lang='grc' dir='ltr'>τουτέστι</span> <span class='ocrx_word' id='word_1_458' title='bbox 2795 2224 2897 2288; x_wconf 85' lang='grc' dir='ltr'><strong>τῆς</strong></span> <span class='ocrx_word' id='word_1_459' title='bbox 2938 2217 3172 2294; x_wconf 80' lang='grc' dir='ltr'>λογικῆς</span> <span class='ocrx_word' id='word_1_460' title='bbox 3217 2217 3600 2280; x_wconf 78' lang='grc' dir='ltr'>καταστάσεως·</span> <span class='ocrx_word' id='word_1_461' title='bbox 3636 2218 3798 2274; x_wconf 74' lang='grc' dir='ltr'>Ἅπασι</span> 
     </span>
    </p>
   </div>
   <div class='ocr_carea' id='block_1_66' title="bbox 2210 2304 3794 2384">
    <p class='ocr_par' dir='ltr' id='par_1_66' title="bbox 2210 2304 3794 2384">
     <span class='ocr_line' id='line_1_66' title="bbox 2210 2304 3794 2384; baseline -0.003 -22"><span class='ocrx_word' id='word_1_462' title='bbox 2210 2307 2313 2383; x_wconf 75' lang='grc' dir='ltr'><strong>γὰρ</strong></span> <span class='ocrx_word' id='word_1_463' title='bbox 2344 2309 2379 2378; x_wconf 78' lang='grc' dir='ltr'><strong>ἡ</strong></span> <span class='ocrx_word' id='word_1_464' title='bbox 2426 2311 2523 2363; x_wconf 91' lang='grc' dir='ltr'><strong>τοῦ</strong></span> <span class='ocrx_word' id='word_1_465' title='bbox 2568 2305 2792 2384; x_wconf 79' lang='grc' dir='ltr'>λογικοῦ</span> <span class='ocrx_word' id='word_1_466' title='bbox 2849 2305 3214 2384; x_wconf 83' lang='grc' dir='ltr'>παραδέδοται</span> <span class='ocrx_word' id='word_1_467' title='bbox 3269 2312 3480 2376; x_wconf 84' lang='grc' dir='ltr'>κτῆσις,</span> <span class='ocrx_word' id='word_1_468' title='bbox 3521 2304 3591 2371; x_wconf 71' lang='grc' dir='ltr'>εἵς</span> <span class='ocrx_word' id='word_1_469' title='bbox 3633 2326 3682 2361; x_wconf 83' lang='grc' dir='ltr'>τε</span> <span class='ocrx_word' id='word_1_470' title='bbox 3720 2307 3794 2374; x_wconf 81' lang='grc' dir='ltr'>τήν</span> 
     </span>
    </p>
   </div>
   <div class='ocr_carea' id='block_1_67' title="bbox 2211 2395 3796 2471">
    <p class='ocr_par' dir='ltr' id='par_1_67' title="bbox 2211 2395 3796 2471">
     <span class='ocr_line' id='line_1_67' title="bbox 2211 2395 3796 2471; baseline -0.001 -19"><span class='ocrx_word' id='word_1_471' title='bbox 2211 2401 2318 2452; x_wconf 89' lang='grc' dir='ltr'><strong>τῶν</strong></span> <span class='ocrx_word' id='word_1_472' title='bbox 2376 2395 2562 2454; x_wconf 88' lang='grc' dir='ltr'>καλῶν</span> <span class='ocrx_word' id='word_1_473' title='bbox 2618 2395 2933 2470; x_wconf 80' lang='grc' dir='ltr'>ἐπιμέλειαν</span> <span class='ocrx_word' id='word_1_474' title='bbox 2991 2397 3082 2452; x_wconf 83' lang='grc' dir='ltr'><strong>καὶ</strong></span> <span class='ocrx_word' id='word_1_475' title='bbox 3127 2400 3231 2468; x_wconf 84' lang='grc' dir='ltr'><strong>τὴν</strong></span> <span class='ocrx_word' id='word_1_476' title='bbox 3262 2401 3370 2454; x_wconf 90' lang='grc' dir='ltr'><strong>τῶν</strong></span> <span class='ocrx_word' id='word_1_477' title='bbox 3403 2401 3569 2453; x_wconf 83' lang='grc' dir='ltr'>κακῶν</span> <span class='ocrx_word' id='word_1_478' title='bbox 3601 2396 3796 2471; x_wconf 76' lang='grc' dir='ltr'>ἁποχήν.</span> 
     </span>
    </p>
   </div>
   <div class='ocr_carea' id='block_1_68' title="bbox 2211 2482 3798 2563">
    <p class='ocr_par' dir='ltr' id='par_1_68' title="bbox 2211 2482 3798 2563">
     <span class='ocr_line' id='line_1_68' title="bbox 2211 2482 3798 2563; baseline -0.005 -19"><span class='ocrx_word' id='word_1_479' title='bbox 2211 2485 2392 2544; x_wconf 77' lang='grc' dir='ltr'>Ἀλλὰ</span> <span class='ocrx_word' id='word_1_480' title='bbox 2441 2490 2603 2542; x_wconf 88' lang='grc' dir='ltr'>τοῦτο</span> <span class='ocrx_word' id='word_1_481' title='bbox 2659 2486 2806 2563; x_wconf 84' lang='grc' dir='ltr'>παρὰ</span> <span class='ocrx_word' id='word_1_482' title='bbox 2852 2491 2986 2543; x_wconf 88' lang='grc' dir='ltr'>Θεοῦ</span> <span class='ocrx_word' id='word_1_483' title='bbox 3048 2486 3457 2562; x_wconf 69' lang='grc' dir='ltr'>κεκοσμημένοι</span> <span class='ocrx_word' id='word_1_484' title='bbox 3509 2482 3691 2542; x_wconf 81' lang='grc' dir='ltr'>πολλοὶ</span> <span class='ocrx_word' id='word_1_485' title='bbox 3729 2484 3798 2537; x_wconf 75' lang='grc' dir='ltr'>κέ-</span> 
     </span>
    </p>
   </div>
   <div class='ocr_carea' id='block_1_69' title="bbox 2213 2571 3798 2652">
    <p class='ocr_par' dir='ltr' id='par_1_69' title="bbox 2213 2571 3798 2652">
     <span class='ocr_line' id='line_1_69' title="bbox 2213 2571 3798 2652; baseline -0.004 -21"><span class='ocrx_word' id='word_1_486' title='bbox 2213 2595 2446 2652; x_wconf 86' lang='grc' dir='ltr'>χρηνται</span> <span class='ocrx_word' id='word_1_487' title='bbox 2475 2579 2544 2650; x_wconf 81' lang='grc' dir='ltr'><strong>τῇ</strong></span> <span class='ocrx_word' id='word_1_488' title='bbox 2591 2577 2786 2651; x_wconf 79' lang='grc' dir='ltr'>γνώσει</span> <span class='ocrx_word' id='word_1_489' title='bbox 2816 2582 2884 2647; x_wconf 83' lang='grc' dir='ltr'>τῆ</span> <span class='ocrx_word' id='word_1_490' title='bbox 2924 2573 3186 2650; x_wconf 79' lang='grc' dir='ltr'>δεδομένῃ</span> <span class='ocrx_word' id='word_1_491' title='bbox 3235 2580 3415 2639; x_wconf 86' lang='grc' dir='ltr'>κακῶς</span> <span class='ocrx_word' id='word_1_492' title='bbox 3454 2576 3581 2652; x_wconf 84' lang='grc' dir='ltr'>πρὸς</span> <span class='ocrx_word' id='word_1_493' title='bbox 3605 2571 3798 2650; x_wconf 80' lang='grc' dir='ltr'>πράξεων</span> 
     </span>
    </p>
   </div>
   <div class='ocr_carea' id='block_1_70' title="bbox 2213 2659 3798 2742">
    <p class='ocr_par' dir='ltr' id='par_1_70' title="bbox 2213 2659 3798 2742">
     <span class='ocr_line' id='line_1_70' title="bbox 2213 2659 3798 2742; baseline -0.004 -21"><span class='ocrx_word' id='word_1_494' title='bbox 2213 2669 2473 2742; x_wconf 80' lang='grc' dir='ltr'>πονηρῶν</span> <span class='ocrx_word' id='word_1_495' title='bbox 2533 2665 2788 2721; x_wconf 80' lang='grc' dir='ltr'>ἀσωτίαν·</span> <span class='ocrx_word' id='word_1_496' title='bbox 2847 2670 2940 2721; x_wconf 87' lang='grc' dir='ltr'><strong>καί</strong></span> <span class='ocrx_word' id='word_1_497' title='bbox 2984 2671 3164 2729; x_wconf 86' lang='grc' dir='ltr'>κακῶς</span> <span class='ocrx_word' id='word_1_498' title='bbox 3193 2670 3294 2722; x_wconf 90' lang='grc' dir='ltr'><strong>τοῦ</strong></span> <span class='ocrx_word' id='word_1_499' title='bbox 3344 2669 3557 2742; x_wconf 80' lang='grc' dir='ltr'>Λογικοῦ</span> <span class='ocrx_word' id='word_1_500' title='bbox 3605 2663 3690 2732; x_wconf 81' lang='grc' dir='ltr'>τὴν</span> <span class='ocrx_word' id='word_1_501' title='bbox 3729 2659 3798 2716; x_wconf 78' lang='grc' dir='ltr'><strong>οὐ·</strong></span> 
     </span>
    </p>
   </div>
   <div class='ocr_carea' id='block_1_71' title="bbox 2215 2749 3802 2832">
    <p class='ocr_par' dir='ltr' id='par_1_71' title="bbox 2215 2749 3802 2832">
     <span class='ocr_line' id='line_1_71' title="bbox 2215 2749 3802 2832; baseline 0 -22"><span class='ocrx_word' id='word_1_502' title='bbox 2215 2753 2331 2810; x_wconf 87' lang='grc' dir='ltr'>σίαν</span> <span class='ocrx_word' id='word_1_503' title='bbox 2403 2753 2883 2812; x_wconf 79' lang='grc' dir='ltr'>καταναλίσκουσιν</span> <span class='ocrx_word' id='word_1_504' title='bbox 2919 2771 2932 2788; x_wconf 91' lang='grc'><strong>·</strong></span> <span class='ocrx_word' id='word_1_505' title='bbox 2989 2757 3052 2812; x_wconf 85' lang='grc' dir='ltr'>τὸ</span> <span class='ocrx_word' id='word_1_506' title='bbox 3125 2754 3358 2832; x_wconf 86' lang='grc' dir='ltr'>βλέμμα</span> <span class='ocrx_word' id='word_1_507' title='bbox 3427 2755 3554 2831; x_wconf 85' lang='grc' dir='ltr'>πρὸς</span> <span class='ocrx_word' id='word_1_508' title='bbox 3617 2749 3802 2827; x_wconf 59' lang='lat' dir='ltr'><strong>simi:</strong></span> 
     </span>
    </p>
   </div>
   <div class='ocr_carea' id='block_1_72' title="bbox 2217 2839 3800 2923">
    <p class='ocr_par' dir='ltr' id='par_1_72' title="bbox 2217 2839 3800 2923">
     <span class='ocr_line' id='line_1_72' title="bbox 2217 2839 3800 2923; baseline 0.004 -24"><span class='ocrx_word' id='word_1_509' title='bbox 2217 2843 2466 2919; x_wconf 80' lang='grc' dir='ltr'>θεωρίας,</span> <span class='ocrx_word' id='word_1_510' title='bbox 2493 2846 2592 2914; x_wconf 79' lang='grc' dir='ltr'><strong>τήν</strong></span> <span class='ocrx_word' id='word_1_511' title='bbox 2651 2843 2903 2920; x_wconf 89' lang='grc' dir='ltr'>γλῶσσαν</span> <span class='ocrx_word' id='word_1_512' title='bbox 2961 2844 3039 2908; x_wconf 80' lang='grc' dir='ltr'>εἰς</span> <span class='ocrx_word' id='word_1_513' title='bbox 3102 2844 3464 2923; x_wconf 76' lang='grc' dir='ltr'>βλασφήμους</span> <span class='ocrx_word' id='word_1_514' title='bbox 3516 2841 3693 2918; x_wconf 75' lang='grc' dir='ltr'>φωνὰς,</span> <span class='ocrx_word' id='word_1_515' title='bbox 3723 2839 3800 2906; x_wconf 63' lang='grc' dir='ltr'><strong>τὴν</strong></span> 
     </span>
    </p>
   </div>
   <div class='ocr_carea' id='block_1_73' title="bbox 2217 2928 3803 3012">
    <p class='ocr_par' dir='ltr' id='par_1_73' title="bbox 2217 2928 3803 3012">
     <span class='ocr_line' id='line_1_73' title="bbox 2217 2928 3803 3012; baseline -0.004 -24"><span class='ocrx_word' id='word_1_516' title='bbox 2217 2929 2481 3012; x_wconf 73' lang='grc' dir='ltr'>ὄσφρησιν</span> <span class='ocrx_word' id='word_1_517' title='bbox 2536 2935 2611 2997; x_wconf 84' lang='grc' dir='ltr'><strong>εἰς</strong></span> <span class='ocrx_word' id='word_1_518' title='bbox 2668 2930 2930 2998; x_wconf 87' lang='grc' dir='ltr'>δυσώδεις</span> <span class='ocrx_word' id='word_1_519' title='bbox 2991 2931 3203 3006; x_wconf 60' lang='grc' dir='ltr'>ἡδονῶν</span> <span class='ocrx_word' id='word_1_520' title='bbox 3259 2931 3558 3010; x_wconf 82' lang='grc' dir='ltr'>άσολγείας,</span> <span class='ocrx_word' id='word_1_521' title='bbox 3585 2931 3640 2987; x_wconf 85' lang='grc' dir='ltr'>τὸ</span> <span class='ocrx_word' id='word_1_522' title='bbox 3664 2928 3803 3002; x_wconf 83' lang='grc' dir='ltr'>στόμα</span> 
     </span>
    </p>
   </div>
   <div class='ocr_carea' id='block_1_74' title="bbox 2215 3019 3803 3102">
    <p class='ocr_par' dir='ltr' id='par_1_74' title="bbox 2215 3019 3803 3102">
     <span class='ocr_line' id='line_1_74' title="bbox 2215 3019 3803 3102; baseline 0.001 -22"><span class='ocrx_word' id='word_1_523' title='bbox 2215 3025 2353 3100; x_wconf 86' lang='grc' dir='ltr'>πρὸς</span> <span class='ocrx_word' id='word_1_524' title='bbox 2396 3021 2649 3101; x_wconf 86' lang='grc' dir='ltr'>χοιρώδη</span> <span class='ocrx_word' id='word_1_525' title='bbox 2687 3026 3144 3102; x_wconf 85' lang='grc' dir='ltr'>γαστριμαργίαν,</span> <span class='ocrx_word' id='word_1_526' title='bbox 3201 3025 3302 3081; x_wconf 78' lang='grc' dir='ltr'><strong>τὰς</strong></span> <span class='ocrx_word' id='word_1_527' title='bbox 3331 3030 3515 3100; x_wconf 83' lang='grc' dir='ltr'>χεῖρας</span> <span class='ocrx_word' id='word_1_528' title='bbox 3556 3021 3678 3097; x_wconf 82' lang='grc' dir='ltr'>πρὸς</span> <span class='ocrx_word' id='word_1_529' title='bbox 3725 3019 3803 3091; x_wconf 72' lang='grc' dir='ltr'><strong>ἀρ·</strong></span> 
     </span>
    </p>
   </div>
   <div class='ocr_carea' id='block_1_75' title="bbox 2215 3105 3801 3190">
    <p class='ocr_par' dir='ltr' id='par_1_75' title="bbox 2215 3105 3801 3190">
     <span class='ocr_line' id='line_1_75' title="bbox 2215 3105 3801 3190; baseline -0.016 -3"><span class='ocrx_word' id='word_1_530' title='bbox 2215 3113 2409 3187; x_wconf 66' lang='grc' dir='ltr'>παγάςι</span> <span class='ocrx_word' id='word_1_531' title='bbox 2463 3112 2591 3177; x_wconf 65' lang='grc' dir='ltr'>τοὺς</span> <span class='ocrx_word' id='word_1_532' title='bbox 2643 3111 2814 3177; x_wconf 78' lang='grc' dir='ltr'>πόδας</span> <span class='ocrx_word' id='word_1_533' title='bbox 2842 3115 2978 3190; x_wconf 84' lang='grc' dir='ltr'>πρὸς</span> <span class='ocrx_word' id='word_1_534' title='bbox 3007 3112 3216 3189; x_wconf 85' lang='grc' dir='ltr'>δρόμον</span> <span class='ocrx_word' id='word_1_535' title='bbox 3252 3108 3570 3180; x_wconf 77' lang='grc' dir='ltr'>ἐπιϐουλῶν,</span> <span class='ocrx_word' id='word_1_536' title='bbox 3598 3107 3704 3168; x_wconf 77' lang='grc' dir='ltr'>τοὺς</span> <span class='ocrx_word' id='word_1_537' title='bbox 3727 3105 3801 3162; x_wconf 84' lang='grc' dir='ltr'>λο-</span> 
     </span>
    </p>
   </div>
   <div class='ocr_carea' id='block_1_76' title="bbox 2211 3193 3803 3281">
    <p class='ocr_par' dir='ltr' id='par_1_76' title="bbox 2211 3193 3803 3281">
     <span class='ocr_line' id='line_1_76' title="bbox 2211 3193 3803 3281; baseline -0.003 -23"><span class='ocrx_word' id='word_1_538' title='bbox 2211 3203 2447 3280; x_wconf 83' lang='grc' dir='ltr'>γισμοὺς</span> <span class='ocrx_word' id='word_1_539' title='bbox 2521 3204 2660 3281; x_wconf 88' lang='grc' dir='ltr'>πρὸς</span> <span class='ocrx_word' id='word_1_540' title='bbox 2711 3198 2956 3267; x_wconf 75' lang='grc' dir='ltr'>ἀσεϐείας</span> <span class='ocrx_word' id='word_1_541' title='bbox 3016 3202 3223 3279; x_wconf 78' lang='grc' dir='ltr'>βουλὰς</span> <span class='ocrx_word' id='word_1_542' title='bbox 3254 3247 3271 3276; x_wconf 88' lang='grc'><strong>,</strong></span> <span class='ocrx_word' id='word_1_543' title='bbox 3339 3205 3439 3274; x_wconf 80' lang='grc' dir='ltr'>τὴν</span> <span class='ocrx_word' id='word_1_544' title='bbox 3491 3200 3693 3274; x_wconf 88' lang='grc' dir='ltr'>γνώμην</span> <span class='ocrx_word' id='word_1_545' title='bbox 3743 3193 3803 3254; x_wconf 73' lang='grc' dir='ltr'>εἶς</span> 
     </span>
    </p>
   </div>
   <div class='ocr_carea' id='block_1_77' title="bbox 2215 3283 3804 3373">
    <p class='ocr_par' dir='ltr' id='par_1_77' title="bbox 2215 3283 3804 3373">
     <span class='ocr_line' id='line_1_77' title="bbox 2215 3283 3804 3373; baseline -0.001 -26"><span class='ocrx_word' id='word_1_546' title='bbox 2215 3291 2481 3370; x_wconf 77' lang='grc' dir='ltr'>ῥᾳθυμίας</span> <span class='ocrx_word' id='word_1_547' title='bbox 2512 3292 2839 3373; x_wconf 80' lang='grc' dir='ltr'>έμφόρησιν,</span> <span class='ocrx_word' id='word_1_548' title='bbox 2895 3293 2988 3349; x_wconf 87' lang='grc' dir='ltr'><strong>τὸν</strong></span> <span class='ocrx_word' id='word_1_549' title='bbox 3037 3298 3161 3348; x_wconf 89' lang='grc' dir='ltr'>νοῦν</span> <span class='ocrx_word' id='word_1_550' title='bbox 3218 3293 3295 3356; x_wconf 74' lang='grc' dir='ltr'>εἰς</span> <span class='ocrx_word' id='word_1_551' title='bbox 3350 3287 3591 3363; x_wconf 87' lang='grc' dir='ltr'>κτηνώδη</span> <span class='ocrx_word' id='word_1_552' title='bbox 3642 3283 3804 3373; x_wconf 20' lang='grc' dir='ltr'>διαγ-ω-</span> 
     </span>
    </p>
   </div>
   <div class='ocr_carea' id='block_1_78' title="bbox 2213 3371 3803 3458">
    <p class='ocr_par' dir='ltr' id='par_1_78' title="bbox 2213 3371 3803 3458">
     <span class='ocr_line' id='line_1_78' title="bbox 2213 3371 3803 3458; baseline -0.005 -21"><span class='ocrx_word' id='word_1_553' title='bbox 2213 3384 2339 3458; x_wconf 76' lang='grc' dir='ltr'>γήν·</span> <span class='ocrx_word' id='word_1_554' title='bbox 2373 3381 2526 3439; x_wconf 74' lang='grc' dir='ltr'>οὐδὲν</span> <span class='ocrx_word' id='word_1_555' title='bbox 2583 3371 2693 3440; x_wconf 80' lang='grc' dir='ltr'><strong>τῶν</strong></span> <span class='ocrx_word' id='word_1_556' title='bbox 2721 3389 2822 3453; x_wconf 82' lang='grc' dir='ltr'><strong>τῆς</strong></span> <span class='ocrx_word' id='word_1_557' title='bbox 2864 3380 3098 3458; x_wconf 84' lang='grc' dir='ltr'>λογικῆς</span> <span class='ocrx_word' id='word_1_558' title='bbox 3143 3380 3333 3444; x_wconf 81' lang='grc' dir='ltr'>οὐσίας</span> <span class='ocrx_word' id='word_1_559' title='bbox 3375 3382 3617 3456; x_wconf 87' lang='grc' dir='ltr'>τηροῦσιν</span> <span class='ocrx_word' id='word_1_560' title='bbox 3645 3371 3803 3448; x_wconf 74' lang='grc' dir='ltr'>ἀσκόρ·</span> 
     </span>
    </p>
   </div>
   <div class='ocr_carea' id='block_1_79' title="bbox 2211 3462 3800 3547">
    <p class='ocr_par' dir='ltr' id='par_1_79' title="bbox 2211 3462 3800 3547">
     <span class='ocr_line' id='line_1_79' title="bbox 2211 3462 3800 3547; baseline -0.008 -19"><span class='ocrx_word' id='word_1_561' title='bbox 2211 3493 2442 3531; x_wconf 87' lang='grc' dir='ltr'>πιστον.</span> <span class='ocrx_word' id='word_1_562' title='bbox 2499 3473 2600 3530; x_wconf 87' lang='grc' dir='ltr'><strong>Τὸν</strong></span> <span class='ocrx_word' id='word_1_563' title='bbox 2657 3472 2907 3529; x_wconf 81' lang='grc' dir='ltr'>τοιοῦτον</span> <span class='ocrx_word' id='word_1_564' title='bbox 2959 3469 3052 3528; x_wconf 74' lang='grc' dir='ltr'>οὖν</span> <span class='ocrx_word' id='word_1_565' title='bbox 3111 3471 3140 3526; x_wconf 85' lang='grc' dir='ltr'><strong>ὁ</strong></span> <span class='ocrx_word' id='word_1_566' title='bbox 3197 3471 3451 3547; x_wconf 84' lang='grc' dir='ltr'>Χριστὸς,</span> <span class='ocrx_word' id='word_1_567' title='bbox 3504 3469 3572 3530; x_wconf 83' lang='grc' dir='ltr'>ὡς</span> <span class='ocrx_word' id='word_1_568' title='bbox 3619 3462 3800 3540; x_wconf 81' lang='grc' dir='ltr'>λογικὸν</span> 
     </span>
    </p>
   </div>
   <div class='ocr_carea' id='block_1_80' title="bbox 2213 3555 3802 3636">
    <p class='ocr_par' dir='ltr' id='par_1_80' title="bbox 2213 3555 3802 3636">
     <span class='ocr_line' id='line_1_80' title="bbox 2213 3555 3802 3636; baseline -0.004 -18"><span class='ocrx_word' id='word_1_569' title='bbox 2213 3559 2617 3636; x_wconf 79' lang='grc' dir='ltr'>ἐσκοτισμένον,</span> <span class='ocrx_word' id='word_1_570' title='bbox 2667 3561 2758 3617; x_wconf 87' lang='grc' dir='ltr'><strong>καὶ</strong></span> <span class='ocrx_word' id='word_1_571' title='bbox 2802 3563 2871 3616; x_wconf 78' lang='grc' dir='ltr'>τὰ</span> <span class='ocrx_word' id='word_1_572' title='bbox 2911 3559 3188 3634; x_wconf 84' lang='grc' dir='ltr'>πρέποντα</span> <span class='ocrx_word' id='word_1_573' title='bbox 3243 3564 3325 3633; x_wconf 77' lang='grc' dir='ltr'><strong>τῷ</strong></span> <span class='ocrx_word' id='word_1_574' title='bbox 3382 3557 3527 3634; x_wconf 84' lang='grc' dir='ltr'>λόγῳ</span> <span class='ocrx_word' id='word_1_575' title='bbox 3551 3555 3680 3630; x_wconf 69' lang='grc' dir='ltr'>παρὰ</span> <span class='ocrx_word' id='word_1_576' title='bbox 3723 3556 3802 3619; x_wconf 83' lang='grc' dir='ltr'><strong>τῆς</strong></span> 
     </span>
    </p>
   </div>
   <div class='ocr_carea' id='block_1_81' title="bbox 2215 3638 3806 3730">
    <p class='ocr_par' dir='ltr' id='par_1_81' title="bbox 2215 3638 3806 3730">
     <span class='ocr_line' id='line_1_81' title="bbox 2215 3638 3806 3730; baseline -0.005 -23"><span class='ocrx_word' id='word_1_577' title='bbox 2215 3651 2425 3730; x_wconf 78' lang='grc' dir='ltr'>φύσεως</span> <span class='ocrx_word' id='word_1_578' title='bbox 2490 3653 2821 3707; x_wconf 78' lang='grc' dir='ltr'>ἀπαιτοῦντα</span> <span class='ocrx_word' id='word_1_579' title='bbox 2869 3652 2969 3720; x_wconf 79' lang='grc' dir='ltr'><strong>τῆς</strong></span> <span class='ocrx_word' id='word_1_580' title='bbox 3013 3651 3182 3712; x_wconf 86' lang='grc' dir='ltr'>θείας.</span> <span class='ocrx_word' id='word_1_581' title='bbox 3248 3647 3340 3706; x_wconf 77' lang='grc' dir='ltr'><strong>διὰ</strong></span> <span class='ocrx_word' id='word_1_582' title='bbox 3387 3654 3484 3718; x_wconf 80' lang='grc' dir='ltr'>τῆς</span> <span class='ocrx_word' id='word_1_583' title='bbox 3534 3638 3806 3720; x_wconf 74' lang='grc' dir='ltr'>παραϐολῆς</span> 
     </span>
    </p>
   </div>
   <div class='ocr_carea' id='block_1_82' title="bbox 2218 3730 3807 3816">
    <p class='ocr_par' dir='ltr' id='par_1_82' title="bbox 2218 3730 3807 3816">
     <span class='ocr_line' id='line_1_82' title="bbox 2218 3730 3807 3816; baseline -0.006 -19"><span class='ocrx_word' id='word_1_584' title='bbox 2218 3740 2548 3797; x_wconf 81' lang='grc' dir='ltr'>ὑποτίθεται·</span> <span class='ocrx_word' id='word_1_585' title='bbox 2608 3742 2726 3796; x_wconf 86' lang='grc' dir='ltr'>εἷτα</span> <span class='ocrx_word' id='word_1_586' title='bbox 2751 3740 2898 3816; x_wconf 76' lang='grc' dir='ltr'>παρὰ</span> <span class='ocrx_word' id='word_1_587' title='bbox 2945 3743 3080 3794; x_wconf 88' lang='grc' dir='ltr'>Θεοῦ</span> <span class='ocrx_word' id='word_1_588' title='bbox 3133 3738 3525 3812; x_wconf 70' lang='grc' dir='ltr'>κομιζόμενον,</span> <span class='ocrx_word' id='word_1_589' title='bbox 3555 3734 3634 3790; x_wconf 86' lang='grc' dir='ltr'><strong>καὶ</strong></span> <span class='ocrx_word' id='word_1_590' title='bbox 3679 3730 3807 3806; x_wconf 83' lang='grc' dir='ltr'>χρώ·-</span> 
     </span>
    </p>
   </div>
   <div class='ocr_carea' id='block_1_83' title="bbox 2223 3819 3808 3904">
    <p class='ocr_par' dir='ltr' id='par_1_83' title="bbox 2223 3819 3808 3904">
     <span class='ocr_line' id='line_1_83' title="bbox 2223 3819 3808 3904; baseline -0.009 -18"><span class='ocrx_word' id='word_1_591' title='bbox 2223 3852 2382 3904; x_wconf 91' lang='grc' dir='ltr'>μενον</span> <span class='ocrx_word' id='word_1_592' title='bbox 2439 3836 2556 3893; x_wconf 87' lang='grc' dir='ltr'>τοῖς</span> <span class='ocrx_word' id='word_1_593' title='bbox 2591 3826 2908 3904; x_wconf 81' lang='grc' dir='ltr'>δεδομένοις</span> <span class='ocrx_word' id='word_1_594' title='bbox 2937 3832 3143 3896; x_wconf 84' lang='grc' dir='ltr'>κακῶς,</span> <span class='ocrx_word' id='word_1_595' title='bbox 3191 3828 3287 3884; x_wconf 86' lang='grc' dir='ltr'><strong>καὶ</strong></span> <span class='ocrx_word' id='word_1_596' title='bbox 3341 3825 3569 3901; x_wconf 82' lang='grc' dir='ltr'>μάλιστα</span> <span class='ocrx_word' id='word_1_597' title='bbox 3593 3827 3686 3876; x_wconf 86' lang='grc' dir='ltr'><strong>τῶν</strong></span> <span class='ocrx_word' id='word_1_598' title='bbox 3733 3819 3808 3872; x_wconf 72' lang='grc' dir='ltr'><strong>τοῦ</strong></span> 
     </span>
    </p>
   </div>
   <div class='ocr_carea' id='block_1_84' title="bbox 2223 3909 3811 3998">
    <p class='ocr_par' dir='ltr' id='par_1_84' title="bbox 2223 3909 3811 3998">
     <span class='ocr_line' id='line_1_84' title="bbox 2223 3909 3811 3998; baseline -0.011 -20"><span class='ocrx_word' id='word_1_599' title='bbox 2223 3921 2595 3998; x_wconf 87' lang='grc' dir='ltr'>βαπτίσματος</span> <span class='ocrx_word' id='word_1_600' title='bbox 2642 3919 2942 3993; x_wconf 77' lang='grc' dir='ltr'>ἠξιωμένον</span> <span class='ocrx_word' id='word_1_601' title='bbox 3002 3918 3212 3987; x_wconf 88' lang='grc' dir='ltr'>καλῶν,</span> <span class='ocrx_word' id='word_1_602' title='bbox 3245 3920 3368 3975; x_wconf 77' lang='grc' dir='ltr'>ὅθεν</span> <span class='ocrx_word' id='word_1_603' title='bbox 3396 3916 3484 3973; x_wconf 84' lang='grc' dir='ltr'><strong>καὶ</strong></span> <span class='ocrx_word' id='word_1_604' title='bbox 3513 3914 3698 3971; x_wconf 80' lang='grc' dir='ltr'>ἄσωτον</span> <span class='ocrx_word' id='word_1_605' title='bbox 3721 3909 3811 3998; x_wconf 52' lang='grc' dir='ltr'>ὄνος</span> 
     </span>
    </p>
   </div>
   <div class='ocr_carea' id='block_1_85' title="bbox 2223 3993 3809 4086">
    <p class='ocr_par' dir='ltr' id='par_1_85' title="bbox 2223 3993 3809 4086">
     <span class='ocr_line' id='line_1_85' title="bbox 2223 3993 3809 4086; baseline -0.011 -18"><span class='ocrx_word' id='word_1_606' title='bbox 2223 3993 2401 4086; x_wconf 80' lang='grc' dir='ltr'>μάζει.</span> <span class='ocrx_word' id='word_1_607' title='bbox 2429 3993 2436 3995; x_wconf 14' lang='grc' dir='ltr'><strong><em>Ὗ</em></strong></span> <span class='ocrx_word' id='word_1_608' title='bbox 2463 4011 2594 4068; x_wconf 68' lang='grc' dir='ltr'>Εἶτα</span> <span class='ocrx_word' id='word_1_609' title='bbox 2649 4010 2784 4083; x_wconf 82' lang='grc' dir='ltr'><strong>μετᾶ</strong></span> <span class='ocrx_word' id='word_1_610' title='bbox 2823 4010 2924 4078; x_wconf 78' lang='grc' dir='ltr'>τὴν</span> <span class='ocrx_word' id='word_1_611' title='bbox 2953 4014 3063 4064; x_wconf 90' lang='grc' dir='ltr'><strong>τῶν</strong></span> <span class='ocrx_word' id='word_1_612' title='bbox 3096 4005 3400 4083; x_wconf 85' lang='grc' dir='ltr'>δεδομένων</span> <span class='ocrx_word' id='word_1_613' title='bbox 3434 4003 3704 4065; x_wconf 79' lang='grc' dir='ltr'>ἀπώλειαν,</span> <span class='ocrx_word' id='word_1_614' title='bbox 3740 3993 3809 4086; x_wconf 57' lang='grc' dir='ltr'><strong>καί</strong></span> 
     </span>
    </p>
   </div>
   <div class='ocr_carea' id='block_1_86' title="bbox 2219 4085 3810 4173">
    <p class='ocr_par' dir='ltr' id='par_1_86' title="bbox 2219 4085 3810 4173">
     <span class='ocr_line' id='line_1_86' title="bbox 2219 4085 3810 4173; baseline -0.009 -16"><span class='ocrx_word' id='word_1_615' title='bbox 2219 4100 2384 4158; x_wconf 85' lang='grc' dir='ltr'>πάλιν</span> <span class='ocrx_word' id='word_1_616' title='bbox 2443 4101 2540 4169; x_wconf 86' lang='grc' dir='ltr'><strong>τήν</strong></span> <span class='ocrx_word' id='word_1_617' title='bbox 2598 4097 2689 4155; x_wconf 73' lang='grc' dir='ltr'><strong>διὰ</strong></span> <span class='ocrx_word' id='word_1_618' title='bbox 2749 4098 3035 4173; x_wconf 82' lang='grc' dir='ltr'>μετανοίας</span> <span class='ocrx_word' id='word_1_619' title='bbox 3091 4099 3413 4169; x_wconf 79' lang='grc' dir='ltr'>ἀνάκτησιν,</span> <span class='ocrx_word' id='word_1_620' title='bbox 3469 4096 3562 4164; x_wconf 80' lang='grc' dir='ltr'>τὴν</span> <span class='ocrx_word' id='word_1_621' title='bbox 3588 4089 3714 4164; x_wconf 69' lang='grc' dir='ltr'>παρὰ</span> <span class='ocrx_word' id='word_1_622' title='bbox 3735 4085 3810 4142; x_wconf 68' lang='grc' dir='ltr'><strong>τοῦ</strong></span> 
     </span>
    </p>
   </div>
   <div class='ocr_carea' id='block_1_87' title="bbox 2220 4186 3444 4268">
    <p class='ocr_par' dir='ltr' id='par_1_87' title="bbox 2220 4186 3444 4268">
     <span class='ocr_line' id='line_1_87' title="bbox 2220 4186 3444 4268; baseline -0.004 -22"><span class='ocrx_word' id='word_1_623' title='bbox 2220 4193 2353 4247; x_wconf 79' lang='grc' dir='ltr'>Θεοῦ</span> <span class='ocrx_word' id='word_1_624' title='bbox 2383 4187 2793 4268; x_wconf 81' lang='grc' dir='ltr'>φιλανθρωπίαν</span> <span class='ocrx_word' id='word_1_625' title='bbox 2827 4186 2905 4250; x_wconf 73' lang='grc' dir='ltr'><strong>εἷς</strong></span> <span class='ocrx_word' id='word_1_626' title='bbox 2935 4186 3095 4242; x_wconf 84' lang='grc' dir='ltr'>αὐτὸν</span> <span class='ocrx_word' id='word_1_627' title='bbox 3121 4187 3444 4262; x_wconf 83' lang='grc' dir='ltr'>γινομένην.</span> 
     </span>
    </p>
   </div>
   <div class='ocr_carea' id='block_1_88' title="bbox 2291 4286 3816 4372">
    <p class='ocr_par' dir='ltr' id='par_1_88' title="bbox 2291 4286 3816 4372">
     <span class='ocr_line' id='line_1_88' title="bbox 2291 4286 3816 4372; baseline -0.012 -16"><span class='ocrx_word' id='word_1_628' title='bbox 2291 4300 2347 4354; x_wconf 90' lang='grc'><strong>6.</strong></span> <span class='ocrx_word' id='word_1_629' title='bbox 2407 4290 2748 4372; x_wconf 80' lang='grc' dir='ltr'>Ἐνεγκόντες</span> <span class='ocrx_word' id='word_1_630' title='bbox 2801 4294 2927 4370; x_wconf 76' lang='grc' dir='ltr'>γὰρ,</span> <span class='ocrx_word' id='word_1_631' title='bbox 2988 4292 3161 4372; x_wconf 80' lang='grc' dir='ltr'>φησὶ,</span> <span class='ocrx_word' id='word_1_632' title='bbox 3221 4293 3316 4349; x_wconf 82' lang='grc' dir='ltr'><strong>τὸν</strong></span> <span class='ocrx_word' id='word_1_633' title='bbox 3377 4290 3578 4365; x_wconf 85' lang='grc' dir='ltr'>μόσχον</span> <span class='ocrx_word' id='word_1_634' title='bbox 3625 4286 3707 4342; x_wconf 84' lang='grc' dir='ltr'>τὸν</span> <span class='ocrx_word' id='word_1_635' title='bbox 3753 4301 3816 4372; x_wconf 63' lang='lat' dir='ltr'><strong>ct-</strong></span> 
     </span>
    </p>
   </div>
   <div class='ocr_carea' id='block_1_89' title="bbox 468 4369 2104 4465">
    <p class='ocr_par' dir='ltr' id='par_1_89' title="bbox 468 4369 2104 4465">
     <span class='ocr_line' id='line_1_89' title="bbox 468 4369 2104 4465; baseline 0.005 -23"><span class='ocrx_word' id='word_1_636' title='bbox 468 4391 635 4458; x_wconf 80' lang='lat' dir='ltr'><strong>clate,</strong></span> <span class='ocrx_word' id='word_1_637' title='bbox 667 4391 720 4442; x_wconf 84' lang='lat' dir='ltr'><strong>et</strong></span> <span class='ocrx_word' id='word_1_638' title='bbox 769 4387 1163 4444; x_wconf 82' lang='lat' dir='ltr'><strong>manducemus</strong></span> <span class='ocrx_word' id='word_1_639' title='bbox 1209 4397 1261 4444; x_wconf 73' lang='lat' dir='ltr'><strong>et</strong></span> <span class='ocrx_word' id='word_1_640' title='bbox 1306 4389 1429 4446; x_wconf 65' lang='lat' dir='ltr'><strong>laeti</strong></span> <span class='ocrx_word' id='word_1_641' title='bbox 1471 4369 1767 4462; x_wconf 73' lang='lat' dir='ltr'><strong>epulemur</strong></span> <span class='ocrx_word' id='word_1_642' title='bbox 1797 4408 1812 4449; x_wconf 91' lang='lat'><strong>:</strong></span> <span class='ocrx_word' id='word_1_643' title='bbox 1844 4369 1977 4465; x_wconf 77' lang='lat' dir='ltr'><strong>quia</strong></span> <span class='ocrx_word' id='word_1_644' title='bbox 2027 4395 2104 4450; x_wconf 70' lang='lat' dir='ltr'><strong>hic</strong></span> 
     </span>
    </p>
   </div>
   <div class='ocr_carea' id='block_1_90' title="bbox 2217 4369 3813 4465">
    <p class='ocr_par' dir='ltr' id='par_1_90' title="bbox 2223 4369 3813 4465">
     <span class='ocr_line' id='line_1_90' title="bbox 2223 4369 3813 4465; baseline -0.008 -25"><span class='ocrx_word' id='word_1_645' title='bbox 2223 4385 2433 4455; x_wconf 87' lang='grc' dir='ltr'>τευτὸν,</span> <span class='ocrx_word' id='word_1_646' title='bbox 2519 4369 2732 4452; x_wconf 79' lang='grc' dir='ltr'>θύσατε,</span> <span class='ocrx_word' id='word_1_647' title='bbox 2815 4369 2906 4438; x_wconf 85' lang='grc' dir='ltr'><strong>καὶ</strong></span> <span class='ocrx_word' id='word_1_648' title='bbox 2978 4369 3245 4458; x_wconf 68' lang='grc' dir='ltr'>(ραγόντες</span> <span class='ocrx_word' id='word_1_649' title='bbox 3322 4380 3700 4465; x_wconf 74' lang='grc' dir='ltr'>εὐφρανθῶμεν·</span> <span class='ocrx_word' id='word_1_650' title='bbox 3750 4369 3813 4465; x_wconf 61' lang='grc' dir='ltr'><strong>ετξ</strong></span> 
     </span>
    </p>
   </div>
   <div class='ocr_carea' id='block_1_91' title="bbox 469 4476 2116 4554">
    <p class='ocr_par' dir='ltr' id='par_1_91' title="bbox 469 4476 2116 4554">
     <span class='ocr_line' id='line_1_91' title="bbox 469 4476 2116 4554; baseline 0.004 -22"><span class='ocrx_word' id='word_1_651' title='bbox 469 4477 622 4548; x_wconf 78' lang='lat' dir='ltr'><strong>ﬁlius</strong></span> <span class='ocrx_word' id='word_1_652' title='bbox 651 4492 821 4543; x_wconf 80' lang='lat' dir='ltr'><strong>meus,</strong></span> <span class='ocrx_word' id='word_1_653' title='bbox 856 4492 1099 4533; x_wconf 67' lang='lat' dir='ltr'><strong>summae</strong></span> <span class='ocrx_word' id='word_1_654' title='bbox 1133 4476 1436 4534; x_wconf 87' lang='lat' dir='ltr'><strong>charitatis</strong></span> <span class='ocrx_word' id='word_1_655' title='bbox 1471 4496 1681 4536; x_wconf 89' lang='lat' dir='ltr'><strong>nomen</strong></span> <span class='ocrx_word' id='word_1_656' title='bbox 1722 4483 1876 4554; x_wconf 91' lang='lat' dir='ltr'><strong>quod</strong></span> <span class='ocrx_word' id='word_1_657' title='bbox 1931 4482 2116 4539; x_wconf 82' lang='lat' dir='ltr'><strong>fideli-</strong></span> 
     </span>
    </p>
   </div>
   <div class='ocr_carea' id='block_1_92' title="bbox 2225 4456 3816 4547">
    <p class='ocr_par' dir='ltr' id='par_1_92' title="bbox 2225 4456 3816 4547">
     <span class='ocr_line' id='line_1_92' title="bbox 2225 4456 3816 4547; baseline -0.01 -17"><span class='ocrx_word' id='word_1_658' title='bbox 2225 4475 2383 4539; x_wconf 82' lang='grc' dir='ltr'>οὗτος</span> <span class='ocrx_word' id='word_1_659' title='bbox 2433 4475 2462 4529; x_wconf 84' lang='grc' dir='ltr'><strong>ὁ</strong></span> <span class='ocrx_word' id='word_1_660' title='bbox 2520 4473 2637 4536; x_wconf 76' lang='grc' dir='ltr'>υἱός</span> <span class='ocrx_word' id='word_1_661' title='bbox 2697 4493 2840 4547; x_wconf 88' lang='grc' dir='ltr'>μου,</span> <span class='ocrx_word' id='word_1_662' title='bbox 2892 4456 3058 4545; x_wconf 75' lang='grc' dir='ltr'>ἄκρας</span> <span class='ocrx_word' id='word_1_663' title='bbox 3118 4456 3460 4540; x_wconf 75' lang='grc' dir='ltr'>οἰκειότητος</span> <span class='ocrx_word' id='word_1_664' title='bbox 3511 4463 3698 4539; x_wconf 80' lang='grc' dir='ltr'>ὄνομα,</span> <span class='ocrx_word' id='word_1_665' title='bbox 3745 4456 3816 4547; x_wconf 54' lang='grc' dir='ltr'><strong>καί</strong></span> 
     </span>
    </p>
   </div>
   <div class='ocr_carea' id='block_1_93' title="bbox 470 4533 2104 4642">
    <p class='ocr_par' dir='ltr' id='par_1_93' title="bbox 470 4533 2104 4642">
     <span class='ocr_line' id='line_1_93' title="bbox 470 4533 2082 4554; baseline 0.005 -13"><span class='ocrx_word' id='word_1_666' title='bbox 470 4533 481 4548; x_wconf 94' lang='grc'><strong>,</strong></span> <span class='ocrx_word' id='word_1_667' title='bbox 809 4533 821 4543; x_wconf 93' lang='grc'><strong><em>,</em></strong></span> <span class='ocrx_word' id='word_1_668' title='bbox 1212 4533 1217 4534; x_wconf 42' lang='grc' dir='ltr'><em>κ</em></span> <span class='ocrx_word' id='word_1_669' title='bbox 1309 4533 1312 4534; x_wconf 44' lang='grc' dir='ltr'><em>ν</em></span> <span class='ocrx_word' id='word_1_670' title='bbox 1373 4533 1427 4534; x_wconf 47' lang='grc' dir='ltr'>η</span> <span class='ocrx_word' id='word_1_671' title='bbox 1729 4533 1876 4554; x_wconf 58' lang='grc' dir='ltr'><strong><em>γη</em></strong></span> <span class='ocrx_word' id='word_1_672' title='bbox 1931 4533 2082 4539; x_wconf 64' lang='grc' dir='ltr'><strong>--πυ</strong></span> 
     </span>
     <span class='ocr_line' id='line_1_94' title="bbox 470 4565 2104 4642; baseline 0.004 -20"><span class='ocrx_word' id='word_1_673' title='bbox 470 4566 582 4622; x_wconf 93' lang='lat' dir='ltr'><strong>bus</strong></span> <span class='ocrx_word' id='word_1_674' title='bbox 614 4565 817 4622; x_wconf 90' lang='lat' dir='ltr'><strong>datum</strong></span> <span class='ocrx_word' id='word_1_675' title='bbox 848 4565 1062 4634; x_wconf 90' lang='lat' dir='ltr'><strong>innuit,</strong></span> <span class='ocrx_word' id='word_1_676' title='bbox 1093 4569 1344 4623; x_wconf 74' lang='lat' dir='ltr'><strong>mortuus</strong></span> <span class='ocrx_word' id='word_1_677' title='bbox 1370 4577 1492 4624; x_wconf 80' lang='lat' dir='ltr'><strong>erat</strong></span> <span class='ocrx_word' id='word_1_678' title='bbox 1521 4572 1571 4625; x_wconf 83' lang='lat' dir='ltr'><strong>et</strong></span> <span class='ocrx_word' id='word_1_679' title='bbox 1598 4569 2104 4642; x_wconf 70' lang='lat' dir='ltr'><strong>perierat,summts</strong></span> 
     </span>
    </p>
   </div>
   <div class='ocr_carea' id='block_1_94' title="bbox 2217 4533 3815 4642">
    <p class='ocr_par' dir='ltr' id='par_1_94' title="bbox 2232 4533 3815 4642">
     <span class='ocr_line' id='line_1_95' title="bbox 2232 4533 3815 4642; baseline -0.008 -23"><span class='ocrx_word' id='word_1_680' title='bbox 2232 4563 2526 4639; x_wconf 81' lang='grc' dir='ltr'>μηνυτικὸν</span> <span class='ocrx_word' id='word_1_681' title='bbox 2575 4533 2708 4626; x_wconf 45' lang='grc' dir='ltr'><strong>τοῖς1</strong></span> <span class='ocrx_word' id='word_1_682' title='bbox 2748 4533 2973 4623; x_wconf 44' lang='grc' dir='ltr'>πιστοῖς.</span> <span class='ocrx_word' id='word_1_683' title='bbox 3011 4557 3307 4634; x_wconf 86' lang='grc' dir='ltr'>δεδομένου</span> <span class='ocrx_word' id='word_1_684' title='bbox 3341 4603 3356 4628; x_wconf 90' lang='grc'><strong>,</strong></span> <span class='ocrx_word' id='word_1_685' title='bbox 3415 4556 3592 4633; x_wconf 87' lang='grc' dir='ltr'>νεκρὸς</span> <span class='ocrx_word' id='word_1_686' title='bbox 3645 4545 3815 4642; x_wconf 33' lang='grc' dir='ltr'><strong>ἦν-καῖ</strong></span> 
     </span>
    </p>
   </div>
   <div class='ocr_carea' id='block_1_95' title="bbox 470 4654 2114 4728">
    <p class='ocr_par' dir='ltr' id='par_1_95' title="bbox 470 4654 2114 4728">
     <span class='ocr_line' id='line_1_96' title="bbox 470 4654 2114 4728; baseline 0.004 -16"><span class='ocrx_word' id='word_1_687' title='bbox 470 4655 845 4712; x_wconf 86' lang='lat' dir='ltr'><strong>alienationis</strong></span> <span class='ocrx_word' id='word_1_688' title='bbox 892 4654 1228 4728; x_wconf 89' lang='lat' dir='ltr'><strong>appellatio.</strong></span> <span class='ocrx_word' id='word_1_689' title='bbox 1280 4657 1428 4722; x_wconf 86' lang='lat' dir='ltr'><strong>Quid</strong></span> <span class='ocrx_word' id='word_1_690' title='bbox 1479 4659 1635 4714; x_wconf 92' lang='lat' dir='ltr'><strong>enim</strong></span> <span class='ocrx_word' id='word_1_691' title='bbox 1694 4677 1729 4716; x_wconf 90' lang='lat' dir='ltr'><strong>a</strong></span> <span class='ocrx_word' id='word_1_692' title='bbox 1785 4660 2114 4718; x_wconf 86' lang='lat' dir='ltr'><strong>viventibus</strong></span> 
     </span>
    </p>
   </div>
   <div class='ocr_carea' id='block_1_96' title="bbox 470 4743 2112 4822">
    <p class='ocr_par' dir='ltr' id='par_1_96' title="bbox 470 4743 2112 4822">
     <span class='ocr_line' id='line_1_97' title="bbox 470 4743 2112 4822; baseline 0.004 -22"><span class='ocrx_word' id='word_1_693' title='bbox 470 4743 720 4814; x_wconf 89' lang='lat' dir='ltr'><strong>alienus,</strong></span> <span class='ocrx_word' id='word_1_694' title='bbox 755 4761 930 4816; x_wconf 89' lang='lat' dir='ltr'><strong>quam</strong></span> <span class='ocrx_word' id='word_1_695' title='bbox 960 4746 1116 4816; x_wconf 92' lang='lat' dir='ltr'><strong>quod</strong></span> <span class='ocrx_word' id='word_1_696' title='bbox 1163 4751 1462 4803; x_wconf 90' lang='lat' dir='ltr'><strong>mortuum</strong></span> <span class='ocrx_word' id='word_1_697' title='bbox 1495 4753 1581 4804; x_wconf 89' lang='lat' dir='ltr'><strong>est</strong></span> <span class='ocrx_word' id='word_1_698' title='bbox 1611 4764 1677 4804; x_wconf 89' lang='lat' dir='ltr'><strong>ac</strong></span> <span class='ocrx_word' id='word_1_699' title='bbox 1708 4749 1922 4822; x_wconf 82' lang='lat' dir='ltr'><strong>periit?</strong></span> <span class='ocrx_word' id='word_1_700' title='bbox 1965 4766 2112 4806; x_wconf 85' lang='lat' dir='ltr'><strong>neu-</strong></span> 
     </span>
    </p>
   </div>
   <div class='ocr_carea' id='block_1_97' title="bbox 365 4833 2112 4910">
    <p class='ocr_par' dir='ltr' id='par_1_97' title="bbox 365 4833 2112 4910">
     <span class='ocr_line' id='line_1_98' title="bbox 365 4833 2112 4910; baseline 0.005 -22"><span class='ocrx_word' id='word_1_701' title='bbox 365 4857 378 4872; x_wconf 87' lang='lat'><strong>-</strong></span> <span class='ocrx_word' id='word_1_702' title='bbox 468 4836 625 4889; x_wconf 87' lang='lat' dir='ltr'><strong>trum</strong></span> <span class='ocrx_word' id='word_1_703' title='bbox 658 4833 813 4890; x_wconf 91' lang='lat' dir='ltr'><strong>enim</strong></span> <span class='ocrx_word' id='word_1_704' title='bbox 847 4833 1133 4905; x_wconf 88' lang='lat' dir='ltr'><strong>possideri</strong></span> <span class='ocrx_word' id='word_1_705' title='bbox 1152 4834 1410 4908; x_wconf 89' lang='lat' dir='ltr'><strong>amplius</strong></span> <span class='ocrx_word' id='word_1_706' title='bbox 1461 4842 1670 4910; x_wconf 90' lang='lat' dir='ltr'><strong>potest.</strong></span> <span class='ocrx_word' id='word_1_707' title='bbox 1692 4839 1801 4894; x_wconf 90' lang='lat' dir='ltr'><strong>Sed</strong></span> <span class='ocrx_word' id='word_1_708' title='bbox 1823 4855 2112 4896; x_wconf 88' lang='lat' dir='ltr'><strong>esumma</strong></span> 
     </span>
    </p>
   </div>
   <div class='ocr_carea' id='block_1_98' title="bbox 466 4922 2109 4984">
    <p class='ocr_par' dir='ltr' id='par_1_98' title="bbox 466 4922 2109 4984">
     <span class='ocr_line' id='line_1_99' title="bbox 466 4922 2109 4984; baseline 0.004 -6"><span class='ocrx_word' id='word_1_709' title='bbox 466 4922 771 4979; x_wconf 87' lang='lat' dir='ltr'><strong>charitatis</strong></span> <span class='ocrx_word' id='word_1_710' title='bbox 795 4923 1228 4981; x_wconf 88' lang='lat' dir='ltr'><strong>necessitudine</strong></span> <span class='ocrx_word' id='word_1_711' title='bbox 1259 4924 1319 4980; x_wconf 90' lang='lat' dir='ltr'><strong>in</strong></span> <span class='ocrx_word' id='word_1_712' title='bbox 1351 4942 1580 4983; x_wconf 90' lang='lat' dir='ltr'><strong>summe</strong></span> <span class='ocrx_word' id='word_1_713' title='bbox 1609 4927 1862 4983; x_wconf 91' lang='lat' dir='ltr'><strong>alienam</strong></span> <span class='ocrx_word' id='word_1_714' title='bbox 1883 4927 2109 4984; x_wconf 83' lang='lat' dir='ltr'><strong>excide-</strong></span> 
     </span>
    </p>
   </div>
   <div class='ocr_carea' id='block_1_99' title="bbox 470 5013 2114 5074">
    <p class='ocr_par' dir='ltr' id='par_1_99' title="bbox 470 5013 2114 5074">
     <span class='ocr_line' id='line_1_100' title="bbox 470 5013 2114 5074; baseline 0.004 -7"><span class='ocrx_word' id='word_1_715' title='bbox 470 5017 562 5068; x_wconf 90' lang='lat' dir='ltr'><strong>rat</strong></span> <span class='ocrx_word' id='word_1_716' title='bbox 592 5013 986 5069; x_wconf 90' lang='lat' dir='ltr'><strong>conditionem</strong></span> <span class='ocrx_word' id='word_1_717' title='bbox 1021 5029 1034 5068; x_wconf 93' lang='lat'>:</span> <span class='ocrx_word' id='word_1_718' title='bbox 1070 5013 1140 5069; x_wconf 88' lang='lat' dir='ltr'><strong>ad</strong></span> <span class='ocrx_word' id='word_1_719' title='bbox 1175 5030 1467 5070; x_wconf 90' lang='lat' dir='ltr'><strong>summam</strong></span> <span class='ocrx_word' id='word_1_720' title='bbox 1483 5015 1789 5072; x_wconf 88' lang='lat' dir='ltr'><strong>charitatis</strong></span> <span class='ocrx_word' id='word_1_721' title='bbox 1813 5016 2114 5074; x_wconf 86' lang='lat' dir='ltr'><strong>familiari-</strong></span> 
     </span>
    </p>
   </div>
   <div class='ocr_carea' id='block_1_100' title="bbox 468 5100 2114 5175">
    <p class='ocr_par' dir='ltr' id='par_1_100' title="bbox 468 5100 2114 5175">
     <span class='ocr_line' id='line_1_101' title="bbox 468 5100 2114 5175; baseline 0.005 -20"><span class='ocrx_word' id='word_1_722' title='bbox 468 5105 646 5156; x_wconf 89' lang='lat' dir='ltr'><strong>tatem</strong></span> <span class='ocrx_word' id='word_1_723' title='bbox 679 5100 892 5157; x_wconf 90' lang='lat' dir='ltr'><strong>iterum</strong></span> <span class='ocrx_word' id='word_1_724' title='bbox 927 5103 1234 5158; x_wconf 87' lang='lat' dir='ltr'><strong>revertitur</strong></span> <span class='ocrx_word' id='word_1_725' title='bbox 1285 5119 1388 5175; x_wconf 90' lang='lat' dir='ltr'><strong>per</strong></span> <span class='ocrx_word' id='word_1_726' title='bbox 1428 5105 1851 5174; x_wconf 80' lang='lat' dir='ltr'><strong>paenitentiam.</strong></span> <span class='ocrx_word' id='word_1_727' title='bbox 1895 5105 2114 5164; x_wconf 81' lang='lat' dir='ltr'><strong>Induile</strong></span> 
     </span>
    </p>
   </div>
   <div class='ocr_carea' id='block_1_101' title="bbox 466 5188 2113 5265">
    <p class='ocr_par' dir='ltr' id='par_1_101' title="bbox 466 5188 2113 5265">
     <span class='ocr_line' id='line_1_102' title="bbox 466 5188 2113 5265; baseline 0.004 -20"><span class='ocrx_word' id='word_1_728' title='bbox 466 5189 623 5246; x_wconf 89' lang='lat' dir='ltr'><strong>enim</strong></span> <span class='ocrx_word' id='word_1_729' title='bbox 655 5188 839 5259; x_wconf 72' lang='lat' dir='ltr'><strong>illum,</strong></span> <span class='ocrx_word' id='word_1_730' title='bbox 872 5189 1084 5262; x_wconf 81' lang='lat' dir='ltr'><strong>inquit.</strong></span> <span class='ocrx_word' id='word_1_731' title='bbox 1112 5192 1311 5247; x_wconf 78' lang='lat' dir='ltr'><strong>stolam</strong></span> <span class='ocrx_word' id='word_1_732' title='bbox 1359 5195 1620 5262; x_wconf 78' lang='lat' dir='ltr'><strong>primam,</strong></span> <span class='ocrx_word' id='word_1_733' title='bbox 1672 5210 1851 5265; x_wconf 91' lang='lat' dir='ltr'><strong>quam</strong></span> <span class='ocrx_word' id='word_1_734' title='bbox 1906 5195 2113 5252; x_wconf 89' lang='lat' dir='ltr'><strong>habuit</strong></span> 
     </span>
    </p>
   </div>
   <div class='ocr_carea' id='block_1_102' title="bbox 464 5280 2110 5357">
    <p class='ocr_par' dir='ltr' id='par_1_102' title="bbox 464 5280 2110 5357">
     <span class='ocr_line' id='line_1_103' title="bbox 464 5280 2110 5357; baseline 0.004 -22"><span class='ocrx_word' id='word_1_735' title='bbox 464 5284 606 5336; x_wconf 88' lang='lat' dir='ltr'><strong>tunc</strong></span> <span class='ocrx_word' id='word_1_736' title='bbox 638 5280 863 5345; x_wconf 89' lang='lat' dir='ltr'><strong>statim,</strong></span> <span class='ocrx_word' id='word_1_737' title='bbox 897 5296 1032 5336; x_wconf 90' lang='lat' dir='ltr'><strong>cum</strong></span> <span class='ocrx_word' id='word_1_738' title='bbox 1055 5281 1387 5352; x_wconf 88' lang='lat' dir='ltr'><strong>baptismus</strong></span> <span class='ocrx_word' id='word_1_739' title='bbox 1422 5281 1532 5352; x_wconf 89' lang='lat' dir='ltr'><strong>ipsi</strong></span> <span class='ocrx_word' id='word_1_740' title='bbox 1556 5283 1821 5357; x_wconf 86' lang='lat' dir='ltr'><strong>contigit.</strong></span> <span class='ocrx_word' id='word_1_741' title='bbox 1852 5283 2110 5341; x_wconf 87' lang='lat' dir='ltr'><strong>Gloriam</strong></span> 
     </span>
    </p>
   </div>
   <div class='ocr_carea' id='block_1_103' title="bbox 465 5368 2116 5445">
    <p class='ocr_par' dir='ltr' id='par_1_103' title="bbox 465 5368 2116 5445">
     <span class='ocr_line' id='line_1_104' title="bbox 465 5368 2116 5445; baseline 0.004 -20"><span class='ocrx_word' id='word_1_742' title='bbox 465 5368 730 5442; x_wconf 88' lang='lat' dir='ltr'><strong>intelligo</strong></span> <span class='ocrx_word' id='word_1_743' title='bbox 763 5369 1160 5441; x_wconf 87' lang='lat' dir='ltr'><strong>baptismatis,</strong></span> <span class='ocrx_word' id='word_1_744' title='bbox 1195 5369 1598 5426; x_wconf 87' lang='lat' dir='ltr'><strong>remissionem</strong></span> <span class='ocrx_word' id='word_1_745' title='bbox 1629 5379 2024 5445; x_wconf 89' lang='lat' dir='ltr'><strong>peccatorum,</strong></span> <span class='ocrx_word' id='word_1_746' title='bbox 2058 5379 2116 5431; x_wconf 90' lang='lat' dir='ltr'><strong>et</strong></span> 
     </span>
    </p>
   </div>
   <div class='ocr_carea' id='block_1_104' title="bbox 471 5458 2114 5536">
    <p class='ocr_par' dir='ltr' id='par_1_104' title="bbox 471 5458 2114 5536">
     <span class='ocr_line' id='line_1_105' title="bbox 471 5458 2114 5536; baseline 0.002 -21"><span class='ocrx_word' id='word_1_747' title='bbox 471 5459 719 5515; x_wconf 87' lang='lat' dir='ltr'><strong>aliorum</strong></span> <span class='ocrx_word' id='word_1_748' title='bbox 754 5458 1046 5515; x_wconf 90' lang='lat' dir='ltr'><strong>honorum</strong></span> <span class='ocrx_word' id='word_1_749' title='bbox 1079 5458 1520 5533; x_wconf 83' lang='lat' dir='ltr'><strong>exhibitionem,</strong></span> <span class='ocrx_word' id='word_1_750' title='bbox 1544 5479 1721 5536; x_wconf 88' lang='lat' dir='ltr'><strong>quam</strong></span> <span class='ocrx_word' id='word_1_751' title='bbox 1747 5463 1949 5520; x_wconf 90' lang='lat' dir='ltr'><strong>statim</strong></span> <span class='ocrx_word' id='word_1_752' title='bbox 1981 5479 2114 5519; x_wconf 90' lang='lat' dir='ltr'><strong>cum</strong></span> 
     </span>
    </p>
   </div>
   <div class='ocr_carea' id='block_1_105' title="bbox 466 5549 2113 5623">
    <p class='ocr_par' dir='ltr' id='par_1_105' title="bbox 466 5549 2113 5623">
     <span class='ocr_line' id='line_1_106' title="bbox 466 5549 2113 5623; baseline 0.002 -18"><span class='ocrx_word' id='word_1_753' title='bbox 466 5549 763 5606; x_wconf 86' lang='lat' dir='ltr'><strong>lavacrum</strong></span> <span class='ocrx_word' id='word_1_754' title='bbox 799 5549 1016 5623; x_wconf 87' lang='lat' dir='ltr'><strong>attigit,</strong></span> <span class='ocrx_word' id='word_1_755' title='bbox 1048 5553 1138 5607; x_wconf 91' lang='lat' dir='ltr'><strong>est</strong></span> <span class='ocrx_word' id='word_1_756' title='bbox 1167 5556 1538 5609; x_wconf 90' lang='lat' dir='ltr'><strong>consecutus.</strong></span> <span class='ocrx_word' id='word_1_757' title='bbox 1570 5553 1636 5610; x_wconf 73' lang='lat' dir='ltr'><strong>Et</strong></span> <span class='ocrx_word' id='word_1_758' title='bbox 1663 5555 1793 5611; x_wconf 78' lang='lat' dir='ltr'><strong>date</strong></span> <span class='ocrx_word' id='word_1_759' title='bbox 1843 5553 2113 5610; x_wconf 84' lang='lat' dir='ltr'><strong>annulum</strong></span> 
     </span>
    </p>
   </div>
   <div class='ocr_carea' id='block_1_106' title="bbox 465 5641 2113 5715">
    <p class='ocr_par' dir='ltr' id='par_1_106' title="bbox 465 5641 2113 5715">
     <span class='ocr_line' id='line_1_107' title="bbox 465 5641 2113 5715; baseline 0.003 -19"><span class='ocrx_word' id='word_1_760' title='bbox 465 5641 525 5697; x_wconf 74' lang='lat' dir='ltr'><strong>in</strong></span> <span class='ocrx_word' id='word_1_761' title='bbox 557 5657 782 5698; x_wconf 85' lang='lat' dir='ltr'><strong>manum</strong></span> <span class='ocrx_word' id='word_1_762' title='bbox 812 5641 963 5715; x_wconf 69' lang='lat' dir='ltr'><strong>ejus;</strong></span> <span class='ocrx_word' id='word_1_763' title='bbox 1025 5658 1128 5714; x_wconf 88' lang='lat' dir='ltr'><strong>per</strong></span> <span class='ocrx_word' id='word_1_764' title='bbox 1174 5641 1283 5700; x_wconf 91' lang='lat' dir='ltr'><strong>hoc</strong></span> <span class='ocrx_word' id='word_1_765' title='bbox 1340 5641 1634 5703; x_wconf 85' lang='lat' dir='ltr'><strong>indicatur</strong></span> <span class='ocrx_word' id='word_1_766' title='bbox 1687 5649 1740 5703; x_wconf 88' lang='lat' dir='ltr'><strong>S.</strong></span> <span class='ocrx_word' id='word_1_767' title='bbox 1802 5644 2113 5702; x_wconf 87' lang='lat' dir='ltr'><strong>Trinitas:</strong></span> 
     </span>
    </p>
   </div>
   <div class='ocr_carea' id='block_1_107' title="bbox 2227 4639 3816 4729">
    <p class='ocr_par' dir='ltr' id='par_1_107' title="bbox 2227 4639 3816 4729">
     <span class='ocr_line' id='line_1_108' title="bbox 2227 4639 3816 4729; baseline -0.01 -19"><span class='ocrx_word' id='word_1_768' title='bbox 2227 4651 2558 4723; x_wconf 80' lang='grc' dir='ltr'>ἀπολωλὼς,</span> <span class='ocrx_word' id='word_1_769' title='bbox 2589 4650 2752 4729; x_wconf 77' lang='grc' dir='ltr'>ἄκρας</span> <span class='ocrx_word' id='word_1_770' title='bbox 2809 4648 3244 4727; x_wconf 78' lang='grc' dir='ltr'>ἀλλοτριότητος</span> <span class='ocrx_word' id='word_1_771' title='bbox 3307 4647 3479 4725; x_wconf 80' lang='grc' dir='ltr'>ῥῆσις·</span> <span class='ocrx_word' id='word_1_772' title='bbox 3508 4643 3560 4701; x_wconf 84' lang='grc' dir='ltr'><strong>τί</strong></span> <span class='ocrx_word' id='word_1_773' title='bbox 3595 4642 3684 4719; x_wconf 76' lang='grc' dir='ltr'>γὰρ</span> <span class='ocrx_word' id='word_1_774' title='bbox 3709 4639 3816 4693; x_wconf 77' lang='grc' dir='ltr'>ἀπο·</span> 
     </span>
    </p>
   </div>
   <div class='ocr_carea' id='block_1_108' title="bbox 2226 4735 3819 4817">
    <p class='ocr_par' dir='ltr' id='par_1_108' title="bbox 2226 4735 3819 4817">
     <span class='ocr_line' id='line_1_109' title="bbox 2226 4735 3819 4817; baseline -0.009 -19"><span class='ocrx_word' id='word_1_775' title='bbox 2226 4741 2478 4806; x_wconf 86' lang='grc' dir='ltr'>λωλότος</span> <span class='ocrx_word' id='word_1_776' title='bbox 2509 4743 2597 4797; x_wconf 88' lang='grc' dir='ltr'><strong>καὶ</strong></span> <span class='ocrx_word' id='word_1_777' title='bbox 2626 4744 2818 4817; x_wconf 86' lang='grc' dir='ltr'>νεκροῦ</span> <span class='ocrx_word' id='word_1_778' title='bbox 2860 4745 2977 4802; x_wconf 87' lang='grc' dir='ltr'>τοῖς</span> <span class='ocrx_word' id='word_1_779' title='bbox 3019 4743 3180 4809; x_wconf 88' lang='grc' dir='ltr'>ζῶσιν</span> <span class='ocrx_word' id='word_1_780' title='bbox 3240 4735 3700 4817; x_wconf 60' lang='grc' dir='ltr'>ἀλλοτριώτερον,</span> <span class='ocrx_word' id='word_1_781' title='bbox 3744 4745 3819 4780; x_wconf 73' lang='grc' dir='ltr'>κε’</span> 
     </span>
    </p>
   </div>
   <div class='ocr_carea' id='block_1_109' title="bbox 2225 4816 3818 4908">
    <p class='ocr_par' dir='ltr' id='par_1_109' title="bbox 2225 4816 3818 4908">
     <span class='ocr_line' id='line_1_110' title="bbox 2225 4816 3818 4908; baseline -0.011 -19"><span class='ocrx_word' id='word_1_782' title='bbox 2225 4835 2451 4903; x_wconf 78' lang='grc' dir='ltr'>κτῆσθαι</span> <span class='ocrx_word' id='word_1_783' title='bbox 2501 4832 2602 4908; x_wconf 82' lang='grc' dir='ltr'><strong>γὰρ</strong></span> <span class='ocrx_word' id='word_1_784' title='bbox 2634 4816 2814 4887; x_wconf 79' lang='grc' dir='ltr'>οὐκέτι</span> <span class='ocrx_word' id='word_1_785' title='bbox 2873 4827 3179 4905; x_wconf 82' lang='grc' dir='ltr'>οὐδέτερον.</span> <span class='ocrx_word' id='word_1_786' title='bbox 3213 4824 3371 4885; x_wconf 87' lang='grc' dir='ltr'>Ἀλλ’</span> <span class='ocrx_word' id='word_1_787' title='bbox 3401 4826 3488 4881; x_wconf 75' lang='grc' dir='ltr'><strong>ἀπ’</strong></span> <span class='ocrx_word' id='word_1_788' title='bbox 3517 4819 3669 4898; x_wconf 72' lang='grc' dir='ltr'>ἄκρας</span> <span class='ocrx_word' id='word_1_789' title='bbox 3690 4816 3818 4908; x_wconf 66' lang='lat' dir='ltr'><strong>tuus-</strong></span> 
     </span>
    </p>
   </div>
   <div class='ocr_carea' id='block_1_110' title="bbox 2228 4907 3820 4996">
    <p class='ocr_par' dir='ltr' id='par_1_110' title="bbox 2228 4907 3820 4996">
     <span class='ocr_line' id='line_1_111' title="bbox 2228 4907 3820 4996; baseline 0.007 -18"><span class='ocrx_word' id='word_1_790' title='bbox 2228 4926 2334 4978; x_wconf 86' lang='grc' dir='ltr'><strong>σῶν</strong></span> <span class='ocrx_word' id='word_1_791' title='bbox 2367 4907 2705 4992; x_wconf 81' lang='grc' dir='ltr'>οἰκειότητος</span> <span class='ocrx_word' id='word_1_792' title='bbox 2734 4920 2810 4984; x_wconf 74' lang='grc' dir='ltr'><strong>εἷς</strong></span> <span class='ocrx_word' id='word_1_793' title='bbox 2839 4920 3004 4996; x_wconf 80' lang='grc' dir='ltr'>ἄκραν</span> <span class='ocrx_word' id='word_1_794' title='bbox 3045 4915 3472 4992; x_wconf 75' lang='grc' dir='ltr'>ἀλλοτριότητα,</span> <span class='ocrx_word' id='word_1_795' title='bbox 3518 4910 3644 4986; x_wconf 65' lang='grc' dir='ltr'><strong>πρὸ(</strong></span> <span class='ocrx_word' id='word_1_796' title='bbox 3673 4907 3820 4996; x_wconf 20' lang='grc' dir='ltr'><strong>γῆν</strong></span> 
     </span>
    </p>
   </div>
   <div class='ocr_carea' id='block_1_111' title="bbox 2228 4988 3820 5086">
    <p class='ocr_par' dir='ltr' id='par_1_111' title="bbox 2228 4988 3820 5086">
     <span class='ocr_line' id='line_1_112' title="bbox 2228 4988 3820 5086; baseline -0.009 -16"><span class='ocrx_word' id='word_1_797' title='bbox 2228 5011 2288 5068; x_wconf 79' lang='grc' dir='ltr'>ὲκ</span> <span class='ocrx_word' id='word_1_798' title='bbox 2348 4988 2629 5086; x_wconf 76' lang='grc' dir='ltr'>μετανοίας</span> <span class='ocrx_word' id='word_1_799' title='bbox 2696 4988 2998 5079; x_wconf 75' lang='grc' dir='ltr'>ἐπανῆλθεν</span> <span class='ocrx_word' id='word_1_800' title='bbox 3054 4988 3367 5075; x_wconf 77' lang='grc' dir='ltr'>οΐκειότητα</span> <span class='ocrx_word' id='word_1_801' title='bbox 3419 4999 3577 5058; x_wconf 81' lang='grc' dir='ltr'>πάλιν</span> <span class='ocrx_word' id='word_1_802' title='bbox 3603 5041 3619 5058; x_wconf 90' lang='grc'><strong>.</strong></span> <span class='ocrx_word' id='word_1_803' title='bbox 3671 4988 3820 5086; x_wconf 62' lang='grc' dir='ltr'>Ἐνδό·</span> 
     </span>
    </p>
   </div>
   <div class='ocr_carea' id='block_1_112' title="bbox 2230 5083 3817 5177">
    <p class='ocr_par' dir='ltr' id='par_1_112' title="bbox 2230 5083 3817 5177">
     <span class='ocr_line' id='line_1_113' title="bbox 2230 5083 3817 5177; baseline -0.008 -20"><span class='ocrx_word' id='word_1_804' title='bbox 2230 5083 2357 5157; x_wconf 88' lang='grc' dir='ltr'>σατε</span> <span class='ocrx_word' id='word_1_805' title='bbox 2405 5102 2507 5176; x_wconf 76' lang='grc' dir='ltr'><strong>γὰρ</strong></span> <span class='ocrx_word' id='word_1_806' title='bbox 2565 5098 2722 5155; x_wconf 84' lang='grc' dir='ltr'>αὐτὸν</span> <span class='ocrx_word' id='word_1_807' title='bbox 2761 5141 2775 5167; x_wconf 89' lang='grc'><strong>,</strong></span> <span class='ocrx_word' id='word_1_808' title='bbox 2830 5096 2984 5177; x_wconf 78' lang='grc' dir='ltr'>φησὶ,</span> <span class='ocrx_word' id='word_1_809' title='bbox 3039 5096 3139 5165; x_wconf 82' lang='grc' dir='ltr'>τὴν</span> <span class='ocrx_word' id='word_1_810' title='bbox 3198 5092 3402 5162; x_wconf 77' lang='grc' dir='ltr'>στολὴν</span> <span class='ocrx_word' id='word_1_811' title='bbox 3457 5091 3554 5177; x_wconf 75' lang='grc' dir='ltr'>τὴν</span> <span class='ocrx_word' id='word_1_812' title='bbox 3607 5083 3817 5177; x_wconf 40' lang='lat' dir='ltr'><strong>«plina?»</strong></span> 
     </span>
    </p>
   </div>
   <div class='ocr_carea' id='block_1_113' title="bbox 2228 5165 3820 5264">
    <p class='ocr_par' dir='ltr' id='par_1_113' title="bbox 2228 5165 3820 5264">
     <span class='ocr_line' id='line_1_114' title="bbox 2228 5165 3820 5264; baseline -0.024 -3"><span class='ocrx_word' id='word_1_813' title='bbox 2228 5193 2291 5261; x_wconf 73' lang='grc' dir='ltr'><strong>ἦν</strong></span> <span class='ocrx_word' id='word_1_814' title='bbox 2351 5165 2505 5254; x_wconf 57' lang='grc' dir='ltr'>εὗθῦξ</span> <span class='ocrx_word' id='word_1_815' title='bbox 2531 5165 2854 5264; x_wconf 72' lang='grc' dir='ltr'>τετυχηκὼς</span> <span class='ocrx_word' id='word_1_816' title='bbox 2882 5165 2980 5242; x_wconf 79' lang='grc' dir='ltr'><strong>τοῦ</strong></span> <span class='ocrx_word' id='word_1_817' title='bbox 3013 5183 3389 5260; x_wconf 85' lang='grc' dir='ltr'>βαπτίσματος</span> <span class='ocrx_word' id='word_1_818' title='bbox 3439 5174 3581 5254; x_wconf 77' lang='grc' dir='ltr'>ἔσχε·</span> <span class='ocrx_word' id='word_1_819' title='bbox 3633 5165 3820 5264; x_wconf 73' lang='grc' dir='ltr'>τήνδό-</span> 
     </span>
    </p>
   </div>
   <div class='ocr_carea' id='block_1_114' title="bbox 2229 5261 3817 5358">
    <p class='ocr_par' dir='ltr' id='par_1_114' title="bbox 2229 5261 3817 5358">
     <span class='ocr_line' id='line_1_115' title="bbox 2229 5261 3817 5358; baseline -0.024 -7"><span class='ocrx_word' id='word_1_820' title='bbox 2229 5281 2318 5352; x_wconf 80' lang='grc' dir='ltr'><strong>ξαν</strong></span> <span class='ocrx_word' id='word_1_821' title='bbox 2350 5279 2494 5358; x_wconf 76' lang='grc' dir='ltr'>φημὶ</span> <span class='ocrx_word' id='word_1_822' title='bbox 2549 5261 2794 5348; x_wconf 33' lang='grc' dir='ltr'>τὴν-’τοῦ</span> <span class='ocrx_word' id='word_1_823' title='bbox 2843 5277 3238 5353; x_wconf 82' lang='grc' dir='ltr'>βαπτίσματος,</span> <span class='ocrx_word' id='word_1_824' title='bbox 3293 5275 3402 5326; x_wconf 82' lang='grc' dir='ltr'><strong>τῶν</strong></span> <span class='ocrx_word' id='word_1_825' title='bbox 3461 5261 3817 5358; x_wconf 59' lang='grc' dir='ltr'>ἁμαρτημάτων</span> 
     </span>
    </p>
   </div>
   <div class='ocr_carea' id='block_1_115' title="bbox 2226 5345 3820 5446">
    <p class='ocr_par' dir='ltr' id='par_1_115' title="bbox 2226 5345 3820 5446">
     <span class='ocr_line' id='line_1_116' title="bbox 2226 5345 3820 5446; baseline -0.009 -22"><span class='ocrx_word' id='word_1_826' title='bbox 2226 5345 2325 5438; x_wconf 76' lang='grc' dir='ltr'><strong>τήν</strong></span> <span class='ocrx_word' id='word_1_827' title='bbox 2362 5345 2616 5446; x_wconf 24' lang='grc' dir='ltr'>’ἄίιρεσινξ</span> <span class='ocrx_word' id='word_1_828' title='bbox 2639 5369 2738 5438; x_wconf 79' lang='grc' dir='ltr'><strong>τήν</strong></span> <span class='ocrx_word' id='word_1_829' title='bbox 2769 5387 2827 5422; x_wconf 92' lang='grc' dir='ltr'><strong>τε</strong></span> <span class='ocrx_word' id='word_1_830' title='bbox 2844 5345 2964 5422; x_wconf 49' lang='grc' dir='ltr'>’τῶν</span> <span class='ocrx_word' id='word_1_831' title='bbox 2997 5345 3183 5420; x_wconf 79' lang='grc' dir='ltr'>ἄλλων</span> <span class='ocrx_word' id='word_1_832' title='bbox 3222 5361 3444 5424; x_wconf 82' lang='grc' dir='ltr'>ἀπαθῶν</span> <span class='ocrx_word' id='word_1_833' title='bbox 3475 5351 3747 5446; x_wconf 47' lang='grc' dir='ltr'>χορηγίανζ</span> <span class='ocrx_word' id='word_1_834' title='bbox 3763 5345 3820 5446; x_wconf 53' lang='grc' dir='ltr'><strong>ᾖ(</strong></span> 
     </span>
    </p>
   </div>
   <div class='ocr_carea' id='block_1_116' title="bbox 2225 5434 3820 5535">
    <p class='ocr_par' dir='ltr' id='par_1_116' title="bbox 2225 5434 3820 5535">
     <span class='ocr_line' id='line_1_117' title="bbox 2225 5434 3820 5535; baseline -0.013 -21"><span class='ocrx_word' id='word_1_835' title='bbox 2225 5434 2440 5535; x_wconf 51' lang='grc' dir='ltr'>ἔτυχεν·</span> <span class='ocrx_word' id='word_1_836' title='bbox 2475 5434 2626 5519; x_wconf 73' lang='grc' dir='ltr'>εὒθῦς</span> <span class='ocrx_word' id='word_1_837' title='bbox 2656 5434 2755 5526; x_wconf 64' lang='grc' dir='ltr'><strong>της</strong></span> <span class='ocrx_word' id='word_1_838' title='bbox 2812 5449 3204 5528; x_wconf 74' lang='grc' dir='ltr'>κολυμϐήθρας</span> <span class='ocrx_word' id='word_1_839' title='bbox 3234 5448 3529 5524; x_wconf 78' lang='grc' dir='ltr'>ἁψάμενος.</span> <span class='ocrx_word' id='word_1_840' title='bbox 3585 5441 3673 5535; x_wconf 59' lang='lat' dir='ltr'><strong>[isi</strong></span> <span class='ocrx_word' id='word_1_841' title='bbox 3723 5434 3820 5535; x_wconf 68' lang='grc' dir='ltr'>δότε</span> 
     </span>
    </p>
   </div>
   <div class='ocr_carea' id='block_1_117' title="bbox 2227 5524 3818 5623">
    <p class='ocr_par' dir='ltr' id='par_1_117' title="bbox 2227 5524 3818 5623">
     <span class='ocr_line' id='line_1_118' title="bbox 2227 5524 3818 5623; baseline -0.015 -19"><span class='ocrx_word' id='word_1_842' title='bbox 2227 5524 2516 5605; x_wconf 61' lang='grc' dir='ltr'>δακτύλιον</span> <span class='ocrx_word' id='word_1_843' title='bbox 2584 5547 2659 5611; x_wconf 62' lang='grc' dir='ltr'><strong>εἴς</strong></span> <span class='ocrx_word' id='word_1_844' title='bbox 2713 5524 2814 5617; x_wconf 74' lang='grc' dir='ltr'><strong>τήν</strong></span> <span class='ocrx_word' id='word_1_845' title='bbox 2875 5524 3280 5623; x_wconf 62' lang='grc' dir='ltr'>χεέραάὗτοῦ·</span> <span class='ocrx_word' id='word_1_846' title='bbox 3337 5545 3438 5609; x_wconf 82' lang='grc' dir='ltr'>τῆς</span> <span class='ocrx_word' id='word_1_847' title='bbox 3489 5529 3708 5623; x_wconf 79' lang='grc' dir='ltr'>Τριάδος</span> <span class='ocrx_word' id='word_1_848' title='bbox 3751 5524 3818 5581; x_wconf 64' lang='grc' dir='ltr'><strong>ἐν’</strong></span> 
     </span>
    </p>
   </div>
   <div class='ocr_carea' id='block_1_118' title="bbox 2226 5621 3818 5714">
    <p class='ocr_par' dir='ltr' id='par_1_118' title="bbox 2226 5621 3818 5714">
     <span class='ocr_line' id='line_1_119' title="bbox 2226 5621 3818 5714; baseline -0.006 -17"><span class='ocrx_word' id='word_1_849' title='bbox 2226 5644 2397 5706; x_wconf 81' lang='grc' dir='ltr'>ταῦθα</span> <span class='ocrx_word' id='word_1_850' title='bbox 2425 5640 2488 5696; x_wconf 87' lang='grc' dir='ltr'>τὸ</span> <span class='ocrx_word' id='word_1_851' title='bbox 2518 5636 2758 5714; x_wconf 82' lang='grc' dir='ltr'>αἶ’νιγμα·</span> <span class='ocrx_word' id='word_1_852' title='bbox 2812 5621 2988 5707; x_wconf 63' lang='grc' dir='ltr'>ὲκείνη</span> <span class='ocrx_word' id='word_1_853' title='bbox 3043 5633 3148 5711; x_wconf 74' lang='grc' dir='ltr'><strong>γὰρ</strong></span> <span class='ocrx_word' id='word_1_854' title='bbox 3197 5635 3315 5692; x_wconf 77' lang='grc' dir='ltr'>τοῖς</span> <span class='ocrx_word' id='word_1_855' title='bbox 3364 5631 3585 5688; x_wconf 61' lang='grc' dir='ltr'>πιστοῖο</span> <span class='ocrx_word' id='word_1_856' title='bbox 3626 5621 3818 5696; x_wconf 43' lang='lat' dir='ltr'><strong>ﬁt???&quot;</strong></span> 
     </span>
    </p>
   </div>
  </div>
