3978 6200
183 352 272 406 769
1572 341 2043 396 FRAGMENTA.
3404 349 3510 403 770

180 472 304 528 αὐτοῦ
358 466 652 536 παρουσίαν,
711 460 835 519 ἔνθα
910 460 1290 536 καθιδρύεσθαι
1372 462 1613 534 καθάπερ
1686 480 1738 514 τι

1944 477 2018 527 m,
2042 479 2140 533 per
2170 478 2344 534 quam
2377 463 2761 520 constituerat
2792 465 3050 536 aliquam
3085 466 3261 523 veluti
3285 469 3508 527 anima-

173 559 337 635 ἔγαλμα
375 552 608 629 ἔμψυχον
661 551 967 627 διεγνώκει,
999 549 1075 614 sic
1123 571 1180 605 τε
1229 552 1328 620 τὴν
1358 551 1497 605 κατὰ
1522 546 1744 604 σύνοδον

1938 567 1976 605 n
2007 550 2276 606 collocari
2325 556 2604 620 statuam,
2636 556 2934 624 simulque
2964 556 3035 610 ad
3069 556 3382 614 Ecclesiam
3417 577 3509 615 se—

170 650 346 706 πίστεως
383 643 723 718 ἐγειρομίνην
777 639 1127 712 Ἐκκλησίαν,
1159 641 1296 694 κατά
1349 637 1492 712 λέξιν
1553 637 1699 712 λέγει
1734 657 1741 672 ε

1940 639 2114 694 ndnm
2145 640 2642 697 tideiconsensum
2667 643 2973 697 excitatam
3002 646 3511 719 pertinerecogno-

167 739 213 794 Εἰ
258 735 446 805 ἀληθῶς
501 733 604 807 ἄρα
657 733 975 800 κατοικήσει
1035 730 1166 793 Θεὸς
1248 729 1382 802 μετά
1445 728 1738 800 ἀνθρώπωι

1943 733 2082 796 aret;
2121 729 2210 783 bis
2245 729 2427 784 utitur
2457 732 2651 786 verbis
2685 748 2697 786 :
2747 733 2890 786 Num
2919 749 3043 786 vere
3074 734 3214 790 Deus
3242 736 3514 792 habitabit

167 827 231 881 ξεί
255 832 333 892 τῆς
361 826 491 897 γῆςς
523 826 784 877 Κατοικεῖ
842 817 898 874 δὲ
953 818 1041 873 ἐπὶ
1099 825 1198 888 τῆς
1251 820 1374 893 γῆς,
1402 817 1570 890 σάρκα
1598 834 1738 887 περι·

1944 835 1980 872 η
2019 818 2334 873 hominibus
2363 835 2529 890 super
2560 828 2763 874 terram
2797 821 2924 891 (a)?
2975 823 3234 878 Profecto
3288 826 3515 882 habitat

167 910 468 986 ϐαλλόμενος,
522 911 612 965 καὶ
697 910 832 982 μετᾶ
886 909 1184 982 ἀνθρώπων
1238 908 1383 978 αὐτῷ
1434 905 1738 974 κατοίκησις

1945 923 2041 978 per
2066 913 2304 974 terram,
2329 925 2500 962 carne
2535 908 2816 974 indutus;
2844 928 3069 981 suaque
3101 929 3232 967 cum
3251 914 3435 984 justis
3461 922 3516 971 et

167 1003 322 1077 γίνεται
374 999 420 1054 ἐν
474 1002 541 1073 τῇ
589 999 727 1054 κατὰ
779 997 908 1059 τοὺς
956 995 1203 1058 δικαίους
1254 998 1496 1060 συνθέσει
1548 1015 1608 1049 τε
1663 993 1738 1048 κα

1944 997 2277 1064 njunctione
2305 1003 2362 1051 et
2390 998 2698 1052 concordia
2730 999 2794 1054 ﬁt
2825 1016 2953 1054 cum
2992 1001 3335 1059 hominibus
3385 1006 3515 1073 ejus

169 1091 372 1165 ἁρμονίᾳ,
415 1089 537 1142 νεὼν
597 1089 754 1162 ἅγιον
804 1086 1151 1162 ἐργαζομένῳ
1205 1105 1263 1140 τε
1316 1084 1405 1139 καὶ
1458 1082 1740 1138 ἀνιστάντι

1945 1085 2167 1153 bitatio,
2203 1091 2513 1158 postquam
2556 1093 2820 1142 sanctum
2885 1090 3145 1144 condidit
3204 1093 3511 1164 templum,

166 1185 218 1246 Γῆ
239 1180 322 1253 γὰρ
350 1179 396 1231 οἱ
425 1175 648 1242 δίκαιοι,
677 1178 780 1244 τὴν
809 1181 909 1251 γῆν
941 1172 1018 1229 ἔτι
1070 1172 1442 1248 περικείμενοι
1476 1190 1488 1202 ·
1522 1172 1611 1226 καὶ
1661 1178 1729 1247 γῆ

1945 1175 2128 1244 adque
2157 1176 2464 1230 exstruxit.
2497 1176 2673 1232 Terra
2705 1177 2916 1249 quippe
2940 1179 3087 1248 justi
3134 1186 3274 1235 sunt
3325 1183 3516 1237 homi-

167 1270 221 1330 ὡς
258 1267 373 1340 πρὸς
412 1267 472 1320 τὸ
531 1265 771 1340 μεγεθος
838 1258 1328 1338 παραϐαλλόμενοι
1377 1266 1474 1318 τοῦ
1530 1262 1736 1335 Κυρίου

1947 1278 1995 1332 s,
2021 1270 2231 1318 terram
2262 1264 2454 1320 adhuc
2487 1264 2809 1321 incolentes
2844 1282 2856 1320 :
2909 1273 3064 1322 terra
3095 1285 3322 1339 quoque
3354 1278 3514 1341 sunt,

164 1360 296 1411 TIS-11'
342 1376 420 1411 τοι
461 1356 612 1410 καὶὸ
645 1357 910 1430 μακάριος
963 1353 1166 1426 Ιιὲτρος
1197 1351 1298 1407 οὐκ
1345 1351 1493 1406 ὀκνεῖ
1543 1349 1716 1425 λεγειν

1952 1368 2084 1406 cum
2120 1352 2218 1408 Dei
2252 1354 2656 1424 magnitudine
2688 1363 3122 1427 comparentur.
3151 1358 3279 1414 Haec
3310 1365 3367 1414 et
3383 1378 3517 1415 san-

165 1447 243 1503 Kai
301 1444 436 1500 αὐτοὶ
514 1445 590 1509 ὡς
654 1443 804 1498 λίθοι
870 1448 1066 1513 ζῶντες
1142 1439 1564 1515 οἰκοδομεῖσθε,
1613 1441 1731 1495 οἶκο

1948 1457 1998 1494 ιε
2031 1445 2236 1496 Petrus
2269 1458 2381 1496 non
2414 1443 2644 1498 dubitat
2676 1443 2868 1500 dicere
2901 1462 2912 1498 :
2964 1448 3026 1500 Et
3086 1447 3193 1517 ipsi
3245 1453 3519 1519 tanquam

165 1535 503 1608 πνευματικὸς,
571 1534 872 1608 ἱεράτευμα
968 1533 1159 1608 ἅγιον,
1219 1532 1492 1606 ἀνενέγκαι
1598 1551 1736 1584 πνευη

1950 1529 2082 1585 n'des
2130 1531 2242 1585 vivi
2290 1531 2846 1602 supersedificamini,
2879 1534 3068 1590 domus
3105 1537 3393 1607 spiritalis,
3425 1555 3521 1593 sa-

172 1624 347 1697 ματικᾶς
410 1622 590 1686 θυσίας
668 1624 763 1683 τὰς
833 1619 1169 1697 προσδεκτάς
1228 1625 1308 1692 τῷ
1356 1626 1474 1693 Θεῷ
1519 1617 1609 1674 διὰ
1656 1620 1743 1688 ἰηη

1950 1619 2174 1674 'dotium
2227 1629 2499 1685 sanctum,
2534 1621 2730 1692 offerre
2776 1622 3058 1692 spintales
3111 1629 3336 1693 hostias,
3369 1644 3521 1684 acce-

171 1719 238 1768 ςοῦ
274 1716 504 1786 Χριστοῦ.
535 1711 668 1770 Ἐπὶ
703 1709 761 1766 δὲ
788 1715 888 1766 τοῦ
936 1711 1209 1784 σώματος,
1243 1711 1273 1766 ’ὀ
1319 1710 1454 1765 κατὰ
1504 1727 1739 1784 περιγρα

1949 1708 2104 1763 ibiles
2134 1709 2241 1764 Deo
2265 1725 2366 1780 per
2387 1714 2582 1767 Jesum
2615 1710 2904 1767 Christum
2955 1714 3048 1784 (b).
3084 1713 3319 1770 Habitat
3370 1723 3423 1771 et
3463 1718 3520 1771 in

174 1806 249 1878 Ῠήν
288 1802 435 1856 τόπον
482 1798 672 1866 ἔνθεον
723 1801 895 1873 ἑαυτῷ
935 1805 1262 1875 καθιέρωσεν
1311 1799 1397 1855 ἐπὶ
1435 1805 1537 1875 γῆς
1581 1799 1608 1853 ὁ
1657 1796 1745 1853 Κύη

1956 1814 2116 1870 rpore
2145 1798 2302 1868 quod
2334 1800 2657 1854 secundum
2715 1800 3340 1874 circumscriptionem,
3375 1806 3527 1860 sicut

176 1913 275 1967 ριος,
325 1891 540 1961 Λύσατε,
599 1892 744 1962 εἶπε,
793 1891 886 1946 τὸν
943 1890 1069 1945 ναὸν
1127 1893 1343 1960 τοῦτον,
1402 1888 1490 1943 καὶ
1549 1887 1600 1942 ἰν
1650 1907 1747 1963 τρι·

1957 1903 2073 1942 tum
2106 1885 2392 1955 divinum,
2415 1886 2528 1943 sibi
2558 1888 2843 1945 Dominus
2875 1906 3052 1961 super
3082 1897 3298 1948 terram
3328 1909 3528 1951 conse-

178 1982 234 2033 σίο
277 1977 488 2052 ἡμέραις
541 1977 720 2055 ἐγερῶ
777 1978 961 2034 αὐτόν.
1013 1979 1181 2035 Εἶπον
1243 1978 1333 2032 οὗν
1393 1978 1447 2033 οἱ
1488 1973 1749 2032 Ἰουδαῖοι

1957 1976 2083 2032 avit.
2143 1977 2372 2046 Solvite,
2428 1978 2618 2050 inquit
2663 1980 2926 2051 templum
2975 1980 3092 2049 hoc,
3126 1991 3178 2038 et
3233 1983 3294 2038 in
3351 1985 3528 2041 tribus

177 2070 522 2144 Τεσσεράκοντα
603 2069 698 2122 καὶ
771 2066 827 2138 ἓξ
884 2065 1053 2122 ἔτεσιν
1113 2067 1140 2121 ὁ
1194 2067 1320 2129 ναὸς
1395 2067 1551 2128 οὗτος
1629 2066 1748 2138 ᾠκοι

1956 2066 2073 2121 ebus
2097 2065 2343 2123 excitabo
2376 2067 2536 2122 illud.
2566 2068 2842 2124 Dixerunt
2862 2086 2989 2137 ergo
3008 2071 3192 2129 Judaei
3211 2091 3231 2126 .·
3277 2073 3527 2141 Quadra-

176 2155 366 2229 δομήοη,
410 2160 497 2214 καὶ
565 2156 635 2212 σὺ
721 2155 775 2211 ἐν
852 2155 1026 2233 τρισὶν
1093 2157 1326 2232 ἡμέραις
1406 2155 1608 2232 ἐγερεῖς
1680 2154 1744 2209 αὖ

1958 2164 2042 2211 rita
2069 2161 2120 2211 et
2148 2171 2245 2211 sex
2274 2159 2438 2212 annis
2467 2157 2800 2226 adiﬁcatum
2829 2169 2912 2214 est
2938 2161 3224 2232 templum,
3260 2166 3311 2218 et
3363 2172 3422 2219 tu
3469 2165 3529 2219 in

175 2247 517 2316 τόνςἘκεῖνος
575 2244 640 2302 δῖε
696 2244 847 2320 ἔλεγε
895 2245 1018 2322 περὶ
1066 2250 1165 2301 τοῦ
1216 2250 1346 2302 ναοῦ
1393 2249 1490 2301 τοῦ
1519 2246 1743 2318 σώματο

1963 2246 2060 2300 bus
2086 2245 2277 2302 diebus
2305 2247 2575 2301 excitabis
2607 2247 2746 2302 illud
2774 2251 2798 2301 γ
2852 2249 2951 2304 Ille
2995 2260 3179 2306 autem
3221 2251 3432 2309 dicebat
3461 2255 3531 2310 de

178 2336 315 2392 αὐτοῦ.

1885 2336 2082 2405 templo
2111 2352 2356 2408 corporis
2385 2337 2476 2391 sui
2505 2337 2595 2407 (ο).

399 2448 487 2502 Ea:
513 2445 710 2503 codice
739 2445 1031 2502 chartaceo
1063 2443 1324 2502 biblioth.
1357 2447 1501 2517 regis
1533 2442 1999 2501 Christianissimi
2025 2445 2242 2513 signato
2272 2462 2328 2499 η.
2360 2445 2522 2499 2431.
2557 2475 2620 2485 -
2650 2445 2790 2500 Ibid.
2820 2463 2950 2516 pag.
2985 2448 3144 2504 l336.
3176 2455 3244 2506 A.

176 2542 548 2616 TODﬁTtMé‘tOU
578 2543 676 2616 καὶ
711 2544 1129 2616 μακαριευτάτου
1171 2541 1511 2616 Κλήμεντος,
1543 2536 1747 2616 πρεσὸυ

1962 2542 2233 2598 notissimi
2287 2559 2351 2616 ac
2406 2543 2718 2598 beatissimi
2792 2545 3119 2612 Clementis,
3179 2549 3533 2604 Alexandriae

223 2612 351 2685 τέρου
377 2612 815 2691 ξΑλεξανδρείας,
847 2612 944 2670 τοῦ
977 2612 1373 2691 Στρωματὲώς,
1406 2615 1467 2670 ἐκ
1502 2612 1599 2669 τοῦ
1647 2612 1777 2688 Περὶ

1964 2616 2283 2691 presbyteri,
2319 2615 2655 2670 Stromatum
2682 2617 2943 2683 auctoris,
2973 2633 3043 2673 ex
3081 2620 3220 2675 libro
3269 2620 3348 2676 De
3397 2621 3535 2676 Pro-

228 2685 452 2761 Προνοίας
482 2685 690 2761 λόγου.
1057 2685 1066 2691 ⁷
1144 2685 1151 2687 ⁷
1726 2685 1735 2688 ⁷

662 2709 690 2740 ι.
1057 2685 1066 2691 ⁷
1144 2685 1151 2687 ⁷
1726 2685 1735 2688 ⁷
1959 2685 2233 2741 videntia.

225 2792 271 2846 Τί
295 2793 408 2855 Θεός
430 2813 443 2863 ;
467 2796 602 2858 Θεὸς
633 2793 800 2861 ἔστιν,
832 2794 906 2856 ὡς
937 2794 1023 2848 καὶ
1060 2794 1089 2848 ὁ
1118 2794 1315 2867 Κύριος
1345 2791 1512 2869 λέγει,
1545 2793 1777 2866 πνεῦμα.

1961 2792 2105 2858 Quid
2139 2795 2229 2848 est
2260 2797 2413 2847 Deus
2434 2792 2461 2846 ‘2
2483 2793 2638 2848 Deus
2670 2793 2943 2861 est,sicut
2973 2799 3028 2850 et
3059 2795 3340 2852 Dominus
3373 2798 3532 2866 dicit,

179 2885 347 2954 Πνεῦμα
372 2881 424 2937 δὲ
452 2883 563 2939 εστι
596 2881 810 2957 κυρίως
843 2881 996 2936 ούσίει
1022 2882 1312 2954 ἀσώματος
1333 2882 1424 2936 καὶ
1451 2881 1750 2958 ἀπερίγραπ

1966 2881 2506 2953 iritus(d).Spiritus
2521 2888 2713 2938 autem
2739 2888 2824 2936 est
2851 2885 3081 2954 proprie
3106 2887 3537 2944 substantiain-

177 2988 258 3031 τος.
284 2972 582 3044 Ἀσώματον
623 2969 684 3026 δὲ
713 2971 854 3026 ἐστιν
887 2972 918 3026 ’ὁ
951 2973 1026 3044 μή
1070 2969 1494 3044 συμπληροῦται
1543 2973 1748 3044 σώματι

1963 2986 2166 3040 rporea
2195 2976 2252 3024 et
2280 2969 2804 3040 incircumscripta.
2843 2973 3252 3044 lncorporeum
3278 2991 3409 3030 vero
3427 2981 3534 3047 est,

181 3060 274 3127 ἣοῦ
316 3063 370 3114 τὸ
413 3062 544 3116 εἶναι
598 3061 713 3116 οὐκ
758 3058 872 3115 ἔστι
917 3060 1054 3116 κατὰ
1089 3061 1154 3115 τὸ
1202 3058 1434 3128 πλάτος,
1471 3067 1648 3132 μῆκος
1684 3082 1752 3116 κα

1964 3060 2045 3114 .od
2078 3075 2192 3114 non
2226 3064 2457 3114 constat
2487 3075 2746 3130 corpore,
2773 3059 2857 3115 vel
2891 3063 3042 3130 quod
3080 3079 3193 3118 non
3219 3068 3306 3118 est
3327 3081 3535 3121 secun-

184 3147 322 3219 βάθος.
349 3151 785 3226 ’Δπερίγραπτον
819 3146 876 3204 δέ.
906 3150 1047 3204 ἔστιν
1076 3149 1136 3204 οὐ
1167 3149 1358 3218 τόπος,
1391 3147 1571 3211 οὐδεὶς
1617 3151 1754 3206 τόπο

1967 3167 2037 3204 ιω
2070 3151 2332 3219 longum,
2366 3147 2550 3202 latum
2584 3156 2639 3203 et
2685 3151 3063 3220 profundum.
3099 3155 3538 3210 Incircumscri-

183 3237 226 3288 τὸ
247 3239 358 3292 κατὰ
375 3239 540 3294 πάντα
569 3240 632 3294 ὲν
666 3244 851 3308 πᾶσιν,
882 3237 973 3294 καί
1016 3238 1068 3294 ἐν
1119 3239 1329 3311 ἑκάστῳ
1378 3237 1534 3308 ὅλον,
1563 3240 1651 3294 καὶ
1705 3240 1754 3318 ἐς

1971 3253 2062 3292 um
2093 3246 2291 3292 autem
2323 3245 2412 3291 est
2443 3239 2517 3303 id,
2543 3239 2698 3308 quod
2733 3255 2846 3292 non
2879 3247 2968 3293 est
3001 3247 3162 3297 locus
3187 3258 3198 3296 :
3226 3243 3424 3299 nullus
3455 3250 3542 3300 et—

184 3324 329 3380 ὶαοτοῦ
353 3328 408 3382 τὰ
443 3327 571 3384 αὐτό
608 3331 749 3401 (11).

1970 3329 2051 3381 im
2084 3325 2248 3380 locus
2279 3331 2368 3380 est
2394 3342 2494 3396 per
2522 3325 2740 3392 omnia,
2765 3326 3228 3398 in-omnibus,ac
3260 3336 3448 3388 totum
3483 3333 3541 3388 in

1893 3415 2175 3489 quolibet,
2208 3419 2383 3485 atque
2409 3413 2468 3468 in
2498 3430 2559 3470 se
2587 3415 2712 3485 ipso
2742 3415 2921 3471 idem.

190 3523 425 3579 heodem
451 3525 646 3581 codice
675 3526 981 3591 chartaeeo,
1010 3528 1136 3610 post
1160 3524 1733 3610 aliud/“ragnientum
1754 3525 1914 3610 quod.
1935 3541 1977 3610 Ae
2005 3528 2114 3579 tom
2147 3525 2322 3610 I'opp.
2446 3521 2675 3610 Μιξαίξςῃὶ
2695 3523 2816 3610 iam
2846 3531 3026 3581 exstat
3058 3528 3119 3582 in
3153 3527 3391 3584 editione
3421 3530 3545 3586 Cle-

921 3593 1122 3653 meiuis
1153 3593 1469 3665 Oxoniensi,
1502 3600 1620 3656 haec
1645 3593 2033 3671 subjiciuntur.
2065 3625 2134 3637 —-
2175 3593 2312 3649 Ibid.
2341 3609 2471 3664 pag.
2506 3595 2662 3650 1335.
2697 3595 2762 3650 D.

241 3689 376 3754 Φύσις
404 3695 621 3769 Λέγεται
652 3693 801 3767 παρὰ
829 3693 892 3748 τὸ
917 3692 1232 3771 πεφυκέναι.
1260 3694 1458 3770 Πρώτη
1491 3696 1650 3750 οὐσία
1678 3695 1789 3750 ἐστὶ

1980 3693 2125 3750 380
2149 3692 2372 3747 Natura
2391 3707 2460 3745 ex
2480 3708 2544 3746 eo
2563 3691 2796 3759 dicitur,
2825 3697 2978 3766 quod
2998 3701 3194 3750 natum
3220 3703 3328 3754 est.
3353 3699 3551 3755 Prima

188 3782 262 3831 τὶν
294 3782 394 3844 καθ’
421 3782 617 3838 ἑαυτοῦ
675 3781 940 3855 ὑφεστὼς,
974 3785 1091 3837 οἷον
1138 3781 1292 3844 λίθος
1346 3783 1502 3838 οὐσία
1549 3783 1759 3860 λέγεται

1980 3782 2233 3838 bstantia
2253 3784 2342 3835 est
2361 3780 2418 3834 id
2444 3796 2615 3834 omne
2636 3783 2789 3851 quod
2819 3799 2920 3854 per
2935 3800 2997 3839 se
3028 3785 3322 3856 subsistit,
3345 3803 3551 3856 quem-

191 3869 365 3944 «δευτέρα
391 3868 444 3924 δὲ
472 3871 649 3927 οὐσία
677 3870 965 3942 αὐξητικὴ,
997 3871 1129 3936 καθὸ
1169 3871 1316 3943 αὔξει
1361 3874 1451 3928 καί
1502 3874 1697 3947 φθίνει,
1727 3894 1756 3928 τ

1984 3871 2218 3926 modum
2235 3869 2382 3940 lapis
2397 3870 2731 3924 substantia
2745 3871 3255 3929 dicitur.Secunda
3269 3891 3398 3931 vero
3413 3877 3551 3930 sub-

190 3958 329 4030 ξντόν.
355 3960 514 4032 Τρίτη
550 3957 613 4015 δὲ
650 3957 806 4014 οὐσία
835 3955 1109 4035 ἔμψυχος,
1141 3960 1456 4032 αἰσθητικὴ,
1486 3963 1548 4016 τὸ
1582 3967 1744 4031 ζῶον,

1981 3960 2116 4015 mtia
2136 3963 2226 4013 est
2248 3975 2374 4030 quae
2399 3958 2741 4013 incrementi
2767 3960 2877 4014 vim
2911 3961 3108 4029 habet,
3135 3965 3410 4032 quoniam
3446 3981 3552 4019 au-

185 4041 561 4124 ἶππος.Δευτὲρα
590 4051 716 4122 (12)
747 4047 904 4103 οὐσία
935 4045 1209 4125 ἔμψυχος,
1232 4050 1544 4121 αἰσθητικὴ,
1565 4050 1756 4126 λογικὴ

1983 4057 2074 4105 tur
2093 4053 2149 4104 et
2169 4049 2572 4112 marcet,sicut
2595 4048 2814 4118 planta.
2838 4049 3032 4105 Tertia
3055 4057 3249 4106 autem
3273 4070 3337 4108 su
3349 4055 3554 4108 bstan—

190 4129 416 4204 ἄνθρωπος
447 4155 463 4168 ’
492 4135 565 4192 δι’
596 4138 634 4192 ὃ
664 4137 752 4191 καὶ
785 4135 1014 4200 ἕκαστος
1062 4134 1277 4214 γέγονεν
1310 4140 1384 4201 ὡς
1430 4137 1503 4194 ὢν
1554 4139 1613 4194 ἐκ
1660 4139 1761 4193 πάν

2034 4143 2124 4192 est
2166 4137 2447 4198 animata,
2483 4152 2780 4207 sensuque
2843 4139 3104 4207 praedita,
3138 4145 3201 4194 ut
3228 4140 3468 4206 animal,
3500 4145 3557 4197 et

189 4238 284 4288 των,
309 4225 394 4291 τὴν
423 4227 608 4301 ψυχὴν
649 4219 792 4301 ἔχων
827 4224 1122 4296 ἄυλον,καὶ
1152 4228 1244 4283 τὸν
1272 4233 1392 4282 νοῦν
1426 4233 1559 4284 Θεοῦ
1590 4227 1760 4284 εἰκόνα

1984 4242 2112 4280 uus.
2146 4225 2366 4288 Quarta
2393 4224 2726 4279 substantia
2755 4231 2844 4280 est
2871 4227 3153 4292 animata,
3188 4243 3365 4283 sensu
3412 4245 3555 4298 pra!-

191 4310 296 4380 dita,
323 4316 641 4385 rationalis,
670 4322 733 4372 ut
763 4316 940 4372 homo
973 4333 987 4374 :
1019 4334 1133 4390 quo
1168 4324 1336 4391 pacto
1369 4326 1636 4376 nostrum
1674 4317 2086 4390 unusquisque
2117 4315 2307 4369 factus
2337 4317 2449 4381 est,
2485 4317 2547 4367 ut
2587 4313 2687 4384 qui
2737 4331 2804 4368 ex
2854 4315 2946 4370 his
2996 4317 3274 4372 omnibus
3304 4321 3556 4386 constat,

193 4400 510 4475 animamque
539 4406 726 4462 habet
753 4421 868 4460 non
905 4407 1291 4475 materiatam,
1316 4413 1374 4464 et
1406 4413 1664 4465 mentem
1697 4407 1798 4464 Dei
1829 4404 2172 4477 imaginem.

777 4511 937 4582 Apud
967 4511 1020 4568 S.
1052 4514 1320 4570 Joannem
1349 4515 1746 4572 Damascenum
1776 4517 1836 4570 iu
1868 4514 2051 4569 sacris
2083 4507 2348 4565 Parallel.
2383 4518 2512 4563 tom.
2544 4508 2614 4576 II,
2645 4525 2769 4580 pag.
2801 4510 2926 4563 307.

243 4601 289 4657 '0
309 4609 392 4658 τοῦ
420 4606 665 4671 ἀπαθοῦς
697 4611 832 4663 Θεοῦ
889 4603 1056 4685 φόϐος
1109 4609 1346 4681 ἀπαθής.
1378 4607 1638 4668 Φοϐεῖται
1695 4611 1796 4688 γάρ

1992 4609 2180 4665 I‘imor
2208 4607 2306 4662 Dei
2342 4606 2440 4678 qui
2468 4607 3012 4677 perturbationibus
3043 4612 3228 4676 vacat,
3255 4610 3563 4681 perturba-

193 4707 252 4749 τις
293 4693 347 4747 οὔ
395 4695 484 4750 τὸν
545 4696 702 4763 Θεὸν,
757 4695 905 4752 ἆλλὰ
968 4699 1030 4753 τὸ
1107 4699 1399 4756 ἀποπεσεῖν
1470 4705 1566 4757 τοῦ
1642 4705 1764 4757 Θεοῐ

1990 4699 2054 4754 ιιιὶ
2091 4713 2205 4752 non
2241 4701 2329 4751 est
2362 4694 2665 4751 obnoxius.
2699 4695 2898 4768 Neque
2947 4697 3102 4752 enim
3156 4698 3340 4755 Deum
3391 4701 3561 4771 quis-

195 4780 234 4827 Ὁ
284 4777 332 4834 δὲ
396 4789 554 4840 τοῦτο
630 4783 844 4855 δεδιὼς,
902 4787 964 4842 τὸ
1029 4793 1149 4852 τοῖς
1218 4795 1409 4853 κακοῖς
1482 4797 1766 4865 συμπεσεῖν

1995 4804 2088 4844 am
2130 4787 2318 4853 timet,
2354 4785 2452 4840 sed
2487 4801 2559 4839 ne
2590 4801 2624 4839 a
2655 4785 2770 4841 Deo
2802 4786 3048 4841 excidat.
3083 4787 3192 4851 Qui
3224 4797 3416 4844 autem
3451 4789 3561 4847 hoc

199 4860 396 4940 ςνοὸεῖται
461 4873 554 4928 καὶ
631 4871 802 4929 δέδιεν
876 4876 944 4929 τὰ
1017 4877 1178 4935 κακά.
1230 4877 1287 4930 Ὀ
1345 4860 1562 4940 δεδιὼς⁷
1612 4877 1670 4934 δὲ
1738 4899 1768 4932 τ

1994 4881 2100 4946 net,
2136 4891 2207 4931 ne
2236 4873 2545 4929 incidat'in
2577 4873 2755 4943 mala,
2787 4874 2838 4930 is
2868 4876 3114 4948 proinde
3169 4879 3324 4934 mala
3355 4880 3565 4936 metuit

201 4959 376 5044 κτῶμα,
432 4960 703 5040 ἄφθαρτον
763 4963 950 5019 ἑαυτὸν
1025 4965 1115 5020 καὶ
1187 4965 1370 5037 ἀπαθῆ
1448 4967 1584 5023 εἶναι
1671 4966 1769 5044 βού

1996 4982 2090 5021 rro
2115 4964 2214 5036 qui
2247 4979 2448 5018 casum
2484 4961 2669 5033 timet,
2693 4963 2744 5018 is
2775 4964 2845 5019 ab
2880 4966 3115 5021 interitu
3149 4972 3206 5022 et
3238 4969 3564 5041 perpessio-

205 5040 340 5106 λεται,
1671 5040 1680 5044 ⁷

1671 5040 1680 5044 ⁷
1917 5056 2091 5112 nibus
2123 5053 2353 5109 alienus
2384 5049 2508 5106 ﬁeri
2539 5051 2718 5124 cupit.

257 5176 317 5245 (α)
342 5175 409 5233 ΙΙΙ
437 5181 578 5252 Reg.
611 5198 737 5252 vm,
767 5183 857 5238 2’7.
932 5183 1004 5256 (b)
1038 5186 1060 5241 Ι
1091 5188 1245 5240 Patr.
1279 5201 1342 5255 ιι,
1373 5186 1428 5242 5.
1503 5186 1575 5258 (c)
1605 5185 1796 5257 (Joan.

1210 5203 1245 5240 Γ.
1279 5201 1342 5255 ιι,
1373 5186 1428 5242 5.
1503 5186 1575 5258 (c)
1605 5185 1796 5257 (Joan.
1830 5201 1893 5252 ιι,
1930 5183 2137 5251 19-21.)
2211 5177 2294 5251 (d)
2328 5178 2520 5250 (Joan.
2554 5195 2630 5248 ιν,
2661 5179 2781 5242 24.)

258 5300 353 5368 (il)
402 5304 1006 5383 ’A_xepivpumov_..._rb
1063 5309 1215 5367 αὐτό.
1274 5312 1355 5368 Ex
1410 5312 1618 5368 Latina
1676 5311 1807 5383 qui-

1999 5308 2054 5363 εᾶ
2099 5303 2364 5383 πάντα-ἐν
2413 5307 2576 5357 πᾶσιν
2629 5302 2716 5357 καὶ
2773 5301 2829 5383 ἐν
2876 5304 3097 5383 Δἑκάστῳ
3149 5304 3308 5383 ὅλον,
3339 5308 3427 5361 καὶ
3488 5307 3570 5383 ἐφ’

208 5365 311 5466 Elim
335 5365 587 5466 versione
606 5365 797 5463 'bujus
828 5365 939 5466 loci
958 5383 1117 5466 lnibil
1149 5365 1361 5466 sensus
1408 5365 1776 5466 (insculpi.ij

1997 5378 2112 5433 ποῦ
2139 5375 2385 5466 causa.
2426 5379 2540 5466 Illuc
2571 5384 2659 5432 est
2693 5395 2706 5432 :
2766 5365 3308 5466 Incircums'criptuni
3359 5390 3438 5464 est
3492 5365 3568 5463 id,

210 5443 321 5497 test:
341 5452 390 5500 et
417 5451 599 5526 miror
627 5443 814 5526 virum
842 5455 1080 5526 doctum
1107 5471 1176 5512 ea
1205 5459 1265 5511 in
1299 5455 1487 5510 lucem
1519 5443 1810 5524 emisisse,
1919 5456 2075 5526 cujus
2105 5451 2294 5526 nullus
2322 5450 2616 5526 estlacus;
2647 5465 2717 5526 89
2735 5448 2878 5526 quod
2905 5443 3206 5526 Secunda}?!
3259 5455 3460 5526 omnia
3499 5443 3572 5509 δὶὶ

212 5524 313 5640 3::
337 5533 425 5574 nec
454 5522 580 5594 ipse
611 5540 714 5581 nec
742 5524 896 5581 alius
917 5525 1213 5599 quispiam
1245 5527 1434 5583 valeat
1465 5522 1811 5600 intelligere.
1923 5522 1995 5581 in'
2011 5522 2265 5581 omnibus
2295 5525 2348 5577 et
2399 5522 2458 5575 in
2505 5523 2743 5592 singulis
2773 5525 2971 5593 totum,
3001 5529 3053 5579 et
3079 5522 3142 5578 in
3169 5538 3228 5579 se
3256 5525 3372 5596 ipso
3405 5523 3570 5581 idem.

323 5585 504 5640 Grac-
531 5597 705 5640 varhn
736 5596 902 5640 facila
931 5599 1124 5640 immani
1158 5605 1425 5640 nnnnnnL
1463 5600 1508 5640 ni
1541 5598 1816 5640 Inanntnh
1923 5597 2291 5640 ﬂanpnnnnn-
2321 5594 2358 5640 Ι-
2393 5607 2443 5640 c.

323 5585 504 5674 01⁸1ξοί
531 5597 708 5674 verba
735 5596 902 5674 facile
930 5585 1127 5674 sanari
1157 5605 1430 5674 possunt,
1461 5600 1510 5656 si
1540 5585 1816 5674 legantur
1923 5597 2292 5674 Garganum.
2319 5594 2358 5648 ι.
2393 5607 2453 5674 c._
2597 5585 2616 5592 ⁷
2699 5658 2709 5674 '

213 5650 301 5712 hoc
324 5650 521 5722 modo}
546 5650 552 5652 ⁷
1201 5650 1814 5744 Βῐῐῑτὶὂξ⁷οὖέῗῡςῖ⁷ξῷ
1932 5650 2389 5740 ᾑ⁷ξ1⁷2)⁷Δει›τέρα.
2431 5664 2559 5737 Leg.
2586 5658 2841 5734 τετάρτη.
