3978 6200
496 385 596 438 771
1731 378 2139 434 CLEMENTIS
2177 380 2678 435 ALEXANDRINI
3732 399 3814 454 772

1973 527 2110 583 Ibid.
2133 543 2263 600 pag.
2291 529 2414 585 341.

561 631 648 688 Sit
675 629 766 687 lex
796 629 912 685 ista
939 625 1282 696 constituta,
1305 623 1586 680 adversus
1615 639 1715 680 eos
1745 623 1845 696 qui
1877 641 1971 682 res
2001 643 2132 682 san-

2327 627 2516 717 Νόμος
2569 623 2706 682 ἔστω
2737 630 2873 686 κατὰ
2897 633 3004 686 τῶν
3061 634 3229 706 σεμνὰ
3254 635 3342 690 καὶ
3387 641 3492 700 θεῖα
3538 640 3592 696 οὒ
3643 651 3813 717 σεμνῶς

491 726 622 780 etas
645 725 704 777 et
731 718 982 785 divinas,
1012 733 1130 773 non
1188 719 1392 772 sancte
1423 717 1480 770 et
1509 717 1575 770 ut
1605 713 1718 769 Deo
1749 713 1996 786 dignum
2027 732 2059 772 e

2252 715 2342 811 καὶ
2405 721 2722 811 θεοπρεπῶς
2780 720 2908 796 ὁρᾷν
2979 721 3294 799 ἀξιούντων,
3334 723 3540 784 κόλασιν
3595 713 3814 811 ἒπιςέὲρειν

491 825 735 869 cernere
757 808 1028 882 cupiunt,
1054 821 1288 880 pcenam
1318 803 1596 862 siccitatis
1626 803 1862 860 inferre.
2252 805 2533 882 ἀορασίας.

1973 949 2114 1005 Ibid.
2143 965 2269 1022 pag.
2301 951 2428 1007 657.

561 1071 622 1126 In
657 1070 998 1128 universum
1029 1065 1409 1124 Christianus
1457 1064 1820 1137 solitudinis,
1852 1066 2132 1123 secessio-

2253 1153 2265 1156 _
2318 1066 2575 1156 ,Καθόλου
2607 1067 2635 1122 ὁ
2666 1068 2984 1140 Χριστιανὸς
3017 1068 3249 1145 ἐρημίας
3278 1074 3365 1129 καὶ
3394 1076 3607 1153 ἡσυχίας
3632 1081 3706 1136 καὶ
3730 1102 3813 1156 γι-

490 1159 700 1232 nisque
721 1163 778 1216 et
807 1155 1230 1230 tranquilitatis
1258 1171 1325 1212 ac
1357 1154 1522 1226 pacis
1551 1154 1780 1212 amicus
1809 1159 1919 1212 est.

1653 1154 1780 1212 icus
1809 1159 1919 1212 est.
2253 1153 2430 1226 λήνης
2461 1155 2551 1210 καὶ
2583 1156 2806 1233 εἰρήνης
2839 1158 3038 1222 οἰκεῖός
3065 1158 3224 1218 ἐστιν.

1057 1274 1140 1328 Ex
1171 1269 1376 1327 Catena
1404 1273 1464 1326 in
1499 1271 1928 1328 Pentateachum
1953 1270 2146 1330 Latine
2173 1271 2326 1328 edita
2353 1291 2384 1329 a
2416 1275 2706 1332 Francisco
2742 1277 3009 1350 Zephyro,
3039 1293 3168 1349 pag.
3209 1280 3324 1336 146.

557 1379 776 1434 Nomen
809 1375 956 1432 illud
990 1375 1304 1447 mysticum
1337 1374 1491 1446 quod
1523 1377 1733 1429 vocant
1761 1373 2136 1445 Tetragram-
2245 1373 2526 1446 quoniam
2548 1373 3246 1447 solquasicandelahrum
3266 1382 3460 1438 mundi
3483 1385 3684 1442 medius
3702 1387 3819 1446 inter

431 1535 434 1537 _
489 1471 707 1537 maton,
741 1481 856 1538 quo
889 1468 1122 1520 tantum
1173 1463 1600 1520 muniebantur
1625 1461 1710 1517 illi
1741 1461 1958 1533 quibus
1989 1463 2136 1536 ady-
2245 1461 2392 1520 alios
2422 1464 2688 1535 planetas
2719 1465 2918 1523 divina
2958 1468 3247 1541 sapientia
3294 1469 3532 1530 libratus
3577 1491 3672 1531 sua
3717 1475 3817 1534 luce

486 1563 613 1612 tum
671 1555 934 1629 pervium
991 1558 1133 1619 erat,
1186 1557 1354 1609 ssnat
1409 1550 1684 1618 Jehovah,
1738 1551 1894 1622 quod
1954 1551 2134 1606 inter-
2243 1551 2575 1625 superiores
2602 1552 2815 1611 lustrat
2845 1559 2902 1612 et
2930 1556 3259 1615 inferiores.
3283 1561 3366 1615 Ad
3390 1559 3613 1619 alteram
3634 1570 3814 1637 partem

484 1649 768 1718 pretatur,
797 1643 988 1715 quiest
1009 1643 1338 1715 etquierit;
1369 1639 1780 1697 candelabrum
1811 1655 1944 1695 vero
1974 1639 2130 1712 quod
2241 1639 2431 1712 ipsius
2461 1659 2576 1716 ara;
2606 1643 2795 1716 posita
2825 1649 2948 1700 erat
2988 1662 3215 1716 mensa,
3235 1647 3294 1704 in
3325 1665 3438 1721 qua
3465 1667 3627 1723 panes
3651 1669 3815 1726 propo-

483 1735 552 1790 ad
579 1732 894 1790 australem
920 1732 1149 1804 plagam
1172 1731 1400 1786 astabat
1431 1729 1657 1797 altaris,
1681 1731 1906 1801 septem
1932 1727 2130 1800 plane-
2239 1729 2722 1803 nebantur,qucd
2744 1748 2813 1789 ex
2841 1750 2910 1791 ea
2938 1739 3101 1808 parte
3117 1735 3245 1794 casli
3277 1737 3445 1796 ﬂatus
3476 1741 3629 1798 nobis
3654 1742 3816 1799 vitales

481 1829 572 1878 tas
603 1822 911 1887 referebat,
933 1820 1033 1892 qui
1068 1819 1450 1876 meridianam
1486 1818 1782 1891 regionem
1812 1817 2130 1892 circumagi
2237 1823 2295 1876 et
2323 1819 2465 1876 almi
2495 1820 2778 1894 aspirant.

483 1912 653 1968 nobis
681 1909 1077 1968 videnturzcui
1096 1907 1248 1965 terni
1271 1907 1548 1980 utrinque
1571 1907 1715 1963 rami
1738 1911 2126 1981 consurgunt,

552 2173 903 2246 Fragmenta
932 2171 1044 2227 alia
1068 2171 1354 2246 exhibent
1380 2170 1603 2246 catenae
1621 2169 1942 2246 Graecorum
1963 2170 2203 2246 Patrum
2231 2170 2300 2246 in
2323 2171 2530 2246 Nouum
2557 2175 2980 2246 Testgmentum,
3000 2190 3150 2246 quas
3170 2176 3374 2232 Oxonii
3403 2179 3472 2233 ad
3504 2178 3658 2235 ﬁdem
3684 2179 3816 2236 codd.

480 2261 626 2324 mss.
659 2241 839 2301 Edidit
864 2244 920 2300 J.
953 2249 1022 2324 ᾼ.
1057 2243 1292 2324 Cramer
1321 2243 1379 2298 S.
1513 2241 1576 2298 P.
1611 2242 1792 2312 (1840,
1823 2242 1858 2295 8
1887 2241 2007 2324 νοΙἑ
2027 2241 2232 2324 info):
2263 2243 2362 2297 Eo.
2399 2243 2564 2324 Pun.
2595 2273 2667 2284 —-
2694 2243 2876 2324 'I‘omo
2910 2241 3448 2324 Il_I,'qui_Catenam
3481 2251 3535 2305 in
3558 2252 3684 2307 Acta
3706 2268 3817 2324 apo-

481 2316 767 2373 stolorum
799 2315 1210 2388 complectitur
1239 2315 1362 2370 haec
1390 2314 1462 2370 ad
1495 2329 1623 2385 cap.
1657 2330 1758 2382 vn,
1790 2329 1944 2371 vers.
1974 2315 2066 2382 24,
2092 2316 2184 2379 25,
2217 2313 2516 2386 leguntur,
2545 2331 2672 2386 qua:
2701 2315 2760 2370 in
2793 2313 3075 2387 operibus
3107 2319 3422 2377 Clementis
3452 2339 3558 2378 non
3588 2313 3817 2380 exstant:

547 2451 763 2506 Dicunt
793 2454 990 2507 autem
1022 2456 1223 2520 mystae
1251 2448 1534 2521 [Moysen]
1560 2448 1732 2504 verbo
1755 2446 1880 2504 solo
1897 2463 2118 2518 percus-

2310 2447 2629 2522 Κλήμεντος
2660 2449 3059 2527 Στρωματέως.
3091 2453 3237 2510 Φασὶ
3283 2452 3341 2510 δὶ
3386 2456 3435 2511 οἱ
3485 2454 3658 2527 μύσται
3696 2452 3817 2529 λόγῳ

477 2539 630 2596 sisse
660 2540 1019 2613 Egyptium,
1051 2539 1204 2595 sicut
1235 2543 1436 2610 postea
1479 2538 1534 2592 in
1576 2537 1819 2593 Actibus
1859 2542 2048 2592 narrat

2246 2535 2396 2610 μόνῳ
2453 2537 2663 2594 ἀνελείν
2723 2541 2813 2595 τὸν
2861 2541 3178 2618 Αἰγύπτιον,
3209 2543 3390 2620 ὥσπερ
3432 2542 3609 2618 ἀμέλει
3643 2543 3817 2616 ὕστερον

478 2627 632 2697 illos,
669 2629 770 2701 qui
829 2627 1151 2684 celaverant
1183 2631 1409 2698 partem
1440 2625 1608 2699 pretii
1641 2626 1760 2695 agri
1793 2625 2049 2696 cujusda‘

2245 2624 2292 2680 ἐν
2341 2632 2462 2691 ταῖς
2518 2628 2742 2702 Πράξεσι
2797 2631 3034 2709 φέρεται,
3093 2632 3225 2697 τοὺς
3295 2635 3689 2713 νοσφισαμένους
3743 2634 3816 2700 τῆς

476 2722 534 2774 et
562 2717 792 2774 mentiti
821 2722 1007 2786 erant,
1041 2716 1216 2774 verbo
1249 2715 1526 2788 [Petrum]
1555 2713 1945 2771 interemisse.

2246 2719 2404 2788 τιμῆς
2452 2720 2550 2772 τοῦ
2600 2717 2814 2794 χωρίου
2861 2719 2949 2775 καί
3001 2721 3394 2796 ψευσαμένους,
3433 2721 3573 2800 λόγῳ
3612 2722 3817 2777 ἀποκτεῖ-

2234 2824 2342 2862 ναι.

969 2942 1152 2997 Tomo
1181 2939 1274 3008 IV,
1309 2957 1363 3012 p.
1395 2940 1520 3007 291,
1552 2938 1612 2994 in
1643 2937 2002 3011 expositione
2031 2938 2300 3012 Epistolas
2332 2940 2403 2996 ad
2435 2943 2751 3010 Romanos,
2781 2959 2908 3016 cap.
2930 2960 3053 3010 vm,
3080 2961 3235 3004 vers.
3267 2947 3337 3003 38
3370 2965 3384 3004 :

543 3057 674 3114 Sive
732 3056 912 3114 vitam
971 3057 1187 3129 (inquit
1244 3061 1303 3114 S.
1341 3055 1574 3127 Paulus)
1632 3071 1764 3127 quae
1819 3054 2114 3126 praesentis

2301 3052 2646 3128 Κλήμεντος.
2680 3057 2749 3112 Ἢ
2784 3058 2952 3129 ζωὴν,
2981 3059 3081 3127 τὴν
3113 3061 3255 3116 κατὰ
3281 3062 3371 3116 τὸν
3419 3060 3640 3137 παρόντα
3684 3059 3812 3134 βίον·

473 3147 757 3217 temporis
787 3151 896 3214 est,
927 3153 986 3202 et
1015 3152 1262 3210 mortem
1298 3162 1424 3217 quae
1452 3150 1892 3216 persecutorum
1925 3145 2044 3200 fure

2246 3142 2321 3197 ιαὶ
2379 3143 2628 3212 θάνατον,
2658 3145 2750 3200 τὸν
2809 3147 2927 3200 κατ’
2956 3145 3224 3225 ἐπιφοράν
3270 3154 3378 3205 τῶν
3425 3147 3817 3223 διωκόντων,

467 3235 646 3305 saevit,
671 3234 792 3291 sive
819 3234 1058 3307 angelos
1100 3240 1158 3292 et
1206 3235 1569 3308 principatus
1590 3238 1647 3290 et
1676 3234 1940 3301 virtutes,
1973 3250 2030 3288 m

2248 3229 2420 3296 ’ἕλους
2472 3254 2531 3288 τε
2572 3234 2660 3288 καὶ
2711 3233 2890 3309 ἀρχὰς
2941 3235 3032 3290 καὶ
3093 3234 3376 3313 δυνάμεις,
3418 3241 3484 3294 τά
3533 3235 3819 3294 ἀποστολικὰ

466 3339 566 3380 eos
597 3340 632 3381 a
662 3327 774 3380 Deo
813 3324 1083 3396 spiritus.

946 3324 1083 3381 itus.
2223 3320 2517 3396 πνεύματα.

1349 3439 1418 3494 Et
1447 3437 1515 3494 ad
1546 3437 1812 3509 ejusdem
1845 3435 2114 3509 Epistolm
2171 3438 2381 3511 capitis
2411 3457 2447 3494 x
2474 3455 2622 3495 vers.
2654 3439 2708 3508 3,
2831 3440 2938 3496 369
2970 3459 2984 3497 :

533 3555 603 3612 Et
632 3573 746 3612 non
781 3560 1220 3630 cognoscentes,
1255 3572 1443 3628 neque
1487 3556 1766 3612 facientes
1798 3552 1944 3627 legis
1975 3571 2104 3628 pro-

2294 3556 2632 3628 Κλήμεντος.
2678 3555 2774 3610 Καὶ
2828 3557 2905 3630 μὴ
2951 3557 3198 3633 γνόντες,
3252 3558 3393 3635 μηδὲ
3443 3563 3730 3632 ποιήσαντες
3767 3557 3815 3611 τὸ

463 3644 748 3716 positum,
783 3647 1176 3718 quodcunque
1205 3645 1322 3702 illis
1355 3645 1598 3718 placuit,
1633 3644 1742 3700 hoc
1787 3644 1980 3717 ipsum
2013 3661 2034 3699 ν

2242 3642 2489 3717 Ξοόλημα
2537 3649 2633 3700 τοῦ
2685 3645 2878 3719 νόμου⁹
2912 3647 2941 3702 ’ὀ
3000 3643 3280 3704 ὑπέλαϐον
3335 3649 3509 3720 αὐτοὶ,
3555 3653 3696 3704 τοῦτο
3742 3644 3813 3700 καὶ

457 3732 645 3791 luisse
695 3735 886 3808 legem
932 3736 1347 3806 crediderunt;
1398 3751 1588 3807 neque
1640 3733 1813 3790 etiam
1860 3738 2028 3790 ventu

2245 3731 2517 3788 Ξοῦλεσθαι
2544 3733 2639 3788 τὸν
2697 3735 2865 3808 νόμον
2913 3735 3196 3808 ᾠήθησαν.
3233 3739 3332 3794 Καὶ
3381 3737 3595 3800 οὐδ’ὡς
3641 3757 3816 3813 προφη-

461 3825 882 3893 praanuntianti
923 3824 1550 3894 conﬁderunt,litterm
1608 3839 1741 3879 vero
1797 3828 1856 3879 et
1911 3822 2032 3878 tim:

2244 3821 2430 3876 ἐόοντι
2460 3826 2542 3894 τῷ
2564 3822 2722 3896 νόμῳ
2755 3823 3096 3896 ἐπίστευσαν,
3129 3824 3283 3903 λόγῳ
3333 3825 3390 3883 δὲ
3437 3825 3578 3902 ψιλῷ
3621 3825 3697 3880 καὶ
3738 3823 3815 3898 φό-

457 3913 800 3982 servientes,
826 3931 940 3970 non
973 3914 1245 3986 spiritum
1271 3920 1329 3971 et
1351 3915 1526 3971 fidem
1549 3913 1733 3970 secuti
1766 3917 1927 3980 sunt,

2219 3905 2321 3984 ϐῳ,
2364 3907 2489 3966 ἀλλ“
2520 3909 2580 3966 οὐ
2614 3908 2844 3967 διαθέσει
2874 3913 2964 3967 καὶ
2995 3915 3176 3970 πίστει
3206 3914 3599 3988 ἠκολούθησαν.

525 4059 705 4137 Tomo
734 4057 830 4137 Vl,
864 4059 1080 4137 p._385,
1109 4057 1169 4137 in
1200 4061 1418 4114 Catena
1448 4057 1508 4112 in
1540 4056 1722 4129 Epist.
1758 4056 1806 4112 II
1839 4055 1909 4112 ad
1941 4056 2096 4126 Cor.,

2245 4055 2360 4112 haec
2389 4057 2566 4112 verba
2595 4073 2744 4114 vers.
2776 4059 2844 4113 i6
2892 4060 3102 4131 capitis
3129 4078 3162 4116 v
3192 4080 3210 4116 :
3265 4061 3329 4116 El
3388 4059 3446 4117 δὲ
3490 4061 3573 4116 καὶ
3625 4057 3816 4137 ἐγνώκα-

455 4147 549 4200 μεν
573 4127 710 4182 κατὰ
738 4126 908 4205 σάρκα
935 4126 1188 4204 Χριστόν.

521 4267 592 4320 Et
623 4264 683 4320 in
715 4269 971 4334 tantum,
1005 4265 1199 4337 inquit
1228 4265 1281 4320 S.
1318 4262 1558 4330 Paulus,
1592 4279 1763 4318 nemo
1794 4261 1987 4318 adhuc
2013 4278 2092 4318 se-

2289 4261 2390 4316 Καὶ
2441 4265 2720 4333 τοσοῦτον,
2772 4265 2959 4342 φησὶν,
3011 4262 3190 4328 οὐδεὶς
3243 4263 3322 4322 ἔτι
3369 4267 3502 4323 κατὰ
3547 4268 3700 4342 σάρκα
3747 4266 3819 4337 ζῇ,

451 4355 712 4410 cundum
773 4371 1009 4412 carnem
1066 4353 1208 4410 vivit
1265 4352 1420 4425 quod
1468 4369 1584 4408 non
1651 4356 1741 4407 est
1791 4351 1946 4419 vita,
2001 4368 2022 4406 ε

2246 4350 2390 4422 κείνη
2449 4352 2549 4428 γὰρ
2605 4351 2705 4407 οὐκ
2751 4347 2861 4408 ἔστι
2916 4354 3052 4425 ζωὴ,
3086 4352 3234 4410 ἀλλὰ
3285 4357 3530 4423 Θάνατος,
3561 4358 3636 4411 δτι
3681 4355 3755 4409 καί
3796 4353 3817 4404 ὁ

452 4458 633 4514 mors,
666 4444 726 4499 in
759 4449 1048 4516 quantum
1094 4458 1199 4500 nec
1246 4442 1373 4515 ipse
1419 4442 1737 4499 Christus:
1797 4446 1862 4497 ut
1907 4440 2023 4513 pals

2249 4441 2448 4516 ἷριστός
2484 4460 2496 4472 ”
2525 4438 2618 4496 ἵνα
2662 4439 2808 4516 δείξῃ
2855 4441 2938 4498 ὅτι
2987 4443 3048 4499 τὸ
3101 4446 3239 4499 κατὰ
3293 4447 3464 4521 σάρκα
3503 4448 3590 4518 ζῇν
3621 4442 3820 4500 ἑπαόσαυ

449 4533 873 4602 manifestaret,
907 4533 1062 4605 quod
1094 4532 1221 4588 vitae
1253 4532 1580 4589 secundum
1615 4546 1849 4588 carnem
1907 4529 2020 4602 imp

2246 4551 2273 4584 ο
2307 4547 2320 4563 °
2345 4534 2503 4602 πῶςς
2539 4529 2600 4585 οὐ
2630 4531 2694 4586 τὸ
2725 4535 2886 4606 σῶμα
2941 4532 3118 4609 ἀφεὶς,
3146 4531 3324 4610 ἄπαγε
3359 4557 3372 4570 ·
3408 4541 3521 4609 μετ’
3548 4534 3695 4590 αὐτοῦ
3735 4532 3816 4606 γὰρ

448 4621 669 4678 suisset
701 4622 900 4680 finem.
931 4620 1280 4688 Quomodo?
1323 4621 1448 4678 Non
1482 4637 1696 4694 corpus
1725 4635 1964 4688 exuens,
1999 4637 2019 4676 s

2253 4617 2327 4688 Est
2376 4617 2451 4680 ὡς
2511 4616 2652 4674 ἰδίου
2709 4622 2902 4694 κριτὴς
2956 4620 3226 4694 ἁπάντων,
3261 4621 3410 4678 ἀλλὰ
3459 4627 3566 4678 τῶν
3615 4623 3816 4702 φυσικῶν

445 4707 556 4764 siti
589 4710 736 4765 Nam
770 4728 905 4768 cum
940 4713 1065 4784 ipso
1097 4710 1330 4784 proprio
1372 4725 1612 4782 corpore
1643 4726 1750 4766 suo
1777 4708 2016 4766 venietJ

2249 4703 2548 4783 παλλαγεὶς
2596 4709 2808 4778 παθῶν,
2843 4711 2958 4764 οἷον
3007 4710 3202 4782 πείνης
3255 4712 3348 4767 καὶ
3379 4709 3541 4788 δίψης
3569 4712 3654 4767 καὶ
3680 4709 3820 4764 ὕπνου

444 4796 554 4853 dex
581 4800 877 4868 omnium;
902 4800 1178 4856 omnibus
1203 4805 1399 4858 autem
1431 4799 1878 4856 infirmitatibus
1905 4797 2015 4870 phy

2246 4794 2298 4850 αὶ
2326 4794 2501 4851 κόπου
2529 4813 2543 4827 ·
2587 4800 2679 4851 νῦν
2715 4799 2817 4874 γὰρ
2865 4799 3066 4861 ἆπαθὶς
3092 4799 3185 4854 καὶ
3223 4800 3498 4876 ἀκήρατον
3528 4795 3635 4876 ἔχει
3665 4798 3817 4871 σῶμά.

443 4885 530 4942 eis
589 4889 919 4960 expeditus,
953 4889 1106 4946 fame
1161 4889 1404 4962 scilicet,
1436 4888 1554 4956 siti,
1587 4904 1796 4945 somno
1854 4905 1922 4944 ac
1974 4886 2365 4946 lassitudine:
2422 4903 2582 4944 nunc
2639 4889 2797 4946 enim
2855 4887 3224 4963 impossibile
3279 4896 3339 4948 et
3393 4890 3680 4949 doloribus
3729 4888 3818 4943 im-

444 4991 624 5032 mune
653 4993 866 5050 corpus
897 4977 1091 5035 habet.

513 5067 1017 5132 Quemadmodum
1033 5069 1186 5140 apud
1212 5084 1318 5124 nos
1339 5067 1664 5123 secundum
1689 5083 1918 5123 carnem
1941 5083 2084 5136 esse,

2278 5065 2482 5142 Ὥσπερ
2529 5064 2597 5134 ἦν
2646 5066 2781 5139 [leg.
2815 5069 3001 5141 ἡμῶν]
3029 5067 3093 5122 τὸ
3135 5069 3273 5124 κατά
3321 5067 3514 5145 σάρκα,
3543 5066 3646 5123 ἐστὶ
3681 5064 3738 5119 τὸ
3775 5060 3817 5117 ἂν

442 5153 662 5212 dicitur
692 5173 823 5214 esse
851 5157 910 5212 in
944 5157 1242 5229 peccatis;
1293 5159 1350 5212 et
1397 5155 1524 5212 sine
1553 5155 1647 5212 his
1675 5170 1826 5226 esse,
1877 5157 2013 5212 dicit

2246 5155 2512 5231 μαρτίαις,
2536 5153 2626 5209 καὶ
2647 5155 2708 5210 τὸ
2729 5151 2831 5226 ἔξω
2851 5156 3060 5212 τούτων
3094 5155 3156 5212 οὐ
3185 5157 3324 5213 κατὰ
3351 5159 3522 5233 σάρκα
3554 5179 3566 5190 ·
3598 5155 3726 5211 οὕτω
3747 5150 3817 5206 καί

436 5259 570 5312 esse
619 5263 735 5302 non
791 5249 1114 5304 secundum
1173 5260 1453 5302 carnem:
1511 5245 1594 5300 ita
1650 5261 1884 5318 quoque
1935 5264 2006 5319 ap

2244 5246 2439 5318 ξριστοῦ
2460 5243 2523 5298 τὸ
2551 5243 2689 5299 κατᾶ
2717 5245 2910 5321 σάρκα,
2927 5246 2990 5300 τὸ
3021 5243 3183 5300 εἷ’κειν
3215 5251 3336 5309 τοῖς
3369 5251 3613 5321 φυσικοῖς
3635 5243 3815 5306 πάθεσι·

439 5331 742 5391 Christum
777 5336 1099 5391 secundum
1134 5350 1367 5391 carnem
1399 5349 1528 5390 esse
1559 5334 2010 5400 dicitur,natura

2244 5334 2264 5388 ὅ
2314 5334 2390 5406 μή
2445 5331 2607 5388 εἷ’κειν
2655 5331 2713 5389 δὲ
2758 5334 2819 5390 οὗ
2850 5333 2987 5391 κατὰ
3015 5336 3204 5410 σάρκα.
3241 5334 3409 5391 ’ΛλΛ⁸
3435 5334 3631 5410 ὥσπερ,
3661 5328 3815 5410 φησὶν,

436 5421 550 5477 bus
581 5423 794 5495 subjici
823 5424 1269 5490 affectionibus;
1326 5439 1440 5479 non
1490 5423 1705 5495 subjici
1758 5441 1910 5491 vero,
1962 5440 2007 5480 ei

2243 5427 2410 5484 κεῖνος
2458 5420 2783 5500 ἀπηλλάγη,
2817 5423 2961 5479 οὕτω
3011 5425 3098 5480 καὶ
3143 5427 3308 5498 ἡμεῖς
3340 5444 3353 5457 ·
3407 5425 3619 5490 Οὐκέτι,
3659 5418 3814 5499 φησὶν,

430 5526 554 5571 non
610 5514 936 5570 secundum
993 5529 1250 5570 carnem.
1287 5513 1396 5569 Sed
1433 5513 1934 5584 quemadmodum
1966 5514 2001 5571 ll

2242 5515 2297 5566 ἐν
2361 5509 2678 5584 ἔμπαθητὸν
2741 5513 2920 5589 σαρκί.
2955 5512 3114 5572 Οὕτω
3170 5511 3259 5569 καὶ
3319 5514 3349 5569 ὁ
3411 5513 3638 5586 Κλήμης
3689 5509 3734 5565 ἓν
3779 5503 3813 5560 δ’

435 5595 653 5672 inquit,
687 5600 972 5660 liberatus
1003 5607 1111 5668 est,
1143 5601 1228 5660 sic
1276 5605 1334 5658 et
1381 5617 1508 5658 nos.
1542 5601 1670 5659 Jam
1704 5619 1842 5670 non,
1875 5603 2006 5674 inqu

1080 5607 1111 5668 ι,
1143 5601 1228 5660 sic
1276 5605 1334 5658 et
1381 5617 1508 5658 nos.
1542 5601 1670 5659 Jam
1704 5619 1842 5670 non,
1875 5603 2089 5674 inquit,
2199 5602 2651 5663 Ὑποτυπώσιων.

436 5687 600 5746 carni
631 5691 922 5764 subjectio
953 5693 1051 5749 sit.
1083 5691 1178 5749 Sic
1208 5689 1480 5749 Clemens
1507 5691 1569 5747 in
1599 5695 1808 5764 quarto
1835 5693 2258 5766 Hypotypouon
2287 5691 2456 5749 libro.
