  <div class='ocr_page' id='page_1' title='image "/cluster/home/n/w/nwhite01/storage/ocr_20150623/9/hvd.32044073501314/417.png"; bbox 0 0 3978 6200; ppageno 0'>
   <div class='ocr_carea' id='block_1_1' title="bbox 488 317 596 368">
    <p class='ocr_par' dir='ltr' id='par_1_1' title="bbox 488 317 596 368">
     <span class='ocr_line' id='line_1_1' title="bbox 488 317 596 368; baseline 0 0"><span class='ocrx_word' id='word_1_1' title='bbox 488 317 596 368; x_wconf 87' lang='grc'>775</span> 
     </span>
    </p>
   </div>
   <div class='ocr_carea' id='block_1_2' title="bbox 490 427 2222 511">
    <p class='ocr_par' dir='ltr' id='par_1_2' title="bbox 490 427 2222 511">
     <span class='ocr_line' id='line_1_2' title="bbox 490 427 2222 511; baseline -0.005 -19"><span class='ocrx_word' id='word_1_2' title='bbox 490 438 584 511; x_wconf 69' lang='grc' dir='ltr'>μὲν</span> <span class='ocrx_word' id='word_1_3' title='bbox 616 436 946 492; x_wconf 78' lang='grc' dir='ltr'>πυκνοῦντος</span> <span class='ocrx_word' id='word_1_4' title='bbox 974 435 1071 487; x_wconf 91' lang='grc' dir='ltr'>τοῦ</span> <span class='ocrx_word' id='word_1_5' title='bbox 1108 432 1463 507; x_wconf 73' lang='grc' dir='ltr'>περιέχοντος</span> <span class='ocrx_word' id='word_1_6' title='bbox 1518 430 1609 484; x_wconf 80' lang='grc' dir='ltr'>καὶ</span> <span class='ocrx_word' id='word_1_7' title='bbox 1642 427 1882 504; x_wconf 85' lang='grc' dir='ltr'>πάροδον</span> <span class='ocrx_word' id='word_1_8' title='bbox 1939 430 2000 486; x_wconf 87' lang='grc' dir='ltr'>οὐ</span> <span class='ocrx_word' id='word_1_9' title='bbox 2052 428 2136 485; x_wconf 87' lang='grc' dir='ltr'>δι-</span> <span class='ocrx_word' id='word_1_10' title='bbox 2172 436 2222 500; x_wconf 73' lang='grc' dir='ltr'><strong>Α</strong></span> 
     </span>
    </p>
   </div>
   <div class='ocr_carea' id='block_1_3' title="bbox 486 517 2142 594">
    <p class='ocr_par' dir='ltr' id='par_1_3' title="bbox 486 517 2142 594">
     <span class='ocr_line' id='line_1_3' title="bbox 486 517 2142 594; baseline -0.005 -13"><span class='ocrx_word' id='word_1_11' title='bbox 486 524 698 592; x_wconf 85' lang='grc' dir='ltr'>δόντος,</span> <span class='ocrx_word' id='word_1_12' title='bbox 726 521 877 584; x_wconf 87' lang='grc' dir='ltr'>έντὸς</span> <span class='ocrx_word' id='word_1_13' title='bbox 909 519 1369 593; x_wconf 87' lang='grc' dir='ltr'>κατακλειομένη,</span> <span class='ocrx_word' id='word_1_14' title='bbox 1428 524 1507 591; x_wconf 80' lang='grc' dir='ltr'>τῷ</span> <span class='ocrx_word' id='word_1_15' title='bbox 1539 522 1726 594; x_wconf 79' lang='grc' dir='ltr'>θερμῷ</span> <span class='ocrx_word' id='word_1_16' title='bbox 1759 517 2000 592; x_wconf 77' lang='grc' dir='ltr'>ἑψομένη</span> <span class='ocrx_word' id='word_1_17' title='bbox 2052 520 2142 573; x_wconf 82' lang='grc' dir='ltr'>καὶ</span> 
     </span>
    </p>
   </div>
   <div class='ocr_carea' id='block_1_4' title="bbox 484 604 2138 687">
    <p class='ocr_par' dir='ltr' id='par_1_4' title="bbox 484 604 2138 687">
     <span class='ocr_line' id='line_1_4' title="bbox 484 604 2138 687; baseline -0.003 -18"><span class='ocrx_word' id='word_1_18' title='bbox 484 613 789 685; x_wconf 80' lang='grc' dir='ltr'>πεττομένη</span> <span class='ocrx_word' id='word_1_19' title='bbox 844 609 920 673; x_wconf 70' lang='grc' dir='ltr'>εἲς</span> <span class='ocrx_word' id='word_1_20' title='bbox 969 609 1063 670; x_wconf 83' lang='grc' dir='ltr'>τάς</span> <span class='ocrx_word' id='word_1_21' title='bbox 1122 604 1325 687; x_wconf 76' lang='grc' dir='ltr'>φλέϐας</span> <span class='ocrx_word' id='word_1_22' title='bbox 1381 606 1819 682; x_wconf 77' lang='grc' dir='ltr'>έξαιματουμένη</span> <span class='ocrx_word' id='word_1_23' title='bbox 1880 607 2138 684; x_wconf 79' lang='grc' dir='ltr'>έκχωρεῖ.</span> 
     </span>
    </p>
   </div>
   <div class='ocr_carea' id='block_1_5' title="bbox 485 695 2140 774">
    <p class='ocr_par' dir='ltr' id='par_1_5' title="bbox 485 695 2140 774">
     <span class='ocr_line' id='line_1_5' title="bbox 485 695 2140 774; baseline -0.005 -15"><span class='ocrx_word' id='word_1_24' title='bbox 485 705 556 759; x_wconf 71' lang='grc' dir='ltr'>Αἱ</span> <span class='ocrx_word' id='word_1_25' title='bbox 587 700 644 758; x_wconf 72' lang='grc' dir='ltr'>δὲ</span> <span class='ocrx_word' id='word_1_26' title='bbox 676 699 766 756; x_wconf 76' lang='grc' dir='ltr'>διὰ</span> <span class='ocrx_word' id='word_1_27' title='bbox 808 706 984 769; x_wconf 80' lang='grc' dir='ltr'>πνοῆς</span> <span class='ocrx_word' id='word_1_28' title='bbox 1033 699 1094 754; x_wconf 92' lang='grc' dir='ltr'>οὐ</span> <span class='ocrx_word' id='word_1_29' title='bbox 1123 697 1515 774; x_wconf 84' lang='grc' dir='ltr'>τυγχάνουσαι,</span> <span class='ocrx_word' id='word_1_30' title='bbox 1542 695 1979 773; x_wconf 71' lang='grc' dir='ltr'>πεπληρωμέναι</span> <span class='ocrx_word' id='word_1_31' title='bbox 2039 698 2140 770; x_wconf 89' lang='grc' dir='ltr'>μά-</span> 
     </span>
    </p>
   </div>
   <div class='ocr_carea' id='block_1_6' title="bbox 484 783 2140 866">
    <p class='ocr_par' dir='ltr' id='par_1_6' title="bbox 484 783 2140 866">
     <span class='ocr_line' id='line_1_6' title="bbox 484 783 2140 866; baseline -0.004 -19"><span class='ocrx_word' id='word_1_32' title='bbox 484 791 642 848; x_wconf 92' lang='grc' dir='ltr'>λιστα</span> <span class='ocrx_word' id='word_1_33' title='bbox 673 789 1030 845; x_wconf 84' lang='grc' dir='ltr'>συντείνονται</span> <span class='ocrx_word' id='word_1_34' title='bbox 1087 788 1174 844; x_wconf 79' lang='grc' dir='ltr'>καὶ</span> <span class='ocrx_word' id='word_1_35' title='bbox 1233 787 1512 866; x_wconf 84' lang='grc' dir='ltr'>σφύζουσι·</span> <span class='ocrx_word' id='word_1_36' title='bbox 1577 783 1662 841; x_wconf 84' lang='grc' dir='ltr'>διὸ</span> <span class='ocrx_word' id='word_1_37' title='bbox 1720 787 1813 841; x_wconf 84' lang='grc' dir='ltr'>καὶ</span> <span class='ocrx_word' id='word_1_38' title='bbox 1860 787 1914 842; x_wconf 73' lang='grc' dir='ltr'>αἱ</span> <span class='ocrx_word' id='word_1_39' title='bbox 1965 786 2140 841; x_wconf 90' lang='grc' dir='ltr'>τίτθαι</span> 
     </span>
    </p>
   </div>
   <div class='ocr_carea' id='block_1_7' title="bbox 479 875 2138 956">
    <p class='ocr_par' dir='ltr' id='par_1_7' title="bbox 479 875 2138 956">
     <span class='ocr_line' id='line_1_7' title="bbox 479 875 2138 956; baseline -0.003 -18"><span class='ocrx_word' id='word_1_40' title='bbox 479 879 843 956; x_wconf 81' lang='grc' dir='ltr'>περιπληθεῖς</span> <span class='ocrx_word' id='word_1_41' title='bbox 917 875 1040 934; x_wconf 87' lang='grc' dir='ltr'>τότε</span> <span class='ocrx_word' id='word_1_42' title='bbox 1125 876 1366 950; x_wconf 87' lang='grc' dir='ltr'>μάλιστα</span> <span class='ocrx_word' id='word_1_43' title='bbox 1446 875 1688 952; x_wconf 87' lang='grc' dir='ltr'>γίνονται</span> <span class='ocrx_word' id='word_1_44' title='bbox 1747 880 1826 948; x_wconf 79' lang='grc' dir='ltr'>τῷ</span> <span class='ocrx_word' id='word_1_45' title='bbox 1882 875 2138 951; x_wconf 89' lang='grc' dir='ltr'>γάλακτι.</span> 
     </span>
    </p>
   </div>
   <div class='ocr_carea' id='block_1_8' title="bbox 477 964 2142 1042">
    <p class='ocr_par' dir='ltr' id='par_1_8' title="bbox 477 964 2142 1042">
     <span class='ocr_line' id='line_1_8' title="bbox 477 964 2142 1042; baseline -0.005 -15"><span class='ocrx_word' id='word_1_46' title='bbox 477 967 900 1029; x_wconf 76' lang='grc' dir='ltr'>Ἀποδέδειλται</span> <span class='ocrx_word' id='word_1_47' title='bbox 960 964 1018 1023; x_wconf 73' lang='grc' dir='ltr'>δὲ</span> <span class='ocrx_word' id='word_1_48' title='bbox 1073 969 1211 1041; x_wconf 78' lang='grc' dir='ltr'>ἡμῖν</span> <span class='ocrx_word' id='word_1_49' title='bbox 1275 970 1460 1042; x_wconf 82' lang='grc' dir='ltr'>μεκρῷ</span> <span class='ocrx_word' id='word_1_50' title='bbox 1515 965 1745 1041; x_wconf 82' lang='grc' dir='ltr'>πρόσθεν</span> <span class='ocrx_word' id='word_1_51' title='bbox 1793 966 1854 1020; x_wconf 89' lang='grc' dir='ltr'>τὸ</span> <span class='ocrx_word' id='word_1_52' title='bbox 1897 967 2037 1037; x_wconf 81' lang='grc' dir='ltr'>αἷμα</span> <span class='ocrx_word' id='word_1_53' title='bbox 2066 964 2142 1028; x_wconf 87' lang='grc' dir='ltr'>εἰς</span> 
     </span>
    </p>
   </div>
   <div class='ocr_carea' id='block_1_9' title="bbox 484 1050 2137 1136">
    <p class='ocr_par' dir='ltr' id='par_1_9' title="bbox 484 1050 2137 1136">
     <span class='ocr_line' id='line_1_9' title="bbox 484 1050 2137 1136; baseline -0.004 -21"><span class='ocrx_word' id='word_1_54' title='bbox 484 1058 625 1136; x_wconf 88' lang='grc' dir='ltr'>γάλα</span> <span class='ocrx_word' id='word_1_55' title='bbox 657 1064 774 1120; x_wconf 90' lang='grc' dir='ltr'>ταῖς</span> <span class='ocrx_word' id='word_1_56' title='bbox 815 1057 1070 1119; x_wconf 87' lang='grc' dir='ltr'>κυούσαις</span> <span class='ocrx_word' id='word_1_57' title='bbox 1124 1055 1260 1111; x_wconf 81' lang='grc' dir='ltr'>κατὰ</span> <span class='ocrx_word' id='word_1_58' title='bbox 1311 1050 1622 1129; x_wconf 77' lang='grc' dir='ltr'>μεταϐολὴν</span> <span class='ocrx_word' id='word_1_59' title='bbox 1683 1055 1745 1109; x_wconf 92' lang='grc' dir='ltr'>οὐ</span> <span class='ocrx_word' id='word_1_60' title='bbox 1805 1055 1921 1109; x_wconf 87' lang='grc' dir='ltr'>κατ’</span> <span class='ocrx_word' id='word_1_61' title='bbox 1953 1053 2137 1109; x_wconf 87' lang='grc' dir='ltr'>οὐσίαν</span> 
     </span>
    </p>
   </div>
   <div class='ocr_carea' id='block_1_10' title="bbox 485 1143 2138 1225">
    <p class='ocr_par' dir='ltr' id='par_1_10' title="bbox 485 1143 2138 1225">
     <span class='ocr_line' id='line_1_10' title="bbox 485 1143 2138 1225; baseline -0.005 -21"><span class='ocrx_word' id='word_1_62' title='bbox 485 1155 712 1225; x_wconf 87' lang='grc' dir='ltr'>χωρεῖν.</span> <span class='ocrx_word' id='word_1_63' title='bbox 759 1150 962 1220; x_wconf 79' lang='grc' dir='ltr'>’Ὠσπερ</span> <span class='ocrx_word' id='word_1_64' title='bbox 1012 1145 1205 1219; x_wconf 78' lang='grc' dir='ltr'>ἀμέλει</span> <span class='ocrx_word' id='word_1_65' title='bbox 1259 1145 1344 1199; x_wconf 80' lang='grc' dir='ltr'>καὶ</span> <span class='ocrx_word' id='word_1_66' title='bbox 1391 1146 1446 1199; x_wconf 75' lang='grc' dir='ltr'>αἱ</span> <span class='ocrx_word' id='word_1_67' title='bbox 1477 1143 1663 1220; x_wconf 71' lang='grc' dir='ltr'>τρίχες</span> <span class='ocrx_word' id='word_1_68' title='bbox 1695 1145 1750 1199; x_wconf 75' lang='grc' dir='ltr'>αἱ</span> <span class='ocrx_word' id='word_1_69' title='bbox 1782 1144 1964 1214; x_wconf 82' lang='grc' dir='ltr'>ξανθαὶ</span> <span class='ocrx_word' id='word_1_70' title='bbox 2020 1147 2138 1206; x_wconf 86' lang='grc' dir='ltr'>τοῖς</span> 
     </span>
    </p>
   </div>
   <div class='ocr_carea' id='block_1_11' title="bbox 483 1228 2135 1315">
    <p class='ocr_par' dir='ltr' id='par_1_11' title="bbox 483 1228 2135 1315">
     <span class='ocr_line' id='line_1_11' title="bbox 483 1228 2135 1315; baseline -0.004 -22"><span class='ocrx_word' id='word_1_71' title='bbox 483 1244 721 1315; x_wconf 76' lang='grc' dir='ltr'>γηρῶσιν</span> <span class='ocrx_word' id='word_1_72' title='bbox 756 1237 831 1300; x_wconf 85' lang='grc' dir='ltr'>είς</span> <span class='ocrx_word' id='word_1_73' title='bbox 863 1233 1062 1298; x_wconf 79' lang='grc' dir='ltr'>πολιάς</span> <span class='ocrx_word' id='word_1_74' title='bbox 1095 1228 1552 1307; x_wconf 73' lang='grc' dir='ltr'>μεταϐάλλουσιν.</span> <span class='ocrx_word' id='word_1_75' title='bbox 1606 1235 1804 1306; x_wconf 79' lang='grc' dir='ltr'>Θέρους</span> <span class='ocrx_word' id='word_1_76' title='bbox 1855 1232 1912 1287; x_wconf 69' lang='grc' dir='ltr'>δὲ</span> <span class='ocrx_word' id='word_1_77' title='bbox 1961 1231 2135 1306; x_wconf 82' lang='grc' dir='ltr'>ἔμπα-</span> 
     </span>
    </p>
   </div>
   <div class='ocr_carea' id='block_1_12' title="bbox 484 1321 2136 1403">
    <p class='ocr_par' dir='ltr' id='par_1_12' title="bbox 484 1321 2136 1403">
     <span class='ocr_line' id='line_1_12' title="bbox 484 1321 2136 1403; baseline -0.005 -19"><span class='ocrx_word' id='word_1_78' title='bbox 484 1327 569 1384; x_wconf 89' lang='grc' dir='ltr'>λιν</span> <span class='ocrx_word' id='word_1_79' title='bbox 605 1327 922 1403; x_wconf 81' lang='grc' dir='ltr'>ἀραιότερον</span> <span class='ocrx_word' id='word_1_80' title='bbox 961 1325 1019 1380; x_wconf 85' lang='grc' dir='ltr'>’ὸν</span> <span class='ocrx_word' id='word_1_81' title='bbox 1048 1325 1110 1379; x_wconf 86' lang='grc' dir='ltr'>τὸ</span> <span class='ocrx_word' id='word_1_82' title='bbox 1151 1329 1332 1396; x_wconf 85' lang='grc' dir='ltr'>σῶμα,</span> <span class='ocrx_word' id='word_1_83' title='bbox 1389 1326 1490 1393; x_wconf 75' lang='grc' dir='ltr'>τήν</span> <span class='ocrx_word' id='word_1_84' title='bbox 1539 1325 1746 1402; x_wconf 76' lang='grc' dir='ltr'>τροφὴν</span> <span class='ocrx_word' id='word_1_85' title='bbox 1800 1321 2136 1401; x_wconf 77' lang='grc' dir='ltr'>εὑδιαφορω-</span> 
     </span>
    </p>
   </div>
   <div class='ocr_carea' id='block_1_13' title="bbox 480 1411 2134 1491">
    <p class='ocr_par' dir='ltr' id='par_1_13' title="bbox 480 1411 2134 1491">
     <span class='ocr_line' id='line_1_13' title="bbox 480 1411 2134 1491; baseline -0.004 -19"><span class='ocrx_word' id='word_1_86' title='bbox 480 1417 640 1490; x_wconf 88' lang='grc' dir='ltr'>τέραν</span> <span class='ocrx_word' id='word_1_87' title='bbox 669 1416 922 1491; x_wconf 87' lang='grc' dir='ltr'>παρέχει,</span> <span class='ocrx_word' id='word_1_88' title='bbox 955 1415 1040 1469; x_wconf 78' lang='grc' dir='ltr'>καὶ</span> <span class='ocrx_word' id='word_1_89' title='bbox 1080 1413 1277 1483; x_wconf 73' lang='grc' dir='ltr'>ἥκιστα</span> <span class='ocrx_word' id='word_1_90' title='bbox 1326 1411 1612 1482; x_wconf 85' lang='grc' dir='ltr'>πλεονάζει</span> <span class='ocrx_word' id='word_1_91' title='bbox 1669 1413 1732 1467; x_wconf 91' lang='grc' dir='ltr'>τὸ</span> <span class='ocrx_word' id='word_1_92' title='bbox 1792 1412 1959 1488; x_wconf 87' lang='grc' dir='ltr'>γάλα,</span> <span class='ocrx_word' id='word_1_93' title='bbox 2018 1411 2134 1466; x_wconf 77' lang='grc' dir='ltr'>ἐπεὶ</span> 
     </span>
    </p>
   </div>
   <div class='ocr_carea' id='block_1_14' title="bbox 487 1500 2132 1580">
    <p class='ocr_par' dir='ltr' id='par_1_14' title="bbox 487 1500 2132 1580">
     <span class='ocr_line' id='line_1_14' title="bbox 487 1500 2132 1580; baseline -0.003 -19"><span class='ocrx_word' id='word_1_94' title='bbox 487 1509 622 1580; x_wconf 83' lang='grc' dir='ltr'>μήτε</span> <span class='ocrx_word' id='word_1_95' title='bbox 664 1507 728 1560; x_wconf 87' lang='grc' dir='ltr'>τὸ</span> <span class='ocrx_word' id='word_1_96' title='bbox 775 1507 931 1576; x_wconf 83' lang='grc' dir='ltr'>αἷμα·</span> <span class='ocrx_word' id='word_1_97' title='bbox 981 1501 1109 1558; x_wconf 76' lang='grc' dir='ltr'>οὐδὲ</span> <span class='ocrx_word' id='word_1_98' title='bbox 1155 1503 1256 1578; x_wconf 73' lang='grc' dir='ltr'>γάρ</span> <span class='ocrx_word' id='word_1_99' title='bbox 1301 1507 1444 1556; x_wconf 78' lang='grc' dir='ltr'>πᾶσα</span> <span class='ocrx_word' id='word_1_100' title='bbox 1487 1503 1774 1577; x_wconf 85' lang='grc' dir='ltr'>κατέχεται</span> <span class='ocrx_word' id='word_1_101' title='bbox 1835 1503 1869 1569; x_wconf 79' lang='grc' dir='ltr'>ὴ</span> <span class='ocrx_word' id='word_1_102' title='bbox 1929 1500 2132 1576; x_wconf 69' lang='grc' dir='ltr'>τροφή.</span> 
     </span>
    </p>
   </div>
   <div class='ocr_carea' id='block_1_15' title="bbox 485 1589 2132 1665">
    <p class='ocr_par' dir='ltr' id='par_1_15' title="bbox 485 1589 2132 1665">
     <span class='ocr_line' id='line_1_15' title="bbox 485 1589 2132 1665; baseline -0.005 -15"><span class='ocrx_word' id='word_1_103' title='bbox 485 1594 545 1652; x_wconf 76' lang='grc' dir='ltr'>Εἰ</span> <span class='ocrx_word' id='word_1_104' title='bbox 597 1594 772 1649; x_wconf 77' lang='grc' dir='ltr'>τοίνυν</span> <span class='ocrx_word' id='word_1_105' title='bbox 805 1595 838 1662; x_wconf 74' lang='grc' dir='ltr'>ἡ</span> <span class='ocrx_word' id='word_1_106' title='bbox 905 1593 994 1665; x_wconf 62' lang='grc' dir='ltr'>μὲν</span> <span class='ocrx_word' id='word_1_107' title='bbox 1049 1590 1371 1664; x_wconf 75' lang='grc' dir='ltr'>κατεργασία</span> <span class='ocrx_word' id='word_1_108' title='bbox 1414 1597 1516 1660; x_wconf 88' lang='grc' dir='ltr'>τῆς</span> <span class='ocrx_word' id='word_1_109' title='bbox 1543 1593 1751 1665; x_wconf 76' lang='grc' dir='ltr'>τροφῆς</span> <span class='ocrx_word' id='word_1_110' title='bbox 1812 1589 2132 1660; x_wconf 66' lang='grc' dir='ltr'>έξαιματοῦυ</span> 
     </span>
    </p>
   </div>
   <div class='ocr_carea' id='block_1_16' title="bbox 481 1675 2132 1754">
    <p class='ocr_par' dir='ltr' id='par_1_16' title="bbox 481 1675 2132 1754">
     <span class='ocr_line' id='line_1_16' title="bbox 481 1675 2132 1754; baseline -0.005 -17"><span class='ocrx_word' id='word_1_111' title='bbox 481 1703 590 1749; x_wconf 89' lang='grc' dir='ltr'>ται,</span> <span class='ocrx_word' id='word_1_112' title='bbox 642 1683 705 1736; x_wconf 87' lang='grc' dir='ltr'>τὸ</span> <span class='ocrx_word' id='word_1_113' title='bbox 765 1679 822 1735; x_wconf 76' lang='grc' dir='ltr'>δὲ</span> <span class='ocrx_word' id='word_1_114' title='bbox 861 1683 999 1750; x_wconf 78' lang='grc' dir='ltr'>αἷμα</span> <span class='ocrx_word' id='word_1_115' title='bbox 1047 1678 1494 1754; x_wconf 85' lang='grc' dir='ltr'>έκγαλακτοῦται,</span> <span class='ocrx_word' id='word_1_116' title='bbox 1553 1679 1867 1754; x_wconf 67' lang='grc' dir='ltr'>παρασκευὴ</span> <span class='ocrx_word' id='word_1_117' title='bbox 1925 1675 2132 1752; x_wconf 87' lang='grc' dir='ltr'>γίνεται</span> 
     </span>
    </p>
   </div>
   <div class='ocr_carea' id='block_1_17' title="bbox 481 1763 2127 1842">
    <p class='ocr_par' dir='ltr' id='par_1_17' title="bbox 481 1763 2127 1842">
     <span class='ocr_line' id='line_1_17' title="bbox 481 1763 2127 1842; baseline -0.005 -17"><span class='ocrx_word' id='word_1_118' title='bbox 481 1772 540 1825; x_wconf 86' lang='grc' dir='ltr'>τὸ</span> <span class='ocrx_word' id='word_1_119' title='bbox 572 1771 708 1842; x_wconf 66' lang='grc' dir='ltr'>αἷμα</span> <span class='ocrx_word' id='word_1_120' title='bbox 735 1773 832 1823; x_wconf 80' lang='grc' dir='ltr'>τοῦ</span> <span class='ocrx_word' id='word_1_121' title='bbox 857 1767 1128 1842; x_wconf 88' lang='grc' dir='ltr'>γάλακτος</span> <span class='ocrx_word' id='word_1_122' title='bbox 1177 1767 1356 1842; x_wconf 83' lang='grc' dir='ltr'>ὥσπερ</span> <span class='ocrx_word' id='word_1_123' title='bbox 1389 1768 1525 1838; x_wconf 83' lang='grc' dir='ltr'>αἷμα</span> <span class='ocrx_word' id='word_1_124' title='bbox 1557 1766 1871 1842; x_wconf 87' lang='grc' dir='ltr'>ἀνθρώπου,</span> <span class='ocrx_word' id='word_1_125' title='bbox 1902 1763 1992 1820; x_wconf 78' lang='grc' dir='ltr'>καὶ</span> <span class='ocrx_word' id='word_1_126' title='bbox 2039 1764 2127 1838; x_wconf 90' lang='grc' dir='ltr'>γί-</span> 
     </span>
    </p>
   </div>
   <div class='ocr_carea' id='block_1_18' title="bbox 478 1855 1073 1934">
    <p class='ocr_par' dir='ltr' id='par_1_18' title="bbox 478 1855 1073 1934">
     <span class='ocr_line' id='line_1_18' title="bbox 478 1855 1073 1934; baseline -0.007 -22"><span class='ocrx_word' id='word_1_127' title='bbox 478 1879 673 1934; x_wconf 82' lang='grc' dir='ltr'>γαρτον</span> <span class='ocrx_word' id='word_1_128' title='bbox 707 1855 982 1930; x_wconf 89' lang='grc' dir='ltr'>ἀμπέλου.</span> <span class='ocrx_word' id='word_1_129' title='bbox 1067 1903 1073 1908; x_wconf 96' lang='grc'>.</span> 
     </span>
    </p>
   </div>
   <div class='ocr_carea' id='block_1_19' title="bbox 553 1939 2129 2022">
    <p class='ocr_par' dir='ltr' id='par_1_19' title="bbox 553 1939 2129 2022">
     <span class='ocr_line' id='line_1_19' title="bbox 553 1939 2129 2022; baseline -0.004 -19"><span class='ocrx_word' id='word_1_130' title='bbox 553 1946 912 2022; x_wconf 83' lang='grc' dir='ltr'>’ΔλΛηγορῶν</span> <span class='ocrx_word' id='word_1_131' title='bbox 943 1945 1123 2001; x_wconf 81' lang='grc' dir='ltr'>τοίνυν</span> <span class='ocrx_word' id='word_1_132' title='bbox 1168 1945 1263 2000; x_wconf 87' lang='grc' dir='ltr'>τὸν</span> <span class='ocrx_word' id='word_1_133' title='bbox 1296 1943 1462 2020; x_wconf 78' lang='grc' dir='ltr'>λόγον</span> <span class='ocrx_word' id='word_1_134' title='bbox 1497 1945 1524 1999; x_wconf 92' lang='lat'>6</span> <span class='ocrx_word' id='word_1_135' title='bbox 1557 1943 1802 2015; x_wconf 88' lang='grc' dir='ltr'>Παῦλος,</span> <span class='ocrx_word' id='word_1_136' title='bbox 1847 1943 1937 1998; x_wconf 86' lang='grc' dir='ltr'>καὶ</span> <span class='ocrx_word' id='word_1_137' title='bbox 1983 1939 2129 2018; x_wconf 85' lang='grc' dir='ltr'>γάλα</span> 
     </span>
    </p>
   </div>
   <div class='ocr_carea' id='block_1_20' title="bbox 480 2031 2127 2110">
    <p class='ocr_par' dir='ltr' id='par_1_20' title="bbox 480 2031 2127 2110">
     <span class='ocr_line' id='line_1_20' title="bbox 480 2031 2127 2110; baseline -0.004 -19"><span class='ocrx_word' id='word_1_138' title='bbox 480 2036 638 2092; x_wconf 84' lang='grc' dir='ltr'>αὐτὸν</span> <span class='ocrx_word' id='word_1_139' title='bbox 692 2034 1002 2109; x_wconf 77' lang='grc' dir='ltr'>ὀνομάζων,</span> <span class='ocrx_word' id='word_1_140' title='bbox 1052 2033 1336 2089; x_wconf 84' lang='grc' dir='ltr'>«ἐπότισα</span> <span class='ocrx_word' id='word_1_141' title='bbox 1369 2057 1396 2085; x_wconf 87' lang='grc'><strong>››</strong></span> <span class='ocrx_word' id='word_1_142' title='bbox 1451 2033 1711 2110; x_wconf 74' lang='grc' dir='ltr'>ἐπιφέρει.</span> <span class='ocrx_word' id='word_1_143' title='bbox 1766 2031 1983 2089; x_wconf 84' lang='grc' dir='ltr'>Πίνεται</span> <span class='ocrx_word' id='word_1_144' title='bbox 2025 2034 2127 2108; x_wconf 83' lang='grc' dir='ltr'>γὰρ</span> 
     </span>
    </p>
   </div>
   <div class='ocr_carea' id='block_1_21' title="bbox 481 2121 2126 2202">
    <p class='ocr_par' dir='ltr' id='par_1_21' title="bbox 481 2121 2126 2202">
     <span class='ocr_line' id='line_1_21' title="bbox 481 2121 2126 2202; baseline -0.004 -21"><span class='ocrx_word' id='word_1_145' title='bbox 481 2127 509 2181; x_wconf 83' lang='grc' dir='ltr'><strong>ὁ</strong></span> <span class='ocrx_word' id='word_1_146' title='bbox 555 2125 742 2200; x_wconf 83' lang='grc' dir='ltr'>λόγος,</span> <span class='ocrx_word' id='word_1_147' title='bbox 775 2127 809 2194; x_wconf 79' lang='grc' dir='ltr'>ἡ</span> <span class='ocrx_word' id='word_1_148' title='bbox 841 2125 1017 2202; x_wconf 72' lang='grc' dir='ltr'>τροφὴ</span> <span class='ocrx_word' id='word_1_149' title='bbox 1048 2129 1147 2193; x_wconf 87' lang='grc' dir='ltr'>τῆς</span> <span class='ocrx_word' id='word_1_150' title='bbox 1185 2121 1467 2193; x_wconf 78' lang='grc' dir='ltr'>ἀληθείας,</span> <span class='ocrx_word' id='word_1_151' title='bbox 1520 2121 1710 2194; x_wconf 83' lang='grc' dir='ltr'>ἀμέλει</span> <span class='ocrx_word' id='word_1_152' title='bbox 1767 2121 1856 2176; x_wconf 70' lang='grc' dir='ltr'>καὶ</span> <span class='ocrx_word' id='word_1_153' title='bbox 1905 2122 1968 2175; x_wconf 87' lang='grc' dir='ltr'>τὸ</span> <span class='ocrx_word' id='word_1_154' title='bbox 2024 2142 2126 2175; x_wconf 88' lang='grc' dir='ltr'>πο-</span> 
     </span>
    </p>
   </div>
   <div class='ocr_carea' id='block_1_22' title="bbox 477 2208 2126 2292">
    <p class='ocr_par' dir='ltr' id='par_1_22' title="bbox 477 2208 2126 2292">
     <span class='ocr_line' id='line_1_22' title="bbox 477 2208 2126 2292; baseline -0.004 -22"><span class='ocrx_word' id='word_1_155' title='bbox 477 2216 592 2284; x_wconf 89' lang='grc' dir='ltr'>τὸν,</span> <span class='ocrx_word' id='word_1_156' title='bbox 654 2215 788 2292; x_wconf 81' lang='grc' dir='ltr'>ὑγρά</span> <span class='ocrx_word' id='word_1_157' title='bbox 847 2211 1097 2269; x_wconf 87' lang='grc' dir='ltr'>καλεῖται</span> <span class='ocrx_word' id='word_1_158' title='bbox 1141 2215 1340 2286; x_wconf 75' lang='grc' dir='ltr'>τροφή.</span> <span class='ocrx_word' id='word_1_159' title='bbox 1394 2211 1626 2267; x_wconf 89' lang='grc' dir='ltr'>Δυνατὸν</span> <span class='ocrx_word' id='word_1_160' title='bbox 1671 2208 1728 2266; x_wconf 69' lang='grc' dir='ltr'>δὲ</span> <span class='ocrx_word' id='word_1_161' title='bbox 1759 2211 1818 2266; x_wconf 85' lang='grc' dir='ltr'>τὸ</span> <span class='ocrx_word' id='word_1_162' title='bbox 1849 2209 1977 2266; x_wconf 86' lang='grc' dir='ltr'>αὐτὸ</span> <span class='ocrx_word' id='word_1_163' title='bbox 2035 2210 2126 2266; x_wconf 82' lang='grc' dir='ltr'>καὶ</span> 
     </span>
    </p>
   </div>
   <div class='ocr_carea' id='block_1_23' title="bbox 484 2297 2126 2380">
    <p class='ocr_par' dir='ltr' id='par_1_23' title="bbox 484 2297 2126 2380">
     <span class='ocr_line' id='line_1_23' title="bbox 484 2297 2126 2380; baseline -0.003 -21"><span class='ocrx_word' id='word_1_164' title='bbox 484 2305 680 2380; x_wconf 89' lang='grc' dir='ltr'>βρῶμα</span> <span class='ocrx_word' id='word_1_165' title='bbox 707 2303 840 2359; x_wconf 80' lang='grc' dir='ltr'>εἶναί</span> <span class='ocrx_word' id='word_1_166' title='bbox 871 2324 988 2366; x_wconf 90' lang='grc' dir='ltr'>πως</span> <span class='ocrx_word' id='word_1_167' title='bbox 1017 2297 1145 2378; x_wconf 80' lang='grc' dir='ltr'>ἔχον</span> <span class='ocrx_word' id='word_1_168' title='bbox 1169 2301 1259 2356; x_wconf 83' lang='grc' dir='ltr'>καὶ</span> <span class='ocrx_word' id='word_1_169' title='bbox 1290 2301 1476 2370; x_wconf 88' lang='grc' dir='ltr'>ποτὸν,</span> <span class='ocrx_word' id='word_1_170' title='bbox 1509 2300 1644 2377; x_wconf 83' lang='grc' dir='ltr'>πρὸς</span> <span class='ocrx_word' id='word_1_171' title='bbox 1672 2298 1813 2356; x_wconf 81' lang='grc' dir='ltr'>ἄλλο</span> <span class='ocrx_word' id='word_1_172' title='bbox 1864 2298 1954 2355; x_wconf 78' lang='grc' dir='ltr'>καί</span> <span class='ocrx_word' id='word_1_173' title='bbox 1985 2297 2126 2354; x_wconf 82' lang='grc' dir='ltr'>ἄλλο</span> 
     </span>
    </p>
   </div>
   <div class='ocr_carea' id='block_1_24' title="bbox 477 2386 2127 2466">
    <p class='ocr_par' dir='ltr' id='par_1_24' title="bbox 477 2386 2127 2466">
     <span class='ocr_line' id='line_1_24' title="bbox 477 2386 2127 2466; baseline -0.003 -19"><span class='ocrx_word' id='word_1_174' title='bbox 477 2393 798 2466; x_wconf 80' lang='grc' dir='ltr'>νοούμενον,</span> <span class='ocrx_word' id='word_1_175' title='bbox 870 2393 1110 2465; x_wconf 88' lang='grc' dir='ltr'>καθάπερ</span> <span class='ocrx_word' id='word_1_176' title='bbox 1180 2391 1268 2445; x_wconf 83' lang='grc' dir='ltr'>καὶ</span> <span class='ocrx_word' id='word_1_177' title='bbox 1349 2391 1372 2432; x_wconf 65' lang='grc' dir='ltr'><em>θ</em></span> <span class='ocrx_word' id='word_1_178' title='bbox 1465 2391 1629 2465; x_wconf 86' lang='grc' dir='ltr'>τυρὸς</span> <span class='ocrx_word' id='word_1_179' title='bbox 1686 2386 1960 2463; x_wconf 86' lang='grc' dir='ltr'>γάλακτος</span> <span class='ocrx_word' id='word_1_180' title='bbox 2015 2387 2127 2443; x_wconf 79' lang='grc' dir='ltr'>ἐστὶ</span> 
     </span>
    </p>
   </div>
   <div class='ocr_carea' id='block_1_25' title="bbox 478 2476 2131 2554">
    <p class='ocr_par' dir='ltr' id='par_1_25' title="bbox 478 2476 2131 2554">
     <span class='ocr_line' id='line_1_25' title="bbox 478 2476 2131 2554; baseline -0.004 -18"><span class='ocrx_word' id='word_1_181' title='bbox 478 2482 660 2553; x_wconf 81' lang='grc' dir='ltr'>πῆξις,</span> <span class='ocrx_word' id='word_1_182' title='bbox 718 2483 753 2552; x_wconf 73' lang='grc' dir='ltr'><strong>ἢ</strong></span> <span class='ocrx_word' id='word_1_183' title='bbox 786 2480 934 2554; x_wconf 88' lang='grc' dir='ltr'>γάλα</span> <span class='ocrx_word' id='word_1_184' title='bbox 961 2479 1228 2554; x_wconf 58' lang='grc' dir='ltr'>πεπηγός</span> <span class='ocrx_word' id='word_1_185' title='bbox 1266 2478 1328 2533; x_wconf 90' lang='grc' dir='ltr'>οὐ</span> <span class='ocrx_word' id='word_1_186' title='bbox 1371 2478 1476 2553; x_wconf 88' lang='grc' dir='ltr'>γάρ</span> <span class='ocrx_word' id='word_1_187' title='bbox 1530 2499 1624 2551; x_wconf 87' lang='grc' dir='ltr'>μοι</span> <span class='ocrx_word' id='word_1_188' title='bbox 1669 2485 1769 2546; x_wconf 87' lang='grc' dir='ltr'>τῆς</span> <span class='ocrx_word' id='word_1_189' title='bbox 1817 2476 2131 2552; x_wconf 81' lang='grc' dir='ltr'>λεξιθηρίας</span> 
     </span>
    </p>
   </div>
   <div class='ocr_carea' id='block_1_26' title="bbox 482 2563 2128 2645">
    <p class='ocr_par' dir='ltr' id='par_1_26' title="bbox 482 2563 2128 2645">
     <span class='ocr_line' id='line_1_26' title="bbox 482 2563 2128 2645; baseline -0.004 -19"><span class='ocrx_word' id='word_1_190' title='bbox 482 2570 636 2645; x_wconf 82' lang='grc' dir='ltr'>μέλει</span> <span class='ocrx_word' id='word_1_191' title='bbox 687 2575 867 2639; x_wconf 86' lang='grc' dir='ltr'>τανῦν,</span> <span class='ocrx_word' id='word_1_192' title='bbox 895 2567 1041 2638; x_wconf 76' lang='grc' dir='ltr'>πλὴν</span> <span class='ocrx_word' id='word_1_193' title='bbox 1075 2568 1158 2624; x_wconf 79' lang='grc' dir='ltr'>ὅτι</span> <span class='ocrx_word' id='word_1_194' title='bbox 1188 2568 1284 2632; x_wconf 87' lang='grc' dir='ltr'>τάς</span> <span class='ocrx_word' id='word_1_195' title='bbox 1309 2569 1512 2645; x_wconf 81' lang='grc' dir='ltr'>τροφάς</span> <span class='ocrx_word' id='word_1_196' title='bbox 1563 2564 1728 2644; x_wconf 73' lang='grc' dir='ltr'>ἄμφω</span> <span class='ocrx_word' id='word_1_197' title='bbox 1781 2565 1878 2639; x_wconf 90' lang='grc' dir='ltr'>μία</span> <span class='ocrx_word' id='word_1_198' title='bbox 1936 2563 2128 2620; x_wconf 84' lang='grc' dir='ltr'>διακο-</span> 
     </span>
    </p>
   </div>
   <div class='ocr_carea' id='block_1_27' title="bbox 477 2652 2126 2723">
    <p class='ocr_par' dir='ltr' id='par_1_27' title="bbox 477 2652 2126 2723">
     <span class='ocr_line' id='line_1_27' title="bbox 477 2652 2126 2723; baseline -0.004 -8"><span class='ocrx_word' id='word_1_199' title='bbox 477 2666 643 2715; x_wconf 82' lang='grc' dir='ltr'>νεῖται</span> <span class='ocrx_word' id='word_1_200' title='bbox 702 2658 879 2714; x_wconf 84' lang='grc' dir='ltr'>οὐσία.</span> <span class='ocrx_word' id='word_1_201' title='bbox 937 2657 1112 2716; x_wconf 86' lang='grc' dir='ltr'>Ἀλλά</span> <span class='ocrx_word' id='word_1_202' title='bbox 1156 2659 1248 2712; x_wconf 84' lang='grc' dir='ltr'>καὶ</span> <span class='ocrx_word' id='word_1_203' title='bbox 1295 2661 1411 2718; x_wconf 92' lang='grc' dir='ltr'>τοῖς</span> <span class='ocrx_word' id='word_1_204' title='bbox 1472 2656 1808 2716; x_wconf 84' lang='grc' dir='ltr'>ὑποτιτθίοις</span> <span class='ocrx_word' id='word_1_205' title='bbox 1865 2652 2126 2723; x_wconf 81' lang='grc' dir='ltr'>παιδίοις,</span> 
     </span>
    </p>
   </div>
   <div class='ocr_carea' id='block_1_28' title="bbox 477 2744 2122 2824">
    <p class='ocr_par' dir='ltr' id='par_1_28' title="bbox 477 2744 2122 2824">
     <span class='ocr_line' id='line_1_28' title="bbox 477 2744 2122 2824; baseline -0.005 -20"><span class='ocrx_word' id='word_1_206' title='bbox 477 2750 635 2824; x_wconf 88' lang='grc' dir='ltr'>ἀρκεῖ</span> <span class='ocrx_word' id='word_1_207' title='bbox 694 2747 858 2822; x_wconf 90' lang='grc' dir='ltr'>μόνον</span> <span class='ocrx_word' id='word_1_208' title='bbox 905 2748 969 2802; x_wconf 88' lang='grc' dir='ltr'>τὸ</span> <span class='ocrx_word' id='word_1_209' title='bbox 1019 2745 1164 2821; x_wconf 85' lang='grc' dir='ltr'>γάλα</span> <span class='ocrx_word' id='word_1_210' title='bbox 1211 2745 1301 2800; x_wconf 81' lang='grc' dir='ltr'>καὶ</span> <span class='ocrx_word' id='word_1_211' title='bbox 1331 2745 1498 2800; x_wconf 88' lang='grc' dir='ltr'>ποτὸν</span> <span class='ocrx_word' id='word_1_212' title='bbox 1559 2744 1694 2799; x_wconf 75' lang='grc' dir='ltr'>εἶναι</span> <span class='ocrx_word' id='word_1_213' title='bbox 1748 2744 1838 2798; x_wconf 76' lang='grc' dir='ltr'>καὶ</span> <span class='ocrx_word' id='word_1_214' title='bbox 1891 2745 2122 2822; x_wconf 80' lang='grc' dir='ltr'>τροφήν,</span> 
     </span>
    </p>
   </div>
   <div class='ocr_carea' id='block_1_29' title="bbox 480 2831 2126 2913">
    <p class='ocr_par' dir='ltr' id='par_1_29' title="bbox 480 2831 2126 2913">
     <span class='ocr_line' id='line_1_29' title="bbox 480 2831 2126 2913; baseline -0.003 -20"><span class='ocrx_word' id='word_1_215' title='bbox 480 2835 795 2913; x_wconf 85' lang='grc' dir='ltr'>Πολλαχῶς</span> <span class='ocrx_word' id='word_1_216' title='bbox 829 2833 886 2890; x_wconf 70' lang='grc' dir='ltr'>δὲ</span> <span class='ocrx_word' id='word_1_217' title='bbox 916 2837 944 2890; x_wconf 97' lang='lat'>6</span> <span class='ocrx_word' id='word_1_218' title='bbox 989 2834 1156 2910; x_wconf 87' lang='grc' dir='ltr'>λόγος</span> <span class='ocrx_word' id='word_1_219' title='bbox 1204 2831 1622 2910; x_wconf 82' lang='grc' dir='ltr'>ἀλληγορεῖται,</span> <span class='ocrx_word' id='word_1_220' title='bbox 1659 2832 1748 2888; x_wconf 83' lang='grc' dir='ltr'>καὶ</span> <span class='ocrx_word' id='word_1_221' title='bbox 1783 2833 2002 2908; x_wconf 86' lang='grc' dir='ltr'>βρῶμα,</span> <span class='ocrx_word' id='word_1_222' title='bbox 2034 2835 2126 2888; x_wconf 79' lang='grc' dir='ltr'>καὶ</span> 
     </span>
    </p>
   </div>
   <div class='ocr_carea' id='block_1_30' title="bbox 477 2919 2124 3003">
    <p class='ocr_par' dir='ltr' id='par_1_30' title="bbox 477 2919 2124 3003">
     <span class='ocr_line' id='line_1_30' title="bbox 477 2919 2124 3003; baseline -0.004 -21"><span class='ocrx_word' id='word_1_223' title='bbox 477 2929 626 3003; x_wconf 80' lang='grc' dir='ltr'>σάρξ,</span> <span class='ocrx_word' id='word_1_224' title='bbox 683 2926 772 2982; x_wconf 87' lang='grc' dir='ltr'>καὶ</span> <span class='ocrx_word' id='word_1_225' title='bbox 827 2926 1028 3002; x_wconf 74' lang='grc' dir='ltr'>τροφὴ,</span> <span class='ocrx_word' id='word_1_226' title='bbox 1086 2923 1176 2978; x_wconf 86' lang='grc' dir='ltr'>καὶ</span> <span class='ocrx_word' id='word_1_227' title='bbox 1236 2922 1421 2994; x_wconf 77' lang='grc' dir='ltr'>ἄρτος,</span> <span class='ocrx_word' id='word_1_228' title='bbox 1467 2924 1555 2978; x_wconf 86' lang='grc' dir='ltr'>καὶ</span> <span class='ocrx_word' id='word_1_229' title='bbox 1603 2925 1762 2996; x_wconf 86' lang='grc' dir='ltr'>αἷμα,</span> <span class='ocrx_word' id='word_1_230' title='bbox 1810 2923 1900 2977; x_wconf 84' lang='grc' dir='ltr'>καὶ</span> <span class='ocrx_word' id='word_1_231' title='bbox 1959 2919 2124 2997; x_wconf 89' lang='grc' dir='ltr'>γάλα,</span> 
     </span>
    </p>
   </div>
   <div class='ocr_carea' id='block_1_31' title="bbox 477 3009 2125 3089">
    <p class='ocr_par' dir='ltr' id='par_1_31' title="bbox 477 3009 2125 3089">
     <span class='ocr_line' id='line_1_31' title="bbox 477 3009 2125 3089; baseline -0.004 -18"><span class='ocrx_word' id='word_1_232' title='bbox 477 3019 684 3072; x_wconf 78' lang='grc' dir='ltr'>ἅπαντα</span> <span class='ocrx_word' id='word_1_233' title='bbox 715 3017 742 3070; x_wconf 92' lang='lat'>6</span> <span class='ocrx_word' id='word_1_234' title='bbox 776 3013 976 3089; x_wconf 83' lang='grc' dir='ltr'>Κύριος</span> <span class='ocrx_word' id='word_1_235' title='bbox 1010 3013 1087 3074; x_wconf 74' lang='grc' dir='ltr'>εἷς</span> <span class='ocrx_word' id='word_1_236' title='bbox 1137 3010 1435 3066; x_wconf 80' lang='grc' dir='ltr'>ἀπόλαυσιν</span> <span class='ocrx_word' id='word_1_237' title='bbox 1469 3013 1629 3084; x_wconf 78' lang='grc' dir='ltr'>ἡμῶν</span> <span class='ocrx_word' id='word_1_238' title='bbox 1678 3015 1786 3065; x_wconf 86' lang='grc' dir='ltr'>τῶν</span> <span class='ocrx_word' id='word_1_239' title='bbox 1837 3010 1912 3072; x_wconf 82' lang='grc' dir='ltr'>εἷς</span> <span class='ocrx_word' id='word_1_240' title='bbox 1967 3009 2125 3065; x_wconf 75' lang='grc' dir='ltr'>αὐτὸν</span> 
     </span>
    </p>
   </div>
   <div class='ocr_carea' id='block_1_32' title="bbox 476 3099 2129 3176">
    <p class='ocr_par' dir='ltr' id='par_1_32' title="bbox 476 3099 2129 3176">
     <span class='ocr_line' id='line_1_32' title="bbox 476 3099 2129 3176; baseline -0.004 -15"><span class='ocrx_word' id='word_1_241' title='bbox 476 3103 937 3162; x_wconf 84' lang='grc' dir='ltr'>πεπιστευκότων.</span> <span class='ocrx_word' id='word_1_242' title='bbox 997 3101 1152 3171; x_wconf 75' lang='grc' dir='ltr'>ΙΙλῆν</span> <span class='ocrx_word' id='word_1_243' title='bbox 1210 3099 1356 3156; x_wconf 86' lang='grc' dir='ltr'>άλλά</span> <span class='ocrx_word' id='word_1_244' title='bbox 1401 3100 1491 3156; x_wconf 85' lang='grc' dir='ltr'>καὶ</span> <span class='ocrx_word' id='word_1_245' title='bbox 1523 3103 1557 3170; x_wconf 81' lang='grc' dir='ltr'>ἡ</span> <span class='ocrx_word' id='word_1_246' title='bbox 1591 3100 1742 3176; x_wconf 71' lang='grc' dir='ltr'>σάρξ,</span> <span class='ocrx_word' id='word_1_247' title='bbox 1795 3099 1930 3169; x_wconf 83' lang='grc' dir='ltr'>αὐτή</span> <span class='ocrx_word' id='word_1_248' title='bbox 1991 3103 2129 3172; x_wconf 83' lang='grc' dir='ltr'>αἷμα</span> 
     </span>
    </p>
   </div>
   <div class='ocr_carea' id='block_1_33' title="bbox 1727 307 3798 378">
    <p class='ocr_par' dir='ltr' id='par_1_33' title="bbox 1727 307 3798 378">
     <span class='ocr_line' id='line_1_33' title="bbox 1727 307 3798 378; baseline 0.005 -16"><span class='ocrx_word' id='word_1_249' title='bbox 1727 307 2129 364; x_wconf 79' lang='lat' dir='ltr'>CLEMENTIS</span> <span class='ocrx_word' id='word_1_250' title='bbox 2173 313 2403 366; x_wconf 76' lang='lat' dir='ltr'><strong>ALEXA</strong></span> <span class='ocrx_word' id='word_1_251' title='bbox 2418 315 2666 366; x_wconf 79' lang='lat' dir='ltr'>NDRINI</span> <span class='ocrx_word' id='word_1_252' title='bbox 3718 320 3798 378; x_wconf 70' lang='lat'>776</span> 
     </span>
    </p>
   </div>
   <div class='ocr_carea' id='block_1_34' title="bbox 2324 433 3800 516">
    <p class='ocr_par' dir='ltr' id='par_1_34' title="bbox 2324 433 3800 516">
     <span class='ocr_line' id='line_1_34' title="bbox 2324 433 3800 516; baseline 0.006 -30"><span class='ocrx_word' id='word_1_253' title='bbox 2324 433 2417 487; x_wconf 89' lang='grc' dir='ltr'>Διά</span> <span class='ocrx_word' id='word_1_254' title='bbox 2449 435 2602 490; x_wconf 83' lang='grc' dir='ltr'>τοῦτο</span> <span class='ocrx_word' id='word_1_255' title='bbox 2629 437 2731 511; x_wconf 81' lang='grc' dir='ltr'>ἄρα</span> <span class='ocrx_word' id='word_1_256' title='bbox 2762 438 3038 509; x_wconf 81' lang='grc' dir='ltr'>μυστικῶς</span> <span class='ocrx_word' id='word_1_257' title='bbox 3067 436 3128 490; x_wconf 84' lang='grc' dir='ltr'>τὸ</span> <span class='ocrx_word' id='word_1_258' title='bbox 3169 434 3218 489; x_wconf 83' lang='grc' dir='ltr'>ἐν</span> <span class='ocrx_word' id='word_1_259' title='bbox 3244 437 3317 508; x_wconf 85' lang='grc' dir='ltr'>τῴ</span> <span class='ocrx_word' id='word_1_260' title='bbox 3362 439 3638 515; x_wconf 84' lang='grc' dir='ltr'>Ἀποστόλῳ</span> <span class='ocrx_word' id='word_1_261' title='bbox 3684 443 3800 516; x_wconf 67' lang='grc' dir='ltr'>ἅγιον</span> 
     </span>
    </p>
   </div>
   <div class='ocr_carea' id='block_1_35' title="bbox 2258 523 3800 606">
    <p class='ocr_par' dir='ltr' id='par_1_35' title="bbox 2258 523 3800 606">
     <span class='ocr_line' id='line_1_35' title="bbox 2258 523 3800 606; baseline 0.008 -30"><span class='ocrx_word' id='word_1_262' title='bbox 2258 523 2495 595; x_wconf 80' lang='grc' dir='ltr'>Πνεῦμα,</span> <span class='ocrx_word' id='word_1_263' title='bbox 2527 529 2594 598; x_wconf 83' lang='grc' dir='ltr'>τῇ</span> <span class='ocrx_word' id='word_1_264' title='bbox 2625 529 2722 580; x_wconf 86' lang='grc' dir='ltr'>τοῦ</span> <span class='ocrx_word' id='word_1_265' title='bbox 2747 525 2948 598; x_wconf 82' lang='grc' dir='ltr'>Κυρίου</span> <span class='ocrx_word' id='word_1_266' title='bbox 2999 525 3380 600; x_wconf 81' lang='grc' dir='ltr'>ἀποχρώμενον</span> <span class='ocrx_word' id='word_1_267' title='bbox 3417 534 3571 606; x_wconf 74' lang='grc' dir='ltr'>φωνῇ,</span> <span class='ocrx_word' id='word_1_268' title='bbox 3623 555 3647 582; x_wconf 81' lang='grc' dir='ltr'>ι(</span> <span class='ocrx_word' id='word_1_269' title='bbox 3690 532 3800 606; x_wconf 80' lang='grc' dir='ltr'>γαλα</span> 
     </span>
    </p>
   </div>
   <div class='ocr_carea' id='block_1_36' title="bbox 2258 611 3800 693">
    <p class='ocr_par' dir='ltr' id='par_1_36' title="bbox 2258 611 3800 693">
     <span class='ocr_line' id='line_1_36' title="bbox 2258 611 3800 693; baseline 0.007 -29"><span class='ocrx_word' id='word_1_270' title='bbox 2258 611 2396 682; x_wconf 80' lang='grc' dir='ltr'>ὑμᾶς</span> <span class='ocrx_word' id='word_1_271' title='bbox 2457 611 2680 668; x_wconf 84' lang='grc' dir='ltr'>ἐπότισα</span> <span class='ocrx_word' id='word_1_272' title='bbox 2739 639 2767 665; x_wconf 78' lang='grc' dir='ltr'>ιι</span> <span class='ocrx_word' id='word_1_273' title='bbox 2827 613 3008 690; x_wconf 88' lang='grc' dir='ltr'>λέγει.</span> <span class='ocrx_word' id='word_1_274' title='bbox 3070 613 3138 670; x_wconf 72' lang='grc' dir='ltr'>Εἴ</span> <span class='ocrx_word' id='word_1_275' title='bbox 3178 614 3275 690; x_wconf 78' lang='grc' dir='ltr'>γὰρ</span> <span class='ocrx_word' id='word_1_276' title='bbox 3322 617 3695 693; x_wconf 72' lang='grc' dir='ltr'>ἀνεγεννήθημεν</span> <span class='ocrx_word' id='word_1_277' title='bbox 3743 621 3800 683; x_wconf 81' lang='grc' dir='ltr'>εἷς</span> 
     </span>
    </p>
   </div>
   <div class='ocr_carea' id='block_1_37' title="bbox 2253 700 3800 782">
    <p class='ocr_par' dir='ltr' id='par_1_37' title="bbox 2253 700 3800 782">
     <span class='ocr_line' id='line_1_37' title="bbox 2253 700 3800 782; baseline 0.005 -26"><span class='ocrx_word' id='word_1_278' title='bbox 2253 700 2500 774; x_wconf 75' lang='grc' dir='ltr'>Χριστὸν,</span> <span class='ocrx_word' id='word_1_279' title='bbox 2536 703 2563 756; x_wconf 93' lang='lat'>6</span> <span class='ocrx_word' id='word_1_280' title='bbox 2595 703 2960 778; x_wconf 70' lang='grc' dir='ltr'>ἀναγεννήσας</span> <span class='ocrx_word' id='word_1_281' title='bbox 3002 705 3150 776; x_wconf 77' lang='grc' dir='ltr'>ἡμᾶς</span> <span class='ocrx_word' id='word_1_282' title='bbox 3210 703 3431 782; x_wconf 74' lang='grc' dir='ltr'>ἐκτρέφει</span> <span class='ocrx_word' id='word_1_283' title='bbox 3472 712 3546 778; x_wconf 79' lang='grc' dir='ltr'>τῷ</span> <span class='ocrx_word' id='word_1_284' title='bbox 3587 705 3690 780; x_wconf 76' lang='grc' dir='ltr'>ἰδίῳ</span> <span class='ocrx_word' id='word_1_285' title='bbox 3726 709 3800 781; x_wconf 76' lang='grc' dir='ltr'>γάι</span> 
     </span>
    </p>
   </div>
   <div class='ocr_carea' id='block_1_38' title="bbox 2253 787 3796 868">
    <p class='ocr_par' dir='ltr' id='par_1_38' title="bbox 2253 787 3796 868">
     <span class='ocr_line' id='line_1_38' title="bbox 2253 787 3796 868; baseline 0.006 -26"><span class='ocrx_word' id='word_1_286' title='bbox 2253 787 2408 844; x_wconf 89' lang='grc' dir='ltr'>λακτι</span> <span class='ocrx_word' id='word_1_287' title='bbox 2440 795 2519 863; x_wconf 83' lang='grc' dir='ltr'>τῷ</span> <span class='ocrx_word' id='word_1_288' title='bbox 2569 790 2741 867; x_wconf 70' lang='grc' dir='ltr'>λόγῳο</span> <span class='ocrx_word' id='word_1_289' title='bbox 2793 799 2896 847; x_wconf 73' lang='grc' dir='ltr'>πᾶν</span> <span class='ocrx_word' id='word_1_290' title='bbox 2944 794 3049 868; x_wconf 80' lang='grc' dir='ltr'>γάρ</span> <span class='ocrx_word' id='word_1_291' title='bbox 3092 793 3155 848; x_wconf 82' lang='grc' dir='ltr'>τὸ</span> <span class='ocrx_word' id='word_1_292' title='bbox 3203 797 3443 868; x_wconf 81' lang='grc' dir='ltr'>γεννῆσαν</span> <span class='ocrx_word' id='word_1_293' title='bbox 3488 793 3634 850; x_wconf 82' lang='grc' dir='ltr'>ἔοικεν</span> <span class='ocrx_word' id='word_1_294' title='bbox 3679 797 3796 860; x_wconf 77' lang='grc' dir='ltr'>εὐθὺς</span> 
     </span>
    </p>
   </div>
   <div class='ocr_carea' id='block_1_39' title="bbox 2249 874 3798 960">
    <p class='ocr_par' dir='ltr' id='par_1_39' title="bbox 2249 874 3798 960">
     <span class='ocr_line' id='line_1_39' title="bbox 2249 874 3798 960; baseline 0.005 -28"><span class='ocrx_word' id='word_1_295' title='bbox 2249 874 2509 955; x_wconf 82' lang='grc' dir='ltr'>παρέχειν</span> <span class='ocrx_word' id='word_1_296' title='bbox 2559 885 2640 952; x_wconf 78' lang='grc' dir='ltr'>τῷ</span> <span class='ocrx_word' id='word_1_297' title='bbox 2666 881 2989 955; x_wconf 71' lang='grc' dir='ltr'>γεννωμένῳ</span> <span class='ocrx_word' id='word_1_298' title='bbox 3017 884 3245 959; x_wconf 76' lang='grc' dir='ltr'>τροφήν.</span> <span class='ocrx_word' id='word_1_299' title='bbox 3298 886 3521 960; x_wconf 78' lang='grc' dir='ltr'>Καθάπερ</span> <span class='ocrx_word' id='word_1_300' title='bbox 3549 882 3599 939; x_wconf 74' lang='grc' dir='ltr'>δὲ</span> <span class='ocrx_word' id='word_1_301' title='bbox 3623 886 3651 953; x_wconf 79' lang='grc' dir='ltr'>ἡ</span> <span class='ocrx_word' id='word_1_302' title='bbox 3699 885 3798 939; x_wconf 80' lang='grc' dir='ltr'>ἀνα-</span> 
     </span>
    </p>
   </div>
   <div class='ocr_carea' id='block_1_40' title="bbox 2247 967 3798 1048">
    <p class='ocr_par' dir='ltr' id='par_1_40' title="bbox 2247 967 3798 1048">
     <span class='ocr_line' id='line_1_40' title="bbox 2247 967 3798 1048; baseline 0.005 -29"><span class='ocrx_word' id='word_1_303' title='bbox 2247 987 2494 1042; x_wconf 63' lang='grc' dir='ltr'>γεεννησις</span> <span class='ocrx_word' id='word_1_304' title='bbox 2525 968 2828 1045; x_wconf 84' lang='grc' dir='ltr'>ἀναλόγως,</span> <span class='ocrx_word' id='word_1_305' title='bbox 2862 967 3006 1026; x_wconf 70' lang='grc' dir='ltr'>οὕτω</span> <span class='ocrx_word' id='word_1_306' title='bbox 3036 969 3125 1026; x_wconf 77' lang='grc' dir='ltr'>καὶ</span> <span class='ocrx_word' id='word_1_307' title='bbox 3170 973 3204 1039; x_wconf 84' lang='grc' dir='ltr'><strong>ἡ</strong></span> <span class='ocrx_word' id='word_1_308' title='bbox 3234 973 3399 1048; x_wconf 87' lang='grc' dir='ltr'>τροφή</span> <span class='ocrx_word' id='word_1_309' title='bbox 3437 973 3601 1047; x_wconf 76' lang='grc' dir='ltr'>γέγονε</span> <span class='ocrx_word' id='word_1_310' title='bbox 3633 977 3697 1044; x_wconf 80' lang='grc' dir='ltr'>τῷ</span> <span class='ocrx_word' id='word_1_311' title='bbox 3729 973 3798 1028; x_wconf 81' lang='grc' dir='ltr'>ἀν-</span> 
     </span>
    </p>
   </div>
   <div class='ocr_carea' id='block_1_41' title="bbox 2251 1056 3800 1134">
    <p class='ocr_par' dir='ltr' id='par_1_41' title="bbox 2251 1056 3800 1134">
     <span class='ocr_line' id='line_1_41' title="bbox 2251 1056 3800 1134; baseline 0.004 -24"><span class='ocrx_word' id='word_1_312' title='bbox 2251 1056 2456 1130; x_wconf 85' lang='grc' dir='ltr'>θρώπῳ</span> <span class='ocrx_word' id='word_1_313' title='bbox 2487 1059 2829 1131; x_wconf 84' lang='grc' dir='ltr'>πνευματικὴ</span> <span class='ocrx_word' id='word_1_314' title='bbox 2861 1061 3060 1130; x_wconf 80' lang='grc' dir='ltr'>πάντη.</span> <span class='ocrx_word' id='word_1_315' title='bbox 3095 1061 3285 1114; x_wconf 89' lang='grc' dir='ltr'>Τοίνυν</span> <span class='ocrx_word' id='word_1_316' title='bbox 3322 1060 3405 1114; x_wconf 78' lang='grc' dir='ltr'>καὶ</span> <span class='ocrx_word' id='word_1_317' title='bbox 3452 1064 3594 1134; x_wconf 73' lang='grc' dir='ltr'>ἡμεῖς</span> <span class='ocrx_word' id='word_1_318' title='bbox 3624 1063 3677 1116; x_wconf 72' lang='grc' dir='ltr'>τά</span> <span class='ocrx_word' id='word_1_319' title='bbox 3698 1063 3800 1116; x_wconf 81' lang='grc' dir='ltr'>πάν-</span> 
     </span>
    </p>
   </div>
   <div class='ocr_carea' id='block_1_42' title="bbox 2244 1145 3801 1224">
    <p class='ocr_par' dir='ltr' id='par_1_42' title="bbox 2244 1145 3801 1224">
     <span class='ocr_line' id='line_1_42' title="bbox 2244 1145 3801 1224; baseline 0.004 -28"><span class='ocrx_word' id='word_1_320' title='bbox 2244 1163 2311 1196; x_wconf 91' lang='grc' dir='ltr'>τα</span> <span class='ocrx_word' id='word_1_321' title='bbox 2357 1145 2576 1218; x_wconf 78' lang='grc' dir='ltr'>Χριστῷ</span> <span class='ocrx_word' id='word_1_322' title='bbox 2619 1147 3132 1220; x_wconf 89' lang='grc' dir='ltr'>προσοικειούμεθα,</span> <span class='ocrx_word' id='word_1_323' title='bbox 3181 1147 3267 1201; x_wconf 78' lang='grc' dir='ltr'>καὶ</span> <span class='ocrx_word' id='word_1_324' title='bbox 3317 1145 3389 1210; x_wconf 78' lang='grc' dir='ltr'>είς</span> <span class='ocrx_word' id='word_1_325' title='bbox 3432 1149 3689 1224; x_wconf 89' lang='grc' dir='ltr'>συγγένειαν</span> <span class='ocrx_word' id='word_1_326' title='bbox 3736 1147 3801 1203; x_wconf 77' lang='grc' dir='ltr'>διὰ</span> 
     </span>
    </p>
   </div>
   <div class='ocr_carea' id='block_1_43' title="bbox 2245 1229 3798 1308">
    <p class='ocr_par' dir='ltr' id='par_1_43' title="bbox 2245 1229 3798 1308">
     <span class='ocr_line' id='line_1_43' title="bbox 2245 1229 3798 1308; baseline 0.006 -26"><span class='ocrx_word' id='word_1_327' title='bbox 2245 1229 2307 1282; x_wconf 89' lang='grc' dir='ltr'>τὸ</span> <span class='ocrx_word' id='word_1_328' title='bbox 2365 1233 2502 1303; x_wconf 80' lang='grc' dir='ltr'>αἷμα</span> <span class='ocrx_word' id='word_1_329' title='bbox 2550 1231 2717 1286; x_wconf 83' lang='grc' dir='ltr'>αὐτοῦ</span> <span class='ocrx_word' id='word_1_330' title='bbox 2767 1233 2812 1305; x_wconf 84' lang='grc' dir='ltr'>ᾧ</span> <span class='ocrx_word' id='word_1_331' title='bbox 2862 1233 3229 1308; x_wconf 84' lang='grc' dir='ltr'>λυτρούμεθα,</span> <span class='ocrx_word' id='word_1_332' title='bbox 3283 1236 3367 1289; x_wconf 85' lang='grc' dir='ltr'>καὶ</span> <span class='ocrx_word' id='word_1_333' title='bbox 3411 1236 3481 1296; x_wconf 84' lang='grc' dir='ltr'>εἰς</span> <span class='ocrx_word' id='word_1_334' title='bbox 3533 1238 3798 1308; x_wconf 79' lang='grc' dir='ltr'>συμπάθειαν</span> 
     </span>
    </p>
   </div>
   <div class='ocr_carea' id='block_1_44' title="bbox 2247 1315 3800 1402">
    <p class='ocr_par' dir='ltr' id='par_1_44' title="bbox 2247 1315 3800 1402">
     <span class='ocr_line' id='line_1_44' title="bbox 2247 1315 3800 1402; baseline 0.004 -29"><span class='ocrx_word' id='word_1_335' title='bbox 2247 1315 2337 1373; x_wconf 84' lang='grc' dir='ltr'>διά</span> <span class='ocrx_word' id='word_1_336' title='bbox 2363 1321 2462 1388; x_wconf 81' lang='grc' dir='ltr'>τήν</span> <span class='ocrx_word' id='word_1_337' title='bbox 2494 1321 2802 1396; x_wconf 74' lang='grc' dir='ltr'>ἀνατροφὴν</span> <span class='ocrx_word' id='word_1_338' title='bbox 2833 1325 2931 1392; x_wconf 71' lang='grc' dir='ltr'>τὴν</span> <span class='ocrx_word' id='word_1_339' title='bbox 2965 1323 3025 1378; x_wconf 88' lang='grc' dir='ltr'>έκ</span> <span class='ocrx_word' id='word_1_340' title='bbox 3047 1329 3145 1378; x_wconf 84' lang='grc' dir='ltr'>τοῦ</span> <span class='ocrx_word' id='word_1_341' title='bbox 3179 1324 3365 1398; x_wconf 86' lang='grc' dir='ltr'>Λόγου,</span> <span class='ocrx_word' id='word_1_342' title='bbox 3413 1324 3494 1378; x_wconf 76' lang='grc' dir='ltr'>καὶ</span> <span class='ocrx_word' id='word_1_343' title='bbox 3535 1324 3600 1387; x_wconf 82' lang='grc' dir='ltr'>είς</span> <span class='ocrx_word' id='word_1_344' title='bbox 3640 1325 3800 1402; x_wconf 73' lang='grc' dir='ltr'>ἀφθαρ-</span> 
     </span>
    </p>
   </div>
   <div class='ocr_carea' id='block_1_45' title="bbox 2245 1404 3797 1488">
    <p class='ocr_par' dir='ltr' id='par_1_45' title="bbox 2245 1404 3797 1488">
     <span class='ocr_line' id='line_1_45' title="bbox 2245 1404 3797 1488; baseline 0.004 -28"><span class='ocrx_word' id='word_1_345' title='bbox 2245 1407 2360 1462; x_wconf 89' lang='grc' dir='ltr'>σίαν</span> <span class='ocrx_word' id='word_1_346' title='bbox 2393 1404 2482 1464; x_wconf 78' lang='grc' dir='ltr'>διά</span> <span class='ocrx_word' id='word_1_347' title='bbox 2509 1411 2608 1480; x_wconf 76' lang='grc' dir='ltr'>τῆν</span> <span class='ocrx_word' id='word_1_348' title='bbox 2643 1411 2864 1486; x_wconf 68' lang='grc' dir='ltr'>ἀγωγὴν</span> <span class='ocrx_word' id='word_1_349' title='bbox 2895 1417 2992 1466; x_wconf 86' lang='grc' dir='ltr'>τοῦ</span> <span class='ocrx_word' id='word_1_350' title='bbox 3023 1413 3210 1468; x_wconf 89' lang='grc' dir='ltr'>αὐτοῦ.</span> <span class='ocrx_word' id='word_1_351' title='bbox 3242 1413 3308 1467; x_wconf 88' lang='grc' dir='ltr'>Τὸ</span> <span class='ocrx_word' id='word_1_352' title='bbox 3354 1412 3526 1486; x_wconf 77' lang='grc' dir='ltr'>θρέψαι</span> <span class='ocrx_word' id='word_1_353' title='bbox 3555 1409 3596 1466; x_wconf 82' lang='grc' dir='ltr'>δ’</span> <span class='ocrx_word' id='word_1_354' title='bbox 3630 1413 3674 1467; x_wconf 81' lang='grc' dir='ltr'>έν</span> <span class='ocrx_word' id='word_1_355' title='bbox 3700 1414 3797 1488; x_wconf 80' lang='grc' dir='ltr'>βρο-</span> 
     </span>
    </p>
   </div>
   <div class='ocr_carea' id='block_1_46' title="bbox 2241 1495 3795 1579">
    <p class='ocr_par' dir='ltr' id='par_1_46' title="bbox 2241 1495 3795 1579">
     <span class='ocr_line' id='line_1_46' title="bbox 2241 1495 3795 1579; baseline 0.003 -29"><span class='ocrx_word' id='word_1_356' title='bbox 2241 1502 2384 1550; x_wconf 90' lang='grc' dir='ltr'>τοῖσι</span> <span class='ocrx_word' id='word_1_357' title='bbox 2434 1495 2733 1568; x_wconf 81' lang='grc' dir='ltr'>πολλάκις,</span> <span class='ocrx_word' id='word_1_358' title='bbox 2783 1500 2960 1556; x_wconf 84' lang='grc' dir='ltr'>πλείω</span> <span class='ocrx_word' id='word_1_359' title='bbox 3009 1501 3288 1579; x_wconf 85' lang='grc' dir='ltr'>πορίζεται</span> <span class='ocrx_word' id='word_1_360' title='bbox 3335 1499 3519 1578; x_wconf 86' lang='grc' dir='ltr'>φίλτρα</span> <span class='ocrx_word' id='word_1_361' title='bbox 3560 1501 3641 1557; x_wconf 80' lang='grc' dir='ltr'>τοῦ</span> <span class='ocrx_word' id='word_1_362' title='bbox 3675 1506 3795 1579; x_wconf 74' lang='grc' dir='ltr'>φῦσαι</span> 
     </span>
    </p>
   </div>
   <div class='ocr_carea' id='block_1_47' title="bbox 2242 1584 3800 1666">
    <p class='ocr_par' dir='ltr' id='par_1_47' title="bbox 2242 1584 3800 1666">
     <span class='ocr_line' id='line_1_47' title="bbox 2242 1584 3800 1666; baseline 0.003 -27"><span class='ocrx_word' id='word_1_363' title='bbox 2242 1584 2420 1642; x_wconf 80' lang='grc' dir='ltr'>τέκνα.</span> <span class='ocrx_word' id='word_1_364' title='bbox 2470 1589 2591 1643; x_wconf 74' lang='grc' dir='ltr'>’Ότι</span> <span class='ocrx_word' id='word_1_365' title='bbox 2641 1591 2824 1644; x_wconf 88' lang='grc' dir='ltr'>τοίνυν</span> <span class='ocrx_word' id='word_1_366' title='bbox 2876 1589 2926 1660; x_wconf 78' lang='grc' dir='ltr'>ἐξ</span> <span class='ocrx_word' id='word_1_367' title='bbox 2987 1589 3397 1666; x_wconf 69' lang='grc' dir='ltr'>α’ίματοςγάλα</span> <span class='ocrx_word' id='word_1_368' title='bbox 3454 1591 3575 1645; x_wconf 81' lang='grc' dir='ltr'>κατά</span> <span class='ocrx_word' id='word_1_369' title='bbox 3618 1585 3800 1662; x_wconf 62' lang='lat'>[1.51550-</span> 
     </span>
    </p>
   </div>
   <div class='ocr_carea' id='block_1_48' title="bbox 2243 1674 3798 1755">
    <p class='ocr_par' dir='ltr' id='par_1_48' title="bbox 2243 1674 3798 1755">
     <span class='ocr_line' id='line_1_48' title="bbox 2243 1674 3798 1755; baseline 0 -25"><span class='ocrx_word' id='word_1_370' title='bbox 2243 1674 2346 1744; x_wconf 74' lang='grc' dir='ltr'>λῆν</span> <span class='ocrx_word' id='word_1_371' title='bbox 2377 1677 2604 1752; x_wconf 86' lang='grc' dir='ltr'>γίνεται,</span> <span class='ocrx_word' id='word_1_372' title='bbox 2637 1676 2747 1749; x_wconf 72' lang='grc' dir='ltr'>ἤδη</span> <span class='ocrx_word' id='word_1_373' title='bbox 2784 1679 2877 1752; x_wconf 69' lang='grc' dir='ltr'>μὲν</span> <span class='ocrx_word' id='word_1_374' title='bbox 2913 1682 3099 1755; x_wconf 66' lang='grc' dir='ltr'>σαφὲς,</span> <span class='ocrx_word' id='word_1_375' title='bbox 3133 1682 3198 1736; x_wconf 89' lang='grc' dir='ltr'>οὐ</span> <span class='ocrx_word' id='word_1_376' title='bbox 3235 1683 3338 1754; x_wconf 69' lang='grc' dir='ltr'>μὴν</span> <span class='ocrx_word' id='word_1_377' title='bbox 3378 1678 3510 1736; x_wconf 82' lang='grc' dir='ltr'>ἀλλά</span> <span class='ocrx_word' id='word_1_378' title='bbox 3535 1679 3611 1735; x_wconf 76' lang='grc' dir='ltr'>καὶ</span> <span class='ocrx_word' id='word_1_379' title='bbox 3638 1679 3685 1734; x_wconf 75' lang='grc' dir='ltr'>ὲκ</span> <span class='ocrx_word' id='word_1_380' title='bbox 3719 1683 3798 1733; x_wconf 80' lang='grc' dir='ltr'>τῶν</span> 
     </span>
    </p>
   </div>
   <div class='ocr_carea' id='block_1_49' title="bbox 2241 1765 3795 1845">
    <p class='ocr_par' dir='ltr' id='par_1_49' title="bbox 2241 1765 3795 1845">
     <span class='ocr_line' id='line_1_49' title="bbox 2241 1765 3795 1845; baseline 0.001 -26"><span class='ocrx_word' id='word_1_381' title='bbox 2241 1767 2537 1840; x_wconf 77' lang='grc' dir='ltr'>ποιμνίων,</span> <span class='ocrx_word' id='word_1_382' title='bbox 2589 1765 2647 1822; x_wconf 84' lang='grc' dir='ltr'>ἔκ</span> <span class='ocrx_word' id='word_1_383' title='bbox 2691 1789 2748 1823; x_wconf 82' lang='grc' dir='ltr'>τε</span> <span class='ocrx_word' id='word_1_384' title='bbox 2791 1773 2898 1824; x_wconf 87' lang='grc' dir='ltr'>τῶν</span> <span class='ocrx_word' id='word_1_385' title='bbox 2955 1768 3260 1845; x_wconf 89' lang='grc' dir='ltr'>βουκολίων</span> <span class='ocrx_word' id='word_1_386' title='bbox 3311 1766 3466 1841; x_wconf 76' lang='grc' dir='ltr'>ἔξεστι</span> <span class='ocrx_word' id='word_1_387' title='bbox 3513 1770 3687 1842; x_wconf 87' lang='grc' dir='ltr'>μαθεῖν.</span> <span class='ocrx_word' id='word_1_388' title='bbox 3734 1767 3795 1825; x_wconf 69' lang='grc' dir='ltr'>Τά</span> 
     </span>
    </p>
   </div>
   <div class='ocr_carea' id='block_1_50' title="bbox 2233 1854 3798 1934">
    <p class='ocr_par' dir='ltr' id='par_1_50' title="bbox 2233 1854 3798 1934">
     <span class='ocr_line' id='line_1_50' title="bbox 2233 1854 3798 1934; baseline -0.002 -21"><span class='ocrx_word' id='word_1_389' title='bbox 2233 1855 2333 1931; x_wconf 76' lang='grc' dir='ltr'>γὰρ</span> <span class='ocrx_word' id='word_1_390' title='bbox 2394 1861 2506 1926; x_wconf 86' lang='grc' dir='ltr'>ζῶα</span> <span class='ocrx_word' id='word_1_391' title='bbox 2555 1861 2724 1913; x_wconf 89' lang='grc' dir='ltr'>ταῦτα</span> <span class='ocrx_word' id='word_1_392' title='bbox 2773 1863 2871 1914; x_wconf 88' lang='grc' dir='ltr'>τοῦ</span> <span class='ocrx_word' id='word_1_393' title='bbox 2917 1854 3072 1924; x_wconf 77' lang='grc' dir='ltr'>ἔτους</span> <span class='ocrx_word' id='word_1_394' title='bbox 3126 1860 3264 1915; x_wconf 81' lang='grc' dir='ltr'>κατὰ</span> <span class='ocrx_word' id='word_1_395' title='bbox 3305 1860 3400 1928; x_wconf 79' lang='grc' dir='ltr'>τὴν</span> <span class='ocrx_word' id='word_1_396' title='bbox 3456 1857 3582 1934; x_wconf 82' lang='grc' dir='ltr'>ὥραν</span> <span class='ocrx_word' id='word_1_397' title='bbox 3633 1858 3687 1928; x_wconf 74' lang='grc' dir='ltr'>ἣν</span> <span class='ocrx_word' id='word_1_398' title='bbox 3731 1854 3798 1928; x_wconf 80' lang='grc' dir='ltr'>ἔαρ</span> 
     </span>
    </p>
   </div>
   <div class='ocr_carea' id='block_1_51' title="bbox 2233 1942 3799 2026">
    <p class='ocr_par' dir='ltr' id='par_1_51' title="bbox 2233 1942 3799 2026">
     <span class='ocr_line' id='line_1_51' title="bbox 2233 1942 3799 2026; baseline -0.001 -27"><span class='ocrx_word' id='word_1_399' title='bbox 2233 1943 2514 2018; x_wconf 87' lang='grc' dir='ltr'>καλοῦσιν,</span> <span class='ocrx_word' id='word_1_400' title='bbox 2552 1945 2845 2023; x_wconf 82' lang='grc' dir='ltr'>ὑγροτέρου</span> <span class='ocrx_word' id='word_1_401' title='bbox 2874 1953 2973 2004; x_wconf 83' lang='grc' dir='ltr'>τοῦ</span> <span class='ocrx_word' id='word_1_402' title='bbox 2997 1950 3352 2026; x_wconf 71' lang='grc' dir='ltr'>περιέχοντος</span> <span class='ocrx_word' id='word_1_403' title='bbox 3387 1948 3665 2024; x_wconf 85' lang='grc' dir='ltr'>γεγονότος,</span> <span class='ocrx_word' id='word_1_404' title='bbox 3691 1942 3799 2000; x_wconf 76' lang='grc' dir='ltr'>ἀλλὰ</span> 
     </span>
    </p>
   </div>
   <div class='ocr_carea' id='block_1_52' title="bbox 2232 2035 3799 2116">
    <p class='ocr_par' dir='ltr' id='par_1_52' title="bbox 2232 2035 3799 2116">
     <span class='ocr_line' id='line_1_52' title="bbox 2232 2035 3799 2116; baseline -0.001 -28"><span class='ocrx_word' id='word_1_405' title='bbox 2232 2036 2450 2105; x_wconf 86' lang='grc' dir='ltr'>καὶτῆς</span> <span class='ocrx_word' id='word_1_406' title='bbox 2491 2037 2629 2101; x_wconf 88' lang='grc' dir='ltr'>πόας</span> <span class='ocrx_word' id='word_1_407' title='bbox 2675 2037 2762 2092; x_wconf 85' lang='grc' dir='ltr'>καὶ</span> <span class='ocrx_word' id='word_1_408' title='bbox 2811 2040 2919 2093; x_wconf 90' lang='grc' dir='ltr'>τῶν</span> <span class='ocrx_word' id='word_1_409' title='bbox 2969 2041 3159 2112; x_wconf 87' lang='grc' dir='ltr'>νομῶν</span> <span class='ocrx_word' id='word_1_410' title='bbox 3208 2035 3448 2116; x_wconf 80' lang='grc' dir='ltr'>εὐχύλων</span> <span class='ocrx_word' id='word_1_411' title='bbox 3490 2038 3545 2092; x_wconf 86' lang='grc' dir='ltr'>τὸ</span> <span class='ocrx_word' id='word_1_412' title='bbox 3571 2038 3799 2102; x_wconf 78' lang='grc' dir='ltr'>τηνικαῦτα</span> 
     </span>
    </p>
   </div>
   <div class='ocr_carea' id='block_1_53' title="bbox 2235 2122 3794 2201">
    <p class='ocr_par' dir='ltr' id='par_1_53' title="bbox 2235 2122 3794 2201">
     <span class='ocr_line' id='line_1_53' title="bbox 2235 2122 3794 2201; baseline -0.002 -23"><span class='ocrx_word' id='word_1_413' title='bbox 2235 2122 2406 2178; x_wconf 91' lang='grc' dir='ltr'>οὐσῶν</span> <span class='ocrx_word' id='word_1_414' title='bbox 2466 2126 2554 2180; x_wconf 83' lang='grc' dir='ltr'>καὶ</span> <span class='ocrx_word' id='word_1_415' title='bbox 2616 2124 2873 2199; x_wconf 80' lang='grc' dir='ltr'>ένίκμων,</span> <span class='ocrx_word' id='word_1_416' title='bbox 2933 2124 3164 2200; x_wconf 72' lang='grc' dir='ltr'>α’ίματος</span> <span class='ocrx_word' id='word_1_417' title='bbox 3223 2126 3515 2201; x_wconf 82' lang='grc' dir='ltr'>πίμπλαται</span> <span class='ocrx_word' id='word_1_418' title='bbox 3568 2123 3794 2197; x_wconf 82' lang='grc' dir='ltr'>πρότερον,</span> 
     </span>
    </p>
   </div>
   <div class='ocr_carea' id='block_1_54' title="bbox 2235 2211 3795 2294">
    <p class='ocr_par' dir='ltr' id='par_1_54' title="bbox 2235 2211 3795 2294">
     <span class='ocr_line' id='line_1_54' title="bbox 2235 2211 3795 2294; baseline -0.003 -27"><span class='ocrx_word' id='word_1_419' title='bbox 2235 2213 2310 2275; x_wconf 87' lang='grc' dir='ltr'>ὡς</span> <span class='ocrx_word' id='word_1_420' title='bbox 2343 2212 2402 2268; x_wconf 82' lang='grc' dir='ltr'>ἐκ</span> <span class='ocrx_word' id='word_1_421' title='bbox 2429 2220 2528 2283; x_wconf 88' lang='grc' dir='ltr'>τῆς</span> <span class='ocrx_word' id='word_1_422' title='bbox 2573 2211 2868 2277; x_wconf 78' lang='grc' dir='ltr'>διατάσεως</span> <span class='ocrx_word' id='word_1_423' title='bbox 2925 2220 3033 2270; x_wconf 90' lang='grc' dir='ltr'>τῶν</span> <span class='ocrx_word' id='word_1_424' title='bbox 3065 2211 3283 2294; x_wconf 74' lang='grc' dir='ltr'>φλεϐῶν</span> <span class='ocrx_word' id='word_1_425' title='bbox 3332 2215 3670 2290; x_wconf 87' lang='grc' dir='ltr'>κυρτουμένων</span> <span class='ocrx_word' id='word_1_426' title='bbox 3715 2215 3795 2266; x_wconf 74' lang='grc' dir='ltr'>τῶν</span> 
     </span>
    </p>
   </div>
   <div class='ocr_carea' id='block_1_55' title="bbox 2236 2291 3795 2378">
    <p class='ocr_par' dir='ltr' id='par_1_55' title="bbox 2236 2291 3795 2378">
     <span class='ocr_line' id='line_1_55' title="bbox 2236 2291 3795 2378; baseline -0.004 -20"><span class='ocrx_word' id='word_1_427' title='bbox 2236 2302 2464 2378; x_wconf 85' lang='grc' dir='ltr'>ἀγγείων</span> <span class='ocrx_word' id='word_1_428' title='bbox 2511 2300 2798 2359; x_wconf 72' lang='grc' dir='ltr'>δείκνυται.</span> <span class='ocrx_word' id='word_1_429' title='bbox 2856 2307 2948 2361; x_wconf 86' lang='grc' dir='ltr'>Ἐκ</span> <span class='ocrx_word' id='word_1_430' title='bbox 2995 2303 3053 2360; x_wconf 72' lang='grc' dir='ltr'>δὲ</span> <span class='ocrx_word' id='word_1_431' title='bbox 3079 2291 3180 2360; x_wconf 83' lang='grc' dir='ltr'>τοῦ</span> <span class='ocrx_word' id='word_1_432' title='bbox 3213 2291 3435 2378; x_wconf 73' lang='grc' dir='ltr'>α’ίματος</span> <span class='ocrx_word' id='word_1_433' title='bbox 3482 2301 3795 2376; x_wconf 81' lang='grc' dir='ltr'>δαψιλέστερον</span> 
     </span>
    </p>
   </div>
   <div class='ocr_carea' id='block_1_56' title="bbox 2237 2389 3798 2467">
    <p class='ocr_par' dir='ltr' id='par_1_56' title="bbox 2237 2389 3798 2467">
     <span class='ocr_line' id='line_1_56' title="bbox 2237 2389 3798 2467; baseline -0.003 -21"><span class='ocrx_word' id='word_1_434' title='bbox 2237 2396 2416 2466; x_wconf 88' lang='grc' dir='ltr'>χεῖται</span> <span class='ocrx_word' id='word_1_435' title='bbox 2445 2393 2507 2446; x_wconf 85' lang='grc' dir='ltr'>τὸ</span> <span class='ocrx_word' id='word_1_436' title='bbox 2538 2391 2701 2467; x_wconf 89' lang='grc' dir='ltr'>γάλα.</span> <span class='ocrx_word' id='word_1_437' title='bbox 2736 2393 2932 2465; x_wconf 85' lang='grc' dir='ltr'>Θέρους</span> <span class='ocrx_word' id='word_1_438' title='bbox 2973 2391 3020 2448; x_wconf 82' lang='grc' dir='ltr'>δ’</span> <span class='ocrx_word' id='word_1_439' title='bbox 3051 2389 3290 2467; x_wconf 79' lang='grc' dir='ltr'>ἔμπαλιν</span> <span class='ocrx_word' id='word_1_440' title='bbox 3324 2393 3423 2448; x_wconf 86' lang='grc' dir='ltr'>ὐπὸ</span> <span class='ocrx_word' id='word_1_441' title='bbox 3450 2395 3537 2447; x_wconf 82' lang='grc' dir='ltr'>τοῦ</span> <span class='ocrx_word' id='word_1_442' title='bbox 3577 2390 3798 2462; x_wconf 81' lang='grc' dir='ltr'>καύματος</span> 
     </span>
    </p>
   </div>
   <div class='ocr_carea' id='block_1_57' title="bbox 2237 2481 3800 2558">
    <p class='ocr_par' dir='ltr' id='par_1_57' title="bbox 2237 2481 3800 2558">
     <span class='ocr_line' id='line_1_57' title="bbox 2237 2481 3800 2558; baseline -0.001 -24"><span class='ocrx_word' id='word_1_443' title='bbox 2237 2481 2627 2556; x_wconf 85' lang='grc' dir='ltr'>συγκαιόμενον</span> <span class='ocrx_word' id='word_1_444' title='bbox 2659 2481 2749 2536; x_wconf 82' lang='grc' dir='ltr'>καὶ</span> <span class='ocrx_word' id='word_1_445' title='bbox 2799 2483 3312 2558; x_wconf 81' lang='grc' dir='ltr'>ἀναξηραινόμενον,</span> <span class='ocrx_word' id='word_1_446' title='bbox 3338 2481 3510 2550; x_wconf 70' lang='grc' dir='ltr'>’ίστησι</span> <span class='ocrx_word' id='word_1_447' title='bbox 3537 2482 3623 2550; x_wconf 75' lang='grc' dir='ltr'>τὴν</span> <span class='ocrx_word' id='word_1_448' title='bbox 3671 2497 3800 2552; x_wconf 83' lang='grc' dir='ltr'>μετα-</span> 
     </span>
    </p>
   </div>
   <div class='ocr_carea' id='block_1_58' title="bbox 2237 2565 3802 2647">
    <p class='ocr_par' dir='ltr' id='par_1_58' title="bbox 2237 2565 3802 2647">
     <span class='ocr_line' id='line_1_58' title="bbox 2237 2565 3802 2647; baseline -0.003 -23"><span class='ocrx_word' id='word_1_449' title='bbox 2237 2565 2411 2639; x_wconf 70' lang='grc' dir='ltr'>ϐολὴν</span> <span class='ocrx_word' id='word_1_450' title='bbox 2442 2571 2504 2626; x_wconf 88' lang='grc' dir='ltr'>τὸ</span> <span class='ocrx_word' id='word_1_451' title='bbox 2536 2574 2692 2644; x_wconf 83' lang='grc' dir='ltr'>αἷμα,</span> <span class='ocrx_word' id='word_1_452' title='bbox 2725 2573 2814 2626; x_wconf 76' lang='grc' dir='ltr'>καὶ</span> <span class='ocrx_word' id='word_1_453' title='bbox 2857 2571 3027 2647; x_wconf 73' lang='grc' dir='ltr'>ταύτῃ</span> <span class='ocrx_word' id='word_1_454' title='bbox 3088 2571 3312 2628; x_wconf 81' lang='grc' dir='ltr'>ἔλαττον</span> <span class='ocrx_word' id='word_1_455' title='bbox 3364 2570 3681 2645; x_wconf 81' lang='grc' dir='ltr'>ἀμέλγονται.</span> <span class='ocrx_word' id='word_1_456' title='bbox 3726 2566 3802 2622; x_wconf 74' lang='grc' dir='ltr'>Ναὶ</span> 
     </span>
    </p>
   </div>
   <div class='ocr_carea' id='block_1_59' title="bbox 2242 2655 3804 2734">
    <p class='ocr_par' dir='ltr' id='par_1_59' title="bbox 2242 2655 3804 2734">
     <span class='ocr_line' id='line_1_59' title="bbox 2242 2655 3804 2734; baseline -0.003 -23"><span class='ocrx_word' id='word_1_457' title='bbox 2242 2659 2349 2730; x_wconf 78' lang='grc' dir='ltr'>μὴν</span> <span class='ocrx_word' id='word_1_458' title='bbox 2377 2657 2466 2712; x_wconf 76' lang='grc' dir='ltr'>καὶ</span> <span class='ocrx_word' id='word_1_459' title='bbox 2518 2658 2826 2734; x_wconf 86' lang='grc' dir='ltr'>συγγένειάν</span> <span class='ocrx_word' id='word_1_460' title='bbox 2865 2680 2985 2714; x_wconf 91' lang='grc' dir='ltr'>τινα</span> <span class='ocrx_word' id='word_1_461' title='bbox 3033 2660 3174 2734; x_wconf 86' lang='grc' dir='ltr'>πρὸς</span> <span class='ocrx_word' id='word_1_462' title='bbox 3215 2661 3276 2714; x_wconf 83' lang='grc' dir='ltr'>τὸ</span> <span class='ocrx_word' id='word_1_463' title='bbox 3326 2656 3464 2732; x_wconf 75' lang='grc' dir='ltr'>ὓδωρ</span> <span class='ocrx_word' id='word_1_464' title='bbox 3495 2655 3804 2731; x_wconf 74' lang='grc' dir='ltr'>φυσικωτάτην</span> 
     </span>
    </p>
   </div>
   <div class='ocr_carea' id='block_1_60' title="bbox 2239 2744 3802 2823">
    <p class='ocr_par' dir='ltr' id='par_1_60' title="bbox 2239 2744 3802 2823">
     <span class='ocr_line' id='line_1_60' title="bbox 2239 2744 3802 2823; baseline -0.006 -21"><span class='ocrx_word' id='word_1_465' title='bbox 2239 2744 2356 2822; x_wconf 77' lang='grc' dir='ltr'>ἔχει</span> <span class='ocrx_word' id='word_1_466' title='bbox 2411 2747 2474 2802; x_wconf 87' lang='grc' dir='ltr'>τὸ</span> <span class='ocrx_word' id='word_1_467' title='bbox 2528 2747 2694 2822; x_wconf 83' lang='grc' dir='ltr'>γάλα,</span> <span class='ocrx_word' id='word_1_468' title='bbox 2750 2750 2993 2823; x_wconf 90' lang='grc' dir='ltr'>καθάπερ</span> <span class='ocrx_word' id='word_1_469' title='bbox 3051 2748 3248 2821; x_wconf 86' lang='grc' dir='ltr'>ἀμέλει</span> <span class='ocrx_word' id='word_1_470' title='bbox 3287 2747 3419 2823; x_wconf 84' lang='grc' dir='ltr'>πρὸς</span> <span class='ocrx_word' id='word_1_471' title='bbox 3453 2748 3544 2815; x_wconf 74' lang='grc' dir='ltr'>τὴν</span> <span class='ocrx_word' id='word_1_472' title='bbox 3570 2761 3802 2815; x_wconf 82' lang='grc' dir='ltr'>πνευματι·</span> 
     </span>
    </p>
   </div>
   <div class='ocr_carea' id='block_1_61' title="bbox 2236 2832 3807 2911">
    <p class='ocr_par' dir='ltr' id='par_1_61' title="bbox 2236 2832 3807 2911">
     <span class='ocr_line' id='line_1_61' title="bbox 2236 2832 3807 2911; baseline -0.005 -21"><span class='ocrx_word' id='word_1_473' title='bbox 2236 2837 2338 2905; x_wconf 81' lang='grc' dir='ltr'>κήν</span> <span class='ocrx_word' id='word_1_474' title='bbox 2370 2836 2431 2891; x_wconf 87' lang='grc' dir='ltr'>τὸ</span> <span class='ocrx_word' id='word_1_475' title='bbox 2455 2833 2686 2911; x_wconf 86' lang='grc' dir='ltr'>λουτρὸν</span> <span class='ocrx_word' id='word_1_476' title='bbox 2716 2838 2779 2892; x_wconf 90' lang='grc' dir='ltr'>τὸ</span> <span class='ocrx_word' id='word_1_477' title='bbox 2828 2837 3217 2910; x_wconf 89' lang='grc' dir='ltr'>πνευματικόν.</span> <span class='ocrx_word' id='word_1_478' title='bbox 3279 2838 3345 2895; x_wconf 76' lang='grc' dir='ltr'>Οἱ</span> <span class='ocrx_word' id='word_1_479' title='bbox 3389 2840 3508 2911; x_wconf 89' lang='grc' dir='ltr'>γοῦν</span> <span class='ocrx_word' id='word_1_480' title='bbox 3548 2832 3807 2908; x_wconf 74' lang='grc' dir='ltr'>ἐπιρροφαν-</span> 
     </span>
    </p>
   </div>
   <div class='ocr_carea' id='block_1_62' title="bbox 2235 2919 3808 3002">
    <p class='ocr_par' dir='ltr' id='par_1_62' title="bbox 2235 2919 3808 3002">
     <span class='ocr_line' id='line_1_62' title="bbox 2235 2919 3808 3002; baseline -0.011 -14"><span class='ocrx_word' id='word_1_481' title='bbox 2235 2945 2322 2987; x_wconf 83' lang='grc' dir='ltr'>τες</span> <span class='ocrx_word' id='word_1_482' title='bbox 2377 2929 2456 2996; x_wconf 82' lang='grc' dir='ltr'>τῷ</span> <span class='ocrx_word' id='word_1_483' title='bbox 2505 2924 2737 3001; x_wconf 86' lang='grc' dir='ltr'>γάλακτι</span> <span class='ocrx_word' id='word_1_484' title='bbox 2785 2929 3003 3001; x_wconf 82' lang='grc' dir='ltr'>ψυχροῦ</span> <span class='ocrx_word' id='word_1_485' title='bbox 3046 2925 3243 3002; x_wconf 83' lang='grc' dir='ltr'>ὀλίγον</span> <span class='ocrx_word' id='word_1_486' title='bbox 3274 2924 3480 2992; x_wconf 78' lang='grc' dir='ltr'>ὕδατος,</span> <span class='ocrx_word' id='word_1_487' title='bbox 3533 2919 3808 3000; x_wconf 79' lang='grc' dir='ltr'>ὠφελοῦνται</span> 
     </span>
    </p>
   </div>
   <div class='ocr_carea' id='block_1_63' title="bbox 2235 3007 3806 3092">
    <p class='ocr_par' dir='ltr' id='par_1_63' title="bbox 2235 3007 3806 3092">
     <span class='ocr_line' id='line_1_63' title="bbox 2235 3007 3806 3092; baseline -0.01 -17"><span class='ocrx_word' id='word_1_488' title='bbox 2235 3021 2601 3089; x_wconf 74' lang='grc' dir='ltr'>παραχρῆμα.</span> <span class='ocrx_word' id='word_1_489' title='bbox 2637 3016 2717 3071; x_wconf 90' lang='grc' dir='ltr'>Οὐ</span> <span class='ocrx_word' id='word_1_490' title='bbox 2751 3016 2854 3092; x_wconf 83' lang='grc' dir='ltr'>γάρ</span> <span class='ocrx_word' id='word_1_491' title='bbox 2888 3015 3246 3086; x_wconf 81' lang='grc' dir='ltr'>ἀποξύνεσθαι</span> <span class='ocrx_word' id='word_1_492' title='bbox 3277 3016 3337 3070; x_wconf 85' lang='grc' dir='ltr'>τὸ</span> <span class='ocrx_word' id='word_1_493' title='bbox 3368 3012 3502 3090; x_wconf 81' lang='grc' dir='ltr'>γάλα</span> <span class='ocrx_word' id='word_1_494' title='bbox 3529 3011 3581 3081; x_wconf 80' lang='grc' dir='ltr'>ἐᾷ</span> <span class='ocrx_word' id='word_1_495' title='bbox 3629 3009 3659 3078; x_wconf 77' lang='grc' dir='ltr'><strong>ἢ</strong></span> <span class='ocrx_word' id='word_1_496' title='bbox 3703 3007 3806 3080; x_wconf 78' lang='grc' dir='ltr'>πρὸς</span> 
     </span>
    </p>
   </div>
   <div class='ocr_carea' id='block_1_64' title="bbox 2235 3095 3808 3177">
    <p class='ocr_par' dir='ltr' id='par_1_64' title="bbox 2235 3095 3808 3177">
     <span class='ocr_line' id='line_1_64' title="bbox 2235 3095 3808 3177; baseline -0.006 -21"><span class='ocrx_word' id='word_1_497' title='bbox 2235 3102 2298 3157; x_wconf 88' lang='grc' dir='ltr'>τὸ</span> <span class='ocrx_word' id='word_1_498' title='bbox 2343 3100 2487 3177; x_wconf 75' lang='grc' dir='ltr'>ὕδωρ</span> <span class='ocrx_word' id='word_1_499' title='bbox 2549 3103 2826 3176; x_wconf 79' lang='grc' dir='ltr'>κοινωνία,</span> <span class='ocrx_word' id='word_1_500' title='bbox 2882 3104 2981 3160; x_wconf 91' lang='grc' dir='ltr'>οὐκ</span> <span class='ocrx_word' id='word_1_501' title='bbox 3029 3105 3320 3176; x_wconf 74' lang='grc' dir='ltr'>ἀντιπαθίᾳ</span> <span class='ocrx_word' id='word_1_502' title='bbox 3364 3102 3485 3171; x_wconf 80' lang='grc' dir='ltr'>τινὶ,</span> <span class='ocrx_word' id='word_1_503' title='bbox 3531 3095 3808 3174; x_wconf 83' lang='grc' dir='ltr'>προσπεπαί-</span> 
     </span>
    </p>
   </div>
   <div class='ocr_carea' id='block_1_65' title="bbox 473 3182 3810 3270">
    <p class='ocr_par' dir='ltr' id='par_1_65' title="bbox 473 3182 3810 3270">
     <span class='ocr_line' id='line_1_65' title="bbox 473 3182 3810 3270; baseline -0.003 -21"><span class='ocrx_word' id='word_1_504' title='bbox 473 3200 552 3267; x_wconf 72' lang='grc' dir='ltr'>τῷ</span> <span class='ocrx_word' id='word_1_505' title='bbox 580 3194 833 3270; x_wconf 88' lang='grc' dir='ltr'>γάλακτι,</span> <span class='ocrx_word' id='word_1_506' title='bbox 867 3195 982 3248; x_wconf 80' lang='grc' dir='ltr'>οἷον</span> <span class='ocrx_word' id='word_1_507' title='bbox 1034 3189 1596 3264; x_wconf 80' lang='grc' dir='ltr'>ἀντιπελαργούμενον</span> <span class='ocrx_word' id='word_1_508' title='bbox 1649 3186 1862 3265; x_wconf 75' lang='grc' dir='ltr'>ἄρδεται</span> <span class='ocrx_word' id='word_1_509' title='bbox 1920 3211 1978 3244; x_wconf 90' lang='grc' dir='ltr'>τε</span> <span class='ocrx_word' id='word_1_510' title='bbox 2033 3189 2124 3244; x_wconf 86' lang='grc' dir='ltr'>καὶ</span> <span class='ocrx_word' id='word_1_511' title='bbox 2156 3182 2199 3248; x_wconf 84' lang='lat' dir='ltr'><strong>C</strong></span> <span class='ocrx_word' id='word_1_512' title='bbox 2235 3193 2465 3264; x_wconf 81' lang='grc' dir='ltr'>νομένου</span> <span class='ocrx_word' id='word_1_513' title='bbox 2514 3189 2591 3263; x_wconf 75' lang='grc' dir='ltr'>δὲ,</span> <span class='ocrx_word' id='word_1_514' title='bbox 2625 3191 2980 3269; x_wconf 82' lang='grc' dir='ltr'>προσπαθείᾳ.</span> <span class='ocrx_word' id='word_1_515' title='bbox 3017 3193 3119 3249; x_wconf 86' lang='grc' dir='ltr'>Καὶ</span> <span class='ocrx_word' id='word_1_516' title='bbox 3151 3196 3219 3262; x_wconf 79' lang='grc' dir='ltr'>ἣν</span> <span class='ocrx_word' id='word_1_517' title='bbox 3246 3195 3273 3248; x_wconf 87' lang='grc' dir='ltr'><strong>ὁ</strong></span> <span class='ocrx_word' id='word_1_518' title='bbox 3323 3191 3478 3266; x_wconf 83' lang='grc' dir='ltr'>λόγος</span> <span class='ocrx_word' id='word_1_519' title='bbox 3508 3186 3610 3264; x_wconf 74' lang='grc' dir='ltr'>ἔχει</span> <span class='ocrx_word' id='word_1_520' title='bbox 3636 3186 3744 3260; x_wconf 80' lang='grc' dir='ltr'>πρὸς</span> <span class='ocrx_word' id='word_1_521' title='bbox 3765 3183 3810 3237; x_wconf 78' lang='grc' dir='ltr'>τὸ</span> 
     </span>
    </p>
   </div>
   <div class='ocr_carea' id='block_1_66' title="bbox 477 3275 2124 3355">
    <p class='ocr_par' dir='ltr' id='par_1_66' title="bbox 477 3275 2124 3355">
     <span class='ocr_line' id='line_1_66' title="bbox 477 3275 2124 3355; baseline -0.004 -18"><span class='ocrx_word' id='word_1_522' title='bbox 477 3283 710 3353; x_wconf 61' lang='grc' dir='ltr'>αὔξεται.</span> <span class='ocrx_word' id='word_1_523' title='bbox 765 3281 864 3335; x_wconf 81' lang='grc' dir='ltr'>Καὶ</span> <span class='ocrx_word' id='word_1_524' title='bbox 919 3278 985 3350; x_wconf 78' lang='grc' dir='ltr'>δὴ</span> <span class='ocrx_word' id='word_1_525' title='bbox 1021 3280 1110 3334; x_wconf 86' lang='grc' dir='ltr'>καὶ</span> <span class='ocrx_word' id='word_1_526' title='bbox 1140 3276 1582 3355; x_wconf 78' lang='grc' dir='ltr'>ἡδιαμόρφωσις</span> <span class='ocrx_word' id='word_1_527' title='bbox 1631 3281 1730 3332; x_wconf 85' lang='grc' dir='ltr'>τοῦ</span> <span class='ocrx_word' id='word_1_528' title='bbox 1786 3275 2124 3355; x_wconf 85' lang='grc' dir='ltr'>συλληφθέν-</span> 
     </span>
    </p>
   </div>
   <div class='ocr_carea' id='block_1_67' title="bbox 475 3365 2126 3443">
    <p class='ocr_par' dir='ltr' id='par_1_67' title="bbox 475 3365 2126 3443">
     <span class='ocr_line' id='line_1_67' title="bbox 475 3365 2126 3443; baseline -0.004 -17"><span class='ocrx_word' id='word_1_529' title='bbox 475 3392 569 3434; x_wconf 89' lang='grc' dir='ltr'>τος</span> <span class='ocrx_word' id='word_1_530' title='bbox 597 3375 678 3443; x_wconf 80' lang='grc' dir='ltr'>τῷ</span> <span class='ocrx_word' id='word_1_531' title='bbox 703 3377 803 3440; x_wconf 84' lang='grc' dir='ltr'>τῆς</span> <span class='ocrx_word' id='word_1_532' title='bbox 835 3368 921 3424; x_wconf 81' lang='grc' dir='ltr'>ἐπὶ</span> <span class='ocrx_word' id='word_1_533' title='bbox 968 3376 1112 3443; x_wconf 91' lang='grc' dir='ltr'>μῆνα</span> <span class='ocrx_word' id='word_1_534' title='bbox 1159 3370 1470 3443; x_wconf 81' lang='grc' dir='ltr'>καθάρσεως</span> <span class='ocrx_word' id='word_1_535' title='bbox 1520 3365 1979 3440; x_wconf 79' lang='grc' dir='ltr'>ὑπολελειμμένῳ</span> <span class='ocrx_word' id='word_1_536' title='bbox 2025 3387 2126 3420; x_wconf 87' lang='grc' dir='ltr'>κα-</span> 
     </span>
    </p>
   </div>
   <div class='ocr_carea' id='block_1_68' title="bbox 475 3456 2124 3539">
    <p class='ocr_par' dir='ltr' id='par_1_68' title="bbox 475 3456 2124 3539">
     <span class='ocr_line' id='line_1_68' title="bbox 475 3456 2124 3539; baseline -0.003 -22"><span class='ocrx_word' id='word_1_537' title='bbox 475 3464 624 3537; x_wconf 89' lang='grc' dir='ltr'>θαρῷ</span> <span class='ocrx_word' id='word_1_538' title='bbox 676 3461 1074 3539; x_wconf 85' lang='grc' dir='ltr'>περιττώματι,</span> <span class='ocrx_word' id='word_1_539' title='bbox 1128 3458 1456 3531; x_wconf 85' lang='grc' dir='ltr'>κιρναμένου</span> <span class='ocrx_word' id='word_1_540' title='bbox 1511 3462 1608 3513; x_wconf 87' lang='grc' dir='ltr'>τοῦ</span> <span class='ocrx_word' id='word_1_541' title='bbox 1657 3456 2124 3532; x_wconf 78' lang='grc' dir='ltr'>σπέρματοςγίνε-</span> 
     </span>
    </p>
   </div>
   <div class='ocr_carea' id='block_1_69' title="bbox 473 3541 2123 3627">
    <p class='ocr_par' dir='ltr' id='par_1_69' title="bbox 473 3541 2123 3627">
     <span class='ocr_line' id='line_1_69' title="bbox 473 3541 2123 3627; baseline -0.005 -19"><span class='ocrx_word' id='word_1_542' title='bbox 473 3573 581 3608; x_wconf 90' lang='grc' dir='ltr'>ται.</span> <span class='ocrx_word' id='word_1_543' title='bbox 627 3553 692 3610; x_wconf 83' lang='grc' dir='ltr'><strong><em>Ἠ</em></strong></span> <span class='ocrx_word' id='word_1_544' title='bbox 723 3551 828 3627; x_wconf 78' lang='grc' dir='ltr'>γὰρ</span> <span class='ocrx_word' id='word_1_545' title='bbox 860 3549 914 3605; x_wconf 87' lang='grc' dir='ltr'>ἐν</span> <span class='ocrx_word' id='word_1_546' title='bbox 961 3547 1144 3622; x_wconf 83' lang='grc' dir='ltr'>τούτῳ</span> <span class='ocrx_word' id='word_1_547' title='bbox 1185 3546 1414 3621; x_wconf 83' lang='grc' dir='ltr'>δύναμις</span> <span class='ocrx_word' id='word_1_548' title='bbox 1445 3541 1762 3622; x_wconf 76' lang='grc' dir='ltr'>θρομϐοῦσα</span> <span class='ocrx_word' id='word_1_549' title='bbox 1809 3550 1907 3600; x_wconf 89' lang='grc' dir='ltr'>τοῦ</span> <span class='ocrx_word' id='word_1_550' title='bbox 1960 3543 2123 3619; x_wconf 74' lang='grc' dir='ltr'>α’ίμα-</span> 
     </span>
    </p>
   </div>
   <div class='ocr_carea' id='block_1_70' title="bbox 473 3634 2124 3717">
    <p class='ocr_par' dir='ltr' id='par_1_70' title="bbox 473 3634 2124 3717">
     <span class='ocr_line' id='line_1_70' title="bbox 473 3634 2124 3717; baseline -0.004 -20"><span class='ocrx_word' id='word_1_551' title='bbox 473 3641 566 3703; x_wconf 88' lang='grc' dir='ltr'>τός</span> <span class='ocrx_word' id='word_1_552' title='bbox 623 3642 722 3710; x_wconf 77' lang='grc' dir='ltr'>τὴν</span> <span class='ocrx_word' id='word_1_553' title='bbox 782 3638 963 3717; x_wconf 85' lang='grc' dir='ltr'>φύσιν,</span> <span class='ocrx_word' id='word_1_554' title='bbox 1021 3639 1078 3694; x_wconf 89' lang='grc' dir='ltr'>’όν</span> <span class='ocrx_word' id='word_1_555' title='bbox 1136 3636 1341 3713; x_wconf 90' lang='grc' dir='ltr'>τρόπον</span> <span class='ocrx_word' id='word_1_556' title='bbox 1397 3639 1432 3690; x_wconf 58' lang='grc' dir='ltr'>ἢ</span> <span class='ocrx_word' id='word_1_557' title='bbox 1478 3634 1672 3692; x_wconf 91' lang='grc' dir='ltr'>πυτεία</span> <span class='ocrx_word' id='word_1_558' title='bbox 1702 3636 2005 3705; x_wconf 87' lang='grc' dir='ltr'>συνίστησι,</span> <span class='ocrx_word' id='word_1_559' title='bbox 2061 3635 2124 3690; x_wconf 86' lang='grc' dir='ltr'>τὸ</span> 
     </span>
    </p>
   </div>
   <div class='ocr_carea' id='block_1_71' title="bbox 475 3723 2122 3805">
    <p class='ocr_par' dir='ltr' id='par_1_71' title="bbox 475 3723 2122 3805">
     <span class='ocr_line' id='line_1_71' title="bbox 475 3723 2122 3805; baseline -0.001 -22"><span class='ocrx_word' id='word_1_560' title='bbox 475 3727 620 3805; x_wconf 90' lang='grc' dir='ltr'>γάλα</span> <span class='ocrx_word' id='word_1_561' title='bbox 673 3727 860 3785; x_wconf 80' lang='grc' dir='ltr'>οὐσίαν</span> <span class='ocrx_word' id='word_1_562' title='bbox 905 3727 1180 3803; x_wconf 78' lang='grc' dir='ltr'>ἐργάζεται</span> <span class='ocrx_word' id='word_1_563' title='bbox 1235 3725 1593 3802; x_wconf 86' lang='grc' dir='ltr'>μορφώσεως·</span> <span class='ocrx_word' id='word_1_564' title='bbox 1655 3723 1872 3780; x_wconf 77' lang='grc' dir='ltr'>εὐθαλεῖ</span> <span class='ocrx_word' id='word_1_565' title='bbox 1927 3725 2030 3799; x_wconf 81' lang='grc' dir='ltr'>γάρ</span> <span class='ocrx_word' id='word_1_566' title='bbox 2087 3726 2122 3793; x_wconf 76' lang='grc' dir='ltr'><strong>ἡ</strong></span> 
     </span>
    </p>
   </div>
   <div class='ocr_carea' id='block_1_72' title="bbox 472 3812 2122 3894">
    <p class='ocr_par' dir='ltr' id='par_1_72' title="bbox 472 3812 2122 3894">
     <span class='ocr_line' id='line_1_72' title="bbox 472 3812 2122 3894; baseline -0.004 -21"><span class='ocrx_word' id='word_1_567' title='bbox 472 3824 684 3894; x_wconf 75' lang='grc' dir='ltr'>κρᾶσις,</span> <span class='ocrx_word' id='word_1_568' title='bbox 715 3816 959 3894; x_wconf 79' lang='grc' dir='ltr'>σφαλερὰ</span> <span class='ocrx_word' id='word_1_569' title='bbox 990 3813 1047 3871; x_wconf 70' lang='grc' dir='ltr'>δὲ</span> <span class='ocrx_word' id='word_1_570' title='bbox 1077 3818 1112 3884; x_wconf 80' lang='grc' dir='ltr'>ἡ</span> <span class='ocrx_word' id='word_1_571' title='bbox 1143 3814 1382 3890; x_wconf 86' lang='grc' dir='ltr'>ἀκρότης</span> <span class='ocrx_word' id='word_1_572' title='bbox 1428 3813 1504 3876; x_wconf 81' lang='grc' dir='ltr'>είς</span> <span class='ocrx_word' id='word_1_573' title='bbox 1560 3812 1826 3870; x_wconf 89' lang='grc' dir='ltr'>ἀτεκνίαν.</span> <span class='ocrx_word' id='word_1_574' title='bbox 1885 3814 1988 3868; x_wconf 89' lang='grc' dir='ltr'>Καὶ</span> <span class='ocrx_word' id='word_1_575' title='bbox 2024 3814 2122 3888; x_wconf 87' lang='grc' dir='ltr'>γάρ</span> 
     </span>
    </p>
   </div>
   <div class='ocr_carea' id='block_1_73' title="bbox 476 3898 2122 3980">
    <p class='ocr_par' dir='ltr' id='par_1_73' title="bbox 476 3898 2122 3980">
     <span class='ocr_line' id='line_1_73' title="bbox 476 3898 2122 3980; baseline -0.004 -18"><span class='ocrx_word' id='word_1_576' title='bbox 476 3907 644 3975; x_wconf 87' lang='grc' dir='ltr'>αὐτῆς</span> <span class='ocrx_word' id='word_1_577' title='bbox 676 3903 784 3976; x_wconf 76' lang='grc' dir='ltr'>ἤδη</span> <span class='ocrx_word' id='word_1_578' title='bbox 838 3913 936 3976; x_wconf 88' lang='grc' dir='ltr'>τῆς</span> <span class='ocrx_word' id='word_1_579' title='bbox 980 3911 1082 3980; x_wconf 88' lang='grc' dir='ltr'>γῆς</span> <span class='ocrx_word' id='word_1_580' title='bbox 1132 3905 1233 3958; x_wconf 82' lang='grc' dir='ltr'>ὑπὸ</span> <span class='ocrx_word' id='word_1_581' title='bbox 1277 3905 1371 3976; x_wconf 74' lang='grc' dir='ltr'>μὶν</span> <span class='ocrx_word' id='word_1_582' title='bbox 1402 3898 1706 3977; x_wconf 76' lang='grc' dir='ltr'>ἐπομϐρίας</span> <span class='ocrx_word' id='word_1_583' title='bbox 1758 3901 2122 3957; x_wconf 71' lang='grc' dir='ltr'>κατακλυσθὲν</span> 
     </span>
    </p>
   </div>
   <div class='ocr_carea' id='block_1_74' title="bbox 474 3988 2124 4071">
    <p class='ocr_par' dir='ltr' id='par_1_74' title="bbox 474 3988 2124 4071">
     <span class='ocr_line' id='line_1_74' title="bbox 474 3988 2124 4071; baseline -0.003 -20"><span class='ocrx_word' id='word_1_584' title='bbox 474 3995 801 4071; x_wconf 88' lang='grc' dir='ltr'>ἀποσύρεται</span> <span class='ocrx_word' id='word_1_585' title='bbox 850 3995 913 4050; x_wconf 87' lang='grc' dir='ltr'>τὸ</span> <span class='ocrx_word' id='word_1_586' title='bbox 958 3993 1193 4069; x_wconf 80' lang='grc' dir='ltr'>σπέρμα⁸</span> <span class='ocrx_word' id='word_1_587' title='bbox 1247 3990 1336 4047; x_wconf 77' lang='grc' dir='ltr'>διὰ</span> <span class='ocrx_word' id='word_1_588' title='bbox 1385 3990 1442 4047; x_wconf 73' lang='grc' dir='ltr'>δὲ</span> <span class='ocrx_word' id='word_1_589' title='bbox 1474 3992 1686 4067; x_wconf 77' lang='grc' dir='ltr'>αὐχμὸν</span> <span class='ocrx_word' id='word_1_590' title='bbox 1719 3988 1931 4053; x_wconf 82' lang='grc' dir='ltr'>νοτίδος</span> <span class='ocrx_word' id='word_1_591' title='bbox 1989 3991 2124 4046; x_wconf 83' lang='grc' dir='ltr'>ἀπο-</span> 
     </span>
    </p>
   </div>
   <div class='ocr_carea' id='block_1_75' title="bbox 475 4079 2125 4159">
    <p class='ocr_par' dir='ltr' id='par_1_75' title="bbox 475 4079 2125 4159">
     <span class='ocr_line' id='line_1_75' title="bbox 475 4079 2125 4159; baseline -0.002 -20"><span class='ocrx_word' id='word_1_592' title='bbox 475 4085 819 4159; x_wconf 82' lang='grc' dir='ltr'>ξηραίνεται.</span> <span class='ocrx_word' id='word_1_593' title='bbox 868 4080 1174 4151; x_wconf 84' lang='grc' dir='ltr'>Κολλώδης</span> <span class='ocrx_word' id='word_1_594' title='bbox 1235 4079 1292 4136; x_wconf 75' lang='grc' dir='ltr'>δὲ</span> <span class='ocrx_word' id='word_1_595' title='bbox 1347 4083 1376 4135; x_wconf 94' lang='lat'>6</span> <span class='ocrx_word' id='word_1_596' title='bbox 1434 4083 1617 4156; x_wconf 87' lang='grc' dir='ltr'>χυμὸς</span> <span class='ocrx_word' id='word_1_597' title='bbox 1674 4080 1748 4135; x_wconf 86' lang='grc' dir='ltr'>ὣν</span> <span class='ocrx_word' id='word_1_598' title='bbox 1790 4080 2005 4156; x_wconf 82' lang='grc' dir='ltr'>συνέχει</span> <span class='ocrx_word' id='word_1_599' title='bbox 2061 4082 2125 4136; x_wconf 85' lang='grc' dir='ltr'>τὸ</span> 
     </span>
    </p>
   </div>
   <div class='ocr_carea' id='block_1_76' title="bbox 472 4168 2124 4251">
    <p class='ocr_par' dir='ltr' id='par_1_76' title="bbox 472 4168 2124 4251">
     <span class='ocr_line' id='line_1_76' title="bbox 472 4168 2124 4251; baseline -0.002 -22"><span class='ocrx_word' id='word_1_600' title='bbox 472 4177 692 4249; x_wconf 89' lang='grc' dir='ltr'>σπέρμα</span> <span class='ocrx_word' id='word_1_601' title='bbox 747 4173 837 4228; x_wconf 82' lang='grc' dir='ltr'>καὶ</span> <span class='ocrx_word' id='word_1_602' title='bbox 884 4172 1026 4251; x_wconf 86' lang='grc' dir='ltr'>φύει.</span> <span class='ocrx_word' id='word_1_603' title='bbox 1077 4172 1236 4232; x_wconf 78' lang='grc' dir='ltr'>Τινὲς</span> <span class='ocrx_word' id='word_1_604' title='bbox 1268 4168 1326 4225; x_wconf 67' lang='grc' dir='ltr'>δὲ</span> <span class='ocrx_word' id='word_1_605' title='bbox 1348 4170 1438 4225; x_wconf 85' lang='grc' dir='ltr'>καὶ</span> <span class='ocrx_word' id='word_1_606' title='bbox 1467 4170 1528 4224; x_wconf 87' lang='grc' dir='ltr'>τὸ</span> <span class='ocrx_word' id='word_1_607' title='bbox 1559 4169 1774 4244; x_wconf 89' lang='grc' dir='ltr'>σπέρμα</span> <span class='ocrx_word' id='word_1_608' title='bbox 1826 4174 1923 4224; x_wconf 86' lang='grc' dir='ltr'>τοῦ</span> <span class='ocrx_word' id='word_1_609' title='bbox 1979 4170 2124 4239; x_wconf 86' lang='grc' dir='ltr'>ζώου</span> 
     </span>
    </p>
   </div>
   <div class='ocr_carea' id='block_1_77' title="bbox 475 4258 2121 4341">
    <p class='ocr_par' dir='ltr' id='par_1_77' title="bbox 475 4258 2121 4341">
     <span class='ocr_line' id='line_1_77' title="bbox 475 4258 2121 4341; baseline -0.003 -22"><span class='ocrx_word' id='word_1_610' title='bbox 475 4264 643 4341; x_wconf 85' lang='grc' dir='ltr'>ἀφρὸν</span> <span class='ocrx_word' id='word_1_611' title='bbox 703 4264 831 4318; x_wconf 74' lang='grc' dir='ltr'>εἶναι</span> <span class='ocrx_word' id='word_1_612' title='bbox 893 4267 992 4318; x_wconf 90' lang='grc' dir='ltr'>τοῦ</span> <span class='ocrx_word' id='word_1_613' title='bbox 1050 4259 1282 4334; x_wconf 73' lang='grc' dir='ltr'>α’ίματος</span> <span class='ocrx_word' id='word_1_614' title='bbox 1335 4260 1450 4314; x_wconf 89' lang='grc' dir='ltr'>κατ’</span> <span class='ocrx_word' id='word_1_615' title='bbox 1501 4258 1686 4314; x_wconf 82' lang='grc' dir='ltr'>οὐσίαν</span> <span class='ocrx_word' id='word_1_616' title='bbox 1747 4259 2121 4314; x_wconf 85' lang='grc' dir='ltr'>ὑποτίθενται·</span> 
     </span>
    </p>
   </div>
   <div class='ocr_carea' id='block_1_78' title="bbox 474 4346 2126 4429">
    <p class='ocr_par' dir='ltr' id='par_1_78' title="bbox 474 4346 2126 4429">
     <span class='ocr_line' id='line_1_78' title="bbox 474 4346 2126 4429; baseline -0.004 -21"><span class='ocrx_word' id='word_1_617' title='bbox 474 4353 503 4408; x_wconf 79' lang='grc' dir='ltr'>ὃ</span> <span class='ocrx_word' id='word_1_618' title='bbox 537 4350 602 4422; x_wconf 80' lang='grc' dir='ltr'>δὴ</span> <span class='ocrx_word' id='word_1_619' title='bbox 633 4355 702 4426; x_wconf 80' lang='grc' dir='ltr'>τῇ</span> <span class='ocrx_word' id='word_1_620' title='bbox 734 4350 960 4429; x_wconf 82' lang='grc' dir='ltr'>έμφύτῳ</span> <span class='ocrx_word' id='word_1_621' title='bbox 989 4354 1087 4404; x_wconf 83' lang='grc' dir='ltr'>τοῦ</span> <span class='ocrx_word' id='word_1_622' title='bbox 1147 4346 1371 4425; x_wconf 70' lang='grc' dir='ltr'>ἄρρενος</span> <span class='ocrx_word' id='word_1_623' title='bbox 1429 4348 1605 4423; x_wconf 76' lang='grc' dir='ltr'>θέρμῃ</span> <span class='ocrx_word' id='word_1_624' title='bbox 1660 4347 1806 4422; x_wconf 88' lang='grc' dir='ltr'>παρά</span> <span class='ocrx_word' id='word_1_625' title='bbox 1853 4348 1949 4412; x_wconf 84' lang='grc' dir='ltr'>τὰς</span> <span class='ocrx_word' id='word_1_626' title='bbox 1987 4368 2126 4420; x_wconf 90' lang='grc' dir='ltr'>συμ-</span> 
     </span>
    </p>
   </div>
   <div class='ocr_carea' id='block_1_79' title="bbox 472 4436 2127 4516">
    <p class='ocr_par' dir='ltr' id='par_1_79' title="bbox 472 4436 2127 4516">
     <span class='ocr_line' id='line_1_79' title="bbox 472 4436 2127 4516; baseline -0.004 -18"><span class='ocrx_word' id='word_1_627' title='bbox 472 4441 685 4506; x_wconf 80' lang='grc' dir='ltr'>πλοκάς</span> <span class='ocrx_word' id='word_1_628' title='bbox 743 4439 1095 4516; x_wconf 75' lang='grc' dir='ltr'>ἰκταραχθὶν,</span> <span class='ocrx_word' id='word_1_629' title='bbox 1154 4437 1582 4512; x_wconf 79' lang='grc' dir='ltr'>ἐκραπιζόμενον</span> <span class='ocrx_word' id='word_1_630' title='bbox 1631 4436 1970 4514; x_wconf 84' lang='grc' dir='ltr'>ἐξαφροῦται,</span> <span class='ocrx_word' id='word_1_631' title='bbox 2030 4438 2127 4492; x_wconf 85' lang='grc' dir='ltr'>κάν</span> 
     </span>
    </p>
   </div>
   <div class='ocr_carea' id='block_1_80' title="bbox 2239 3269 3810 3358">
    <p class='ocr_par' dir='ltr' id='par_1_80' title="bbox 2239 3269 3810 3358">
     <span class='ocr_line' id='line_1_80' title="bbox 2239 3269 3810 3358; baseline -0.007 -23"><span class='ocrx_word' id='word_1_632' title='bbox 2239 3280 2520 3356; x_wconf 76' lang='grc' dir='ltr'>βάπτισμα</span> <span class='ocrx_word' id='word_1_633' title='bbox 2556 3281 2865 3350; x_wconf 85' lang='grc' dir='ltr'>κοινωνίαν,</span> <span class='ocrx_word' id='word_1_634' title='bbox 2891 3281 3091 3352; x_wconf 86' lang='grc' dir='ltr'>ταύτην</span> <span class='ocrx_word' id='word_1_635' title='bbox 3144 3280 3264 3358; x_wconf 80' lang='grc' dir='ltr'>ἔχει</span> <span class='ocrx_word' id='word_1_636' title='bbox 3294 3283 3354 3337; x_wconf 86' lang='grc' dir='ltr'>τὸ</span> <span class='ocrx_word' id='word_1_637' title='bbox 3384 3279 3519 3356; x_wconf 88' lang='grc' dir='ltr'>γάλα</span> <span class='ocrx_word' id='word_1_638' title='bbox 3545 3279 3630 3345; x_wconf 75' lang='grc' dir='ltr'>τὴν</span> <span class='ocrx_word' id='word_1_639' title='bbox 3658 3269 3810 3329; x_wconf 86' lang='grc' dir='ltr'>συναλ-</span> 
     </span>
    </p>
   </div>
   <div class='ocr_carea' id='block_1_81' title="bbox 2235 3364 3810 3448">
    <p class='ocr_par' dir='ltr' id='par_1_81' title="bbox 2235 3364 3810 3448">
     <span class='ocr_line' id='line_1_81' title="bbox 2235 3364 3810 3448; baseline -0.015 -11"><span class='ocrx_word' id='word_1_640' title='bbox 2235 3369 2408 3443; x_wconf 75' lang='grc' dir='ltr'>λαγῆν</span> <span class='ocrx_word' id='word_1_641' title='bbox 2441 3371 2578 3446; x_wconf 79' lang='grc' dir='ltr'>πρὸς</span> <span class='ocrx_word' id='word_1_642' title='bbox 2603 3371 2666 3426; x_wconf 85' lang='grc' dir='ltr'>τὸ</span> <span class='ocrx_word' id='word_1_643' title='bbox 2697 3368 2865 3443; x_wconf 75' lang='grc' dir='ltr'>ὕδωρ.</span> <span class='ocrx_word' id='word_1_644' title='bbox 2903 3373 3128 3446; x_wconf 85' lang='grc' dir='ltr'>Δέχεται</span> <span class='ocrx_word' id='word_1_645' title='bbox 3158 3372 3261 3448; x_wconf 84' lang='grc' dir='ltr'>γάρ</span> <span class='ocrx_word' id='word_1_646' title='bbox 3315 3372 3473 3444; x_wconf 89' lang='grc' dir='ltr'>μόνον</span> <span class='ocrx_word' id='word_1_647' title='bbox 3522 3372 3618 3422; x_wconf 86' lang='grc' dir='ltr'>τῶν</span> <span class='ocrx_word' id='word_1_648' title='bbox 3673 3364 3810 3438; x_wconf 81' lang='grc' dir='ltr'>ὑγρῶν</span> 
     </span>
    </p>
   </div>
   <div class='ocr_carea' id='block_1_82' title="bbox 2231 3456 3810 3537">
    <p class='ocr_par' dir='ltr' id='par_1_82' title="bbox 2231 3456 3810 3537">
     <span class='ocr_line' id='line_1_82' title="bbox 2231 3456 3810 3537; baseline -0.008 -23"><span class='ocrx_word' id='word_1_649' title='bbox 2231 3457 2394 3514; x_wconf 82' lang='grc' dir='ltr'>τοῦτο</span> <span class='ocrx_word' id='word_1_650' title='bbox 2439 3459 2528 3514; x_wconf 84' lang='grc' dir='ltr'>καὶ</span> <span class='ocrx_word' id='word_1_651' title='bbox 2576 3460 2676 3527; x_wconf 76' lang='grc' dir='ltr'>τὴν</span> <span class='ocrx_word' id='word_1_652' title='bbox 2725 3459 2863 3534; x_wconf 88' lang='grc' dir='ltr'>πρὸς</span> <span class='ocrx_word' id='word_1_653' title='bbox 2907 3460 2970 3515; x_wconf 84' lang='grc' dir='ltr'>τὸ</span> <span class='ocrx_word' id='word_1_654' title='bbox 3019 3457 3169 3537; x_wconf 75' lang='grc' dir='ltr'>ὕδωρ</span> <span class='ocrx_word' id='word_1_655' title='bbox 3207 3461 3350 3533; x_wconf 79' lang='grc' dir='ltr'>μίξιν</span> <span class='ocrx_word' id='word_1_656' title='bbox 3379 3456 3689 3530; x_wconf 85' lang='grc' dir='ltr'>έπικάθαρσιν</span> <span class='ocrx_word' id='word_1_657' title='bbox 3729 3469 3810 3502; x_wconf 85' lang='grc' dir='ltr'>πα-</span> 
     </span>
    </p>
   </div>
   <div class='ocr_carea' id='block_1_83' title="bbox 2235 3540 3813 3625">
    <p class='ocr_par' dir='ltr' id='par_1_83' title="bbox 2235 3540 3813 3625">
     <span class='ocr_line' id='line_1_83' title="bbox 2235 3540 3813 3625; baseline -0.004 -23"><span class='ocrx_word' id='word_1_658' title='bbox 2235 3544 2749 3620; x_wconf 75' lang='grc' dir='ltr'>ραλαμϐανόμεσον,</span> <span class='ocrx_word' id='word_1_659' title='bbox 2782 3550 3020 3623; x_wconf 90' lang='grc' dir='ltr'>καθάπερ</span> <span class='ocrx_word' id='word_1_660' title='bbox 3059 3550 3122 3604; x_wconf 89' lang='grc' dir='ltr'>τὸ</span> <span class='ocrx_word' id='word_1_661' title='bbox 3179 3549 3452 3625; x_wconf 84' lang='grc' dir='ltr'>βάπτισμα</span> <span class='ocrx_word' id='word_1_662' title='bbox 3498 3544 3578 3600; x_wconf 83' lang='grc' dir='ltr'>ἐπὶ</span> <span class='ocrx_word' id='word_1_663' title='bbox 3623 3540 3813 3625; x_wconf 73' lang='grc' dir='ltr'>ἀφέσεως</span> 
     </span>
    </p>
   </div>
   <div class='ocr_carea' id='block_1_84' title="bbox 2233 3624 3812 3712">
    <p class='ocr_par' dir='ltr' id='par_1_84' title="bbox 2233 3624 3812 3712">
     <span class='ocr_line' id='line_1_84' title="bbox 2233 3624 3812 3712; baseline 0.001 -21"><span class='ocrx_word' id='word_1_664' title='bbox 2233 3635 2536 3709; x_wconf 81' lang='grc' dir='ltr'>ἁμαρτιῶν.</span> <span class='ocrx_word' id='word_1_665' title='bbox 2597 3635 2863 3712; x_wconf 87' lang='grc' dir='ltr'>Μίγνυται</span> <span class='ocrx_word' id='word_1_666' title='bbox 2925 3635 2983 3692; x_wconf 74' lang='grc' dir='ltr'>δὲ</span> <span class='ocrx_word' id='word_1_667' title='bbox 3031 3637 3120 3692; x_wconf 81' lang='grc' dir='ltr'>καὶ</span> <span class='ocrx_word' id='word_1_668' title='bbox 3182 3624 3367 3712; x_wconf 88' lang='grc' dir='ltr'>μέλιτι</span> <span class='ocrx_word' id='word_1_669' title='bbox 3422 3632 3704 3712; x_wconf 75' lang='grc' dir='ltr'>προσφυῶς,</span> <span class='ocrx_word' id='word_1_670' title='bbox 3747 3624 3812 3680; x_wconf 62' lang='grc' dir='ltr'>καὶ</span> 
     </span>
    </p>
   </div>
   <div class='ocr_carea' id='block_1_85' title="bbox 2231 3721 3812 3802">
    <p class='ocr_par' dir='ltr' id='par_1_85' title="bbox 2231 3721 3812 3802">
     <span class='ocr_line' id='line_1_85' title="bbox 2231 3721 3812 3802; baseline 0.001 -22"><span class='ocrx_word' id='word_1_671' title='bbox 2231 3729 2394 3780; x_wconf 89' lang='grc' dir='ltr'>τοῦτο</span> <span class='ocrx_word' id='word_1_672' title='bbox 2427 3726 2513 3780; x_wconf 77' lang='grc' dir='ltr'>έπὶ</span> <span class='ocrx_word' id='word_1_673' title='bbox 2539 3727 2795 3800; x_wconf 84' lang='grc' dir='ltr'>καθάρσει</span> <span class='ocrx_word' id='word_1_674' title='bbox 2843 3725 3009 3782; x_wconf 90' lang='grc' dir='ltr'>πάλιν</span> <span class='ocrx_word' id='word_1_675' title='bbox 3043 3728 3181 3799; x_wconf 84' lang='grc' dir='ltr'>μετά</span> <span class='ocrx_word' id='word_1_676' title='bbox 3209 3725 3458 3802; x_wconf 86' lang='grc' dir='ltr'>γλυκείας</span> <span class='ocrx_word' id='word_1_677' title='bbox 3502 3726 3591 3788; x_wconf 80' lang='grc' dir='ltr'>τῆς</span> <span class='ocrx_word' id='word_1_678' title='bbox 3628 3721 3812 3795; x_wconf 52' lang='grc' dir='ltr'>τρυφῆς</span> 
     </span>
    </p>
   </div>
   <div class='ocr_carea' id='block_1_86' title="bbox 2237 3806 3814 3894">
    <p class='ocr_par' dir='ltr' id='par_1_86' title="bbox 2237 3806 3814 3894">
     <span class='ocr_line' id='line_1_86' title="bbox 2237 3806 3814 3894; baseline -0.006 -25"><span class='ocrx_word' id='word_1_679' title='bbox 2237 3814 2564 3890; x_wconf 83' lang='grc' dir='ltr'>μιγνύμενος</span> <span class='ocrx_word' id='word_1_680' title='bbox 2592 3815 2695 3889; x_wconf 82' lang='grc' dir='ltr'>γάρ</span> <span class='ocrx_word' id='word_1_681' title='bbox 2727 3816 2755 3869; x_wconf 89' lang='grc' dir='ltr'>ὁ</span> <span class='ocrx_word' id='word_1_682' title='bbox 2806 3813 2969 3889; x_wconf 88' lang='grc' dir='ltr'>λόγος</span> <span class='ocrx_word' id='word_1_683' title='bbox 3012 3815 3420 3894; x_wconf 83' lang='grc' dir='ltr'>φιλανθρωπίᾳ,</span> <span class='ocrx_word' id='word_1_684' title='bbox 3467 3811 3597 3867; x_wconf 79' lang='grc' dir='ltr'>ἰᾶταί</span> <span class='ocrx_word' id='word_1_685' title='bbox 3638 3828 3690 3882; x_wconf 88' lang='grc' dir='ltr'>γε</span> <span class='ocrx_word' id='word_1_686' title='bbox 3730 3806 3814 3874; x_wconf 73' lang='grc' dir='ltr'>ἅμα</span> 
     </span>
    </p>
   </div>
   <div class='ocr_carea' id='block_1_87' title="bbox 2231 3895 3812 3980">
    <p class='ocr_par' dir='ltr' id='par_1_87' title="bbox 2231 3895 3812 3980">
     <span class='ocr_line' id='line_1_87' title="bbox 2231 3895 3812 3980; baseline -0.007 -22"><span class='ocrx_word' id='word_1_687' title='bbox 2231 3904 2297 3958; x_wconf 79' lang='grc' dir='ltr'>τὰ</span> <span class='ocrx_word' id='word_1_688' title='bbox 2344 3905 2486 3974; x_wconf 89' lang='grc' dir='ltr'>πάθη</span> <span class='ocrx_word' id='word_1_689' title='bbox 2537 3904 2627 3958; x_wconf 88' lang='grc' dir='ltr'>καὶ</span> <span class='ocrx_word' id='word_1_690' title='bbox 2674 3904 3020 3980; x_wconf 87' lang='grc' dir='ltr'>ἀνακαθαίρει</span> <span class='ocrx_word' id='word_1_691' title='bbox 3069 3907 3167 3967; x_wconf 72' lang='grc' dir='ltr'>τὰς</span> <span class='ocrx_word' id='word_1_692' title='bbox 3221 3905 3501 3980; x_wconf 83' lang='grc' dir='ltr'>ἁμαρτίας.</span> <span class='ocrx_word' id='word_1_693' title='bbox 3549 3895 3812 3969; x_wconf 84' lang='grc' dir='ltr'>Ἑπιμίγνυ·</span> 
     </span>
    </p>
   </div>
   <div class='ocr_carea' id='block_1_88' title="bbox 2231 3982 3811 4072">
    <p class='ocr_par' dir='ltr' id='par_1_88' title="bbox 2231 3982 3811 4072">
     <span class='ocr_line' id='line_1_88' title="bbox 2231 3982 3811 4072; baseline 0 -26"><span class='ocrx_word' id='word_1_694' title='bbox 2231 4013 2317 4047; x_wconf 89' lang='grc' dir='ltr'>ται</span> <span class='ocrx_word' id='word_1_695' title='bbox 2341 3990 2398 4048; x_wconf 72' lang='grc' dir='ltr'>δὲ</span> <span class='ocrx_word' id='word_1_696' title='bbox 2426 3993 2489 4047; x_wconf 87' lang='lat'>16</span> <span class='ocrx_word' id='word_1_697' title='bbox 2517 3993 2659 4069; x_wconf 89' lang='grc' dir='ltr'>γάλα</span> <span class='ocrx_word' id='word_1_698' title='bbox 2687 3994 2777 4048; x_wconf 82' lang='grc' dir='ltr'>καὶ</span> <span class='ocrx_word' id='word_1_699' title='bbox 2809 3991 2943 4066; x_wconf 78' lang='grc' dir='ltr'>οἷ’νῳ</span> <span class='ocrx_word' id='word_1_700' title='bbox 2972 3992 3190 4070; x_wconf 85' lang='grc' dir='ltr'>γλυκεῖ.</span> <span class='ocrx_word' id='word_1_701' title='bbox 3221 3991 3536 4072; x_wconf 74' lang='grc' dir='ltr'>Ἐπωφελὴς</span> <span class='ocrx_word' id='word_1_702' title='bbox 3564 3987 3614 4044; x_wconf 72' lang='grc' dir='ltr'>δὲ</span> <span class='ocrx_word' id='word_1_703' title='bbox 3635 3989 3664 4055; x_wconf 76' lang='grc' dir='ltr'>ἡ</span> <span class='ocrx_word' id='word_1_704' title='bbox 3687 3982 3811 4072; x_wconf 52' lang='grc' dir='ltr'>μίξις,</span> 
     </span>
    </p>
   </div>
   <div class='ocr_carea' id='block_1_89' title="bbox 2232 4068 3811 4160">
    <p class='ocr_par' dir='ltr' id='par_1_89' title="bbox 2232 4068 3811 4160">
     <span class='ocr_line' id='line_1_89' title="bbox 2232 4068 3811 4160; baseline 0.005 -24"><span class='ocrx_word' id='word_1_705' title='bbox 2232 4068 2657 4155; x_wconf 86' lang='grc' dir='ltr'>ἀνακιρναμένου</span> <span class='ocrx_word' id='word_1_706' title='bbox 2711 4087 2810 4137; x_wconf 86' lang='grc' dir='ltr'>τοῦ</span> <span class='ocrx_word' id='word_1_707' title='bbox 2871 4068 3077 4147; x_wconf 85' lang='grc' dir='ltr'>πάθους</span> <span class='ocrx_word' id='word_1_708' title='bbox 3154 4083 3230 4146; x_wconf 85' lang='grc' dir='ltr'>είς</span> <span class='ocrx_word' id='word_1_709' title='bbox 3309 4068 3610 4160; x_wconf 76' lang='grc' dir='ltr'>ἀφθαρσίαν.</span> <span class='ocrx_word' id='word_1_710' title='bbox 3668 4068 3811 4160; x_wconf 56' lang='grc' dir='ltr'>Ἐξορῖ</span> 
     </span>
    </p>
   </div>
   <div class='ocr_carea' id='block_1_90' title="bbox 2236 4156 3813 4247">
    <p class='ocr_par' dir='ltr' id='par_1_90' title="bbox 2236 4156 3813 4247">
     <span class='ocr_line' id='line_1_90' title="bbox 2236 4156 3813 4247; baseline -0.006 -21"><span class='ocrx_word' id='word_1_711' title='bbox 2236 4169 2420 4246; x_wconf 81' lang='grc' dir='ltr'>ῥοῦται</span> <span class='ocrx_word' id='word_1_712' title='bbox 2458 4171 2559 4247; x_wconf 83' lang='grc' dir='ltr'>γάρ</span> <span class='ocrx_word' id='word_1_713' title='bbox 2607 4171 2710 4226; x_wconf 88' lang='grc' dir='ltr'>ὑπὸ</span> <span class='ocrx_word' id='word_1_714' title='bbox 2755 4175 2851 4226; x_wconf 89' lang='grc' dir='ltr'>τοῦ</span> <span class='ocrx_word' id='word_1_715' title='bbox 2900 4169 3050 4226; x_wconf 74' lang='grc' dir='ltr'>οἴνου</span> <span class='ocrx_word' id='word_1_716' title='bbox 3081 4172 3145 4226; x_wconf 91' lang='lat'>16</span> <span class='ocrx_word' id='word_1_717' title='bbox 3175 4170 3320 4246; x_wconf 87' lang='grc' dir='ltr'>γάλα</span> <span class='ocrx_word' id='word_1_718' title='bbox 3349 4171 3435 4226; x_wconf 87' lang='grc' dir='ltr'>καὶ</span> <span class='ocrx_word' id='word_1_719' title='bbox 3466 4170 3700 4243; x_wconf 83' lang='grc' dir='ltr'>σχίζεται·</span> <span class='ocrx_word' id='word_1_720' title='bbox 3747 4156 3813 4212; x_wconf 72' lang='grc' dir='ltr'>καὶ</span> 
     </span>
    </p>
   </div>
   <div class='ocr_carea' id='block_1_91' title="bbox 2233 4244 3817 4337">
    <p class='ocr_par' dir='ltr' id='par_1_91' title="bbox 2233 4244 3817 4337">
     <span class='ocr_line' id='line_1_91' title="bbox 2233 4244 3817 4337; baseline -0.007 -22"><span class='ocrx_word' id='word_1_721' title='bbox 2233 4261 2262 4315; x_wconf 81' lang='lat'>6</span> <span class='ocrx_word' id='word_1_722' title='bbox 2291 4282 2343 4315; x_wconf 89' lang='grc' dir='ltr'>τι</span> <span class='ocrx_word' id='word_1_723' title='bbox 2375 4279 2476 4336; x_wconf 91' lang='grc' dir='ltr'>περ</span> <span class='ocrx_word' id='word_1_724' title='bbox 2507 4259 2674 4314; x_wconf 89' lang='grc' dir='ltr'>αὐτοῦ</span> <span class='ocrx_word' id='word_1_725' title='bbox 2704 4261 2886 4329; x_wconf 88' lang='grc' dir='ltr'>νόθον,</span> <span class='ocrx_word' id='word_1_726' title='bbox 2938 4265 3100 4316; x_wconf 86' lang='grc' dir='ltr'>τοῦτο</span> <span class='ocrx_word' id='word_1_727' title='bbox 3151 4259 3550 4337; x_wconf 80' lang='grc' dir='ltr'>άποχετεύεται.</span> <span class='ocrx_word' id='word_1_728' title='bbox 3607 4250 3727 4309; x_wconf 79' lang='grc' dir='ltr'>Κατά</span> <span class='ocrx_word' id='word_1_729' title='bbox 3765 4244 3817 4300; x_wconf 64' lang='lat' dir='ltr'>ti</span> 
     </span>
    </p>
   </div>
   <div class='ocr_carea' id='block_1_92' title="bbox 2233 4336 3819 4420">
    <p class='ocr_par' dir='ltr' id='par_1_92' title="bbox 2233 4336 3819 4420">
     <span class='ocr_line' id='line_1_92' title="bbox 2233 4336 3819 4420; baseline -0.005 -15"><span class='ocrx_word' id='word_1_730' title='bbox 2233 4351 2372 4405; x_wconf 87' lang='grc' dir='ltr'>αὐτά</span> <span class='ocrx_word' id='word_1_731' title='bbox 2400 4346 2459 4405; x_wconf 75' lang='grc' dir='ltr'>δὲ</span> <span class='ocrx_word' id='word_1_732' title='bbox 2485 4356 2586 4418; x_wconf 88' lang='grc' dir='ltr'>τῆς</span> <span class='ocrx_word' id='word_1_733' title='bbox 2616 4351 2850 4413; x_wconf 87' lang='grc' dir='ltr'>πίστεως</span> <span class='ocrx_word' id='word_1_734' title='bbox 2882 4352 2916 4418; x_wconf 82' lang='grc' dir='ltr'><strong>ἡ</strong></span> <span class='ocrx_word' id='word_1_735' title='bbox 2965 4352 3226 4406; x_wconf 79' lang='grc' dir='ltr'>κοινωνία</span> <span class='ocrx_word' id='word_1_736' title='bbox 3363 4344 3674 4418; x_wconf 85' lang='grc' dir='ltr'>πνευματική</span> <span class='ocrx_word' id='word_1_737' title='bbox 3714 4336 3819 4407; x_wconf 79' lang='grc' dir='ltr'>πρὸς</span> 
     </span>
    </p>
   </div>
   <div class='ocr_carea' id='block_1_93' title="bbox 2231 4421 3818 4515">
    <p class='ocr_par' dir='ltr' id='par_1_93' title="bbox 2231 4421 3818 4515">
     <span class='ocr_line' id='line_1_93' title="bbox 2231 4421 3818 4515; baseline 0.003 -22"><span class='ocrx_word' id='word_1_738' title='bbox 2231 4439 2323 4493; x_wconf 88' lang='grc' dir='ltr'>τὸν</span> <span class='ocrx_word' id='word_1_739' title='bbox 2366 4439 2612 4507; x_wconf 89' lang='grc' dir='ltr'>παθητὸν</span> <span class='ocrx_word' id='word_1_740' title='bbox 2652 4440 2937 4513; x_wconf 82' lang='grc' dir='ltr'>ἄνθρωπον</span> <span class='ocrx_word' id='word_1_741' title='bbox 2987 4441 3085 4502; x_wconf 90' lang='grc' dir='ltr'>τάς</span> <span class='ocrx_word' id='word_1_742' title='bbox 3134 4441 3391 4515; x_wconf 85' lang='grc' dir='ltr'>σαρκικάς</span> <span class='ocrx_word' id='word_1_743' title='bbox 3420 4432 3680 4507; x_wconf 78' lang='grc' dir='ltr'>ἐπιθυμίας</span> <span class='ocrx_word' id='word_1_744' title='bbox 3703 4421 3818 4497; x_wconf 71' lang='grc' dir='ltr'>έξ⁰ῥ⁶</span> 
     </span>
    </p>
   </div>
   <div class='ocr_carea' id='block_1_94' title="bbox 466 4516 3817 4617">
    <p class='ocr_par' dir='ltr' id='par_1_94' title="bbox 466 4516 3817 4617">
     <span class='ocr_line' id='line_1_94' title="bbox 466 4516 3817 4617; baseline -0.005 -31"><span class='ocrx_word' id='word_1_745' title='bbox 466 4536 587 4594; x_wconf 88' lang='grc' dir='ltr'>ταῖς</span> <span class='ocrx_word' id='word_1_746' title='bbox 619 4528 951 4603; x_wconf 85' lang='grc' dir='ltr'>σπερματίσι</span> <span class='ocrx_word' id='word_1_747' title='bbox 995 4528 1346 4603; x_wconf 87' lang='grc' dir='ltr'>παρατίθεται</span> <span class='ocrx_word' id='word_1_748' title='bbox 1379 4526 1598 4604; x_wconf 83' lang='grc' dir='ltr'>φλεψὶν,</span> <span class='ocrx_word' id='word_1_749' title='bbox 1629 4525 1864 4590; x_wconf 81' lang='grc' dir='ltr'>ἐντεῦθεν</span> <span class='ocrx_word' id='word_1_750' title='bbox 1917 4527 2007 4582; x_wconf 82' lang='grc' dir='ltr'>καὶ</span> <span class='ocrx_word' id='word_1_751' title='bbox 2062 4527 2129 4582; x_wconf 79' lang='grc' dir='ltr'>τά</span> <span class='ocrx_word' id='word_1_752' title='bbox 2158 4552 2204 4617; x_wconf 81' lang='lat' dir='ltr'><strong>D</strong></span> <span class='ocrx_word' id='word_1_753' title='bbox 2239 4528 2403 4602; x_wconf 71' lang='grc' dir='ltr'>ῥοῦσα</span> <span class='ocrx_word' id='word_1_754' title='bbox 2451 4525 2527 4588; x_wconf 89' lang='grc' dir='ltr'>είς</span> <span class='ocrx_word' id='word_1_755' title='bbox 2581 4524 2867 4596; x_wconf 81' lang='grc' dir='ltr'>άϊδιότητα</span> <span class='ocrx_word' id='word_1_756' title='bbox 2915 4527 3200 4584; x_wconf 83' lang='grc' dir='ltr'>συστέλλει</span> <span class='ocrx_word' id='word_1_757' title='bbox 3257 4529 3350 4582; x_wconf 84' lang='grc' dir='ltr'>τὸν</span> <span class='ocrx_word' id='word_1_758' title='bbox 3409 4524 3687 4597; x_wconf 80' lang='grc' dir='ltr'>ἄνθρωπον,</span> <span class='ocrx_word' id='word_1_759' title='bbox 3725 4516 3817 4570; x_wconf 79' lang='grc' dir='ltr'>τοῖς</span> 
     </span>
    </p>
   </div>
   <div class='ocr_carea' id='block_1_95' title="bbox 469 4613 2124 4696">
    <p class='ocr_par' dir='ltr' id='par_1_95' title="bbox 469 4613 2124 4696">
     <span class='ocr_line' id='line_1_95' title="bbox 469 4613 2124 4696; baseline -0.002 -21"><span class='ocrx_word' id='word_1_760' title='bbox 469 4618 768 4696; x_wconf 85' lang='grc' dir='ltr'>ἀφροδίσια</span> <span class='ocrx_word' id='word_1_761' title='bbox 844 4615 1132 4688; x_wconf 82' lang='grc' dir='ltr'>κέκληται.</span> <span class='ocrx_word' id='word_1_762' title='bbox 1211 4616 1498 4694; x_wconf 74' lang='grc' dir='ltr'>Συμφανές</span> <span class='ocrx_word' id='word_1_763' title='bbox 1553 4615 1732 4670; x_wconf 91' lang='grc' dir='ltr'>τοίνυν</span> <span class='ocrx_word' id='word_1_764' title='bbox 1809 4613 1868 4670; x_wconf 88' lang='grc' dir='ltr'>έκ</span> <span class='ocrx_word' id='word_1_765' title='bbox 1916 4615 2124 4671; x_wconf 90' lang='grc' dir='ltr'>τούτων</span> 
     </span>
    </p>
   </div>
   <div class='ocr_carea' id='block_1_96' title="bbox 472 4703 2126 4780">
    <p class='ocr_par' dir='ltr' id='par_1_96' title="bbox 472 4703 2126 4780">
     <span class='ocr_line' id='line_1_96' title="bbox 472 4703 2126 4780; baseline -0.002 -17"><span class='ocrx_word' id='word_1_766' title='bbox 472 4708 744 4772; x_wconf 82' lang='grc' dir='ltr'>ἀπάντων,</span> <span class='ocrx_word' id='word_1_767' title='bbox 801 4711 939 4780; x_wconf 84' lang='grc' dir='ltr'>αἷμα</span> <span class='ocrx_word' id='word_1_768' title='bbox 987 4707 1122 4762; x_wconf 78' lang='grc' dir='ltr'>εἶναι</span> <span class='ocrx_word' id='word_1_769' title='bbox 1174 4710 1272 4762; x_wconf 89' lang='grc' dir='ltr'>τοῦ</span> <span class='ocrx_word' id='word_1_770' title='bbox 1313 4703 1655 4780; x_wconf 80' lang='grc' dir='ltr'>ἀνθρωπίνου</span> <span class='ocrx_word' id='word_1_771' title='bbox 1713 4705 1968 4776; x_wconf 84' lang='grc' dir='ltr'>σώματος</span> <span class='ocrx_word' id='word_1_772' title='bbox 2023 4706 2126 4773; x_wconf 81' lang='grc' dir='ltr'>τήν</span> 
     </span>
    </p>
   </div>
   <div class='ocr_carea' id='block_1_97' title="bbox 475 4793 2127 4868">
    <p class='ocr_par' dir='ltr' id='par_1_97' title="bbox 475 4793 2127 4868">
     <span class='ocr_line' id='line_1_97' title="bbox 475 4793 2127 4868; baseline -0.001 -16"><span class='ocrx_word' id='word_1_773' title='bbox 475 4797 684 4865; x_wconf 87' lang='grc' dir='ltr'>οὐσίαν,</span> <span class='ocrx_word' id='word_1_774' title='bbox 732 4795 878 4852; x_wconf 88' lang='grc' dir='ltr'>ἀλλά</span> <span class='ocrx_word' id='word_1_775' title='bbox 923 4795 1013 4851; x_wconf 81' lang='grc' dir='ltr'>καὶ</span> <span class='ocrx_word' id='word_1_776' title='bbox 1063 4796 1197 4868; x_wconf 86' lang='grc' dir='ltr'>μετά</span> <span class='ocrx_word' id='word_1_777' title='bbox 1239 4796 1340 4864; x_wconf 80' lang='grc' dir='ltr'>τὴν</span> <span class='ocrx_word' id='word_1_778' title='bbox 1384 4795 1686 4864; x_wconf 82' lang='grc' dir='ltr'>ἀποκύησιν</span> <span class='ocrx_word' id='word_1_779' title='bbox 1735 4793 1889 4856; x_wconf 80' lang='grc' dir='ltr'>αὖθις</span> <span class='ocrx_word' id='word_1_780' title='bbox 1943 4793 2127 4868; x_wconf 64' lang='grc' dir='ltr'>ἐκτρέ-</span> 
     </span>
    </p>
   </div>
   <div class='ocr_carea' id='block_1_98' title="bbox 477 4880 2125 4964">
    <p class='ocr_par' dir='ltr' id='par_1_98' title="bbox 477 4880 2125 4964">
     <span class='ocr_line' id='line_1_98' title="bbox 477 4880 2125 4964; baseline -0.003 -23"><span class='ocrx_word' id='word_1_781' title='bbox 477 4907 630 4964; x_wconf 86' lang='grc' dir='ltr'>φεται</span> <span class='ocrx_word' id='word_1_782' title='bbox 658 4887 722 4941; x_wconf 91' lang='lat'>16</span> <span class='ocrx_word' id='word_1_783' title='bbox 775 4883 992 4940; x_wconf 84' lang='grc' dir='ltr'>παιδίον</span> <span class='ocrx_word' id='word_1_784' title='bbox 1022 4882 1210 4957; x_wconf 69' lang='grc' dir='ltr'>α’ίματι</span> <span class='ocrx_word' id='word_1_785' title='bbox 1241 4889 1323 4957; x_wconf 80' lang='grc' dir='ltr'>τῷ</span> <span class='ocrx_word' id='word_1_786' title='bbox 1354 4883 1520 4956; x_wconf 81' lang='grc' dir='ltr'>αὐτῷ.</span> <span class='ocrx_word' id='word_1_787' title='bbox 1555 4880 1797 4956; x_wconf 69' lang='grc' dir='ltr'>Α’ίματος</span> <span class='ocrx_word' id='word_1_788' title='bbox 1836 4883 1937 4958; x_wconf 78' lang='grc' dir='ltr'>γὰρ</span> <span class='ocrx_word' id='word_1_789' title='bbox 1968 4882 2125 4959; x_wconf 88' lang='grc' dir='ltr'>φύσις</span> 
     </span>
    </p>
   </div>
   <div class='ocr_carea' id='block_1_99' title="bbox 467 4969 2126 5050">
    <p class='ocr_par' dir='ltr' id='par_1_99' title="bbox 467 4969 2126 5050">
     <span class='ocr_line' id='line_1_99' title="bbox 467 4969 2126 5050; baseline -0.003 -19"><span class='ocrx_word' id='word_1_790' title='bbox 467 4979 566 5031; x_wconf 90' lang='grc' dir='ltr'>τοῦ</span> <span class='ocrx_word' id='word_1_791' title='bbox 613 4973 890 5050; x_wconf 83' lang='grc' dir='ltr'>γάλακτος</span> <span class='ocrx_word' id='word_1_792' title='bbox 935 4976 970 5044; x_wconf 81' lang='grc' dir='ltr'><strong>ἡ</strong></span> <span class='ocrx_word' id='word_1_793' title='bbox 1026 4973 1198 5050; x_wconf 78' lang='grc' dir='ltr'>ῥύσις,</span> <span class='ocrx_word' id='word_1_794' title='bbox 1243 4973 1334 5029; x_wconf 79' lang='grc' dir='ltr'>καὶ</span> <span class='ocrx_word' id='word_1_795' title='bbox 1374 4973 1526 5049; x_wconf 75' lang='grc' dir='ltr'>πηγὴ</span> <span class='ocrx_word' id='word_1_796' title='bbox 1555 4975 1766 5050; x_wconf 80' lang='grc' dir='ltr'>τροφῆς</span> <span class='ocrx_word' id='word_1_797' title='bbox 1793 4971 1857 5026; x_wconf 88' lang='grc' dir='ltr'>τὸ</span> <span class='ocrx_word' id='word_1_798' title='bbox 1885 4969 2046 5047; x_wconf 88' lang='grc' dir='ltr'>γάλα,</span> <span class='ocrx_word' id='word_1_799' title='bbox 2079 4973 2126 5045; x_wconf 82' lang='grc' dir='ltr'>ᾧ</span> 
     </span>
    </p>
   </div>
   <div class='ocr_carea' id='block_1_100' title="bbox 473 5057 2126 5138">
    <p class='ocr_par' dir='ltr' id='par_1_100' title="bbox 473 5057 2126 5138">
     <span class='ocr_line' id='line_1_100' title="bbox 473 5057 2126 5138; baseline -0.002 -18"><span class='ocrx_word' id='word_1_800' title='bbox 473 5062 542 5133; x_wconf 71' lang='grc' dir='ltr'>δὴ</span> <span class='ocrx_word' id='word_1_801' title='bbox 574 5064 665 5119; x_wconf 81' lang='grc' dir='ltr'>καὶ</span> <span class='ocrx_word' id='word_1_802' title='bbox 712 5063 852 5138; x_wconf 89' lang='grc' dir='ltr'>γυνή</span> <span class='ocrx_word' id='word_1_803' title='bbox 904 5059 1052 5133; x_wconf 81' lang='grc' dir='ltr'>δήλη</span> <span class='ocrx_word' id='word_1_804' title='bbox 1091 5067 1323 5118; x_wconf 82' lang='grc' dir='ltr'>τεκοῦσα</span> <span class='ocrx_word' id='word_1_805' title='bbox 1353 5061 1574 5131; x_wconf 83' lang='grc' dir='ltr'>ἀληθῶς</span> <span class='ocrx_word' id='word_1_806' title='bbox 1606 5060 1696 5117; x_wconf 82' lang='grc' dir='ltr'>καὶ</span> <span class='ocrx_word' id='word_1_807' title='bbox 1731 5061 1916 5136; x_wconf 77' lang='grc' dir='ltr'>μήτηρ</span> <span class='ocrx_word' id='word_1_808' title='bbox 1949 5057 2020 5115; x_wconf 75' lang='grc' dir='ltr'>δι’</span> <span class='ocrx_word' id='word_1_809' title='bbox 2063 5059 2126 5116; x_wconf 81' lang='grc' dir='ltr'>οῦ</span> 
     </span>
    </p>
   </div>
   <div class='ocr_carea' id='block_1_101' title="bbox 469 5142 1505 5231">
    <p class='ocr_par' dir='ltr' id='par_1_101' title="bbox 469 5142 1505 5231">
     <span class='ocr_line' id='line_1_101' title="bbox 469 5142 1505 5231; baseline -0.006 -23"><span class='ocrx_word' id='word_1_810' title='bbox 469 5152 560 5208; x_wconf 88' lang='grc' dir='ltr'><strong>καί</strong></span> <span class='ocrx_word' id='word_1_811' title='bbox 589 5150 818 5231; x_wconf 88' lang='grc' dir='ltr'>φίλτρον</span> <span class='ocrx_word' id='word_1_812' title='bbox 851 5149 1064 5212; x_wconf 89' lang='grc' dir='ltr'>εὐνοίας</span> <span class='ocrx_word' id='word_1_813' title='bbox 1092 5142 1505 5224; x_wconf 80' lang='grc' dir='ltr'>προσλαμϐάνει</span> 
     </span>
    </p>
   </div>
   <div class='ocr_carea' id='block_1_102' title="bbox 2235 4602 3818 4685">
    <p class='ocr_par' dir='ltr' id='par_1_102' title="bbox 2235 4602 3818 4685">
     <span class='ocr_line' id='line_1_102' title="bbox 2235 4602 3818 4685; baseline -0.01 -15"><span class='ocrx_word' id='word_1_814' title='bbox 2235 4617 2401 4678; x_wconf 91' lang='grc' dir='ltr'>θείοις</span> <span class='ocrx_word' id='word_1_815' title='bbox 2449 4616 2936 4685; x_wconf 81' lang='grc' dir='ltr'>ἀπαθανάτίζουσα.</span> <span class='ocrx_word' id='word_1_816' title='bbox 2983 4618 3052 4674; x_wconf 74' lang='grc' dir='ltr'>Οἱ</span> <span class='ocrx_word' id='word_1_817' title='bbox 3098 4616 3304 4673; x_wconf 80' lang='grc' dir='ltr'>πολλοὶ</span> <span class='ocrx_word' id='word_1_818' title='bbox 3337 4615 3393 4671; x_wconf 59' lang='grc' dir='ltr'>δι</span> <span class='ocrx_word' id='word_1_819' title='bbox 3421 4612 3590 4670; x_wconf 77' lang='grc' dir='ltr'>καὶτὸ</span> <span class='ocrx_word' id='word_1_820' title='bbox 3633 4602 3818 4674; x_wconf 78' lang='grc' dir='ltr'>λιπαρὸν</span> 
     </span>
    </p>
   </div>
   <div class='ocr_carea' id='block_1_103' title="bbox 2232 4699 3820 4780">
    <p class='ocr_par' dir='ltr' id='par_1_103' title="bbox 2232 4699 3820 4780">
     <span class='ocr_line' id='line_1_103' title="bbox 2232 4699 3820 4780; baseline -0.011 -20"><span class='ocrx_word' id='word_1_821' title='bbox 2232 4709 2330 4760; x_wconf 87' lang='grc' dir='ltr'>τοῦ</span> <span class='ocrx_word' id='word_1_822' title='bbox 2359 4704 2657 4778; x_wconf 88' lang='grc' dir='ltr'>γάλακτος,</span> <span class='ocrx_word' id='word_1_823' title='bbox 2692 4707 2721 4760; x_wconf 80' lang='lat'>&#39;6</span> <span class='ocrx_word' id='word_1_824' title='bbox 2763 4703 2830 4774; x_wconf 76' lang='grc' dir='ltr'>δὴ</span> <span class='ocrx_word' id='word_1_825' title='bbox 2881 4705 3147 4780; x_wconf 85' lang='grc' dir='ltr'>βούτυρον</span> <span class='ocrx_word' id='word_1_826' title='bbox 3195 4707 3445 4769; x_wconf 81' lang='grc' dir='ltr'>καλοῦσι,</span> <span class='ocrx_word' id='word_1_827' title='bbox 3502 4699 3820 4770; x_wconf 80' lang='grc' dir='ltr'>καταχρῶνται</span> 
     </span>
    </p>
   </div>
   <div class='ocr_carea' id='block_1_104' title="bbox 2235 4786 3818 4869">
    <p class='ocr_par' dir='ltr' id='par_1_104' title="bbox 2235 4786 3818 4869">
     <span class='ocr_line' id='line_1_104' title="bbox 2235 4786 3818 4869; baseline -0.011 -21"><span class='ocrx_word' id='word_1_828' title='bbox 2235 4793 2314 4858; x_wconf 74' lang='grc' dir='ltr'>εἲς</span> <span class='ocrx_word' id='word_1_829' title='bbox 2345 4793 2574 4869; x_wconf 83' lang='grc' dir='ltr'>λύχνον,</span> <span class='ocrx_word' id='word_1_830' title='bbox 2605 4795 2668 4848; x_wconf 90' lang='grc' dir='ltr'>τὸ</span> <span class='ocrx_word' id='word_1_831' title='bbox 2698 4793 3032 4850; x_wconf 87' lang='grc' dir='ltr'>πολυέλαιον</span> <span class='ocrx_word' id='word_1_832' title='bbox 3061 4799 3160 4850; x_wconf 88' lang='grc' dir='ltr'>τοῦ</span> <span class='ocrx_word' id='word_1_833' title='bbox 3209 4794 3375 4868; x_wconf 89' lang='grc' dir='ltr'>λόγου</span> <span class='ocrx_word' id='word_1_834' title='bbox 3432 4791 3498 4846; x_wconf 74' lang='grc' dir='ltr'>δι’</span> <span class='ocrx_word' id='word_1_835' title='bbox 3553 4786 3818 4869; x_wconf 72' lang='grc' dir='ltr'>αίνίγματος</span> 
     </span>
    </p>
   </div>
   <div class='ocr_carea' id='block_1_105' title="bbox 2233 4867 3819 4961">
    <p class='ocr_par' dir='ltr' id='par_1_105' title="bbox 2233 4867 3819 4961">
     <span class='ocr_line' id='line_1_105' title="bbox 2233 4867 3819 4961; baseline -0.029 8"><span class='ocrx_word' id='word_1_836' title='bbox 2233 4867 2518 4958; x_wconf 53' lang='grc' dir='ltr'>ἀρίδήλίυς</span> <span class='ocrx_word' id='word_1_837' title='bbox 2550 4884 2961 4961; x_wconf 83' lang='grc' dir='ltr'>σαφηνίσαντες,</span> <span class='ocrx_word' id='word_1_838' title='bbox 3011 4884 3084 4946; x_wconf 79' lang='grc' dir='ltr'>ὡς</span> <span class='ocrx_word' id='word_1_839' title='bbox 3119 4867 3300 4957; x_wconf 79' lang='grc' dir='ltr'>μόνου</span> <span class='ocrx_word' id='word_1_840' title='bbox 3317 4880 3472 4938; x_wconf 80' lang='grc' dir='ltr'>τοῦδε</span> <span class='ocrx_word' id='word_1_841' title='bbox 3516 4875 3715 4934; x_wconf 81' lang='grc' dir='ltr'>ἐνδίκως</span> <span class='ocrx_word' id='word_1_842' title='bbox 3751 4867 3819 4922; x_wconf 74' lang='grc' dir='ltr'>ιισῖ</span> 
     </span>
    </p>
   </div>
   <div class='ocr_carea' id='block_1_106' title="bbox 2231 4962 3821 5051">
    <p class='ocr_par' dir='ltr' id='par_1_106' title="bbox 2231 4962 3821 5051">
     <span class='ocr_line' id='line_1_106' title="bbox 2231 4962 3821 5051; baseline -0.003 -23"><span class='ocrx_word' id='word_1_843' title='bbox 2231 4975 2531 5051; x_wconf 88' lang='grc' dir='ltr'>τρέφοντος</span> <span class='ocrx_word' id='word_1_844' title='bbox 2601 4974 2689 5028; x_wconf 82' lang='grc' dir='ltr'>καὶ</span> <span class='ocrx_word' id='word_1_845' title='bbox 2763 4969 3018 5045; x_wconf 72' lang='grc' dir='ltr'>αὔξοντος</span> <span class='ocrx_word' id='word_1_846' title='bbox 3073 4975 3163 5028; x_wconf 82' lang='grc' dir='ltr'>καὶ</span> <span class='ocrx_word' id='word_1_847' title='bbox 3220 4971 3542 5050; x_wconf 84' lang='grc' dir='ltr'>φωτίζοντος</span> <span class='ocrx_word' id='word_1_848' title='bbox 3589 4962 3700 5023; x_wconf 82' lang='grc' dir='ltr'>τοὺς</span> <span class='ocrx_word' id='word_1_849' title='bbox 3743 4978 3821 5024; x_wconf 77' lang='grc' dir='ltr'>νη-</span> 
     </span>
    </p>
   </div>
   <div class='ocr_carea' id='block_1_107' title="bbox 2233 5047 3822 5137">
    <p class='ocr_par' dir='ltr' id='par_1_107' title="bbox 2233 5047 3822 5137">
     <span class='ocr_line' id='line_1_107' title="bbox 2233 5047 3822 5137; baseline -0.01 -19"><span class='ocrx_word' id='word_1_850' title='bbox 2233 5047 2418 5124; x_wconf 84' lang='grc' dir='ltr'>πίους.</span> <span class='ocrx_word' id='word_1_851' title='bbox 2452 5064 2702 5119; x_wconf 84' lang='grc' dir='ltr'>Τοσαῦτα</span> <span class='ocrx_word' id='word_1_852' title='bbox 2730 5061 2856 5137; x_wconf 86' lang='grc' dir='ltr'>περὶ</span> <span class='ocrx_word' id='word_1_853' title='bbox 2883 5061 3153 5136; x_wconf 86' lang='grc' dir='ltr'>γάλακτος</span> <span class='ocrx_word' id='word_1_854' title='bbox 3180 5047 3272 5117; x_wconf 87' lang='grc' dir='ltr'>καὶ</span> <span class='ocrx_word' id='word_1_855' title='bbox 3326 5067 3428 5129; x_wconf 88' lang='grc' dir='ltr'>τῆς</span> <span class='ocrx_word' id='word_1_856' title='bbox 3455 5056 3635 5112; x_wconf 85' lang='grc' dir='ltr'>τούτου</span> <span class='ocrx_word' id='word_1_857' title='bbox 3677 5047 3822 5112; x_wconf 83' lang='grc' dir='ltr'>ἀλλη-</span> 
     </span>
    </p>
   </div>
   <div class='ocr_carea' id='block_1_108' title="bbox 2233 5152 2451 5229">
    <p class='ocr_par' dir='ltr' id='par_1_108' title="bbox 2233 5152 2451 5229">
     <span class='ocr_line' id='line_1_108' title="bbox 2233 5152 2451 5229; baseline 0.014 -22"><span class='ocrx_word' id='word_1_858' title='bbox 2233 5152 2451 5229; x_wconf 87' lang='grc' dir='ltr'>γορίας.</span> 
     </span>
    </p>
   </div>
  </div>
