3978 6200
135 274 218 327 801

136 393 420 455 Xenocratis
449 396 835 464 septemnon
883 390 1074 448 solum
1105 391 1396 464 planetas,
1427 394 1528 448 sed
1563 398 1723 448 octa-
1752 396 1806 462 Α

135 485 247 524 vum
269 463 577 538 quemdam,
613 463 828 538 scilicet
860 463 1366 538 mundum,cujus
1397 469 1591 538 tamen
1620 481 1723 538 no-

138 557 242 596 men
283 536 574 600 reticebat,
655 536 711 589 in
771 536 1014 590 deorum
1073 537 1335 591 ordinem
1395 537 1722 591 referentis.

136 612 341 667 Posthac
364 624 495 662 vero
522 606 768 671 Stoicos,
805 607 985 662 Deum
1019 609 1219 662 omnia
1249 608 1509 674 omnino,
1545 608 1722 662 etiam

134 683 363 738 vilissima
398 695 645 748 queque
700 680 1010 749 pervadere
1059 681 1410 734 arbitrantes
1457 680 1726 734 exsibilat

134 764 175 809 et
198 751 436 823 explodit.
461 753 833 823 Aristotelem
866 767 1036 820 porro
1070 768 1273 819 parum
1309 751 1420 805 sibi
1455 759 1724 806 constare

135 820 554 896 probat;quippe
590 820 688 891 qui
724 821 969 889 hujusce
999 824 1203 876 mundi
1237 823 1721 896 animam.Deum

133 895 281 967 ipsum
313 899 382 946 ita
413 909 537 967 esse
568 897 965 967 contenderet,
999 900 1062 967 ut
1109 895 1263 948 intra
1301 895 1534 967 lunaris
1566 895 1724 948 orbis

132 964 356 1022 terminos
388 964 750 1034 providentia
783 964 939 1018 illius
972 964 1574 1020 circumscriberetur.
1609 971 1719 1020 Ne-

131 1056 212 1109 que
235 1039 498 1109 veriorem
523 1036 939 1109 TheOphrasti,
958 1037 1267 1104 ipsiusmet
1291 1037 1618 1091 Aristotelis
1639 1038 1722 1090 fa-

133 1107 346 1171 miliaris,
373 1107 552 1160 Deum
585 1108 800 1161 alicubi
835 1108 1067 1170 ccelum,
1103 1109 1240 1162 alibi
1284 1125 1417 1163 vero
1450 1109 1721 1178 spiritum

133 1181 404 1242 asserentis,
437 1186 637 1231 censet
676 1178 1032 1248 Opinionem.
1069 1183 1362 1234 Pustrcmo
1394 1180 1488 1234 ille
1522 1181 1724 1234 irridet

131 1259 172 1308 et
194 1251 372 1304 refellit
403 1250 742 1319 Epicurum,
781 1250 878 1319 qui
915 1255 1091 1304 Deum
1126 1268 1217 1306 res
1250 1251 1540 1306 humanas
1572 1269 1722 1306 curae

132 1324 219 1378 ullo
247 1321 397 1376 modo
429 1322 647 1375 habere
683 1323 979 1390 praefracte
1007 1323 1402 1376 inliciabatur.

181 1395 401 1463 Explosis
431 1393 633 1462 itaque
661 1392 755 1447 his
787 1395 1064 1448 omnibus
1123 1395 1286 1448 falsis
1333 1393 1724 1462 tutilibusque

130 1464 548 1535 philosophorum
581 1465 913 1527 sententiis,
945 1466 1013 1519 ad
1047 1465 1192 1520 alios
1222 1467 1458 1529 transit,
1491 1465 1588 1531 qui
1624 1481 1722 1518 ve-

130 1538 246 1591 riora
293 1535 355 1590 de
384 1540 522 1608 Deo
573 1543 917 1602 senserunt,
950 1537 1454 1608 tradideruntque.
1494 1535 1724 1589 Primus

131 1614 279 1661 autem
299 1623 359 1661 ex
380 1607 447 1661 iis
469 1606 759 1661 Clementi
797 1613 993 1661 nostro
1019 1624 1144 1662 sese
1167 1606 1383 1663 obtulit
1403 1607 1560 1663 Plato
1591 1608 1656 1674 ’5,
1692 1624 1725 1661 a

131 1695 212 1749 quo
230 1678 438 1750 quidem
467 1679 742 1747 quamvis
759 1678 914 1732 baud
934 1680 1180 1734 obscure
1198 1681 1428 1734 dicatur
1451 1686 1722 1734 naturam

133 1752 466 1823 divinamnon
493 1765 671 1823 posse
705 1750 1146 1823 abhominihus
1197 1751 1518 1823 explicari,
1553 1755 1727 1822 negat

134 1829 275 1875 tamen
305 1822 448 1874 idem
479 1822 750 1893 Clemens
780 1821 923 1890 ipsis
951 1823 1021 1876 ab
1058 1824 1216 1877 illius
1257 1821 1642 1893 inquisitione
1672 1828 1731 1876 et

134 1892 514 1963 investigatione
565 1892 788 1946 idcirco
834 1909 961 1947 csse
1013 1892 1438 1949 desistendum.
1491 1894 1727 1947 Cunctis

135 1965 246 2036 enim
268 1981 402 2032 vero,
425 1980 488 2017 ac
511 1963 590 2018 iis
615 1963 1010 2036 potissimum,
1033 1967 1130 2036 qui
1166 1965 1224 2020 in
1261 1966 1529 2020 doctrina
1547 1971 1604 2018 et
1627 1965 1726 2018 lit-

138 2035 559 2102 terisversantur,
588 2036 733 2090 adeo
758 2035 997 2089 insitum
1018 2035 1107 2091 est
1130 2038 1425 2106 quoddam
1459 2036 1731 2089 Divinita-

138 2109 187 2159 tis
205 2107 568 2171 eltluvium,ut
591 2122 800 2161 omnes
820 2106 998 2162 Deum
1028 2125 1204 2161 unum
1240 2125 1368 2163 esse
1398 2107 1727 2178 ingenitum

143 2183 182 2229 et
203 2178 582 2245 immortalem,
606 2178 788 2232 velint
821 2179 1024 2243 nolint,
1054 2181 1343 2234 fateantur
1378 2196 1611 2234 necesse
1631 2179 1724 2232 sit.

141 2250 189 2301 At
209 2247 322 2301 illud
353 2253 608 2320 profecto
641 2255 846 2322 auctor
871 2257 1067 2304 noster
1117 2252 1368 2305 maxime
1418 2251 1726 2322 approbat,

143 2321 253 2393 quod
286 2321 348 2373 ab
393 2322 600 2375 eodem
651 2320 892 2375 Platone
938 2323 1216 2376 traditum
1271 2320 1512 2393 legitur,
1548 2322 1727 2376 Deum

140 2390 341 2463 omnium
375 2408 563 2446 rerum
602 2407 733 2446 esse
765 2409 977 2463 regem,
1007 2411 1243 2447 causam
1278 2390 1337 2448 et
1369 2409 1727 2462 mensuram;

141 2463 210 2536 sed
237 2462 367 2536 hunc
398 2464 885 2533 philosOphoruin
923 2467 1086 2518 facile
1119 2465 1444 2536 principem
1464 2482 1496 2518 a
1518 2465 1726 2536 barba-

139 2533 196 2585 ris
215 2535 456 2588 scientias
492 2536 790 2588 humanas
815 2533 1329 2604 quemadmodum
1350 2552 1514 2590 veras
1545 2535 1727 2605 leges,

139 2619 385 2677 veramque
406 2608 472 2659 de
499 2611 621 2660 Deo
654 2608 1044 2677 cognitionem
1070 2609 1139 2660 ali
1167 2608 1416 2662 llebrzeis
1435 2610 1730 2676 accepisse

141 2675 312 2748 nullum
343 2677 430 2731 ille
464 2683 640 2748 putat
668 2675 799 2732 esse
821 2679 1126 2732 dubitandi
1150 2679 1338 2734 locum
1363 2675 1641 2748 ’7.Neque
1664 2695 1732 2732 ex

141 2746 221 2799 alio
260 2748 414 2813 fonte,
462 2746 577 2802 nisi
635 2764 703 2802 ex
751 2751 883 2812 isto,
935 2756 1036 2802 aut
1087 2767 1153 2805 ex
1200 2750 1392 2804 divino
1444 2746 1726 2804 instinctu

142 2817 455 2892 haustumid
504 2826 733 2892 censet,
767 2822 920 2892 quod
971 2821 1056 2875 vel
1108 2822 1482 2876 Antisthenes
1529 2822 1732 2876 docuit

147 2888 275 2963 Deum
305 2890 432 2944 nulli
468 2891 722 2945 similem
742 2888 1083 2963 eximagine
1115 2893 1351 2963 agnosci
1387 2910 1498 2947 non
1535 2909 1727 2963 posse;

142 2961 202 3012 vel
227 2963 352 3029 quod
378 2963 707 3035 Xenophon
734 2961 972 3033 scripsit
993 2961 1240 3031 Deum,a
1261 2981 1376 3035 quo
1398 2961 1597 3019 omnia
1616 2981 1732 3019 mo-

143 3037 297 3106 rentur
325 3033 395 3087 vel
427 3035 1100 3106 consistunttmagnum
1147 3043 1203 3091 et
1253 3033 1544 3106 potentem
1580 3053 1728 3101 esse,

145 3103 212 3178 sed
237 3106 536 3178 quaforma
573 3106 673 3175 sit,
700 3105 842 3160 nulli
869 3103 1202 3177 cognitum;
1228 3103 1312 3161 vel
1346 3109 1498 3178 quod
1527 3107 1728 3162 Clean-

144 3171 234 3226 thes
255 3171 459 3230 Stoicus
486 3178 526 3210 ³⁸
552 3171 760 3246 paucis
810 3171 1170 3232 carminibus
1190 3171 1393 3233 'veram
1432 3179 1529 3232 Dei
1562 3184 1732 3233 natu-

147 3259 233 3331 rain
262 3247 565 3331 luculenter
596 3250 929 3331 expressit;
962 3250 1049 3331 vel
1079 3252 1232 3331 quod
1271 3250 1604 3331 Pythagorae
1647 3267 1738 3331 se:

147 3320 341 3372 statores
387 3319 575 3389 palam
635 3322 1028 3388 tradiderunt,
1079 3321 1260 3376 Deum
1313 3319 1394 3375 ita
1445 3319 1629 3376 unum
1681 3326 1740 3375 et

1763 1782 1808 1845 Β

1766 3148 1808 3215 C

149 3401 322 3458 semper
364 3406 500 3456 esse,
538 3397 602 3446 ut
634 3397 799 3446 totus
831 3391 906 3445 sit
939 3393 994 3446 in
1031 3397 1150 3448 toto
1197 3395 1439 3460 mundo,
1472 3393 1739 3448 omnium

149 3464 334 3530 creator,
364 3468 538 3530 pater,
575 3480 768 3530 mens,
804 3463 1109 3528 animatio,
1145 3469 1202 3518 et
1233 3469 1450 3518 motus.

191 3529 309 3606 Quid
331 3529 450 3586 vero
474 3535 628 3603 quod
667 3529 780 3588 non
816 3535 989 3590 modo
1023 3534 1427 3606 philosOpbos,
1458 3535 1554 3589 sed
1577 3534 1738 3603 ipsos

149 3605 274 3654 etiam
299 3611 496 3678 poetas,
523 3606 636 3659 etsi
670 3607 727 3658 in
752 3606 965 3661 fabulis
991 3605 1274 3678 falsisque
1300 3607 1738 3660 narrationibus

150 3675 387 3749 cantaridis
418 3678 530 3731 fere
557 3693 798 3749 semper
829 3675 1506 3749 occupatos—aliquando
1539 3685 1733 3731 tamen

149 3745 322 3818 verade
353 3752 452 3801 Deo
476 3745 762 3803 cecinisse
785 3745 1088 3818 perspicue
1107 3745 1512 3804 demonstrat?
1533 3750 1738 3804 Testes

151 3814 306 3892 etenim
329 3820 554 3874 Aratum
585 3814 1023 3892 Hesiodumque
1048 3822 1189 3876 citat
1212 3821 1393 3892 ",qui
1421 3825 1597 3874 Deum
1625 3822 1735 3874 im-

154 3891 361 3949 periosno
372 3906 458 3945 om
471 3893 563 3945 nia
578 3891 884 3946 continere
900 3892 1200 3946 affirmant
1227 3891 1324 3947 Dei
1337 3892 1447 3946 nde
1461 3909 1595 3946 vero
1613 3909 1675 3945 ru
1687 3907 1738 3946 r-

153 3969 244 4009 sum
264 3957 467 4035 Hesiodi
494 3969 672 4034 atque
697 3963 871 4017 etiam
901 3963 1206 4034 Sophoclis
1237 3970 1292 4018 et
1322 3963 1534 4035 Orphei
1566 3963 1738 4017 refert

154 4031 662 4105 carmina‘3°,quib‘us
685 4051 869 4088 unum
896 4031 1179 4090 duntaxat
1214 4031 1738 4105 Deum—solumque

153 4102 575 4176 immorta‘lem,ac
610 4122 809 4160 rerum
843 4106 1106 4161 omnium
1143 4108 1501 4162 conditorem
1541 4102 1738 4176 aperte

158 4174 562 4246 pronuntiarunt.
598 4178 724 4232 Huc
755 4178 930 4233 etiam
961 4184 1124 4234 vocat
1153 4174 1739 4245 Menandrum,Euri-

162 4243 302 4317 pidem
330 4252 378 4299 et
408 4251 720 4303 Homerum
743 4249 923 4317 ",qui
958 4251 1224 4304 versibus
1265 4251 1388 4304 suis
1430 4243 1568 4304 deos
1605 4249 1736 4302 irri-

154 4309 260 4376 dere,
289 4332 376 4389 nec
407 4319 532 4374 sine
567 4309 810 4389 probris
849 4309 903 4374 et
952 4321 1281 4376 maledictis
1333 4320 1642 4376 exsibilarc
1684 4324 1741 4374 et

161 4387 445 4448 proscribere
471 4387 718 4446 minime
741 4392 904 4447 veriti
937 4399 1096 4448 sunt.

201 4456 406 4534 Posthac
437 4470 627 4517 autem
663 4469 865 4518 contra
898 4481 1153 4534 paganos
1185 4463 1381 4517 divina
1412 4461 1637 4516 Veteris
1671 4478 1735 4516 ac

154 4524 248 4604 Novi
271 4532 420 4586 etiam
452 4535 813 4589 Testamenti
847 4522 1192 4590 auctoritate
1227 4534 1728 4604 pugnat,manife-
1766 4522 1811 4585 D

156 4599 359 4676 δξρωειυθ
389 4604 519 4676 facit
550 4623 750 4661 sacros
779 4605 940 4660 illius
972 4599 1482 4672 auctores,sancto
1513 4605 1728 4676 Spiritu

155 4665 337 4730 amatos.
367 4675 477 4730 ullo
522 4677 744 4749 absque
793 4679 1101 4732 verborum
1157 4665 1305 4744 fuco,
1342 4665 1623 4749 apparatu
1653 4681 1730 4749 iet

157 4750 424 4820 ornamento
455 4764 596 4820 verse
630 4766 742 4803 non
779 4751 948 4804 modo
982 4748 1506 4820 religionisjecisse
1529 4748 1732 4802 funda-

159 4818 313 4876 menta,
343 4820 432 4871 sed
468 4819 734 4874 homines
783 4821 956 4876 etiam
1005 4840 1035 4875 a
1084 4818 1241 4874 vitiis
1293 4818 1350 4874 et
1397 4819 1732 4874 idololatria

159 4892 382 4950 avocasse,
411 4905 623 4960 eosque
655 4893 876 4947 sanctis
906 4894 1188 4948 imbuisse
1221 4892 1347 4946 vita;
1387 4907 1733 4957 morumque

159 4960 394 5034 gféteeptis
416 4967 470 5014 et
500 4963 810 5018 institutis.
839 4964 997 5028 Quod
1034 4965 1269 5034 quidem
1323 4963 1394 5018 ab
1442 4979 1507 5017 eo
1558 4964 1735 5016 variis

157 5022 340 5107 ξέδὶξῖξᾲξ.
369 5031 647 5107 Jcremize,
684 5022 876 5100 Isaiae,
901 5022 1134 5106 Μογέἰε,
1162 5042 1356 5092 Amos.
1383 5034 1730 5107 Salomonis,

159 5087 346 5177 Davidis,
369 5109 533 5175 atque
556 5087 726 5160 etiam
763 5087 1018 5177 Apostoli
1053 5087 1410 5162 testimoniis
1433 5106 1644 5160 mirum
1673 5087 1728 5157 iri

161 5167 335 5248 {modum
378 5167 650 5243 probatur
695 5179 760 5230 ³².
795 5167 970 5232 Addit
1020 5194 1081 5233 se
1126 5179 1318 5232 adhuc
1367 5194 1560 5248 posse,
1588 5177 1734 5230 alios

160 5246 424 5319 mihimet-os
439 5249 724 5314 conjicere
740 5251 1076 5304 earumdem
1091 5249 1210 5304 Scri
1223 5257 1320 5319 ptu
1334 5246 1463 5303 raro
1477 5266 1530 5302 m
1554 5247 1732 5312 locos,

160 5310 319 5391 fluibus
350 5317 486 5391 Deus
519 5310 784 5374 homines
836 5321 905 5375 ad
961 5323 1173 5391 impios
1210 5310 1450 5375 deorum
1487 5310 1734 5373 idololo?

161 5389 556 5461 ilfmquecultus
589 5392 932 5458 rejiciendos
951 5397 1006 5446 et
1024 5389 1214 5447 veram
1251 5391 1591 5461 religionem
1615 5407 1736 5445 am-

163 5446 450 5532 Piefltendam
479 5446 725 5516 mirabili
757 5446 1112 5532 benignitate
1131 5446 1426 5530 admene't,
1447 5463 1736 5528 obsecrat,

160 5527 305 5590 instat,
330 5537 499 5601 urget,
525 5535 868 5590 obtestatur.
891 5527 1043 5590 Tum
1067 5536 1279 5590 deinde
1312 5527 1517 5590 auctor
1539 5527 1738 5589 noster

1190 270 1290 323 DE
1323 267 1882 327 ωΗΟΕΤΔΤῙΟΝΕ
1921 272 2018 324 ΔΙ)
2056 271 2361 327 GBNTES.

3384 278 3492 333 802

1837 409 2095 466 paganos
2130 395 2336 450 merito
2368 394 2585 466 arguit,
2619 396 2770 465 quod
2808 397 3287 455 amantissimum
3322 401 3490 459 illum

1835 471 2082 536 patrem,
2119 466 2219 537 qui
2253 483 2488 520 summa
2520 483 2762 537 prorsus
2789 474 2846 522 et
2877 469 3205 525 incredibili
3235 472 3493 529 bonitate

1835 543 2179 613 eos__aaterna
2216 537 2486 592 felicitate
2516 539 2697 608 gratis
2747 544 2803 592 et
2855 541 2966 594 cito
3020 544 3190 596 beare
3239 543 3488 613 volebat,

1835 609 2036 662 audire
2069 611 2475 674 detrectantes,
2510 625 2637 664 sese
2663 615 2872 680 sponte
2921 629 3030 666 sua
3078 615 3136 668 in
3190 609 3485 672 infernum

1836 680 2159 750 praecipites
2192 681 2428 734 dabant.

1908 749 2123 805 Vanam
2159 752 2410 805 subinde
2438 750 2482 783 ³³
2514 755 2571 804 et
2604 749 2868 805 frivolam
2917 768 3120 807 eorum
3149 757 3361 810 evertit
3393 773 3482 812 re-

1834 822 2350 892 sponsionem,qui
2375 822 2644 876 traditam
2665 840 2698 875 a
2719 824 2984 890 patribus
3017 825 3141 878 suis
3173 834 3486 882 consuetu-

1833 895 2029 948 dinem
2061 895 2527 949 labefactandam
2560 910 2688 948 esse
2713 897 3280 963 negabant.Quantai
3305 901 3487 967 enim,

1834 966 1986 1020 Deus
2017 967 2187 1032 bone,
2221 967 2276 1018 in
2311 967 2580 1028 diversis,
2607 967 2818 1033 inquit,
2843 967 2972 1020 vitae
3002 968 3275 1022 humanae
3306 966 3489 1024 aetati?

1838 1041 1944 1112 bus
1978 1037 2127 1112 fiunt
2159 1036 2636 1112 immutationes!
2671 1037 2784 1089 Cur
2801 1042 3298 1112 ergo,pergitille,
3323 1043 3488 1112 impii

1833 1107 2104 1163 homines
2136 1125 2168 1162 a
2201 1109 2358 1162 vitiis
2407 1109 2474 1161 ad
2532 1109 2824 1177 pietatem,
2854 1107 2888 1161 εἰ
2929 1107 3149 1164 nefario
3200 1107 3488 1166 idolorum

1834 1180 1994 1234 cultu
2027 1183 2095 1234 ad
2127 1195 2325 1234 veram
2371 1179 2734 1249 religionem,
2771 1182 2898 1232 sine
2931 1198 3045 1251 qua
3077 1181 3275 1236 nullus
3327 1190 3490 1238 ater-

1835 1268 1971 1305 nam
2033 1251 2281 1305 salutem
2336 1251 2613 1320 consequi
2668 1251 2899 1320 poterit,
2934 1255 3206 1306 accedere
3259 1271 3493 1309 recusa-

1837 1321 2029 1376 bunt‘?
2061 1327 2132 1377 Et
2164 1321 2219 1374 id
2251 1322 2488 1391 quidem
2529 1327 2605 1393 ut
2652 1322 2895 1391 paganis
2945 1324 3174 1379 facilius
3224 1327 3491 1393 suadeat,

1835 1395 2091 1448 ostendit
2135 1409 2335 1447 eorum
2389 1392 2778 1463 presbyteros,
2811 1395 2854 1448 5
2891 1395 3128 1450 sordida
3175 1403 3332 1450 veste
3381 1392 3496 1452 diis

1836 1465 2256 1537 sacrificantes,
2291 1465 2473 1518 videri
2494 1464 2650 1537 deos
2684 1464 2879 1537 potius
2912 1464 3131 1536 lugere,
3167 1484 3343 1537 quam
3391 1485 3492 1523 co-

1836 1536 1986 1609 lere;
2011 1541 2066 1589 et
2086 1535 2318 1609 illorum
2345 1534 2612 1606 sepulcra
2633 1534 2830 1606 pctius
2858 1534 3119 1592 indicare
3143 1534 3320 1609 quam
3345 1545 3495 1594 tem-

1838 1608 1946 1681 pla
1968 1608 2252 1681 venerari.
2277 1610 2641 1681 Quapropter
2669 1608 2902 1681 eosdem
2939 1608 3189 1679 gentiles
3215 1616 3278 1664 ut
3302 1613 3498 1681 priora

1837 1679 2054 1760 delicta
2103 1677 2436 1760 paenitendo
2485 1679 2780 1759 corrigant
2825 1679 2891 1743 ³⁸,
2923 1677 2979 1760 et
3031 1681 3102 1760 ad
3149 1677 3496 1760 Dei_conl'u-

1838 1752 2003 1824 gian‘t
2039 1749 2527 1824 misericordiam,
2548 1765 2660 1803 non
2689 1749 2814 1802 sine
2837 1749 3192 1820 quibusdam
3226 1752 3501 1824 eloquen-

1838 1820 1928 1894 tia:
1962 1821 2226 1875 flosculis
2257 1820 2470 1894 iterum
2506 1827 2803 1891 provocat,
2838 1826 3140 1892 Deumque
3172 1820 3367 1894 ipsum
3401 1841 3500 1879 eos

1838 1893 2264 1962 alloquentem,
2296 1891 2729 1958 hortantem,et
2760 1896 2987 1947 aeterna:
3021 1891 3315 1949 felicitatis
3348 1898 3501 1951 bona

1839 1964 1923 2018 eis
1959 1963 2330 2034 pollicentem
2362 1963 2427 2032 ³⁸,
2453 1964 2606 2018 haud
2631 1962 3000 2033 ineleganter
3021 1965 3501 2022 inducit.Auctor

1841 2038 2123 2118 itaqueet
2153 2036 2478 2118 suasorei‘s
2509 2041 2616 2116 est,
2638 2040 2702 2089 ut
2725 2035 2887 2089 nulla
2920 2038 3266 2118 interposita
3293 2038 3498 2094 incon-

1840 2107 2103 2161 sideratte
2165 2105 2616 2161 consultationis
2672 2105 3230 2176 procrastinatione,
3272 2127 3494 2164 morem

1839 2178 1922 2232 illi
1955 2181 2199 2248 gerant;
2235 2193 2339 2230 nec
2371 2178 2608 2230 audiant
2643 2177 2898 2248 amplius
2946 2180 3196 2236 factores
3246 2181 3496 2236 simula-

1840 2265 2092 2316 crorum,
2124 2254 2180 2301 et
2213 2248 2488 2320 lapidum
2541 2249 2897 2318 adoratores,
2931 2254 3030 2320 qui
3098 2252 3494 2307 Alexandrum

1841 2320 2140 2389 Magnum,
2175 2318 2439 2388 aliosque
2471 2320 2739 2374 homines
2781 2321 2837 2374 in
2889 2318 3129 2377 deorum
3183 2341 3494 2378 numerum

1841 2398 2055 2445 referre
2087 2391 2213 2445 ausi
2269 2397 2426 2445 sunt.
2463 2390 2577 2446 Hos
2627 2391 2784 2444 enim
2834 2395 3084 2448 artitices
3134 2401 3190 2448 et
3240 2398 3495 2452 cultores

1840 2463 2289 2536 simulacrorum
2325 2462 2828 2536 iniquissiinos,et
2851 2464 3114 2536 daemone
3146 2466 3272 2536 ipso
3305 2468 3496 2520 infeli-

1842 2535 2025 2589 ciorcs
2071 2550 2198 2588 esse
2257 2534 2531 2588 ostendit.
2577 2533 2750 2587 Nulla
2799 2535 3092 2589 enimvero
3142 2533 3495 2592 perversitas

1843 2610 2032 2677 potest
2078 2621 2216 2677 esse
2258 2607 2462 2676 major,
2497 2621 2672 2677 quam
2706 2622 2906 2660 eorum
2943 2606 3043 2677 qui
3077 2606 3278 2662 colunt
3311 2607 3490 2677 idola,

1840 2676 2070 2746 quando
2122 2676 2359 2749 quidem
2413 2676 2623 2749 nullus
2661 2678 2864 2749 artifex
2892 2676 3180 2748 3°,ineque
3228 2676 3489 2749 Phidias,

1842 2765 2030 2824 neque
2065 2747 2316 2824 Apelles,
2347 2747 2705 2824 nequeullus
2725 2747 3491 2824 aliusspiran’temunquam

1841 2819 2158 2890 imaginem
2195 2819 2281 2872 vel
2317 2825 2573 2872 statuam
2610 2819 2828 2874 fecerit.
2865 2819 2938 2874 At
2966 2838 3098 2876 cum
3133 2819 3496 2878 solum'Ver-

1840 2891 1978 2966 bum
2015 2890 2522 2966 divinu_m,_Filius
2547 2891 2669 2966 Dei,
2694 2897 2905 2966 et_vera
2936 2893 3032 2946 Dei
3070 2893 3497 2966 Patrisimago,

1839 2961 2025 3034 vivam
2078 2962 2166 3015 sui
2209 2963 2267 3016 in
2306 2961 2553 3034 homine
2585 2962 2901 3033 imaginem
2957 2965 3328 3034 expresserit,
3363 2961 3497 3020 hinc

1841 3033 2036 3106 arguit
2066 3049 2199 3086 eum
2234 3032 2422 3106 solum
2451 3032 3213 3106 adorandum,pravanique
3234 3037 3386 3092 idola
3405 3055 3506 3091 co-

1849 3104 2006 3179 lendi
2037 3112 2091 3158 et
2123 3105 2404 3179 adorandi
2455 3107 2937 3179 consuetudinem
2990 3104 3175 3162 sacris
3223 3109 3505 3179 baptismi

1853 3177 2026 3252 undis
2058 3191 2193 3252 esse
2215 3175 2634 3252 sepeliendam.
2668 3177 2820 3252 Etid
2846 3178 3092 3252 quidem
3149 3175 3358 3252 pagani
3387 3182 3503 3236 nisi

1847 3249 1963 3304 cito
1998 3247 2304 3317 perﬁciant
2335 3248 2399 3309 ³⁷,
2434 3263 2498 3300 ac
2531 3249 2684 3302 sicut
2723 3248 2990 3302 Ninivitae
3043 3247 3323 3306 anteactae
3367 3253 3501 3306 vitae

1849 3319 2267 3387 pmniteant,eo
2293 3320 2490 3372 minus
2520 3320 2686 3373 venia
2719 3321 2878 3390 digni
2912 3327 3236 3391 erunt,quo
3269 3322 3502 3378 facilius

1849 3395 2171 3466 potuerunt
2196 3397 2252 3443 et
2287 3391 2469 3466 Deum
2503 3407 2874 3460 cognoscere,
2909 3398 3211 3466 et‘veram
3267 3395 3502 3466 religio-

1850 3479 1980 3516 nem
2017 3461 2357 3532 amplexari.
2395 3462 2676 3524 Quocirca
2708 3479 2806 3516 eos
2837 3462 3038 3517 sedulo
3073 3471 3287 3528 mouet,
3324 3461 3409 3531 ut',
3430 3467 3502 3520 ad

1849 3536 2083 3607 saniora
2117 3533 2533 3607 redeuntes,in
2565 3533 2723 3607 idola
2755 3551 2883 3604 quae
2917 3535 3062 3588 nihil
3113 3536 3271 3591 aliud
3325 3553 3503 3607 quam

1851 3604 2074 3675 lapides
2107 3610 2268 3668 sunt,
2303 3604 2619 3659 excolenda
2651 3612 2708 3659 et
2739 3607 3036 3660 adoranda
3069 3604 3398 3677 facultates,
3421 3610 3494 3663 vi-

1847 3683 2086 3746 tamque
2120 3692 2286 3730 suam
2320 3693 2431 3730 non
2467 3677 2722 3746 amplius
2753 3677 3080 3732 insumant.

1920 3747 2092 3800 Nulla
2119 3747 2334 3821 quippe
2365 3757 2608 3802 deorum
2643 3749 2960 3802 simulacra
2986 3755 3041 3802 et
3061 3751 3505 3821 el‘ligies,neque

1847 3819 2210 3892 etia_m_area,
2247 3819 2368 3886 iris,
2402 3821 2547 3887 dies,
2583 3821 2825 3883 mensis,
2850 3837 3063 3882 annus,
3090 3827 3148 3875 et
3171 3819 3505 3892 tempus,“

1850 3889 2091 3963 proinde
2125 3907 2230 3963 nec
2252 3893 2568 3963 eaquibus
2587 3907 2786 3963 eorum
2823 3908 3103 3946 mensura
3134 3889 3415 3948 definitur
3437 3894 3504 3963 ³⁸,

1849 3961 2122 4036 nimirum
2147 3960 2465 4036 soletluna
2491 3961 2570 4015 dii
2601 3961 2719 4016 ullo
2754 3963 2988 4036 penitus
3023 3965 3194 4018 modo
3228 3965 3339 4018 dici
3368 3960 3503 4036 pos;

1848 4038 2003 4088 sunt.
2038 4032 2117 4086 Ex
2149 4033 2365 4102 quibus
2396 4032 2493 4086 ille
2526 4039 2680 4088 recte
2713 4032 2934 4105 colligit
2975 4034 3146 4105 longe
3195 4032 3500 4091 absurdio-

1849 4120 1966 4158 rem
2002 4120 2130 4177 esse
2157 4120 2359 4177 eorum
2393 4105 2752 4175 Opinionem,
2785 4107 2881 4174 qui
2914 4111 3149 4160 Pmnam
3186 4112 3243 4160 et
3271 4108 3500 4177 Suppli-

1845 4177 2026 4235 cium.
2060 4175 2361 4230 Justitiam
2398 4184 2453 4229 et
2484 4177 2780 4237 Nemesin,
2832 4177 3057 4241 Furias,
3109 4175 3366 4244 Parcas,
3396 4175 3502 4234 Fa-

1848 4255 1992 4311 tum,
2028 4247 2494 4318 Rempublicam,
2525 4248 2803 4307 Gloriam,
2838 4249 3072 4303 Plutum
3105 4266 3204 4303 seu
3240 4251 3499 4315 divitias,

1846 4319 2294 4384 Verecundiam,
2329 4326 2626 4384 Amorem,
2666 4320 2962 4386 Venerem,
3001 4321 3308 4382 Somnum,
3345 4321 3499 4375 Mor-

1847 4397 1986 4457 tem,
2025 4390 2316 4460 Enyonem
2359 4407 2459 4444 seu
2495 4391 2812 4455 Bellonam,
2849 4391 3116 4457 Martem,
3150 4393 3417 4446 Cometes
3445 4396 3502 4446 et

1850 4465 2160 4513 Fortunam
2198 4463 2336 4516 deos
2366 4477 2494 4516 esse
2525 4462 2742 4515 frustra
2773 4461 3206 4515 existimabant.
3237 4463 3413 4531 Atqui
3449 4464 3497 4516 si

1845 4532 2072 4585 nullum
2107 4548 2175 4586 ex
2209 4533 2312 4591 eis,
2335 4533 2523 4598 inquit
2553 4533 3049 4602 Clemens,neque
3083 4533 3202 4587 ulla
3234 4533 3424 4595 imago
3443 4539 3500 4588 et

1844 4609 2041 4658 statua
2062 4603 2137 4656 sit
2161 4608 2330 4669 Deus,
2355 4609 2409 4656 et
2429 4605 2692 4675 quaedam
2719 4609 2913 4657 tamen
2942 4604 2998 4656 in
3037 4621 3139 4657 nos
3171 4603 3368 4658 divina
3400 4621 3500 4675 po-

1844 4675 2024 4729 tentia
2055 4679 2349 4737 cernatur,
2382 4675 2518 4743 quid
2557 4674 2712 4727 aliud
2748 4679 3038 4743 superest,
3072 4674 3183 4728 nisi
3219 4682 3281 4729 ut
3314 4674 3498 4730 unum

1840 4762 2044 4800 verum
2075 4750 2130 4800 et
2155 4745 2342 4799 solum
2377 4762 2504 4799 esse
2536 4745 2718 4798 Deum
2746 4745 3174 4818 confiteamur?
3204 4748 3344 4802 Orat
3364 4764 3502 4818 ergo

1845 4824 1906 4871 ut
1940 4817 2169 4883 pagani.
2204 4834 2235 4870 a
2265 4833 2470 4871 somno
2510 4818 2745 4870 tandem
2799 4817 3049 4882 excitati,
3083 4817 3241 4873 hunc
3296 4824 3502 4886 Deum,

1843 4889 2016 4943 idolis
2039 4888 2282 4957 aliisque
2304 4889 2454 4943 lictis
2470 4889 2814 4943 numinibus
2832 4890 3503 4962 repudiatis,aliquaiido

1843 4965 2220 5030 cognoscant.

1919 5029 2079 5085 llunc
2116 5046 2281 5099 porro
2318 5030 2522 5093 Deum,
2549 5029 2793 5083 minime
2816 5035 3011 5084 autem
3052 5035 3138 5084 tot
3169 5033 3501 5086 daemonum

1844 5103 1899 5155 in
1937 5107 2088 5157 terra
2123 5102 2513 5154 lmhifintium
2549 5101 2864 5172 myriades.
2889 5103 3073 5156 totius
3099 5109 3387 5159 terrarum
3419 5121 3504 5159 or-

1844 5175 1934 5227 bis
1969 5175 2274 5246 dominum
2327 5190 2456 5227 esse
2508 5173 2894 5246 demonstrat.
2930 5175 3210 5229 Homines
3242 5175 3442 5246 itaque
3475 5193 3506 5229 a

1849 5252 1958 5300 er
1993 5244 2170 5299 creati
2196 5245 2259 5310 3°,
2296 5261 2427 5298 cum
2461 5249 2627 5299 terra:
2663 5245 2954 5299 fructibus
3005 5247 3286 5301 continuo
3336 5244 3505 5300 alan-

1846 5323 1962 5381 tur,
1999 5322 2082 5370 tot
2113 5323 2261 5371 certe
2291 5317 2585 5380 tantisque
2631 5317 2758 5384 ejus
2813 5316 3113 5371 beneficiis
3163 5318 3376 5382 affecti,
3411 5319 3508 5370 de-

1846 5389 1986 5443 bent
2007 5405 2206 5442 eorum
2233 5404 2549 5458 agnoscere
2574 5389 3006 5442 auctorem.Sed
3029 5388 3508 5458 pagani,illorum

1849 5477 2088 5529 prorsus
2121 5461 2522 5525 immemores,
2548 5467 2603 5513 et
2633 5459 2784 5513 sicut
2811 5459 2992 5513 Niobe
3029 5459 3313 5528 Lothique
3344 5476 3507 5525 uxor,

1849 5531 2041 5585 omnis
2075 5548 2286 5586 sensus
2327 5535 2614 5602 expertes,
2644 5531 2825 5600 impio
2860 5547 2971 5584 non
3007 5530 3196 5584 solum
3233 5532 3393 5584 cultu
3431 5534 3509 5584 fo-

167 5735 530 5827 Ηῗρᾶςξζὰὃίι
584 5751 625 5785 ³⁷
666 5768 794 5827 pag.
856 5753 942 5807 4'16.
1022 5753 1068 5788 ³³
1119 5768 1252 5827 pag.
1304 5752 1414 5827 47,Δ
1475 5750 1702 5827 ’9__pag.

1924 5748 1971 5827 ξιξ
2013 5763 2149 5818 βας.
2183 5746 2292 5827 £9.
2349 5746 2411 5827 :1
2465 5745 2864 5827 pag.“50.u~"2
2912 5761 3067 5827 pag._
3093 5744 3184 5799 5l.
3237 5749 3296 5798 et
3343 5759 3509 5815 seqq.

168 5819 194 5834 "
221 5824 320 5882 Pas.
348 5817 425 5874 57.
495 5821 538 5853 ⁸⁵
568 5817 692 5895 ρειρξ.
725 5817 794 5877 58
824 5830 880 5879 et
910 5841 1032 5897 seq.
1112 5817 1156 5858 δ’
1190 5817 1321 5897 pag.
1355 5824 1446 5878 61.
1524 5817 1727 5894 36ipa’g.

1928 5821 1971 5853 37
2007 5817 2140 5890 pag.
2175 5820 2268 5871 63,
2349 5818 2392 5852 ³⁸
2423 5834 2555 5887 pag.
2589 5819 2679 5870 64.
2761 5817 2805 5850 ³9
2834 5833 2966 5885 pag.
3001 5817 3090 5868 65.
