3978 6200
204 182 311 241 821

1373 192 1470 245 DE
1508 193 1772 246 TRIBUS
1808 192 2194 248 PEDAGOGI
2235 194 2486 246 LIBRIS.

3537 187 3644 243 822

203 309 479 386 explicat,
515 310 1058 386 spiniseoronatus
1090 312 1284 381 fuerit,
1336 331 1451 369 non
1512 315 1676 370 decet
1745 317 1873 386 ejus
1912 319 1961 382 Α
1997 315 2211 372 idcirco
2235 313 3187 385 eastantumquaesimplicessunt
3204 318 3638 385 etcommunes,

207 383 571 456 discipulum
600 385 846 440 ﬂoribus
879 387 1163 439 coronari.
1198 389 1429 440 Fatetur
1449 387 1687 456 quidem
1722 383 1870 442 non-

206 455 392 522 nulla,
425 472 556 525 quas
592 461 876 524 recenset,
912 457 1133 512 homini
1169 458 1335 513 utilia
1371 475 1438 512 ex
1471 455 1722 514 tioribus
1767 478 1874 514 un-

202 535 421 600 guenta
453 529 774 598 componi;
809 535 868 582 at
901 532 1038 600 quia
1070 536 1266 584 tamen
1298 530 1655 586 Christianio
1680 533 1749 586 ad
1782 550 1876 586 ne-

202 601 649 665 necessitatem,
685 616 986 671 nunquam
1035 619 1166 656 vero
1198 603 1267 656 ad
1303 603 1750 658 delectationem
1785 604 1871 660 fas

199 677 284 726 est
307 672 380 725 iis
416 671 531 736 uti,
563 672 704 727 hinc
737 689 1087 728 coronarum
1123 689 1294 729 usum
1332 675 1517 730 eidem
1551 676 1670 730 ullo
1696 677 1870 732 modo

200 743 369 797 licere
402 745 651 812 penitus
683 744 996 800 inﬁciatur.

268 813 850 888 Posthaaciedisserit
879 818 923 850 ²⁶
955 818 1248 888 quomodo
1279 816 1667 883 Christianus,
1705 836 1869 875 coena

199 893 460 959 peracta,
492 887 563 959 ad
603 904 875 942 somnum
913 887 1123 959 pravis
1172 889 1429 944 oratione
1485 907 1545 944 se
1605 893 1866 946 conferre

200 957 421 1032 debeat.
460 957 714 1014 Alectis
746 957 944 1014 autem
999 977 1232 1016 omnem
1295 961 1466 1032 plane
1525 962 1751 1029 luxum,
1811 972 1866 1018 et

199 1030 531 1097 mollitiem,
552 1038 613 1085 et
635 1031 936 1102 superﬂua
957 1036 1155 1087 omnia
1182 1035 1258 1087 ita
1283 1030 1541 1103 praecipit
1559 1037 1862 1100 removeri,

199 1107 256 1156 nt
283 1118 393 1156 sua
423 1107 667 1176 tantum
702 1103 1082 1175 simplicitate
1113 1122 1219 1159 nos
1251 1110 1321 1160 ab
1355 1111 1498 1176 aestu
1540 1123 1604 1161 ac
1655 1107 1863 1176 frigore

198 1174 587 1247 tueantur._ln
623 1175 694 1228 iis
720 1174 916 1247 autem
966 1193 1172 1232 somno
1213 1177 1292 1231 ita
1327 1174 1774 1247 indulgendum,
1801 1186 1862 1235 ut

198 1245 262 1319 ab
291 1261 357 1300 eo
405 1245 583 1319 facile
615 1246 871 1319 excitati,
906 1252 962 1302 et
993 1247 1217 1319 angelis
1266 1245 1558 1319 egregoris
1610 1250 1857 1319 similes,

199 1317 261 1392 ad
293 1317 600 1392 cauendae
631 1318 747 1373 Deo
775 1318 987 1392 laudes
1019 1317 1196 1375 noctu
1229 1317 1560 1392 surgamus.
1613 1323 1697 1376 Ad
1751 1317 1886 1378 has

191 1387 379 1465 itaque
410 1389 652 1460 vigilias
677 1395 742 1445 ut
761 1390 1085 1465 Christiani
1102 1387 1493 1465 promptiores
1518 1392 1634 1447 sint
1664 1398 1720 1448 et
1753 1411 1853 1465 pa-

190 1461 461 1536 ratiores,
498 1478 624 1536 eos,
659 1467 725 1516 ut
756 1461 1453 1536 somnumnifnmodicum
1507 1465 1731 1536 fugiant
1754 1461 1853 1520 ve-

1993 388 2214 457 colligit
2245 404 2372 442 esse
2403 387 2751 441 induendas.
2789 387 3156 441 Feminarum
3216 392 3411 440 tamen
3471 387 3637 442 inﬁr-

1986 460 2174 513 mitati
2227 459 2603 526 utconsulat,
2658 460 2926 513 concedit
2975 475 3070 512 eas
3117 457 3486 512 mollioribus
3546 462 3631 516 uti

1983 532 2264 597 vestibus,
2298 532 2617 585 dummodo
2633 531 2837 586 abillis
2858 531 3032 585 luxus
3053 529 3248 585 omnis
3271 535 3630 586 amoveatur.

1977 604 2395 658 Asseveranter
2453 607 2646 658 autem
2684 605 3026 673 pronuntiat
3068 607 3259 657 vestes
3307 602 3626 673 longiores,

1980 691 2210 741 aureas,
2241 677 2478 742 sericas,
2531 674 2618 728 vel
2685 674 2862 729 nimis
2911 674 3223 729 artiﬁciose
3274 673 3630 743 elaboratas,

1979 747 2192 801 divinis
2225 746 2454 818 legibus
2471 746 2702 817 penitus
2720 746 3001 818 proscribi
3019 767 3032 812 ;
3050 753 3224 815 atque
3240 748 3443 800 eodem
3459 746 3630 816 plane

1977 818 2288 874 interdicto
2311 820 2522 873 vetitas
2553 835 2703 888 esse,
2747 835 2896 887 quas
2927 818 3025 872 ille
3051 818 3266 872 ibidem
3303 825 3628 884 enumerat,

1975 892 2222 945 vestium
2251 891 2562 958 tincturas,
2584 895 2641 944 et
2680 889 2872 945 solum
2916 891 3179 944 nativum
3221 894 3278 942 et
3309 890 3627 945 candidum

1974 963 2224 1018 colorem
2258 964 2650 1017 retinendum.
2707 963 2844 1016 lude
2878 962 3058 1032 igitur
3087 977 3152 1015 ac
3203 960 3297 1015 Cei
3347 961 3625 1030 scphistae

1973 1035 2304 1090 testimonio
2334 1035 2548 1090 evincit
2593 1032 2920 1101 mulierem,
2970 1050 3096 1102 quas
3147 1032 3328 1086 nimio
3378 1040 3623 1089 ornatus

1969 1106 2262 1177 vestisque
2296 1107 2491 1162 studio
2525 1111 2777 1170 tenetur,
2801 1111 2919 1160 tam
2952 1123 2984 1160 a
3007 1105 3121 1159 Deo
3145 1121 3319 1177 quam
3345 1121 3377 1158 a
3409 1106 3621 1174 pudico

1969 1175 2240 1248 coniugio
2271 1179 2578 1234 excidisse.
2614 1177 2726 1231 Nec
2759 1195 2824 1232 ea
2855 1177 2981 1232 vult
3009 1177 3120 1230 sibi
3152 1175 3347 1245 objici,
3381 1179 3620 1248 quzede

1966 1246 2258 1320 regiar‘um
2293 1250 2547 1304 ﬁliarum
2581 1251 2792 1304 vestitu
2827 1248 3028 1316 David,
3055 1247 3362 1320 allegorice
3397 1246 3619 1302 intelli-

1965 1319 2173 1391 genda,
2208 1322 2266 1376 in
2303 1322 2556 1376 Psalmis
2583 1321 2813 1376 cecinit.
2843 1321 2986 1374 Nam
3021 1319 3289 1391 quamvis
3320 1321 3396 1391 in,
3444 1320 3610 1374 inﬁr-

1964 1390 2168 1448 mioris
2200 1410 2374 1449 sexus
2406 1394 2650 1465 gratiam
2672 1394 2741 1448 de
2773 1394 2969 1464 legum
3003 1390 3312 1465 severitate
3341 1390 3611 1465 Clemens

1964 1472 2160 1520 noster
2190 1463 2424 1536 aliquid
2446 1465 2754 1529 remiserit,
2793 1463 3067 1536 praeracte
3097 1463 3481 1536 nihilominus
3505 1479 3614 1536 ue-

187 1530 495 1607 hementer
514 1533 988 1591 adhortatur.‘l5
1015 1534 1207 1601 Illum,
1231 1530 1756 1606 quippequimnrti
1781 1539 1854 1593 si-
1961 1542 2062 1607 gat
2095 1536 2196 1590 ulli
2231 1530 2492 1607 unquam
2527 1535 2720 1591 licitas
2758 1530 2886 1590 esse
2915 1535 3201 1606 xystides,
3235 1535 3609 1606 ephaptides,

186 1603 336 1657 milis
372 1609 491 1686 est,
514 1610 584 1686 _et
608 1610 907 1686 superﬂuo
938 1607 1216 1686 alimento
1243 1603 1590 1686 concitatur,
1626 1609 1851 1686 nullius

1960 1608 2152 1678 pepla,
2187 1610 2564 1680 pretiosiores
2595 1608 2782 1672 lanas,
2815 1614 3117 1680 vestesque
3171 1607 3347 1660 nimis
3404 1608 3612 1680 longas

186 1676 529 1764 corpori-vel
557 1676 767 1764 anim-a2
800 1693 928 1764 esse
959 1678 1232 1760 utilitatis
1265 1680 1371 1764 L‘qt
1427 1681 1692 1764 exemplo
1731 1681 1849 1764 pla-
1881 1699 1927 1764 B
2037 1676 2402 1764 difﬂuentes.
2439 1680 2625 1764 aliam
2667 1695 2798 1764 vero
2842 1679 3389 1764 objectionsmneé‘
3436 1677 3612 1764 talari

187 1763 313 1801 num
349 1747 736 1824 utique_facit
765 1755 822 1824 et
852 1751 1260 1824 perspicuum.
1297 1751 1422 1806 Non
1443 1747 1628 1807 totam
1665 1747 1849 1824 igitur

187 1827 430 1885 noctem,
468 1819 662 1876 multo
713 1819 913 1878 minus
943 1819 1194 1878 interdiu
1236 1823 1638 1878 domiendum.
1690 1819 1844 1881 Cum

186 1907 307 1946 vero
339 1891 476 1946 dies
508 1893 729 1960 deficit,
762 1897 888 1948 tum
922 1892 1135 1949 litteris
1152 1894 1441 1961 homines,
1475 1895 1700 1950 femina:
1761 1896 1845 1951 la-

187 1963 372 2038 niﬁcio
405 1980 655 2038 operam
689 1965 829 2020 dare
862 1966 1092 2020 debent.
1135 1967 1391 2038 Denique
1427 1984 1532 2022 nos
1575 1967 1842 2025 Clemens

186 2034 319 2110 serio
352 2034 646 2110 admonet
667 2041 934 2092 nostrum
960 2034 1362 2093 tantummodo
1387 2056 1600 2110 corpus
1637 2057 1841 2096 somno

183 2106 462 2183 indigere,
498 2108 752 2183 minime
781 2125 914 2164 vero
948 2111 1228 2176 animam,
1263 2106 1635 2183 quippe—quae
1688 2129 1840 2167 sem-

173 2195 262 2249 per
284 2180 532 2251 cogitet,
572 2197 641 2236 ac
663 2181 802 2235 dum
830 2198 1043 2256 corpus
1073 2182 1310 2256 dormit,
1331 2180 1428 2256 ita
1452 2180 1551 2256 per
1581 2183 1837 2256 seipsam

1957 1751 2171 1807 Christi
2203 1753 2403 1807 tunica
2433 1753 2831 1822 desumptam,
2867 1751 3083 1805 ibidem
3135 1749 3323 1805 diluit.
3344 1751 3602 1805 Tametsi

1957 1831 2152 1879 autem
2185 1825 2457 1896 simplex,
2490 1841 2603 1878 non
2635 1829 2828 1896 tamen
2855 1823 3098 1896 sordida
3129 1822 3300 1876 debet
3329 1835 3457 1896 esse
3503 1837 3604 1896 ve-

1956 1896 2085 1962 stis,
2112 1913 2203 1951 om
2217 1892 2434 1967 aesque
2455 1895 2716 1967 corporis
2747 1893 3053 1949 muliebris
3079 1899 3274 1967 partes
3295 1892 3419 1946 suis
3435 1893 3604 1967 vesti-

1952 1967 2087 2032 bus,
2120 1967 2274 2023 sicut
2303 1964 2359 2022 et
2389 1964 2583 2039 caput,
2616 1966 2742 2022 velo
2773 1971 2914 2021 sunt
2945 1964 3326 2039 ilahtegendaa,
3352 1964 3601 2019 utnulla

1954 2056 2217 2110 unquam
2253 2040 2409 2094 nuda
2443 2037 2742 2109 appareat,
2777 2039 2943 2091 Vetat
2977 2037 3363 2110 nihilominus
3395 2053 3466 2090 ne
3504 2052 3599 2089 ve-

1952 2108 2072 2165 lum
2109 2111 2248 2165 illud
2283 2113 2359 2166 sit
2391 2108 2775 2182 purpureum,
2808 2116 2909 2164 aut
2946 2109 3163 2182 quaevis
3191 2108 3400 2182 mulier
3447 2125 3592 2179 pur-

1993 2199 2128 2238 urca
2162 2184 2245 2237 vel
2277 2181 2454 2237 nimis
2488 2182 2736 2253 pretiosa
2767 2188 2946 2253 veste,
2988 2198 3103 2250 qua
3123 2181 3427 2235 hominum
3454 2197 3590 2234 oeu-

1974 2272 2037 2308 os
2069 2256 2138 2309 ad
2175 2271 2235 2308 se
2267 2252 2599 2309 convertere
2632 2252 3351 2322 possit,ullibialiquando
3367 2256 3589 2306 utatur.

2022 2326 2237 2381 Dehinc
2262 2332 2456 2381 autem
2493 2325 2588 2380 ille
2616 2328 2783 2380 docet
2815 2326 2859 2359 23
2891 2325 2948 2379 in
2981 2323 3394 2378 calceamentis
3425 2322 3593 2377 simi-

1946 2396 2081 2452 liter
2105 2398 2409 2453 vitandum
2434 2415 2562 2453 esse
2583 2397 2808 2463 luxum,
2831 2396 3135 2452 mollitiem
3152 2407 3208 2449 et
3225 2395 3588 2466 superbiam.

1943 2468 2114 2524 Jubet
2149 2470 2328 2540 igitur
2357 2471 2518 2540 rejici
2547 2487 2694 2523 vana
2726 2485 3038 2523 aureorum
3071 2482 3594 2540 gemmeorumque

1942 2537 2366 2608 sandaliorum,
2404 2537 2460 2596 et
2491 2541 2859 2612 crepidarum
2884 2541 3297 2612 solearumque
3318 2537 3586 2612 artiﬁcia.

1942 2613 2261 2669 Pulchrum
2293 2619 2488 2669 autem
2515 2609 2710 2668 censet
2741 2629 2870 2667 esse
2889 2612 3032 2680 viro,
3061 2611 3174 2666 nisi
3201 2609 3432 2678 militet,
3453 2609 3590 2664 nul-

1941 2684 2028 2740 los
2057 2686 2266 2740 habere
2295 2684 2541 2750 calceos,
2567 2689 2740 2755 atque
2762 2686 2810 2740 ei
2831 2683 3327 2756 quemadmodum
3354 2681 3587 2756 mulieri

1940 2756 2071 2812 illos
2105 2752 2705 2813 tantuminduendo's.
2735 2752 2952 2828 quibus
2977 2772 3182 2811 omnes
3203 2755 3440 2828 pedum,
3464 2752 3586 2808 ullo

1938 2829 2064 2884 sine
2095 2830 2249 2884 fastu
2275 2826 3056 2897 contectorum,oﬂ'ensiones
3085 2826 3417 2899 propulsari
3457 2829 3585 2880 tuto

168 2256 458 2328 aperietur,
509 2257 579 2306 ut
611 2268 748 2307 vera
775 2254 1007 2308 somnia
1038 2254 1156 2308 sint
1183 2255 1391 2309 sobria:
1424 2255 1632 2310 animae
1673 2254 1838 2328 'cogi-

175 2323 450 2378 tationes.

233 2397 307 2446 Ex
339 2411 410 2450 eo
443 2394 643 2448 somni
668 2398 930 2466 tempore
982 2403 1182 2451 auctor
1211 2401 1414 2452 noster
1436 2399 1571 2453 data
1602 2398 1733 2453 sibi"
1765 2400 1835 2455 de

165 2464 643 2522 Christianorum
675 2464 971 2522 connubio
996 2469 1228 2524 dicendi
1252 2471 1558 2526 occasione
1597 2471 1664 2538 ³⁷,
1715 2488 1833 2525 ma-

165 2538 370 2613 nifeste
401 2539 587 2592 nobis
608 2540 821 2613 probat
849 2555 1100 2613 scopum,
1124 2540 1287 2596 illius
1316 2557 1446 2597 esse
1504 2543 1828 2613 susceptio-

168 2625 291 2683 nem
314 2610 675 2675 liberorum,
703 2611 879 2665 ﬁnem
903 2627 1034 2666 vero
1048 2612 1203 2683 piam
1228 2615 1567 2669 eorumdem
1595 2610 1831 2670 ins—titu-

168 2681 398 2757 tionem.
443 2681 1069 2757 Quapropteromnem
1095 2683 1270 2739 aliam
1304 2685 1409 2740 viri
1445 2685 1829 2757 mulierisque

168 2753 1252 2827 conjunctionemiillicitam,impiam
1295 2762 1350 2810 et
1382 2757 1664 2814 nefariam
1700 2753 1828 2814 esse

162 2824 688 2903 concludit._(_luod
719 2827 955 2903 quidem
993 2824 1191 2903 ille—ex
1231 2834 1517 2903 praecepta
1550 2847 1582 2884 a
1625 2837 1828 2903 Moyse

165 2896 372 2974 teporis
405 2902 464 2952 et
486 2897 690 2974 hienge
713 2896 1262 2974 a_hstinentia,hauﬁd
1281 2896 1475 2973 inepte
1494 2896 1822 2959 conﬁrmat.
1938 2906 2176 2974 queant.

168 2967 333 3045 Plura
365 2974 574 3045 autem
609 2968 694 3023 ibi
724 2971 1006 3040 disputat,
1039 2987 1167 3042 quae
1200 2973 1270 3026 de
1302 2967 1546 3045 utroque
1570 2974 1667 3029 illo
1701 2976 1824 3031 ani-
1955 2967 1970 2974 ’
2009 2971 2231 3045 Puerile
2260 2987 2395 3026 vero
2445 2976 2502 3026 et
2557 2987 2773 3025 vanum
2836 2985 2964 3045 esse
3021 2972 3187 3045 putat
3216 2970 3260 3003 ²⁹
3315 2983 3582 3045 gemmas

167 3039 318 3136 mali,
345 3046 410 3122 et
442 3041 585 3136 aliis
626 3057 760 3136 quas
808 3057 1003 3136 vocem
1032 3039 1284 3136 mutantp
1310 3052 1361 3099 et
1419 3039 1713 3136 colorem,‘
1754 3048 1824 3103 ab
1857 3071 1898 3136 ρ
1938 3043 2199 3126 quolibet
2230 3045 2424 3136 modo,
2461 3045 2580 3136 sive
2611 3060 2678 3136 sx
2711 3042 2890 3125 maris
2922 3047 3090 3136 aestu,
3125 3041 3244 3095 sive
3291 3056 3372 3136 eisI
3416 3043 3582 3093 terras
3629 3104 3632 3108 ι

165 3110 417 3167 historia
447 3110 750 3168 naturalis
780 3113 1162 3184 scriptoribus
1194 3117 1547 3172 referuntur.
1617 3119 1826 3175 Subdit
1857 3110 1898 3136 υ
1936 3110 2218 3172 {amentis
2251 3121 2427 3182 ortas,
2460 3115 2548 3169 vel
2579 3113 2878 3179 admirari,
2911 3114 2996 3168 vel
3032 3113 3103 3167 iis
3125 3129 3186 3167 se
3218 3117 3316 3184 aut
3340 3113 3578 3165 domum

165 3199 384 3238 omnem
421 3184 606 3261 plane
628 3185 735 3261 viri
775 3191 832 3261 et
862 3183 1146 3254 mulieris,
1181 3187 1294 3243 nisi
1327 3206 1441 3261 quo
1472 3196 1604 3261 post
1633 3191 1825 3261 legiti-
1934 3205 2108 3261 suam
2139 3203 2366 3242 ornare.
2401 3186 2792 3261 Quamobrem
2825 3200 3127 3261 summum
3161 3183 3469 3261 mulierem
3514 3198 3581 3238 ea

166 3271 280 3331 tuas
311 3257 626 3331 numptias
657 3255 825 3331 liberi
861 3261 1149 3331 procreari
1174 3255 1420 3330 possint,
1443 3255 1820 3318 concubitum
1932 3261 1991 3315 in
2026 3259 2301 3314 reluxum
2330 3276 2524 3315 severe
2547 3259 2816 3331 castigat.
2841 3258 3076 3312 Fatetur
3098 3255 3238 3331 quid
3253 3271 3355 3331 em
3372 3270 3582 3325 super-

163 3328 299 3406 ipsis
329 3329 814 3406 egpressissimis
863 3327 1328 3406 Moysisverbis,
1364 3327 1429 3406 et
1468 3340 1703 3406 sumpto
1753 3337 1823 3390 de
1934 3349 2067 3388 nam
2099 3327 3134 3406 Jerusalempretiosisconstructam
3160 3327 3583 3406 lapidibusme-

163 3399 494 3473 Sodomitis
541 3399 838 3473 supplicio
907 3399 1321 3458 disertissime
1354 3399 1624 3462 inhiberi:
1686 3408 1824 3462 Inde
1935 3403 2174 3469 morari,
2209 3404 2309 3458 sed
2360 3399 2477 3457 illis
2508 3408 2707 3458 ﬂorem
2758 3402 3023 3473 spiritus,
3071 3405 3131 3473 et
3187 3399 3580 3453 immortalem

164 3487 326 3542 porro
360 3470 800 3547 colligit_nef_as
832 3489 959 3547 esse
988 3475 1131 3540 viro,
1164 3491 1295 3530 cum
1333 3494 1508 3532 uxore
1540 3495 1668 3539 sua,
1721 3485 1825 3534 aut
1933 3481 2260 3532 creaturam
2295 3474 2612 3547 signiﬁcari
2649 3470 3081 3547 contendit.Qui
3104 3475 3296 3547 autem
3315 3485 3580 3547 gemmas

164 3544 1217 3623 menstruoproflu_violaborante,aut
1245 3549 1436 3603 adhuc
1461 3557 1820 3621 prmgnanto,
1934 3553 2170 3623 propter
2202 3543 2526 3611 hominem,
2569 3551 2743 3623 atque
2777 3563 2807 3599 a
2839 3545 2980 3623 Deo,
3024 3549 3088 3598 ut
3136 3543 3479 3623 iis-fruatur.
3525 3545 3583 3595 et

165 3617 245 3668 vel
275 3614 548 3686 unquam
578 3615 767 3672 solius
797 3617 1113 3688 voluptatis
1135 3636 1310 3674 causa
1331 3614 1821 3678 rem-haberepel
1932 3614 2272 3684 oblectetur,
2309 3625 2533 3674 creatas
2567 3614 2836 3676 dixerint.
2881 3617 2986 3671 hos
3013 3614 3314 3688 renuntiat
3365 3614 3581 3688 digium

167 3689 356 3761 tulans
381 3688 582 3761 igitur
609 3688 1245 3761 libido,pluribus,qua3
1275 3692 1372 3747 ille
1405 3695 1598 3757 rel‘ert,
1625 3700 1822 3749 vocata

169 3760 533 3835 nominibus,
569 3761 810 3835 omnino
840 3760 1165 3835 cohibenda
1190 3769 1307 3819 est:
1345 3766 1820 3835 quandoquidem

167 3846 230 3884 ex
255 3846 343 3897 ea,
370 3833 637 3908 sicutex
679 3833 1063 3887 immoderato
1116 3833 1425 3889 concubitu
1457 3833 1639 3908 multi
1686 3855 1820 3908 gra-

165 3904 742 3980 vesque,_Scriptura
761 3920 925 3980 sacra
948 3909 1121 3980 atque
1144 3908 1317 3962 etiam
1344 3904 1714 3980 philosophis
1736 3915 1820 3964 at-

169 3974 550 4042 testantibus,
589 3975 774 4029 morbi
826 3991 892 4030 ac
924 3975 1178 4046 plurima
1227 3974 1609 4034 nec—minima
1667 3981 1822 4036 mala

165 4050 547 4172 ginemntur.
579 4046 704 4102 Non
736 4047 865 4102 ideo
889 4051 1084 4103 tamen
1118 4051 1373 4122 nuptias,
1408 4068 1533 4122 quae
1560 4057 1672 4108 Deo
1694 4071 1822 4119 pro-

240 4125 308 4172 [δε
366 4123 529 4172 sunt.
578 4119 968 4172 damnandus.
1006 4122 1102 4172 sed
1163 4123 1509 4172 legitimum-
1538 4141 1603 4172 ac
1633 4131 1818 4172 nnctn-

240 4125 308 4172 ta:
366 4123 529 4194 sunt,
578 4119 968 4187 damnandus,
1006 4122 1103 4194 sed
1163 4119 1510 4191 legitimum,
1538 4141 1603 4178 ac
1633 4131 1820 4194 nocte,

169 4189 435 4266 etcertis
464 4190 746 4245 duntaxat
774 4193 1161 4262 temporibus,
1203 4189 1270 4248 ad
1305 4189 1629 4266 gignendos
1668 4189 1820 4251 ﬁlios

167 4261 377 4338 debere
401 4277 543 4338 esse
567 4278 765 4318 earum
800 4261 994 4338 usum.
1024 4266 1226 4321 Pueris
1247 4261 1444 4337 itaque
1467 4284 1531 4322 ac
1556 4269 1820 4338 senibus,

168 4335 354 4405 pergit
392 4333 694 4409 Clemens,
719 4351 926 4409 uxores
958 4337 1168 4394 ducere
1201 4338 1290 4394 fas
1309 4333 1421 4393 non
1456 4346 1579 4393 est:
1616 4333 1818 4409 conjui

169 4419 256 4483 βεδε
290 4422 441 4460 vero
463 4405 609 4460 nihil
641 4406 753 4461 nisi
787 4408 1118 4483 honestum,
1166 4417 1418 4477 castum,
1452 4417 1508 4466 et
1540 4405 1818 4483 pudicum

169 4481 314 4550 inter
350 4493 423 4531 se
455 4494 707 4548 unquam
745 4495 917 4550 agere
947 4481 1180 4536 debent.
1217 4483 1329 4537 Eos
1359 4498 1490 4538 vero
1519 4481 1660 4539 scite
1720 4501 1816 4538 ca-

169 4549 366 4624 stigat,
408 4550 514 4624 qui
543 4549 838 4620 perperam
887 4554 1178 4624 negabant
1211 4571 1242 4608 a
1289 4555 1509 4609 ratione
1568 4555 1819 4610 naturali

170 4620 398 4675 alienas
429 4620 755 4697 voluptates
794 4640 922 4680 esse
962 4620 1048 4679 vel
1082 4623 1338 4690 illicitas,
1364 4626 1450 4681 vel
1485 4631 1595 4682 Deo
1627 4628 1820 4697 cogni-

167 4698 267 4768 tas.
302 4697 517 4768 Monet
547 4695 723 4765 igitur
754 4701 977 4751 noctem
1010 4696 1182 4752 bonis
1213 4699 1487 4768 operibus
1518 4695 1818 4754 illustran-

170 4764 322 4842 dam,
363 4764 650 4842 pudorem
675 4769 1025 4842 cumtunica
1044 4785 1156 4824 non
1173 4764 1527 4838 exuendam,
1546 4770 1815 4842 iniquum

171 4837 342 4911 rebus
369 4837 643 4892 Venereis
673 4838 852 4911 vinci,
884 4856 948 4894 ac
987 4839 1174 4911 ipsam
1228 4846 1444 4897 rectam
1507 4837 1818 4907 ratio-nem,

169 4909 655 4979 moderatumque
688 4910 799 4965 cibi
831 4915 888 4965 et
937 4909 1115 4967 vestis
1159 4929 1333 4969 usum
1378 4913 1638 4970 salubria
1687 4932 1817 4970 esse

171 4978 637 5049 intemperantia
669 4982 944 5037 remedia.

226 5050 576 5121 Opportuna
597 5069 767 5123 porro
790 5055 866 5108 ibi
891 5052 1082 5110 oblata
1105 5057 1410 5112 occasione
1431 5061 1633 5112 contra
1662 5074 1818 5112 sum-

165 5125 411 5187 ptuosas
442 5125 974 5199 vestesinvehitur,
1008 5143 1225 5198 easque
1255 5146 1287 5184 a
1308 5128 1536 5183 Christo
1563 5130 1815 5199 prohibi-

168 5202 246 5247 tas
276 5210 418 5270 esse
447 5197 725 5270 ostendit.
745 5197 1288 5270 rSpartanosit’aque
1311 5217 1376 5256 eo
1391 5197 1628 5254 nomine
1657 5217 1815 5255 com-

170 5267 426 5337 mendat,
462 5269 612 5337 quod
670 5267 819 5324 solis
868 5267 1273 5327 meretricibus
1331 5271 1569 5326 ﬂoridas
1627 5277 1815 5328 vestes

169 5335 774 5416 climfoneesserint:
820 5347 994 5414 atque
1044 5343 1452 5416 Athenienses,
1492 5342 1590 5416 qui
1647 5361 1817 5400 secus

168 5405 478 5487 faciebant,
515 5412 625 5467 sibi
659 5413 740 5467 ait
772 5405 1088 5487 non'posse
1146 5405 1478 5487 approbari.
1509 5405 1815 5471 “Vestibus

168 5481 458 5559 enimvero
488 5499 620 5538 cum
662 5502 775 5540 non
821 5481 935 5541 alia
966 5486 1035 5540 de
1082 5481 1260 5542 causa
1300 5487 1561 5558 indigeat
1617 5487 1811 5554 homo,

165 5552 268 5606 nisi
299 5558 369 5630 ut
397 5571 614 5630 corpus
665 5574 838 5611 suum
880 5563 1169 5630 contegat,
1213 5552 1478 5630 illudque
1537 5559 1608 5614 ab
1665 5552 1815 5614 aeris

167 5637 261 5677 seu
294 5625 618 5698 frigidiOris
674 5645 776 5685 seu
821 5625 1120 5685 calidioris
1168 5625 1514 5704 intemperie
1559 5635 1812 5687 tueatur.

229 5772 276 5806 ⁸⁸
317 5788 445 5845 cap.
494 5773 548 5828 9.
611 5776 654 5811 τ’
706 5792 831 5848 cap.
893 5776 978 5832 10.
1024 5777 1066 5815 ³⁸
1107 5793 1236 5850 cap.
1291 5778 1373 5836 14.
1438 5779 1484 5815 ³ο
1529 5795 1658 5852 cap.
1722 5783 1806 5837 12.

1931 3690 2454 3766 voluntatisplane
2503 3691 2856 3766 penitusque
2909 3704 3050 3766 esse
3108 3686 3363 3766 ignaros.
3424 3684 3580 3766 Deus

1931 3765 2251 3819 emimvero
2271 3758 2348 3818 'ea
2381 3758 2578 3817 omnia
2612 3780 2737 3833 quae
2765 3758 3071 3833 hominum
3097 3758 3226 3813 usui
3251 3758 3579 3833 necessaria

1930 3839 2089 3896 sunt,
2121 3839 2320 3904 aperte
2342 3828 2677 3904 suppeditat
2702 3851 2714 3898 ;
2741 3837 2965 3897 caetera,
2991 3832 3142 3904 sicut
3164 3846 3396 3904 aurum,
3423 3828 3578 3899 quod

1930 3901 2210 3963 effodiunt
2245 3901 2516 3969 formicae,
2550 3905 2801 3976 gryphas
2835 3903 3216 3976 custodiunt,
3271 3901 3356 3955 vel
3379 3905 3574 3976 _terr_a:

1930 3977 2274 4042 visceribus,
2304 3979 2393 4034 vel
2421 3972 2583 4048 aquae
2601 3972 2889 4048 profundo
2921 3975 3249 4030 abscondit.
3284 3978 3358 4027 At
3379 3972 3574 4027 homi-

1931 4069 2035 4108 nes
2064 4050 2184 4104 hsce
2217 4051 2373 4105 curis
2404 4049 2784 4120 supervacuis
2815 4051 3329 4120 quaerentes,_vera
3373 4048 3430 4097 et
3461 4060 3576 4097 cce«

1931 4124 2102 4198 lestia
2123 4122 2275 4198 bona
2297 4117 2620 4198 negligant.
2648 4117 2928 4177 Prmterea
2944 4117 3256 4191 Apostolus
3272 4120 3437 4198 docet
3459 4131 3575 4198 non

1932 4194 2149 4251 omnia.
2185 4188 2560 4251 eliamuno‘bis
2584 4209 2890 4268 concessa,
2944 4188 3176 4262 semper
3223 4205 3350 4268 esse
3393 4188 3571 4268 licita.

1931 4269 2084 4323 Deus
2116 4281 2271 4338 vero,
2304 4269 2404 4338 qui
2438 4266 2634 4321 omnia
2665 4261 3308 4338 omnibuscommunia
3339 4261 3573 4338 creavit,

1930 4335 2192 4410 praecipit
2219 4329 2406 4412 prima
2438 4338 2712 4412 caelorum
2747 4335 2968 4407 inquiri
3003 4349 3270 4412 regnum,
3303 4336 3448 4412 et‘ex
3469 4329 3573 4382 bo-

1931 4406 2020 4466 nis
2052 4406 2236 4466 nostri
2270 4429 2356 4476 ea,
2390 4427 2516 4480 quae
2551 4410 2718 4464 nobis
2754 4406 3079 4483 necessaria
3096 4421 3209 4483 non
3235 4406 3396 4483 sunt,
3426 4416 3575 4483 Rau-.-

1929 4471 2852 4554 poribuserogatriiContratamen
2871 4474 3371 4554 instabantadhuc
3389 4471 3571 4554 aliqui

1930 4549 1984 4609 et
2002 4549 2502 4636 urgebant?Cujus
2526 4569 2661 4623 ergo
2684 4556 2855 4636 erui-it
2877 4565 3004 4631 sum
3020 4554 3225 4636 pt‘uosa
3255 4549 3312 4598 et
3344 4549 3569 4613 magni-

1928 4628 2037 4682 fica
2070 4619 2337 4699 quaeque.
2373 4619 2421 4699 si
2444 4619 2654 4699 omnés
2688 4622 2833 4676 nihil
2868 4619 2978 4674 nisi
3017 4619 3130 4699 vi_le_
3153 4622 3208 4672 et
3255 4631 3568 4670 commune

1927 4692 2236 4755 habeant?
2255 4699 2359 4754 Sed
2396 4696 2489 4750 his
2512 4695 2780 4750 Clemens
2825 4692 3139 4762 respondet
3187 4704 3390 4762 eorum
3440 4702 3569 4743 esse

1927 4773 2156 4838 debere,
2191 4771 2539 4844 quietisque
2568 4760 2982 4844 vehementiori
3028 4760 3205 4816 animi
3256 4760 3460 4843 at‘l‘ectu
3513 4764 3570 4814 et

1927 4833 2268 4899 discrimine
2299 4842 2371 4896 iis
2405 4833 2485 4893 uti
2519 4839 3086 4914 possuntCaaterum
3110 4850 3176 4914 _e_a
3200 4833 3420 4898 omnia,
3443 4848 3567 4914 quae

1927 4923 2169 4972 ornatus
2201 4905 2534 4970 satietatem
2561 4910 2830 4967 afferunt,
2867 4907 2938 4961 ab
2968 4905 3242 4960 omnibus
3274 4919 3401 4959 esse
3432 4905 3570 4972 reii-

1927 4989 2154 5056 cienda,
2171 4982 2722 5059 quandoquidemin
2743 4978 2866 5059 sola
2880 4979 3088 5059 virtute
3106 4975 3377 5059 cousistit
3399 4991 3571 5059 smne

1925 5046 2513 5131 bonum',‘pulehrum
2546 5059 2601 5110 et
2633 5053 2968 5107 honestum.
3003 5046 3569 5131 ‘Quocircanmilites

1925 5119 2337 5203 increpa't,‘qui
2387 5143 2530 5203 aure
2579 5140 2813 5198 quoque
2859 5122 3244 5203 ornabantur.
3301 5119 3572 5175 Mulieres

1924 5220 2058 5258 vero
2083 5197 2274 5258 acrius
2303 5197 2562 5271 corripit,
2595 5197 2743 5271 quas
2788 5211 3028 5271 cernere
3076 5197 3200 5250 erat
3229 5208 3413 5271 _auro_.
3455 5207 3573 5245 non

1924 5278 2044 5329 tam
2077 5275 2270 5332 ornari
2304 5263 2476 5345 quam
2507 5263 2758 5346 onerari,
2791 5285 2855 5323 ac
2887 5267 3056 5346 sicut
3091 5264 3244 5346 apud
3293 5263 3572 5346 barbarqs
3619 5267 3627 5273 ’

1925 5347 2064 5401 olim
2097 5353 2297 5402 sontes
2321 5332 2382 5402 'et
2416 5359 2564 5402 reos,
2589 5332 2752 5397 aurei
2772 5332 3154 5410 compedibus
3177 5336 3382 5392 vinciri
3412 5339 3468 5389 et
3487 5332 3574 5410 _al-

1925 5417 2116 5488 ligari.
2154 5419 2289 5474 Illas
2314 5434 2481 5488 porro
2514 5415 2656 5490 dicit
2688 5415 2758 5469 ab
2791 5405 2992 5490 eodem
3010 5413 3276 5490 serpente
3293 5422 3448 5490 nunc
3471 5405 3574 5459 de-

1925 5483 2061 5561 cipi,
2089 5492 2184 5562 qui
2220 5483 2497 5563 primitus
2528 5488 2703 5563 Evam
2739 5483 3295 5563 escat'raudulenter
3324 5483 3572 5533 circum-

1925 5556 2118 5618 venit:
2137 5556 2514 5618 Manifestum
2550 5560 2747 5629 itaque
2781 5556 3424 5629 facitcatenosaureas,
3451 5564 3573 5602 mo-

1927 5633 2093 5705 nilia,
2126 5635 2398 5707 annulos,
2432 5622 2794 5699 etreliquum
2823 5645 3055 5683 omnem
3071 5622 3569 5682 muliebrisluxus
