3978 6200
474 247 582 304 823

1191 247 1264 300 IN
1303 245 1742 300 CLEMENTEM
1783 245 1994 297 ALEX.
2035 244 2100 296 D.
2145 244 2236 295 LE
2274 242 2573 298 NOURRY
2610 243 3095 298 DISSERTATIO
3131 247 3175 298 Ι.
3737 253 3815 307 824

476 373 776 434 ornatum,
808 383 942 424 cum
970 371 1275 438 poetarum
1302 382 1367 422 ac
1390 381 1569 420 sacra:
1592 365 1904 438 Scriptura;
1937 368 2137 438 aucto-
2167 367 2221 431 Α
2253 379 2386 418 nem
2417 378 2553 438 vero
2587 363 2931 438 pilosumet
2951 364 3258 438 barbatum
3291 367 3700 436 creaverit,eum
3725 367 3818 428 radi

479 443 673 502 ritate.
706 445 834 494 tum
864 436 1040 494 certis
1072 454 1139 493 ex
1175 443 1333 492 recta
1363 438 1588 492 ratione
1613 436 1810 507 petitis
1848 437 2136 505 probatio-

482 516 658 569 nibus
678 528 809 568 esse
835 511 1245 580 rejicieudum.
1283 509 1547 579 Denique
1578 507 1877 562 concludit
1906 524 2041 562 vera
2067 509 2144 563 fe—

483 585 658 640 minae
676 589 1024 639 ornamenta
1045 580 1165 636 haec
1187 595 1351 635 esse:
1379 597 1664 634 manuum
1694 580 1956 649 quidem,
1983 581 2140 650 piam

482 672 728 713 suorum
765 658 1050 710 bonorum
1087 654 1331 723 pauperi
1360 651 1757 723 largitionem,
1808 668 1876 706 ac
1925 657 2142 706 rectam

2255 441 2312 491 et
2360 437 2607 510 tonderi,
2659 435 2746 491 vel
2793 434 2923 490 aliis
2981 436 3331 510 vellendum;
3362 453 3420 492 se
3462 445 3513 493 et
3553 434 3820 510 picandum

2253 508 2510 577 praebere
2541 513 2742 562 contra
2763 515 2983 562 naturae
3017 510 3194 579 leges,
3228 508 3512 579 ipsiusque
3547 508 3632 566 Dei
3660 514 3820 569 volun-

2253 587 2434 656 tatem
2459 595 2588 656 esse
2619 596 2723 634 con
2738 579 2945 656 viuci_t._
2969 581 3048 634 Ad
3082 579 3202 634 haec
3233 596 3360 656 vero
3389 581 3598 639 etiamsi
3631 586 3710 654 pix
3747 589 3804 642 ali

2255 652 2430 722 quem
2457 653 2714 719 juvaret.
2743 668 2858 705 nou
2891 652 3022 705 ideo
3055 652 3362 706 tamenille
3381 652 3819 723 corpussuumin-

489 727 724 783 familias
757 722 1597 798 adm_inistratiouem;pedum
1622 722 2145 798 jﬁverouibbene
2247 724 2407 798 juria
2437 725 2675 798 allicere
2689 723 2888 798 debet,
2914 725 3015 777 sed
3053 722 3550 798 potiuscupida’tis
3586 744 3686 781 sua
3708 730 3821 798 pilos

485 799 823 854 faciendum
855 796 1219 851 alacritatem
1261 799 1319 849 et
1369 795 1838 866 progressionem
1871 795 1941 848 ad
1968 795 2145 865 justi-

408 897 410 900 -
484 871 629 925 tiam
656 890 670 937 ;
706 868 864 932 colli,
899 869 1181 938 pudorem
1213 872 1271 920 et
1303 868 1687 938 modestiam;
1705 865 1960 931 aurium,
1990 871 2144 921 cate-

486 941 708 996 chesim
743 945 800 994 et
828 937 977 994 verae
1012 938 1141 992 fidei
1169 939 1493 992 doctrinam
1525 937 2140 1003 ;oculorumtandem,

485 1028 688 1068 sanam
723 1026 915 1066 rerum
950 1010 1291 1064 divinarum
1324 1010 1902 1079 contemplationem.

1032 1115 1432 1170 ARTICULUS
1483 1117 1581 1171 III.

1002 1196 1263 1266 Analysis
1295 1196 1430 1251 libri
1458 1196 1634 1251 tertii.

562 1293 893 1366 Superioris
935 1292 1085 1366 libri,
1125 1299 1540 1366 argumentum
1593 1291 2142 1366 prosequiturCle-

495 1364 662 1422 mens
691 1367 757 1437 ³ο,
772 1371 830 1420 et
858 1364 1119 1420 ostendit
1151 1381 1342 1420 veram
1374 1365 1632 1437 hominis
1648 1364 2144 1437 pulchritudinem

491 1455 621 1494 eam
653 1435 806 1502 esse,
835 1453 954 1508 qua
977 1437 1250 1508 superior
1285 1438 1491 1492 animm
1525 1435 1683 1491 illius
1715 1453 1890 1508 pars,
1924 1435 2147 1490 scilicet

494 1511 664 1575 ratio,
700 1507 1159 1580 partiint‘eriori,
1193 1524 1295 1564 seu
1321 1509 1603 1579 cupidati,
1627 1525 1753 1580 quas
1779 1507 2145 1580 variassem-

493 1597 617 1654 per,
651 1578 1096 1654 sicutProteus,
1129 1581 1188 1654 in
1222 1578 1459 1654 formas
1504 1595 1566 1634 se
1595 1578 1787 1644 vertit,
1827 1578 1921 1654 ita
1957 1579 2146 1654 domi-

498 1651 701 1718 natur,
735 1657 799 1706 ut
830 1669 863 1706 a
893 1653 1083 1706 Verbo
1116 1651 1337 1720 divino,
1382 1653 1639 1706 humana
1687 1667 1862 1706 carne
1908 1651 2140 1715 induto,

501 1725 683 1796 probe
711 1723 1024 1796 instructa,
1056 1723 1294 1796 ipsimet
1329 1724 1438 1796 Deo
1461 1722 1823 1796 similisﬁat.
1868 1721 2146 1796 Eam‘dem

505 1793 740 1866 quoque
769 1794 1026 1850 hominis
1047 1793 1547 1865 pulchritudinem
1573 1793 1823 1866 positam
1838 1809 1969 1848 esse
1986 1793 2155 1850 docet

508 1865 570 1922 in
603 1866 908 1932 charitate,
924 1883 1051 1937 quae
1085 1866 1373 1936 quidquid
1397 1865 1784 1936 superﬂuum,
1806 1866 2030 1928 ﬁctum,
2050 1870 2108 1921 et
2127 1884 2161 1920 a

512 1955 574 1994 se
606 1937 864 1994 alienum
895 1945 1006 2002 est,
1030 1937 1276 2008 respuit,
1311 1954 1377 1992 ac
1407 1955 1475 1994 ea
1497 1937 1641 2006 sola,
1667 1954 1792 2007 qua:
1816 1947 1970 1992 recta
1997 1943 2156 2006 sunt,

512 2008 903 2081 amplectitur.
939 2009 1008 2081 Et
1037 2009 1097 2064 id
1129 2011 1367 2079 quidem
1399 2008 1612 2063 Christi
1644 2010 1852 2079 probat
1873 2008 2154 2079 exemplo,

512 2080 755 2152 qui'nec
785 2080 998 2136 eximia
1027 2085 1084 2135 et
1116 2081 1360 2151 pulchra
1375 2081 1536 2152 t'acie,
1560 2097 1663 2152 nec
1686 2096 1926 2151 corpore
1944 2081 2156 2136 formo-

513 2151 638 2214 sus,
664 2153 853 2207 solum
878 2154 1086 2206 animae
1105 2152 1379 2207 omnibus
1393 2151 1932 2206 divinisvirtutibus
1947 2153 2156 2222 praedi-

511 2231 584 2281 ιω
606 2223 977 2293 splendorem
1012 2223 1219 2278 habuit
1247 2228 1304 2278 et
1327 2223 1843 2294 pulchritudinem.

577 2295 753 2350 Nulla
800 2296 998 2364 itaque
1046 2295 1481 2365 31,inquitille,
1522 2311 1808 2366 corporea
1831 2294 2158 2350 venustatis

512 2383 656 2424 cura
688 2366 785 2421 ille
804 2383 933 2421 esse
965 2366 1160 2430 debet,
1207 2366 1321 2421 nisi
1375 2375 1441 2421 ut
1468 2365 1678 2434 corpus
1737 2383 1910 2421 suum
1968 2365 2157 2420 conti-

514 2438 730 2493 nentiae
755 2438 970 2492 virtute
1001 2439 1324 2493 decoretur.
1357 2440 1500 2492 Hinc
1529 2439 1601 2493 ad
1634 2438 1980 2493 muliebrem
2029 2437 2156 2492 cul-

505 2513 632 2592 tum
665 2508 1368 2592 delapsus,-nobis‘plane_
1391 2515 1455 2592 et.
1470 2511 1775 2592 perspicue
1797 2509 2157 2592 ostendit‘fe-

507 2581 873 2652 minas,qum
905 2581 1236 2652 crispandis
1291 2581 1578 2650 crinibus,
1625 2581 1793 2652 genis
1846 2581 2157 2652 ungendis,

511 2651 828 2725 pingendis
861 2651 1072 2720 oculis,
1094 2652 1359 2724 aliisquae
1389 2654 1589 2725 formas
1624 2651 1951 2725 lenociniis
1972 2652 2158 2708 conti-

509 2724 690 2796 nuam
783 2729 1022 2796 navant
1073 2740 1334 2796 operam,
1392 2724 1681 2796 sepulcris
1727 2724 2153 2796 Egyptiorum,

503 2795 768 2868 exterius
793 2795 1608 2868 magnificentiaincredibili,
1626 2795 2155 2868 interiushorribili

508 2861 1287 2940 belluinaque—deformitate
1307 2868 1578 2940 omnium
1635 2866 1833 2923 oculos
1876 2869 2156 2939 perstrin-

508 2937 807 3023 gentibus,
839 2955 969 3023 esse
1003 2938 1544 3023 planesimilesstlaa
1565 2937 2039 3023 siqui.dem,_dum
2063 2956 2154 3020 re-

501 3010 662 3081 jects
678 3011 890 3067 domus
912 3015 968 3065 et
999 3010 1404 3073 familiaecura,
1430 3015 1548 3066 tam
1574 3011 1849 3082 turpibus
1868 3010 2156 3082 impensis

2254 793 2552 866 vellereet
2577 793 2861 849 radicitus
2893 793 3217 866 amptitare.
3243 796 3327 850 lbi
3351 793 3532 850 autem
3555 793 3724 854 auctor
3743 819 3817 856 no-

2257 873 2396 929 ster,
2441 865 2697 919 oblatam
2732 871 2945 921 nactus
2976 865 3365 929 Occasionem.
3397 867 3451 920 in
3481 885 3734 924 summam
3755 873 3821 926 in-

2252 938 2484 1011 vehitur
2515 937 2606 991 sui
2631 939 2912 1011 temporis
2938 938 3256 1011 luxuriam,
3283 955 3396 1008 qua
3423 941 3611 1011 pagani
3630 958 3821 997 suarum

2255 1010 2548 1082 permissu
2583 1011 2801 1082 legum,
2825 1010 2895 1082 in
2925 1010 3084 1064 omni
3119 1010 3294 1082 etiam
3320 1010 3512 1082 magis
3528 1014 3750 1082 projecta
3780 1019 3824 1068 et

2255 1079 2546 1153 effrenatae
2603 1079 2870 1135 libidinis
2909 1097 3120 1153 genere
3170 1079 3820 1150 impune'volutabautur.

2253 1151 2565 1208 Contendit
2595 1153 2774 1224 igitur
2806 1151 3091 1224 nec'pilos
3121 1153 3464 1220 tondendos,
3507 1171 3599 1209 nec
3632 1156 3822 1210 barbam

2255 1225 2683 1295 deponendam,
2727 1232 2781 1278 et
2825 1235 3096 1279 neutrum
3164 1225 3474 1279 immodico
3529 1227 3824 1295 femineoque

2235 1295 2414 1350 cultu
2450 1295 2850 1350 nutriendum.
2886 1296 2952 1350 Et
2981 1296 3033 1350 id
3059 1296 3300 1366 quidem
3327 1297 3523 1367 probat
3549 1314 3649 1352 non
3676 1297 3820 1354 solum

2253 1367 2510 1422 lconiset
2539 1367 2663 1440 apri
2695 1368 2980 1440 exemplo,
3015 1370 3114 1440 sed
3147 1368 3323 1440 etiam
3347 1367 3621 1423 Gallorum
3651 1375 3697 1423 et
3720 1369 3822 1440 Scy-

2255 1440 2514 1506 tharum,
2566 1439 2667 1509 qui
2711 1438 2914 1494 luxum
2947 1439 3186 1494 omnino
3246 1439 3491 1509 fugiunt,
3550 1445 3602 1494 et
3635 1438 3822 1495 summa

2257 1515 2397 1566 sunt
2427 1509 2806 1580 frugalitatis.
2849 1509 3047 1565 Monet
3072 1519 3268 1566 tamen
3319 1510 3670 1580 Christianos,
3711 1519 3755 1567 et
3789 1512 3825 1566 si

2257 1582 2410 1636 hanc
2450 1582 2830 1636 barbarorum
2880 1583 3157 1638 virtutem
3204 1582 3418 1637 imitari
3463 1583 3702 1647 debeant,
3738 1600 3822 1638 non

2256 1653 2339 1708 eis
2370 1652 2607 1720 idcirco,
2641 1654 2796 1708 sicut
2831 1658 2887 1708 et
2931 1653 3068 1720 illis,
3116 1670 3184 1710 ac
3220 1652 3577 1724 nomadibus,
3614 1654 3686 1709 fas
3727 1671 3824 1710 esse

2181 1728 2230 1794 B
2261 1724 2608 1780 animalium
2634 1725 2832 1780 bibere
2859 1725 3230 1796 sanguinem.

2338 1796 2449 1851 Sed
2483 1797 2623 1869 quia
2654 1797 2731 1851 ibi
2761 1794 3030 1869 Clemens
3061 1815 3094 1852 a
3144 1795 3441 1869 proposito
3466 1794 3822 1869 paululumﬂdi-

2268 1866 2510 1938 gressus
2531 1867 2738 1935 fuerat,
2771 1869 2840 1923 ad
2872 1868 3039 1924 illum
3063 1866 3270 1924 statim
3297 1868 3442 1924 redit
3461 1867 3523 1935 ³³,
3542 1883 3601 1922 ac
3619 1866 3823 1923 inutilem

2268 1955 2568 1995 servorum
2591 1945 2648 1994 et
2665 1939 3042 2006 famularum,
3075 1940 3420 1996 ancillarum
3457 1944 3510 1994 et
3553 1940 3823 2010 pedisequa-

2268 2027 2398 2066 rum
2429 2011 2864 2068 multitudinem
2914 2012 3258 2068 insectatur.
3299 2012 3411 2066 Nec
3455 2011 3688 2066 ferendas
3729 2024 3824 2066 esse

2268 2083 2406 2155 dicit
2439 2081 2733 2150 mulieres,
2767 2100 2894 2154 quae
2921 2084 3118 2139 domui
3149 2091 3207 2139 et
3252 2081 3530 2155 pudicitiae
3567 2082 3744 2155 exitiali
3778 2080 3824 2155 il-

2265 2152 2454 2208 lorum
2487 2156 2658 2209 turba
2678 2152 2912 2226 stipitis,
2937 2155 3023 2210 vel
3047 2152 3347 2212 Gallorum
3370 2154 3613 2226 humeris
3633 2155 3680 2208 in
3698 2153 3821 2226 lecti:

2266 2241 2334 2280 ca
2365 2226 2629 2297 sublatae,
2676 2223 2779 2296 per
2815 2226 3061 2282 civitatis
3089 2228 3249 2282 vicos
3293 2231 3349 2281 et
3399 2224 3618 2297 plateas,
3664 2225 3734 2280 vel
3770 2223 3822 2278 ad

2266 2296 2484 2367 templa
2513 2297 2584 2352 ab
2608 2297 2949 2354 hominibus
2971 2296 3823 2368 conspiciendzscircumferebas~

2267 2373 2382 2424 tur.
2417 2369 2595 2423 Multo
2625 2378 2818 2424 autem
2853 2370 3050 2426 minus
3080 2371 3486 2440 turpissimum
3524 2384 3696 2424 earum
3734 2381 3825 2440 mo-

2267 2456 2390 2495 rem
2422 2440 2656 2512 tolerari
2691 2457 2877 2512 posse,
2910 2459 3037 2512 quas
3058 2439 3195 2497 cum
3221 2441 3547 2512 meretriciis
3575 2439 3825 2511 impudici-

2265 2512 2358 2567 tiae
2391 2511 2776 2577 ministris,et
2799 2511 2942 2568 cum,
2968 2515 3212 2569 cicadis
3265 2511 3686 2569 familiaritatem
3725 2526 3824 2563 con-

2267 2583 2764 2652 suetudinemque
2819 2585 3069 2655 jungere
3136 2586 3422 2642 solebant.
3477 2583 3661 2638 Deinde
3699 2582 3823 2655 ali-us,

2264 2655 2499 2711 etiamsi
2533 2653 2839 2731 meliores,
2858 2653 3123 2731 castigat,
3161 2675 3321 2731 quas,
3339 2671 3608 2731 cnm‘aves
3628 2653 3824 2731 indicas,

2265 2743 2523 2798 pavones
2581 2727 2861 2794 Medicos,
2913 2723 3218 2798 psittacos,
3275 2727 3612 2795 charadrios,
3646 2729 3702 2798 et
3743 2723 3826 2798 alia

2267 2794 2444 2855 etiam
2481 2804 2871 2872 monstruosa,
2899 2794 2998 2855 sed
3034 2800 3234 2872 magni
3270 2799 3433 2872 pretii
3463 2796 3707 2853 animalia
3745 2794 3828 2872 ale-

2266 2878 2417 2935 rent,
2453 2870 2604 2944 filios
2633 2888 2772 2926 suos
2804 2867 3197 2944 exponebant,
3227 2867 3619 2944 atquehsenes,
3661 2867 3826 2938 orpha-

2266 2959 2374 2997 nos
2395 2948 2451 2997 et
2475 2943 2705 3007 viduas,
2740 2942 3018 2998 omnibus
3047 2943 3140 2998 his
3175 2942 3520 2998 animalibus
3542 2942 3689 3012 longe
3715 2955 3823 3009 pra-

2265 3015 2602 3080 stantiores,
2636 3031 2870 3070 summo
2893 3017 3188 3071 ducebant
3219 3013 3551 3085 despicatui.

510 3082 830 3167 nonmodo
862 3084 1011 3138 bona
1042 3083 1466 3167 facultatesque
1496 3083 1755 3166 virorum
1801 3081 2150 3167 dilapidant,
2184 3099 2226 3167 ρ
2270 3156 2292 3167 _
2335 3090 2612 3167 Caeterum
2647 3103 2762 3167 non
2788 3087 2866 3167 iis
2909 3081 3384 3167 t‘antumhimpiis
3423 3083 3743 3167 sumptibus,
3779 3094 3828 3167 ulc

509 3155 609 3210 sed
643 3156 892 3210 formam
923 3169 1158 3224 quoque
1189 3171 1358 3208 suam
1393 3156 1545 3216 l'uco,
1595 3154 1889 3224 variisque
1932 3153 2151 3209 mistio-

507 3226 686 3281 nibus
716 3229 1125 3296 corrumpunt,
1149 3227 1346 3295 plures
1365 3225 1477 3280 sibi
1499 3225 1873 3281 consciscunt
1898 3225 2152 3290 morbos,

506 3313 574 3352 ac
599 3296 785 3352 Deum
808 3296 1163 3352 contumelia
1194 3297 1478 3352 afﬁciunt.
1509 3296 1768 3353 Subinde
1802 3304 2008 3353 auctor
2052 3313 2150 3351 no-

502 3372 627 3423 ster
650 3367 800 3422 hanc
827 3367 1166 3423 effrenatam
1192 3367 1507 3423 mulierum
1541 3368 1844 3424 mollitiem
1869 3375 1926 3423 et
1948 3369 2152 3424 luxum

405 3497 408 3499 ,
503 3438 686 3494 variis
717 3443 839 3494 tam
872 3438 1240 3495 ethnicorum
1259 3445 1561 3510 poetarum
1578 3456 1755 3510 quam
1781 3439 1988 3495 divinae
2004 3441 2153 3496 Scri-

501 3513 602 3582 ptu
613 3526 689 3564 rae
704 3510 1060 3582 testimoniis
1074 3511 1356 3566 acerrime
1369 3511 1795 3582 exagitat.Nam
1812 3512 1987 3582 illm,q
1998 3530 2154 3568 uem-

499 3581 814 3637 admodum
867 3581 1092 3646 Plutus,
1146 3583 1333 3638 oculis
1391 3581 1590 3653 captaa,
1646 3599 1714 3638 eo
1770 3581 2151 3648 impudentius.

493 3654 882 3720 devenerunt,
933 3659 999 3708 ut.
1029 3653 1242 3709 belluis
1271 3653 1417 3725 ipsis
1467 3655 1806 3720 deteriores,
1866 3655 1974 3711 has
2031 3675 2148 3716 non

492 3725 610 3780 alio
637 3725 1234 3801 consilioadhibeant
1265 3727 1554 3801 peregrini
1585 3731 1828 3801 ornatus
1860 3726 2148 3801 fallacias,

499 3805 775 3870 quamiut
801 3797 874 3852 ab
901 3796 1242 3853 hominibus
1269 3796 1488 3870 ’viderii
1513 3797 1701 3870 iisque
1735 3797 1962 3869 placere
2009 3796 2148 3870 pos;

503 3867 643 3924 aint.
679 3869 830 3924 Tum
855 3870 1140 3942 continuo
1173 3885 1278 3942 eas
1323 3869 1578 3927 Narcissi
1612 3867 1899 3942 exemplo
1947 3867 2022 3927 δι’
2060 3891 2149 3930 sa-

496 3956 731 4014 crorum
763 3941 1035 4014 codicum
1057 3939 1403 3998 auctoritate
1434 3943 1718 4013 coarguit,
1743 3939 1872 4014 quae
1895 3945 2148 4014 speculis

497 4012 570 4085 ad
602 4011 857 4067 fucatam
895 4011 1103 4085 faciem
1131 4028 1300 4085 suam
1342 4011 1849 4085 contemplandam
1878 4011 2145 4074 utuntur.

493 4083 692 4165 Neque
723 4083 1241 4165 pogro‘quidquam
1275 4083 1606 4165 innearum'_
1627 4086 1877 4165 gratiam
1940 4087 2148 4165 fecisse

497 4152 759 4224 reginam
795 4152 1171 4227 Esther,_quae
1203 4154 1467 4227 mystice,
1492 4155 1609 4218 regi
1637 4152 1704 4211 ut
1734 4156 2007 4227 placeret,
2050 4179 2148 4216 0r-

495 4235 654 4287 nata,
689 4241 787 4287 pro
821 4225 1278 4294 pulchritudinis
1310 4226 1496 4296 pretio
1532 4225 1810 4294 populum
1853 4225 2027 4284 suum
2075 4234 2147 4288 ab

493 4296 660 4353 hoste
691 4296 940 4352 liberare
969 4298 1207 4353 meruit.
1241 4300 1468 4361 Quanto
1501 4314 1671 4366 porro
1719 4317 1789 4355 ex
1833 4299 2146 4361 immodico

492 4369 691 4424 formas
723 4369 968 4441 culturet
997 4375 1214 4441 ornatu
1235 4370 1499 4441 orientur
1523 4369 1697 4440 mala,
1719 4384 2030 4441 postquam
2051 4393 2144 4441 pa-

491 4441 709 4504 tefecit,
742 4440 1085 4514 angelorum
1117 4446 1174 4497 et
1197 4439 1645 4497 Sichimitarum
1679 4439 1947 4514 exemplo
1978 4439 2144 4502 colli-

489 4513 576 4585 git
593 4517 758 4641 maéaa
775 4513 1080 4586 capiditati
1113 4529 1336 4568 morem
1361 4530 1476 4568 non
1509 4529 1634 4570 esse
1656 4515 1729 4570 ab
1744 4513 1862 4572 ullo
1878 4533 2142 4588 unquam

494 4601 671 4641 ρει-θη
719 4601 841 4641 um.

494 4601 708 4657 gersna
719 4601 841 4641 um.

563 4657 852 4729 Quoniam
885 4659 1083 4729 autem
1114 4655 1225 4729 hoc
1245 4655 1613 4729 vitiumnon
1645 4657 1897 4713 feminas
1927 4660 2140 4729 solum,

490 4729 589 4782 sed
618 4728 886 4784 homines
917 4728 1089 4783 etiam
1125 4727 1439 4794 invaserat,
1473 4727 1611 4782 hinc
1645 4733 1702 4783 et
1731 4730 1785 4783 in
1821 4747 1919 4785 eos
1945 4727 2138 4788 insuré

495 4799 581 4870 git
607 4799 678 4857 εἳ.
727 4801 828 4869 qui
858 4799 1182 4854 meretricio
1205 4815 1368 4854 more
1400 4799 1634 4860 attonsi.
1668 4801 2034 4857 tenuissimis
2078 4822 2145 4860 ac

494 4870 811 4938 perlucidis
840 4871 1099 4942 vestibus
1136 4870 1352 4936 induti;
1401 4887 1748 4942 comamque
1788 4873 1943 4928 sicut
1983 4875 2142 4931 femi-

493 4942 960 5017 ngenutrientes,
1002 4941 1204 4998 eadem
1245 4943 1421 5017 etiam
1451 4941 1790 5017 atquejillaa
1844 4955 2146 5017 unguenta

494 5012 751 5087 olebant.
800 5013 1078 5087 Civitates
1128 5030 1315 5087 porro‘
1346 5012 1416 5066 iis
1439 5013 1598 5087 dicit,
1631 5015 1812 5070 luisse
1855 5012 2142 5087 oppletas.

489 5084 591 5155 qui
635 5085 743 5140 bos
772 5085 1137 5141 effeminatos
1163 5083 1450 5148 homines,
1482 5103 1514 5139 a
1534 5085 1790 5153 Diogene
1819 5083 1976 5144 haud
2011 5083 2140 5146 ille?

491 5157 626 5228 pide
673 5156 920 5228 irrisos,
956 5156 1248 5228 picabant,
1301 5155 1606 5222 radebant,
1659 5157 1968 5215 vellebant.
2027 5163 2141 5218 Nec

487 5226 698 5283 minori
733 5229 788 5283 id
823 5226 958 5282 aliis
990 5227 1130 5281 vitio
1162 5228 1351 5292 vertit,
1389 5229 1542 5296 quod
1577 5245 1756 5284 canos
1778 5230 1927 5288 alios
1949 5234 2141 5290 colore

487 5301 818 5370 pingentes,
850 5297 1203 5365 venerabile,
1236 5298 1469 5370 ipsique
1510 5299 1624 5354 Deo
1673 5301 1866 5358 simile
1905 5307 2136 5362 senium

484 5369 691 5428 exuere
723 5389 786 5428 se
818 5387 990 5442 posse
1013 5371 1232 5426 frustra
1261 5369 1720 5442 arbitrabantur.

555 5440 839 5499 Muliebre
868 5442 1049 5514 igitur
1077 5458 1206 5498 esse
1229 5440 1488 5514 declarat
1528 5443 1720 5498 crines
1769 5445 2002 5513 vellere,
2048 5448 2140 5504 vel

481 5531 582 5570 eos
613 5513 962 5586 componere
991 5515 1060 5570 ad
1096 5513 1422 5585 speculum.
1475 5530 1540 5570 ac
1591 5532 1756 5571 suam
1827 5535 1968 5576 auro
2006 5537 2141 5575 con-

483 5593 676 5642 texere
706 5587 793 5644 vel
826 5591 1004 5642 totam
1051 5593 1292 5650 vestem,
1323 5586 1411 5640 vel
1443 5586 1574 5655 ejus
1610 5588 1925 5644 ﬁmbriam.
1987 5596 2138 5646 Deus

485 5659 784 5716 enimvero
815 5675 946 5716 cum
980 5659 1258 5715 feminam
1290 5657 1554 5729 glabram
1597 5658 1936 5733 laevemque,
1962 5663 2139 5720 homi-

2267 3156 2537 3230 futilibus
2561 3158 2854 3224 tincturis,
2886 3165 2945 3213 et
2973 3148 3607 3230 emptitiis'mancipii's,
3637 3153 3718 3208 sed
3733 3148 3825 3230 biti-

2264 3228 2390 3301 neis
2423 3245 2675 3298 quoque,
2700 3223 3026 3285 incredibili
3048 3223 3828 3301 magnificentiaexstr‘uendis.

2263 3297 2541 3373 mulieres
2567 3297 2627 3356 et
2659 3301 2762 3356 viri
2792 3301 2944 3357 bona
2972 3297 3340 3373 dissipabunt
3372 3317 3474 3356 sua
3498 3300 3554 3353 δ”.
3579 3297 3651 3373 lbi
3677 3299 3828 3350 autem

2263 3372 2361 3427 ubi
2393 3373 2734 3445 communia
2762 3378 2930 3428 erant
2957 3371 3226 3445 utrisque
3249 3374 3490 3436 lavacra,
3511 3371 3832 3426 acinnumcra

2261 3460 2361 3498 seu
2394 3444 2466 3498 ad
2496 3443 2831 3510 lavandum,
2859 3461 2962 3500 seu
2993 3447 3064 3500 ad
3099 3443 3450 3500 vescendum
3483 3458 3636 3498 aurea
3669 3451 3830 3510 argen-

2258 3519 2470 3586 teaque
2492 3531 2648 3581 vasa,
2681 3509 2870 3585 majOr
2892 3533 3034 3572 sane
3065 3516 3384 3573 mulierum
3432 3529 3596 3586 quam
3636 3509 3830 3565 athleta-

2258 3586 2814 3660 rumrimpudentia,
2843 3606 2910 3644 eo
2936 3605 3124 3658 usque
3183 3587 3637 3660 processerat,_ut
3679 3591 3830 3660 coram

2259 3659 2446 3714 servis
2478 3649 2690 3714 nudari
2721 3649 2835 3715 non
2868 3649 3306 3716 erubescerent.
3339 3649 3826 3729 Quamobrem‘leB-

2259 3746 2558 3802 menseas
2587 3731 3128 3802 acriterobiurgat,
3163 3723 3446 3802 docetque
3470 3745 3578 3802 non
3611 3723 3751 3780 modo
3789 3723 3828 3772 in

2255 3800 2508 3866 balneis,
2542 3803 2644 3857 sed
2669 3801 2829 3858 domi
2853 3800 3053 3868 etiam,
3086 3807 3143 3858 et
3173 3800 3421 3859 omniin
3467 3801 3582 3856 loco
3610 3809 3828 3853 verecun-

2257 3873 2414 4000 giam
2448 3878 2504 3928 et
2534 3875 2814 3945 pudorem
2848 3877 2921 3930 ab
2950 3875 3231 3931 omnibus
3264 3889 3491 3946 semper
3513 3887 3626 3928 esse
3645 3879 3828 3923 servan-

2300 3961 2425 4000 um.

2300 3961 2425 4000 um.

2328 4021 2505 4071 Porro
2538 4022 2729 4072 autem
2763 4016 3005 4091 divitiis,
3035 4017 3228 4091 inquit
3260 4017 3325 4083 ³⁸,
3357 4017 3625 4088 quantum
3659 4007 3827 4091 rationi

2256 4092 2713 4143 consentaneum
2746 4093 2837 4143 est
2866 4080 3191 4158 abundare,
3222 4093 3281 4144 et
3302 4080 3399 4144 eas
3430 4103 3538 4142 non
3558 4081 3754 4139 sordide
3789 4080 3830 4157 ξι

2257 4165 2620 4231 arroganter,
2642 4161 2741 4215 sed
2752 4161 3006 4232 benigne
3019 4166 3075 4215 et
3091 4159 3413 4216 liberaliter
3426 4159 3554 4232 aliis
3570 4164 3829 4232 communi-

2256 4222 2725 4305 caret—debemus.
2775 4222 2941 4305 Nam,
2996 4232 3069 4287 iis
3113 4233 3414 4305 exceptis,
3444 4228 3647 4305 nullum
3698 4222 3829 4305 ρξῇοθ

2256 4321 2486 4379 servum
2508 4304 2660 4379 inter
2687 4309 2750 4379 et_
2767 4293 2968 4379 domin
2980 4321 3076 4360 um
3089 4347 3105 4379 ,ί
3126 4305 3238 4379 nisi
3312 4293 3532 4379 uo'dAhic
3550 4293 3832 4379 imbecillior

2256 4375 2351 4439 sit,
2384 4377 2694 4430 intercedit
2723 4376 3059 4430 discrimen.
3085 4376 3233 4440 Quid
3267 4367 3401 4431 vero
3422 4375 3449 4430 ?
3475 4371 3614 4444 quod
3638 4368 3706 4444 vir
3728 4367 3827 4444 ltis-

2255 4452 2353 4502 tus
2384 4449 2682 4523 et_bonus,
2716 4448 2830 4523 etsi
2853 4464 3072 4519 pauper
3103 4439 3410 4518 inglorius,
3435 4439 3587 4500 dives
3605 4447 3653 4496 et
3671 4439 3830 4523 bestiis

2255 4526 2343 4595 est
2368 4519 2502 4595 :__vir
2522 4525 2716 4574 autem
2751 4512 3011 4595 injnstu's
3045 4525 3102 4574 et
3145 4512 3446 4595 arrogans,
3487 4512 3829 4595 quamvis}?

2255 4593 2348 4656 da,
2383 4591 2614 4662 Cinyra,
2646 4597 2703 4646 et
2732 4583 2920 4660 eo'qui
2951 4597 3233 4647 Lazarum
3267 4583 3542 4660 despexit,
3585 4585 3652 4640 sit
3677 4583 3829 4639 ditior,

2257 4679 2479 4732 pauper
2535 4669 2626 4716 est
2673 4667 2730 4717 et
2777 4663 2974 4718 miser.
3028 4662 3250 4717 Divitiae
3276 4663 3430 4717 enim
3463 4676 3570 4715 non
3598 4668 3748 4732 secus.
3781 4662 3830 4732 at

2255 4721 2522 4802 serpens,
2584 4733 2694 4789 nisi
2777 4739 2945 4790 caute
3019 4733 3546 4804 apprehendantur,
3616 4721 3832 4804 ωοηάερὲ

2256 4795 2397 4861 sane
2429 4812 2484 4861 et
2511 4795 2836 4861 ioll'endunt.
2871 4807 2950 4860 Ex
2980 4795 3072 4860 his
3094 4795 3292 4874 itaque
3312 4804 3567 4876 Clemens
3587 4795 3829 4876 concludtt

2253 4895 2421 4932 veras
2453 4878 2688 4932 divitias
2728 4877 2785 4931 in
2820 4878 3020 4932 anima
3050 4882 3279 4931 tantum
3331 4891 3457 4931 esse
3503 4874 3652 4935 sitas,
3693 4874 3828 4946 nith-

2255 4966 2383 5004 rum
2415 4949 2477 5004 in
2512 4949 3006 5015 virtute._justitia
3036 4954 3094 5002 et
3125 4953 3280 5003 recta
3311 4949 3544 5002 ratione.
3590 4938 3741 5015 Atqui
3766 4934 3829 4988 ha

2254 5038 2386 5076 cum
2413 5039 2439 5072 a
2475 5020 2600 5075 solo
2631 5021 2756 5074 viro
2775 5011 2928 5076 bono
2961 5021 3286 5090 comparari
3317 5025 3554 5087 possmt,
3585 5011 3724 5090 solus
3743 5022 3824 5090 {tl}-

2254 5098 2370 5166 tem
2404 5092 2778 5166 Chrsitianus
2803 5093 2878 5147 sit
2909 5076 3123 5166 bonus,
3153 5091 3290 5147 inde
3317 5076 3485 5166 infert
3532 5076 3622 5143 eas
3647 5084 3708 5166 ab
3749 5076 3825 5166 illi}

2253 5165 2378 5220 solo
2406 5164 2715 5231 possideri,
2750 5180 2853 5219 nec
2883 5163 3100 5220 auferri
3133 5180 3320 5233 posse,
3354 5164 3561 5234 quippe
3588 5163 3679 5229 qui
3721 5163 3824 5205 cum

2253 5236 2371 5291 illis
2403 5237 2584 5292 Deum
2617 5241 2674 5290 et
2704 5235 2904 5291 omnia
2935 5234 3250 5304 possideat.

2325 5310 2716 5363 Immoderata
2743 5323 2876 5362 vero
2906 5296 3267 5362 terrenarum
3301 5320 3472 5373 opum
3509 5296 3830 5375 cupiditas“!

2250 5381 2289 5433 1
2309 5360 2580 5450 magis
2595 5360 2980 5434 cerasina
3000 5360 3381 5450 sesama,
3395 5381 3465 5450 Aet
3488 5360 3638 5450 illum
3661 5366 3721 5421 ad
3740 5360 3828 5450 illi;

2251 5451 2397 5526 citas
2426 5447 2688 5526 delicias,
2720 5455 3039 5526 turpesque
3059 5455 3116 5506 et.
3139 5448 3405 5526 rationali
3430 5447 3676 5526 creatur}
3692 5449 3828 5526 EE"

2249 5528 2346 5577 tus
2378 5521 2648 5588 indignas
2678 5511 3032 5593 voluptates,
3083 5523 3152 5576 ad
3206 5521 3401 5593 luxum
3433 5511 3822 5593 etuingl‘uvierinr.

2249 5579 2590 5664 certumque
2622 5579 2993 5663 naufragium
3023 5579 3208 5649 allicit
3233 5598 3290 5647 et
3327 5579 3823 5664 impellitZ‘Flfug'l'Vj

2248 5670 2425 5722 tatem
2456 5659 2656 5738 igitur,
2687 5659 2878 5738 pergit
2906 5670 3110 5723 auctor
3156 5669 3368 5731 noster,
3417 5659 3541 5716 Elia
3585 5659 3744 5712 instar
3776 5659 3821 5699 86

547 5806 597 5842 ⁸ο
625 5822 751 5881 cap.
790 5808 837 5864 1.
864 5807 905 5843 ⁸³
938 5823 1064 5880 cap.
1098 5809 1151 5866 2.
1187 5807 1234 5842 ³⁸
1264 5823 1390 5880 cap.
1425 5809 1477 5863 3.
1509 5809 1555 5844 ⁸³
1587 5823 1716 5882 cap.
1749 5810 1800 5865 4.
1833 5809 1879 5844 3‘
1904 5825 2031 5881 cap.
2063 5810 2117 5867 5.

2260 5824 2350 5884 ap.
2383 5813 2438 5868 6.
2471 5810 2516 5848 ³⁸
2546 5829 2671 5883 cap.
2700 5813 2755 5869 7.
