3978 6200
215 245 301 299 825

215 364 328 424 etari
355 359 644 424 debemus,
670 370 857 427 neque
886 353 1141 426 superba
1171 357 1580 427 argenteorum
1601 371 1810 410 aureo.

215 449 414 505 rumque
445 446 711 505 vasorum
745 425 1146 505 multitudine,
1188 425 1304 505 vel‘
1331 426 1503 480 turba
1559 427 1810 505 famulo-

212 527 313 565 rum
333 498 780 575 gloriari,neque
812 498 1146 575 divitiarum
1181 499 1602 575 nostro_rum_,si
1637 499 1811 575 iisaf-

212 569 438 637 fluam'us,
473 574 654 628 nimia
689 569 874 626 teneri
927 587 1067 625 cura
1114 575 1169 624 et
1201 569 1622 624 sollicitudine.
1688 572 1810 625 illis

205 667 359 723 porro,
389 647 482 723 qni
511 643 1108 723 inde_vel_ti_m-endan_i
1132 646 1486 723 egestatem,
1520 641 1608 723 vel
1645 643 1810 712 justo

231 737 370 778 auem
404 714 714 788 aliquando
745 715 1001 769 defuisse
1033 714 1144 769 sibi
1178 729 1469 784 opponere
1519 720 1807 785 poterant,

221 792 623 849 uculentissime
654 788 984 857 respondet.

257 865 351 919 Nec
399 863 590 916 minus
640 854 1014 930 perspicuum
1062 854 1467 924 facitalquam
1517 855 1678 912 dives
1728 856 1814 930 _sit

203 934 468 1008 frugalitas
484 949 614 1008 _q_ua_
642 928 713 986 ad
745 930 1008 1008 laborem
1035 943 1294 1008 omnem,
1321 944 1586 1008 angores,
1628 928 1810 1008 mole~

203 1000 315 1063 aliis
341 1013 390 1061 et
420 1000 763 1059 alﬂictiones
797 1001 1085 1073 patienter
1137 1000 1466 1073 tolerandas
1517 1000 1663 1073 bene
1720 1000 1808 1055 in-

199 1078 390 1143 structi,
420 1083 648 1130 terrena
680 1070 832 1129 bona
859 1071 1241 1143 despicimus.
1266 1070 1478 1143 subdit
1501 1071 1808 1142 plurajam

203 1169 227 1208 ε
249 1168 300 1205 se
326 1142 388 1204 de
415 1149 732 1218 conjugum
767 1142 980 1218 ofﬁciis
1008 1152 1062 1198 et
1094 1143 1164 1218 de
1190 1142 1520 1218 Christiana
1566 1143 1810 1199 institu-

201 1224 325 1277 tione
351 1214 865 1289 fuisse'di'sputata.
892 1215 1282 1289 Quamobrem
1309 1214 1658 1285 Penelopen,
1683 1233 1808 1286 quas

197 1300 300 1366 post
324 1285 1281 1366 dintunnam'viriabsentiamnulli
1313 1303 1571 1366 unquam
1594 1285 1812 1366 nubere

197 1358 362 1427 voluit,
395 1364 447 1417 in
481 1361 615 1417 fidei
649 1360 1001 1432 conjugalis,
1036 1364 1091 1413 et
1120 1362 1438 1432 Spartanos
1469 1358 1569 1428 qui
1595 1361 1808 1432 utado.

199 1437 443 1491 lescentes
493 1436 564 1488 ab
619 1429 899 1488 ebrietate
947 1432 1325 1494 deterrerent,
1377 1429 1568 1499 ilotas,
1620 1431 1676 1484 id
1725 1436 1813 1486 est

198 1524 358 1563 servos
387 1523 539 1571 suos,
576 1504 855 1559 inebriari
888 1503 1190 1573 cogebant,
1221 1501 1281 1555 in
1307 1501 1659 1569 frugalitatis
1680 1519 1810 1574 pro-

199 1581 327 1650 ponit
352 1577 699 1648 exemplum.
734 1577 1013 1650 Observat
1038 1574 1487 1650 autem-triplex
1509 1589 1660 1650 nesse
1702 1575 1809 1629 ho-

200 1643 384 1706 ininum
414 1643 634 1721 genus,
656 1665 726 1702 ex
758 1643 1291 1721 quibusnonnulli,
1318 1645 1471 1721 sicut
1491 1645 1807 1721 Abraham,

1308 234 1404 285 DE
1442 233 1702 288 TRIBUS
1737 234 2121 292 PEDAGOGI
2159 236 2417 290 LIBRIS.

3465 234 3573 290 826

1841 358 1895 425 Α
1925 356 2026 423 ait,
2061 356 2328 429 simplex,
2376 357 2617 424 munda,
2679 356 2944 429 honesta,
3003 357 3246 429 frugalis
3277 374 3360 429 ac
3396 358 3574 415 unius

1925 427 2195 496 tantum,
2213 429 2328 484 albi
2362 429 2585 484 scilicet
2617 428 2828 484 coloris
2859 434 2915 484 et
2971 427 3170 493 nativi,
3204 447 3234 484 a
3285 427 3572 485 fullonum

1921 501 2169 555 artificio
2200 501 2410 568 aliena,
2446 517 2727 571 personae,
2746 501 2923 569 (ntali,
2944 501 3238 573 dignitati,
3259 504 3419 556 sexui
3441 508 3577 571 apta

1920 579 1977 626 et
2007 575 2356 627 conveniens
2389 590 2517 628 esse
2549 573 2738 628 debet.
2774 573 3017 628 lnaures
3047 580 3244 628 autem
3272 574 3574 644 Paadngogi

1921 643 2149 715 legibus
2181 646 2388 699 vetitas
2420 661 2547 700 esse
2576 647 2853 700 ostendit.
2886 662 2952 700 ac
2985 645 3280 700 hominem
3304 644 3404 715 qui
3434 643 3576 700 auro

1920 733 1982 770 se
2013 716 2208 770 ornari
2239 716 2443 781 credit,
2476 715 2736 786 seipsurn
2770 717 2880 787 illo
2920 717 3164 787 probare
3215 716 3572 770 inferiorem.

1919 791 2176 842 Aureum
2209 793 2404 843 tamen
2433 792 2718 843 annulum
2769 786 3002 843 mulieri
3035 788 3322 849 concedit,
3357 806 3468 842 non
3502 789 3571 842 ad

1920 867 2189 914 ornatum
2225 861 2486 930 quidem,
2519 860 2605 913 vel
2639 860 2710 914 ad
2742 859 3064 914 nobilitatis
3092 877 3208 914 suae
3232 862 3575 914 ostentatio-

1923 947 2078 996 nem,
2113 933 2212 986 sed
2247 948 2362 1000 quo
2393 948 2460 986 ea
2493 948 2619 1000 quae
2653 932 2814 986 domi
2863 933 3152 986 servanda
3209 938 3370 996 sunt,
3421 931 3573 986 elisi-

1920 1010 2192 1072 gnentur.
2226 1003 2340 1058 Nec
2372 1004 2430 1057 in
2463 1002 2607 1058 alios
2640 1020 2784 1058 usus
2824 1003 2947 1057 viro
3006 1002 3191 1056 caelibi
3222 1019 3288 1056 ac
3340 1002 3572 1072 publico

1921 1091 2166 1155 mnnere
2196 1074 2458 1155 l'ungenti
2491 1091 2625 1155 eum
2659 1075 2962 1155 permittit.
2989 1073 3153 1155 Hnno
3176 1078 3574 1155 autemparvo

1919 1145 2044 1217 vult
2074 1145 2238 1200 indui
2270 1145 2474 1215 digito,
2507 1146 2820 1217 nullosque
2850 1147 2910 1201 in
2940 1162 3006 1201 eo
3029 1147 3271 1217 deorum
3306 1153 3408 1198 aut
3449 1146 3572 1217 ido-

1921 1216 2136 1280 lorum,
2167 1219 2267 1273 sed
2300 1217 2608 1282 columbae,
2645 1216 2843 1287 piscis,
2897 1219 3098 1282 maris,
3148 1216 3436 1280 anchorae,
3485 1216 3572 1272 vel

1920 1289 2179 1357 ejusdem
2225 1290 2458 1360 generis
2503 1290 2725 1360 efﬁgies
2771 1295 2826 1343 et
2855 1290 3025 1360 signa
3077 1289 3327 1358 insculpi
3363 1293 3418 1342 et
3473 1305 3571 1342 ex-

1922 1360 2115 1430 primi.
2151 1360 2235 1415 Ibi
2269 1379 2437 1430 porro
2468 1361 2656 1415 obiter
2697 1367 2892 1415 monet
2945 1360 3216 1416 Clemens
3257 1360 3571 1430 quemdam

1923 1431 2316 1502 pulchriorem
2351 1433 2624 1488 vestitum
2657 1437 2712 1487 et
2737 1437 3005 1487 ornatum
3043 1431 3321 1486 uxoribus
3365 1448 3570 1486 conce-

1920 1503 2202 1569 dendum,
2237 1520 2350 1573 quo
2379 1502 2518 1559 solis
2569 1503 2731 1571 viris,
2786 1503 3028 1557 minime
3088 1519 3218 1558 vero
3277 1503 3431 1570 aliis,
3493 1504 3574 1558 ita

1921 1573 2209 1658 placeant,
2243 1580 2307 1628 ut
2327 1576 2457 1630 illos
2483 1574 2832 1658 pedetentim
2855 1573 3081 1658 possint
3107 1575 3176 1631 ad
3200 1575 3504 1658 moderatu
3518 1592 3571 1628 m

1920 1651 2428 1717 temperatumque
2448 1647 2674 1702 vivendi
2698 1664 2886 1718 genus
2908 1647 3218 1718 adducere.
3238 1651 3314 1700 At
3335 1663 3568 1701 omnem

201 1716 533 1799 spontesna;
563 1719 667 1799 alii
705 1716 929 1799 vernali
951 1716 1408 1799 aliisadmoniti,
1431 1718 1808 1799 quemadmoo
1841 1735 1886 1799 Β
1919 1735 2161 1799 prorsus
2195 1716 2396 1774 luxum
2431 1725 2488 1774 et
2509 1716 2732 1799 fucum,
2767 1735 2870 1799 nec
2901 1717 3046 1773 satis
3076 1718 3355 1799 modesta.
3374 1723 3430 1772 et
3461 1735 3570 1799 pn-

199 1789 305 1848 dum
333 1793 538 1849 Christi
570 1789 876 1862 discipuli,
924 1790 1201 1862 virtutem
1255 1792 1526 1862 qnaerunt
1569 1794 1631 1862 et
1680 1806 1810 1843 am-

199 1865 495 1938 plexantur;
528 1862 632 1938 alii
668 1859 929 1938 tandem,
961 1860 1116 1938 velut.
1149 1859 1400 1938 pqpulus
1424 1859 1683 1938 gentilis,
1707 1878 1813 1916 nec

204 1931 338 2002 ultro,
369 1931 618 2006 neepiis
651 1933 1149 1990 admonitionibus
1199 1931 1352 1988 ﬂecti
1403 1936 1651 2006 possunt
1684 1937 1815 2006 “aut

202 2007 393 2062 erudiri.
418 2002 786 2078 Quapropter
807 2006 1037 2078 divinus
1056 2008 1254 2078 noster
1304 2005 1657 2076 pmdagogus
1673 2002 1812 2078 illos

204 2089 243 2134 et
271 2073 446 2135 verbis
467 2085 522 2135 et
545 2073 845 2148 'exe'mplis
895 2077 979 2132 vel
1029 2094 1060 2130 a
1101 2076 1256 2130 vitiis
1302 2073 1575 2141 revocat;
1604 2073 1688 2130 vel
1739 2077 1810 2148 ad

208 2153 428 2206 virtutem
459 2147 829 2206 adhortatur.
863 2149 944 2203 Ex
985 2149 1160 2202 variis
1209 2151 1403 2203 autem
1452 2147 1812 2217 ejuscemodi

207 2223 436 2294 exemplis
468 2239 654 2277 unum
693 2221 969 2276 Clemens
1000 2219 1812 2294 seligit,_nempe_Sodomjta§

206 2288 590 2365 men-quorum
628 2294 835 2362 utique
867 2288 1154 2365 supplicio
1195 2288 1628 2365 alii_cautiores
1686 2291 1808 2346 ﬁeri

205 2362 390 2421 debent.
421 2366 496 2421 Ex
524 2366 695 2420 Judae
719 2362 1007 2432 siquidem
1027 2362 1273 2434 epistola
1297 2363 1660 2418 demonstrat
1687 2380 1812 2433 eos,

203 2439 277 2508 qui
305 2455 401 2493 non
434 2437 490 2493 in
521 2440 755 2501 eadem,
789 2453 853 2491 ac
893 2435 996 2508 illi,
1053 2441 1286 2508 peccata
1337 2434 1588 2508 prolapsi
1649 2441 1808 2505 sunt,

203 2509 604 2590 similespcenas
669 2526 786 2563 non
841 2507 1119 2590 dedisse.‘
1152 2507 1463 2590 Subnectit
1507 2510 1700 2561 autem
1747 2522 1810 2562 se

204 2581 336 2651 plura
358 2577 955 2652 aliaintemperantiae
997 2577 1279 2652 et_luxus
1330 2579 1584 2650 proferre
1637 2595 1807 2650 posse

204 2649 441 2777 Sxeznpla,
471 2654 572 2709 sed
603 2649 751 2718 illis,
785 2668 856 2708 ne
887 2649 1166 2723 prolixior
1203 2651 1300 2720 sit,
1337 2649 1487 2706 esse
1532 2649 1805 2720 superse-

233 2741 285 2777 en
324 2741 428 2777 um.

233 2728 428 2779 cadum.

256 2797 321 2850 Ad
350 2795 577 2851 balneas
611 2799 809 2848 autem
848 2799 979 2862 post
1012 2793 1246 2862 longam
1299 2808 1460 2847 sane.
1508 2807 1805 2862 quamque

207 2865 302 2936 ipse
326 2875 566 2935 excusat,
619 2865 1045 2936 digressionem
1099 2864 1406 2936 revertitur
1433 2864 1496 2916 ³⁸.
1548 2867 1808 2936 Quatuor

205 2934 306 2992 vero
330 2940 453 2993 dicit
471 2934 710 2992 illarum
730 2955 859 2991 esse
882 2953 1109 3002 causas,
1134 2934 1508 2991 munditiam.
1531 2935 1802 3002 calorem,

209 3011 485 3073 sanitatem,
515 3010 901 3072 voluntatem.
928 3015 999 3061 At
1021 3008 1519 3077 quemadmodum
1541 3007 1803 3061 mulieri-

209 3082 620 3170 buslmnnditiae,
651 3097 720 3134 ac
755 3081 897 3135 viris
946 3080 1220 3135 sanitatis
1275 3095 1453 3170 cansa
1474 3079 1802 3170 Jpermissas
1834 3105 1876 3170 ρ

209 3158 329 3219 sunt,
353 3156 424 3208 ita
445 3153 654 3208 caloris
683 3169 820 3222 ergo
852 3167 1241 3222 supervacuae,
1267 3167 1330 3205 ac
1364 3150 1596 3222 tandem
1643 3150 1804 3205 volu-

207 3227 345 3292 ptatis
366 3227 543 3296 gratia
574 3221 1130 3296 omnibusiomnine
1162 3221 1510 3296 Christianis
1562 3223 1808 3296 interdi-

210 3293 393 3351 cuntur:
421 3303 648 3352 Atvero
712 3295 986 3366 quoniam
1051 3293 1410 3366 frequentior
1467 3295 1804 3366 earumdem

209 3383 315 3440 nsus
341 3369 581 3440 corporis
613 3364 773 3422 vires
805 3364 1327 3440 debilitatetswpe
1356 3364 1638 3440 dissolvit,
1663 3365 1808 3440 hinc

208 3437 633 3512 Clemens'arguit
668 3456 789 3512 non
817 3454 1050 3510 semper
1076 3437 1418 3512 lavandum,
1450 3438 1547 3492 sed
1582 3437 1803 3512 haben-

211 3512 307 3582 dam
338 3509 528 3580 aetatis,
556 3511 828 3582 corporis
859 3515 914 3566 et
935 3509 1220 3582 temporis
1247 3511 1554 3582 rationem,
1607 3525 1712 3563 nec
1747 3510 1803 3564 in

209 3580 385 3653 balneis
413 3584 597 3639 aliena
631 3580 896 3653 unquam
931 3598 1039 3652 ope
1071 3587 1124 3636 et
1150 3580 1474 3653 ministerio
1499 3582 1805 3636 utendum.

208 3651 293 3707 Nos
318 3661 488 3709 autem
512 3656 591 3710 ibi
625 3651 908 3710 admonet
938 3651 1109 3723 lenge
1135 3652 1514 3722 praestantius
1536 3668 1666 3706 esse
1687 3653 1808 3706 ani-

209 3740 286 3778 ma
310 3741 464 3795 quam
494 3727 762 3796 corporis
790 3729 1108 3790 lavacrum,
1137 3729 1335 3796 utpote
1365 3741 1479 3795 quo
1504 3723 1666 3780 illius
1688 3741 1806 3779 sor-

208 3796 289 3870 des
304 3804 349 3851 et
375 3805 596 3866 peccata
629 3798 868 3870 penitus
897 3797 1198 3853 eluuntur.

263 3867 606 3938 Gymnasium
629 3865 830 3940 'porro
879 3886 981 3924 seu
1012 3866 1272 3940 corporis
1307 3865 1805 3940 exercitationem

215 3953 307 4007 qua
330 3943 388 3996 ad
416 3942 570 3997 illius
601 3938 920 3997 sanitatem
957 3938 1127 3995 utilis
1147 3943 1257 4005 est,
1289 3939 1457 3994 docet
1474 3938 1808 3994 Clemens3°

213 4011 623 4084 adolescentibus
658 4029 762 4084 pro
793 4012 1000 4067 balneo
1032 4012 1322 4075 sufficere,
1375 4015 1554 4084 atque
1584 4027 1617 4065 a
1664 4009 1806 4066 viris

213 4081 353 4156 eidem
382 4085 577 4142 balneo
599 4081 733 4140 esse
761 4084 1250 4156 anteponendam.
1271 4082 1541 4156 Mulieres
1569 4098 1806 4156 quoque

212 4152 319 4216 tela,
345 4162 392 4209 et
417 4157 580 4223 lanae,
616 4157 868 4226 aliisque
899 4152 1063 4211 sexui
1095 4172 1202 4210 suo
1235 4154 1507 4226 congruis
1529 4152 1806 4224 operibus

213 4229 405 4303 exerceri
431 4231 639 4303 debere
669 4225 1092 4303 ostendit._Nec
1124 4233 1295 4298 turpe
1323 4225 1570 4303 eisesse
1617 4230 1802 4295 putat,

213 4297 244 4347 si
268 4299 322 4352 ad
371 4302 702 4369 pistrinum,
751 4301 849 4353 ubi
913 4299 1172 4353 Pittacus
1226 4297 1324 4352 rex
1380 4297 1799 4368 Mitylenorum

214 4369 435 4426 noluisse
466 4377 670 4439 fertur,
703 4373 1006 4434 accedant,
1036 4389 1102 4426 ac
1138 4371 1193 4424 in
1226 4369 1354 4425 cibo
1385 4374 1441 4424 et
1474 4374 1610 4438 potu
1661 4369 1801 4425 viris

213 4439 302 4493 suis
328 4444 671 4500 conﬁciendo
703 4448 993 4513 occupata:
1026 4444 1165 4497 sint.
1217 4445 1341 4513 Per
1372 4457 1506 4496 eum
1567 4457 1802 4513 quoque

213 4514 456 4587 nonnullis
482 4516 621 4571 viris
650 4512 1002 4587 quandoque
1033 4513 1170 4569 licet
1200 4512 1508 4587 autlucta,
1533 4516 1635 4566 aut
1666 4512 1802 4587 phe—

214 4581 364 4658 aiuda,
392 4605 481 4642 seu
516 4581 693 4658 parvo
723 4581 924 4657 globo,
955 4592 1056 4641 aut
1114 4583 1492 4658 agricultura,
1521 4587 1643 4658 aut_
1667 4581 1801 4640 sal-

212 4655 294 4708 tem
320 4655 768 4714 deambulatione
797 4659 1070 4713 exerceri.
1107 4655 1253 4724 Quid
1290 4673 1445 4720 vero,
1492 4656 1647 4725 quod
1699 4673 1798 4710 eos

217 4739 378 4800 aquam
409 4731 658 4796 haurire,
689 4729 849 4800 ligna
880 4731 1143 4784 scindere
1175 4734 1232 4783 et
1269 4745 1406 4784 voce
1437 4727 1554 4783 alta
1609 4727 1799 4798 legere

217 4798 467 4870 palchrum
479 4798 800 4858 existimat?
813 4806 885 4856 At
898 4803 953 4855 in
970 4802 1060 4857 his
1075 4800 1586 4856 exercitationibus
1603 4817 1801 4870 quem-

217 4868 472 4939 admodum
505 4874 779 4929 omnibus
810 4874 866 4928 in
903 4875 1097 4939 rebus,
1134 4873 1372 4928 modum
1426 4868 1654 4939 semper
1694 4873 1797 4926 ad-

217 4937 356 5014 hiberi
377 4946 552 5012 jubet.
586 4949 791 5000 Censet
823 4937 1292 5014 denique’artem
1328 4937 1725 5014 piscatoriam,
1747 4944 1795 4997 si

218 5012 565 5088 ptiumfuerit,
595 5015 948 5073 laudabilem
983 5012 1242 5088 quidem
1301 5012 1448 5079 esse,
1508 5015 1607 5088 sed
1668 5031 1796 5070 eam

218 5079 345 5155 longe
371 5079 819 5152 laudabiliorem,
851 5079 1037 5144 sicuti.
1084 5087 1351 5144 Christus
1403 5086 1622 5155 docuit,
1682 5104 1800 5159 qua

220 5168 300 5231 non
328 5159 510 5231 pisces.
545 5162 643 5216 sed
675 5160 944 5216 homines
974 5160 1304 5231 capiuntur.

245 5225 483 5305 .Posthaac
511 5232 607 5288 ille
635 5249 762 5304 quae
794 5233 851 5287 in
882 5233 989 5286 hoc
1019 5225 1076 5287 et
1106 5228 1575 5305 superiorelibrc
1611 5229 1798 5284 fusius

218 5295 452 5376 disputata
481 5295 736 5365 suntfea
764 5305 820 5358 in
854 5305 1145 5376 epitomen
1182 5295 1238 5359 et
1268 5301 1679 5376 compendium
1703 5318 1800 5376 re-

217 5366 324 5436 digit
346 5375 399 5427 ‘°.
428 5377 469 5430 A
497 5382 650 5430 veste
680 5366 1134 5446 autem-incipit,
1168 5366 1537 5446 etquamvis
1595 5373 1667 5426 ab
1699 5372 1799 5427 illa

221 5454 303 5517 non
325 5461 470 5501 omne
500 5464 734 5517 prorsus
763 5463 971 5502 aurum
1006 5445 1107 5503 aut
1130 5445 1436 5502 mollitiem
1457 5451 1672 5517 arceat,
1703 5461 1798 5517 sej-

221 5508 321 5590 dele
340 5508 513 5572 tamen.
541 5520 802 5589 prohibet
850 5536 922 5574 ne
961 5519 1097 5590 quid
1133 5519 1182 5573 ei
1219 5519 1491 5590 addatur,
1524 5516 1676 5586 quod
1725 5516 1796 5570 ad

223 5583 403 5662 mollem
433 5583 898 5662 luxnriosamqne
928 5583 1104 5646 vitam
1156 5589 1477 5662 quemlibet
1535 5583 1794 5662 unquam

223 5658 358 5723 possit
384 5660 678 5732 impellere.
711 5658 1047 5719 Christiana
1077 5658 1276 5733 itaque
1322 5660 1520 5726 vestis,
1571 5664 1636 5715 ut
1676 5660 1798 5731 ipse

277 5794 311 5828 ’π
335 5814 440 5872 cap.
469 5802 578 5859 8.33
605 5821 723 5876 cap.
752 5805 804 5859 9.
840 5803 882 5838 ³⁸
919 5820 1043 5876 cap.
1078 5803 1165 5860 40.
1197 5805 1244 5840 ⁴ο
1272 5820 1397 5876 cap.
1435 5802 1526 5862 14.
1560 5801 1604 5837 ⁵¹
1631 5817 1758 5874 cap.
1792 5803 1878 5858 12:

1925 1787 2052 1844 dica
2083 1797 2426 1846 ornamenta
2453 1790 2780 1860 proscribit.
2808 1790 2982 1845 Porro
3012 1795 3207 1844 autem
3241 1787 3573 1843 ibidemille

1923 1861 2174 1934 explicat
2202 1863 2495 1932 quomodo
2526 1863 2627 1934 pili
2657 1863 2964 1934 crinesque
2998 1861 3291 1934 nutriendi
3326 1865 3381 1916 et
3413 1877 3572 1934 com-

1925 1933 2200 2005 ponendi,
2228 1941 2402 2005 atque
2424 1932 2604 1989 barba
2634 1951 2666 1988 a
2695 1933 2832 1988 viris
2864 1932 3110 2000 alenda;
3153 1950 3220 1988 ac
3277 1932 3572 2005 quomodo

1925 2003 2335 2076 unusquisque
2367 2006 2427 2060 in
2461 2011 2645 2070 metu,
2685 2022 2913 2075 gressu,
2968 2006 3224 2071 incessu,
3283 2003 3574 2075 gestibus,

1923 2076 2152 2149 figuris,
2188 2095 2344 2143 voce,
2379 2083 2640 2146 aspectu,
2664 2087 2840 2148 atque
2870 2093 3008 2147 erga
3026 2076 3270 2132 ancillas
3302 2083 3576 2149 etservos

1923 2146 2051 2204 sese
2080 2165 2278 2218 gerere
2315 2149 2540 2205 debeat.
2573 2151 2723 2204 Tum
2747 2146 2967 2203 deinde
3001 2149 3207 2218 probat
3255 2146 3576 2218 prohibitas

1921 2235 2050 2274 esse
2071 2221 2414 2284 tonstrinas,
2447 2237 2766 2290 cauponas.
2799 2227 3152 2276 tesserarum
3186 2227 3238 2274 et
3263 2219 3406 2274 lucri
3439 2235 3576 2273 cau-

1922 2308 1988 2346 sa
2011 2291 2260 2347 talorum
2283 2291 2521 2350 ludum:
2548 2293 2883 2362 fugiendam
2911 2292 3312 2362 improborum
3336 2307 3578 2346 consue-

1919 2365 2222 2429 tudinem;
2255 2369 2309 2418 et
2330 2361 2682 2434 spectacula,
2716 2361 3009 2434 quidquid
3067 2361 3334 2418 nonnulli
3395 2363 3572 2418 recla-

1921 2441 2100 2499 ment,
2134 2452 2262 2490 esse
2293 2433 2624 2490 interdicta.
2673 2433 2920 2491 Sdbhaec
2972 2433 3210 2505 planum
3253 2434 3398 2505 facit
3456 2450 3573 2504 quo

1919 2506 2120 2562 habitu
2155 2513 2213 2562 et
2242 2508 2412 2563 modo
2442 2508 2581 2564 viris
2614 2504 3032 2562 etmulieribus
3053 2507 3123 2562 ad
3149 2504 3453 2560 ecclesiam
3479 2523 3571 2559 ve-

1919 2578 2223 2640 niendum,
2256 2584 2433 2648 atque
2463 2580 2535 2634 ab
2566 2596 2634 2634 ea
2665 2581 3076 2646 recedendum,
3098 2578 3237 2648 quid
3265 2577 3318 2630 in
3346 2575 3565 2632 osculis

1916 2656 1974 2705 et
2003 2649 2458 2707 salutationibus
2487 2651 2811 2718 vitandum,
2835 2668 2900 2706 ae
2929 2653 3105 2705 vitam
3128 2648 3442 2705 Christiani
3471 2649 3570 2703 de-

1916 2722 2051 2777 bere
2083 2723 2155 2778 ab
2186 2724 2344 2778 omni
2382 2723 2612 2794 penitus
2643 2725 3048 2794 cujuscunque
3074 2720 3210 2776 mali
3232 2719 3566 2792 suspicione

1917 2810 2012 2849 ese
2042 2794 2284 2849 liberam
2317 2800 2376 2850 et
2405 2795 2672 2850 solutam.

1991 2865 2141 2920 Viris
2174 2883 2343 2936 porro
2376 2883 2584 2921 suasor
2615 2871 2672 2921 et
2698 2869 2901 2921 auctor
2921 2869 3010 2920 est
3042 2866 3110 2931 ‘t,
3137 2881 3208 2918 ne
3240 2880 3446 2918 uxores
3469 2879 3565 2918 co-

1915 2954 2040 2992 ram
2074 2937 2312 2992 famulis
2361 2939 2724 3004 osculentur,
2779 2954 2884 2992 nec
2917 2936 3072 2992 ullus
3121 2936 3274 2990 bona
3307 2941 3363 2990 et
3406 2937 3567 3004 justa

1914 3008 2282 3064 ethnicorum
2315 3015 2602 3080 praecepta
2634 3017 2891 3079 respuat,
2924 3010 3024 3064 sed
3058 3024 3257 3063 eorum
3289 3008 3431 3062 vitia
3467 3007 3568 3060 de-

1916 3080 2113 3145 clinet,
2144 3085 2201 3136 et
2231 3088 2499 3136 sanctum
2532 3098 2593 3137 se
2623 3081 2899 3136 omnibus
2938 3087 2995 3136 et
3023 3081 3427 3150 incorruptum
3470 3094 3570 3131 ex-

1919 3151 2136 3207 hibeat.
2168 3157 2382 3208 Verum
2415 3171 2548 3209 cum
2585 3153 2734 3208 mala
2767 3159 2995 3208 tantum
3021 3158 3078 3208 et
3100 3157 3336 3222 peccata
3367 3152 3567 3220 fugere

1918 3229 1975 3278 et
2006 3226 2317 3280 emendare
2350 3243 2460 3279 non
2496 3225 2768 3288 sufficiat,
2804 3224 2914 3279 nisi
2945 3230 3001 3280 et
3031 3221 3226 3279 omnia
3268 3221 3365 3278 Dei
3421 3238 3562 3292 prte-

1917 3304 2083 3368 cepta
2117 3296 2661 3368 impleantur,hinc
2691 3297 2958 3352 Clemens
2998 3312 3142 3368 quis
3171 3310 3238 3349 ea
3267 3295 3386 3350 sint
3433 3298 3568 3368 ante

1917 3365 2609 3440 omnium'poniloculos.
2645 3369 2710 3423 Et
2769 3368 2954 3440 primo
3013 3367 3250 3440 quidem
3309 3365 3567 3440 ostendit

1917 3437 2013 3493 illa
2044 3439 2154 3494 hoc
2185 3437 2482 3495 communi
2516 3441 2724 3495 effeto:
2751 3437 2784 3489 (ἶ
2813 3440 2975 3504 Quod
3010 3439 3116 3494 tibi
3149 3455 3264 3492 non
3299 3438 3383 3491 vis
3415 3437 3562 3502 fieri,

1917 3510 2084 3565 alteri
2115 3529 2230 3566 non
2267 3512 2494 3577 feceris,
2513 3534 2540 3562 ››
2560 3528 2627 3566 ac
2649 3512 2881 3567 duobus
2896 3511 3070 3568 etiam
3090 3509 3394 3566 charilatis
3417 3525 3563 3580 pras-

1916 3583 2098 3654 ceptis
2119 3583 2442 3654 generatim
2469 3584 2776 3639 contineri.
2799 3587 3093 3646 Attamen,
3129 3587 3190 3635 ut
3211 3582 3331 3654 hazc
3352 3581 3566 3654 enoda-

1916 3653 2034 3708 tius
2060 3659 2116 3708 et
2135 3652 2480 3710 distinctius
2509 3655 2894 3725 explicentur,
2915 3655 3113 3710 omnia
3143 3652 3444 3723 sigillatim
3468 3668 3564 3725 ex-

1916 3725 2081 3794 ponit
2111 3726 2293 3781 divini
2327 3726 2509 3781 nostri
2543 3723 2845 3798 Pisdagogi
2877 3730 3182 3798 praecepta,
3217 3729 3391 3794 atque
3447 3723 3565 3793 pri-

1918 3814 2080 3851 mum
2113 3799 2378 3867 quaedam
2436 3798 2609 3853 refert
2665 3799 2724 3852 in
2784 3798 3069 3867 Decalogo
3118 3798 3461 3858 constituta,
3493 3811 3560 3849 ac

1917 3867 2127 3941 deinde
2151 3886 2225 3941 ea
2254 3887 2382 3940 qua:
2414 3870 2487 3925 ab
2515 3870 2716 3925 eodem
2745 3869 3059 3941 Paadagogo
3082 3869 3308 3941 sancita
3332 3872 3469 3941 sunt
3489 3867 3562 3941 de

1917 3939 2194 4011 orationis
2229 3938 2422 4004 modo,
2472 3942 2542 3996 de
2584 3941 2836 4011 jejunio,
2881 3938 3207 4005 sacriﬁciis,
3259 3938 3564 4008 patientia,

1917 4010 2224 4074 militibus,
2247 4012 2546 4082 judicibus
2575 4010 2968 4081 et’divitibus;
2994 4014 3065 4068 de
3090 4011 3423 4083 reipublicae
3464 4011 3566 4083 ad-

1916 4081 2370 4145 ministratiene.
2402 4085 2472 4139 de
2496 4085 2907 4154 jurejurando,
2931 4087 3001 4141 de
3044 4081 3290 4154 acceptae
3337 4081 3566 4154 injnrize

1914 4155 2222 4220 oblivione,
2258 4152 2582 4217 mendacio,
2615 4152 2911 4225 superbia.
2976 4152 3410 4214 miseriCordia,’
3437 4152 3561 4225 ira:

1913 4227 1983 4299 de
2017 4227 2332 4299 diligendis
2364 4229 2641 4297 inimicis,
2665 4223 2734 4283 de
2754 4228 3103 4283 famulorum
3130 4244 3258 4290 usu,
3282 4228 3350 4281 de
3373 4223 3566 4299 fratri-

1912 4298 2022 4352 bus
2055 4294 2388 4372 argucndis.
2425 4301 2495 4354 de
2526 4294 2752 4369 agenda
2785 4300 3144 4372 pmnitentia,
3185 4314 3252 4372 ac
3299 4299 3370 4372 de
3412 4294 3565 4372 elec-

1912 4365 2156 4440 mosyna
2189 4371 2530 4426 hominibus
2562 4365 2968 4441 indigentibus
2997 4369 3405 4441 impertienda,
3459 4365 3564 4441 Hic

1911 4435 2087 4496 etiam
2114 4443 2272 4497 varia
2303 4443 2372 4497 de
2394 4435 2736 4498 Christianae
2761 4443 2882 4497 vitae
2911 4435 3278 4496 institutione
3299 4456 3367 4493 ex
3394 4435 3561 4491 Pauli

1913 4512 2192 4582 Epistolis
2216 4522 2496 4583 praecepta
2519 4513 2798 4585 congerit.
2826 4514 3086 4568 Posthac
3108 4528 3239 4566 vero
3271 4508 3566 4585 spbneotit

1912 4581 1975 4638 se
2010 4581 2270 4654 potuisse
2303 4581 2472 4656 plu—ra
2503 4584 2616 4640 alia
2634 4581 2771 4655 quae
2803 4586 2875 4640 ad
2907 4586 3231 4656 episcopos,
3263 4581 3562 4656 diacpnos,

1907 4653 2115 4712 viduas
2138 4653 2320 4726 aliosq
2333 4673 2402 4712 ue
2420 4653 2705 4725 spectant,
2723 4673 2790 4711 ex
2803 4653 3108 4711 saeri’sScri
3121 4659 3218 4725 ptu
3230 4654 3310 4710 ris
3323 4657 3360 4708 1
3376 4653 3422 4708 8
3438 4669 3564 4726 pro-

1906 4728 2077 4793 ferre,
2101 4729 2201 4783 sed
2234 4723 2398 4783 de'iis
2428 4723 2583 4782 aliud
2619 4728 2736 4782 fere
2768 4727 2999 4782 dicendi
3052 4723 3316 4796 tempus.
3379 4723 3563 4781 Multa

1907 4815 2144 4870 quoque
2176 4801 2234 4853 in
2268 4800 2484 4854 eisdem
2520 4799 2838 4870 Scripturis
2869 4816 2970 4870 per
3000 4799 3315 4868 aenigmata
3362 4801 3418 4870 et
3457 4813 3564 4870 pa-

1907 4867 2138 4926 rabolas
2170 4871 2387 4944 scripta
2417 4888 2545 4926 esse
2576 4867 3022 4944 profitetur,_sec
3043 4871 3113 4926 ad
3136 4867 3203 4925 ea
3227 4887 3339 4925 non
3363 4867 3564 4922 Panda-

1906 4959 2075 5014 gogo,
2111 4942 2595 5010 cujus‘instituta
2637 4944 2760 5013 jam
2817 4942 2961 4999 satis
3011 4945 3380 5010 exposuerat,
3427 4955 3565 5014 esse

1907 5011 2290 5080 énueleanda,
2325 5015 2425 5070 sed
2458 5033 2490 5069 a
2520 5011 2654 5070 solo“
2676 5015 2978 5082 magistro,
3025 5014 3277 5081 Christo,
3337 5011 3563 5068 scilicet

1907 5086 2176 5153 Domino,
2210 5088 2309 5158 qui
2345 5085 2480 5142 boni
2515 5087 2701 5141 Patris
2725 5087 2877 5142 bona
2897 5085 3168 5158 voluntas
3190 5092 3246 5141 et
3272 5084 3562 5158 sapientia

1907 5174 2207 5230 germana,
2231 5156 2348 5214 nos
2377 5163 2582 5214 sancta
2612 5158 2942 5230 cognitione
2972 5157 3183 5214 imbuit
3211 5174 3224 5223 ;
3249 5163 3307 5230 et
3328 5156 3386 5210 in
3409 5172 3558 5230 quo,

1907 5228 1954 5286 si
1991 5231 2284 5285 mandatis
2314 5230 2443 5297 ejus
2477 5230 2788 5285 fecerimus
2819 5229 2985 5295 satis,
3020 5247 3084 5285 ac
3116 5246 3248 5284 eum
3275 5228 3559 5282 fuerimus

1908 5302 2138 5364 imitati,
2175 5319 2406 5372 semper
2435 5303 2824 5357 manebimus.
2856 5303 3004 5357 Tum
3051 5301 3261 5356 deinde
3294 5299 3558 5354 Clemens

1906 5373 2268 5429 Christianos
2300 5373 2672 5444 alloquendo,
2708 5374 3027 5445 plurimum
3061 5391 3159 5429 eos
3209 5372 3558 5426 adhortatur

1908 5453 1973 5500 ut
2003 5445 2262 5518 Ecclesiae
2296 5462 2603 5518 personam
2637 5445 2941 5515 impleant,
2966 5446 3036 5500 ad
3066 5462 3194 5500 eam
3225 5447 3554 5518 accurrunt,

1908 5522 1966 5572 et
1995 5512 2312 5584 Christum,
2347 5534 2520 5588 quem
2551 5512 2734 5572 variis
2758 5517 2962 5571 divina;
2994 5523 3214 5571 naturae
3239 5514 3430 5569 titulis
3471 5512 3551 5566 ibi

1906 5594 2171 5651 exornat,
2197 5589 2390 5661 dignis
2422 5606 2655 5659 semper
2681 5588 2960 5661 laudibus
2973 5595 3420 5661 prosequantur.
3444 5589 3550 5638 Po-

1908 5665 2096 5717 stemo
2144 5659 2466 5733 ipsu'mmet
2522 5661 2784 5717 divinum
2833 5659 3112 5725 Verbum,
3160 5659 3546 5730 Paadagogum
