3978 6200
210 252 298 308 833

747 246 931 300 ΑΜΕ
969 245 1039 298 ΙΝ
1079 245 1692 300 ΟΟΗΟΒΤΔΤΙΟΝΕΜ
1732 247 1819 298 ΕΤ

1938 248 2330 303 EDAGOGUM
2369 250 2984 306 OBSERVATIONES.

3469 256 3574 312 834

209 377 289 434 ille
305 377 496 432 Graece
517 370 1026 445 orationishiatus,
1049 369 1544 445 autamanueusis
1584 370 1806 445 librarii
1847 376 1899 438 Α
1936 375 2061 426 loca
2092 379 2194 427 aut
2223 374 2595 440 corruptione
2629 381 2826 430 notata
2874 384 3206 445 occurrant,
3239 380 3310 433 de
3344 380 3461 436 illis
3514 384 3572 438 in

210 454 626 522 peccatum,_nec
658 448 940 499 Hervetus
969 442 1213 509 indicat,
1243 457 1347 522 nec
1368 459 1472 496 nos
1494 459 1562 497 ex
1592 443 1807 522 Graecis

209 514 388 578 nostris
408 518 728 583 codicibus,
753 531 1006 586 quorum
1031 531 1244 586 magna
1267 514 1384 568 illic
1402 523 1490 569 est
1519 531 1654 569 cum
1686 515 1810 569 edi-

207 596 266 649 tis
289 585 1048 660 consensio,deprehendere
1069 585 1612 660 prossum_us.Neque
1639 602 1809 660 porro

204 661 528 728 Cimmeriis,
573 667 636 715 ut
667 657 853 726 aiunt,
891 659 1148 714 tenebris
1184 659 1277 714 hic
1307 658 1473 713 locus
1506 661 1589 713 sic
1617 657 1772 712 eifun
1802 691 1807 699 -

204 738 355 798 ditur,
393 739 455 789 ut
486 732 846 806 percipiendi
896 731 1152 806 auctor-is
1206 732 1386 806 nostri
1436 746 1648 806 sensus
1676 745 1810 806 spes

202 810 444 864 omnibus
466 801 704 860 omnino
725 804 1038 859 adimatur.
1068 802 1149 856 lbi
1173 805 1328 856 enim
1376 803 1514 873 quid
1539 818 1604 856 eo
1631 801 1809 856 lsaaci

203 882 303 934 risu
332 877 571 949 intelligi
606 877 788 948 possit
814 874 972 949 clare,
996 874 1234 949 omnino
1265 881 1324 949 et
1357 873 1808 949 perspicueCle-

205 967 344 1007 mens
379 944 648 1020 explicat.
677 952 887 1019 Aperte
928 946 1220 1020 siquidem
1244 944 1418 1020 docet
1451 944 1809 1020 patriacbam

205 1024 344 1078 illum
373 1016 472 1091 qui
504 1030 577 1075 ab
607 1016 942 1074 imminenti
975 1016 1188 1072 salutis
1209 1017 1280 1071 ob
1301 1018 1570 1091 Rebeccae
1600 1018 1806 1091 conju-

203 1099 296 1168 gis,
325 1089 429 1168 sibi
458 1093 531 1147 ab
571 1091 948 1168 Abimeiecho
981 1095 1273 1161 praerepta
1309 1089 1567 1168 periculo
1597 1089 1810 1168 libera:

202 1159 291 1222 ius
308 1167 523 1230 riserat,
569 1170 774 1235 typum
799 1170 857 1216 et
878 1159 1123 1235 figuram
1153 1159 1283 1235 esse
1315 1159 1675 1235 Christiani,
1711 1159 1812 1235 qui

204 1236 379 1306 majori
399 1232 862 1290 aeternae—mortis
894 1232 1152 1305 periculo
1169 1232 1366 1306 divina
1380 1232 1591 1306 Christi
1623 1233 1812 1306 gratia

200 1303 503 1374 defunctus,
530 1308 684 1361 ridet
713 1313 770 1362 et
799 1303 1048 1360 laetatur.
1082 1306 1225 1359 Cum
1260 1305 1458 1374 itaque
1484 1304 1605 1358 haec
1631 1303 1809 1368 clara,

201 1397 312 1436 vera
336 1385 390 1434 et
420 1384 584 1433 certa
609 1378 937 1441 videantur,
969 1384 1145 1446 atque
1172 1375 1234 1429 in
1261 1375 1385 1430 sola
1413 1376 1672 1447 mysticae
1705 1375 1813 1429 hu-

196 1454 281 1522 jus
305 1450 708 1523 explicationis
751 1450 1092 1519 probatione
1133 1449 1222 1523 sit
1237 1448 1592 1523 obscuritas,
1627 1453 1810 1500 tente-

201 1519 310 1579 mus
334 1519 613 1595 provirili
637 1529 836 1576 nostra
859 1526 1022 1595 parte
1046 1535 1173 1573 eam
1191 1519 1503 1595 di_sc_utere.
1519 1524 1637 1595 Pro
1658 1526 1813 1595 certo

202 1590 366 1650 autem
395 1593 665 1648 Clemens
722 1590 916 1650 posuit
966 1606 1180 1646 nomen
1229 1590 1464 1646 Rebecca
1513 1592 1668 1644 idem
1712 1591 1813 1643 La-

202 1671 301 1722 tine
327 1681 530 1722 sonare
563 1681 634 1720 ac
662 1662 994 1726 tolerantia;
1027 1665 1349 1718 Rebeccam
1380 1678 1514 1717 vero
1560 1663 1810 1732 figuram

1935 446 2364 514 subsequentes
2397 454 2629 500 nostras
2656 449 3219 514 animadversiones,
3255 468 3324 505 ne
3366 456 3568 510 eadem

1923 524 2180 596 repetere
2213 533 2514 596 cogamur,
2539 520 2918 588 rejiciendam
2945 537 3072 576 esse
3104 523 3570 592 disputationem

1922 591 2106 642 satius
2138 605 2265 643 esse
2298 592 2328 642 d
2343 591 2596 643 uximus.

1994 664 2171 714 Porro
2205 667 2399 715 autem
2439 677 2550 714 non
2586 660 2770 714 solam
2827 663 3210 719 amauuensis
3265 663 3570 722 librariiiu

1922 731 2308 786 describendo
2340 733 2706 788 Clementiuo
2740 739 2895 788 textu
2950 736 3245 790 inscitiam
3283 742 3364 790 vel
3419 742 3569 793 osci-

1925 806 2170 882 tantiam
2222 811 2492 882 arguunt,
2527 805 2624 882 sed
2650 805 2977 882 ipsummet
3004 811 3178 882 etiam
3210 809 3571 866 Clementem

1922 874 1979 951 in
2007 874 2359 951 explicanda
2397 892 2530 930 voce
2565 876 2843 951 tlebraica
2872 879 3120 932 hosamm
3153 881 3483 951 imperitize,
3515 888 3572 937 et

1922 946 2262 1020 Hebraicam
2295 948 2555 1020 linguam
2591 964 2703 1001 non
2736 949 3011 1004 calluisse
3045 946 3282 1020 quidam
3315 946 3572 1008 insimu-

1923 1017 2043 1092 lant
2078 1036 2090 1092 ς
2124 1039 2151 1067 ‹‹
2179 1020 2295 1072 Lux
2315 1019 2605 1092 etrgloria,
2649 1021 2923 1089 inquit“,
2974 1017 3107 1075 cum
3141 1023 3569 1092 supplicatione

1926 1091 2179 1165 Domino
2202 1105 2310 1144 nuc
2344 1090 2635 1165 significat
2675 1097 2962 1165 husanna,
2996 1111 3044 1146 si
3077 1090 3275 1148 Graece
3320 1098 3568 1165 explice-

1925 1164 2033 1214 tur.
2073 1183 2100 1209 »
2134 1161 2259 1216 Non
2291 1161 2448 1230 enim
2484 1162 2537 1215 id
2589 1163 2884 1231 significat
2931 1180 2998 1216 ea
3048 1181 3150 1218 vox
3205 1166 3304 1219 sed
3354 1161 3570 1222 salvum

1921 1233 2009 1307 [ac
2036 1233 2280 1307 obsecro,
2315 1235 2400 1287 vel
2431 1235 2584 1288 salva
2614 1249 2780 1307 nunc,
2816 1241 2879 1288 ut
2913 1242 3041 1307 post
3087 1238 3502 1307 Hieronymum
3523 1241 3569 1275 5°

1923 1304 2133 1380 docent
2178 1305 2392 1380 linguae
2445 1305 2736 1380 Hebraicaa
2787 1305 3110 1380 peritiores.
3161 1304 3397 1380 Scimus
3438 1312 3566 1380 qui-

1923 1376 2205 1452 demnon
2239 1376 2496 1430 defuisse
2528 1377 2835 1452 quosdam,
2885 1378 3100 1446 quibus
3137 1379 3311 1452 haud
3351 1376 3567 1452 impro-

1926 1447 2116 1520 babile
2150 1448 2337 1500 visum
2371 1454 2459 1501 est
2489 1466 2556 1502 ea
2595 1464 2730 1501 voce
2783 1447 3016 1502 laudem
3065 1451 3150 1504 vel
3202 1447 3474 1520 gloriam,
3508 1460 3565 1507 et

1924 1519 2175 1597 gratiam
2207 1532 2441 1589 quoque
2489 1520 2809 1597 significari
2841 1535 2853 1574 :
2891 1522 2989 1597 sed
3044 1521 3126 1597 hi,
3178 1518 3352 1597 atque
3383 1542 3416 1578 a
3445 1525 3563 1578 for-

1923 1591 2057 1644 tiori
2089 1591 2378 1663 Clemens.
2427 1591 2524 1660 qui
2575 1592 2821 1660 hujusce
2866 1591 3022 1646 vocis
3069 1591 3566 1663 significationem

1923 1661 2415 1736 cgeterislmigius
2446 1663 2738 1732 produxit,
2773 1663 3049 1718 Hebraice
3094 1661 3327 1736 punitus
3380 1669 3566 1723 nesci-

204 1741 356 1793 fuisse
395 1737 688 1804 Ecclesiae,
723 1736 814 1790 cui
843 1734 1020 1807 etiam
1057 1749 1281 1807 nomen
1329 1735 1652 1807 tolerantia
1686 1750 1812 1804 pro-
1841 1742 1888 1807 B
1923 1733 2075 1807 visse
2106 1733 2405 1788 dicuntur.

204 1819 308 1880 pter
332 1811 588 1865 rationes
621 1810 694 1863 ab
724 1823 791 1863 eo
813 1805 1019 1862 allatas
1040 1806 1248 1880 datum
1303 1810 1413 1880 est.
1448 1805 1588 1860 Inde
1637 1821 1808 1880 porro

203 1876 436 1938 Clemens
457 1881 546 1936 sic
576 1880 810 1934 videtur
855 1876 1250 1951 argumentari
1287 1894 1300 1933 :
1334 1876 1494 1932 Isaac
1542 1876 1808 1951 omnium

207 1960 464 2018 nostrum,
498 1953 558 2006 id
595 1958 681 2007 est
700 1948 1019 2006 Christiani
1051 1948 1270 2020 populi,
1294 1954 1492 2073 tEpus,
1513 1965 1646 2002 cum
1668 1950 1810 2002 Sara

207 2043 287 2073 seu
329 2025 642 2073 tolerantia
671 2025 919 2073 coniuge
973 2038 1099 2073 sua.
1133 2037 1260 2073 uuae
1361 2022 1579 2073 cclesiaa
1626 2021 1810 2073 figura

207 2043 287 2080 seu
329 2025 642 2079 tolerantia
671 2025 919 2095 conjuge
973 2038 1099 2095 sua,
1133 2037 1260 2090 quae
1315 2021 1579 2095 Ecclesiae
1626 2021 1812 2088 figura

203 2104 319 2161 erat,
351 2096 476 2150 risit
506 2093 792 2166 gaudens
819 2102 877 2148 et
907 2093 1177 2166 exultans
1203 2093 1381 2166 quod,
1409 2108 1476 2146 ea
1497 2095 1812 2166 adjuvante

203 2177 247 2224 et
269 2163 610 2237 epitulante,
637 2184 670 2221 a
694 2171 878 2221 morte
899 2165 977 2219 sit
997 2173 1253 2235 ereptus.
1288 2163 1406 2218 Rex
1427 2181 1560 2217 vero
1592 2164 1811 2216 Abime-

207 2236 418 2305 lec,hoc
448 2245 540 2294 est
589 2238 857 2293 Christus
909 2236 1208 2301 Dominus,
1269 2250 1336 2289 ex
1383 2239 1636 2289 fenestra
1682 2251 1809 2298 sua,

204 2329 283 2368 seu
312 2329 373 2366 ex
400 2317 714 2379 assumpta
755 2325 930 2364 carne
986 2309 1170 2362 risum
1229 2311 1518 2379 nostrum,
1570 2308 1678 2360 hoc
1725 2311 1814 2360 est

201 2385 484 2456 gratiarum
500 2377 824 2456 actionem,
845 2377 1810 2456 benedictionem,egtsultationem,

207 2449 450 2520 letitiam,
484 2470 630 2510 cum
659 2451 973 2508 tolerantia
1019 2467 1124 2506 seu
1175 2450 1425 2505 Ecclesia
1473 2449 1812 2520 respiciens,

205 2535 250 2583 et
274 2543 423 2581 suam
454 2529 505 2581 ei
539 2525 809 2580 ostendit
839 2523 1044 2578 faciem
1083 2529 1141 2578 et
1190 2525 1504 2593 perfectam
1538 2521 1810 2593 reddidit.

261 2602 479 2666 Verum,
513 2597 774 2668 inquies,
810 2595 856 2650 si
890 2595 1011 2668 hac
1039 2593 1113 2668 sit
1146 2592 1400 2668 auctoris
1431 2592 1616 2668 nostri
1648 2607 1813 2668 mens

207 2678 248 2725 et
273 2664 486 2733 sensus,
522 2664 631 2724 ille
665 2668 921 2739 profecto
945 2664 1813 2739 Ecclesium,quaeChristiano-

206 2758 310 2796 rum
331 2742 598 2796 omnium
623 2736 812 2794 mater
831 2745 938 2808 est,
962 2737 1106 2793 dixit
1124 2737 1438 2793 Christiani
1467 2736 1664 2808 populi
1690 2751 1818 2808 esse

207 2829 449 2884 sponsam
483 2807 1053 2884 etrconjugemgAt
1111 2811 1246 2880 quis
1296 2809 1357 2884 id
1416 2807 1696 2884 Clementi
1756 2807 1818 2861 in

205 2879 424 2940 mentem
447 2879 829 2939 venisse'sibi
864 2880 1028 2936 facile
1061 2879 1458 2952 persuadeat?
1486 2881 1592 2934 Sed
1627 2884 1817 2934 atten-

207 2957 290 3011 das
305 2958 469 3012 velim
501 2955 870 3011 Clementem
904 2953 972 3006 de
1004 2953 1257 3008 Ecclesia
1277 2968 1343 3007 eo
1377 2957 1604 3006 tantum
1640 2966 1816 3006 sensu

204 3025 354 3098 loqui,
376 3045 488 3100 quo
519 3026 844 3100 tolerantia
873 3024 1110 3100 dicitur.
1137 3025 1212 3079 Eo
1242 3033 1437 3078 autem
1470 3023 1700 3100 nomine
1725 3023 1820 3100 Ec-

1989 1805 2187 1874 Neque
2245 1807 2420 1859 allata
2479 1803 2550 1858 ab
2585 1821 2672 1870 eo,
2707 1822 2838 1878 non
2888 1823 3060 1861 secus
3111 1813 3286 1878 atque
3326 1809 3398 1864 ab
3443 1809 3569 1864 Ori-

1916 1891 2059 1950 gene
2089 1881 2146 1930 et
2187 1878 2484 1950 Ambrosio
2517 1878 2671 1931 vocis
2705 1876 2973 1950 Rebeccae
3014 1876 3323 1949 explicatio
3359 1884 3565 1950 proba-

1919 1949 2092 2001 bilior
2121 1953 2211 2002 est
2243 1965 2254 2001 :
2296 1969 2322 1997 ‹‹
2359 1949 2844 2018 Interpretantur,
2883 1949 3096 2018 inquit,
3133 1949 3454 2006 Rebeccam
3483 1957 3568 2008 to-

1919 2020 2289 2073 lerantiam”.
2326 2041 2352 2066 ››
2407 2021 2560 2074 Idem
2612 2021 2906 2075 enimvero
2966 2022 3064 2075 illa
3125 2039 3230 2076 vox
3286 2024 3571 2079 Hebraice

1919 2091 2240 2145 scientibus
2273 2095 2444 2165 sonat
2490 2107 2555 2146 ac
2587 2093 2874 2163 saginata,
2922 2093 3044 2165 sive
3077 2096 3447 2165 impinguata
3481 2096 3566 2150 vel

1916 2165 2210 2216 contentio
2269 2163 2497 2229 obtusa,
2587 2169 2643 2216 et
2695 2164 2991 2218 contentio
3082 2163 3385 2232 impedita.
3465 2168 3568 2223 Ve-

1917 2240 2272 2288 rurntamem
2306 2234 2590 2288 rarissimi
2623 2243 2763 2288 sunt
2794 2238 2850 2288 in
2884 2236 3189 2303 Paedagogi
3233 2237 3397 2293 libris
3455 2239 3565 2292 hu-

1919 2304 2245 2375 iuscemodi
2292 2304 2513 2374 lapsus,
2556 2310 2612 2359 et
2662 2306 2931 2361 Clemens
2979 2309 3212 2376 ingenio
3273 2327 3402 2373 suo,
3453 2315 3563 2364 He-

1920 2376 2117 2432 braica
2174 2376 2417 2451 minime
2464 2376 2726 2451 callenti,
2786 2378 2954 2449 quasi
2993 2380 3266 2451 diffisus,
3333 2383 3562 2451 paucis.

1921 2451 2106 2523 simas
2161 2448 2321 2503 dedit
2373 2448 2815 2504 Hebraicorum’
2848 2448 3154 2505 nominum
3209 2448 3571 2523 interpreta-

1922 2520 2130 2575 tiones.

1992 2591 2255 2665 Denique
2289 2589 2486 2644 Latina
2515 2590 2853 2665 earumdem
2886 2592 3182 2664 Pzetlagogz'
3211 2593 3566 2665 interpreta-

1925 2663 2004 2717 tio
2033 2664 2158 2717 suis
2189 2677 2303 2716 non
2338 2667 2495 2716 caret
2540 2662 2766 2716 mendis
2821 2667 2878 2716 et
2917 2662 3234 2720 erroribus.
3300 2662 3564 2733 Longum

1923 2740 2079 2789 esset
2111 2733 2241 2788 illos
2273 2749 2499 2796 omnes,
2533 2735 2721 2788 Grazce
2756 2737 2960 2804 peritis
3001 2737 3145 2790 satis
3197 2738 3416 2802 obvios,
3477 2742 3564 2794 fu~

1925 2807 2051 2860 sius
2086 2805 2377 2875 persequi.
2411 2808 2680 2880 Attamen
2717 2815 2776 2859 ut
2807 2808 2884 2880 ab_
2914 2807 2983 2860 iis
3021 2810 3216 2862 minus
3259 2812 3428 2880 periti
3482 2813 3564 2866 le-

1928 2885 2119 2932 ctores
2149 2886 2391 2931 caveant
2437 2875 2580 2931 illud
2638 2877 2887 2947 exempli
2921 2894 3099 2933 causa
3134 2875 3368 2936 notasse
3399 2883 3566 2937 suffi-

1927 2950 2062 3014 ciat,
2097 2949 2253 3019 quod
2276 2948 2377 3002 ubi
2407 2947 2675 3004 Clemens
2708 2949 2778 3002 de
2811 2950 3032 3020 duplici
3053 2952 3259 3006 divina)
3294 2954 3565 3009 exhorta-

1930 3021 2108 3094 tionis
2148 3020 2671 3094 geueredisputat,
2707 3020 2783 3094 ibi
2817 3021 2887 3075 ab
2920 3025 3185 3086 Herveto,
3220 3024 3318 3094 qui
3351 3025 3570 3094 aliquid

205 3090 408 3156 clesiam
438 3099 775 3170 Christiani
804 3095 999 3170 populi
1032 3112 1309 3170 sponsam
1353 3095 1644 3170 appellare
1675 3095 1814 3170 quid
1845 3106 1891 3170 ο
1929 3093 2129 3170 Graeco
2150 3090 2328 3170 textui
2352 3091 2555 3170 deesse
2589 3092 2849 3160 putabat,
2869 3094 2940 3170 de
2963 3111 3068 3170 suo
3101 3090 3366 3170 additum
3401 3090 3530 3152 esse
3557 3113 3570 3151 :

207 3171 362 3226 vetat?
387 3175 677 3227 Caeterum
701 3169 781 3223 ibi
807 3166 998 3223 falsus
1028 3173 1118 3222 est
1150 3167 1449 3232 Hervetus,
1485 3167 1639 3237 quod
1673 3166 1816 3220 satis

206 3259 296 3315 non
322 3243 673 3315 perspexerit
698 3241 803 3315 ubi
827 3241 1058 3315 desinat
1083 3240 1201 3294 haec
1224 3238 1481 3295 secunda
1502 3237 1818 3293 Clementis

208 3311 568 3387 interpretatio
590 3319 651 3369 et
674 3312 847 3368 tertia
879 3311 1140 3387 incipiat.

259 3389 306 3442 Si
330 3381 452 3459 quae
480 3386 603 3442 alia
635 3399 839 3456 reapse
861 3383 1261 3439 contaminata
1285 3381 1604 3438 Clementis
1625 3384 1818 3434 textus

1927 3186 1954 3214 ‹‹
1992 3164 2142 3219 Sunt
2170 3169 2364 3218 autem
2392 3163 2696 3233 utriusque
2723 3167 2954 3232 generis
2982 3167 3244 3234 duplices
3277 3168 3571 3224 habitudi-

1932 3251 2055 3289 nes.
2089 3257 2117 3284 ››
2148 3236 2256 3289 Sed
2291 3234 2432 3307 haec,
2456 3239 2510 3289 et
2535 3252 2649 3289 non
2683 3236 2797 3290 alia
2827 3237 3043 3302 omnia,
3077 3241 3256 3307 hujus
3296 3241 3580 3295 versionis

1929 3311 2130 3434 erratta
2161 3307 2216 3360 in
2251 3305 2476 3362 ultimis
2508 3306 2869 3363 editionibus
2904 3305 3244 3366 resecato—et
3275 3312 3585 3368 emendata

1935 3395 2048 3434 sun
2085 3419 2098 3432 .

1935 3395 2098 3434 sunt.

1610 3623 1979 3710 CAPUT
2035 3623 2186 3708 III.

215 3772 365 3833 Novae
390 3772 450 3833 in
479 3769 827 3834 Clementis
856 3767 1265 3829 Alexandrini
1293 3765 1785 3828 Admonitionem
1817 3764 1898 3826 ad
1938 3773 2162 3843 gentes,
2199 3771 2256 3847 et
2305 3762 2825 3847 tres-Padagogi
2864 3764 3058 3828 libros
3105 3767 3589 3847 observationes,

831 3869 903 3911 ac
938 3851 1210 3928 primum
1241 3849 1318 3910 de
1357 3849 1431 3908 iis
1461 3866 1602 3927 qua;
1633 3849 1713 3909 ad
1744 3847 2164 3909 Christianam
2194 3843 2572 3922 theologiam
2605 3851 2910 3924 spectant.

697 4109 798 4166 22
845 4107 1228 4164 ABTICULUS
1271 4109 1313 4164 Ι.

223 4207 452 4274 Quomodo
502 4208 761 4266 Clemens
815 4223 996 4262 saeros
1053 4207 1322 4262 librorum
1379 4208 1580 4263 Veteris
1613 4217 1664 4264 et
1697 4208 1836 4263 Novi

279 4280 584 4409 ΐεειατπξηεί
632 4283 885 4336 auctore:
912 4279 1102 4334 diuino
1140 4278 1344 4350 spiritu
1399 4282 1616 4351 afﬂatos
1661 4279 1838 4351 fuisse

276 4368 463 4407 mser:
500 4393 515 4406 .

278 4451 489 4507 Asserta
522 4449 934 4507 Cobet-talionis
970 4449 1039 4504 ad
1067 4458 1278 4518 gentes,
1312 4449 1612 4521 triumque
1643 4450 1836 4507 Peada-

1944 4127 1970 4154 ‹‹
2009 4108 2248 4159 Possum
2291 4102 2397 4158 tibi
2449 4103 2783 4178 Scripturas
2843 4106 3048 4162 afferre
3103 4108 3589 4178 innumerabiles,

1944 4193 2194 4254 quarum
2232 4192 2300 4230 ne
2330 4191 2476 4254 apex
2498 4177 2756 4254 quidem
2783 4194 2943 4254 unus
2971 4183 3305 4254 praeteribit,
3339 4183 3437 4254 qui
3475 4177 3588 4236 non

1946 4245 2300 4318 perficiatur.
2319 4245 2573 4320 _Osenim
2595 4248 2824 4320 Domini
2849 4245 3100 4320 Spiritus
3131 4245 3381 4308 Sanctus
3415 4269 3482 4306 ea
3504 4258 3593 4307 est

1946 4317 2214 4396 elocutus
2259 4317 2342 4396 (τρ
2392 4317 2522 4396 γὰρ-
2547 4318 2723 4396 dedit:
2783 4317 2979 4396 Κυρῖᾀυ
3036 4322 3105 4396 τὸν
3146 4321 3310 4396 ἅγιον
3337 4395 3340 4396 ν
3368 4325 3589 4393 Πνεῦμα

1947 4388 2215 4458 ἐλάλησεν
2245 4388 2658 4464 τπεῐξτοψουὶἁ
2689 4388 2884 4464 autem
2939 4395 3045 4448 hoc
3095 4388 3372 4464 loquendi
3421 4388 3592 4450 modo

1950 4464 2062 4518 sibi
2095 4463 2253 4516 aliud
2285 4461 2818 4537 Clemensuvoluit,
2853 4464 2965 4537 nisi
3012 4461 3242 4537 divinos
3275 4467 3588 4537 Scripturaa

221 4522 621 4608 gogilibrorum
658 4523 1017 4608 ein-Clemente
1042 4531 1241 4608 nostro
1265 4523 1616 4592 scriptorum
1651 4525 1838 4608 since-
1871 4542 1912 4604 ι)
1949 4550 2126 4608 sacra:
2161 4538 2431 4608 auctores
2466 4532 2615 4608 nihil
2647 4522 3179 4608 omni'no‘inlibris
3221 4543 3278 4591 et
3325 4522 3591 4608 epistolis

224 4593 364 4648 ritate
387 4602 444 4649 et
470 4594 846 4661 auctoritate,
885 4602 1059 4664 atque
1081 4595 1361 4648 harumce
1384 4595 1834 4650 commentatio-

229 4679 344 4719 num
372 4672 535 4721 aetate
555 4673 617 4721 et
645 4666 984 4734 integritate
1011 4665 1292 4729 stabilita,
1324 4665 1464 4719 illud
1495 4667 1680 4736 primo
1703 4669 1834 4720 dili-

227 4737 533 4804 gentissime
571 4737 1032 4793 exatninandum
1073 4742 1164 4791 est
1199 4739 1492 4806 quomodo
1526 4740 1582 4791 in
1636 4738 1707 4792 iis
1738 4739 1834 4794 ille

229 4822 393 4863 sacros
421 4825 556 4864 cum
591 4809 808 4864 Veteris
840 4815 965 4863 tum
997 4808 1137 4862 Novi
1187 4809 1546 4871 Testamenti
1589 4809 1772 4865 libros
1804 4827 1838 4865 a

229 4879 327 4951 suis
353 4880 921 4947 auctoribus,divino
952 4880 1186 4934 al‘flante
1218 4880 1837 4951 Spiritu.compositos

231 4949 379 5026 fuisse
394 4953 614 5023 ubique
631 4958 973 5026 constanter
985 4953 1186 5026 doceat
1203 4949 1571 5020 et'przedicet.
1597 4949 1768 5008 Illoru
1781 4971 1836 5009 m

228 5023 391 5093 itaque
409 5026 756 5096 auctoritate
771 5028 826 5078 et
842 5023 1198 5096 testimoniis
1220 5030 1424 5078 contra
1449 5041 1705 5094 paganos
1733 5044 1834 5096 pu-

233 5107 382 5168 gnare
411 5096 510 5150 ubi
539 5095 768 5168 incipit,
794 5095 885 5150 his
918 5093 1378 5168 disputationem
1412 5093 1579 5150 suam
1614 5093 1841 5151 orditur

231 5165 439 5221 verbis“n
467 5183 525 5222 ες(
545 5165 833 5223 Jeremias
858 5167 1141 5236 propheta
1164 5168 1758 5235 sapientissimus.vel
1780 5171 1839 5224 in

231 5236 444 5309 Jeremia
476 5240 675 5309 potius
707 5246 947 5294 sanctus
976 5239 1230 5307 Spiritus
1260 5236 1501 5309 (μᾶλλον
1556 5236 1613 5292 δὲ
1659 5238 1712 5293 ἐν
1744 5241 1839 5295 Ἱε-

236 5306 370 5384 ρεμίᾳ
392 5311 452 5363 τὸ
480 5306 638 5383 ἅγιον
670 5306 1148 5384 ιινιῦμα),ᾳ1)ὸυῐη
1200 5306 1459 5366 ostendit
1491 5327 1504 5365 :
1544 5313 1689 5366 Deus
1739 5330 1842 5384 ap-

236 5381 606 5499 gmpinquans
622 5399 747 5453 ego,
767 5405 794 5431 υ
814 5387 923 5436 etc.
950 5381 1168 5436 Deinde
1190 5398 1322 5437 vero
1350 5388 1660 5452 postquam
1687 5381 1846 5440 varia

272 5453 424 5499 cteris
460 5454 837 5499 'l‘nslnmenti-
864 5460 1039 5499 ntnnn
1087 5454 1262 5499 etiam
1311 5454 1561 5499 Matthmi
1597 5461 1652 5499 et.
1684 5456 1840 5499 Danli

272 5453 424 5507 cteris
460 5454 839 5521 'I‘eslamenti,
864 5460 1039 5522 atque
1087 5454 1263 5509 etiam
1308 5454 1564 5508 Matthaai
1597 5461 1652 5508 et
1683 5456 1844 5511 Pauli

232 5525 440 5589 apostoli
465 5526 802 5582 testimonia
833 5525 1098 5598 protulit,
1123 5525 1408 5582 continuo
1447 5527 1799 5582 subnectit"2
1827 5547 1843 5586 :

288 5646 324 5680 ⁸³
347 5647 440 5704 lib.
472 5668 511 5707 ιι
544 5656 782 5725 Padag.,
817 5670 942 5738 cap.
973 5655 1024 5722 4,
1063 5668 1193 5783 paq.
1227 5653 1317 5709 85.
1394 5654 1439 5689 σθ
1467 5653 1701 5710 Hieron.
1737 5657 1908 5728 epist.
1942 5661 2012 5715 ad
2047 5665 2275 5715 Damae.

311 5722 507 5784 Nam.:
554 5727 823 5784 Ambros.
876 5725 978 5782 lib.
1029 5725 1102 5782 de
1175 5739 1358 5784 saac..
1391 5742 1518 5784 can.
1554 5726 1605 5784 1.
1682 5729 1724 5766 ⁷⁸
1758 5731 2008 5784 οια.54.
2085 5733 2129 5768 τι
2160 5747 2274 5784 nae

237 5715 288 5792 in
311 5722 507 5792 Num.;
554 5715 823 5784 Ambros.
876 5715 978 5782 l'ib.
1012 5715 1102 5782 de

237 5785 531 5866 “1:03.56.

1947 4607 2072 4659 suis
2105 4606 2322 4676 scripto
2356 4603 2668 4676 tradidisse
2701 4605 2854 4674 quod
2895 4605 3040 4675 ipsis
3072 4625 3103 4661 a
3133 4603 3590 4674 Spiritu-sancto

1948 4677 2208 4730 afflatum
2242 4675 2562 4750 noanuerit
2591 4681 2648 4750 et
2677 4676 3008 4730 dictatum?
3055 4682 3119 4732 Et
3150 4679 3206 4732 id
3241 4681 3477 4750 quidem
3512 4681 3594 4738 ita

1947 4764 2292 4817 persursum
2324 4747 2590 4800 Clemens
2624 4748 2896 4812 habebat,
2949 4754 3014 4802 ut
3065 4752 3225 4805 lsaiae
3258 4747 3431 4806 verba
3464 4758 3593 4807 tan-

1948 4836 2125 4890 quam
2161 4821 2232 4873 ab
2268 4819 2528 4890 ipsomet
2553 4823 2666 4873 Deo
2699 4819 3076 4887 pronuntiata
3110 4825 3288 4876 citare
3342 4841 3452 4878 non
3490 4826 3598 4879 du-

1949 4888 2219 4969 bitaverit
2247 4890 2292 4924 ⁷³
2327 4907 2340 4969 ς
2375 4888 2780 4969 αβξζὶοὶαωὶῃὶ
2808 4891 2980 4969 justi,
3013 4893 3095 4946 ait
3121 4895 3406 4969 Dominus
3431 4893 3596 4969 (λέγει

1951 4962 2206 5034 Κύριος);
2242 4959 2576 5036 qui_sit_itis,
2609 4955 2914 5036 venitc'ad
2960 4955 3143 5034 aquas
3173 4967 3237 5018 τι.
3277 4989 3304 5015 ››
3337 4955 3599 5036 Quapro-

1951 5032 2080 5106 pter
2110 5032 2576 5103 expressissimis
2625 5032 2721 5106 ille
2751 5032 3111 5106 totidemque
3141 5039 3332 5094 verbis
3366 5032 3598 5095 dicit":

1957 5105 2169 5181 k_<__Ipse_
2219 5110 2308 5159 est
2345 5106 2651 5181 Dominus
2709 5105 2956 5181 loquens
3009 5105 3069 5162 in
3124 5110 3293 5174 Isaia,
3355 5111 3477 5181 ipse
3537 5113 3592 5165 in

1951 5175 2116 5251 Elia,
2156 5177 2284 5246 ipse
2343 5175 2401 5228 in
2461 5191 2559 5229 ore
2618 5177 3054 5251 prophetarum.
3091 5201 3119 5229 »
3179 5181 3260 5236 Ne
3303 5175 3435 5251 quis
3469 5199 3601 5237 vero

1955 5250 2007 5302 id
2070 5248 2142 5302 ab
2199 5263 2264 5302 eo
2320 5252 2536 5302 temere
2589 5249 2878 5318 prolatum
2929 5265 3059 5307 esse
3097 5248 3462 5312 censeretur.
3498 5256 3602 5305 do-

1953 5326 2044 5375 cet
2091 5319 2477 5392 alibidsacras
2525 5320 2858 5392 scripturas
2908 5327 2979 5377 ab
3031 5325 3305 5392 Apostolo
3337 5323 3596 5378 Θεοπνεύ-

1956 5410 2134 5458 orasc,
2159 5412 2195 5465 _«
2228 5389 2510 5465 divinitus
2543 5389 2881 5465 inspiratas,
2913 5415 2939 5441 ››
2974 5389 3252 5465 appellari
3289 5396 3349 5445 ⁷⁸,

2027 5470 2120 5527 At,
2156 5462 2395 5538 inquiet
2415 5462 2809 5538 a_liquis,_htec
2846 5462 3144 5521 sacrorum
3183 5469 3600 5538 prophetarum

1957 5535 2340 5606 praarogativa
2374 5535 2503 5596 fuit,
2526 5540 2588 5588 ut
2619 5535 2760 5590 nihil
2784 5539 3038 5608 penitus,
3061 5535 3403 5595 nisu—sancto
3426 5539 3600 5612 Spiri-

2355 5659 2400 5693 ⁷ο
2433 5659 2588 5730 Orig.
2625 5661 2780 5717 hom.
2820 5664 2884 5716 16
2929 5663 2985 5716 in
3019 5666 3184 5724 Gen..
3233 5669 3289 5720 et
3343 5665 3502 5723 hom.
3541 5668 3606 5720 12

1209 5741 1358 5797 eam,
1391 5742 1518 5801 cap.
1554 5726 1605 5784 1.
1682 5729 1724 5766 ⁷³
1757 5721 1819 5805 pa

1938 5731 2008 5791 il.
2085 5733 2129 5768 ⁷¹
2159 5747 2294 5805 pag.
2323 5730 2414 5785 55.
2491 5721 2626 5807 73Vp.
2657 5733 2748 5790 59.
2824 5733 2867 5770 ἠ
2898 5735 3011 5792 Isa.
3045 5751 3136 5804 Lv,
3171 5721 3217 5792 t.
3296 5734 3340 5773 ⁷⁸
3369 5721 3506 5810 pag.
3547 5737 3604 5794 7.
