3978 6200
459 223 570 281 875

1178 229 1254 280 ΙΝ
1290 228 1738 281 CLEMENTEM
1774 224 1993 280 ALEX.
2037 226 2099 276 D.
2144 221 2233 275 LE
2274 218 2572 276 NOURRY
2609 223 3084 280 DISSERTATIO
3121 228 3169 279 Ι.

3783 227 3902 281 8’76

369 407 372 410 _
462 348 554 403 vis
585 347 934 424 autemhzec
961 345 1142 424 ab‘id,
1172 347 1718 424 quodprobandum
1741 344 2122 424 aggrediebaf
2149 345 2202 412 Α
2233 338 2368 424 bam
2407 341 2479 424 de
2525 342 2716 424 fructu
2748 341 2884 424 vitis
2916 343 3138 424 hujus,
3163 360 3346 424 »_non
3395 344 3648 424 obscure
3689 345 3903 424 innuit

463 427 584 489 tur,
639 420 879 474 omnino
909 419 1270 483 subicerent,
1304 419 1441 489 data
1473 424 1671 473 tamen
1717 417 2124 489 occasioneiit

472 487 803 546 Encratitas
833 490 1031 545 vinum
1055 505 1123 543 ex
1149 505 1212 544 se
1227 487 1445 543 malum
1478 505 1608 544 esse
1637 491 1962 560 garrientes
1993 487 2128 542 effi-

470 563 672 618 cacius
703 561 1014 626 refel-leret‘,
1067 562 1187 615 duo
1219 561 1336 614 alia
1364 561 1646 616 adversus
1677 560 1836 616 hunc
1865 575 2125 615 errorem

470 635 940 690 demonstranda
971 632 1242 700 suscipit;
1551 653 1554 656 -
1683 643 1686 648 ’
2005 672 2008 673 ν

540 706 810 763 Secunda
840 705 1022 776 igitur
1047 704 1178 776 ejus
1201 701 1521 776 propositio
1552 706 1662 770 est,
1697 702 1997 758 Christum
2025 719 2128 776 sa:-

466 776 624 848 pius,
669 777 812 831 dum
840 773 1087 848 viveret,
1109 775 1314 828 vinum
1357 773 1619 848 bibisse;
1654 775 1994 848 tertiavero
2038 775 2121 829 vi-

469 846 613 902 num
645 848 721 902 ab
747 863 812 902 eo
842 849 902 902 in
937 847 1149 900 ultima
1180 861 1346 900 ccena
1377 846 1778 901 benedictum.
1825 846 1936 900 Sed
1971 846 2124 900 hanc

473 919 858 991 posteriorem
904 918 1163 991 primum
1217 917 1565 991 hisprobat
1615 917 1833 972 Christi
1878 917 2119 991 verbis:

472 987 501 1041 ξι
535 990 659 1044 Non
696 987 921 1045 bibam'
947 1003 1015 1043 ex
1046 990 1239 1042 fructu
1296 987 1432 1043 vitis
1467 989 1668 1058 hujus,
1703 991 1890 1043 donec
1921 989 2122 1044 hibero

469 1060 670 1132 ipsum
705 1062 764 1116 in
798 1076 992 1131 regno
1023 1059 1212 1114 Patris
1258 1059 1392 1132 mei.
1427 1081 1456 1109 »
1490 1061 1708 1132 Deinde
1757 1061 1964 1114 ordine
1987 1131 1993 1132 γ
2019 1075 2122 1130 pa-

468 1131 708 1203 rumper
760 1133 1090 1196 immutate,
1124 1131 1448 1203 secundam
1481 1131 1938 1203 propositionem
1984 1131 2121 1187 hinc

469 1202 851 1275 ipsefprobat,
894 1203 1049 1273 quod
1076 1202 1352 1256 Christus
1367 1203 1550 1259 homo
1590 1202 1776 1259 vorax-
1805 1210 1862 1258 et
1892 1208 2122 1274 potator

467 1275 586 1346 vini
620 1276 773 1346 apud
802 1275 1038 1329 Judinos
1066 1275 1338 1346 audierit.
1455 1291 1499 1346 -ξ
1596 1297 1632 1346 ξ’
1803 1289 1826 1316 α·
1891 1291 1906 1346 ’γ
1971 1294 1974 1297 ·
2096 1301 2101 1310 υ

482 1371 487 1382 -
541 1344 674 1402 Hand
703 1351 898 1401 autem
931 1346 982 1400 si
1013 1351 1166 1400 recte
1196 1344 1560 1410 distinxeris,
1587 1344 1864 1412 facillime
1896 1345 2104 1400 intelli-

508 1433 571 1474 es
627 1418 978 1474 Clementem
1003 1415 1456 1472 de‘eueharistia
1511 1416 1658 1470 nihil
1694 1415 1850 1470 aliud
1884 1416 1964 1470 ibi
1996 1422 2116 1471 tra-

509 1504 627 1558 ere,
652 1505 832 1560 quam
855 1502 1072 1560 eaquae
1102 1488 1278 1560 tertia
1308 1487 1704 1558 propositione
1752 1487 2110 1560 complexus,

467 1558 788 1616 orthodoxe
820 1558 1089 1615 Ecclesiae
1107 1559 1380 1630 dogmati
1401 1562 1568 1630 plane
1589 1559 1995 1614 convenientia
2017 1574 2114 1631 pe-

469 1631 750 1702 nitusque
775 1635 1360 1686 consentanea'sunt.
1497 1641 1504 1647 '
1759 1699 1767 1702 _
1817 1653 1821 1662 '
1873 1700 1880 1702 ᾗ
2065 1656 2068 1658 ⁷

2231 412 2527 490 Christum
2563 412 3119 490 idembenedixisse
3165 415 3390 490 vinum,
3421 420 3580 487 quod
3616 424 3750 490 post
3785 421 3906 473 be-

2232 483 2627 558 nedictionem
2661 485 2905 558 biberat,
2956 486 3160 542 Nonne
3189 487 3370 552 enim,
3404 483 3771 558 arguit'ille,
3832 507 3908 545 ea

2231 555 2404 629 verba
2432 555 2731 629 Christum
2762 557 2823 611 in
2854 556 3064 612 ultima
3092 574 3280 629 003118,
3313 576 3380 614 ac
3410 555 3658 629 prcinde
3688 555 3905 615 ineu-

2230 625 2510 701 charistia
2539 628 2745 701 vinum
2780 629 3000 701 bibisse
3032 625 3425 701 significant?
3440 632 3550 685 Sed
3583 631 3707 686 lcve
3738 632 3900 686 illud

2229 701 2287 751 et
2317 698 2850 770 _iners_Albertini-
2891 698 3254 770 telum—jam
3314 703 3669 759 retudimus.
3726 703 3905 758 Nihil

2228 767 2448 839 quippe
2472 768 2866 844 Clemens-hiis
2887 773 3084 844 verbis
3116 767 3374 844 amplius
3400 774 3647 844 probare
3674 775 3902 843 voluit,

2229 856 2407 910 quam
2462 841 2679 896 factam
2731 858 2765 896 a
2793 842 3022 898 Christo
3058 844 3176 898 vini
3208 841 3706 900 benedictionem.
3773 841 3904 902 Fas

2227 917 2459 988 autem“
2485 912 2629 966 nulli
2667 929 2927 988 unijuam
2985 914 3095 988 fuit
3120 932 3190 970 ex
3231 916 3406 970 claris
3432 923 3491 971 et
3548 918 3899 988 perspicuis

2226 982 2544 1060 cujuslibet
2571 982 2876 1060 scriptoris
2913 986 3349 1060 verbisinferre
3379 1004 3513 1042 eum
3548 982 3717 1060 plura
3744 1006 3896 1059 pro-

2227 1054 2398 1109 basse
2423 1071 2601 1124 quam
2635 1056 2879 1126 probare
2901 1057 3169 1112 voluerit.
3205 1058 3386 1114 Secus
3407 1054 3566 1114 enim
3591 1077 3660 1116 ex
3676 1054 3896 1116 aucto-

2225 1141 2361 1203 rum_
2408 1126 2876 1203 sermonibuset
2928 1130 3297 1203 argumentis
3319 1131 3579 1186 infinitae
3625 1137 3684 1186 et
3721 1149 3894 1203 saepe

2223 1196 2440 1273 saepius
2487 1198 2940 1273 absurdissimis
2980 1196 3109 1255 elici
3155 1209 3397 1271 possent
3441 1196 3890 1273 conclusiones,

2222 1283 2368 1337 quas
2424 1268 2483 1322 in
2519 1274 2778 1324 mentem
2832 1271 2982 1342 ipsis
3010 1268 3312 1344 nunquam
3353 1275 3584 1329 venisse
3614 1268 3890 1330 certissil

2223 1355 2384 1392 mum
2419 1345 2530 1394 est.

2281 1412 2609 1489 _Age_v_erd_;
2643 1410 2783 1480 quid
2815 1412 3084 1489 prohibet
3116 1415 3442 1489 quominus
3471 1416 3668 1471 citatis
3712 1417 3891 1472 Chri-

2218 1482 2291 1559 _sti
2317 1482 2515 1559 verbis
2540 1482 3160 1559 Clemensjprobaverii
3187 1487 3387 1559 vinum
3423 1489 3495 1559 ab
3526 1489 3658 1559 ipso
3695 1490 3888 1544 fuisse

2216 1551 2611 1632 benedictum,
2667 1551 3103 1632 quod-ipsemet
3131 1557 3399 1632 Christus
3427 1558 3489 1632 in
3511 1551 3692 1615 suum
3744 1577 3888 1615 san-

2216 1629 2454 1702 guinem
2491 1629 2621 1696 post
2653 1629 3186 1702 consecrationem,
3230 1634 3294 1684 ut
3325 1631 3581 1702 theologi
3617 1632 3887 1702 loquun-

493 1739 498 1744 .
539 1699 697 1757 Nihil
757 1717 893 1774 ergo
953 1705 1106 1773 quod
1145 1702 1215 1756 ad
1237 1714 1465 1774 errores
1513 1699 2119 1774 super/eliminimum
2153 1711 2198 1774 Β
2230 1701 2347 1760 tur,
2403 1701 2717 1774 mutatum,
2749 1703 2808 1774 et
2851 1699 3045 1774 adhuc
3071 1700 3188 1756 vini
3222 1703 3472 1757 formam
3504 1699 3562 1758 εἰ
3617 1699 3884 1774 speciem

471 1775 782 1841 conducat,
815 1771 952 1828 inde
972 1771 1231 1844 possunt
1249 1771 1546 1844 expiscari
1577 1771 1928 1826 Calvinianaa
1947 1782 2119 1831 sectae

474 1844 691 1900 addicti
725 1843 1030 1909 homines;
1054 1845 1168 1899 nisi
1200 1843 1300 1898 illa
1329 1843 1550 1911 omnia,
1583 1859 1712 1915 qua;
1742 1845 1886 1898 satis
1917 1853 2116 1915 aperte

471 1915 742 1972 Clemens
765 1915 1054 1982 distinxit,
1073 1915 1228 1970 mira
1253 1931 1331 1970 ac-
1347 1915 1588 1969 omnino
1612 1922 1964 1986 praepostera
1979 1933 2116 1973 con-

470 1988 702 2043 fusione
742 1986 1101 2058 perturbent.
1147 1987 1452 2058 Egregium
1489 1986 1780 2040 enimvero
1813 2003 1884 2058 ac
1913 1989 2113 2044 multi-

471 2059 603 2129 plex
657 2060 716 2114 in
744 2057 872 2114 rem
893 2071 1074 2113 suam
1107 2057 1521 2129 argumentum
1551 2072 1619 2111 ex
1643 2057 1762 2129 his
1801 2057 2115 2116 Clementis

470 2127 656 2186 nostri
689 2130 882 2185 verbis
912 2145 974 2186 se
1007 2127 1217 2184 habere
1250 2134 1416 2201 putat
1434 2127 1790 2201 Albertinus.
1815 2129 1924 2184 Sed
1945 2147 2114 2200 aper.

469 2208 593 2257 tam
641 2201 969 2257 doctissimi
1003 2199 1266 2256 auctoris
1295 2199 1479 2256 nostri
1523 2204 1774 2254 mentem
1822 2199 2110 2272 quantum

469 2277 777 2344 pervertat,
799 2272 1634 2344 si,tantisperanimadvertas,
1657 2287 1848 2344 vanas,
1869 2273 1999 2342 ejus
2018 2289 2113 2330 ca-

468 2342 794 2400 villationes
827 2343 988 2399 illico
1019 2342 1303 2398 dissolves
1333 2359 1399 2398 ac
1429 2342 1770 2413 diesipabis.
1809 2343 1986 2400 Nobis
2025 2352 2111 2401 et-

467 2416 624 2470 enim
658 2415 753 2471 ille
781 2415 998 2486 objicit
1023 2415 1380 2469 Clementem
1408 2413 1487 2467 ibi
1521 2430 1645 2486 non,
1668 2414 1860 2469 solum
1907 2416 2112 2472 docere

469 2486 764 2543 Christum
812 2485 1258 2542 in’eucharistia
1302 2489 1504 2541 vinum
1552 2492 1608 2539 et
1637 2485 2002 2542 benedixisse
2054 2495 2112 2544 et

468 2558 730 2625 bibisse;
792 2559 890 2613 sed
921 2557 1353 2628 haee-ipsemet
1402 2558 1590 2628 etiam
1617 2557 1829 2612 Christi
1887 2561 2105 2616 verba:

472 2650 500 2678 ιι
530 2629 637 2684 Hic
664 2633 756 2686 est
793 2629 1035 2699 sanguis
1077 2627 1264 2694 meus,
1301 2651 1330 2678 n
1361 2627 1670 2699 allegorice
1715 2645 1892 2684 sensu
1925 2631 2106 2684 inter-

466 2701 702 2774 pretari.
765 2704 832 2774 At
861 2701 914 2755 si
943 2701 1029 2774 ab;
1072 2699 1530 2774 iilosciscitcris
1562 2699 1715 2774 unde
1770 2700 1828 2774 id
1861 2703 2108 2771 probare

462 2771 670 2844 possit,
703 2771 933 2826 nullum
956 2771 1115 2844 aliud
1140 2771 1246 2825 tibi
1280 2771 1850 2844 proferetopinionis
1872 2788 1994 2826 suae
2015 2791 2107 2827 ar-

461 2841 844 2909 gumentum;
895 2843 1006 2899 nisi
1044 2842 1424 2907 Clementem,
1460 2843 1559 2896 ubi
1592 2841 1707 2896 alia
1739 2843 1858 2896 hinc
1904 2845 2108 2899 citavit

459 2915 674 2971 Christi
703 2916 918 2970 verba:
941 2937 968 2965 ‹‹
995 2914 1117 2986 Non
1144 2914 1338 2986 bibam
1357 2930 1438 2986 ex
1471 2915 1668 2986 fructu
1691 2913 1826 2986 vitis
1849 2913 2048 2986 hujus,
2077 2938 2104 2965 ››

466 2987 613 3042 nihil
647 2987 1032 3058 perfractum
1063 2985 1207 3058 vitis-
1230 2985 1588 3058 intellexisse
1621 2984 1987 3058 aliud‘gua‘m
2022 2987 2106 3041 vi-

2230 1782 2586 1822 conservans
2614 1768 2826 1822 biberit
2853 1769 2880 1824 ‘I

2300 1844 2375 1914 At
2405 1855 2577 1914 porro
2611 1838 2763 1914 ultra
2805 1841 2998 1896 adhuc
3030 1843 3496 1914 progrediamur,
3523 1849 3580 1900 et
3611 1862 3752 1900 eum
3784 1845 3883 1900 Al-

2226 1908 2454 1966 bertino
2482 1908 2784 1986 liberalius
2806 1908 3067 1986 agentes,
3092 1908 3204 1986 ip'si
3237 1908 3645 1986 demus,'quod
3683 1923 3880 1971 tanto-

2226 1996 2360 2051 pere
2391 1983 2570 2052 cupit,
2599 1982 2952 2039 Clementem
2986 1982 3203 2040 dixisse
3231 1982 3530 2042 Christum
3563 1988 3622 2042 in
3649 1989 3880 2042 eucha-

2226 2052 2393 2130 ristia
2426 2053 2645 2130 bibisse
2667 2054 2890 2130 vinum.
2919 2057 3347 2130 Quiquuaaso,
3394 2059 3528 2113 inde
3555 2060 3823 2130 proficiet
3853 2060 3882 2114 ‘2

2223 2122 2384 2197 Nihil
2409 2139 2568 2197 sane.
2601 2124 2856 2181 Tametsi
2891 2128 3048 2182 enim
3071 2127 3130 2182 id
3148 2122 3534 2197 concedatur,
3556 2122 3756 2185 adhuc
3782 2131 3877 2186 ni-

2226 2193 2545 2272 hilominus
2575 2201 2776 2272 postea
2807 2198 3222 2272 inquirendum
3257 2201 3391 2268 erit,
3428 2193 3566 2272 quid
3599 2204 3880 2258 Clemens

2225 2287 2252 2316 ‹‹
2285 2267 2401 2320 vini
2438 2289 2466 2316 »
2525 2268 2782 2332 nomine,
2815 2267 3048 2339 an'ejus
3075 2267 3492 2338 substantiam,
3527 2274 3612 2328 vel
3673 2291 3880 2329 rema-

2223 2342 2427 2410 nentes
2459 2339 2832 2410 apparentias
2872 2341 3244 2398 intellexerit.
3277 2344 3421 2399 Cum
3454 2361 3588 2399 vero
3631 2345 3882 2400 aliunde

2221 2409 2390 2485 nobis
2421 2409 2676 2485 _cor_ist_et
2715 2412 2998 2467 Clementi
3034 2416 3216 2469 fuisse
3246 2415 3484 2469 omnino
3517 2432 3880 2485 persuasum

2220 2481 2285 2554 in
2310 2479 2676 2536 eucharistize
2708 2489 3078 2540 sacramento
3099 2502 3308 2554 panem
3331 2492 3388 2540 et
3405 2479 3606 2540 vinum
3632 2489 3692 2542 in
3711 2491 3796 2544 Ch
3810 2490 3880 2542 ri-

2218 2552 2517 2628 sticorpus
2549 2559 2606 2606 et
2635 2556 2980 2628 sanguinem
3008 2552 3244 2622 [nu—tari,
3284 2557 3700 2628 nihilqueeum
3737 2560 3877 2614 huic

2218 2623 2522 2702 sententiae
2565 2623 2889 2702 quidquam
2949 2628 3334 2702 contrarium,
3383 2623 3470 2683 vel
3509 2647 3877 2702 _repugnans

2217 2694 2465 2767 scriptis
2487 2694 2801 2752 tradidisse
2827 2716 2840 2761 ;
2865 2699 3005 2767 quid
3038 2699 3194 2754 aliud
3232 2706 3430 2762 restat,
3467 2694 3872 2757 nisi'utveum-

2217 2766 2348 2844 dem
2410 2766 2762 2844 Clementem
2794 2766 2899 2844 illo
2933 2771 3318 2844 vinirnomine
3349 2770 3534 2826 solam
3567 2773 3686 2827 vini
3737 2792 3872 2844 spe-

2217 2837 2455 2961 ciemget
2503 2840 2902 2910 apparentiam
2937 2842 3294 2898 intellexisse
3323 2847 3657 2898 constanter
3698 2837 3869 2900 diea-

2217 2924 2351 2961 mus

2217 2924 2351 2964 mus

2284 2983 2410 3054 Non
2465 2978 2722 3054 amplius
2753 2980 2955 3052 itaque
2986 2983 3317 3038 audiendus
3346 2992 3434 3039 cst
3491 2985 3870 3054 Albertinus,

460 3075 602 3114 num
639 3051 682 3142 οὶ
712 3057 942 3147 Christo
974 3056 1418 3147 ineucharistia
1457 3051 1997 3147 potatiim.uve‘rlum
2031 3075 2100 3114 ex
2128 3080 2170 3147 α
2216 3051 2317 3147 qui
2345 3051 2623 3147 eamdem:
2641 3051 3005 3136 cantilenai‘n-
3027 3051 3871 3147 saepiusur‘iobisinsusurrans,

458 3128 732 3202 superius
755 3129 942 3184 allatis
960 3128 1097 3202 etin
1117 3143 1294 3202 suum
1317 3127 1816 3202 locumrestitutis
1839 3129 2096 3202 Clemen-

456 3199 550 3256 tis
589 3215 726 3256 cum
782 3200 1196 3272 propositionis
1225 3208 1345 3253 lum
1406 3199 1874 3270 probationibus,
1929 3201 2094 3266 nulli,

458 3273 543 3354 uti
576 3276 876 3354 putamus,
899 3271 902 3272 ⁷
925 3273 1242 3354 obscurum
1275 3271 1530 3354 amplius
1560 3286 1686 3354 esse
1731 3276 1921 3354 potest
1977 3273 2097 3354 haec

455 3341 673 3398 Christi
698 3344 880 3412 verba
909 3359 942 3397 θ.
961 3341 1256 3398 Clemente
1282 3357 1397 3396 non
1430 3342 1560 3396 ideo
1575 3341 1768 3403 citari,
1802 3349 1865 3395 ut
1884 3344 2095 3412 proba-

455 3420 546 3468 ret
574 3411 871 3468 Christum
905 3413 963 3467 in
997 3413 1352 3468 eucharistia
1383 3412 1583 3467 vinum
1621 3411 1863 3479 bibisse,
1886 3411 1996 3468 scd
2032 3420 2097 3468 ut

450 3485 592 3540 illud
627 3489 830 3539 contra
861 3484 1186 3539 Encratitas
1217 3485 1288 3538 ab
1311 3499 1378 3538 eo
1401 3483 1769 3539 benedictum
1803 3491 1976 3556 atque
2006 3486 2092 3540 id-

448 3556 604 3614 circo
630 3562 840 3610 natura
869 3571 978 3611 sua
1010 3557 1228 3610 bonum
1251 3561 1351 3611 est
1377 3556 1762 3610 convinceret.
1811 3585 1816 3589 ε

525 3628 713 3683 Instat
762 3632 959 3682 tamen
989 3627 1328 3682 Alberti-nus
1387 3627 1465 3681 ibi
1495 3625 1814 3698 Clementis
1844 3641 2090 3698 scopum

449 3715 565 3754 non
595 3714 746 3764 esse,
781 3705 846 3753 ut
894 3700 1030 3753 data
1059 3715 1236 3769 opera
1267 3698 1595 3752 Encratitas
1617 3696 1860 3769 refellat,
1895 3696 2088 3768 quan-

454 3770 778 3842 doquidem'
803 3770 946 3826 nihil
981 3768 1154 3840 plane
1183 3771 1464 3842 adversus
1487 3785 1586 3824 eos
1619 3768 1874 3840 protulit,
1909 3787 2086 3842 quam

451 3843 508 3896 id
540 3840 693 3911 quod
732 3843 806 3897 ab
838 3844 938 3897 illo
974 3842 1160 3897 obiter
1193 3847 1250 3897 et
1280 3840 1566 3896 corollarii
1602 3842 1787 3896 instar
1805 3841 1874 3894 ad
1911 3841 2088 3911 hujus

449 3913 560 3969 loci
595 3914 766 3967 finem
817 3913 1106 3982 adjectum
1137 3920 1244 3968 est.
1277 3913 1452 3980 Esto;
1489 3913 1628 3983 quid
1661 3911 1844 3967 inde?
1890 3917 2088 3968 Nonne

450 3984 595 4040 satis
624 3989 714 4040 est
745 3990 810 4038 ut
839 3985 1130 4048 Clemens,
1164 3990 1310 4046 orta,
1346 3985 1428 4037 uti
1461 3984 1738 4050 diximus,
1763 3985 2084 4054 occasione,

444 4056 770 4111 Encratitas
823 4055 1202 4116 coniutando,
1231 4062 1435 4108 contra
1464 4071 1664 4109 eorum
1700 4054 1965 4110 haeresim
1998 4056 2086 4109 vi-

447 4143 583 4182 num
615 4128 672 4182 in
721 4126 1077 4181 eucharistia
1107 4143 1139 4179 a
1169 4126 1396 4179 Christo
1430 4127 1798 4180 benedictum
1840 4142 2085 4181 nemon-

445 4205 771 4268 stret;quo
818 4198 954 4251 inde
997 4197 1142 4251 nihil
1177 4212 1415 4267 prorsus
1467 4203 1668 4268 contra
1713 4201 1974 4251 nostram
2016 4200 2086 4253 de

442 4267 809 4325 eucharistize
861 4274 1226 4323 sacramento
1259 4267 1605 4322 sententiam
1637 4269 1711 4322 ab
1741 4268 1840 4322 illo
1889 4285 2084 4324 asser-

443 4346 567 4395 tum
597 4339 986 4395 invictissime
1014 4340 1479 4394 concludamus?

511 4413 750 4468 Frustra
780 4427 912 4465 vero
954 4417 1012 4466 et
1043 4427 1343 4482 perperam
1379 4411 1561 4465 instat
1591 4408 1924 4482 Albertinus
1956 4409 2082 4466 Cle-

440 4491 696 4539 mentem
729 4484 832 4538 48
864 4499 979 4537 non
1011 4480 1246 4537 aliunde
1271 4497 1446 4554 quam
1480 4497 1547 4554 ex
1569 4480 1927 4554 eucharistia
1959 4499 2083 4552 pro-

437 4555 576 4612 bare
622 4555 827 4610 vinum
858 4571 890 4610 a
921 4554 1150 4610 Christo
1192 4551 1476 4625 putatum.
1511 4553 1590 4607 Ex
1623 4553 1710 4608 his
1761 4551 2076 4620 enimvero,

437 4643 566 4697 quia
599 4628 724 4697 jam
769 4626 1102 4695 retulimus,
1163 4625 1404 4680 cuilibet
1445 4625 1672 4697 sincero
1727 4625 2079 4697 eticordato

438 4695 661 4754 homini
697 4699 1074 4769 perspicuum
1113 4713 1241 4752 esse
1267 4697 1458 4762 debet,
1495 4695 1645 4769 illud
1677 4712 1732 4769 a_
1758 4695 2076 4769 Clemente,

437 4786 548 4824 non
579 4785 648 4823 ex
695 4766 900 4824 allatis
933 4771 1004 4824 ab
1053 4770 1254 4824 eodem
1286 4767 1586 4823 Albertino
1619 4766 1810 4821 verbis
1859 4767 2074 4837 colligi,

433 4842 533 4896 sed
573 4839 712 4911 quia
741 4841 1187 4895 Judei-Christo
1215 4840 1332 4894 vini
1364 4839 1795 4911 exprobrabant
1825 4839 2076 4909 potatio-

435 4927 593 4967 nem.

499 4983 917 5038 Verumtamen
939 4981 1191 5052 insurgit
1215 4981 1405 5036 adhuc
1423 4980 1760 5036 Albertinus
1782 4984 1838 5052 et
1859 4981 2076 5036 clamat

429 5054 724 5110 Christum
755 5054 816 5108 in
841 5051 1190 5108 eucharistia
1221 5053 1420 5108 vinum
1447 5053 1664 5108 bibisse
1682 5053 1788 5106 hoc
1809 5051 2072 5108 Clemen-

423 5126 502 5182 tis
551 5125 758 5181 confici
792 5131 1184 5195 argumento:
1221 5146 1249 5174 «
1281 5124 1448 5178 Certo
1499 5124 1726 5188 scitote,
1759 5124 1886 5192 ipse
1931 5141 2070 5192 quo-

424 5214 540 5269 que
569 5197 730 5269 _vin_o
761 5211 906 5251 usus
936 5202 1045 5269 est.
1067 5218 1108 5269 _»
1165 5198 1237 5249 At
1267 5195 1411 5249 nihil
1447 5195 1793 5269 profectoua
1829 5197 2072 5269 veritate

422 5265 614 5340 magis
645 5267 1077 5340 alienumﬁngi
1109 5282 1381 5340 unquam
1416 5269 1666 5340 poteratz
1698 5265 1963 5321 Clemens
1995 5266 2070 5340 si-

420 5335 658 5412 quidem
692 5338 842 5395 nihil
865 5335 1158 5412 plane'bis
1185 5335 1376 5392 verbis
1407 5335 1776 5412 probandum
1807 5339 2072 5412 aggredi-

416 5408 534 5478 tur,
569 5413 671 5468 sed
715 5408 1050 5482 generalem
1088 5408 1494 5482 tantummodo
1529 5408 1798 5479 proponit
1830 5408 2067 5482 thesim,

416 5500 592 5554 quam
628 5480 831 5558 postea
855 5480 1161 5554 peculiari,
1187 5481 1269 5535 uti
1301 5481 1676 5558 observatum
1709 5487 1816 5548 est,
1841 5481 2068 5536 ratione

418 5554 840 5626 comprebavit.

485 5622 608 5694 His,
655 5625 889 5682 tametsi
938 5622 1348 5692 validissimis,
1397 5623 1692 5678 rationum
1753 5623 2066 5678 momentis

410 5699 677 5754 nondum
706 5700 881 5770 plane
911 5695 1468 5770 victusAlbertinue
1501 5698 1756 5770 urgetet
1785 5694 1902 5770 ait:
1937 5694 2063 5770 Cle-

412 5786 605 5840 mens,
636 5765 772 5828 cu'm
808 5767 958 5825 illud
989 5766 1208 5825 Christi
1241 5768 1480 5824 etiatum
1512 5765 1726 5823 refert:
1758 5787 1786 5815 ‹‹
1817 5769 1942 5820 Non
1976 5765 2062 5820 bi-

2208 3122 2291 3201 ait
2327 3123 3006 3201 Clementisanguinem
3064 3122 3199 3182 vitis
3241 3127 3408 3201 illum
3441 3145 3590 3199 esse,
3621 3131 3696 3184 de
3745 3122 3873 3201 quo

2207 3192 2473 3272 Christus
2504 3193 2685 3272 dixit:
2723 3219 2749 3272 «ς
2772 3192 2888 3272 'Hic
2919 3203 3007 3251 est
3046 3199 3354 3272 sanguinis
3387 3192 3586 3272 meus;
3608 3192 3873 3272 niAtqui

2207 3266 2449 3340 sanguis
2509 3266 2641 3340 vitis
2672 3271 2757 3320 est
2789 3269 3014 3340 vinum.
3047 3266 3219 3340 Ergo,
3269 3271 3568 3326 concludit
3602 3266 3870 3328 Alberti-

2207 3352 2340 3415 ξιμεί
2373 3337 2571 3415 vinum
2597 3339 3106 3415 juxt_a_Clementis
3128 3337 3473 3410 opinionem
3501 3347 3588 3397 est
3615 3347 3870 3415 sanguis

2203 3406 2440 3474 Christi,
2503 3424 2616 3483 non
2649 3411 2884 3483 quidem
2917 3428 3089 3466 verus
3121 3406 3192 3466 ac
3214 3429 3316 3483 per
3346 3431 3521 3468 venas
3561 3415 3620 3468 in
3680 3406 3872 3472 omne

2204 3495 2418 3549 corpus
2449 3478 2670 3557 __reipsa
2699 3481 2972 3552 diffusus,
3000 3484 3100 3538 sed
3133 3478 3365 3556 typicus
3395 3492 3453 3540 et
3482 3485 3745 3557 imagine
3776 3495 3870 3544 te-

2205 3548 2322 3604 nus
2347 3566 2413 3604 ac
2443 3548 2650 3620 figura.

2271 3621 2486 3701 verum
2520 3637 2697 3701 quam
2749 3622 2954 3701 frivola
2981 3628 3040 3701 et
3073 3626 3388 3697 nugatoria
3416 3627 3494 3682 sit
3522 3626 3650 3701 haec
3677 3644 3866 3701 argu-

2201 3693 2504 3757 mentatio,
2541 3693 2668 3761 jam
2702 3709 2734 3746 a
2766 3695 2934 3750 nobis
2963 3693 3434 3754 demonstratum
3465 3705 3574 3754 est.
3611 3699 3681 3754 Ut
3712 3693 3861 3756 itide

2198 3763 2354 3839 enim
2413 3764 2632 3839 aliquid
2690 3767 3056 3839 conficiatur,
3091 3770 3253 3839 prius
3285 3769 3608 3838 Albertino,
3667 3771 3860 3828 sicuti

2197 3834 2476 3901 diximus,
2507 3836 2869 3904 probandum
2899 3845 3023 3892 erat
3050 3834 3152 3894 illa
3181 3841 3394 3895 Christi
3426 3834 3639 3896 verba:
3675 3866 3704 3892 τι
3742 3845 3851 3898 Hic

2197 3912 2287 3961 est
2322 3906 2565 3974 sanguis
2599 3921 2788 3971 meus,
2821 3909 3046 3964 fructus
3075 3910 3231 3966 vitis.
3268 3934 3297 3961 ››
3341 3911 3636 3968 Clemente
3680 3931 3848 3969 nun-

2195 3994 2373 4054 quam
2398 3977 2511 4054 alio
2539 3993 2712 4048 quam
2745 3979 3053 4054 allegorice
3083 3999 3262 4038 sensu
3282 3983 3490 4054 accipi.
3513 3988 3585 4038 At
3604 3983 3705 4039 ille
3737 4001 3851 4041 nec

2197 4049 2254 4103 id
2307 4051 2535 4120 probat,
2582 4065 2693 4124 nec
2725 4049 2970 4124 probare
3001 4069 3260 4121 unquam
3308 4049 3514 4124 potuit.
3563 4055 3849 4118 Quinimo

2194 4137 2262 4198 ea
2291 4119 2423 4174 vero
2481 4126 2559 4198 et_
2581 4119 2816 4198 litterali
2845 4139 3022 4179 sensu
3071 4119 3144 4180 ab
3178 4125 3277 4180 illo
3309 4119 3494 4182 fuisse
3547 4126 3854 4198 explicata

2196 4192 2365 4263 plane
2397 4191 2780 4246 convicimus.

2264 4263 2562 4318 Postremo
2597 4263 2765 4336 nobis
2796 4264 2988 4319 adhuc
3030 4267 3247 4336 regerit
3277 4267 3619 4323 Albertinus
3649 4286 3684 4324 a
3718 4269 3852 4325 (lle-

2195 4340 2390 4408 mente
2410 4339 2604 4408 nostri)
2632 4334 2846 4408 ibidem
2866 4342 3064 4406 aperte
3087 4334 3387 4408 praedicari
3411 4362 3439 4387 ‹‹
3473 4340 3734 4395 fructum
3757 4343 3846 4395 vi-

2193 4407 2269 4482 tis
2293 4430 2321 4482 η
2356 4407 2414 4460 in
2447 4422 2512 4460 eo
2535 4404 2751 4482 Christi
2769 4404 3481 4482 ‘pronuntia'torallegorice
3501 4411 3849 4482 signiﬁcare

2193 4477 2443 4532 Verbum
2479 4493 2581 4547 pro
2614 4476 2816 4533 multis
2846 4481 3120 4545 effusum,
3153 4481 3208 4536 id
3241 4476 3350 4547 est,
3386 4487 3451 4536 ut
3480 4476 3847 4539 ait'Alberti-

2191 4547 2669 4624 nu_s,_mysticum
2703 4549 2873 4604 Verbi
2907 4551 3254 4624 sanguinem
3289 4568 3392 4624 pro
3425 4553 3630 4609 multis
3659 4555 3722 4610 in
3744 4572 3846 4610 re-

2191 4620 2533 4674 missionem
2568 4625 2934 4681 peccatorum
2967 4623 3218 4678 efi‘usum
3252 4620 3454 4680 fuisse.
3487 4625 3599 4680 Sed
3633 4626 3716 4681 ibi
3747 4626 3846 4680 Al-

2189 4691 2453 4747 bertinus
2503 4690 2764 4768 soiito_et
2793 4693 2868 4768 ad_
2881 4709 3176 4768 nauseam
3198 4696 3441 4768 repetito
3462 4697 3842 4768 sephismate

2189 4778 2514 4839 perperam
2535 4761 2812 4839 abutitur.
2851 4763 3126 4839 Nunquid
3159 4761 3315 4839 enim
3339 4761 3654 4838 allegorica
3683 4785 3842 4839 quo-

2186 4835 2456 4908 rumdam
2490 4834 2805 4904 Scriptura;
2830 4835 3138 4908 verborum
3171 4834 3573 4908 interpretatio
3603 4834 3842 4896 lit-tera-

2186 4905 2298 4961 lem
2332 4903 2568 4982 illorum
2602 4903 2844 4982 sensum
2875 4903 3841 4982 excludit?0uis'nescitmultipli-

2185 4995 2307 5032 cem
2340 4992 2469 5032 esse
2498 4976 2808 5043 Scriptura
2847 4994 3109 5047 sensum,
3139 4995 3243 5036 nec
3277 4997 3481 5045 unum,
3514 4981 3600 5035 uti
3645 4976 3772 5048 iam
3805 5002 3842 5038 ει

2184 5049 2353 5104 nobis
2368 5049 2740 5120 observatum
2757 5053 2868 5120 est,
2887 5066 3146 5120 unquam
3181 5052 3252 5106 ab
3267 5051 3382 5107 alio
3397 5053 3624 5107 extrudi
3647 5053 3674 5107 ?
3702 5055 3838 5111 Cle-

2184 5137 2350 5205 mens
2375 5119 2576 5205 igitur,
2608 5119 2846 5174 tametsi
2876 5119 3098 5205 Christi
3128 5123 3374 5205 clintum
3396 5123 3837 5205 al_le_gorice_in-

2181 5194 2621 5262 terpretaretur,
2654 5208 2768 5246 non
2803 5199 2974 5263 negat
3004 5198 3202 5248 tamen
3234 5193 3379 5249 illud
3408 5201 3468 5250 et
3497 5193 3735 5252 litterali
3769 5205 3830 5254 et

2182 5267 2584 5340 na_tivo_‘sen_s_u
2620 5278 2790 5340 posse
2819 5279 2898 5340 ac
2920 5265 3096 5340 deber
3144 5264 3415 5340 intelligi.
3474 5266 3637 5340 Nihil
3690 5285 3836 5340 ergo

2179 5336 2297 5418 egit
2325 5331 2684 5418 Albertin‘u’s,
2709 5333 2855 5418 nihil
2879 5335 3200 5418 etiamaget
3219 5331 3469 5418 quilibet
3488 5331 3834 5418 Calvinists,

2180 5403 2294 5481 nisi
2323 5405 2480 5481 clare
2512 5403 2681 5460 nobis
2710 5407 2980 5481 ostendat
3008 5403 3360 5481 Clementem
3391 5425 3459 5481 eo
3491 5409 3742 5481 mystico
3773 5403 3834 5468 et

2179 5477 2488 5549 allegorice
2529 5492 2713 5550 sensu
2773 5476 2858 5533 ita
2915 5493 3149 5550 semper
3196 5476 3572 5550 explicuisse
3608 5481 3830 5538 Christi

2175 5545 2371 5616 verba,
2431 5551 2496 5602 ut
2525 5545 2626 5602 illa
2659 5564 2962 5619 nunquam
2996 5545 3232 5604 litterin
3267 5545 3702 5619 significatione
3727 5571 3826 5610 ex-

2177 5621 2378 5694 plicari
2431 5634 2603 5694 posse
2633 5619 2719 5673 vel
2751 5621 2930 5694 semel
2978 5620 3192 5694 alicubi
3228 5619 3558 5678 tradiderit.
3593 5625 3707 5680 Sed
3769 5627 3824 5680 id

2175 5689 2398 5760 nullus,
2433 5689 2682 5764 ’utiAjam
2713 5691 2931 5764 saepius
2977 5691 3202 5748 dictum
3246 5697 3357 5759 est,
3391 5694 3664 5764 probavit
3717 5712 3828 5751 un-

2172 5780 2374 5837 quam,
2396 5765 2498 5818 aut
2515 5760 3173 5834 deinceps'probaturus
3189 5769 3298 5822 est.
3313 5760 3583 5837 Denique
3599 5767 3824 5824 nemini
