3978 6200
201 265 308 318 88.9

759 261 940 315 ΑΗΕ
978 262 1051 314 IN
1091 260 1711 318 COHORTATIONEM
1749 264 1842 316 ET
1880 259 2348 315 PEDAGOGUM
2385 259 3005 315 OBSERVATIONES.

3479 253 3584 307 890

209 394 391 443 autem
421 403 517 440 nec
551 385 685 457 quis
719 390 872 440 esset
895 383 1132 454 quidem
1164 385 1280 457 Pan
1312 390 1610 451 noverant,
1644 385 1842 456 prius-
1870 386 1924 452 Α
2026 384 2124 439 50
2157 381 2610 457 Sedantequam
2643 383 3283 457 Cecroszovinomcn
3315 381 3594 446 dedisset,

207 478 373 530 quam
403 457 480 513 eis
523 456 744 512 diceret
787 457 1146 530 Philppides.
1183 456 1389 512 Merito
1437 474 1574 527 ergo
1623 458 1842 512 daemo-

206 528 342 585 num
374 531 554 584 cultus
585 545 720 582 cum
755 528 991 582 aliunde
1021 529 1272 597 cepisset
1303 529 1681 599 principium,
1713 531 1840 582 t'ons

197 607 306 656 fuit
337 600 520 656 stolidi
553 601 699 653 vitii.
723 600 941 654 Deinde
973 615 1105 652 cum
1142 616 1254 653 non
1291 600 1498 654 fuisset
1527 602 1837 667 rescissus,

197 675 295 728 sed
331 675 641 742 accepisset
692 676 1074 741 augmentum
1109 677 1165 723 et
1198 687 1410 740 magno
1462 671 1727 725 ﬂuxisset
1757 670 1839 724 al-

196 761 315 808 veo,
350 745 560 798 multos
593 745 890 797 daemones
940 743 1248 796 constituit
1297 743 1635 797 sacriﬁcans
1667 743 1839 796 heca-

197 818 439 881 tombas,
469 821 530 870 et
562 821 885 868 conventus
940 814 1262 877 celebrans,
1292 820 1347 867 et
1380 814 1692 868 simulacra
1723 815 1838 868 eri-

193 905 359 960 gens,
405 886 728 960 etdtempla
776 886 1071 960 :edificans
1094 885 1215 960 :3°._»
1257 886 1402 960 Tria
1443 886 1519 938 ibi
1572 885 1839 940 Clemens

197 955 389 1013 noster
418 958 732 1012 edisserit:
761 960 950 1028 primo
983 955 1147 1009 initia
1177 956 1339 1025 impii
1374 957 1706 1010 daemonum
1737 974 1836 1010 seu

195 1031 465 1086 falsorum
515 1030 760 1083 deorum
809 1028 1029 1093 cultus,
1065 1030 1323 1082 secundo
1357 1029 1702 1098 templorum
1757 1030 1840 1082 eis

193 1104 533 1163 dicaturum,
559 1100 732 1154 tertio
765 1100 1017 1169 denique
1050 1100 1499 1154 simulacrorum
1531 1107 1586 1154 et
1619 1105 1838 1154 statua-

193 1190 316 1229 rum
355 1172 662 1235 originem.

259 1253 333 1296 Ac
366 1245 556 1313 primo
587 1243 848 1311 quidem,
886 1243 1038 1296 unde
1073 1246 1127 1294 et
1159 1258 1190 1295 a
1223 1258 1336 1312 quo
1369 1242 1698 1294 dmmonum
1735 1257 1837 1295 seu

190 1317 422 1370 deorum
458 1317 660 1368 cultus
692 1321 880 1367 ortum
917 1315 1164 1379 duxerit,
1192 1331 1300 1366 non
1338 1324 1530 1366 autem
1566 1321 1721 1366 certo
1749 1315 1842 1367 dc-

191 1389 372 1448 tinire,
409 1403 516 1440 nec
549 1387 605 1438 id
634 1387 867 1454 quidem
907 1385 1003 1437 ulli
1041 1385 1250 1438 mirum
1277 1387 1452 1439 videri
1481 1386 1666 1438 debet.
1694 1385 1837 1438 Nam

190 1465 428 1528 septem,
465 1465 533 1511 ut
567 1457 742 1525 paulo
781 1462 914 1510 ante
949 1456 1227 1516 diximus,
1263 1455 1359 1528 ille
1403 1457 1606 1528 modos
1643 1459 1838 1522 rel'ert,

192 1527 398 1600 quibus
426 1531 550 1582 haec
575 1531 780 1582 insana
807 1529 1126 1600 errantium
1152 1527 1485 1600 hominum,
1504 1527 1677 1581 lalsos
1703 1529 1840 1582 deos

190 1599 529 1662 celantium,
554 1601 824 1670 impietas
850 1600 906 1652 iu
931 1599 1190 1653 diversas
1214 1599 1418 1652 mundi
1443 1605 1634 1669 partes
1666 1600 1842 1653 variis

193 1673 384 1744 procul
432 1672 621 1726 dubio
647 1669 1043 1744 temporibus
1072 1669 1357 1744 irrupisse
1407 1670 1760 1744 perhibetur.
1795 1673 1839 1724 A

193 1740 300 1813 quo
346 1749 550 1797 autem
586 1751 640 1797 et
673 1740 1045 1816 quando,_vel
1081 1741 1176 1816 ubi
1214 1743 1366 1811 prior
1397 1758 1460 1816 ex
1499 1741 1612 1795 illis
1658 1743 1842 1816 iniro—
1872 1753 1920 1816 Β

194 1812 396 1870 ductus
431 1817 538 1876 sit,
563 1829 668 1868 nec
701 1813 796 1867 ille
829 1813 1062 1884 quidem
1089 1813 1188 1876 ibi,
1214 1829 1318 1866 nec
1347 1813 1659 1883 quisquam
1692 1812 1842 1866 alius

191 1886 348 1942 nobis
400 1895 565 1940 certo
606 1890 663 1940 et
713 1885 1016 1954 perspicue
1066 1885 1339 1954 patefacit
1392 1885 1841 1939 demonstravit-

228 1976 313 2012 ue.
347 1957 594 2012 Scimus
626 1957 858 2024 quidem
897 1954 1228 2026 opinionem
1265 1957 1333 2009 de
1367 1957 1634 2026 pluribus
1665 1957 1777 2009 diis
1812 1972 1844 2008 a

228 1977 313 2012 ΗΘ.
347 1977 594 2012 DCICDUS
626 1977 858 2024 QUIUCID
897 1977 1228 2026 OplﬂlOﬂCHl
1265 1977 1333 2009 GC
1367 1977 1634 2026 plUI‘lDllS
1665 1977 1777 2009 UllS
1812 1977 1844 2008 8.

190 1977 416 2084 ἳυεῑίιιο
440 2034 702 2099 martyre
732 2034 790 2082 et
820 2026 950 2099 aliis
984 2026 1364 2096 quibusdam,
1388 2034 1453 2081 ut
1484 2027 1620 2082 alibi
1653 2028 1846 2081 obser-

191 2109 376 2156 ratum
431 2105 526 2155 est
547 2097 704 2166 3‘,'in
751 2099 871 2153 haec
919 2097 1207 2153 Geneseos
1260 2099 1434 2152 verba
1467 2114 1531 2152 ;‹‹
1568 2100 1634 2152 Et
1681 2099 1843 2152 eritis

194 2175 332 2227 sicut
366 2172 452 2225 dii
481 2172 548 2240 ³⁵,
578 2193 607 2219 ››
640 2170 879 2224 omnino
930 2169 1180 2224 refundi.
1214 2169 1325 2223 Sed
1358 2170 1594 2239 quando
1643 2174 1698 2222 et
1746 2169 1843 2223 ubi

194 2243 279 2299 hic
337 2259 505 2298 error
563 2242 985 2296 disseminatus
1041 2241 1298 2309 primum
1362 2241 1554 2305 fuerit,
1611 2257 1713 2294 nec
1773 2241 1846 2294 ab

191 2316 303 2382 illo,
339 2330 447 2368 nec
481 2312 558 2368 ab
591 2312 711 2368 ullo
752 2312 865 2368 alio
897 2312 1201 2367 deﬁnitum
1256 2315 1358 2366 aut
1407 2311 1726 2366 indicatum
1759 2311 1846 2366 le-

225 2403 401 2440 imus.

225 2404 401 2440 imus.

189 2404 220 2458 g
252 2459 318 2512 Et
351 2473 492 2510 vero
540 2454 850 2518 Eusebius,
889 2453 1138 2525 primam
1173 2453 1414 2506 deorum
1466 2453 1746 2522 originem
1781 2471 1848 2508 ex

193 2527 437 2600 paganis
482 2527 894 2600 scriptoribus
926 2525 1379 2600 diligentissime
1426 2532 1844 2600 perscrutatus,

193 2596 387 2655 narrat
415 2598 660 2668 quidem
697 2596 1018 2661 thnices,
1052 2613 1117 2650 ac
1157 2596 1330 2668 paulo
1365 2601 1496 2664 post
1524 2597 1842 2668 z’Egyptios,

193 2667 456 2726 omnium
493 2669 722 2740 primos
771 2669 947 2723 fuisse
979 2667 1077 2738 qui
1111 2667 1489 2740 divinitatem
1531 2667 1659 2733 soli,
1697 2669 1850 2722 lunae

196 2750 244 2798 et
275 2742 470 2798 stellis
494 2737 955 2808 'adjudicavere,
988 2737 1054 2794 ac
1083 2739 1307 2792 cateris
1338 2737 1674 2793 hominibus
1720 2743 1847 2793 lue-

195 2821 329 2868 runt
358 2813 614 2880 hujusce
637 2811 958 2881 impietatis
989 2815 1045 2865 et
1069 2810 1322 2876 sceleris,
1347 2811 1496 2880 ipso,
1527 2815 1590 2863 ut
1615 2811 1697 2864 ait
1728 2810 1845 2874 ille,

191 2885 479 2940 atheismo
532 2881 818 2952 gravioris
876 2887 1139 2937 auctores
1159 2882 1223 2935 ³⁸.
1261 2881 1370 2935 Sed
1423 2896 1545 2952 quo
1587 2887 1850 2952 tempore

195 2957 504 3010 Phoenices
537 2953 623 3008 illi
673 2959 850 3023 atque
897 2953 1151 3024 Egyptii
1183 2952 1461 3023 coeperint
1490 2951 1647 3024 illam
1679 2951 1850 3008 astris

195 3028 563 3082 divinitatem
601 3022 912 3088 ascribere,
950 3022 1157 3079 n'ullibi
1211 3022 1334 3094 ipse
1375 3022 1543 3078 nobis
1577 3025 1846 3093 aperuit:

197 3123 218 3150 α
259 3099 647 3159 Phoenices,»
697 3097 874 3151 verba
918 3101 1056 3150 sunt
1105 3095 1360 3158 Eusebii,
1388 3116 1414 3143 «
1446 3099 1503 3149 et
1559 3095 1849 3165 Egyptios

195 3172 458 3224 omnium
511 3167 834 3238 principes
857 3166 989 3232 soli,
1020 3172 1078 3222 et
1107 3166 1280 3238 lunmj,
1315 3182 1378 3220 ac
1429 3165 1614 3238 stellis
1643 3167 1850 3221 divini-

196 3248 362 3296 tatem
418 3236 723 3294 tribuisse
742 3236 1046 3307 vulgatum
1098 3243 1206 3302 est,
1235 3237 1422 3307 iisque
1469 3237 1609 3292 solis
1660 3255 1854 3292 rerum

197 3320 357 3368 ortus
386 3311 795 3380 interitusque
825 3325 1057 3364 causam
1090 3309 1447 3379 assignasse.
1473 3309 1692 3365 Deinde
1721 3327 1856 3364 vero

199 3402 315 3456 quae
349 3382 582 3453 passim
619 3387 676 3436 et
705 3380 1511 3456 ubiquejaotanturdeorum
1543 3385 1662 3435 tam
1694 3380 1858 3456 moli-

199 3450 380 3509 tiones
413 3471 616 3526 quam
653 3450 1081 3526 procreationes
1109 3451 1168 3504 in
1203 3450 1506 3526 hominum
1549 3466 1735 3526 genus
1767 3452 1854 3505 in-

198 3521 544 3582 vexissei....
568 3521 956 3593 Nequaquam
983 3522 1077 3576 hic
1099 3521 1261 3594 stetit
1289 3537 1515 3594 eorum,
1533 3523 1628 3592 qui
1656 3528 1858 3594 postea

200 3598 375 3652 secuti
410 3602 580 3658 sunt,
617 3593 922 3648 hominum
959 3595 1028 3647 de
1070 3593 1446 3647 multitudine
1489 3593 1728 3648 deorum
1761 3610 1857 3648 er-

202 3686 320 3734 ror;
357 3669 458 3721 sed
516 3667 578 3721 in
634 3664 813 3719 altam
864 3664 1256 3732 improbitatis
1296 3664 1633 3733 voraginem
1667 3669 1853 3732 actus,

203 3741 566 3807 impietatem
632 3736 896 3807 peperit,
942 3735 1070 3806 ipso
1130 3751 1364 3806 quoque
1401 3740 1652 3807 negatae
1709 3737 1854 3790 divi-

199 3805 391 3866 nitatis
460 3805 1090 3879 scelere’gravior’em.
1151 3805 1356 3879 Atque
1400 3805 1583 3875 hujus
1641 3807 1856 3879 erroris

200 3883 522 3945 thnices,
582 3895 652 3933 ac
706 3875 880 3949 paulo
933 3881 1065 3948 post
1111 3875 1360 3948 Egyptii
1409 3881 1678 3933 auctores
1732 3878 1858 3932 fue-

202 3954 337 4009 re“.
366 3972 394 4002 ι

267 4024 498 4078 Rursus
529 4023 729 4074 autem
763 4017 882 4090 ille,
917 4021 1014 4072 sed
1053 4019 1322 4090 brevius:
1351 4040 1380 4090 (ς
1412 4018 1646 4073 Maneat
1677 4018 1858 4090 igitur

201 4093 347 4150 hunc
377 4092 656 4151 omnium
689 4089 949 4161 gentium
983 4091 1053 4144 de
1085 4088 1462 4144 multitudine
1494 4088 1733 4144 deorum
1766 4105 1855 4145 er-

201 4182 379 4221 rorem
413 4181 535 4220 non
573 4160 852 4230 nisi’post
882 4160 1115 4231 longam
1162 4166 1400 4215 aetatum
1433 4161 1643 4215 seriem
1677 4161 1856 4216 exsti-

195 4237 354 4308 tisse,
387 4237 497 4308 qui
550 4249 752 4308 cumua
782 4231 1154 4308 Phoenicibus
1204 4236 1280 4308 et
1306 4231 1587 4308 Egyptiis
1617 4231 1854 4308 initium

197 4301 524 4371 habuisset,
561 4304 638 4358 ab
676 4301 748 4356 iis
779 4303 838 4356 in
872 4301 1130 4372 reliquas
1162 4301 1856 4373 postmodumnationes

196 4380 458 4450 adipsos
506 4389 698 4450 usque
729 4373 957 4450 Griecos
1003 4389 1140 4450 sese
1171 4372 1518 4450 propagavit
1537 4372 1670 4450 δερ-
1689 4373 1850 4450 Quod

196 4443 427 4517 quidem
503 4443 618 4517 ille
673 4444 844 4517 paulo
879 4448 1045 4517 Apost
1109 4443 1419 4514 deacriptis
1476 4457 1555 4517 ex
1612 4443 1854 4517 Philone

197 4513 736 4576 Sanchoniathonis
777 4513 971 4570 verbis
1017 4530 1255 4571 rursum
1304 4513 1518 4568 astruit
1546 4517 1603 4568 et
1633 4514 1847 4570 conﬁr-

197 4596 334 4645 mat.

259 4665 331 4715 Μ
363 4656 648 4730 quamvis
672 4654 979 4730 Eusebius,
1006 4654 1258 4730 inquies,
1287 4653 1431 4708 nihil
1465 4653 1858 4730 ibideAprima

201 4724 442 4788 deorum
481 4729 710 4798 origine
741 4726 968 4798 dixerit,
1002 4724 1195 4798 nonne
1243 4726 1302 4798 in
1347 4724 1589 4798 secundi
1623 4726 1858 4798 Chroni-

195 4819 381 4858 corum
415 4800 557 4855 libri
581 4795 886 4868 'prommio
919 4796 1037 4868 haec
1070 4795 1649 4868 scripsisselegitur?
1681 4817 1708 4845 «
1740 4799 1856 4868 Ita-3

198 4891 302 4944 que
336 4874 472 4928 sine
513 4866 1070 4944 ullaambiguitate
1099 4867 1422 4944 AM_oys_es_et
1450 4870 1719 4944 Cecrope,
1754 4866 1856 4936 qui

197 4937 422 5016 primus
456 4938 902 5016 Atheniensium
957 4955 1054 4992 rex
1093 4939 1229 5016 fuit,
1256 4938 1460 5016 iisdem
1494 4937 1656 4992 fuere
1703 4942 1854 5016 tem-

266 5017 555 5070 ribus.....
617 5008 720 5063 Hic
778 5007 1010 5078 primus
1070 5008 1337 5063 omnium
1394 5011 1592 5062 Jovem
1629 5007 1854 5078 appel-

217 5087 361 5154 avit,
412 5081 738 5138 simulacra
783 5077 1029 5154 reperit,
1080 5095 1239 5154 aram
1298 5078 1534 5154 statuit,
1585 5077 1857 5154 victimas

197 5149 546 5221 immolavit,
590 5165 960 5221 nequaquam
1011 5149 1350 5221 istiusmodi
1384 5150 1578 5221 rebus
1605 5149 1666 5202 in
1700 5149 1855 5204 Gra-

195 5229 282 5282 cia
341 5219 608 5294 unquam
644 5219 883 5294 _v_isis._»
917 5219 1241 5294 Addamus,
1276 5221 1326 5275 si
1381 5219 1566 5294 iubet,
1625 5221 1854 5294 eadem,

197 5289 496 5368 quoque—8
527 5290 742 5364 Cyrillo
774 5289 1164 5347 Alexandrino
1187 5292 1232 5326 ³⁸
1260 5295 1316 5346 et
1355 5289 1488 5345 aliis
1519 5293 1721 5360 postea
1767 5306 1856 5346 re-

196 5370 353 5424 ferri.

269 5517 316 5588 ιδ
351 5513 605 5569 Αάωοιι.
637 5508 733 5562 ad.
766 5506 1187 5588 Graec.,Ap._28.
1264 5507 1476 5588 “Lib:
1500 5525 1542 5588 ii
1585 5513 1832 5588 Appap,
1879 5507 2113 5588 dissert.
2147 5507 2209 5588 2_,_
2232 5523 2361 5588 cap:
2391 5506 2446 5570 6,

203 5605 222 5642 ι
255 5587 513 5659 Erepar.
550 5594 781 5659 evang,
813 5579 1007 5659 cpt}.
1035 5583 1093 5633 et
1105 5593 1242 5659 ρος.
1320 5579 1364 5613 ³⁷
1395 5578 1543 5633 Ibid.
1577 5578 1702 5650 capi
1733 5580 1792 5659 β2
1818 5578 2088 5659 'pag.__17.
2135 5578 2210 5659 ff
2241 5578 2308 5659 Ib;

198 5647 617 5731 {alien-.Lpag.
651 5647 741 5704 10.
766 5647 796 5731 ⁷.
811 5647 877 5731 :1
897 5647 1311 5731 ΙλῇιιᾊιιΡιιφΡλ
1347 5663 1575 5731 evang,
1625 5647 1676 5731 ei

1968 5649 2236 5731 Herodot.
2261 5647 2380 5731 lib...
2425 5663 2486 5713 ιι,

1195 5718 1246 5753 ⁸⁸
1272 5718 1447 5788 Cyri].
1497 5718 1661 5775 Cont.
1713 5719 1959 5781 Julian..

199 5727 350 5784 falsa
380 5719 590 5792 relig,’
608 5734 741 5790 pag.
777 5719 966 5792 l3_0__et
995 5719 1116 5773 131.

1882 4477 1929 4540 Β

1951 455 2287 526 οειιῑθγειρυᾱ
2323 453 2614 526 Aigyptios
2638 461 2695 509 et
2719 453 3016 510 Pbmnices
3039 456 3161 525 jam
3187 471 3220 508 a
3249 453 3421 526 longo
3448 458 3593 526 tem-

1950 543 2086 596 pore
2115 523 2332 596 impius
2363 523 2435 581 de
2465 523 2842 581 multitudine
2874 523 3112 581 deorum
3144 541 3304 596 error
3334 523 3592 578 invalue-

1950 595 2059 679 rat.
2093 595 2290 679 Neque
2332 597 2389 651 id
2433 615 2500 651 ex
2535 597 3033 679 primo‘dun‘taxat
3064 595 3297 652 Eusebii
3330 595 3590 679 testimo-

1951 670 2045 745 nio
2079 668 2561 745 colligimus,nsed
2590 686 2658 745 ex
2687 669 2910 745 ultimis
2941 670 3138 745 etiam,
3163 685 3290 745 quae
3323 668 3592 745 citamus,

1949 741 2076 808 eius
2107 742 2315 794 verbis.
2343 741 2487 806 Quid
2520 744 2694 805 enim,
2719 742 2929 795 amabo
2959 745 3037 809 te,
3062 737 3218 794 aliud
3250 739 3322 794 iis
3355 737 3590 792 sibi'vo-
3635 800 3638 804 ι

1949 812 2082 877 luit,
2116 813 2226 866 nisi
2261 812 2376 866 haec
2402 830 2432 865 a
2455 812 2700 882 Cecrope
2733 813 2788 866 in
2822 814 3098 866 Graeciam
3127 812 3304 865 fuisse
3337 809 3592 881 primum

1951 884 2324 938 introducta?
2354 883 2531 954 Atqui
2564 883 2742 937 Graeci
2791 889 2848 938 et
2895 883 2992 936 alii
3044 883 3189 937 falsa
3219 884 3589 954 deorumne-

1951 956 2130 1017 mina,
2158 961 2219 1008 ut
2260 955 2411 1007 idem
2448 951 2751 1009 Eusebius
2783 963 2986 1009 auctor
3017 955 3184 1022 est”,
3221 951 3592 1007 Phoenicibus

1950 1033 2004 1080 et
2034 1027 2314 1096 Angptiis
2343 1033 2576 1097 accepta
2610 1027 2950 1080 referebant.
2983 1031 3047 1078 Et
3078 1042 3208 1080 vero
3234 1024 3330 1097 ubi
3365 1024 3460 1097 illo
3484 1023 3592 1097 cla-

1952 1098 2072 1152 rius
2104 1094 2159 1150 ei
2181 1094 2499 1152 enodatius
2529 1113 2595 1151 ex
2627 1097 3133 1151 Sanchoniathone
3172 1096 3341 1150 initia
3373 1094 3593 1148 theolo-

1950 1170 2055 1239 gize
2105 1168 2443 1222 thnicum
2476 1169 2744 1238 explicat,
2781 1169 3019 1238 planum
3068 1167 3267 1236 utique
3311 1165 3443 1218 iacit
3491 1166 3586 1239 diu

1951 1235 2082 1294 ante
2104 1246 2432 1294 Grmcorum
2464 1235 2720 1308 tempora
2752 1235 2904 1293 hanc
2937 1240 3139 1292 falsam
3169 1235 3407 1292 deorum
3441 1235 3597 1290 mul-

1949 1312 2258 1364 titudinem
2294 1329 2323 1365 a
2357 1311 2726 1365 Pbcrn?cibus
2758 1312 2938 1365 fuisse
2967 1311 3379 1366 introductam.

2022 1384 2233 1437 Eodem
2267 1383 2435 1454 plane
2480 1400 2652 1437 sensu
2707 1384 3026 1436 Herodotus
3060 1381 3265 1454 scribit
3293 1397 3354 1435 se
3389 1394 3596 1454 nuper

1949 1458 2122 1525 atque
2154 1452 2276 1508 heri
2327 1453 2600 1508 didicisse
2632 1471 2702 1525 an
2745 1455 2822 1507 dii
2873 1469 3122 1524 semper,
3157 1452 3242 1506 vel
3289 1452 3463 1525 unde,
3490 1455 3592 1504 aut

1951 1524 2066 1594 qua
2098 1525 2232 1579 olim
2270 1525 2460 1596 specie
2491 1527 2642 1594 apud
2677 1524 2906 1580 Graecos
2937 1525 3236 1579 fuerint“.
3262 1524 3433 1596 Prius
3460 1538 3592 1596 vero

1951 1593 2175 1650 dixerat
2206 1593 2500 1667 J‘Eg'yptios
2531 1593 2866 1650 venditasse
2898 1612 2958 1649 se
2985 1617 3010 1644 «
3035 1599 3255 1666 primos
3285 1593 3591 1667 duodecim

1951 1670 2190 1722 deorum
2216 1664 2563 1738 cogn—on'iina
2593 1668 2650 1721 in
2677 1684 2785 1721 usu
2811 1664 3109 1733 habuisse,
3135 1671 3189 1720 et
3211 1667 3281 1720 ab
3303 1665 3421 1738 illis
3443 1664 3594 1738 Gre;-

1952 1757 2048 1793 cos
2083 1741 2264 1794 fuisse
2288 1735 2606 1793 “mutuatos
2629 1739 2692 1794 δε.
2723 1761 2747 1786 ››
2780 1740 2889 1794 Sed
2945 1739 3322 1808 quandonum
3355 1737 3409 1790 id
3443 1735 3593 1789 acci-

1953 1811 2123 1877 derit,
2158 1811 2284 1882 ipse
2317 1826 2549 1881 quoque
2580 1811 2815 1882 penitus
2845 1815 3015 1864 tacet.

2025 1879 2361 1936 Lactantius
2391 1879 2525 1936 vero
2574 1879 2835 1952 perhibet
2866 1899 2967 1936 seu
3003 1899 3035 1935 a
3067 1879 3342 1952 Melisseo
3367 1881 3596 1952 Creten-

1953 1954 2106 2008 sium
2151 1969 2303 2025 rege,
2339 1959 2402 2007 ut
2450 1949 2723 2024 Didymus
2773 1953 3069 2025 memoriae
3122 1949 3460 2022 prodidit",
3496 1965 3596 2003 seu

1953 2027 2026 2078 ab
2081 2024 2236 2095 ipso"
2264 2028 2422 2090 Jove,
2472 2030 2534 2078 ut
2581 2024 2823 2078 tradidit
2868 2024 3600 2095 Evehemerus,_manasse

1954 2092 2193 2150 deorum
2241 2095 2618 2150 colendorum
2670 2095 3168 2166 superstitionem.
3205 2099 3270 2148 At
3301 2093 3395 2149 ille
3427 2092 3598 2166 paulo

1955 2184 2133 2237 supra
2163 2168 2434 2221 eumdem
2465 2166 2677 2220 idcirco
2701 2163 2937 2221 damnat
2963 2166 3320 2233 Melisseum,
3345 2164 3497 2236 quod
3531 2163 3602 2217 ri-

1953 2244 2049 2293 tus
2081 2255 2258 2293 novos
2279 2253 2696 2308 sacrorumque
2727 2255 2972 2309 pompas
3004 2239 3430 2309 excogitaverit.
3455 2240 3602 2289 Ante

1953 2311 2054 2364 illa
2087 2311 2267 2380 igitur
2297 2317 2560 2380 tempora
2609 2309 2702 2362 alii
2730 2308 2975 2364 deorum
3025 2308 3397 2364 colendorum
3435 2311 3599 2380 ritus,

1956 2378 2158 2435 eodem
2194 2378 2492 2436 Lactantio
2523 2385 2690 2446 teste,
2723 2381 2837 2450 iam
2873 2380 3007 2434 alibi
3042 2381 3434 2435 obtinuerant.
3469 2378 3602 2450 Nul-

1954 2452 2048 2507 lus
2079 2454 2275 2521 itaque
2305 2468 2372 2506 ex
2405 2452 2516 2516 his,
2551 2449 2737 2520 neque
2769 2453 3009 2506 forsitan
3043 2467 3111 2506 ex
3142 2451 3272 2506 aliis
3304 2449 3606 2518 scriptori-

1958 2525 2068 2578 bus
2100 2523 2267 2578 nobis
2320 2524 2556 2577 definite
2589 2524 2883 2592 edisserit,
2918 2525 3016 2593 qui
3049 2527 3149 2576 aut
3181 2539 3293 2593 quo
3343 2527 3604 2591 tempore

1957 2595 2246 2660 homines,
2277 2613 2308 2648 a
2339 2595 2458 2648 veri
2494 2595 2596 2648 Dei
2631 2593 2785 2649 cultu
2821 2591 3233 2655 desciscentes.
3269 2591 3412 2663 ipsis
3443 2608 3598 2646 crea-

1959 2666 2108 2720 turis
2133 2683 2341 2720 nomen
2372 2666 2493 2732 Dei,
2518 2667 2762 2736 eiusque
2788 2671 3059 2720 naturam
3085 2670 3140 2720 et
3161 2665 3411 2720 honores
3430 2663 3607 2718 ascri-

1955 2739 2146 2792 benda
2173 2743 2549 2792 censuerunt.

2030 2810 2302 2876 Ejusdem
2335 2815 2530 2864 tamen
2579 2808 2860 2863 Lactantii
2894 2807 3262 2877 aliorumque
3315 2805 3601 2877 plurimo-

1958 2896 2085 2934 rum
2111 2897 2238 2934 cum
2266 2882 2639 2950 antiquorum
2665 2885 2790 2934 tum
2817 2879 3203 2934 recentiorum
3227 2880 3600 2949 scriptorum,

1958 2956 2134 3021 atque
2163 2951 2220 3005 in
2263 2949 2464 3022 primis
2494 2949 2692 3021 Cyrilli
2723 2951 3090 3006 Alexandrini
3118 2951 3182 3019 ‘3,
3217 2955 3393 3020 atque
3424 2951 3598 3004 etiam

1960 3027 2160 3092 postea
2190 3024 2374 3077 sancti
2406 3023 2643 3078 Thomas
2664 3023 2708 3056 ⁴⁵
2738 3023 2981 3092 ejusque
3012 3027 3365 3076 sectatorum
3399 3037 3466 3076 ea
3499 3022 3603 3075 fuit

1888 3119 1931 3185 ρ
1970 3093 2186 3185 qpinio,
2220 3094 2442 3149 nullam
2489 3094 2680 3185 prima
2729 3093 2934 3185 mund‘i
2963 3098 3171 3185 ‘azltate,
3203 3093 3311 3185 born
3340 3098 3448 3185 est,
3482 3096 3614 3175 ante

1971 3164 2174 3220 diluvii
2223 3171 2509 3236 tempora,
2565 3165 2746 3236 fuisse
2807 3164 3215 3220 idololatriam.
3252 3164 3406 3236 Quid
3457 3164 3612 3236 enim

1966 3236 2298 3307 expressius
2329 3235 2385 3291 et
2413 3236 2630 3292 clarius
2673 3235 2766 3290 his
2820 3236 3104 3291 Lactantii
3150 3235 3361 3301 verbis,
3397 3235 3615 3307 quibus

1967 3306 2170 3372 Cham,
2205 3325 2237 3361 a
2272 3309 2388 3362 Noe
2421 3313 2581 3378 patre
2614 3325 2718 3362 suo
2751 3308 3148 3378 reprobatum,
3173 3306 3311 3360 {iliis
3346 3306 3469 3361 suis
3502 3306 3613 3376 pri-

1968 3395 2128 3460 mum
2161 3377 2550 3460 ignorantiam
2583 3377 2889 3460 reliqnis’se
2915 3378 3016 3460 Dei
3047 3377 3130 3434 sic
3161 3381 3396 3460 narrat:
3429 3399 3455 3430 α
3487 3379 3613 3459 ilice

1969 3449 2077 3504 fuit
2126 3444 2314 3520 prima
2360 3467 2524 3521 gens,
2559 3444 2924 3521 quae-Deum
2967 3444 3286 3521 ignoravit;
3333 3449 3610 3518 quoniam

1969 3519 2240 3591 princeps
2284 3519 2412 3590 ejus
2443 3526 2500 3576 et
2530 3519 2798 3576 conditor
2837 3519 3058 3576 cultum
3095 3519 3192 3574 Dei
3224 3538 3255 3576 a
3286 3525 3451 3590 patre
3498 3536 3612 3574 non

1968 3593 2207 3662 accepit,
2244 3593 2590 3647 maledictus
2612 3593 2684 3647 ab
2715 3608 2801 3646 eo.
2828 3594 3022 3660 Itaque
3053 3591 3442 3662 ignorantiam
3475 3591 3615 3645 divi-

1967 3663 2170 3718 nitatis
2200 3664 2528 3734 minoribus
2553 3663 2676 3718 suis
2702 3662 3056 3734 reliquit.....
3082 3664 3294 3717 Errant
3313 3663 3493 3733 igitur
3513 3662 3612 3732 qui

1965 3736 2206 3789 deorum
2231 3733 2425 3789 cultus
2447 3735 2518 3790 ab
2544 3734 2781 3789 exordio
2806 3733 3000 3789 rerum
3022 3735 3204 3790 fuisse
3225 3735 3611 3803 contendunt,

1965 3810 2021 3860 et
2073 3806 2322 3875 priorem
2383 3804 2951 3876 essegentilitatem
2994 3822 3172 3876 quam
3231 3803 3328 3859 Dei
3381 3804 3612 3874 religio-

1965 3892 2097 3930 nem
2119 3875 2251 3929 “?u
2289 3875 2628 3931 Lactantius
2658 3892 2792 3947 ergo
2837 3875 3052 3947 aliique
3083 3881 3349 3931 auctores
3380 3893 3414 3931 a
3444 3876 3613 3930 nobis

1966 3948 2126 4002 citati
2160 3952 2366 4017 putant
2394 3963 2589 4002 veram
2615 3948 2789 4002 unius
2818 3949 2914 4018 Dei
2946 3947 3352 4017 cognitionem,
3380 3951 3614 4018 propter

1964 4022 2248 4073 recentem
2284 4018 2596 4073 creationis
2626 4017 2828 4072 mundi
2863 4019 3233 4088 memoriam,
3264 4017 3610 4073 animis’ho-

1966 4089 2191 4144 minum
2224 4090 2302 4143 ita
2325 4088 2504 4144 fuisse
2527 4089 2798 4156 infixam;
2824 4095 2888 4144 ut
2910 4095 3036 4144 tum
3060 4089 3257 4146 nullus
3282 4089 3610 4144 mortalium

1965 4177 1997 4214 a
2027 4159 2255 4214 sincero
2284 4161 2388 4215 Dei
2418 4160 2578 4215 cultu
2610 4165 2667 4215 et
2696 4162 3066 4216 veneratione
3093 4160 3386 4217 defecerit.

2034 4231 2248 4286 Verum
2281 4230 2418 4285 huic
2448 4230 2742 4287 sententias
2774 4231 2873 4286 alii
2907 4248 3117 4302 magno
3140 4231 3378 4302 quidem
3411 4245 3615 4302 nume-

1963 4318 2049 4369 ro,
2076 4302 2176 4356 sed
2209 4319 2322 4356 non
2356 4302 2564 4358 iisdem
2598 4318 2802 4357 omnes
2831 4301 3118 4357 rationum
3144 4301 3458 4357 momentis
3489 4315 3612 4354 om-

1964 4373 2102 4428 nino
2130 4372 2516 4444 refragantur.
2541 4373 2821 4444 Nonnnlli
2851 4370 3144 4444 siquidem
3163 4373 3451 4444 falsorum
3475 4373 3610 4444 dep-

1963 4459 2093 4497 rum
2127 4441 2351 4497 cultum
2405 4449 2666 4513 tempore
2704 4442 2897 4508 Enosi,
2929 4441 3032 4513 qui
3062 4441 3220 4497 Sethi
3270 4443 3428 4497 ﬁlius
3480 4441 3610 4513 fuit,

1962 4513 2182 4584 primas
2214 4514 2440 4568 radices
2471 4512 2676 4584 egisse,
2700 4512 3031 4584 autumant.
3068 4513 3217 4584 Illud
3250 4517 3446 4584 autem
3475 4512 3612 4566 inde

1968 4583 2212 4655 probare
2261 4583 2550 4649 nituntur,
2583 4583 2722 4652 quia
2750 4584 2906 4655 quod
2954 4583 3012 4636 in
3043 4583 3282 4655 vulgata
3318 4583 3610 4655 Geneseos

1964 4653 2229 4709 versione
2258 4655 2328 4708 de
2355 4655 2557 4709 eodem
2579 4658 2766 4708 Enoso
2799 4653 3008 4721 legitur
3033 4669 3090 4708 :«
3115 4653 3228 4708 Iste
3249 4653 3421 4721 ccepit
3447 4654 3610 4708 invo-

1965 4741 2096 4780 care
2128 4741 2336 4796 nomen
2360 4724 2593 4796 Domini
2615 4725 2679 4788 ιτ,
2699 4722 2898 4796 p_illud
2931 4724 3270 4796 paraphrasi
3297 4722 3612 4781 Chaldaica

1965 4813 2079 4851 non
2112 4794 2262 4849 male
2301 4795 2590 4849 redditum
2631 4793 2993 4849 arbitrantur
3024 4813 3037 4849 :
3064 4793 3091 4845 (ἱ
3123 4796 3286 4851 Tunc
3316 4797 3374 4851 in
3407 4796 3611 4850 diebus

1965 4869 2092 4936 ejus
2147 4867 2604 4936 supersederunt
2650 4865 2754 4919 lilii
2805 4864 3114 4936 hominum
3165 4867 3236 4921 ab
3287 4867 3609 4921 invocando

1964 4935 2176 4992 nomen
2206 4935 2458 4992 Domini.
2488 4959 2515 4987 »
2546 4936 2707 5000 Quod
2739 4935 2975 5004 quidem
3019 4941 3229 5007 putant
3260 4937 3511 4992 stabiliri
3543 4953 3611 4991 ex

1963 5009 2092 5078 ipso
2124 5007 2299 5062 etiam
2325 5007 2602 5063 Hebraico
2625 5010 2808 5074 textu,
2831 5022 3004 5078 quem
3028 5008 3112 5063 sic
3143 5009 3305 5063 aiunt
3327 5024 3454 5063 esse
3484 5023 3610 5062 ver-

1963 5079 2212 5150 tendum
2240 5096 2302 5132 :«
2330 5078 2491 5134 Tunc
2521 5078 2893 5150 profanatum
2926 5081 3016 5134 est
3041 5078 3102 5134 in
3133 5080 3456 5135 invocando
3502 5095 3610 5134 no-

1964 5165 2096 5203 men
2128 5148 2377 5203 Jebovaa.
2400 5170 2427 5197 »

2035 5219 2144 5273 Sed
2178 5217 2270 5272 his
2301 5219 2398 5274 alii
2447 5221 2645 5288 aperte
2675 5221 2732 5272 et
2762 5216 2953 5287 palam
3003 5219 3346 5286 reclamant,
3371 5223 3609 5274 conten-

1965 5290 2232 5360 duntque
2248 5289 2430 5344 alium
2447 5289 2687 5344 omnino
2705 5305 2832 5360 esse
2854 5289 3120 5344 Hebraici
3141 5294 3328 5345 textus
3346 5305 3610 5352 sensum,

1966 5359 2150 5430 quem
2176 5361 2431 5432 profecto
2471 5359 2875 5430 unusquisque
2905 5376 2973 5415 ex
3000 5361 3178 5416 variis
3207 5361 3451 5431 hujusce
3498 5361 3609 5415 loci

2479 5509 2507 5574 §
2533 5506 2624 5559 27.
2699 5506 2744 5540 ⁸⁵
2775 5505 2915 5561 Gen.
2950 5521 3033 5571 III,
3061 5505 3112 5560 5.
3191 5506 3236 5542 ⁸⁸
3263 5506 3475 5563 Euseb.
3508 5505 3609 5560 lib.

1911 5595 1965 5648 g.
2000 5579 2088 5634 17.
2165 5577 2210 5611 ⁸⁸
2241 5575 2386 5648 Ibid.
2419 5593 2544 5646 cap.
2575 5577 2627 5639 9.
2654 5576 2933 5648 pag.739_._
2958 5575 3032 5648 _’°
3059 5575 3229 5648 Cyri].
3261 5575 3414 5648 lib._t
3444 5578 3609 5633 Cont.

2537 5648 2565 5713 §
2609 5647 2698 5700 53.
2737 5644 2823 5680 “⁸²
2851 5644 3024 5709 Ibid.,
3057 5644 3177 5712 §'4.
3252 5647 3298 5681 ⁸³
3328 5645 3451 5702 Lib.
3485 5663 3503 5700 ι
3535 5650 3612 5699 De

1992 5736 2048 5790 p.
2085 5719 2172 5773 16.
2215 5721 2281 5790 et
2322 5717 2424 5772 lib.
2460 5733 2544 5785 ιιι,
2575 5732 2630 5787 p.
2664 5716 2784 5770 110.
2861 5715 2906 5750 ⁴⁸
2935 5715 3001 5771 D.
3033 5715 3240 5770 Thom.
3271 5717 3394 5785 2-2,
3427 5731 3484 5786 q.
3515 5715 3605 5768 94.

203 5803 315 5853 art.
343 5796 403 5849 2.
468 5787 522 5828 ⁸⁸⁷
547 5787 804 5846 Lactant.
840 5788 946 5846 lib.
979 5805 1021 5844 ιι
1050 5793 1131 5846 De
1161 5788 1313 5847 falsa
1342 5790 1534 5863 relig.,
1566 5807 1622 5863 p.
1653 5791 1780 5846 214.

1965 5787 2070 5847 ten.
2101 5804 2179 5859 ιν,
2207 5787 2299 5842 26.
