3978 6200
452 231 559 286 903

1197 232 1273 283 ΙΝ
1311 229 1685 284 COMMENT.
1727 229 1940 282 ALEX.
1976 231 2044 280 D.
2084 229 2176 282 LE
2217 229 2510 284 NOURRY
2547 227 3025 284 DISSERTATIO
3061 227 3111 282 Ι.

3843 42 3953 89 Ἦ

3755 193 3883 278 eos

459 356 570 427 plis
606 353 1028 426 IEgyptiorum,
1050 368 1197 427 quos
1229 351 1563 427 mortalium
1588 351 1848 427 omnium
1883 351 2104 427 primos
2134 356 2187 422 Α
2217 353 2398 424 loqui.
2424 352 2591 427 Prius
2621 350 2778 408 enim
2806 366 2984 422 quam
3009 345 3253 427 illorum
3286 348 3368 427 sic
3390 349 3650 427 humana
3678 350 3890 420 efﬁgie

459 422 995 482 i‘alsorunideorum
1023 422 1247 479 cultum
1282 422 1581 477 induxisse
1613 424 1896 493 perbibet,
1927 425 2105 479 fuisse

455 498 776 554 simulacra
808 515 821 553 :
851 519 878 547 «
915 497 983 551 Et
1012 496 1083 550 ab
1124 496 1400 565 ngyptis,
1444 495 1658 564 inquit,
1702 494 1942 566 Assyrii
1970 497 2104 550 doc-

456 571 672 625 trinam
731 570 802 624 de
849 567 962 624 diis
1021 570 1390 638 acceperunt,
1437 571 1494 619 et
1549 583 1715 620 sacra
1771 565 2106 638 templaque

457 647 786 707 erexerunt,
823 640 882 694 in
918 639 1133 709 quibus
1163 637 1490 692 ’simulacra
1521 643 1834 706 posuerunt
1883 637 1941 693 et
1987 637 2104 694 sta-

458 720 588 768 tuas
646 713 1011 767 dedicarunt.
1055 709 1401 780 Antiquitas
1458 714 1655 763 autem
1713 710 1888 763 etiam
1949 710 2103 780 apud

454 785 750 856 zEgyptios
799 779 1438 856 absque__simulacris
1480 784 1537 834 et
1603 781 1814 835 statuis
1886 779 2106 856 templa

454 850 702 911 erant”.
730 877 756 903 ς(
794 855 853 908 In
886 850 1124 923 templis
1174 857 1367 923 autem
1404 850 1800 923 Romanorum
1851 868 1952 921 per
2002 850 2104 923 17,70

456 944 640 981 annos
673 924 832 979 nulla
865 922 1099 994 penitus
1142 922 1333 993 posita
1373 922 1556 976 fuisse
1586 923 1827 978 deorum
1861 922 2103 978 simula-

455 1016 570 1063 cra,
625 997 715 1051 his
773 995 1121 1049 Plutarchus
1176 994 1368 1049 verbis
1429 994 1724 1049 memoria:
1783 995 2039 1064 prodidit
2087 1010 2099 1047 :

457 1092 484 1119 ‹‹
516 1069 706 1122 Numa
729 1066 910 1122 vetuit
933 1066 1211 1121 Romanis
1235 1066 1492 1121 hominis
1518 1065 1603 1120 vel
1629 1065 1826 1120 bestias
1859 1068 2103 1120 formam

454 1140 710 1194 tribuere
761 1139 896 1194 Deo.
929 1137 1126 1208 Neque
1167 1137 1276 1190 fuit
1324 1137 1442 1190 ulla
1490 1137 1643 1208 apud
1690 1153 1786 1192 eos
1833 1143 1964 1191 ante
2013 1135 2102 1192 vel

451 1212 625 1282 picta,
658 1210 746 1264 vel
777 1210 910 1265 ﬁcta
937 1207 1130 1280 imago
1147 1208 1288 1282 Dei;
1323 1208 1420 1262 sed
1456 1207 1676 1278 primos
1705 1213 1937 1282 centum
1972 1224 2100 1282 sep-

456 1279 723 1354 tuaginta
753 1297 936 1336 annos
981 1279 1199 1354 templa
1231 1284 1641 1354 exstruxerunt
1674 1279 1934 1354 et‘cellas
1965 1281 2100 1346 diis,

453 1350 834 1409 simhlacrum
879 1367 980 1424 per
1025 1351 1084 1404 id
1131 1350 1414 1424 temporis
1454 1350 1694 1424 nullum
1745 1351 2100 1424 habuerunt,

455 1428 618 1480 nefas
645 1421 915 1496 putantes
947 1421 1288 1496 augustiora
1308 1422 1632 1496 exprimere
1663 1422 2099 1488 humilioribus,

454 1492 914 1567 neque-aspirari
959 1492 1245 1567 ad’Deum
1293 1492 1462 1567 aliter
1508 1509 1686 1567 qua_m
1721 1500 1916 1548 mente
1963 1511 2102 1567 pos-

452 1587 514 1623 se
538 1569 602 1622 ”.
630 1591 658 1617 »
686 1564 845 1632 Quod
897 1566 1129 1634 quidem
1185 1581 1294 1619 non
1325 1564 1515 1618 solum
1550 1581 1582 1618 a
1611 1565 1834 1618 Zonara
1883 1566 2008 1620 suis
2042 1565 2098 1620 in

451 1639 760 1695 Annalibus
809 1638 1218 1693 conﬁrmatum
1272 1635 1521 1705 legimus
1549 1637 1614 1702 3“,
1665 1637 1764 1689 sed
1817 1653 1850 1690 a
1901 1641 2100 1691 nostro

2215 422 2658 480 l‘ormaudorum
2684 441 2748 479 ac
2772 422 3200 494 pingendarum
3224 423 3396 494 etiam
3420 423 3744 492 imaginum
3776 441 3884 476 ars

2217 497 2427 551 fuisset
2457 497 2710 561 inventa,
2742 493 2859 549 non
2901 494 3069 564 pauci
3101 493 3389 557 homines,
3421 497 3569 548 teste
3615 496 3887 564 ipsomet

2211 569 2503 623 Clemente
2528 574 2748 632 nostro,
2774 564 3054 637 symbolis
3077 565 3600 635 quibusdam,quaa
3621 567 3680 619 in
3705 566 3885 620 nullo

2213 639 2429 710 templo
2459 639 2742 694 collocata
2770 642 2964 710 erant,
2992 637 3129 692 deos
3161 652 3299 710 suos
3332 637 3656 710 adorabant
3680 643 3741 691 et
3778 655 3886 692 ve-

2215 707 2574 766 nerabantur
2607 727 2673 764 :«
2705 712 2784 764 Ac
2815 708 3039 780 Scytha!
3070 707 3329 780 quidem,
3365 708 3450 762 ait
3476 707 3887 780 ille.antiqui-

2213 787 2310 837 tus
2360 783 2684 837 adorabant
2713 779 3034 848 acinacem,
3065 779 3283 834 Arabes
3333 785 3530 834 autem
3583 779 3880 850 lapidem.

2213 854 2399 907 Persae
2432 870 2561 908 vero
2585 853 2860 917 ﬂuvium;
2895 859 2951 905 et
2973 867 3042 906 ex
3064 850 3196 904 aliis
3217 851 3558 906 hominibus
3580 854 3676 921 qui
3701 859 3883 906 erant

2213 925 2405 980 adhuc
2436 925 2820 994 antiquiores,
2847 924 3040 992 lignea
3059 922 3362 992 erigebant
3388 923 3665 994 insignia,
3693 930 3749 977 et
3779 940 3879 978 co-

2213 995 2448 1051 lumnas
2480 997 2776 1066 ponebant
2795 1010 2864 1049 ex
2893 994 3217 1066 lapidibus;
3243 1008 3372 1063 quas
3401 996 3574 1048 etiam
3609 995 3880 1066 appella-

2211 1069 2430 1122 bantur
2459 1065 2638 1135 ξόανα,
2670 1083 2736 1122 eo
2767 1066 2921 1137 quod
2955 1065 3336 1120 eraderentur
3365 1071 3423 1120 et
3472 1065 3881 1137 expolirentur

2212 1155 2280 1192 ex
2329 1139 2592 1194 materia.
2628 1139 2690 1192 In
2749 1139 2908 1194 Icaro
2957 1137 3356 1208 certerimago
3391 1137 3584 1208 Diana:
3637 1137 3877 1208 lignum

2212 1215 2335 1264 erat
2375 1228 2486 1266 non
2533 1211 2921 1275 elaboratum,
2953 1215 3010 1263 et
3038 1207 3392 1262 Cithaeronis:
3441 1207 3698 1263 Junonis
3727 1210 3880 1264 The-

2212 1283 2378 1350 spias,
2426 1288 2672 1336 truncus
2723 1281 2974 1348 excisus,
3011 1284 3068 1334 et
3117 1279 3324 1334 Samia
3373 1280 3738 1349 Junonis,ut
3791 1281 3878 1335 ait

2209 1353 2484 1419 zEthlius,
2517 1354 2681 1424 prius
2713 1353 2945 1422 quidem
2979 1355 3102 1424 erat
3122 1350 3412 1424 tabula...
3442 1352 3638 1406 Romae
3659 1357 3874 1424 autem

2212 1421 2538 1496 antiquitus
2571 1421 2827 1479 statuam
2855 1422 3053 1496 Martis
3079 1421 3256 1496 fuisse
3281 1421 3528 1496 hastam,
3554 1424 3632 1478 ait
3656 1423 3878 1490 Varro;

2213 1493 2640 1550 cum—nondum
2682 1495 3082 1566 pervenissent
3112 1493 3366 1566 artifices
3397 1496 3467 1548 ad
3491 1495 3611 1566 hoc
3645 1497 3880 1565 specio-

2213 1584 2345 1622 sum
2372 1568 2634 1636 quidem,
2659 1565 2755 1621 sed
2787 1566 3118 1636 improbum
3146 1565 3459 1620 artiﬁcium
3481 1565 3581 1618 ³⁷.»
3609 1566 3876 1621 Rursum

2215 1645 2409 1694 autem
2444 1645 2644 1710 postea
2677 1654 2725 1691 τα
2756 1637 2890 1692 Solo
2921 1653 3060 1710 ense
3093 1637 3358 1710 apposito
3387 1643 3672 1710 tanquam
3701 1638 3875 1692 Marti

450 1711 625 1766 etiam
658 1711 946 1764 Clemente
967 1709 1034 1772 ³³,
1067 1712 1124 1762 et
1154 1707 1407 1778 posthznc
1438 1707 1794 1779 abEusebio
1829 1723 1879 1762 ;‹‹
1911 1708 2102 1762 Numa
2132 1709 2178 1773 B
2209 1707 2560 1777 sacrificare,
2595 1713 2683 1764 est
2714 1716 2908 1763 autem
2955 1708 3062 1763 hoc
3113 1708 3486 1779 Scytharum,
3513 1707 3674 1764 'sicut
3728 1710 3879 1763 dicit

453 1787 646 1837 autem
679 1797 778 1835 rex
809 1777 1207 1834 Romanorum
1241 1784 1365 1832 erat
1397 1777 1634 1849 quidem
1671 1778 2095 1849 Pythagoreus;

454 1870 524 1908 ex
552 1853 643 1907 his
675 1858 868 1906 autem
925 1868 1050 1922 qua:
1080 1867 1112 1905 a
1143 1850 1336 1922 Moyse
1360 1847 1600 1922 tradita
1641 1847 1795 1922 sunt
1837 1847 2097 1922 adjutus,

454 1923 756 1995 prohibuit
797 1919 1078 1995 Romanis
1109 1937 1180 1975 ne
1212 1919 1437 1995 homini
1469 1923 1525 1973 et
1557 1919 1799 1975 animali
1843 1921 2096 1976 similem

452 1992 550 2050 Dei
584 1997 838 2050 facerent
879 1992 1218 2064 imaginem.
1249 1996 1393 2064 Cum
1427 1992 1622 2064 itaque
1654 1999 1882 2046 centum
1917 1999 1973 2047 ct
2003 2010 2097 2047 se-

452 2067 757 2150 ptuaginta
787 2062 1190 2150 primishnnis
1221 2062 1446 2150 templa.
1469 2063 1844 2150 mdiﬁcarept,
1876 2064 2098 2150 nullam

451 2135 923 2208 imaginem,’nec
965 2135 1244 2198 efﬁctam,
1279 2150 1384 2208 nec
1417 2135 1723 2208 depictam
1750 2135 1970 2208 fecere.
1993 2137 2097 2189 0c-

450 2205 604 2264 culte
633 2211 789 2265 enim
829 2207 914 2263 eis
968 2207 1256 2261 indicarat
1283 2205 1475 2259 Numa
1507 2206 1660 2275 quod
1711 2205 1790 2273 id,
1824 2206 1976 2275 quod
2010 2211 2100 2262 est

450 2281 760 2352 optimum,
794 2295 906 2334 non
941 2277 1074 2352 galia
1114 2275 1720 2352 rationeAquamusola
1769 2283 1960 2352 mente
1995 2277 2098 2352 ulli

451 2347 588 2407 licet
632 2347 916 2423 attingere
937 2350 1002 2404 ³³.
1045 2372 1072 2398 ‹‹
1123 2348 1510 2423 Quamobrem
1556 2347 1737 2402 Varro
1769 2350 1931 2423 apud
1981 2351 2100 2402 Au-

449 2423 753 2494 gustinum
785 2417 946 2478 'dicit
988 2443 1016 2470 «
1064 2421 1340 2494 antiquos
1385 2419 1680 2494 Romanos
1731 2417 1862 2494 plus
1913 2437 2099 2476 annos

451 2489 700 2599 pentum:
731 2497 790 2549 et
840 2489 1226 2565 septuaginta
1262 2492 1401 2546 deos
1458 2489 1583 2546 sine
1632 2489 1947 2546 simulacro
2003 2508 2096 2548 co-

450 2566 633 2622 luisse
655 2566 718 2616 ³⁸.
757 2587 784 2613 ››

517 2635 912 2692 Tertullianus
942 2637 1134 2688 tamen
1161 2633 1252 2687 his
1274 2632 1647 2705 temporibus
1670 2631 1830 2687 nulla
1861 2651 2096 2705 quoque

451 2707 731 2763 Romanis
760 2706 1252 2777 quemadmodum
1277 2704 1611 2777 simulacra,
1636 2704 1718 2759 ita
1742 2721 1844 2760 nec
1877 2704 2096 2777 templa

448 2781 628 2834 fuisse
661 2775 814 2833 hunc
863 2777 1091 2832 videtur
1139 2776 1467 2846 signiﬁcare
1497 2775 1556 2830 in
1591 2777 1827 2830 modum
1864 2793 1914 2832 ;‹‹
1951 2775 2016 2831 Et
2047 2778 2094 2832 si

447 2869 480 2903 τι
508 2850 697 2906 Numa
732 2854 1012 2919 concepta
1035 2852 1126 2903 est
1151 2847 1467 2919 curiositas
1489 2847 1919 2919 superstitiosa,
1951 2866 2094 2903 non-

446 2923 582 2976 dum
616 2926 814 2977 tamen
845 2918 944 2974 aut
986 2918 1344 2981 simulacris,
1377 2923 1478 2972 aut
1509 2918 1743 2989 templis
1776 2936 1867 2974 res
1899 2919 2096 2976 divina

447 2994 601 3064 apud
636 2991 1302 3064 Romanosconstabat,
1335 2991 1486 3061 frugi
1520 2991 1834 3064 religio,_et
1866 3008 2092 3062 paupe-

2212 1782 2482 1836 Eudoxus
2514 1783 2572 1835 in
2607 1782 2864 1835 secundo
2904 1784 2980 1834 De
3010 1779 3241 1833 ambitu.
3276 1780 3354 1833 Ex
3401 1780 3632 1850 Scythis
3665 1789 3868 1835 autem

2209 1853 2591 1918 Sauromatae,
2625 1857 2688 1906 ut
2736 1851 2956 1906 Icesius
2988 1850 3068 1923 ait
3109 1850 3167 1903 in
3200 1867 3373 1920 opere
3423 1855 3500 1906 De
3543 1853 3867 1923 mysteriis,

2208 1927 2455 1979 adorant
2507 1925 2798 1978 acinacem
2825 1924 2944 1976 ³⁸.»
2977 1921 3258 1976 Clementi
3307 1938 3422 1977 non
3473 1921 3668 1977 solum
3723 1925 3870 1978 sub-

2207 1995 2410 2050 scribit
2441 1995 2752 2059 Arnobius,
2777 1994 2877 2050 sed
2911 1992 3065 2047 illius
3084 1993 3262 2048 etiam
3295 2010 3559 2058 sensum,
3583 2011 3651 2049 ac
3685 2011 3868 2065 prope

2205 2067 2378 2121 verba
2427 2067 2510 2122 sic
2571 2066 2922 2120 reddidit:«
2957 2064 3179 2119 Ridetis
3226 2066 3592 2136 temporibus
3648 2064 3866 2136 priscis

2207 2143 2415 2193 Persas
2469 2138 2710 2192 fluvium
2766 2136 3037 2202 coluisse,
3072 2135 3434 2191 memorialia
3483 2142 3547 2190 ut
3597 2135 3870 2192 indicant

2207 2213 2446 2280 scripta,
2481 2210 2793 2264 informem
2827 2208 3044 2263 Arabes
3072 2207 3358 2280 lapidem,
3390 2207 3689 2263 acinacem
3725 2209 3865 2280 Scy-

2209 2278 2344 2335 thiaé
2379 2281 2664 2345 nationes,
2695 2297 2890 2334 rarum
2929 2295 3028 2349 pro
3060 2278 3262 2334 Cinxia
3291 2279 3598 2350 Thespios,
3634 2278 3864 2349 lignum

2210 2353 2424 2407 lcarios
2459 2369 2560 2422 pro
2584 2351 2768 2407 Diana
2797 2352 3149 2418 indolatum,
3175 2350 3599 2422 Pessimuntios
3629 2352 3864 2406 silicem

2207 2441 2310 2494 pro
2341 2421 2514 2478 deum
2565 2429 2770 2488 matre,
2807 2440 2908 2494 pro
2941 2423 3122 2476 Marte
3173 2421 3468 2494 Romanos
3491 2422 3772 2494 hastam,
3805 2431 3863 2476 ut

2205 2492 2484 2549 Varronis
2517 2495 2780 2549 indicant
2808 2492 3014 2553 Musae;
3046 2499 3216 2563 atque
3256 2502 3317 2548 ut
3354 2492 3603 2548 zEthlius
3635 2511 3863 2548 memo-

2206 2573 2315 2632 rat,
2349 2571 2483 2620 ante
2523 2582 2698 2620 usum
2731 2565 3222 2636 disciplinamque
3278 2565 3550 2620 ﬁctorum
3593 2568 3861 2636 pluteum

2204 2638 2434 2693 Samios
2466 2655 2567 2708 pro
2597 2641 2828 2692 Junone
2847 2639 2911 2692 39.
2937 2658 2965 2684 »

2277 2709 2334 2764 Si
2369 2705 2500 2780 quis
2533 2716 2728 2764 autem
2770 2708 2878 2763 ista
2909 2705 3252 2780 singulatim
3286 2708 3624 2780 expendere
3655 2706 3857 2780 volue-

2205 2780 2300 2852 rit,
2335 2777 2402 2834 is
2427 2780 2613 2852 primo
2663 2777 3035 2852 Ammianum
3088 2777 3491 2852 Marcellinum
3540 2779 3611 2832 de
3661 2779 3857 2849 gladio

2205 2848 2840 2907 Martis'disserentem
2873 2851 3073 2905 audiat
3107 2867 3118 2904 :
3151 2872 3171 2900 ι
3205 2848 3370 2903 Alani
3424 2866 3602 2920 penes
3653 2848 3861 2904 omnes

2203 2928 2344 2978 sunt
2377 2922 2672 2993 pulchri...
2707 2940 2812 2978 nec
2850 2921 3135 2992 templum
3177 2922 3332 2990 apud
3365 2922 3730 2993 eosvisitur,
3763 2927 3862 2975 aut

2203 2991 2538 3060 delubrum,
2586 3010 2691 3049 nec
2748 2991 3048 3064 tugurium
3097 2994 3333 3062 quidem
3392 2991 3584 3064 culmo
3633 2998 3860 3048 tectum

445 3061 537 3120 res
569 3065 757 3145 rit.us,_
775 3069 828 3119 et
860 3061 1023 3145 nulla
1053 3061 1335 3145 capitplia
1361 3061 1838 3145 certantiacmlo,
1868 3061 1971 3145 sed
1993 3061 2093 3145 rte:
2123 3081 2167 3145 ο
2209 3066 2364 3145 cerni
2397 3070 2604 3145 potest,
2637 3065 2736 3121 sed
2779 3061 3012 3145 gladius
3050 3061 3350 3145 barbarico
3384 3063 3495 3118 ritu
3530 3063 3699 3118 humi
3737 3066 3864 3145 ﬁgi-

447 3137 697 3192 meraria
726 3137 797 3191 de
828 3135 1046 3205 cespite
1070 3134 1298 3202 altaria,
1323 3137 1379 3187 et
1409 3149 1549 3187 vasa
1578 3133 1769 3188 adhuc
1800 3135 2013 3201 Samia,
2038 3139 2096 3189 et

449 3208 621 3262 nidor
667 3206 855 3272 exilis,
888 3206 1042 3260 Deus
1091 3206 1218 3276 ipse
1265 3220 1582 3276 nusquam.
1615 3205 1885 3259 Nondum
1936 3206 2091 3260 enim

443 3284 582 3360 tunc
613 3275 1218 3360 ingen-i'a‘Graecprum‘
1239 3281 1295 3331 et
1334 3275 2092 3360 Tuscplrum‘tingendissi-

446 3346 727 3403 mulacris
782 3347 989 3404 Urbem
1039 3348 1557 3402 inundaverunt“.
1593 3369 1619 3396 »
1649 3348 1720 3401 At
1753 3346 1828 3399 ibi
1862 3348 1949 3401 vir
1999 3349 2094 3402 ille

444 3419 826 3475 doctissimus
875 3419 1223 3488 templorum
1259 3418 1498 3474 nomine
1531 3417 1674 3472 nihil
1714 3417 1882 3488 aliud
1937 3418 2091 3474 haud

447 3490 622 3545 dubie
646 3489 948 3555 intellexit,
970 3487 1079 3544 nisi
1105 3489 1688 3560 magnificentissima
1709 3487 1805 3542 illa
1827 3489 2089 3558 ardiﬁcia,

445 3562 696 3618 inﬁnitis
724 3561 1061 3633 sumptibus
1084 3566 1138 3616 et
1169 3560 1454 3632 impensis
1479 3565 1832 3633 constructa,
1853 3561 2090 3632 quibus,

445 3638 508 3688 ut
530 3650 706 3705 supra
727 3631 1006 3700 diximus,
1024 3633 1233 3704 pagani
1253 3631 1316 3686 ut
1337 3633 1484 3686 duos
1503 3631 2090 3705 suoscircumscribi,

445 3713 499 3758 et
539 3704 900 3761 Christianos
946 3708 1178 3774 penitus
1227 3720 1422 3759 carere
1466 3704 1879 3774 opinabantur.
1934 3704 2093 3759 Hanc

445 3781 636 3831 autem
679 3793 805 3832 esse
853 3776 1200 3832 Tertulliani
1257 3779 1508 3830 mentem
1560 3779 1616 3829 et
1664 3791 1923 3840 sensum,
1957 3776 2092 3830 inde

443 3847 632 3913 colligi
665 3853 856 3918 potest
887 3848 1040 3918 quod
1088 3848 1184 3902 ille
1214 3847 1284 3901 de
1313 3846 1586 3902 omnibus
1635 3847 1953 3918 generatim
1990 3864 2093 3900 na-

443 3919 700 3974 tionibus
749 3935 816 3974 ea
865 3919 1030 3989 alibi,
1057 3919 1375 3987 scripserit,
1409 3919 1504 3974 57
1542 3936 1666 3988 qua:
1699 3919 1768 3972 de
1808 3919 2092 3989 .‘Egyptiis

444 3993 674 4043 tantum
708 3996 764 4044 et
797 3988 1072 4044 Romanis
1115 3989 1210 4042 alii
1267 3990 1583 4058 scriptores
1635 4007 1666 4043 a
1716 3989 1883 4042 nobis
1923 3988 2114 4044 icitati.

443 4061 812 4115 tradiderunt
841 4078 854 4116 :
885 4082 905 4110 α
942 4059 1192 4124 Idolum,
1215 4059 1400 4128 inquit
1426 4059 1542 4123 ille,
1567 4061 1905 4126 aliquandiu
1939 4066 2090 4116 retro

445 4149 559 4186 non
591 4137 736 4197 erat,
769 4133 1111 4202 priusquam
1160 4130 1338 4198 hujus
1371 4132 1612 4184 monstri
1645 4132 1897 4186 artiﬁces
1927 4133 2092 4186 ebul-

442 4204 672 4269 lissent,
707 4203 832 4258 sola
875 4202 1095 4273 templa
1123 4206 1180 4256 et
1209 4217 1404 4256 vacuae
1437 4202 1600 4273 aedes
1631 4207 1815 4266 erant,
1851 4203 2001 4257 sicut
2031 4204 2089 4258 in

443 4275 791 4330 hodiernum
853 4272 1008 4328 diem
1059 4273 1414 4340 quibusdam
1479 4272 1530 4326 in
1591 4272 1732 4326 locis
1782 4276 2092 4330 vetustatis

437 4347 686 4418 vestigia
716 4349 1062 4418 permanent
1078 4345 1185 4418 δή.»
1215 4345 1297 4398 Ad
1329 4343 1585 4418 singula,
1619 4359 1834 4418 qpaeso,
1868 4346 2082 4418 eruditi

441 4415 933 4473 auctoris—verba
989 4415 1291 4486 paulisper
1347 4416 1603 4470 attende.
1651 4415 1843 4470 Primo
1901 4417 2088 4472 dicit:

440 4513 467 4538 «
505 4490 874 4561 Priusquam“
909 4488 1162 4561 artiﬁces
1212 4486 1584 4561 ebullissent;
1613 4507 1641 4535 ››
1672 4490 1826 4561 ut_s_e
1870 4488 1938 4561 de
1971 4495 2086 4544 sta-

439 4563 578 4624 tuis,
603 4558 710 4616 seu
741 4559 935 4629 idolis,
961 4559 1218 4614 humana
1241 4563 1344 4613 aut
1368 4559 1481 4613 alia
1503 4559 1688 4612 forma
1710 4558 1938 4622 efﬁctis.
1975 4577 2090 4615 ser-

443 4648 674 4688 monem
709 4632 896 4687 facere
925 4631 1298 4703 significaret.
1331 4630 1596 4703 Secundo
1629 4629 1854 4703 addidit
1886 4647 1934 4684 ;‹‹
1957 4631 2091 4686 Sola

441 4704 681 4774 templa.
704 4710 761 4757 et
791 4701 1157 4758 vacuae'asdes
1179 4705 1364 4768 erant,
1385 4723 1416 4774 ξ)
1443 4705 1499 4756 et
1533 4701 1937 4774 bocloquendi
1972 4721 2090 4758 mo-

441 4774 514 4828 do
545 4771 766 4843 templa
812 4774 1008 4829 omnia
1039 4791 1172 4829 cum
1223 4772 1557 4828 simulacris
1605 4771 1749 4836 illis,
1780 4778 1904 4827 tum
1957 4774 2088 4830 aliis

442 4843 800 4912 quibuslibet
828 4861 1011 4900 vacua
1041 4845 1223 4900 fuisse
1253 4845 1408 4899 haud
1437 4846 1682 4900 obscure
1714 4845 2013 4899 indicavit.

512 4913 626 4970 Nec
676 4915 791 4970 alia
847 4931 984 4971 sane
1024 4916 1255 4971 videtur
1303 4915 1483 4971 fuisse
1529 4915 1842 4970 Clementis
1901 4917 2087 4971 nostri

446 5001 612 5042 mens
642 4991 699 5040 et
739 4987 1048 5043 sententia.
1084 4985 1307 5042 Etenim
1342 4988 1441 5041 ubi
1491 4987 1560 5040 de
1612 4987 1814 5057 primis
1846 4987 2086 5043 deorum

443 5057 678 5124 templis
709 5058 994 5127 disputat,
1021 5059 1139 5114 haec
1171 5059 1447 5114 continuo
1481 5057 1786 5128 subjungit
1809 5076 1854 5113 ;‹‹
1893 5059 2087 5114 Poste-

443 5128 696 5202 rioribus
741 5129 977 5200 quidem
1031 5137 1184 5185 certe
1233 5131 1595 5200 temporibus
1647 5130 1897 5185 ﬁxerunt
1926 5131 2086 5202 deos,

442 5218 591 5271 quos
622 5201 934 5255 adorarent
955 5203 1018 5256 ³⁸.
1043 5220 1074 5253 ι»

509 5273 708 5344 Neque
757 5272 974 5344 dixeris
1022 5271 1183 5336 illuc,
1219 5271 1304 5326 uti
1353 5288 1438 5344 ex,
1468 5271 1734 5344 subjecto
1783 5272 2088 5342 Cupidinis

436 5342 701 5416 exemplo
733 5343 1050 5416 colligitur,
1081 5344 1151 5398 de
1186 5343 1361 5414 priori
1396 5342 1846 5398 simulacrorum
1879 5361 2088 5416 genere

2209 3143 2306 3193 tur
2336 3135 2550 3201 nudus,
2575 3135 2829 3207 eumque
2859 3141 2916 3190 et
2947 3136 3188 3191 Martem
3221 3135 3550 3205 regionum,
3573 3151 3728 3204 quas
3759 3137 3864 3190 cir-

2206 3214 2615 3276 cumcursant,
2675 3209 3016 3280 praesulemL
3061 3207 3458 3280 verecundius
3516 3207 3860 3280 colunt‘°._n

2204 3280 2418 3335 Alanos
2447 3296 2576 3336 vero
2619 3277 2886 3352 Scythia}
2915 3277 3264 3352 solitudines
3311 3277 3630 3352 incoluisse
3685 3278 3859 3352 paulo

2205 3352 2477 3422 superius
2509 3350 2752 3406 dixerat.
2787 3351 2963 3406 Vides
2996 3351 3196 3420 itaque
3226 3350 3516 3422 quomodo
3553 3350 3638 3403 hae
3674 3350 3861 3403 natio-

2205 3420 2331 3491 nes,
2365 3432 2675 3493 antequam
2720 3422 2908 3477 ullum
2942 3423 3094 3492 apud
3137 3437 3236 3493 eas
3269 3420 3554 3492 templum
3582 3422 3856 3493 aediﬁca-

2205 3499 2382 3562 retur,
2412 3491 2651 3549 Martem
2702 3495 2810 3550 sub
2861 3491 3020 3550 ensis
3051 3497 3107 3547 ct
3138 3491 3316 3564 gladii
3368 3491 3634 3564 symbolo
3668 3492 3857 3547 colue-

2203 3567 2338 3620 rint.

2273 3637 2387 3691 Nec
2435 3635 2630 3691 minus
2679 3635 2834 3692 clare
2880 3635 3208 3692 Jornandes
3267 3634 3537 3689 eumdem
3590 3633 3856 3703 gladium

2203 3707 2552 3778 Scytharum
2613 3710 2848 3779 regibus
2887 3724 3118 3763 sacrum
3171 3705 3645 3779 s_emper__f_uisse
3698 3723 3856 3759 asse-

2201 3775 2380 3834 verat.
2417 3779 2521 3834 Ubi
2552 3775 2707 3834 enim
2741 3797 2858 3851 qua
2901 3775 3386 3851 rationegladius
3431 3775 3526 3831 ille
3559 3793 3592 3830 a
3622 3785 3856 3851 pastore

2203 3851 2454 3920 quodam
2496 3849 2786 3915 inventus,
2821 3856 2878 3906 et
2909 3851 2977 3905 ad
3013 3849 3248 3906 Attilam
3281 3849 3510 3903 delatus
3558 3850 3856 3920 tuerit,rcx

2206 3919 2398 3978 Prisco
2440 3923 2725 3994 sophista,
2759 3923 3068 3978 Theodosii
3113 3921 3369 3994 junioris
3401 3919 3607 3994 aequali
3642 3919 3854 3994 ethis-

2181 3995 2360 4048 .torim
2413 3991 2737 4064 Byiantinze
2787 3994 3069 4060 scriptore
3119 3991 3387 4064 explicat,
3419 3991 3561 4064 haec
3611 3992 3853 4044 totidem

2200 4066 2394 4119 verbis
2442 4062 2657 4135 scripto
2708 4066 2953 4120 tradidit
2987 4082 2999 4118 :
3028 4086 3054 4114 ‹‹
3087 4063 3352 4117 Addebat
3380 4062 3428 4116 ci
3464 4068 3660 4116 tamen
3719 4079 3852 4135 conf

2204 4137 2503 4191 ﬁdentiam
2564 4133 2796 4208 gladius
2855 4135 3416 4208 Martisginvrentus,
3474 4150 3639 4186 sacer
3699 4133 3852 4208 apud

2202 4205 2767 4279 Scytharum'reges
2799 4225 3032 4278 semper
3064 4205 3340 4279 habitus,
3393 4221 3579 4279 quem,
3618 4206 3855 4259 Priscus

2203 4277 2521 4334 historicus
2550 4279 2650 4334 tali
2671 4277 2859 4334 'refert
2886 4277 3192 4334 occasione
3224 4278 3514 4332 detectum
3543 4277 3610 4341 δί,
3643 4298 3674 4324 ››
3713 4283 3820 4332 etc.

2273 4351 2588 4421 Postquam
2648 4355 2844 4406 autem
2895 4350 3139 4404 delubra
3187 4367 3220 4404 a
3250 4347 3481 4421 scytbis
3512 4351 3856 4403 constructa

2202 4427 2362 4490 sunt,
2395 4419 2685 4492 ii‘majora
2733 4427 2782 4477 el
2837 4421 3192 4476 solemniora
3235 4419 3478 4492 acinaci,
3508 4435 3689 4492 quam
3743 4436 3846 4474 cae-

2199 4489 2354 4548 teris
2398 4489 2736 4560 diisfteste
2796 4493 3100 4558 Herodoto,
3151 4490 3441 4546 sacriﬁcia
3498 4489 3797 4545 faciebant
3838 4505 3850 4541 :

2198 4588 2225 4613 «
2285 4563 2406 4619 Sub
2464 4569 2899 4619 sarmentorum
2960 4564 3229 4636 congerie
3289 4560 3851 4636 ferreus_acinacis,

2198 4636 2297 4703 qui
2353 4636 2602 4707 singulis
2660 4640 2928 4691 vetustus
2979 4633 3102 4702 est,"
3148 4636 3469 4707 statuitur;
3526 4633 3709 4707 idque
3768 4638 3855 4686 est

2199 4707 2401 4762 Martis
2453 4705 2859 4776 simulacrum,
2901 4708 2992 4761 cui
3050 4723 3274 4761 annuas
3326 4705 3546 4760 hostias
3597 4705 3855 4776 offerunt

2198 4794 2331 4832 cum
2391 4777 2636 4834 aliorum
2695 4795 2995 4849 pecorum,
3054 4783 3178 4832 tum
3237 4779 3656 4849 equorum,_et
3722 4775 3853 4849 plus

2197 4849 2331 4903 huic
2391 4851 2634 4915 acinaci,
2696 4845 2873 4921 quam
2929 4851 3154 4905 caeteris
3213 4850 3327 4904 diis
3360 4849 3426 4921 δξ.
3477 4867 3505 4896 ιι
3559 4845 3746 4921 Plura
3803 4845 3851 4899 si

2197 4921 2358 4986 velis,
2394 4921 2510 4987 adi,
2543 4921 2592 4975 si
2639 4916 2827 4990 vacat,
2875 4920 3255 4992 Pomponium
3304 4916 3718 4992 Melam_lib_ro
3767 4930 3852 4971 se-

2199 4993 2409 5117 cpndo,
2445 4993 2633 5064 capite
2679 4988 2891 5064 primo,
2936 4988 3201 5048 Solinum
3247 4991 3439 5062 capite
3485 4988 3769 5044 vicesimo
3799 4992 3851 5042 et

2199 5081 2229 5117 a
2261 5080 2365 5117 nos.

2199 5080 2365 5118 alios.

2270 5135 2348 5190 De
2372 5135 2581 5205 lapide,
2600 5152 2774 5205 quem
2799 5136 3066 5191 Clemens
3085 5133 3292 5190 deinde
3318 5132 3538 5187 Arabas
3570 5129 3850 5205 adorasse

2200 5202 2515 5282 memorat,
2550 5202 2669 5261 huic
2699 5208 2908 5282 Suidas
2958 5207 3131 5278 paulo
3163 5205 3510 5282 explicatius
3543 5202 3803 5282 prpdidit
3836 5214 3848 5251 :

2197 5300 2224 5327 «
2260 5277 2412 5333 Deus
2443 5279 2596 5333 Mars
2627 5280 2791 5350 apud
2826 5271 2987 5350 ipsos
3032 5271 3306 5350 (Arabas)
3326 5271 3558 5331 colitur.
3590 5271 3848 5350 Simula-

2200 5365 2362 5404 crum
2397 5356 2593 5406 autem
2625 5342 2752 5421 ejus
2785 5342 2934 5422 lapis
2967 5342 3132 5419 niger
3161 5342 3502 5419 quadratus,
3533 5345 3761 5399 nullam
3796 5342 3853 5394 ﬁ-

505 5487 548 5566 ξδ
581 5487 818 5566 Lucia‘n.
857 5492 931 5566 [_)_e
955 5487 1090 5566 _dea
1134 5485 1300 5566 Syria
1346 5485 1500 5566 init”
1532 5502 1588 5556 p.
1626 5486 1806 5566 lOS]_._
1862 5488 2236 5566 "_Pl_utarch.
2259 5491 2331 5566 in
2362 5493 2496 5548 Vita
2541 5494 2765 5559 Numaa,
2800 5511 2855 5566 p.
2888 5494 2979 5546 65.
3057 5493 3101 5527 ³ο
3129 5493 3334 5546 Zonar.
3498 5481 3844 5566 vu‘Ahun‘al-i

435 5559 462 5625 §
491 5559 795 5636 5,Ap.__1_32'2.
848 5560 914 5636 fl
949 5557 1126 5636 Clem.
1160 5557 1588 5636 lib._iAStrom_.,
1879 5633 1885 5636 Α
1914 5560 1959 5636 εξ
1994 5561 2093 5616 Eu:

2259 5563 2360 5618 lib.
2404 5582 2505 5619 vui
2554 5557 2815 5636 Prsepar:
2839 5580 3067 5634 evang,
3101 5581 3158 5636 c.
3183 5566 3238 5626 6.
3271 5580 3327 5635 p.
3364 5563 3485 5636 410.
3527 5558 3699 5636 ηυξ.
3731 5558 3841 5610 Au-

435 5629 593 5700 gust.
626 5629 728 5685 lib.
766 5647 799 5685 v
848 5632 922 5686 De
969 5630 1152 5693 civit.,
1185 5647 1232 5686 c.
1266 5631 1356 5699 3f,
1391 5647 1447 5696 p.
1484 5631 1605 5683 111.

1685 5630 1730 5706 3f
1759 5630 1978 5706 Tertul.
2013 5634 2283 5706 Apolog.,
2317 5653 2366 5690 c.
2400 5639 2488 5690 25.
2564 5637 2609 5671 ³⁵
2638 5630 2846 5692 Tertul.
2883 5643 2959 5691 De
2989 5630 3359 5703 idOlolat.,'c.
3393 5635 3444 5688 3.

3523 5632 3567 5665 ³⁸
3599 5629 3838 5682 Admon.

437 5699 505 5781 ad
539 5707 834 5781 (ἤιξαν-ρ.
865 5705 957 5760 28.
1025 5701 1365 5781 ’"Albidqup1
1391 5702 1567 5781 29:3?
1601 5699 1778 5781 Ibid”
1817 5704 1989 5781 p._4?_.
2030 5704 2076 5738 ³ο
2105 5699 2320 5781 Arriob.
2355 5706 2453 5761 lib.
2475 5723 2542 5781 vi
2566 5709 2713 5781 _Adv.
2749 5716 2904 5781 gent.
2937 5713 3088 5778 post.
3123 5699 3275 5781 init.,
3311 5723 3366 5778 p.
3404 5703 3523 5759 196.
3579 5702 3624 5735 ‘°
3656 5705 3836 5756 Amm-

435 5773 690 5833 Marcell.
723 5771 826 5831 lib.
859 5792 944 5844 ιη,
976 5790 1033 5846 p.
1065 5773 1190 5828 620.
1267 5774 1308 5808 ⁴¹
1343 5773 1408 5828 In
1440 5772 1582 5828 Hist.
1613 5771 1786 5827 Goth.
1819 5771 1827 5772 “
1865 5773 1910 5808 ⁴²
1944 5775 2211 5833 Herodot.
2247 5777 2349 5833 lib.
2385 5795 2441 5834 ιν
2473 5771 2782 5852 ΜεΙροωξ
2803 5797 2852 5836 c.
2882 5771 2974 5847 6‘2,
3010 5797 3065 5850 p.
3097 5779 3224 5834 244.
