3996 6202
210 240 328 295 9‘29

787 241 970 292 ΔΗΕ
1008 239 1083 292 IN
1123 239 1741 294 COHORTATIONEM
1776 241 1870 294 ET
1906 239 2376 294 PIEDAGOGUM
2411 239 3020 296 OBSERVATIONES.

3487 250 3592 304 930

201 364 381 488 gaulo
404 366 522 434 post
548 360 818 442 Clemens
841 360 1076 443 retulit:
1114 382 1142 410 «
1178 362 1614 444 Melampodem
1633 367 1828 417 autem
1862 369 1914 430 Α
1947 361 2042 416 alii
2098 362 2426 444 genuinam
2458 375 2770 432 veramque
2795 380 2922 419 esse
2951 365 3008 418 in
3041 364 3357 450 Clementis
3407 373 3594 428 nostri

246 436 392 488 lium
423 433 838 488 Amvnthaonis
865 433 962 486 alu
993 433 1200 487 dicunt
1231 451 1300 488 ex
1322 440 1569 488 ἀξείνοιο
1600 451 1658 488 1n
1683 434 1832 488 Grae-
1949 438 2108 488 textu
2143 434 2473 488 lectionem.
2495 437 2994 488 denravatumaue
3025 438 3095 488 ab
3121 438 3378 488 librariis
3411 443 3593 488 fama

246 433 838 500 lium’Amynthaonis
865 433 962 486 alii
993 433 1200 505 dicunt
1231 451 1300 488 ex
1322 433 1569 505 Egypto
1600 434 1658 488 in
1683 434 1832 489 Grae-

199 509 355 560 ciam
384 505 747 576 transtulisse
781 505 992 558 festum
1024 504 1272 572 Cereris,
1307 504 1531 560 luctum
1577 507 1676 576 qui
1708 505 1837 560 lau-

199 579 376 631 dibus
397 575 808 632 Celebratur”.
845 599 865 622 ι
899 578 1086 645 Negat
1105 581 1300 630 tamen
1335 577 1527 631 adhuc
1561 575 1839 632 Hervetus

197 649 279 712 id,
314 647 538 702 etiamsi
579 646 890 718 diligenter
931 647 1424 718 investigavisset,
1467 664 1529 703 se
1577 648 1837 704 invenire

197 735 455 790 unquam
483 722 766 798 potuisse.
804 717 907 772 Ubi
941 717 1087 797 illud
1120 717 1428 800 quaesierit
1448 718 1618 802 plane
1651 727 1838 775 nesci-

196 808 353 845 mus.
391 791 538 845 Nulli
579 795 776 844 autem
817 790 1157 844 dubitamus
1198 807 1332 844 eum
1374 793 1518 845 nihil
1565 808 1632 846 ea
1668 793 1736 846 de
1779 809 1839 847 re

195 863 531 932 quaesivisse
552 862 706 932 apud
729 860 1069 928 Eusebium,
1093 878 1275 932 aquo,
1293 867 1356 916 ut
1375 862 1653 927 diximus,
1679 868 1838 918 totus

193 934 291 1015 ille
338 934 646 1015 Clementis
693 933 878 1015 nomstri
919 932 1088 1015 locus
1133 934 1487 1015 describitur
1525 934 1590 986 ³³.
1642 935 1839 1015 Neque

192 1007 371 1059 etiam
422 1004 564 1058 illud
627 1005 687 1056 in
736 1003 1080 1058 Tertulliani
1129 1005 1474 1076 Apologetico
1521 1003 1834 1076 quaasivit;

193 1083 296 1130 aut
327 1083 474 1131 certe
509 1091 621 1130 non
643 1080 806 1130 tanta
828 1081 1004 1145 atque
1037 1075 1330 1131 Pamelius
1352 1075 1672 1147 diligentia,
1694 1078 1836 1146 haec,

192 1165 320 1219 quae
349 1148 422 1202 ibi
443 1147 743 1219 leguntur,
775 1149 950 1219 verba
990 1149 1328 1219 perpendit:
1354 1147 1667 1217 «Orpheus
1713 1149 1837 1204 Pie-

189 1218 574 1284 ria,.\lusaeus
595 1218 859 1290 Athenis,
903 1218 1224 1288 Melampus
1249 1220 1440 1290 Argis,
1469 1220 1838 1290 Trophonius

188 1290 447 1352 Beoticze,
489 1289 926 1343 initiationibus
959 1290 1226 1361 homines
1272 1289 1675 1361 obligaverUnt
1705 1292 1768 1347 ³⁴.
1807 1315 1832 1341 ››

188 1363 356 1416 Recte
382 1361 543 1415 enim
575 1361 849 1415 observat
881 1359 1174 1416 P‘amelius
1205 1361 1285 1416 ibi
1316 1359 1743 1418 Tertullianum
1767 1365 1838 1418 de

187 1434 386 1488 eodem
429 1433 740 1502 disputare
768 1432 996 1488 Cereris
1027 1433 1196 1500 festo,
1241 1434 1413 1503 cujus
1458 1435 1530 1488 ab
1567 1434 1837 1499 Eusebio,

189 1505 395 1559 addere
425 1503 704 1568 debebat,
737 1508 793 1556 et
823 1520 855 1557 a
879 1508 1074 1557 nostro
1104 1504 1400 1560 Clemente
1433 1507 1649 1560 mentio
1691 1507 1840 1561 facta

186 1581 294 1649 est.
328 1575 550 1630 Ferunt
574 1579 776 1649 autem
809 1574 965 1628 hunc
988 1573 1366 1649 Melampum,
1401 1592 1500 1630 seu
1526 1578 1839 1649 Melampo—

190 1648 339 1715 dem,
368 1645 884 1720 Amynthaouiset
901 1646 1430 1720 Doryppeslilium,
1448 1648 1637 1720 fuisse
1651 1645 1803 1720 augu
1822 1679 1836 1690 -

191 1735 310 1772 rem
341 1715 963 1802 etﬂmedicum.‘l‘llius
995 1715 1165 1788 porro
1205 1717 1581 1802 Pausaniam.
1629 1715 1838 1802 Home-
1872 1738 1918 1802 Β

190 1805 338 1862 rum,
373 1787 1012 1862 Virgilium,_aliosque
1045 1805 1159 1844 non
1203 1790 1603 1862 infrequenter
1634 1793 1842 1847 memi-

192 1861 344 1916 uisse
377 1859 555 1915 nemo
585 1859 793 1914 nescit.

259 1931 423 1994 Quod
461 1948 638 2006 porro
669 1931 936 2006 Clemens
966 1930 1036 1986 de
1065 1930 1159 2006 his
1181 1931 1503 2006 impiorum
1537 1934 1843 2006 mysterio-

193 2020 317 2057 rum
352 2000 699 2058 auctoribus
729 2000 877 2056 nihil
910 2009 1062 2056 certo
1093 2000 1356 2070 definiat,
1392 2004 1447 2057 id
1482 2000 1702 2060 nemini
1733 2005 1841 2059 mi-

193 2092 313 2129 rum
351 2090 486 2130 esse
517 2073 1346 2148 debet._Lucianus__siquidem
1377 2076 1627 2148 Phrygas
1656 2082 1712 2132 et
1741 2078 1843 2131 Sa-

193 2144 651 2226 motbracesjlla
680 2145 902 2226 ab_Atte
925 2145 1122 2216 Lydio,
1144 2144 1552 2226 primoeorum
1577 2148 1842 2226 invento-

194 2223 331 2272 reet
376 2217 550 2287 quasi
591 2216 929 2280 architecto,
962 2216 1257 2287 accepisse
1304 2217 1460 2273 haud
1508 2220 1846 2274 dubitanter

192 2295 492 2343 asseverat
511 2288 574 2341 ³⁸.
600 2287 708 2360 Alii
729 2303 860 2360 vero
873 2289 1520 2360 eoruminstitutionem
1546 2291 1842 2360 Erectheo,

192 2361 283 2414 alii
318 2365 564 2432 Musam,
590 2359 684 2414 alii
709 2358 962 2432 denique
982 2358 1217 2432 ipsimet
1231 2360 1424 2416 Cereri
1442 2367 1740 2432 acceptam
1757 2358 1844 2416 ι·θέ

191 2432 487 2496 ferebant,
521 2431 590 2485 de
629 2431 844 2500 quibus
875 2431 1157 2500 legendus
1186 2436 1276 2486 est
1320 2431 1606 2488 Meursius
1639 2433 1738 2488 lib.
1774 2435 1846 2489 De

191 2506 397 2559 Cerere
425 2504 629 2567 Eleus.,
661 2518 790 2572 cap.
821 2502 874 2554 2.

259 2573 504 2628 Nemini
535 2573 765 2628 tandem
801 2572 1097 2644 incognita
1119 2577 1258 2627 sunt
1287 2573 1528 2628 infanda
1548 2573 1651 2630 illa
1679 2575 1843 2629 Cere-

191 2646 265 2699 ris
299 2645 558 2716 orgiaret
589 2644 882 2716 mysteria,
907 2659 1025 2716 quae
1057 2645 1127 2699 ad
1151 2648 1566 2716 sempiternam
1598 2646 1844 2701 ethnica

191 2715 589 2786 turpitudinis
603 2715 1227 2787 memoriamiClemens
1240 2715 1326 2782 ac,
1343 2723 1620 2787 posteum
1658 2725 1844 2772 Arno-

193 2785 332 2841 bius
373 2788 503 2842 fuse
533 2791 791 2860 recenset
821 2787 885 2841 ³⁸.
909 2785 1146 2860 Nemea
1175 2787 1248 2842 ab
1279 2785 1608 2860 innumeris
1638 2805 1843 2860 prepo-

188 2860 447 2913 modum
480 2858 861 2928 scriptoribus
907 2857 1160 2928 ethnicis
1189 2863 1247 2912 et
1285 2857 1655 2926 Christianis,
1687 2857 1840 2915 anti-

191 2931 331 3000 quis
368 2934 428 2984 et
458 2927 878 3002 recentioribus
908 2927 1207 3002 divulgata
1229 2936 1369 2985 sunt
1395 2931 1459 3002 ³⁷.
1495 2931 1553 2985 Si
1585 2933 1718 3002 quis
1751 2937 1841 2986 ta-

193 3017 442 3072 menAea
472 3001 769 3072 sigillatim
808 3001 1116 3070 explanata
1155 3000 1344 3071 legere
1376 3001 1534 3067 velit,
1580 3000 1631 3056 is
1672 3003 1843 3058 adeat

188 3070 465 3128 Natalem
494 3070 773 3127 Comitem
807 3072 908 3127 lib.
941 3087 1007 3144 1x7
1028 3070 1273 3144 ᾇιυιῇοις,
1307 3089 1412 3144 cap

190 3145 291 3199 lib.
333 3161 354 3198 ι
396 3145 468 3198 De
497 3144 642 3213 orig.
692 3147 742 3197 et
768 3159 950 3213 progr.
987 3142 1201 3209 1210101.,
1243 3142 1505 3214 cap—20,
1539 3149 1595 3200 et
1642 3145 1741 3199 lib.
1776 3164 1840 3212 11,

190 3233 295 3288 cap
333 3216 432 3288 52,
481 3215 550 3268 53
605 3219 660 3288 et
688 3215 756 3268 54
787 3231 800 3279 ;
833 3222 892 3269 et
946 3214 1268 3288 Meursium
1322 3220 1446 3272 toto
1502 3216 1848 3288 pensilibro

189 3285 270 3342 De
347 3285 544 3340 Cerere
598 3287 901 3351 Eleusine;
957 3285 1271 3340 Fasoldum
1321 3288 1396 3342 De
1440 3285 1593 3355 festis
1650 3287 1847 3355 Gram,

191 3357 525 3422 decade2;
573 3357 801 3412 Petrum
857 3356 1290 3412 Castellaneum
1345 3359 1416 3412 De
1469 3359 1622 3428 festis
1679 3360 1849 3415 Graec.

194 3430 289 3510 Ex‘
303 3428 410 3510 bis
433 3429 830 3510 autemdiscet
847 3428 1038 3482 adhuc
1061 3444 1162 3499 per
1184 3452 1211 3477 «
1242 3435 1441 3510 potum
1467 3429 1623 3510 bilis,
1654 3454 1680 3479 ››
1699 3429 1853 3510 ῃὸμα

194 3497 352 3571 1911?,
367 3520 409 3568 ς,
430 3515 603 3580 quem
633 3499 912 3554 Hervetus
934 3515 997 3553 se
1023 3497 1138 3554 non
1172 3497 1317 3554 satis
1341 3500 1666 3572 intelligere
1689 3497 1852 3567 dicit,

196 3572 350 3625 nihil
385 3570 544 3624 aliud
569 3587 601 3624 a
627 3571 922 3626 Clemente
946 3571 1056 3625 nisi
1085 3571 1308 3626 Cereris
1341 3571 1489 3627 iram
1513 3579 1570 3628 et
1601 3573 1849 3630 furorem

198 3641 533 3713 signiﬁcari
565 3642 630 3695 ³⁸.

267 3712 494 3768 Paucis
525 3717 796 3784 praeterea
853 3712 1142 3768 monitum
1185 3717 1240 3768 te
1273 3731 1402 3770 esse
1453 3714 1718 3770 volumus
1745 3715 1854 3772 hoc

201 3801 449 3840 carmen
487 3802 502 3839 Σ

273 3875 492 3928 Taurus
512 3881 664 3944 pater
691 3873 966 3938 draconis,
998 3883 1049 3929 et
1075 3882 1232 3944 pater
1261 3877 1414 3930 tauri
1432 3875 1605 3931 draco
1635 3877 1700 3937 ³⁸.

204 3963 306 4016 70
340 3962 499 4031 quod
550 3960 815 4016 Clemens
849 3961 1022 4016 tacito
1067 3962 1326 4017 auctoris
1359 3962 1595 4017 nomine
1635 3962 1854 4033 citavit,

200 4034 530 4088 Tarentino
561 4033 793 4087 cuidam
837 4033 910 4087 ab
940 4034 1194 4088 Arnobio
1227 4033 1468 4088 attribui
1500 4034 1563 4087 ‘0.
1602 4038 1715 4089 [Ioc
1747 4051 1818 4088 au
1840 4065 1852 4076 -

201 4105 428 4229 ἰθαιιὸἐῖ
487 4103 798 4158 Tarentino
840 4104 1054 4160 Suidas
1108 4109 1164 4159 et
1211 4104 1455 4160 Vossius
1507 4105 1851 4176 disputave-

206 4193 319 4229 run
436 4217 448 4227 .

206 4193 496 4317 lmgnphei
543 4245 875 4318 quoquerde
904 4247 1129 4312 Cerere,
1172 4250 1396 4316 raptam
1441 4246 1850 4318 Proserpinam

199 4319 560 4400 inquirente,
594 4317 714 4372 haec
743 4317 1008 4372 Clemens
1039 4318 1120 4372 ait
1160 4333 1221 4372 se
1252 4317 1693 4390 transcripsisse
1724 4335 1850 4373 car-

203 4406 408 4447 mina:

269 4477 364 4531 Sic
387 4478 570 4542 dixit,
602 4485 763 4532 vestes
792 4477 1003 4544 tollens,
1036 4493 1366 4548 omnemque
1391 4477 1631 4546 ﬁguram

272 4550 530 4620 Corporis
583 4549 820 4603 ostendit
847 4557 1086 4619 turpem,
1111 4550 1393 4620 spectabat
1421 4550 1642 4604 Iacchus
1672 4549 1738 4617 ⁸³,
1762 4553 1849 4605 etc

200 4636 482 4692 Nonnulli
515 4640 952 4708 autemputant
981 4637 1129 4692 fmde
1159 4641 1501 4708 corruptum
1533 4653 1663 4694 esse
1693 4637 1851 4693 hunc

198 4708 518 4764 Clementis
552 4707 737 4762 nostri
761 4706 979 4776 locum,
1013 4724 1078 4763 ac
1109 4706 1396 4764 medicam
1419 4709 1470 4764 ei
1497 4724 1739 4764 manum
1771 4709 1851 4765 al-

201 4779 348 4836 ferre
379 4785 692 4835 conantur.
727 4784 786 4833 at
844 4795 942 4834 eos
975 4781 1033 4833 in
1067 4779 1297 4850 primis
1322 4785 1558 4850 torquet
1615 4797 1849 4836 nomen.

201 4853 411 4919 Iacchi,
436 4850 596 4921 quod
629 4852 688 4904 in
733 4850 998 4924 alienam,
1017 4867 1258 4920 prorsus
1288 4849 1598 4924 historiam
1645 4868 1853 4924 perpe-

202 4939 322 4978 ram
356 4926 660 4977 introsum
687 4937 818 4976 esse
833 4923 1190 4977 existimant.
1227 4923 1386 4988 Quod
1410 4923 1654 4992 quidem
1694 4923 1852 4978 haud

203 4994 424 5050 incerta
457 4992 693 5064 probari
729 5009 899 5064 posse
959 4997 1167 5064 putant
1206 4995 1550 5049 auctoritate
1588 4994 1851 5060 Arnobii,

202 5067 298 5136 qui
322 5062 543 5121 nom—en
576 5062 994 5119 illud'omnino
1019 5064 1407 5136 praetermisit.
1442 5065 1552 5120 Sed
1585 5065 1718 5120 huic
1749 5066 1850 5121 do-

202 5143 425 5192 ctorum
460 5136 1154 5208 hominumconjecturae
1187 5136 1358 5208 plane
1379 5137 1778 5208 adversantur
1799 5140 1856 5192 et

203 5206 593 5278 manucripti
615 5205 800 5261 nostri
821 5207 1073 5278 codices,
1100 5211 1158 5262 et
1178 5205 1488 5274 Eusebius,
1512 5208 1611 5278 qui
1631 5208 1854 5264 eosdem

203 5279 432 5335 Grecos
481 5277 691 5333 versus
740 5293 810 5332 ex
839 5277 1134 5333 Clemente
1187 5283 1386 5334 nostro
1418 5277 1636 5348 retulit,
1670 5278 1856 5334 idem-

202 5367 327 5421 qnae
375 5366 598 5406 nomen
652 5349 878 5422 Ἴακχος
936 5347 1189 5406 exhibet.
1235 5350 1306 5405 Et
1331 5366 1466 5405 vero
1497 5350 1859 5406 contendunt

1949 438 2108 488 textu
2143 433 2473 498 lectionem,
2495 437 2994 505 depravatumque
3025 438 3095 491 ab
3121 437 3378 495 librariis
3411 443 3593 500 fuisse

1952 505 2104 559 hunc
2135 506 2446 576 ipsiusmet
2472 506 2711 561 Arnobii
2736 523 2969 562 versum
2998 524 3012 562 :

2021 612 2163 738 grtes
2201 628 2335 737 alma
2363 611 2669 737 succtrutiens
2717 615 2903 669 Baubo
2941 631 3137 682 manu,
3179 633 3312 672 nam
3359 622 3594 690 puerilis

2113 700 2130 737 t
2164 700 2228 738 vu
2257 691 2344 737 tus
2367 700 2459 738 era
2495 727 2507 738 .

2113 691 2132 737 ἱ
2164 691 2344 738 vultus
2367 691 2507 738 erat.

1951 789 2056 843 Pro
2091 812 2115 838 ιι
2153 791 2348 844 Baubo
2383 813 2402 837 ι
2440 789 2655 844 etenim
2698 792 2894 860 reponi
2943 793 3143 848 volunt
3182 815 3202 842 ‹
3245 797 3528 857 Bacchus.
3564 823 3592 852 ››

1948 860 2186 941 Nullum
2236 861 2530 941 enimvero
2577 862 3125 941 dubitandinlocum
3165 884 3294 924 esse
3327 873 3594 941 credunt,

1948 932 2087 1010 quin
2130 933 2479 1010 .Bacchusin
2516 934 2860 1010 turpissimo
2900 933 3020 1010 illo,
3063 953 3234 1006 quem
3274 948 3450 1010 poetae
3487 932 3594 998 im;

1949 1003 2143 1083 pudici
2189 1006 2490 1083 tinxerant,
2527 1005 2756 1083 alluerit
2783 1009 3012 1083 Cereris
3057 1003 3470 1083 ﬁaubonisque
3501 1033 3594 1072 co-

1951 1075 2178 1130 mitatu.
2216 1077 2326 1129 Sed
2359 1076 2429 1129 de
2459 1076 2712 1129 Arnobio
2745 1075 2882 1130 alibi
2916 1079 3228 1135 dicendum
3267 1075 3394 1138 erit:

2017 1147 2098 1221 Ad
2133 1147 2527 1221 eademporro
2558 1147 2780 1221 Cereris
2810 1165 2998 1214 sacra,
3023 1168 3146 1221 quae
3175 1153 3468 1210 Eleusinia
3494 1174 3595 1212 vo-

1948 1219 2256 1297 cabantur,
2289 1217 2560 1297 Clemens
2593 1220 2804 1297 relerre
2835 1217 3064 1297 videtur
3107 1224 3595 1297 Thesmophoria,

1948 1289 2186 1370 perinde
2219 1305 2283 1343 ac
2331 1289 2380 1370 si
2427 1306 2579 1343 unus
2610 1290 2882 1370 idemque
2922 1292 3112 1370 festus
3145 1296 3287 1370 dies,
3323 1289 3595 1370 idemque

1949 1360 2291 1429 mysterium
2325 1365 2383 1413 et
2412 1377 2646 1415 sacrum
2691 1362 2958 1416 fuissent.
2993 1363 3098 1418 Ubi
3134 1360 3290 1422 enim
3323 1369 3393 1423 de
3428 1360 3593 1424 Eleu-

1948 1429 2117 1509 simis
2167 1432 2573 1509 d_isseri_t_,_haac
2619 1431 2715 1485 ille
2749 1433 3235 1509 totidemjverbis
3290 1441 3592 1509 disputat:

1949 1525 1985 1582 ε
2010 1501 2108 1555 Vis
2139 1503 2316 1582 etiam
2352 1503 2456 1582 tibi
2491 1506 3055 1582 narremquomodo
3089 1509 3260 1563 flores
3299 1501 3598 1582 collegerit

1947 1573 2319 1649 Proserpina,
2341 1575 2585 1644 ejusque
2604 1573 2925 1649 calathu_in,
2948 1581 3009 1649 et
3031 1586 3261 1649 raptum
3279 1599 3309 1636 a
3332 1573 3596 1649 Plutone,

1948 1653 2004 1720 et
2045 1645 2271 1698 hiatum
2304 1651 2503 1720 terrae,
2539 1651 2595 1700 et
2642 1662 2776 1700 sues
2829 1645 3112 1714 Eubulei;
3138 1667 3263 1720 quae
3310 1645 3595 1710 devoratze

1953 1717 2186 1788 luerunt
2217 1734 2250 1771 a
2286 1717 2544 1783 deabus;
2583 1721 2818 1786 propter
2849 1734 3023 1788 quam
3053 1717 3292 1777 causam
3324 1723 3382 1778 in
3411 1726 3596 1781 Thes-

1955 1787 2254 1866 mophoris
2311 1789 2741 1866 Megarensium
2808 1787 3222 1866 mareporcos
3271 1796 3594 1866 expellunt.

1951 1860 2142 1930 Hujus
2173 1860 2381 1913 fabulas
2413 1860 2569 1914 diem
2602 1861 2815 1914 festum
2850 1859 3125 1918 mulieres
3163 1866 3320 1920 varie
3344 1859 3599 1924 concele-

1953 1930 2146 1997 brant,
2205 1930 2644 2002 Tesm0phoria,
2703 1932 3094 2002 ScirOphoria,
3146 1935 3348 1991 multis
3407 1940 3597 1995 modis

1953 2007 2188 2072 raptum
2241 2001 2600 2072 Proserpinae
2649 2001 3284 2073 tragice’decantantes
3325 2008 3385 2062 ‘3.
3421 2030 3446 2061 ι
3483 2015 3602 2066 Ve-

1954 2070 2084 2127 rum
2120 2074 2401 2128 Meursius
2436 2070 2513 2128 ibi
2555 2070 2913 2128 Clementem
2943 2070 3214 2132 nostrum
3250 2081 3462 2136 erroris
3501 2099 3595 2138 ac-

1955 2145 2392 2223 cusat,_quipp_e
2451 2145 2549 2215 qui
2589 2144 3012 2223 Tesmophoria
3067 2165 3200 2204 cum
3261 2151 3595 2223 Eleusiniis,

1954 2232 2082 2284 quae
2116 2215 2542 2285 plane’diversa
2581 2221 2767 2284 erant,
2803 2222 3148 2287 praepostere
3179 2222 3416 2278 omnino
3460 2215 3596 2280 con:

1956 2287 2246 2342 fuderit“.
2291 2306 2311 2334 ι
2333 2287 2475 2341 Nam
2498 2287 2810 2354 Eleusinia,
2832 2288 3022 2358 inquit
3042 2291 3156 2356 ille,
3175 2292 3448 2349 instituta
3471 2296 3522 2350 l'u
3539 2314 3596 2352 e-

1955 2363 2088 2412 rant
2151 2358 2210 2412 in
2254 2358 2476 2413 Cereris
2515 2363 2734 2434 raptam
2801 2359 3205 2434 Proserpinam
3257 2369 3594 2434 qumrcntis,

1955 2434 2011 2502 et
2046 2434 2185 2502 tunc
2217 2435 2588 2502 acceptarum
2626 2431 2857 2499 frugum
2892 2433 3237 2488 memoriam
3265 2431 3598 2502 {Thesmo-P
3674 2449 3678 2452 '

1956 2499 2162 2570 phoria
2191 2516 2324 2555 vero
2359 2499 2434 2555 ob
2470 2499 2620 2567 leges
2672 2502 2743 2554 ab
2777 2517 2845 2555 ea
2901 2510 3186 2573 acceptas.
3217 2530 3235 2556 ιι
3266 2499 3596 2564 Ἀι-ηοὺίυῐη

1956 2578 2304 2650 quoque__et
2353 2573 2803 2650 Theodoretum,
2836 2573 3050 2650 quibus
3105 2581 3162 2630 et
3195 2579 3362 2650 longe
3395 2579 3590 2650 plures

1955 2643 2100 2698 alios
2133 2643 2452 2715 adjungere
2489 2643 2796 2714 potuisset,
2830 2645 3039 2699 similis
3062 2649 3237 2702 errati
3271 2643 3593 2707 insimulat.

1953 2715 2061 2788 Sed
2093 2730 2206 2768 non
2239 2715 2513 2788 omnibus
2549 2716 2791 2770 fortasse
2825 2716 3078 2773 rationes
3108 2721 3237 2788 ejus
3268 2723 3416 2776 tanti
3446 2722 3600 2777 vide-

1954 2786 2179 2862 buntur
2201 2787 2496 2856 ponderis,
2519 2791 2795 2862 utcontra
2817 2786 3326 2862 tottantorumque
3341 2792 3596 2849 virorum

1954 2857 2382 2926 auctoritatem,
2413 2858 2714 2912 communi
2747 2859 2863 2913 fere
2895 2861 3154 2915 omnium
3191 2857 3482 2919 consensu
3517 2882 3600 2920 re-

1951 2933 2205 3007 ceptam,
2237 2929 2502 3007 singulos
2525 2944 2786 3007 quosque
2807 2929 2863 2984 in
2898 2947 3078 3007 suam
3103 2933 3354 3007 adducat
3381 2937 3603 3007 opinio-

1953 3017 2107 3080 nem.
2223 3000 2322 3080 qui
2345 2999 2542 3055 tamen
2571 2999 2731 3080 illius
2753 3002 3114 3080 argumentis
3133 2999 3461 3078 vincantur,
3489 3008 3602 3080 ipsi

1421 3075 1500 3170 Fm5
1524 3093 1536 3142 ,
1563 3074 1837 3170 Vo‘ssium
1872 3104 1914 3170 Ο
1956 3071 2352 3170 subscribam,
2389 3087 2490 3142 per
2516 3089 2621 3127 nos
2654 3072 2806 3170 licet,

2030 3142 2246 3198 Omnes
2285 3159 2456 3214 porro
2499 3160 2616 3198 una
2663 3147 2856 3198 mente
2892 3145 3271 3202 consentiunt
3317 3151 3600 3205 matronis

1960 3212 2184 3290 aliquot
2201 3212 2346 3290 dies,
2383 3219 2697 3290 antequam
2714 3215 3175 3290 Thesmophoria
3198 3230 3454 3290 agerent,
3475 3239 3602 3276 ser-

1960 3286 2210 3339 vandam
2237 3285 2416 3340 fuisse
2437 3286 2788 3358 castitatem.
2812 3285 3601 3358 Quod'quidem'conﬁrmari

1964 3361 2157 3428 potest
2187 3358 2441 3444 quadam
2468 3357 2742 3444 T‘heanus
2769 3359 3602 3444 Pythagorica.responsione,

1962 3444 2137 3500 quam
2190 3429 2436 3500 ipsemet
2465 3428 2732 3483 Clemens
2764 3434 2964 3484 noster
2995 3431 3258 3500 protulit,
3293 3428 3376 3488 ita
3406 3428 3601 3490 tamen

1964 3505 2026 3553 ut
2058 3498 2332 3569 plurimis
2363 3516 2582 3555 morem
2623 3500 2775 3554 hunc
2807 3498 3204 3557 nescientibus
3235 3505 3486 3560 obscura
3516 3505 3603 3559 vi-

1963 3572 2362 3647 deriposset:
2395 3594 2422 3619 «
2475 3572 2717 3643 Rogata,
2772 3571 3249 3647 inquit,_'l‘heano
3299 3582 3479 3647 quoto
3511 3577 3604 3632 die

1965 3642 2177 3720 mulier
2221 3647 2353 3720 post
2381 3642 2758 3720 congressum
2790 3659 2923 3720 cum
2958 3645 3095 3720 viro
3110 3647 3180 3700 ad
3209 3642 3610 3720 Thesmopho-

1964 3714 2116 3768 rium
2147 3714 2342 3768 venire
2374 3715 2559 3785 possit
2587 3733 2599 3769 :
2631 3717 2678 3768 At
2706 3715 2936 3783 proprio
2959 3715 3194 3785 quidem
3229 3719 3428 3773 statim
3461 3714 3605 3773 sub-

1956 3785 2178 3858 jiunxit,
2206 3801 2505 3858 nunquam
2533 3787 2605 3839 ab
2627 3785 2817 3858 alieno
2841 3787 2903 3838 ’⁵.
2944 3807 2969 3837 α
2993 3785 3164 3841 Nulla
3185 3788 3341 3844 enim
3377 3790 3608 3858 penitus

1964 3857 2174 3910 fuisset
2202 3856 2359 3931 istud
2391 3857 2602 3931 ab_hac
2635 3856 2880 3931 muliere
2915 3858 3266 3931 philosopha
3307 3856 3608 3931 quaerendi

1964 3944 2164 3991 causa,
2200 3927 2312 3982 nisi
2347 3926 2618 3982 mulieres
2651 3933 2786 3982 ante
2819 3926 2982 3982 illum
3018 3926 3172 3983 diem
3207 3926 3416 3986 festum
3449 3938 3608 3987 caste

1964 4004 2022 4054 et
2044 3999 2267 4069 integre
2300 3999 2488 4052 vivere
2512 3999 2871 4054 debuissent.
2901 4000 2980 4054 De
3013 4000 3121 4056 hac
3153 4007 3346 4057 autem
3368 4003 3606 4059 Theano

1965 4071 2023 4124 in
2045 4069 2320 4142 sequenti
2354 4070 2767 4125 dissertatione
2794 4087 2920 4142 cap.
2959 4073 3044 4138 18,
3069 4078 3179 4128 art.
3213 4075 3264 4128 4.

2036 4141 2281 4196 Miratur
2315 4157 2481 4210 porro
2508 4143 2784 4213 llervetus
2817 4141 2930 4213 qua
2963 4147 3199 4200 tandem
3226 4145 3450 4199 ratione
3479 4145 3603 4198 Cle-

1963 4228 2133 4287 meris
2163 4214 2232 4267 de
2267 4212 2577 4287 Eleusiniis
2609 4230 2710 4268 seu
2734 4212 2956 4287 Cereris
2991 4216 3134 4272 t‘esto
3157 4217 3251 4270 die
3274 4216 3607 4287 disputans,

1961 4284 2020 4337 in
2072 4283 2376 4339 Themidis
2421 4283 2693 4354 delapsus
2728 4286 2902 4339 luerit
2947 4302 3313 4341 sermonem:
3347 4283 3385 4335 κ’
3427 4286 3604 4349 Ouin-

1961 4355 2138 4410 etiam
2169 4355 2463 4410 Themidis
2487 4373 2712 4428 arcana
2733 4357 3017 4424 symbola,
3050 4359 3382 4428 origanum,
3414 4355 3607 4410 lucer-

1966 4428 2276 4491 na,ensis,
2339 4430 2538 4496 pecten
2601 4426 2902 4481 muliebris
2960 4426 3230 4492 “,iie'tc.
3291 4428 3606 4481 Summum

1965 4497 2260 4553 enimvero
2282 4497 2352 4552 de
2374 4497 2468 4569 his
2488 4496 2802 4551 Themidos
2826 4498 3054 4569 arcanis
3077 4497 3358 4569 symbolis
3385 4497 3610 4553 aitesse

1960 4569 2112 4638 apud
2132 4585 2332 4624 omnes
2354 4567 2678 4622 silentium.
2701 4569 2808 4621 Sed
2835 4567 3129 4624 nesciebat
3149 4570 3235 4623 vir
3257 4569 3466 4624 doctus
3499 4569 3608 4624 hoc

1959 4639 2258 4695 Themidis
2289 4654 2608 4709 cognomen
2641 4655 2773 4693 cum
2807 4639 2939 4693 aliis
2970 4641 3240 4709 pluribus
3283 4640 3470 4694 eidem
3507 4640 3608 4694 Ce-

1960 4711 2072 4766 reri
2122 4727 2156 4765 a
2209 4710 2523 4782 Porphyrio
2566 4710 2816 4765 ascribi:
2852 4733 2877 4759 «
2909 4710 2976 4764 Et
3033 4712 3332 4781 quoniam,
3387 4711 3608 4782 inquit,

1959 4782 2046 4837 vis
2078 4787 2354 4854 praeterea
2383 4781 2683 4854 divinandi
2712 4782 2984 4854 quaedam
3007 4782 3217 4849 inerat,
3243 4781 3605 4854 Theminripé-

1961 4849 2094 4909 eam
2123 4849 2522 4921 nominarunt,
2549 4849 3006 4926 quasi—singulis
3035 4855 3104 4907 τὰ
3139 4853 3443 4926 τεθειμένα,
3497 4849 3607 4908 hoc

1961 4931 2068 4988 est,
2104 4941 2195 4998 res
2227 4926 2341 4979 fato
2372 4924 2720 4998 constitutas
2750 4929 3180 4998 eventurasque
3211 4924 3604 4998 praenuntiat.

1960 5000 2152 5068 atque
2179 4995 2339 5068 hunc
2370 4995 2430 5050 in
2471 4995 2708 5068 modum
2742 4997 2856 5050 vim
2892 4995 3049 5051 illam
3082 4995 3246 5052 terrai
3268 5001 3354 5053 tot
3381 4996 3611 5068 symbo-

1961 5065 2148 5122 lorum
2181 5067 2453 5139 varietate
2478 5065 2824 5139 explicatam
2854 5073 3228 5136 venerantur,
3264 5086 3330 5124 ac
3361 5065 3608 5139 virginis

1962 5139 2223 5209 quidem,
2257 5137 2566 5208 Vestaeque
2595 5138 2851 5208 nomine,
2893 5148 3185 5209 quatenus
3227 5156 3296 5196 ea
3344 5137 3609 5194 centrum

1962 5210 2223 5282 universi,
2251 5209 2698 5282 complectitur;
2725 5210 3004 5282 Parentis,
3035 5217 3327 5282 quatenus
3349 5211 3611 5282 animan-

1961 5281 2122 5336 tibus
2153 5281 2432 5336 alimenta
2451 5280 2826 5355 suppeditat;
2869 5281 3029 5355 Opis,
3056 5280 3353 5355 quatenus
3388 5281 3611 5352 lapides

1962 5357 2221 5423 generat,
2281 5352 2698 5424 montibusque
2748 5352 3126 5425 preeminet‘;
3161 5353 3409 5422 Cereris,
3462 5367 3608 5423 qua-

271 5559 624 5644 ”‘Herfodo-t.
658 5557 870 5644 libav’,‘
887 5575 950 5644 Ρ.
985 5559 1074 5644 19.
1150 5559 1328 5644 ἡμὴ.
1363 5575 1417 5644 ιι.
1442 5559 1700 5644 i’raepar.
1732 5576 1960 5644 evang?
1994 5577 2040 5616 ο.
2076 5562 2219 5644 lyp.
2249 5563 2373 5644 63..
2419 5561 2713 5644 8‘_'_l‘ertul_.
2750 5562 3010 5644 Apnl'og?
3039 5579 3088 5618 c.
3292 5561 3340 5644 3‘.
3367 5558 3607 5644 anian.

202 5630 281 5685 De
310 5633 420 5686 dea
450 5631 641 5702 Syria,

199 5703 342 5757 Adv.
397 5700 588 5773 gent._
636 5700 694 5736 ⁸¹ί
739 5700 968 5773 Suidas
1011 5718 1046 5756 a

202 5774 248 5806 “
277 5770 492 5828 Men—rs.
527 5771 634 5827 lib.
671 5787 728 5825 ιν
756 5772 930 5827 Attic.
955 5770 1114 5841 lect.,
1145 5789 1194 5828 ο.
1227 5773 1319 5827 21.

679 5629 930 5718 μέῇμ
1006 5629 1131 5718 ³⁸ρ.
1166 5630 1484 5718 1041,15
1504 5699 1531 5718 Α
1565 5631 1608 5672 ³⁷
1637 5633 1853 5718 Arnob.
1879 5629 1979 5718 lib.
2007 5650 2043 5688 ν
2073 5629 2209 5718 Adv.

1142 5699 1384 5756 verbum
1417 5699 1647 5808 Ewﬁwv;
1682 5701 1852 5758 Voss.
1910 5705 1986 5758 De
2044 5708 2197 5772 poet.
2231 5699 2438 5768 Gram,
2472 5721 2524 5760 c.
2549 5699 2582 5753 ἐ

1145 5789 1194 5828 c.
1227 5773 1319 5827 21.
1396 5774 1418 5808 ⁸
1471 5771 1575 5827 lib.
1610 5789 1668 5829 IV
1697 5773 1936 5841 Strom.,
1969 5775 2177 5844 p.522.
2255 5776 2300 5809 “
2325 5791 2460 5846 pag.
2495 5775 2582 5828 14.

2284 5636 2401 5687 ent.
2478 5635 2521 5668 ³⁸
2549 5651 2603 5704 p.
2642 5636 2728 5688 11.
2796 5629 2849 5667 ³ο
2883 5629 3029 5704 Ibid.
3107 5633 3153 5667 ⁸ο
3173 5631 3385 5704 Arnob.
3418 5629 3612 5704 ιίὺηιξι

2284 5721 2438 5768 raec.,
2472 5721 2524 5760 c.
2549 5697 2630 5772 ’8,
2669 5721 2726 5774 p.
2757 5704 2846 5757 61.
2925 5703 2970 5736 ⁴²
3000 5718 3134 5774 pag.
3163 5703 3249 5756 13.
3325 5701 3369 5734 ⁴³
3400 5715 3460 5768 p.
3522 5697 3607 5750 11.
