4148 6202
310 218 420 272 933

308 343 548 414 paratas
578 335 830 414 asserit?
871 336 1264 414 Quamobrem
1297 338 1356 414 in
1400 342 1564 414 textu
1623 339 1961 414 Clementis,

311 409 472 470 sicut
486 415 543 464 et
554 409 817 476 Arnobii,
835 409 934 480 qui
950 409 1105 464 hunc
1118 409 1310 464 locum
1326 409 1618 465 delibasse
1649 411 1879 466 videtur
1894 411 1963 481 δ”,

311 501 430 541 non
461 497 569 537 vox
595 500 626 532 (ι
659 483 936 546 Phaeton,
975 504 1001 527 η

1050 485 1122 553 ut
1161 481 1242 535 ait
1293 482 1633 539 Theodorus
1662 483 1966 553 Canterus,

308 556 411 614 sed
446 576 474 603 ‹‹
521 553 735 621 3haon,

775 575 796 600 ι
834 552 1170 622 reponenda
1202 557 1311 607 est.

387 623 636 698 Veneris
659 623 1053 698 porrohujue,
1085 639 1210 698 quae
1252 641 1368 698 non
1411 623 1605 698 solum
1660 626 1790 682 vitae
1855 624 1972 698 pri-

317 697 586 762 mordiis,
618 693 719 750 sed
755 693 920 750 illius
952 693 1128 767 etiam
1164 696 1266 750 lini
1298 697 1648 756 credebatur
1704 693 1971 767 praeesse,

317 769 480 824 varia
509 766 1084 840 eranticognomina.
1117 770 1419 840 Quatenus
1451 767 1608 840 enim
1642 766 1772 840 vita:
1831 786 1976 840 pra:-

320 843 646 912 fectaerat,
679 838 884 912 Diana,
916 839 1156 902 Lucina,
1208 839 1396 906 Alma,
1456 839 1675 905 Venus,
1727 838 1976 912 aliisque

323 911 668 983 nominibus
691 911 1022 983 vocabatur.
1050 912 1364 983 Praeposita
1386 917 1579 983 autem
1609 910 1777 966 morti
1802 917 1860 966 et
1883 910 1977 983 pa-

321 982 678 1052 rentalibus,
710 975 956 1050 Λιϐιτίνη
990 975 1544 1052 αιᾳιιθ”Επιτυιιϐία,
1578 987 1725 1036 teste
1749 975 1977 1037 Plutar-

325 1055 459 1120 cho,
493 1051 786 1123 appellata
818 1057 927 1107 est.
981 1051 1286 1124 [psissima
1340 1051 1629 1123 siquidem
1664 1053 1784 1108 hIPC
1842 1058 1982 1110 sunt

323 1125 736 1196 illiusrverba:
777 1145 802 1171 ‹‹
837 1125 952 1179 Cur
984 1140 1110 1196 qua:
1170 1124 1241 1178 ad
1301 1125 1508 1179 funera
1566 1126 1862 1196 pertinent
1920 1125 1979 1179 in

325 1141 490 1180 illius
522 1141 736 1178 verba:
777 1145 802 1171 ‹‹
837 1141 952 1179 uur
984 1141 1110 1249 (sua:
1170 1141 1241 1178 an
1301 1141 1508 1179 iunera
1566 1141 1862 1196 pertinent
1920 1143 1979 1179 in

325 1195 554 1266 templo
589 1195 853 1249 Libitinae
877 1211 982 1250 ven
1033 1198 1157 1260 unt,
1192 1211 1369 1266 quam
1401 1198 1667 1252 eamdem
1700 1212 1827 1251 esse
1849 1213 1983 1252 cum

324 1268 549 1322 Venere
592 1271 900 1322 censent...
952 1283 1018 1322 eo
1071 1268 1459 1322 movebantur
1509 1269 1796 1323 caducum
1855 1284 1983 1324 esse

327 1340 680 1411 quodiesset
712 1343 942 1411 natum,
977 1355 1091 1392 una
1108 1340 1430 1411 eademque
1457 1341 1562 1395 dea
1585 1345 1642 1394 et
1681 1340 1908 1395 ortibus
1929 1345 1985 1394 et

330 1409 674 1484 interitibus
708 1409 1074 1484 praesidente.
1093 1409 1249 1484 _Nam
1284 1410 1528 1484 Delphis
1547 1426 1777 1484 quoque
1801 1411 1984 1466 Vene-

329 1484 413 1538 ris
439 1480 802 1554 Sepulcralis
835 1480 1247 1552 (Epytimbiam
1280 1480 1649 1554 ipsi'dicunt)
1681 1480 1790 1538 'est
1839 1483 1988 1536 ima-

377 1551 619 1619 uncula,
655 1553 725 1606 ad
760 1551 1213 1621 quam’evocant
1254 1551 1454 1608 eorum
1513 1551 1713 1614 manes
1771 1554 1987 1622 quibus

360 1626 530 1680 ibant
558 1624 625 1677 δε.
658 1646 685 1672 ››
720 1623 977 1678 Rursum
1006 1639 1143 1679 vero
1175 1623 1312 1679 alibi
1341 1640 1355 1678 :
1409 1646 1436 1673 ‹‹
1468 1625 1781 1680 Pontiﬁces
1823 1626 1987 1694 justa

338 1696 630 1762 funebria,
663 1694 882 1767 quibus
909 1711 1056 1766 opus
1086 1702 1194 1763 est,
1227 1695 1632 1767 praescribunt,
1662 1712 1809 1766 quos
1840 1697 1986 1752 edo-

337 1768 464 1822 cuit
486 1765 1035 1838 Numa...lcolerent
1065 1783 1181 1837 pra:
1210 1765 1435 1822 ceteris
1461 1784 1610 1835 eam,
1651 1765 1827 1838 quam
1887 1783 1990 1838 ap-

379 1839 583 1910 ellavit
601 1837 937 1910 Libitinam,
963 1839 1129 1893 deam
1153 1839 1458 1910 praesidem
1475 1837 1701 1904 eorum,
1726 1855 1852 1909 quas
1897 1837 1990 1894 de-

368 1909 565 1966 unctis
588 1913 728 1982 sunt
759 1907 962 1982 feralia
995 1907 1346 1981 peragenda,
1371 1911 1490 1966 sive
1512 1927 1579 1967 ea
1601 1907 1989 1982 Persephone,

339 1983 470 2038 sive
501 1981 714 2049 potius,
751 1984 816 2034 ut
839 1981 1200 2037 arbitrantur
1228 1982 1520 2045 Quiritum
1579 1981 1990 2047 eruditissimi,

341 2025 542 2108 Venuts
569 2053 665 2115 sit,
697 2025 854 2106 haud
888 2051 1039 2107 male
1072 2053 1173 2107 uni
1198 2025 1397 2107 vi‘rtuti
1425 2053 1687 2108 numinis
1709 2025 1992 2108 rationem

344 2129 512 2180 ortus
569 2129 626 2178 et
677 2138 949 2178 excessus
1003 2124 1360 2179 ascribentes
1389 2125 1454 2178 ⁸⁸.
1500 2147 1522 2173 ι
1587 2123 1992 2180 Parentalibus

345 2197 550 2266 itaque
584 2209 997 2267 cumlpraeesse
1040 2199 1362 2267 putaretur,
1423 2195 1557 2251 hinc
1615 2196 1807 2267 Argivi
1861 2211 1990 2250 eam

343 2281 582 2338 quoque
597 2265 942 2338 effodiendis
963 2265 1252 2336 sepulcris
1268 2267 1597 2338 praefectum
1618 2265 1990 2332 arbitrantes,

343 2335 768 2410 Τυμεωρύχων,
796 2342 867 2410 _ut
913 2335 1176 2407 loquitur
1217 2335 1508 2408 Clemens,
1560 2354 1990 2410 nuncupavere,

345 2416 526 2482 atque
555 2408 888 2482 eonomine
915 2411 1168 2482 venerati
1202 2416 1360 2464 sunt.
1394 2411 1498 2466 Sed
1553 2415 1790 2480 praestat
1840 2409 1994 2482 illius

345 2479 563 2552 audire
606 2479 819 2552 verba:
873 2501 901 2529 ‹‹
952 2480 1118 2535 Mitto
1157 2486 1390 2552 ‘autem,
1451 2479 1666 2551 inquit,
1731 2481 1994 2552 Argivos,

345 2553 449 2627 qui
481 2551 680 2627 colunt
710 2550 990 2627 Venerem
1022 2545 1430 2627 Tuu‘Smpoxov,
1470 2545 1550 2606 id-
1587 2558 1674 2608 est
1725 2545 1854 2622 quae
1882 2568 1994 2627 _se-

348 2624 556 2693 pulcra
585 2623 892 2694 etfodit(ut
921 2627 977 2678 et
1017 2625 1211 2694 Argivi
1237 2623 1648 2690 et'Lacones),
1708 2631 1764 2678 et
1821 2624 1995 2678 etiam

349 2693 896 2766 SpartanilDianam
925 2693 1124 2766 soluat
1143 2693 1526 2766 Cbelytidem,
1563 2696 1841 2766 quoniam
1874 2698 1994 2766 tus-

347 2763 467 2822 sire
497 2766 568 2820 ab
601 2765 682 2819 eis
730 2770 988 2838 vocatur,
1031 2763 1312 2838 χελύττειύ
1333 2769 1398 2822 ετ.
1435 2789 1455 2816 1
1492 2770 1537 2821 Α
1567 2763 1699 2822 vero
1751 2765 1996 2838 forsitan

348 2839 401 2892 is
437 2853 552 2892 non
584 2852 830 2909 prorsus,
854 2837 1228 2900 aberra’verit,
1252 2838 1351 2908 qui
1383 2837 1994 2909 hanc'l‘ymborychon

351 2909 634 2980 Venerem
665 2908 936 2980 eamdem
967 2909 1308 2980 opinabitur
1337 2925 1462 2963 esse
1494 2926 1560 2963 ac
1579 2908 1996 2979 Sepulcralem,

349 2997 452 3036 seu
490 2979 903 3048 Epitymbiam,
938 2979 1241 3052 adquam.
1290 2985 1354 3036 ut
1401 2981 1746 3036 Plutarchus
1778 2983 1998 3046 narrat,

353 3052 766 3136 defunctnrum
790 3065 991 3136 manes
1041 3052 1478 3136 evocabantur}.
1511 3052 2000 3136 Delbagvenere
2034 3070 2075 3136 ρ

354 3121 689 3192 Epitymbia
719 3126 776 3176 et
805 3122 1060 3177 Libitina
1089 3123 1347 3189 consule,
1383 3123 1431 3178 si
1464 3123 1646 3190 lubet,
1698 3122 2000 3178 Giraldum

355 3199 571 3266 "utor,
604 3192 776 3266 deor.,
807 3198 1036 3266 syntag.
1074 3196 1158 3261 13,
1185 3211 1315 3266 pag.
1347 3195 1490 3262 385;
1516 3201 1572 3250 et
1591 3195 2004 3266 Celiumlﬂho-

357 3266 483 3335 dig.
516 3265 652 3338 Var.
687 3265 810 3318 lect.
846 3265 953 3338 lib.
980 3283 1131 3338 xxvi,
1165 3265 1294 3338 cap.
1329 3267 1417 3330 18,
1441 3281 1506 3320 ac
1538 3266 1814 3322 Vossium
1843 3265 2005 3322 lib."

364 3337 607 3410 Deci-ig.
627 3338 690 3410 et
709 3351 898 3406 pragr.
932 3335 1121 3410 idola,
1153 3335 1279 3408 cap.
1311 3338 1400 3392 27.
1435 3353 1566 3410 pag.
1592 3338 1720 3392 2‘33.

434 3406 747 3477 Superiora
780 3423 948 3477 porro
979 3406 1300 3464 Clementis
1334 3406 1539 3464 nostri
1555 3410 1731 3464 verba
1771 3409 1884 3464 huc
1923 3408 2009 3462 id-

365 3484 518 3534 circo
543 3484 876 3543 attulimus,
918 3484 1192 3548 quoniam
1244 3484 1547 3535 nonnullis
1600 3484 1730 3540 ista.
1795 3502 1822 3528 «
1861 3484 1924 3534 ut
1954 3486 2010 3534 et

365 3550 565 3622 Argivi
597 3555 655 3604 et
684 3554 962 3622 Lacones,
993 3570 1018 3601 υ
1051 3551 1108 3605 in
1140 3556 1366 3606 textum
1417 3552 1646 3607 intrusa
1701 3556 1758 3605 et
1809 3567 2010 3622 super-

368 3620 490 3676 flua
511 3620 801 3676 videntur.
823 3621 932 3676 Sed
951 3621 1001 3676 is
1017 3638 1158 3678 sane
1180 3623 1500 3678 admodum
1530 3622 1828 3691 antiquius
1851 3620 2010 3679 error

359 3479 518 3534 circo
543 3479 876 3543 attulimus,
918 3481 1192 3548 quoniam
1244 3480 1547 3535 nonnullis
1600 3481 1730 3540 ista.

365 3698 479 3748 est.
512 3692 658 3747 Nam
693 3693 750 3747 in
784 3698 1032 3762 utroque
1063 3695 1464 3765 manuscripto
1496 3695 1713 3763 codice,
1745 3697 1871 3748 tum
1915 3709 2007 3747 re-

367 3765 646 3829 centiore,
680 3770 804 3819 tum
836 3765 1186 3836 antiquiore,
1229 3766 1432 3821 eadem
1483 3766 1655 3836 plane
1693 3769 2010 3836 occurrunt

1630 3834 2011 3909 wr'éxovﬁpa-

367 3854 504 3891 cum
558 3854 662 3890 nac
709 3854 904 3890 tamen
949 3854 1437 3908 Interpuncuoue.
1472 3854 1673 3908 ιὐμῡω
1715 3854 1848 3906 υγον
1882 3854 2010 3909 θρη-

364 3904 646 3981 ςκεύουσιν
679 3907 911 3981 Ἀργεῖοι
941 3907 1048 3981 ’καὶ
1079 3909 1350 3981 Λάκωνες,
1385 3910 1482 3981 12
1531 3908 1620 3961 καὶ
1652 3854 1921 3962 fex-3:181
1953 3903 2010 3981 δὲ

365 3978 828 4052 Ἄρτεμιν-.-ρυῴ
855 3978 1091 4050 quidem
1114 3979 1203 4036 vel
1235 3981 1360 4035 sola
1413 3980 1817 4052 interpunctio
1853 3979 2011 4034 osci-

367 3852 504 3922 curn
557 3835 904 3926 hacutamen
949 3831 1624 3926 int‘erpnnctione._'i‘up§

362 4051 610 4122 tentiam
636 4049 1006 4122 librariorum
1039 4052 1319 4107 omnibus
1350 4049 1582 4122 lutique
1635 4051 2007 4106 manifestam

360 4121 552 4175 facere
583 4125 782 4177 rotest.
817 4121 1098 4177 Hervetus
1128 4128 1321 4179 tamen
1348 4121 1468 4177 haec
1491 4121 1562 4178 ad
1592 4123 1838 4178 Dianam
1861 4122 2007 4177 refe-

355 4192 544 4247 renda
575 4207 704 4248 esse
735 4193 1074 4249 arbitratur.

432 4261 650 4337 Verum
683 4264 932 4337 minime
953 4265 1063 4320 sibi
1096 4270 1464 4337 compertum
1481 4281 1609 4321 esse
1642 4266 1744 4330 ait,
1771 4281 1897 4337 quae
1932 4264 2010 4337 sit

357 4333 464 4409 illa
495 4334 992 4409 DianaCbelytis,
1041 4341 1098 4392 et
1129 4333 1544 4409 ουίχελύττειν
1578 4333 2008 4404 ιυεείιιθέἰεζηὶ-

356 4406 514 4460 licet.
545 4407 628 4461 Ab
663 4407 903 4477 Henrico
933 4412 1128 4464 autem
1161 4406 1454 4477 Stephano
1491 4410 1864 4464 observatum
1919 4410 2010 4461 est

352 4478 610 4553 verbnm
648 4475 1018 4553 χελύσσομαι,
1051 4497 1155 4536 seu
1187 4475 1548 4553 χελῦττομαι,
1582 4498 1614 4535 a
1647 4481 1882 4534 nomine
1911 4495 2012 4551 χε-

357 4545 457 4607 λὺς
490 4545 840 4618 derivatum,
875 4545 1030 4607 idem
1063 4545 1264 4608 Latine
1293 4545 1501 4608 sonare
1532 4545 1706 4622 atque
1729 4545 2012 4622 expectem

350 4622 623 4693 exlium,
657 4630 842 4678 crucia
867 4623 931 4678 ⁸⁸.
965 4625 1357 4688 Quamobrem
1387 4624 1568 4679 Diana
1596 4621 1697 4678 illa
1721 4621 2006 4693 Chelytis,

353 4691 565 4763 eadem
601 4708 776 4763 procu
832 4695 1011 4750 dubio
1042 4712 1108 4750 ac
1141 4696 1281 4750 luna
1302 4711 1428 4752 esse
1458 4695 1704 4750 videtur.
1731 4717 1759 4746 «
1785 4691 2006 4748 Humor

352 4761 542 4827 enim,
576 4761 614 4812 a
641 4769 704 4818 ut
735 4765 930 4837 inquit
962 4766 1336 4833 Plutarchus,
1379 4789 1407 4817 ‹‹
1441 4783 1474 4821 a
1528 4766 1670 4821 luna
1731 4766 2002 4829 diffusus,

350 4841 807 4908 cumaggravet
833 4853 1100 4908 corpora,
1150 4839 1364 4894 tussim
1417 4839 1633 4893 excitat
1660 4839 1724 4891 σθ.
1758 4860 1778 4886 ι
1834 4838 2004 4907 Spar-

352 4905 711 4981 taniitaque
739 4905 980 4981 Dianam
1001 4905 1384 4981 Chelytidem,
1409 4926 1512 4965 seu
1529 4909 1838 4981 lunam,_ut
1857 4905 2006 4962 hanc

355 4993 389 5052 _a
423 4977 639 5052 seipsis
671 4980 884 5052 tussim
917 4977 1165 5049 arceret,
1191 4997 1306 5036 non
1334 4996 1505 5036 secus
1527 4985 1698 5052 atque
1719 4979 1865 5036 alios
1889 4995 2010 5034 ma—

353 5047 554 5120 lorum
587 5049 930 5120 depulsores
959 5052 1099 5107 deos
1129 5047 1580 5109 venerabantur.

428 5119 591 5174 Alias
623 5119 857 5192 quoque
882 5139 1002 5190 ires
1031 5124 1243 5179 Dianas
1275 5125 1358 5180 sic
1391 5123 1564 5195 paulo
1588 5122 1860 5195 superius
1878 5120 2007 5178 Cle-

355 5205 529 5266 mens
558 5199 902 5266 _memorat:
951 5217 978 5244 ‹‹
1010 5195 1254 5251 Dianam
1307 5193 1434 5266 qua:
1481 5193 1722 5250 vocatur
1750 5193 2007 5266 ἀπαγχο-

358 5260 522 5331 μένη,
558 5262 666 5318 hoc
691 5271 780 5320 est
809 5267 1099 5340 :uﬂ'ocala,
1152 5260 1354 5323 colunt
1403 5267 1677 5334 Arcades,
1706 5269 1771 5320 ut
1815 5260 2012 5334 inquit

914 216 1096 268 ΑΜΕ.
1133 216 1208 269 ΙΝ
1246 215 1860 272 ΟΟΗΟΒΤΔΤΙΟΝΕΜ
1897 219 1990 271 ΕΤ

2117 217 2490 274 BDAGOGUM
2527 217 3139 274 OBSERVATIONES.

2100 1625 2174 1680 de

2021 1702 2153 1772 Ββι

3625 223 3733 278 934

1996 345 2050 412 Α
2080 337 2475 416 Callimachus
2510 338 2792 416 in_A_e_tiis.
2816 339 2984 416 Culta
3019 341 3326 416 est__ctiam
3387 342 3742 416 Methymna:

2081 411 2196 484 alia
2227 410 2410 484 Diana
2432 410 2782 484 Condylitis,
2815 411 2897 484 sic
2948 412 3248 482 appellata
3279 431 3312 468 a
3371 410 3589 484 pugno.
3646 422 3745 472 Est

2080 483 2236 558 enim
2264 482 2532 558 Podagrm
2551 483 2790 558 alterins
2812 483 3010 558 Diana:
3037 484 3323 555 templum
3351 482 3406 538 in
3429 482 3748 558 Laconica,

2081 560 2143 608 ut
2174 554 2254 608 ait
2279 553 2546 608 Sosibius
2569 553 2632 606 7°.
2661 575 2688 602 ››
2721 554 2912 608 Refert
2947 553 3510 613 autem'Pausanias
3546 558 3602 613 in
3637 553 3748 614 sua

2079 623 2316 699 ᾼνεαᾴίςι
2347 641 2451 699 cur
2490 623 2697 699 Diana,
2758 641 2884 696 qua:
2947 627 3112 696 prius
3176 644 3208 681 a
3258 629 3558 699 (londyleaa
3620 631 3746 686 vico

2084 696 2453 770 Condyleatis
2486 697 2838 770 vocabatur,
2861 699 3241 770 postmodum
3291 696 3748 770 Apanchomene

2085 768 2376 838 appellata
2406 767 2482 820 sit
2511 769 2576 820 τί.
2614 767 2723 822 Sed
2791 768 2864 822 ab
2920 769 3027 822 hac
3085 767 3378 825 diversam
3436 788 3565 826 esse
3618 773 3744 829 Cle-

2090 857 2254 910 mens
2301 839 2380 910 ait
2427 839 2669 895 Dianam
2731 840 3156 910 Condylitinem
3187 859 3205 894 :
3276 841 3371 893 Καὶ
3420 839 3746 906 Χονδυλῖτις

2087 908 2138 962 ἐν
2187 908 2459 982 Μηθύμνῃ
2512 910 2665 979 ἑτέρα
2689 908 2974 980 retin-qia:
3004 911 3314 982 V’AI‘JTElLtc.
3352 913 3479 968 Haec
3513 914 3608 969 ille
3642 933 3742 970 nec

2088 982 2277 1056 plura.
2323 981 2487 1056 Quod
2544 982 2720 1051 igitur
2777 982 2836 1035 in
2892 981 3094 1056 Latina
3157 986 3423 1056 versione
3480 985 3742 1056 legitur:

2090 1051 2118 1105 ἱ(
2149 1054 2242 1127 Sic
2271 1051 2559 1127 appellata
2591 1069 2877 1127 a-pugno,
2912 1076 2938 1103 ››
2975 1054 3031 1108 id
3097 1071 3212 1109 non
3266 1051 3584 1111 Clementis
3634 1063 3746 1127 est,

2088 1125 2190 1180 sed
2227 1122 2563 1196 interpretis
2594 1122 2909 1196 glossema.
2952 1129 3320 1196 Quapropter
3376 1143 3488 1182 non
3550 1122 3747 1184 minus

2093 1198 2338 1268 fortasse
2383 1193 2716 1268 probabilis
2775 1212 2972 1268 eorum
3039 1193 3332 1252 videbitur
3386 1200 3744 1268 conjectura,

2092 1267 2192 1338 qui
2226 1284 2350 1322 eam
2384 1269 2454 1321 ab
2491 1266 2696 1321 incolis
2729 1267 3099 1336 Methymna,
3136 1284 3260 1338 quae
3295 1272 3357 1323 ut
3387 1271 3464 1323 ait
3497 1266 3746 1335 Strabo,

2094 1340 2242 1410 urbs
2270 1338 2612 1410 Lesbiorum
2645 1339 2928 1410 erat,lsic
2987 1345 3390 1410 nuncupatam
3449 1342 3745 1409 dixerunt,

2138 1409 2251 1472 uod
2287 1409 2515 1464 cuidam
2553 1407 2824 1464 muliebri
2854 1409 3056 1463 morbo
3081 1407 3302 1465 mederi
3332 1407 3746 1467 crederetur".

2142 1481 2308 1554 adem
2338 1496 2570 1554 quoque
2594 1480 2832 1534 forsitan
2857 1479 3079 1554 ratione
3115 1481 3440 1554 Laconibus
3481 1484 3746 1554 Podagra

2097 1553 2254 1606 dicta
2283 1558 2395 1625 est,
2429 1553 2567 1622 quia
2599 1567 2950 1625 persuasum
2987 1551 3284 1625 habebant
3317 1553 3608 1624 homines,
3645 1551 3749 1625 po-

2219 1640 2281 1678 ra
2311 1621 2661 1685 laborantes,
2700 1622 2770 1676 ab
2796 1639 2860 1676 ea
2888 1639 3058 1692 posse
3077 1624 3294 1679 sanari.
3323 1629 3397 1680 De
3421 1625 3528 1680 hac
3550 1621 3748 1681 aut-em

2231 1694 2480 1766 helytide
2513 1693 2718 1766 Diana,
2752 1692 3004 1764 aliisque
3057 1712 3204 1766 quas
3261 1697 3530 1766 Spartani
3591 1698 3746 1752 cole-

2101 1768 2262 1831 bant,
2296 1766 2511 1820 videsis
2540 1765 2827 1820 Joannem
2859 1765 3175 1820 Meursium
3205 1765 3446 1822 Μίδεθιι.
3494 1769 3750 1824 Laconic.

2099 1837 2248 1894 libro
2281 1837 2490 1908 primo,
2526 1852 2656 1907 cap.
2690 1838 2743 1892 2.

2669 1934 3069 1990 ARTICULUS
3107 1934 3200 1989 ιν.

2101 2025 2176 2079 De
2205 2023 2310 2079 diis
2357 2021 2700 2095 averruneis,
2757 2039 2853 2095 δεμ
2913 2021 3193 2077 malorum
3232 2024 3641 2095 depulsoribus,
3702 2030 3757 2080 et

2171 2096 2434 2149 humani:
2492 2093 2773 2164 aﬂectibus
2832 2093 2889 2147 in
2943 2095 3169 2164 deorum
3220 2093 3514 2151 numerum
3562 2097 3755 2152 relatis

2173 2167 2237 2220 de
2267 2167 2391 2221 Jove
2448 2174 2497 2218 et
2549 2162 2780 2219 Hercule
2845 2162 3153 2235 Ἀπομυίῳ,
3216 2165 3279 2222 de
3308 2169 3496 2237 Febre,
3526 2169 3752 2224 Pavorc.

2173 2237 2425 2304 Pallore,
2456 2237 2656 2304 Morbo,
2690 2238 2884 2304 Poena,
2913 2237 3220 2307 Supplicia,
3248 2239 3448 2294 Somno
3469 2243 3519 2293 et
3542 2241 3711 2295 Morte
3737 2257 3750 2294 :

2173 2309 2302 2363 item
2323 2307 2388 2362 de
2421 2309 2567 2381 Metu
2599 2316 2648 2361 et
2679 2309 2897 2374 Amore,
2933 2306 3151 2363 Gaudio
3182 2314 3233 2363 et
3263 2310 3387 2381 Spe,
3447 2311 3756 2367 ontumelia

2172 2387 2225 2435 et
2256 2382 2280 2434 I
2284 2379 2540 2451 mpudent
2549 2382 2625 2433 ia.

2178 2476 2238 2530 In
2272 2475 2385 2541 his,
2420 2491 2576 2548 quas
2602 2475 2677 2529 de
2711 2474 2895 2530 Diana
2926 2491 3042 2530 non
3079 2476 3204 2548 sine
3263 2476 3475 2548 aliqua
3517 2477 3756 2532 haesita-

2106 2547 2262 2602 tione
2295 2545 2742 2620 proposuimus,
2775 2547 3126 2620 conjecturis
3159 2549 3204 2603 si
3241 2545 3378 2617 qua'
3418 2547 3520 2602 tibi
3579 2566 3758 2620 appa-

2107 2625 2228 2673 reat
2284 2616 2753 2684 verisimilitudo,
2831 2619 2887 2672 in
2950 2617 3180 2673 illarum
3253 2616 3757 2675 Conﬁrmation'em

2108 2689 2542 2762 haudprorsus
2573 2689 2768 2762 inepte
2799 2689 3003 2762 afferre
3040 2690 3278 2760 poteris,
3314 2707 3454 2762 quae
3492 2690 3759 2747 Clemens

2109 2761 2180 2816 de
2210 2759 2324 2817 diis
2346 2759 2706 2828 averruncis,
2727 2775 2828 2815 seu
2855 2759 3142 2831 malorum
3162 2759 3576 2831 depul‘soribus
3601 2763 3758 2818 hunc

2108 2831 2312 2888 scribit
2367 2833 2426 2886 in
2478 2832 2764 2887 modum:
2823 2854 2848 2880 «
2888 2830 3005 2886 Elei
3055 2831 3179 2886 Jovi
3213 2830 3497 2902 Ἀπομυίῳ
3527 2833 3758 2888 sacrifi-

2109 2911 2280 2971 cant;
2342 2903 2588 2958 Romani
2648 2907 2846 2973 autem
2903 2902 3195 2973 Ἀπομυίῳ
3255 2905 3510 2970 Herculi,
3571 2906 3627 2959 id
3665 2909 3756 2960 est

2111 2990 2451 3030 muscarum
2484 2972 2806 3046 depulsori,
2838 2978 2896 3028 et
2929 2975 3092 3029 Febri
3123 2972 3180 3029 et
3210 2975 3412 3030 Pavori
3459 2976 3757 3032 sacrifica-

2115 3047 2280 3111 bant,
2314 3062 2462 3117 quos
2485 3046 2645 3117 ipsos
2679 3061 2908 3116 quoque
2942 3046 3246 3100 ascribunt
3277 3047 3334 3101 in
3370 3064 3611 3102 numero
3655 3064 3757 3102 eo-

2117 3134 2247 3173 rum
2280 3117 2381 3186 qui
2412 3121 2579 3189 erant
2609 3134 2738 3189 cum
2776 3117 3014 3189 Hercule
3041 3119 3104 3172 ⁷³.
3135 3139 3161 3162 η
3216 3118 3336 3174 Non
3368 3119 3484 3173 alia
3541 3119 3758 3189 quippe

2118 3190 2188 3245 de
2217 3205 2392 3261 causa
2421 3188 2600 3261 tantis
2624 3188 2955 3261 honoribus
2978 3189 3096 3242 haec
3123 3189 3365 3243 numina
3389 3188 3597 3261 pagani
3625 3188 3758 3261 pro-

2118 3259 2301 3316 secuti
2330 3263 2488 3328 sunt,
2524 3259 2634 3313 nisi
2670 3266 2735 3315 ut
2777 3259 2973 3314 divina
3025 3276 3228 3314 eorum
3289 3259 3404 3331 ope
3429 3266 3488 3331 et
3540 3259 3757 3316 auiilio

2117 3332 2204 3388 vel
2235 3331 2355 3386 haec
2383 3331 2537 3386 mala
2569 3331 2713 3400 ipsis
2747 3347 2862 3385 non
2895 3335 3191 3397 nocerent,
3223 3331 3311 3385 vel
3335 3330 3415 3386 ab
3458 3330 3574 3386 illis
3632 3349 3758 3386 om-

2118 3402 2256 3458 nino
2287 3402 2692 3457 liberarentur.
2721 3402 2882 3466 Quod
2935 3417 3004 3456 ex
3058 3419 3187 3457 mox
3236 3402 3500 3458 dicendis
3550 3403 3759 3458 claris-

2117 3475 2267 3530 sime
2298 3474 2540 3544 patebit.

2195 3542 2454 3600 Primum
2512 3543 2670 3600 enim
2725 3545 2794 3599 de
2831 3543 2969 3598 Jove
3003 3542 3294 3614 Ἀπομυίῳ
3324 3544 3407 3600 sic
3441 3545 3761 3600 Pausanias

2118 3617 2390 3672 disserit:
2427 3639 2454 3667 «
2480 3616 2781 3670 Proditum
2815 3620 2904 3670 est
2951 3619 3284 3682 Herculem,
3349 3615 3635 3671 Alcmenae
3693 3618 3762 3670 li-

2119 3688 2286 3748 lium.
2313 3687 2438 3742 Jovi
2473 3686 2908 3758 porricientem,
2941 3703 3072 3740 cum
3110 3703 3341 3758 muscas
3372 3687 3600 3756 abigere
3646 3703 3759 3742 non

2120 3764 2338 3832 posset,
2371 3759 2456 3812 vel
2477 3757 2656 3832 quod
2677 3759 2892 3832 eitunc
2924 3757 3180 3832 primum
3213 3757 3272 3832 in
3305 3763 3559 3832 mentem
3589 3773 3759 3812 vene-

2120 3829 2217 3899 rit,
2249 3829 2333 3884 vel
2366 3829 2520 3900 quod
2549 3829 2897 3900 tralaﬁtitium
2939 3829 3156 3900 fuerit,
3194 3829 3463 3885 Abactori
3526 3846 3764 3884 musca-

2121 3919 2247 3957 rum
2283 3899 2604 3972 (Α’τὲόμυιον
2646 3899 2764 3954 Elei
2796 3899 3118 3970 appellant)
3148 3899 3400 3954 hostiam
3434 3905 3760 3956 mactasse:

2118 3989 2252 4029 cum
2276 3971 2608 4043 perlitatum
2638 3975 2791 4026 esset
2820 3987 3021 4026 omnes
3043 3977 3278 4042 repente
3312 3988 3545 4026 muscas
3601 3977 3766 4027 trans

2120 4042 2407 4114 Alpheum
2438 4042 2702 4114 evolasse
2732 4043 2794 4095 τι.
2830 4061 2855 4092 ο
2878 4043 3224 4114 lQuilautem
3255 4059 3290 4097 a
3319 4043 3610 4098 Pausania
3666 4060 3766 4114 vo:

2119 4112 2285 4172 catur
2315 4112 2632 4185 Ἀπόμυιος,
2679 4113 2843 4186 hunc
2876 4113 3100 4168 Plinius
3131 4117 3294 4168 vocet
3345 4115 3643 4186 Myegron,
3675 4113 3764 4169 vel

2117 4189 2381 4261 Myodem
2408 4202 2422 4242 :
2461 4209 2485 4238 α
2513 4187 2658 4261 Elei,
2683 4185 2898 4261 inquit,
2934 4186 3207 4261 invocant
3238 4185 3537 4261 hlyagron_
3565 4187 3763 4245 deum.

2119 4255 2458 4316 moscarum
2541 4255 2917 4312 multitudine
2994 4255 3392 4327 pestilentiam
3466 4257 3764 4327 afferente,

2119 4348 2245 4402 qua
2303 4329 2570 4400 protinus
2629 4325 3201 4399 intereunt,'quam
3274 4325 3508 4382 litatum
3565 4331 3654 4381 est
3710 4326 3762 4380 ei

2123 4403 2230 4458 deo
2259 4403 2328 4454 ⁷⁵.
2364 4424 2391 4450 ››

2194 4471 2428 4528 Falsum
2479 4473 2671 4525 autem
2703 4469 2758 4522 in
2819 4484 2885 4523 eo
2942 4467 3300 4521 Clementem
3357 4465 3763 4522 Aldrovandus

2123 4548 2312 4617 putat,
2345 4541 2499 4617 quod
2534 4537 3073 4617 Romanos-lierculi
3094 4537 3226 4617 Ἀἲξ-ο
3237 4535 3765 4617 putei-sacriﬁcasse

2121 4609 2472 4680 crediderit;
2506 4609 2983 4682 quandoquidem
3016 4625 3129 4682 n_o_n
3167 4609 3420 4682 Herculi,
3479 4611 3580 4664 sed
3632 4609 3763 4664 Jovi

2119 4681 2409 4755 ’Δπομυίῳ
2467 4679 2632 4755 sacra
2683 4679 2998 4755 _faciebant.
3051 4679 3263 4755 Verum
3295 4679 3532 4755 Solinus
3565 4686 3768 4755 narrat

2126 4750 2322 4815 Romae
2356 4750 2413 4812 in
2439 4753 2644 4809 Boario
2677 4752 2796 4806 foro
2827 4751 3082 4821 positum
3114 4751 3294 4805 fuisse
3317 4750 3598 4807 sacellum
3632 4752 3768 4806 Her-

2121 4829 2262 4898 culi,
2295 4827 2396 4900 qui
2427 4848 2452 4876 u
2480 4823 2828 4900 My_ia_grium
2854 4823 3027 4900 deum
3047 4821 3263 4900 dieitur
3287 4823 3641 4900 imprecatus
3662 4825 3761 4878 ⁷⁸.»

2122 4893 2516 4967 Quamobrem
2549 4893 2876 4967 Salmasius
2908 4893 3063 4948 hunc
3111 4894 3172 4967 in
3231 4893 3423 4950 locum
3477 4895 3764 4965 observat,

2119 4964 2354 5030 etiamsi
2385 4967 2586 5024 nullus
2620 4983 2686 5022 eo
2720 4965 2958 5020 nomine
2988 4964 3336 5036 appellatus,
3369 4970 3562 5022 Roma:
3623 4964 3766 5023 fuis-

2117 5049 2206 5102 set
2231 5040 2512 5099 Hercules
2541 5040 2608 5103 ⁷⁷,
2643 5053 2709 5092 ex
2743 5040 2851 5091 hoc
2882 5037 3283 5109 tamemfacto
3314 5038 3440 5092 fieri
3483 5038 3765 5109 potuisse,

2118 5121 2184 5172 ut
2208 5112 2488 5170 Hercules
2518 5109 2821 5179 ’Λπόμυιος
2855 5107 3305 5178 cognominatus
3337 5109 3432 5164 sit.

2189 5187 2390 5258 Neque
2421 5182 2665 5258 forsitan
2700 5180 2819 5258 ζιῳο
2850 5181 3292 5258 conjecturaab
3319 5179 3481 5258 omni
3503 5196 3770 5258 _prorsns

2118 5250 2849 5316 abest'verisimilitudine.
2893 5251 3039 5306 Nam
3089 5250 3327 5306 Solinus
3375 5251 3523 5306 illud
3582 5267 3649 5306 ex
3700 5251 3771 5305 iis

430 5468 718 5550 ‘15"!95-
746 5471 850 5550 lib-
882 5491 940 5528 ιν
970 5475 1116 5550 MV;
1145 5481 1327 5547 Sent»
1361 5475 1755 5550 92,146.i_9'4-
1825 5473 1881 5550 3⁸
1911 5469 2205 5550 Finitimi
2235 5460 2928 5550 Quaest-.B‘tmxf'mi’:
2952 5459 3245 5550 mill???
3274 5458 3359 5550 ιῖἓ
3400 5459 3771 5550 limi“???
3865 5504 3872 5511 ·

353 5554 417 5610 p.
451 5539 545 5620 ὅτε
601 5527 929 5620 ἦξΑάιῇῥέιρ
964 5527 1588 5620 ἑξῧῶῖξξλτὲὶιίνθῖ
1609 5527 2114 5620 Henr:_Steph._in
2145 5527 2606 5620 'llheisau‘irdinqg.
2631 5527 2816 5620 grege.
2952 5527 3375 5620 Plntnre‘b.‘l_ib.
3399 5546 3459 5620 in
3479 5534 3772 5620 Syamipos“

354 5600 572 5738 inest.
610 5614 694 5679 10,
731 5634 785 5687 p.
817 5618 942 5672 658.
972 5600 978 5601 ⁷
1004 5617 1048 5653 ⁷ο
1077 5600 1362 5690 Ξιίῗ⁷
1391 5600 1715 5699 ὗ-Ραυξαο.
1750 5617 1852 5671 lib.
1873 5600 1981 5698 .vin
2011 5613 2248 5677 Arcad.,
2271 5625 2326 5681 p.
2542 5600 2596 5685 τὶ,
2631 5603 2825 5682 Strab:
2852 5601 2954 5657 lib.
2997 5616 3099 5655 xm
3159 5600 3390 5669 Geogr.,

411 5681 616 5738 dmon.
648 5688 718 5738 ad
749 5687 956 5738 Gram-
983 5705 1039 5738 ι)-
1071 5691 1162 5738 24-
1220 5691 1264 5724 τι
1295 5695 1545 5738 Pangan.
1579 5688 1682 5738 Ιώ.
1713 5703 1750 5738 v
1777 5685 2002 5738 λΕΙιιο..
2037 5703 2094 5738 n.
2128 5684 2250 5738 161.
2304 5680 2348 5715 ’⁸⁸
2380 5677 2528 5733 Plin.
2557 5674 2661 5728 lib.
2693 5690 2730 5727 ι
2760 5673 2910 5727 Hist.
2944 5675 3089 5737 nat.,
3121 5685 3170 5724 c.
3201 5672 3293 5736 28,
3328 5686 3386 5738 p.

411 5681 956 5760 dmonLad'Graeeg
983 5705 1039 5760 p.
1071 5681 1188 5760 24."
1220 5691 1264 5724 7‘
1293 5695 1545 5747 Pausan.
1579 5688 1682 5744 lib.
1713 5703 1750 5744 v
1772 5685 2016 5760 Elian,
2037 5703 2073 5757 p

3424 5616 3480 5670 p.
3526 5599 3664 5656 616.
3726 5599 3774 5633 τ’

2081 5726 2094 5739 .
2128 5670 2348 5739 161ξ’“¹⁸
2380 5677 2528 5733 Plin.
2557 5674 2661 5728 lib.
2693 5690 2730 5727 ι
2760 5672 2910 5727 Hist.
2944 5675 3089 5737 nat.,
3121 5685 3170 5724 c.
3201 5672 3293 5736 28,
3328 5686 3386 5740 p.
3427 5670 3567 5737 418;
3613 5685 3769 5736 xxxx,

357 5769 392 5808 ο
424 5753 482 5822 6,
515 5769 572 5825 p.
605 5755 730 5812 702.
782 5760 825 5794 ⁷⁸
856 5745 1041 5816 Solio.
1075 5759 1241 5817 initio
1273 5745 1648 5834 Polvbistor.,
1674 5776 1734 5830 p.
1762 5759 1818 5814 2.
1849 5759 1892 5792 ’³⁷
1926 5745 2109 5813 Salm.
2137 5771 2196 5825 p.
2229 5754 2296 5807 19
2320 5745 2569 5806 Exercit.
