4148 6202
437 275 545 330 963

1149 276 1224 328 ιιι
1260 273 1707 328 CLEMENTEM
1745 247 1962 325 Anax.
2003 273 2071 324 ι).
2111 270 2202 323 LE
2240 267 2536 322 nouam
2573 263 3046 320 DISSERTATIO
3083 267 3128 317 ι.

3743 263 3855 318 964

439 400 662 468 buisse,
706 396 917 469 inquit,
974 396 1227 469 traditur
1283 397 1554 460 achaten,
1597 396 1654 450 in
1710 412 1826 466 qua
1873 409 2080 469 novem
2111 394 2163 460 Α
2196 407 2264 445 ca
2288 389 2468 469 paulo
2495 388 3107 469 fusiusoredarguerat
3129 387 3197 442 ⁴¹.
3254 386 3338 442 Ad
3400 386 3566 469 illum
3599 393 3855 469 _autem,

439 477 614 527 Musae
646 466 703 525 et
730 466 933 541 Apollo
961 468 1495 541 cytbaramtenens
1528 471 1931 538 spectarentur
1959 466 2022 518 ³⁸.
2052 487 2080 513 ››

441 544 655 598 Verum
681 539 1067 612 praeterquam
1080 541 1247 612 quod
1268 539 1493 594 llerveti
1518 541 1862 609 conjectura:
1885 553 2089 612 omnes

446 632 624 670 manu
655 609 849 668 Graeca
879 609 1353 666 exarali’codiccs
1386 627 1597 680 magno
1635 626 1924 665 consensu
1983 609 2087 680 ad-

441 695 767 749 versantur,
802 683 894 738 cui
927 681 1202 737 credibile
1235 683 1332 735 fiet
1364 679 1709 736 concessum
1738 679 2091 737 Christianis

445 773 704 828 unquam
739 757 918 828 fuisse
950 754 1358 828 hujuscemodi
1381 753 1686 828 ‘annulum
1717 770 1751 806 a
1782 753 2090 828 plemente

448 822 668 895 nostro,
701 827 802 898 qui
828 825 1006 898 ullam
1031 822 1328 898 idolorum
1376 824 1583 898 faciem
1614 824 1848 878 annulis
1874 822 2090 898 impri-

451 903 528 955 mi
562 893 751 971 pla—ne,
786 897 1137 971 penitusque
1159 897 1235 971 iis
1267 896 1642 971 interdictum
1678 911 1824 971 esse
1872 893 2091 948 ibidem

449 965 847 1027 asseveranter
879 965 1133 1022 affirmat
1155 968 1182 1020 ?
1213 971 1412 1036 Itaque
1471 967 1639 1020 nobis
1673 965 1902 1020 facilius
1963 980 2087 1034 pro-

449 1043 681 1098 babitur
712 1040 930 1095 annulo
961 1039 1243 1109 Polycrati
1300 1038 1680 1109 insculptum,
1718 1042 1783 1090 ut
1807 1107 1815 1109 _
1842 1039 2095 1091 testatur

446 1117 736 1177 Clemens,
771 1128 966 1167 revera
997 1107 1179 1166 fuisse
1207 1110 1340 1181 lyra:
1375 1107 1975 1181 musicaegimaginem-
2004 1113 2090 1160 atv

447 1202 560 1256 que
591 1203 656 1240 eo
685 1186 948 1250 maxime,
980 1184 1134 1256 quod
1187 1178 1322 1236 huic
1369 1179 1630 1256 opinioni
1682 1178 1877 1234 nullus
1928 1178 2095 1249 plane

447 1252 652 1312 auctor
686 1271 945 1324 unquam
981 1252 1307 1324 refragatus
1339 1252 1438 1309 sit.

520 1329 598 1383 De
628 1319 848 1380 Seleu'ci
882 1334 1072 1378 autem
1107 1319 1326 1378 annulo
1359 1327 1564 1394 praeter
1592 1320 1834 1394 citatum
1857 1319 1928 1394 ab
1950 1320 2095 1394 lier-

447 1404 577 1453 veto
606 1399 932 1459 Justinum,
965 1397 1101 1449 audi
1134 1391 1456 1449 Ausonium
1489 1394 1590 1447 lib.
1623 1393 1695 1446 De
1722 1393 1892 1446 claris
1938 1391 2096 1445 urbi-

452 1472 568 1541 bus,
602 1471 706 1542 §2,
741 1470 811 1522 de
842 1467 1148 1522 Antiochia
1174 1472 1229 1520 et
1258 1465 1606 1520 Alexandria
1637 1465 1722 1518 sic
1750 1468 2092 1518 canentem:

1570 1551 1687 1605 Illa.
1711 1551 1994 1606 Seleucum

521 1631 836 1699 Nuncupat,
868 1628 1170 1699 ingenuum
1200 1625 1357 1699 cuius
1397 1623 1510 1693 fuit
1553 1624 1797 1699 anchora
1852 1621 2097 1689 sig-num,

523 1697 933 1768 Qualis-inusta
963 1697 1095 1752 solet
1127 1697 1339 1767 generis
1367 1703 1518 1758 nota,
1561 1698 1709 1768 certa
1755 1709 1855 1761 per
1884 1709 2100 1748 omnem

523 1764 661 1827 Nam
690 1770 890 1823 sobolls
920 1764 1338 1822 seriem'nativa
1370 1764 1619 1820 cucurrit
1650 1767 1847 1835 imago.

452 1875 683 1932 Videsis
705 1875 877 1929 etiam
913 1871 1234 1944 Tiraquelli
1257 1869 1709 1927 commentarios
1740 1872 1812 1926 De
1838 1870 2097 1926 nobilita-

455 1955 525 2013 te,
561 1965 688 2013 cap.
720 1947 775 2010 6,
799 1951 826 2013 §
854 1947 944 1999 20.

523 1953 1059 2086 δίὲὶέιιῗέηέεῗυᾷυἱὰ
1096 2015 1165 2068 ad
1195 2014 1497 2069 clariorem
1540 2011 1858 2086 Clementis
1917 2012 2099 2086 inter-

453 2090 839 2162 pretationem
873 2085 1194 2162 deiannulo
1240 2087 1484 2162 ejusque
1531 2085 1800 2154 gestandi
1855 2085 2098 2162 origine,

456 2156 773 2234 quomodo,
805 2177 836 2234 ᾳ
871 2159 1108 2234 quibus,
1139 2174 1254 2234 quo
1287 2157 1487 2234 digito,
1509 2163 1576 2234 et
1624 2156 1922 2234 quam__o_b
1963 2171 2101 2234 cau-

455 2225 581 2288 sam
614 2233 692 2287 sit
741 2225 1100 2296 induendus,
1155 2225 1307 2284 scire
1351 2225 1681 2294 desideres,
1741 2225 1922 2281 adisis
1981 2225 2100 2280 Pli-

460 2306 622 2359 nium
663 2303 763 2358 lib.
818 2318 997 2355 xxxiii
1059 2301 1270 2364 Histor,
1304 2303 1516 2364 natur,
1578 2314 1704 2369 cap.
1742 2299 1792 2361 1,
1852 2314 1989 2369 pag.
2042 2297 2098 2354 6:

457 2376 560 2430 lib.
593 2389 806 2438 xxxvn,
838 2389 963 2443 cap.
1002 2373 1050 2435 1,
1085 2387 1217 2442 pag.
1273 2371 1377 2425 355
1423 2373 1478 2424 et
1516 2368 2100 2443 _seq.’;‘tta_crobi_u_m

457 2447 560 2502 lib.
593 2463 671 2500 vn
710 2439 1021 2510 Saturnal.,
1082 2439 1207 2514 cap.
1261 2439 1639 2514 13;7A_ulum
1691 2439 2100 2514 Gellium___lib.

455 2537 492 2572 x
548 2521 702 2573 Noct.
764 2517 950 2582 Attia,
1008 2509 1720 2586 cap.'10;cPoly_dorum
1782 2509 2102 2586 Vergilium

456 2589 559 2644 lib.
594 2606 633 2643 II
665 2590 740 2644 De
771 2581 1110 2652 inventrerI,
1144 2601 1270 2654 cap.
1302 2584 1373 2637 22
1399 2607 1413 2650 ;
1443 2581 1836 2638 Alexandrum
1868 2581 1938 2638 ab
1980 2581 2106 2654 Ale—

458 2661 678 2716 xandro
711 2659 812 2713 lib.
850 2675 888 2712 ιι
925 2656 1144 2712 Genial.
1177 2652 1340 2720 dier.,
1376 2671 1502 2726 cap.
1543 2655 1628 2721 19,
1661 2659 1719 2709 et
1750 2655 1878 2724 ejus
1933 2652 2103 2708 scho-

460 2733 671 2788 liasteu
703 2728 1110 2800 'l‘iraquellum
1128 2767 1140 2783 .

1016 2831 1414 2888 ARTICULUS
1449 2830 1551 2886 IIl.

464 2939 535 2992 De
562 2935 794 3005 superba
823 2933 1107 2988 domorum
1137 2929 1284 2999 apud
1319 2946 1564 3005 paganos
1594 2927 1952 3005 supellectile.
2012 2929 2108 3005 ubi

533 3009 604 3062 de
628 2999 878 3077 'gaunace
905 3020 1001 3058 seu
1025 2999 1396 3077 ggnunapefac
1418 2999 1770 3077 potissimum
1813 3001 1878 3054 de
1931 3001 2109 3054 variis

533 3072 797 3134 vasorum
822 3072 1132 3145 generibus,
1171 3072 1238 3127 de
1279 3072 1545 3127 therialeo
1581 3073 1798 3145 calice,
1851 3081 2098 3145 cantaro,

533 3127 799 3213 nobis,
822 3127 1363 3216 lepestaIusyt-tere,
1421 3143 1688 3208 (enochoe,
1711 3127 1798 3216 et:
1819 3143 1949 3196 aliis
1978 3127 2098 3196 ala;
2131 3127 2172 3193 C

536 3223 822 3280 bastrinis,
853 3213 1018 3290 atque
1047 3213 1230 3270 minus
1261 3216 1520 3281 honestis,
1553 3232 1622 3270 ac
1642 3217 1709 3269 de
1748 3213 1820 3268 iis
1876 3229 2108 3284 quorum

534 3293 596 3347 in
623 3291 827 3346 balneis
857 3305 984 3343 usus
1014 3295 1156 3342 erat.

532 3387 656 3442 Non
690 3389 878 3457 impar
910 3399 1014 3439 nec
1047 3384 1401 3457 minorerat
1442 3398 1806 3457 paganorum
1868 3382 1927 3435 in
1979 3385 2109 3457 tota

462 3453 1042 3514 domorum—suarum
1077 3453 1462 3526 supellectile,
1508 3453 1685 3526 quam
1718 3454 1788 3526 in
1847 3453 2108 3526 vestibus

461 3529 689 3585 vanitas
717 3532 769 3583 et
829 3527 1106 3596 superbia
1129 3523 1170 3581 τ’
1207 3548 1228 3573 α
1263 3525 1448 3594 Sellae,
1480 3545 1503 3575 ι)
1527 3523 1759 3596 ’ἱιιῳιίι
1813 3523 2106 3595 Clemens,

468 3623 488 3651 ι
526 3605 830 3672 argenteae,
854 3595 1046 3671 pelves
1076 3604 1134 3653 et
1163 3597 1489 3662 acetabula,
1530 3595 1804 3662 scutellaa,
1864 3600 1920 3650 et
1967 3597 2108 3672 cati-

465 3673 547 3740 ni,
579 3667 637 3727 e—t
667 3667 946 3742 praeterea
973 3686 1116 3724 vasa
1164 3685 1343 3742 aurea
1400 3673 1457 3742 _et
1485 3673 1780 3742 argentea,
1829 3667 2111 3742 nonnulla

463 3738 698 3813 quidem
733 3742 803 3798 ad
831 3742 1094 3796 ciborum
1129 3739 1544 3813 ministerium,
1565 3738 1690 3794 alia
1711 3754 1855 3813 vero
1871 3739 1938 3794 ad
1965 3738 2110 3813 alios

465 3809 631 3884 usus,
689 3829 838 3884 quos
897 3829 989 3867 me
1046 3811 1224 3884 pudet
1278 3812 1490 3884 dicere,
1547 3825 1616 3884 ex
1672 3809 1858 3884 sectili
1914 3811 2112 3884 cedro,

465 3880 625 3956 thyo,
659 3880 1071 3956 ebenoque,iet
1101 3883 1274 3937 ebore
1304 3882 1597 3956 instructi,
1631 3882 1912 3956 tripodes,
1950 3880 2109 3936 lecti-

465 3954 578 4028 qu'e
608 3956 866 4026 argentei
900 3955 1097 4025 pedes,
1129 3959 1191 4028 e_t_
1217 3969 1283 4007 ex
1313 3954 1486 4028 ebore
1515 3954 1825 4028 compecti,
1852 3967 2113 4028 auroque

465 4023 859 4096 intersp'ersze,
891 4023 946 4078 et
978 4025 1272 4079 testudine
1302 4025 1534 4096 variata:
1566 4023 2003 4096 cubilisvalvae,
2056 4027 2114 4077 et

465 4094 738 4168 stragulae
769 4101 959 4168 vestes
993 4111 1316 4168 purpureae,
1351 4100 1408 4150 et
1432 4095 1678 4168 aliorum
1713 4094 1973 4150 colorum
2010 4111 2111 4164 pa-

464 4165 978 4230 ratu—difficilium,
1009 4165 1388 4219 insolentium
1425 4165 1766 4236 deliciarum
1801 4182 2112 4236 argumen-

466 4248 525 4295 tu
554 4241 620 4306 3°,
653 4239 882 4293 invidiae
915 4238 1229 4307 mollisque
1261 4237 1503 4306 ignaviae
1537 4235 1821 4290 insidiosa
1852 4235 2111 4291 cummo-

467 4314 542 4366 da
564 4314 703 4366 sunt
732 4309 930 4364 omnia
960 4309 1349 4362 amandanda.
1383 4328 1410 4357 »
1449 4308 1532 4360 Ita
1582 4323 1718 4361 sane
1752 4307 1884 4378 pius
1915 4311 1970 4361 et
2025 4325 2113 4361 re-

469 4383 712 4453 ligiosus
735 4387 940 4436 auctor
970 4378 1377 4453 noster_nimis
1410 4379 1713 4453 profusum
1747 4394 1981 4453 acpene
2005 4379 2114 4432 im-

473 4448 743 4551 mensum
780 4467 1140 4526 paganorum
1173 4448 1376 4504 luxum
1411 4448 1645 4522 penitus
1679 4448 1866 4520 rejicit
1904 4456 1961 4506 et
2013 4467 2112 4505 cx-
2145 4487 2192 4551 D

511 4526 674 4581 lodit.

514 4545 564 4581 ιο
612 4545 674 4580 ιι.

472 4545 652 4652 chlac
715 4594 925 4650 minori
1002 4593 1306 4648 severitate
1363 4609 1568 4648 rursus
1639 4590 1734 4646 ille
1803 4591 2117 4663 proscribit

471 4689 492 4716 ι
529 4675 839 4723 stratorum
875 4665 1390 4736 magnificentiam,
1426 4663 1694 4733 pulvinos
1739 4680 1880 4719 auro
1940 4663 2118 4716 inter-

471 4744 679 4803 textos,
712 4753 970 4807 auroque
1004 4739 1326 4806 variegatas
1356 4736 1593 4806 glabrae
1625 4740 1838 4807 vestes,
1897 4739 2121 4802 stragu-

471 4808 557 4863 las
599 4805 992 4879 puniceasque
1025 4805 1290 4870 xistidcs,
1317 4805 1379 4860 et
1406 4805 2120 4879 pretiosissimasgauna-

469 4876 747 4945 cus,'-tobq
774 4876 1062 4951 γαύείακας,
1096 4884 1155 4951 et
1183 4876 1753 4951 poeticalpurpurea
1785 4876 1980 4951 pallia,
2021 4892 2119 4951 ve-_-

473 4955 710 5020 stesque
741 4946 992 5020 superne
1024 4946 1228 5003 molles
1261 4965 1325 5003 ac
1357 4946 1658 5018 delicatas,
1693 4953 1749 5002 et
1778 4946 1994 5002 cubilia
2031 4946 2119 5002 vel

475 5021 596 5091 ipso
613 5019 836 5074 somno
870 5019 1136 5074 molliora
1165 5021 1238 5091 t0.
1265 5039 1292 5068 »

545 5091 706 5145 Hanc
741 5107 930 5160 porro,
964 5106 1028 5144 ac
1076 5089 1278 5144 multis
1300 5089 1393 5144 vix
1425 5106 1569 5160 pene
1614 5088 1980 5160 credibilem,
2003 5088 2116 5144 nisi

476 5161 622 5216 forte
652 5159 804 5232 apud
832 5161 1250 5232 nostraetetatis
1272 5159 1636 5215 Christianos
1656 5175 1877 5230 parem,
1899 5159 1984 5232 vel
2012 5161 2120 5213 for-

475 5237 628 5289 tasse
659 5230 833 5288 etiam
865 5232 924 5286 in
959 5230 1260 5301 religionis
1293 5235 1502 5286 nostrae
1533 5232 1785 5286 dedecus
1834 5231 2118 5299 majorem

469 5305 820 5374 videremus,
853 5301 1233 5375 supellectilis
1257 5301 1754 5372 magniﬁcentiam
1774 5301 1913 5356 olim
1938 5305 2112 5357 Sene-

551 5519 593 5554 ³θ
627 5517 771 5574 Plin.
809 5517 907 5572 lib.
945 5533 1132 5571 xxxvn
1169 5515 1312 5571 Hist.
1349 5517 1496 5578 nat.,
1529 5529 1578 5568 c.
1615 5516 1666 5582 1,

479 5737 520 5771 ‘7
550 5735 702 5789 idem
738 5733 774 5786 Ι.
811 5749 865 5799 v,
902 5750 935 5801 p
992 5733 1110 5786 499.

1717 5529 1774 5587 p.
1807 5514 1928 5569 356.
2007 5515 2051 5549 ³ο
2080 5513 2184 5571 lib.
2220 5534 2281 5584 ιι,
2316 5535 2364 5574 c.
2427 5519 2482 5587 3,

481 5592 579 5646 lib.
609 5607 686 5644 vn
723 5592 795 5645 De
828 5589 1092 5652 beneﬁc.,
1129 5605 1175 5642 ο.
1210 5589 1264 5642 9.
1344 5586 1389 5619 ⁴²
1421 5585 1677 5640 Turneb.
1713 5585 1813 5638 lib.
1847 5603 1961 5640 xxu
1993 5588 2257 5655 Advers.,
2291 5606 2340 5644 c.
2374 5592 2462 5644 21.

478 5666 522 5741 ff
553 5663 751 5741 ιιονειιε
788 5662 888 5716 ιίυο
923 5678 959 5716 ιι
981 5667 1163 5741 eam.
1199 5664 1383 5741 ξηειτε
1412 5657 1466 5725 ες
1498 5673 1554 5741 γι
1592 5658 1676 5740 ιο-
1703 5657 1796 5741 ..ἐξ
1824 5657 2264 5741 ίιὶίάο.Ρ·έδΟ;..
2293 5662 2335 5694 ιε
2367 5661 2582 5741 Ansn-
2616 5662 2844 5741 is}:
2904 5663 3320 5741 ρθίρειοεοριιη

1189 5731 1230 5765 ⁸⁸
1267 5728 1580 5794 Plutarch.,
1609 5729 1665 5784 in
1703 5728 1826 5783 Vita
1861 5728 2021 5784 Pauli
2053 5729 2287 5800 1Emilii,

2201 460 2338 532 quia
2372 461 2543 533 paulo
2573 460 2963 533 prolixior-rest
2992 461 3120 533 ejus
3152 475 3364 533 sermo,
3418 465 3476 533 te
3532 461 3856 532 mittimus,

2200 531 2256 588 et
2286 534 2356 587 ad
2375 531 2696 605 variorum
2717 532 2774 584 in
2805 531 2967 585 illius
2991 531 3168 605 verba
3189 531 3650 605 observationes,
3673 539 3860 605 atque

2201 606 2374 658 etiam
2413 605 2480 658 ad
2516 601 2868 658 Guilelmum
2914 600 3222 675 Stuichium
3255 601 3391 675 _lib._
3417 620 3458 657 ιι
3513 600 3859 675 Antiquztat.

2201 675 2500 742 convivat,
2533 691 2639 743 cap
2675 677 2760 740 15,
2795 679 2850 747 et
2871 672 3225 728 Stanislaum
3253 672 3733 747 Kobierzyckium
3781 679 3863 733 De

2205 749 2342 801 luam
2374 748 2760 802 Romanorum.
2797 746 2899 798 lib.
2935 762 2996 812 ιι,
3032 761 3159 814 cap.
3189 747 3243 798 7.

2276 818 2511 872 interim
2545 835 2678 872 vero
2713 820 2921 899 nurirare
2953 815 3422 899 Hervetumhqui
3445 833 3545 899 nec
3568 819 3707 899 quid
3734 819 3866 875 sint

2202 905 2499 960 gaunacae,
2537 906 2642 943 nec
2676 888 3124 960 ullibiiusquam
3159 889 3229 942 de
3277 885 3397 942 illis
3421 885 3644 960 aliquid
3678 907 3742 945 se
3777 893 3864 946 Ie-

2203 959 2358 1030 gisse
2391 977 2494 1016 nos
2525 959 3133 1014 commonefaciendos
3161 974 3347 1030 operte
3380 959 3630 1031 pretium
3665 962 3860 1017 duxit.

2205 1031 2346 1086 Nam
2383 1032 2658 1102 frequens
2689 1047 3088 1100 gaunacarum
3123 1031 3306 1102 apud,
3335 1032 3528 1086 varios
3585 1038 3861 1089 auctores

2205 1110 2378 1174 atque
2409 1101 2584 1158 etiam
2622 1101 2855 1156 Latinos
2891 1107 3091 1172 poetas
3127 1101 3347 1156 mentio
3380 1103 3530 1174 facta
3573 1108 3683 1158 est.
3742 1105 3863 1159 Du-

2206 1173 2370 1244 plicis
2401 1181 2618 1238 autem,
2654 1178 2800 1227 teste
2833 1174 3033 1244 Suida,
3065 1178 3232 1227 erant
3260 1173 3530 1243 generis:
3573 1198 3599 1222 «
3636 1176 3862 1232 Genus.

2207 1243 2421 1326 inquit,
2485 1243 2666 1327 pallii,
2695 1247 2852 1327 quod
2885 1245 2936 1298 ei
2969 1243 3520 1327 Possidem'vocant.
3553 1245 3667 1327 Alii
3694 1263 3863 1327 ,νει-ο

2207 1318 2452 1391 sisyram
2489 1315 2888 1391 tbymetidem,
2925 1315 3422 1391 quod__est_simile
3445 1317 3706 1391 m_orychi
3731 1335 3866 1391 sag-

2210 1385 2388 1455 mati;
2423 1385 2626 1459 sagma
2655 1403 2788 1441 vero
2837 1385 2964 1458 ipsa
3021 1386 3119 1459 teli
3176 1385 3365 1441 theca.
3402 1409 3429 1436 »
3489 1385 3667 1443 Docet
3722 1385 3864 1445 vero

2207 1457 2512 1514 Turnebus
2545 1459 2652 1513 hac
2683 1475 2818 1514 voce
2849 1457 3161 1527 stragulas,
3195 1463 3296 1512 aut
3326 1459 3694 1529 operimenta
3721 1463 3864 1517 alte-

2208 1549 2273 1611 ra
2305 1541 2465 1599 parte
2498 1529 2738 1611 _villosa,
2775 1536 2897 1611 _aut
2932 1529 3113 1611 ‘pallii
3165 1546 3353 1601 genus
3411 1529 3738 1611 signiﬁcari
3792 1535 3860 1588 ⁴³.

2212 1607 2382 1657 Porro
2413 1607 2608 1656 autem
2643 1601 2864 1656 Plinius
2896 1599 3108 1655 alicubi
3170 1599 3439 1670 gausapa;
3470 1599 3862 1660 wmentionem

2210 1673 2302 1728 his
2334 1672 2526 1728 verbis
2559 1675 2764 1727 fecisse
2797 1674 3043 1743 legitur:
3079 1695 3106 1720 «
3131 1673 3405 1744 Antiquis
3436 1678 3600 1728 torus
3631 1692 3662 1729 e
3706 1681 3864 1730 stra-

2131 1767 2173 1830 Β
2211 1749 2405 1830 mento
2421 1744 3008 1826 erat,q_ualiteretiam
3028 1746 3251 1798 nuncin
3277 1743 3618 1830 castris.§7
3636 1751 3867 1830 Gausa-

2208 1834 2280 1887 pa
2298 1816 2480 1886 patris
2505 1817 2614 1870 mei
2640 1815 2920 1870 memoria
2937 1815 3619 1887 cmpereiamphimalla,
3636 1826 3862 1884 nostra,

2205 1885 2359 1941 sicut
2391 1887 2596 1941 villosa
2617 1887 2793 1941 etiam
2825 1885 3127 1942 ventralia.
3155 1885 3297 1940 Nam
3334 1887 3534 1941 tunica
3563 1887 3666 1942 lati
3713 1891 3865 1944 clavi

2205 1958 2263 2012 in
2301 1958 2538 2012 modum
2570 1975 2843 2030 gausapa:
2876 1958 2988 2012 texi
3023 1973 3177 2011 nunc
3208 1958 3465 2028 primum
3500 1957 3707 2030 incipit
3731 1961 3798 2014 ⁸³.
3830 1983 3860 2011 »ι

2206 2035 2278 2084 At
2307 2030 2355 2084 si
2388 2029 2646 2102 gausape
2679 2029 2831 2102 idem
2868 2046 2934 2084 ac
2954 2045 3209 2102 gaunace
3232 2030 3426 2095 fuerit,
3451 2031 3518 2084 de
3541 2029 3700 2086 illius
3719 2049 3863 2102 quo-

2206 2117 2320 2172 que
2355 2099 2464 2156 usu
2500 2099 2773 2156 Horatius
2806 2100 2928 2156 haec
2961 2099 3216 2156 cecinit:

2347 2207 2440 2260 llis
2472 2205 2577 2260 tibi
2602 2206 2854 2272 sublatis,
2887 2221 3026 2275 puer
3056 2207 3171 2261 alte
3198 2207 3429 2275 cinctus,
3459 2222 3716 2262 acernam

2348 2277 2595 2349 Gausape
2623 2293 2902 2348 purpureo
2929 2293 3173 2332 mensam
3199 2281 3457 2348 pertersit
3483 2278 3548 2333 “.

2207 2384 2431 2456 Videsis
2464 2387 2743 2456 praeterea
2773 2383 3043 2439 Ovidium
3093 2382 3194 2439 lib.
3240 2402 3279 2438 ιι
3312 2385 3386 2440 De
3435 2391 3554 2440 art.
3609 2386 3862 2453 amand.,

2203 2455 2528 2512 Martialem
2559 2455 2661 2527 lib.
2718 2472 2812 2510 XIV
2862 2457 3170 2527 Epigram.,
3232 2456 3515 2523 Persium,
3574 2462 3688 2513 etc.
3747 2458 3862 2514 Sed

2209 2527 2496 2600 praecipue
2555 2526 2842 2600 legendus
2869 2526 2955 2582 eet
2985 2527 3256 2582 Octavius
3287 2527 3587 2584 Ferrarius
3610 2535 3778 2600 parte
3801 2545 3866 2600 ιι,

2208 2597 2312 2653 lib.
2351 2597 2399 2663 ιζ
2421 2600 2493 2653 De
2522 2614 2582 2653 re
2610 2597 2900 2664 vestiario,
2933 2615 3059 2670 cap.
3091 2601 3124 2651 7
3157 2605 3215 2653 et
3244 2600 3296 2652 8.

2278 2671 2410 2734 Quae
2442 2677 2633 2724 autem
2667 2670 2902 2736 fuerint,
2934 2677 2992 2724 et
3033 2671 3326 2740 quomodo
3359 2671 3616 2741 pretiosa
3667 2672 3740 2726 ad
3779 2672 3868 2726 bi-

2211 2742 2467 2796 bendum
2499 2758 2637 2795 vasa
2668 2758 2770 2796 seu
2806 2742 3015 2812 pocula
3046 2746 3413 2812 vocarentur,
3445 2742 3720 2797 Clemens
3779 2743 3866 2798 sic

2210 2817 2442 2867 enarrat
2471 2829 2492 2885 :7
2518 2835 2545 2861 «
2578 2811 2820 2885 Valeant
2849 2829 2984 2884 ergo
3016 2811 3278 2867 thericlei
3312 2812 3540 2881 calices,
3575 2815 3866 2885 antigoni-

2211 2885 2313 2938 des
2345 2883 2631 2949 canthari,
2668 2883 2938 2953 lahronii,
2970 2889 3028 2938 et
3063 2885 3344 2955 ilepastte,
3408 2890 3464 2939 et
3513 2883 3864 2955 poculorum

2211 2972 2420 3025 genera
2450 2954 3148 3028 innumerabilia,itrullae
3193 2961 3488 3025 praeterea,
3515 2954 3580 3012 et
3628 2963 3866 3028 psycte-

2214 3044 2328 3094 res,
2355 3033 2412 3081 et
2442 3027 2732 3082 oenochoa:
2765 3026 2827 3080 ‘5.
2855 3049 2881 3076 »
2927 3027 3040 3090 Qut
3096 3032 3312 3096 autem,
3373 3032 3430 3081 et
3484 3043 3602 3097 qua
3630 3026 3867 3096 ’t'o'rma,

2213 3114 2390 3168 quave
2413 3115 2481 3151 ex
2515 3098 2755 3152 materia
2789 3098 2916 3152 tecti
2940 3104 3138 3152 essent
3166 3096 3427 3152 thericlei
3462 3096 3700 3164 calices,
3759 3100 3867 3154 do-

2212 3173 2304 3224 cet
2334 3169 2666 3237 Athenaeus,
2700 3176 2875 3238 atque
2906 3186 2972 3223 ex
2996 3168 3398 3240 Theophrasto
3432 3171 3593 3224 addit
3646 3185 3746 3225 eos
3791 3187 3865 3224 ex

2213 3263 2241 3289 «
2277 3240 2605 3295 terebintho
2638 3241 2881 3304 tornari,
2915 3257 3063 3310 quos
3094 3258 3127 3294 a
3170 3240 3447 3295 ﬁctilibus
3505 3257 3675 3296 nemo
3737 3243 3864 3295 dis-

2214 3317 2432 3366 cernat.
2467 3317 2574 3365 Eos
2623 3312 2833 3366 calices
2893 3312 3047 3365 fama
3100 3316 3190 3366 est
3247 3328 3280 3365 ιι
3335 3311 3635 3367 Corinthio
3692 3313 3869 3368 ticulo

2214 3382 2481 3437 'l‘bericle
2512 3382 2731 3449 tactos;
2768 3383 2923 3437 unde
2953 3387 3009 3437 et
3029 3381 3372 3452 impositum
3398 3399 3611 3437 nomen
3635 3386 3868 3438 Aristo-

2215 3455 2426 3526 phanis
2457 3454 2665 3526 comici
2698 3455 3029 3526 saeculo.....
3061 3453 3172 3508 Alii
3221 3455 3467 3526 tradunt
3515 3454 3868 3526 thericleum

2257 3524 2492 3580 oculum
2525 3525 2770 3597 dictum,
2798 3525 2951 3594 quod
2981 3526 3043 3597 in
3075 3541 3141 3580 eo
3174 3524 3417 3597 sculpta:
3450 3526 3706 3581 ferarum
3742 3525 3866 3596 pel-

2240 3613 2300 3650 es
2333 3601 2531 3650 essent
2551 3596 2614 3648 ⁸⁸.
2655 3619 2674 3644 ι
2713 3595 2888 3650 Plura
2923 3595 3116 3651 adhuc
3151 3595 3325 3666 apud
3359 3597 3633 3652 eumdem
3698 3595 3872 3652 Athe-

2218 3683 2404 3722 naeum
2438 3667 2509 3738 de
2536 3667 2630 3738 his
2665 3668 2914 3738 poculis,
2947 3683 3197 3736 quorum
3229 3667 3450 3722 incerta
3482 3670 3721 3738 penitus
3752 3668 3870 3724 ori-

2217 3755 2288 3809 go
2320 3743 2428 3802 est,
2457 3737 2651 3810 videre
2667 3737 2900 3810 poteris
2931 3739 2994 3810 ‘7.
3031 3738 3256 3810 Rursus
3288 3755 3423 3794 vero
3450 3737 3592 3810 alibi
3641 3740 3743 3794 ille
3773 3756 3872 3795 eo-

2218 3827 2346 3864 rum
2380 3809 2665 3877 meminit,
2692 3809 2755 3865 et
2805 3809 3029 3864 Plinius
3081 3809 3180 3864 lib.
3243 3826 3338 3864 xv:
3392 3809 3590 3866 Hister.
3649 3817 3870 3877 natum,

2217 3897 2344 3951 cap.
2379 3881 2433 3949 4,
2478 3882 2692 3952 pagina
2749 3881 2916 3952 470;,
2956 3885 3234 3935 Erasmus
3291 3880 3460 3951 Λάαν.
3523 3881 3770 3936 chiliad.
3821 3883 3876 3950 3,

2217 3951 2530 4023 centur.g3,
2557 3951 2824 4021 proverb.
2859 3951 2951 4016 53,
2984 3958 3039 4006 et
3061 3952 3446 4008 Casaubonus
3495 3953 3554 4008 in
3612 3955 3874 4023 priorem

2215 4021 2472 4078 Athenmi
2505 4022 2699 4077 locum
2733 4023 2834 4076 lib.
2869 4039 2926 4088 ι,
2958 4039 3087 4094 cap.
3122 4024 3210 4088 11,
3243 4041 3372 4094 pag.
3411 4024 3547 4079 791.
3581 4021 3694 4079 Sed
3729 4025 3876 4080 illud

2219 4095 2410 4149 omitti
2442 4110 2480 4166 ac
2506 4095 2680 4166 nobis
2706 4111 2819 4166 non
2854 4098 3067 4165 potest,
3101 4095 3253 4164 quod
3288 4097 3442 4166 apud
3496 4095 3878 4152 Plutarchum

2221 4166 2290 4238 de
2322 4163 2485 4238 Pauli
2516 4165 2734 4238 {Emilii
2766 4163 3066 4236 triumpho
3103 4163 3376 4236 legimus,
3415 4168 3582 4222 tertio
3615 4168 3711 4222 die
3763 4182 3879 4238 quo

2221 4237 2316 4310 ille
2350 4237 2754 4310 triumphavit,
2788 4243 3087 4310 asportata
3119 4253 3224 4291 suo
3258 4238 3482 4306 ordine,
3521 4261 3547 4287 ‹‹
3577 4237 3884 4310 Antigoni-

2229 4309 2356 4381 das,
2393 4306 2742 4381 seleucidas,
2767 4306 3101 4381 the’ricleos,
3132 4325 3388 4381 vanaque
3411 4326 3609 4378 aurea,
3659 4306 3883 4381 quibus

2222 4379 2306 4432 uti
2341 4380 2397 4432 in
2428 4379 2706 4434 conviviis
2738 4385 2984 4434 Perseus
3011 4379 3238 4434 solebat
3266 4380 3329 4434 ‘3.
3368 4405 3390 4432 ι

2294 4448 2488 4505 Julius
2516 4449 2715 4504 Pollux
2749 4452 3089 4505 eorumdem
3126 4450 3264 4505 facit
3293 4450 3713 4507 thericleorum
3744 4450 3885 4507 cali-

2228 4537 2358 4575 cum
2395 4521 2773 4589 mentionem,
2808 4522 2961 4577 sicut
3000 4525 3056 4576 et
3087 4521 3524 4593 antigonidum,
3557 4539 3705 4592 quos
3732 4522 3888 4578 codi-

2230 4608 2325 4664 ces
2359 4593 2560 4658 nostri,
2597 4609 2772 4647 manu
2802 4597 3001 4647 Graica
3033 4595 3272 4664 exarati,
3308 4595 3380 4648 ab
3412 4593 3767 4664 Antigonide
3816 4594 3887 4650 il-

2233 4663 2419 4736 lorum
2455 4664 2754 4719 inventore
2785 4663 3210 4736 cognominari,
3237 4682 3301 4720 ac
3322 4663 3650 4720 interiusin
3676 4669 3887 4720 rotun-

2230 4735 2694 4839 dunhsuperius
2724 4735 2955 4791 vero’in
3015 4751 3260 4790 acumen
3312 4736 3579 4792 desinere
3632 4737 3887 4792 adnota-

2232 4810 2368 4859 runt
2398 4810 2461 4859 ιθ.

2301 4877 2483 4948 Multa
2512 4892 2644 4948 vero
2703 4893 2771 4932 ex
2802 4877 2975 4932 variis
3035 4877 3424 4948 scriptoribus
3455 4878 3527 4932 de
3579 4877 3888 4946 cantharo,

2232 4945 2492 5020 lebronio
2514 4953 2571 5002 et
2600 4947 2828 5019 lepasta
2847 4945 3174 5004 Athenaeus
3187 4951 3433 5020 ejusque
3456 4945 3891 5004 commentator

2230 5019 2616 5075 Casaubonus
2647 5025 2977 5090 congerunt
2997 5021 3060 5088 5°,
3095 5019 3354 5090 Lepastaé
3397 5021 3613 5076 iterum
3650 5021 3891 5090 Amemi-

2232 5090 2317 5162 nit
2347 5091 2665 5146 Athenaeus
2699 5087 2792 5145 his
2820 5087 3248 5147 Anaxandridis
3277 5092 3508 5148 verbis:
3566 5087 3775 5162 φιάλην
3833 5108 3890 5144 τε

2229 5158 2532 5235 λεπαστήν-
2555 5163 2655 5235 sed
2687 5178 2754 5216 ea
2786 5163 2870 5235 sic
2901 5163 3280 5235 Casaubonus
3311 5161 3521 5235 corrigi
3551 5158 3891 5235 Voluitpté-

2229 5229 2330 5307 λην
2362 5252 2419 5286 τε
2449 5229 2537 5286 καὶ
2569 5231 2883 5307 λεπαστήν,
2905 5257 2932 5283 ‹‹
2977 5232 3236 5307 phialam
3269 5239 3324 5307 et
3354 5229 3616 5307 lepa'sten
3637 5234 3682 5270 ⁸¹
3723 5255 3752 5284 ι>
3779 5229 3888 5289 Liu-

2223 5303 2339 5360 lius
2360 5320 2492 5361 vero
2516 5305 2718 5361 Pollux
2744 5322 2757 5358 :
2794 5325 2822 5356 «
2853 5303 3014 5369 Quod
3047 5311 3245 5362 autem
3275 5303 3498 5378 lepaste
3541 5321 3657 5361 non
3702 5320 3889 5377 pocu-

2516 5521 2730 5591 p.160.
2809 5518 2854 5554 ιο
2886 5519 3052 5587 una,
3084 5537 3140 5591 ο,
3166 5520 3221 5588 9,
3284 5519 3500 5591 p.184.
3577 5521 3619 5556 ιι
3680 5520 3885 5576 Senec.

2544 5592 2589 5625 ⁴³
2617 5591 2764 5646 Plin.
2794 5592 2941 5646 Hist.
2977 5596 3097 5657 nat,
3133 5590 3234 5647 lib.
3268 5590 3386 5656 vm,
3414 5608 3466 5647 c.
3521 5591 3608 5659 48,
3645 5609 3700 5662 p.
3761 5593 3885 5646 228.

2325 5663 2582 5716 ‘Athen.
2645 5663 2744 5716 lib.
2790 5678 2844 5716 ιιι
2904 5663 3320 5734 Deipnosoph.,
3351 5679 3404 5733 p.
3467 5663 3570 5717 470
3601 5668 3658 5718 et
3719 5680 3885 5734 seqq.

2325 5733 2532 5804 p.273.
2611 5733 2655 5768 ‘9
2684 5732 2885 5788 Pollux
2911 5733 2951 5788 l.
2985 5751 3016 5788 v
3041 5735 3272 5799 Onom.,
3298 5735 3383 5789 16.
3471 5732 3746 5790 “Athan.
3782 5733 3886 5792 lib.

479 5825 558 5873 x1,
592 5825 648 5880 p.
681 5806 786 5860 473
811 5811 868 5860 et
899 5805 1040 5872 486;
1076 5802 1346 5875 Casaub.,
1381 5819 1433 5860 ο.
1463 5803 1498 5857 6
1530 5806 1587 5858 et
1625 5802 1709 5857 10.
1743 5801 1786 5837 ‘1
1819 5802 2027 5858 Athen.
2064 5802 2163 5859 lib.
2193 5817 2268 5871 ιν,
2305 5801 2361 5876 p.
2399 5805 2493 5858 141
2530 5809 2587 5858 et
2615 5805 2865 5860 Cusuub.
2897 5804 2957 5860 in
2992 5805 3147 5862 hunc
3178 5805 3397 5862 locum.
