4148 6202
353 179 464 234 977

342 320 416 359 ex
441 301 652 376 vicinis
678 301 1160 376 arteriisremisso
1191 304 1470 376 agitatus,
1503 303 1700 360 album
1755 310 2014 360 mutetur
2047 309 2095 372 Α

341 377 406 448 in
439 374 715 430 colorem.
751 375 1028 430 Pluribus
1059 374 1256 431 autem
1291 376 1343 430 id
1380 379 1588 447 probat
1618 377 1922 448 exemplis.
1947 380 2006 432 In

344 447 650 502 ulceribus
705 448 862 501 enim
896 449 1135 518 sanguis
1170 449 1222 501 in
1259 464 1367 517 pus
1397 448 1596 502 album
1631 447 2006 504 convertitur.

342 522 502 590 Mare
531 522 756 590 autem,
787 524 1065 590 ventoret
1127 519 1405 573 fluctibus
1435 521 1744 588 agitatum,
1779 520 2009 590 exspuit

343 589 492 646 salis
520 589 913 660 asperginem.
954 589 1136 644 Fluvii
1190 606 1445 660 quoque,
1477 591 1575 661 qui
1631 608 1842 661 magno
1887 589 2004 646 im-

342 668 488 734 petu
527 661 816 734 feruntur,
848 662 1267 734 interceptione
1316 661 1468 716 aeris
1513 663 1824 729 verberati,
1857 680 2000 733 spu-

343 732 510 804 inam
542 732 893 804 exprimunt.
928 733 1190 804 Denique
1241 734 1394 804 quod
1430 735 1487 788 in
1519 750 1618 788 ore
1669 741 1868 789 uestro
1897 732 2005 790 est

345 803 683 869 humidum,
717 803 928 874 spiritu
965 803 1231 859 albescit.

422 875 553 930 Hac
595 891 767 945 porro
798 875 868 929 de
898 891 963 930 eo
997 875 1191 939 modo,
1225 891 1341 946 quo
1397 874 1486 930 lac
1545 876 1696 930 efﬁci
1759 875 2002 940 dicitur,

342 947 666 1002 Clementis
699 946 894 1016 opinio
924 946 1154 1001 etiamsi
1181 947 1604 1001 recentioribus
1624 947 1866 1001 medicis
1885 963 2000 1000 non

342 1019 652 1090 probetur,
685 1016 845 1072 illam
886 1023 1083 1072 tamen
1117 1035 1183 1072 ex
1217 1018 1478 1088 antiquis
1511 1024 1569 1073 et
1599 1018 2001 1074 celeberrimis

342 1089 423 1144 ab
455 1091 581 1161 ipso
614 1104 814 1143 revera
845 1095 1138 1153 acceptam
1173 1089 1355 1144 fuisse
1386 1096 1546 1144 extra
1577 1091 1820 1144 dubium
1873 1106 1999 1144 om-

345 1161 527 1216 nibus
559 1177 689 1216 esse
718 1161 910 1217 debet.
940 1161 1087 1224 Quid
1133 1161 1427 1216 enimvero
1477 1161 1570 1216 bis
1619 1161 1842 1216 Galieni
1878 1177 1999 1214 ver-

342 1233 443 1288 bis
466 1231 680 1287 clarius
711 1238 769 1287 et
799 1231 1170 1303 expressius:
1204 1233 1549 1303 «Sanguine
1571 1233 1833 1302 quidem,
1855 1232 1997 1287 dum

340 1303 540 1359 adhuc
571 1305 627 1358 in
658 1308 822 1358 utero
853 1302 1178 1374 gestemur,
1204 1302 1278 1357 ali
1313 1320 1415 1358 nos
1448 1309 1679 1358 constat
1713 1321 1724 1358 :
1761 1319 1830 1358 ex
1862 1320 1996 1358 san-

337 1375 524 1447 guine
554 1391 688 1431 vero
717 1374 808 1447 lac
839 1375 1122 1447 gignitur,
1155 1375 1419 1447 exiguam
1454 1375 1510 1428 in
1547 1374 1825 1429 mamillis
1869 1392 1996 1428 mu-

337 1445 627 1502 tationem
659 1446 870 1515 adepto
899 1445 998 1500 60‘?
1051 1468 1070 1494 ι
1129 1445 1335 1500 Fusius
1393 1452 1590 1500 autem
1650 1448 1994 1502 Avicenna:

339 1541 372 1567 ‹‹
406 1517 666 1572 Mamilia
695 1523 785 1571 est
813 1534 1025 1588 corpus
1056 1517 1447 1588 compositum
1480 1535 1546 1572 ex
1571 1519 1731 1572 venis
1762 1527 1818 1572 et
1847 1523 1996 1571 arte-

343 1590 457 1644 riis
489 1595 546 1644 et
578 1589 787 1653 nervis,
823 1588 975 1642 inter
1029 1605 1156 1659 qua
1214 1588 1442 1644 exsistit
1499 1589 1784 1653 vacuitas,
1815 1605 1992 1659 quam

940 181 1126 236 ΑΜΕ
1164 183 1239 238 IN
1276 182 1895 238 COHORTATIONEM
1934 185 2027 237 ET
2064 186 2534 243 PEDAGOGUM
2571 184 3182 242 OBSERVATIONES.

3656 185 3768 241 978

2694 307 3094 365 ARTICULUS
3137 308 3202 364 ll.

2119 397 2385 469 Dciauro
2437 399 2580 469 quod
2626 399 2876 468 formica
2921 398 3198 468 effodiunt
3224 401 3275 452 et
3303 397 3543 467 gryphas
3587 406 3768 453 custo-

2187 468 2365 535 diunt,
2390 468 2455 523 de
2487 470 2704 523 Pactoli
2729 469 2956 535 ﬂuentis
2983 470 3192 533 aureis,
3217 479 3267 523 et
3295 471 3466 538 Lydia
3497 479 3766 532 ramento,

2187 551 2391 609 quanta
2422 544 2742 611 profusione
2770 547 2821 594 et
2853 540 2992 594 luxu
3049 542 3265 610 pagani
3292 558 3355 596 eo
3381 544 3760 608 (abuterentur,

2185 628 2250 665 ac
2286 613 2584 668 mastz’chen
2619 613 2899 677 roderent,
2923 619 2974 666 et
3005 628 3103 666 cur
3132 615 3493 683 metoposcopi
3520 613 3765 667 diceren-

2185 691 2291 736 tur.

2185 813 2408 862 Aurum
2431 808 2487 861 in
2515 812 2680 862 terra
2704 807 2866 861 venis
2899 823 3026 861 esse
3059 806 3420 862 reconditum
3456 822 3558 876 pro
3606 810 3764 862 certo

2111 877 2374 950 Clemens
2425 880 2626 950 ponit:
2681 880 2778 933 sed
2831 880 2886 932 id
2947 878 3322 950 continenter,
3359 879 3617 950 addidit:
3669 877 3765 930 Διά

2109 948 2382 1023 τοῦτό-τοι
2421 948 2704 1022 μύρμηκες
2746 948 3327 1023 χρυσωρυχυῦσιικαί
3362 948 3755 1023 νγρύπγεςνχρυ-

2112 1011 2546 1095 σωφυλακοῢσιξδ
2574 1011 2610 1070 «ι’
2659 1023 2722 1075 Et
2748 1011 2898 1095 'i'deo
2941 1011 3156 1076 aurum
3179 1011 3458 1095 formica
3508 1011 3756 1095 fodiunt,

2112 1091 2317 1147 aurum
2349 1093 2602 1164 gryphas
2633 1092 3060 1148 custodiunt“.
3083 1111 3108 1142 ο
3136 1096 3208 1147 At
3238 1107 3376 1164 quo,
3410 1091 3656 1160 inquies,
3690 1108 3759 1146 ex

2111 1170 2346 1219 auctore
2378 1163 2432 1218 id
2466 1164 2734 1220 Clemens
2765 1165 3008 1234 accepit,
3043 1169 3144 1218 aut
3193 1163 3326 1233 quis
3357 1179 3460 1234 pro
3491 1179 3556 1217 eo
3589 1165 3757 1234 testis

2109 1235 2353 1305 produci
2386 1241 2576 1306 potest
2605 1235 2632 1289 ?
2675 1233 2922 1297 Quidam
2954 1241 3110 1290 certe
3143 1250 3247 1289 nec
3279 1233 3383 1288 tibi
3415 1233 3597 1306 ignoti
3650 1250 3755 1288 nec

2108 1323 2351 1377 prorsus
2385 1305 2615 1377 incerta
2647 1307 2777 1360 fidei
2810 1306 2937 1360 dari
2971 1310 3240 1377 possunt,
3277 1306 3378 1375 qui
3428 1305 3659 1377 quidem
3697 1309 3756 1360 et

2109 1376 2312 1448 quales
2341 1376 2610 1459 sintilla
2636 1377 2914 1458 formica,
2947 1376 3004 1431 et
3046 1378 3262 1459 quibus
3311 1378 3367 1459 in
3415 1376 3754 1459 regionibus

2107 1465 2314 1503 aurum
2341 1449 2640 1514 effodiant,
2667 1449 2957 1503 memoria
2993 1449 3393 1519 prodiderunt.
3418 1448 3647 1502 Primus
3679 1448 3754 1501 si-

2107 1521 2341 1590 quidem
2394 1526 2596 1574 testem
2649 1520 2754 1574 tibi
2803 1521 3116 1574 citabimus
3164 1520 3529 1589 Strabonem,
3557 1519 3653 1590 qui
3681 1520 3752 1574 de

2105 1589 2223 1645 illis
2242 1593 2324 1646 sic
2339 1592 2617 1646 scribit“:
2644 1613 2673 1641 «
2695 1590 3089 1646 Formicarum
3113 1607 3322 1645 aurum
3347 1589 3750 1645 eil‘odientium

345 1678 489 1742 caro
511 1661 694 1743 replet
715 1659 1018 1743 glandosa,
1053 1660 1144 1743 c‘ui
1170 1676 1282 1743 non
1311 1666 1402 1715 est
1437 1677 1665 1743 sensus,
1691 1659 1814 1740 albi
1841 1659 1995 1743 colo-
2029 1667 2074 1730 Β
2106 1663 2286 1743 pelles
2319 1662 2662 1743 (δεηθῇ-αδ)
2694 1663 2909 1743 vidisse
2942 1664 3042 1743 ait,
3078 1661 3334 1743 pardalis
3379 1661 3547 1743 pelli“
3565 1661 3746 1743 persi-

341 1733 450 1796 ris,
485 1737 543 1786 et
575 1730 812 1802 propter
841 1747 1008 1785 suam
1043 1730 1390 1799 albedinem,
1419 1732 1654 1802 quando
1702 1731 1994 1786 assimila-

339 1809 445 1858 tur
473 1803 524 1857 ei
558 1803 829 1874 sanguis,
851 1802 1178 1857 albiﬁcatur
1202 1802 1344 1856 illud
1383 1806 1537 1872 quod
1566 1803 1749 1857 nutrit
1778 1803 1992 1872 ipsam,

340 1881 404 1929 et
433 1872 768 1929 alhiﬁcatur
797 1872 938 1928 illud
972 1874 1125 1943 quod
1159 1874 1470 1944 superﬂuit
1498 1891 1566 1929 ex
1595 1891 1682 1938 ea,
1703 1881 1759 1928 et
1790 1877 1854 1928 tit
1884 1875 1990 1928 lac.

339 1946 416 2001 Et
444 1947 572 2014 ejus
599 1945 839 2016 quidem
884 1945 1246 2016 comparatio
1293 1946 1362 2000 ad
1413 1945 1502 2000 lac
1551 1950 1893 2016 generatum
1927 1963 1996 2000 ex

340 2018 634 2088 sanguine
664 2017 1140 2088 esticomparatio
1174 2017 1400 2088 hepatis
1423 2017 1492 2070 ad
1519 2017 1867 2088 sanguinem
1901 2033 1995 2087 ge-

342 2086 618 2144 neratum
641 2105 709 2142 ex
729 2086 1005 2158 chylo,iin
1034 2086 1142 2142 hoc
1173 2086 1320 2158 quod
1358 2086 1820 2158 unumquodque
1851 2086 1992 2143 con-

342 2162 520 2215 vertit
571 2159 979 2214 humiditatem
1013 2159 1082 2212 ad
1119 2159 1563 2214 similitudinem
1600 2175 1766 2214 suam
1800 2160 1856 2212 in
1892 2177 1992 2213 na-

343 2237 480 2286 tura
501 2237 559 2284 et
580 2230 788 2286 colore.
820 2231 960 2288 Nam
993 2231 1173 2299 hepar
1204 2232 1473 2286 rubiticat
1494 2232 1733 2302 chylum
1765 2231 1992 2298 album,

341 2310 403 2358 et
434 2302 569 2358 facit
599 2317 732 2356 eum
766 2303 1112 2372 sanguinem
1147 2319 1161 2363 ;
1195 2308 1251 2356 et
1283 2303 1544 2356 mamilla
1575 2302 1834 2357 albiﬁcat
1863 2320 1992 2356 san-

340 2374 586 2447 guinem
615 2374 886 2441 rubeum,
908 2378 967 2447 et
997 2372 1133 2447 facit
1162 2373 1473 2447 ipsumlac
1493 2375 1558 2428 ⁶¹.
1584 2396 1610 2421 ››
1639 2374 1840 2430 Plures
1872 2373 1994 2440 alii,

340 2444 390 2502 Si
417 2445 560 2516 quid
583 2461 730 2515 opus
753 2450 925 2508 esset,
950 2444 1197 2513 hujusce
1220 2445 1513 2516 opinionis
1537 2447 1762 2515 patroni
1789 2451 1845 2500 et
1867 2447 1994 2499 fau-

339 2522 501 2572 tores
533 2521 772 2586 possent
799 2532 832 2570 a
863 2516 1033 2571 nobis
1063 2516 1230 2570 citari
1257 2536 1270 2581 ;
1317 2518 1416 2571 sed
1446 2533 1698 2586 quorum
1730 2516 1993 2570 testimo-

339 2589 442 2643 nia
475 2587 847 2658 protulimus,
867 2589 938 2641 ad
971 2588 1434 2642 confirmandam
1470 2588 1996 2658 explicandamque

342 2659 663 2716 Clementis
696 2659 878 2713 nostri
914 2659 1263 2713 sententiam
1297 2660 1564 2714 sutﬁcere
1613 2658 1994 2714 credidimus.

419 2732 787 2801 Quapropter
817 2729 914 2801 ille
944 2730 1227 2784 rationem
1264 2731 1396 2784 inde
1426 2729 1582 2785 sumi
1610 2746 1780 2800 posse
1807 2737 1996 2799 putat,

341 2818 454 2858 cur
502 2799 762 2856 nutrices
812 2799 1004 2856 hieme
1055 2802 1328 2869 maxime,
1357 2807 1524 2857 atate
1571 2799 1704 2856 vero
1754 2802 1998 2857 minime

342 2872 501 2928 lacte
532 2873 834 2927 abundent
854 2872 1158 2928 ".Hiemis
1185 2874 1400 2943 quippe
1432 2878 1694 2943 tempore
1721 2873 1878 2927 calor
1909 2873 1996 2926 in-

346 2951 451 3000 tus
475 2944 762 3012 inclusus,
786 2943 1064 2998 alimento
1090 2943 1301 2998 melius
1323 2950 1597 3000 coneocto
1628 2950 1685 3000 et
1713 2947 1994 3014 confecto,

347 3033 464 3095 non
498 3016 716 3095 prabet
745 3014 986 3095 exitum,
1020 3020 1197 3095 atque
1229 3015 1440 3095 idcirco
1471 3033 1625 3070 vena
1675 3021 1814 3070 tunc
1860 3031 1994 3095 san-
2022 3027 2066 3095 ρ

341 3086 523 3157 guine
565 3088 902 3158 implentur.
937 3088 1059 3152 Quo
1092 3092 1284 3142 autem
1321 3087 1509 3156 major
1556 3096 1638 3142 est
1686 3087 1994 3158 sanguinis

341 3158 535 3230 copia,
562 3159 744 3230 magis
768 3158 1053 3230 lac,quod
1089 3158 1232 3212 nihil
1268 3165 1358 3214 est
1388 3158 1568 3230 aliud,
1598 3159 1678 3230 uti
1706 3158 1800 3213 ille
1831 3159 1988 3212 dixe-

336 3228 923 3300 rat,quam‘sanguis
954 3246 1021 3284 ex
1054 3231 1228 3285 rubro
1262 3230 1321 3285 in
1355 3229 1556 3285 album
1584 3229 1831 3286 colorem
1867 3247 1994 3285 mu-

332 3307 517 3366 tatus,
553 3302 723 3357 debet
753 3301 1072 3356 abundare.

411 3374 645 3429 Scimus
677 3373 916 3444 quidem
953 3372 1341 3444 alitervisum
1373 3372 1553 3441 hujus
1578 3377 1789 3428 nostra
1811 3371 1996 3426 atatis

339 3444 608 3514 medicis,
643 3442 739 3514 qui
775 3448 985 3515 putant
1016 3442 1361 3498 muliebrem
1394 3444 1650 3515 chylum,
1686 3444 1758 3498 ab
1785 3444 1997 3499 arteria

341 3515 645 3572 subclavia
670 3515 740 3571 ad
776 3515 1211 3580 mammariam,
1243 3521 1299 3570 et
1341 3515 1412 3570 ab
1469 3515 1577 3569 hac
1627 3532 1727 3585 per
1783 3516 1997 3570 ductus

341 3604 488 3643 suos
542 3588 614 3642 ad
669 3586 1006 3658 glandulas,
1049 3593 1112 3641 ut
1169 3587 1268 3640 ubi
1329 3585 1685 3657 perficiatur,
1718 3586 1992 3658 delatum,

347 3659 474 3714 fieri
521 3659 628 3723 lac,
662 3659 814 3729 quod
866 3658 925 3712 in
976 3657 1333 3714 lactantibus
1381 3658 1705 3729 ipsummet
1753 3657 1997 3712 infantis

346 3728 782 3786 nutrimentum
816 3746 1015 3784 revera
1044 3730 1316 3784 efficitur.
1343 3730 1452 3783 Sed
1486 3728 1607 3783 hac
1631 3745 1778 3783 nova
1802 3746 1996 3784 recen-

347 3802 566 3857 tiorum
603 3801 964 3856 medicorum
998 3801 1290 3855 sententia
1322 3805 1422 3854 aut
1453 3817 1682 3869 parum,
1717 3806 1818 3855 aut
1851 3799 1996 3855 nihil

347 3873 418 3929 ad
454 3876 721 3927 nostrum
755 3877 985 3942 spectat
1014 3871 1392 3939 Clementem,
1413 3873 1510 3940 qui
1534 3888 1595 3926 se
1617 3889 1684 3925 ex
1706 3873 1994 3926 constanti

346 3950 405 4000 et
419 3946 724 3998 communi
748 3943 1136 4013 suitemporis
1158 3944 1510 4014 scriptorum
1534 3943 1808 4013 opinione
1834 3944 1998 4010 illud,

350 4017 507 4086 quod
561 4015 927 4086 prubandum
977 4021 1330 4086 susceperat,
1364 4015 1511 4086 satis
1557 4032 1852 4086 superque
1900 4016 2001 4070 de-

352 4085 776 4143 monstravisse
805 4087 956 4142 haud
990 4085 1283 4142 immerito
1315 4085 1770 4141 arbitratus’est.

420 4157 615 4212 Minus
646 4157 845 4228 itaque
875 4157 1158 4213 usitatum
1192 4175 1257 4212 ac
1289 4159 1558 4212 fortassis
1592 4157 1762 4228 plane
1792 4159 1998 4224 singu-

351 4229 472 4284 lare
495 4229 550 4283 id
581 4229 784 4284 multis
805 4229 1113 4294 videbitur,
1138 4230 1292 4299 quod
1327 4229 1423 4284 ille
1449 4228 1623 4299 paulo
1675 4235 1803 4298 post
1849 4229 2004 4297 adje-

351 4304 433 4381 ci_t
455 4318 465 4356 :
490 4323 517 4349 «
535 4300 966 4381 _Nunc_quoque
990 4301 1247 4381 nutrices
1274 4301 1327 4355 id
1353 4300 1715 4381 lae‘t‘is,_quod
1734 4300 2001 4381 primum

352 4374 424 4427 ad
452 4372 1014 4466 potumnell'undit‘ur,
1039 4373 1239 4458 eodem
1270 4371 1826 4466 qqo’illud‘poming
1844 4387 2004 4425 man-
2041 4404 2083 4466 D

356 4440 958 4514 na'appellaverunt,
1021 4443 1187 4513 μάννα
1240 4440 1634 4510 κέκλήκασιθδ.
1701 4465 1726 4490 r.
1783 4443 2003 4497 Nomen

353 4515 512 4571 enim
549 4513 587 4564 «7
612 4531 850 4575 manna,
887 4538 914 4564 ››
962 4522 1201 4570 matrem
1235 4515 1552 4580 aliquando
1585 4513 2008 4583 signiﬁcavisse

351 4587 609 4656 Cangius
640 4589 909 4641 observat
938 4587 983 4620 “
1017 4603 1028 4640 :
1083 4588 1178 4641 sed
1237 4604 1270 4640 a
1312 4585 1528 4656 quibus
1560 4603 1645 4652 ea,
1681 4602 1852 4655 quem
1883 4584 2006 4640 Cle-

353 4674 525 4713 mens
559 4658 760 4726 tradit,
790 4658 1219 4727 significatione
1253 4662 1599 4728 usurpatum
1637 4659 1829 4724 fuerit,
1867 4673 2009 4727 pau-

356 4746 457 4783 cos
489 4745 633 4783 sane
665 4745 729 4782 ac
760 4729 850 4782 vix
886 4731 1128 4783 fortasse
1161 4728 1311 4782 ullos
1345 4729 1618 4794 reperias.

435 4801 607 4855 Porro
643 4799 910 4855 Clemens
942 4801 1148 4854 scribit
1179 4800 1344 4854 lactis
1389 4801 1617 4868 adipem
1664 4815 1794 4852 esse
1844 4801 2012 4865 buty-

356 4888 513 4934 rum,
540 4887 658 4942 quo
682 4871 849 4926 multi
884 4889 992 4926 sua
1015 4877 1180 4926 atate
1212 4873 1279 4924 ad
1318 4871 1613 4926 lucernam
1647 4871 1964 4925 utebantur
1997 4886 2009 4922 :

358 4965 382 4993 ι
408 4942 571 4997 Multi
598 4942 770 5014 adipe
802 4942 994 5004 lactis,
1021 4944 1175 5013 quod
1210 4945 1481 5013 butyrum
1503 4949 1733 5004 vocant,
1768 4946 2015 5014 utuntur

358 5015 432 5069 ad
466 5013 768 5069 lucernam
801 5016 867 5069 ⁶⁵.
902 5037 929 5065 n
970 5014 1131 5070 Unde
1166 5015 1367 5085 liquet,
1400 5015 1456 5068 in
1489 5030 1579 5074 ea,
1618 5014 1714 5068 ubi
1747 5013 2014 5085 Clemens

356 5086 479 5141 hac
546 5086 865 5156 scribebat,
923 5087 1162 5157 regione
1221 5082 1534 5141 maximam
1592 5086 1773 5141 fuisse
1820 5082 2014 5156 butyri

357 5157 809 5213 abundantiam.

421 5442 464 5476 ⁶⁰
495 5440 723 5497 Galien.
759 5440 857 5494 lib.
895 5458 911 5495 ι
944 5440 1024 5496 De
1056 5441 1257 5495 tuend.
1292 5442 1497 5508 sanit.,
1531 5457 1580 5494 c.
1612 5442 1667 5494 7.

351 5515 398 5549 ιδ
432 5512 552 5549 {laid
617 5529 650 5549 η
709 5513 808 5549 mo
905 5513 951 5546 ιι
979 5516 1136 5549 non"
1191 5511 1246 5549 in
1276 5512 1446 5549 ηιηειο
1502 5514 1658 5549 [ζητη-

353 5515 398 5549 ⁸³
432 5514 578 5567 ibid.
617 5529 670 5582 p.
709 5514 829 5566 102.
905 5514 951 5546 “
979 5516 1136 5581 Cang

353 5583 398 5620 ⁸⁷
435 5587 656 5655 Strab.,
693 5583 793 5638 lib.
828 5601 898 5655 xv
931 5585 1140 5652 Geogr.

356 5662 416 5712 et
447 5672 571 5726 seq.

360 5727 467 5784 lib.
505 5725 580 5799 iv,
617 5725 645 5798 §
681 5726 763 5782 13.

1809 5441 1848 5475 ⁶¹
1883 5441 2115 5498 Avicen.
2147 5441 2252 5496 lib.
2286 5459 2347 5496 ιιι
2381 5443 2531 5509 Fer.,
2565 5459 2615 5497 c.
2657 5446 2702 5496 l.

617 5529 670 5582 p.
709 5513 829 5566 102.
905 5513 951 5546 “
979 5516 1153 5581 Cang.
1191 5511 1247 5566 in
1276 5512 1465 5567 Gloss.
1502 5514 1678 5567 Grac.
1757 5512 1801 5545 ⁸⁸
1833 5514 2057 5576 Padag.
2094 5513 2191 5568 lib.
2229 5530 2265 5568 ι.
2300 5530 2349 5566 c.
2383 5515 2438 5573 0,

1177 5602 1229 5653 p.
1263 5586 1370 5639 705
1401 5591 1456 5639 et
1484 5587 1609 5638 700.
1686 5585 1729 5617 ⁸⁸
1772 5584 1941 5653 Plin.,
1975 5584 2073 5640 lib.
2111 5603 2147 5639 ιι
2183 5585 2310 5639 Nat.
2349 5580 2510 5652 hisll,
2540 5602 2590 5639 c.
2625 5586 2711 5640 l3.
2748 5601 2801 5650 p.
2837 5583 2961 5636 litt).
3037 5580 3318 5653 “Hermi.
3355 5580 3458 5635 lib.
3497 5580 3635 5648 ιιιζὲ
3681 5581 3781 5634 102

723 5656 767 5728 ῖο
795 5654 1170 5722 Aldrovand.,
1205 5655 1306 5712 lib.
1340 5674 1369 5711 v
1401 5657 1479 5712 De
1505 5655 1767 5722 insectis,
1800 5673 1925 5727 cap.
1961 5657 2012 5721 Ι,
2049 5673 2102 5728 ρ.
2128 5657 2233 5711 515
2264 5661 2320 5710 et
2348 5673 2471 5726 seq.

2106 1735 2294 1789 miles.
2332 1732 2733 1803 Megasthenes
2764 1735 2832 1788 de
2865 1732 3124 1788 formicis
3173 1732 3254 1787 ait
3303 1733 3458 1802 apud
3508 1732 3746 1800 Derdas,

2106 1822 2232 1875 qua
2265 1822 2478 1876 magna
2523 1821 2667 1876 gens
2717 1811 2808 1859 est
2858 1806 3134 1860 Indorum
3188 1811 3619 1869 montanorum,
3671 1804 3743 1857 ad

2104 1879 2384 1932 orientem
2417 1879 2836 1948 expositorum,
2873 1876 3171 1946 planitiem
3225 1877 3541 1948 quamdam
3589 1891 3752 1948 mon-

2104 1955 2302 2003 tanam
2337 1965 2465 2003 esse
2493 1946 2581 2003 ter
2608 1947 2761 2002 mille
2786 1948 3115 2002 stadiorum
3175 1947 3424 2012 ambitu,
3457 1951 3513 2000 et
3539 1946 3650 2000 sub
3682 1962 3749 2001 ea

2105 2019 2231 2075 auri
2265 2020 2511 2088 fodinae,
2533 2036 2681 2090 quas
2709 2017 3288 2090 formicaell‘odiant,
3313 2017 3587 2090 vulpibus
3620 2034 3745 2071 ma-

2103 2091 2408 2158 gnitudine
2442 2087 2564 2145 non
2591 2089 2866 2148 minores.
2903 2087 3050 2144 mira
3081 2088 3394 2154 celeritate,
3417 2087 3644 2141 ’victum
3680 2105 3749 2142 ex

2104 2164 2407 2217 venatione
2419 2178 2545 2217 com
2556 2159 3070 2231 parantes.Fodere
3085 2166 3281 2215 autem
3298 2166 3511 2214 terram
3527 2161 3628 2214 94
3650 2176 3750 2230 per

2105 2234 2352 2288 hiemem
2382 2239 2437 2287 et
2469 2234 2538 2286 ad
2571 2233 2790 2286 ostium
2825 2231 3218 2297 accumulare,
3253 2232 3750 2301 quemadmodum

2105 2306 2296 2360 solent
2352 2304 2537 2374 talpa.
2569 2303 2758 2373 Hujus
2816 2304 3281 2374 auriﬂramenta,
3317 2303 3370 2356 id
3398 2303 3560 2374 enim
3591 2309 3750 2374 sunt,

2106 2393 2276 2446 parva
2327 2373 2663 2430 decoctione
2707 2380 2896 2446 egent.
2926 2373 3114 2428 Vicini
3157 2373 3443 2446 jumentis
3481 2389 3555 2446 ea
3601 2373 3752 2446 clam

2106 2440 2363 2516 rapiunt,
2392 2452 2589 2518 aperte
2630 2440 2786 2500 enim
2828 2440 2949 2500 'non
3003 2440 3269 2518 possunt,
3305 2443 3754 2518 prohibentibus

2105 2518 2388 2586 formicis,
2412 2516 2539 2588 qua
2570 2521 2627 2572 et
2656 2522 2940 2587 pugnant,
2960 2522 3016 2570 et
3047 2516 3332 2587 fugientes
3366 2517 3751 2588 insectantur,

2105 2606 2253 2660 quos
2285 2585 2965 2660 cum—deprehenderint,
2989 2585 3271 2660 una—cum
3297 2585 3586 2656 jumentis
3616 2587 3758 2641 inte-

2105 2659 2350 2716 rimunt.
2386 2665 2458 2715 Ut
2489 2677 2624 2728 ergo
2677 2659 2810 2714 illos
2858 2659 3100 2721 lateant,
3135 2659 3348 2714 ferinas
3402 2674 3609 2712 carnes
3656 2673 3756 2728 per

2108 2733 2235 2788 loca
2265 2732 2519 2803 plurima
2549 2727 2892 2803 disponunt.
2915 2733 3115 2800 Itaque
3130 2731 3198 2785 ad
3224 2729 3475 2801 pradam
3505 2727 3755 2803 dissipa-

2108 2800 2574 2884 piatis'fo-rmicis,
2607 2802 2733 2883 auri
2767 2809 3031 2856 ramenta
3059 2800 3531 2884 ipsi-asportant,
3563 2805 3620 2884 et
3667 2800 3755 2852 fu-

2106 2871 2290 2930 sionis
2347 2875 2557 2945 ignari,
2593 2873 2924 2944 cuicunque
2982 2871 3287 2928 mercatori
3341 2871 3510 2926 rudia
3567 2871 3760 2925 diven-

2107 2949 2274 3001 dunt.
2300 2966 2328 2994 ››

2183 3019 2421 3084 Eadem,
2445 3016 2544 3072 sed
2570 3015 2702 3070 aliis
2723 3015 2939 3083 verbis,
2969 3020 3165 3070 narrat
3195 3013 3457 3069 Plinius:
3485 3035 3511 3061 ι(
3546 3012 3756 3067 indica

2113 3090 2366 3144 formica
2398 3105 2606 3143 aurum
2631 3104 2698 3141 ex
2719 3086 2983 3141 cavernis
3015 3091 3259 3156 egerunt
3288 3092 3450 3140 terra
3483 3084 3541 3138 in
3577 3084 3756 3154 regio-

2106 3178 2176 3215 ne
2207 3159 2752 3231 septentrionalium
2790 3157 3419 3231 lndorum_,qui_Darda
3451 3160 3751 3231 vocantur.

2107 3227 2463 3298 lpsis'color
2521 3230 2745 3291 felium,
2779 3227 3122 3300 magnitudo
3171 3227 3750 3300 EgyptiiAluporum.

2108 3305 2349 3358 Erutum
2383 3303 2492 3357 hoc
2523 3302 2596 3356 ab
2627 3302 2711 3354 eis
2739 3297 3002 3372 tempore
3052 3297 3295 3354 hiberno
3321 3297 3453 3372 Indi
3486 3299 3756 3372 furantur

2105 3376 2302 3430 aestivo
2326 3376 2566 3440 fervore,
2589 3372 2842 3427 conditis
2866 3367 3101 3443 propter
3119 3386 3391 3443 vaporem
3423 3369 3480 3423 in
3514 3367 3751 3443 cunicu-

2107 3447 2193 3500 los
2216 3446 2498 3508 formicis;
2515 3461 2640 3514 qua
2667 3440 3063 3498 tamen'odore
3086 3440 3409 3514 sollicitata
3425 3440 3751 3514 pervolant,

2105 3518 2427 3587 crebroque
2459 3511 2738 3578 lacerant,
2773 3512 3486 3587 quamvisprave‘locibus
3516 3511 3757 3587 camelis

2107 3582 2398 3660 fugientes
2430 3587 2498 3660 5‘.
2530 3609 2558 3635 ››
2591 3588 2749 3660 Quod
2778 3582 3014 3656 quidem
3052 3582 3146 3660 ille
3175 3583 3518 3660 deliberavit
3547 3599 3619 3660 ex_
3644 3582 3752 3660 lie-

2109 3652 2334 3726 rodoto,
2359 3659 2457 3728 qui
2490 3658 2609 3711 hac
2643 3652 2826 3712 fusius
2861 3656 3318 3728 prosequitur“.
3350 3656 3532 3728 Hunc,
3574 3652 3754 3728 si_l_u-

2107 3733 2223 3798 bet,
2256 3724 2410 3786 sicut
2441 3735 2498 3785 et
2529 3728 2794 3784 Solinum
2827 3724 2893 3783 ac
2924 3724 3156 3792 Metam,
3189 3732 3367 3797 atque
3396 3724 3562 3798 alios
3589 3724 3752 3779 adire

2111 3795 2326 3873 poteris
2349 3801 2558 3858 citatos
2573 3801 2642 3854 ab
2656 3800 2758 3854 Ald
2771 3798 3156 3869 rovando,qui
3174 3795 3374 3852 utrum
3392 3795 3536 3851 illud
3553 3813 3752 3851 verum

2109 3876 2184 3930 sit
2219 3875 2346 3928 fuse
2385 3875 2645 3942 disputat
2673 3873 2736 3926 7°.

2183 3939 2693 4000 Difficilior'autem
2712 3943 2778 3995 de
2794 3941 2976 4012 gryph
2989 3941 3116 3994 ibus
3145 3943 3333 4010 potest
3345 3955 3472 4012 esse
3487 3955 3518 4008 q
3531 3939 3750 4012 uastio.

2111 4019 2219 4081 Qui
2250 4018 2404 4072 enim
2447 4032 2655 4070 aurum
2707 4010 2918 4068 abiis
2949 4011 3233 4068 custodiri
3284 4011 3544 4074 tradunt,
3579 4010 3635 4064 hi
3668 4010 3755 4064 vel

2110 4088 2231 4143 solo
2253 4088 2475 4143 Aristai
2509 4089 2565 4141 Pi
2584 4085 2880 4141 oconnesii
2907 4091 3084 4153 poeta
3108 4081 3443 4138 testimonio
3466 4081 3756 4153 nituntur,

2109 4159 2199 4215 vel
2231 4161 2286 4214 id
2319 4159 2567 4214 dubium
2593 4164 2650 4213 et
2685 4158 2851 4228 plane
2887 4151 3174 4211 incertum
3209 4151 3756 4228 eaistiinaif_t.Audi,

2113 4248 2329 4302 quaso,
2367 4223 2718 4302 Herodotum
2757 4245 2768 4283 :
2807 4249 2829 4277 α
2866 4228 2946 4281 Ad
2999 4225 3457 4302 septentrionem
3494 4223 3757 4302 Europa:

2111 4293 2325 4371 inquit,
2353 4300 2846 4373 quamplurimam
2898 4300 3020 4373 auri
3057 4293 3172 4350 vim
3207 4312 3334 4350 esse
3366 4297 3624 4373 constat...
3649 4293 3754 4346 Sed

2113 4363 2406 4442 quomodo
2440 4363 2560 4435 liat',
2593 4388 2662 4425 ne
2695 4370 3072 4443 hoe‘quidem
3100 4385 3209 4443 Apro
3241 4369 3534 4443 comperto
3555 4363 3760 4443 Adicere

2116 4437 2790 4514 queo.Dicunturtamen
2818 4437 2869 4514 id
2897 4457 2929 4492 a
2951 4439 3272 4514 gryphihus
3292 4437 3518 4514 auferre
3540 4437 3764 4514 (triuia-

2118 4504 2218 4597 api
2238 4513 2342 4568 viri
2378 4513 2656 4579 unoculi;
2688 4511 2844 4597 quod
2886 4504 2990 4597 nec
3021 4504 3229 4579 ipsum
3266 4504 3762 4597 lcredidLerimhut

2116 4577 2220 4640 viri
2259 4577 3149 4644 nascantur,unoculi,eateram
3186 4582 3456 4632 naturam
3480 4577 3762 4634 habentes

2119 4657 2248 4711 aliis
2265 4656 2600 4709 hominibus
2616 4652 2890 4722 parem“.
2919 4651 3028 4704 nEt
3050 4647 3708 4722 postealibrosequenti
3747 4666 3759 4704 :

2123 4752 2147 4776 ‹‹
2182 4727 2462 4781 Aristaeus
2502 4720 2739 4795 quidam
2795 4721 3220 4776 Proconnesius
3248 4720 3625 4795 versificator,
3657 4722 3765 4775 Ca-

2122 4800 2324 4852 strobii
2372 4793 2550 4855 titius.
2587 4795 2926 4850 memoravit
2958 4811 3019 4848 se
3052 4795 3264 4847 l’limbo
3298 4793 3641 4847 instinctum
3674 4810 3770 4848 ve-

2126 4871 2280 4925 nisse
2303 4870 2373 4924 ad
2403 4870 2799 4932 Issadonas,ct
2822 4883 3002 4936 supra
3023 4865 3129 4918 hos
3155 4863 3405 4920 incolere
3427 4864 3770 4936 Arimaspos

2121 4943 2278 4996 viros
2311 4940 2615 5004 unoculus,
2649 4939 2856 4995 etitem
2877 4954 3058 5007 supra
3080 4936 3185 4992 hos
3204 4953 3333 4992 esse
3354 4936 3770 5010 gryphasqpo-

2122 5032 2224 5072 πας
2255 5012 2378 5083 Qui,
2413 5029 2619 5067 aurum
2655 5010 3091 5083 aBSBI‘YBDlHL»

2197 5078 2519 5141 Pausanias
2543 5099 2672 5138 vero
2705 5082 2876 5154 paulo
2902 5078 3248 5154 explicatius
3283 5097 3298 5138 :
3331 5102 3358 5128 ‹‹
3383 5078 3774 5154 _Gryplies,in-

2124 5158 2272 5228 quit,
2306 5173 2440 5211 cum
2474 5151 2815 5228 Arimaspis,
2847 5154 2947 5228 qui
2979 5151 3180 5228 supra
3224 5151 3549 5206 Issadones
3608 5159 3770 5228 sunt,

2124 5223 2251 5284 auri
2284 5245 2465 5283 causa
2495 5223 2730 5284 assidue
2777 5227 2993 5282 bellare
3023 5223 3298 5281 Aristaas
3353 5223 3776 5279 Proconnesius

2124 5301 2488 5357 carminibus
2517 5304 2769 5356 testatus
2799 5304 2926 5365 est;
2972 5302 3029 5352 et
3076 5312 3283 5353 aurum
3336 5297 3577 5366 quidem
3621 5295 3777 5366 quod

3561 5456 3617 5510 p.
3660 5440 3773 5494 lOl.

3563 5528 3620 5582 p.
3650 5511 3774 5564 207.

2841 5441 2886 5474 ⁸³
2925 5438 3145 5507 Padag.
3179 5437 3280 5494 lib.
3314 5455 3353 5507 ι,
3389 5454 3436 5492 c.
3469 5441 3524 5504 6,

2473 5508 2526 5584 p.
2566 5515 2684 5567 l07.
2773 5511 2818 5546 ⁸⁸
2851 5511 3075 5584 Pmdng.
3245 5527 3306 5584 ιι.
3342 5511 3527 5584 9,12,

2620 5657 2661 5691 τι
2699 5655 2992 5719 llerodot.,
3026 5651 3167 5716 ibid,
3197 5653 3226 5718 ξ
3259 5653 3376 5704 uo.
3530 5655 3576 5687 τ’
3605 5653 3778 5713 idem,

3643 5813 3685 5853 ,ΓΑ
