4148 6202
485 177 625 233 1003

1186 177 1261 229 IN
1300 175 1745 229 CLEMENTEM
1785 173 1999 227 ALEX.
2039 175 2106 227 D.
2150 175 2242 227 LE
2282 172 2576 226 NOURRY
2614 173 3096 228 DISSERTATIO
3134 177 3207 227 ΙΙ.

3756 173 3895 226 1004

481 307 635 358 recte
665 298 950 372 capienda
979 296 1618 372 humanis,_sed_bonis_
1661 296 1864 372 utique
1901 296 2127 372 artibus
2157 303 2211 368 Α
2243 293 2398 372 apud
2460 293 2842 372 phi1050phos
2898 296 3246 372 di_spersas,_
3276 312 3346 372 ex
3401 296 3657 368 ipsomet
3699 295 3900 353 divino

482 379 541 430 et
572 367 902 443 disciplinis
931 369 1222 442 indigent.
1273 367 1507 443 Sancita
1564 369 1862 443 _siquidem
1901 367 2128 443 divinis

481 439 1323 516 scriptis—praecepta,"tametsi
1355 445 1418 494 ut
1447 441 1780 505 credantur,
1831 439 1954 494 sola
1983 441 2128 495 fides

483 518 817 573 necessaria
847 516 924 570 sit
952 533 965 584 ;
1002 519 1261 568 attamen
1287 517 1352 567 ut
1382 517 1533 566 recte
1581 517 2032 584 cognoscantur,
2065 517 2130 566 ut

480 592 549 645 de
581 590 653 644 iis
685 587 1024 657 interrogati
1056 586 1459 657 respondeant,
1496 587 1560 637 ut
1588 584 1821 638 tandem
1840 583 2129 657 implean-

480 667 598 730 tur,
630 665 687 716 et
715 655 1017 714 dialectica
1048 663 1105 712 et
1137 655 1260 710 arte
1292 656 1554 730 humana
1602 671 1766 730 opus
1790 655 1987 730 ρει-³⁸.
2044 656 2127 709 Ad

484 725 607 788 haec
635 748 768 787 vero
800 731 897 784 ille
931 730 1294 784 demonstrat
1318 727 1374 781 in
1397 727 1732 782 Christiano
1756 725 1991 781 homine
2013 743 2127 781 non

485 805 684 859 minus
714 799 1446 873 cognitionem,dictionem
1481 803 1537 853 et
1563 797 2130 873 _orationem,huma-

487 877 580 930 nis
624 871 825 944 utique
873 872 1202 943 disciplinis
1262 871 1670 944 acquirendas,
1724 885 1894 944 quam
1944 871 2129 944 bonos

484 952 652 1003 actus
683 940 1076 1015 virtutumque
1107 959 1281 1013 Opera
1311 941 1648 996 desiderari.
1710 942 1795 995 Ad
1855 940 2128 1011 sophisti-

485 1035 612 1074 cam
648 1035 816 1090 porro
849 1021 1033 1071 artem
1085 1016 1220 1090 inde
1272 1030 1560 1080 reversus,
1610 1028 1858 1090 rursum
1919 1019 1975 1067 et
2031 1029 2127 1090 raf

485 1083 666 1146 tione'
717 1094 774 1145 et
846 1105 1027 1143 sacrae
1095 1086 1407 1156 Scripturae
1492 1084 1838 1140 auctoritate
1922 1083 2130 1156 probat

483 1178 610 1218 eam
686 1178 721 1216 a
794 1159 1090 1231 republica
1155 1157 1490 1216 Christiana
1562 1157 1730 1227 plane
1789 1170 1918 1211 esse
1991 1156 2127 1226 reji-

483 1233 816 1361 “gaias
849 1301 946 1357 ille
975 1301 1141 1357 docet
1179 1298 1520 1354 Christianae
1557 1297 1830 1354 dictionis
1886 1301 1944 1353 et
1982 1297 2126 1352 scri-

484 1375 703 1448 ptionis
756 1391 959 1446 genus,
990 1373 1086 1448 cui
1131 1372 1381 1448 ipsemet
1427 1370 1488 1448 in
1547 1370 1646 1448 bis
1689 1370 2126 1448 commentariis

481 1441 814 1503 inhaesusz
846 1441 1189 1515 sit,planum
1223 1448 1280 1498 et
1309 1441 1576 1515 simplex,
1600 1442 1820 1495 clarum
1841 1445 2036 1496 tamen
2071 1447 2128 1495 et

485 1519 882 1592 perspicuum,
915 1514 1088 1592 atque
1114 1516 1186 1569 ab
1217 1514 1378 1592 omni
1407 1529 1553 1567 vano
1596 1517 1668 1592 .et
1697 1528 2126 1592 supervacaneo

483 1584 645 1647 cultu
677 1595 734 1645 et
763 1594 973 1644 ornatu
998 1584 1261 1640 alienum
1291 1584 1374 1639 ita
1403 1599 1531 1639 esse
1579 1584 1807 1652 debere,
1860 1590 1920 1638 ut
1979 1584 2126 1638 alios

482 1664 618 1733 plus
642 1664 848 1731 juvare
879 1659 1064 1733 possit
1095 1673 1271 1728 quam
1303 1654 1612 1733 deiectare.
1665 1660 1730 1708 Et
1753 1727 1766 1733 _
1787 1654 1931 1710 illud
1985 1672 2126 1733 sane

482 1727 719 1804 planius
755 1739 816 1787 ut
846 1727 1130 1804 stabiliat,
1161 1745 1274 1784 non
1336 1727 1588 1804 Platonis
1637 1727 1809 1782 modo
1867 1733 1924 1782 et
1978 1729 2126 1804 Scri-

433 1865 442 1877 I
483 1799 670 1876 pturae
728 1819 910 1877 sacra:
939 1803 1185 1877 _profert
1241 1800 1638 1877 auctoritates,
1674 1815 1908 1877 verum
1951 1799 2124 1854 etiam

480 1872 726 1931 vestitus
755 1881 812 1930 et
841 1872 985 1944 cibi,
1011 1889 1233 1929 necnon
1269 1872 1578 1944 Musarum
1631 1874 1807 1944 atque
1828 1872 2126 1944 Sirenum

481 1965 616 2003 cum
647 1948 908 2003 oratione
958 1941 1454 2016 comparationem
1514 1943 1772 2016 instituit
1825 1941 1886 2016 ³9.
1946 1946 2125 1998 Porro

483 2025 675 2075 autem
710 2019 861 2074 sicut
890 2017 1076 2073 oratio
1094 2013 1369 2086 simplex,
1401 2015 1484 2068 ita
1514 2013 1763 2069 oratoris
1789 2013 2025 2069 animus
2052 2015 2124 2070 ab

477 2092 737 2146 humana
766 2089 953 2162 gloria
1009 2085 1356 2162 aucupanda
1385 2087 1558 2162 debet
1596 2100 1718 2140 esse
1772 2085 1971 2162 o‘mino
2029 2103 2121 2162 re-

479 2168 697 2233 motus,
757 2157 838 2217 ita
890 2167 954 2216 ut
1008 2157 1181 2215 unus
1235 2158 1346 2230 ipsi
1410 2158 1644 2213 auditor
1691 2157 1961 2213 sufficere
2019 2158 2115 2214 de-

477 2235 638 2290 beat.

546 2306 663 2360 Nos
695 2310 885 2359 autem
921 2301 1064 2358 scite
1103 2303 1300 2356 monet
1343 2300 1613 2355 vitandas
1655 2314 1783 2354 esse
1808 2299 2117 2355 verborum

476 2375 878 2432 contentiones
908 2373 1300 2446 profanasque
1357 2375 1664 2446 novitates,
1714 2386 1830 2446 _nec
1887 2371 1947 2426 in
2003 2371 2118 2446 illis

474 2464 738 2519 unquam
783 2441 1160 2519 gloriandum
1189 2441 1253 2497 το.
1287 2447 1402 2519 Nec
1434 2444 1633 2519 minus
1682 2441 1834 2498 clare
1864 2443 2119 2519 exponit

471 2514 598 2589 quae
630 2522 707 2576 sit
733 2514 881 2573 107
913 2516 1013 2589 illa
1043 2515 1411 2589 philosophia
1459 2520 1515 2571 et
1571 2514 1826 2569 humana
1857 2516 2116 2589 traditio,

469 2588 502 2647 a
533 2592 705 2662 cujus
737 2588 1104 2662 fraudulenta
1138 2588 1478 2662 seductione
1518 2602 1756 2662 semper
1784 2601 1986 2662 cavere
2016 2588 2116 2642 de-

469 2658 698 2718 bemus.
732 2661 993 2716 Declarat
1027 2659 1224 2730 itaque
1257 2658 1420 2713 illam
1443 2659 1701 2730 primum
1733 2658 1968 2730 quidem
1989 2673 2116 2730 esse

470 2675 698 2718 bemus.
732 2675 993 2716 vectarat
1027 2675 1108 2714 ita
1154 2675 1224 2714 ue
1257 2675 1420 2713 illam
1443 2675 1701 2730 primum
1733 2675 1968 2728 qumem
1989 2675 2112 2714 esse

470 2735 915 2805 Epicureorum,
949 2748 1075 2803 quae
1109 2675 1209 2786 gei
1241 2730 1396 2786 tollit
1423 2729 2112 2805 pirovidentiam,et_voliu-

467 2800 691 2876 ptatem
724 2800 1244 2876 deorbmlnumero
1295 2800 1572 2869 ascribit;
1633 2801 1860 2876 deinde
1902 2800 2116 2876 placita

465 2871 819 2945 Stoicorum,
850 2876 949 2946 qui
983 2874 1167 2929 Deum
1219 2890 1346 2930 esse
1399 2890 1612 2946 corpus
1656 2878 1725 2946 iet
1767 2871 2109 2946 vilissimam

466 2965 764 3027 quamque
787 2944 1092 3027 materiam
1118 2944 1828 3027 pervadere-garriebant;
1861 2944 2112 3027 denique

2243 366 2438 438 Verbo
2463 367 2767 438 decerptas
2796 382 2925 422 esse
2957 366 3114 422 haud
3149 366 3490 424 dubitanter
3537 372 3743 424 auctor
3798 385 3900 424 no-

2239 443 2330 512 ter
2356 437 2801 512 alﬁrmat.Quod
2836 439 3074 512 quidem
3109 445 3176 494 ut
3206 440 3426 496 clarius
3469 444 3688 511 pateat,
3717 471 3722 476 ν
3749 456 3898 512 pro-

2237 511 2499 584 bandum
2531 509 2779 580 suscipit
2809 510 2992 584 sacris
3010 512 3408 584 scriptoribus
3429 509 3648 568 nostris
3672 509 3904 584 quosli-

2239 583 2334 655 bet
2364 581 2508 636 alios
2537 597 2676 655 esse
2691 583 3050 655 recentiores
3075 600 3088 650 ;
3121 581 3179 638 et
3208 584 3336 652 hos,
3366 583 3414 639 si
3461 600 3589 655 quae
3619 581 3758 639 vera
3783 589 3901 640 tra-

2238 654 2537 719 diderunt,
2569 653 2640 708 ab
2665 652 2782 707 illis
2816 654 2998 710 fuisse
3030 661 3333 710 mutuatos
3377 656 3444 711 ‘3.
3476 652 3895 722 'Quamobrem

2239 725 2490 799 primum
2511 727 2783 799 observat
2812 726 3081 799 omnium
3139 726 3471 782 Graecorum
3530 728 3897 799 scriptorum

2237 795 2684 870 antiquissimos
2715 797 2938 853 censeri
2971 797 3292 870 Orpheum,
3330 799 3541 853 Linum
3577 795 3897 870 etpoetas,

2237 884 2383 942 quos
2415 868 2669 942 quidem
2683 876 3035 941 exceperunt
3055 868 3288 942 septem
3312 869 3540 942 Gracia;
3571 868 3896 942 sapientes,

2236 941 2305 994 de
2336 956 2582 1013 quorum
2616 939 3030 1012 ultimo’quam
3063 939 3303 998 diversae
3323 939 3896 1013 fuerintopiniones,

2239 1013 2439 1085 paucis
2470 1012 2700 1085 ibidem
2723 1013 3157 1085 animadvertit.
3206 1014 3414 1085 Variis
3453 1012 3624 1085 porro
3684 1031 3895 1070 eorum

2236 1082 2421 1139 effetis
2448 1082 2760 1157 et‘adugiis
2801 1082 3149 1157 inmedium
3181 1082 3475 1152 adductis,
3509 1086 3725 1157 probat
3752 1085 3894 1142 illo-

2236 1170 2365 1230 rum
2426 1154 3254 1230 philosophandimethodum
3312 1158 3488 1230 plane
3509 1154 3891 1214 'Hebraicam

2238 1225 2418 1280 fuisse
2447 1230 2505 1281 et
2539 1225 2968 1297 aenigmaticam
2989 1228 3055 1284 ⁸⁵.

2309 1297 2408 1371 His
2439 1300 2635 1371 autem
2663 1305 3075 1355 successerunt
3105 1298 3731 1371 philosophi,quorum
3765 1301 3888 1371 pri-

2309 1315 2408 1352 nis
2439 1315 2635 1353 autem
2663 1315 3075 1355 successerunt
3148 1315 3731 1371 nuosopm,quorum
3765 1317 3888 1371 pri-

2237 1367 2420 1424 mitus
2450 1368 2660 1444 triplex
2689 1375 2849 1444 secta
2879 1315 3216 1444 fuit,Itari_ca
3234 1373 3405 1444 cujus
3427 1387 3640 1444 parens
3665 1373 3890 1444 Pytha-

2277 1456 2409 1514 oras
2440 1441 2667 1512 primus
2696 1440 2880 1514 voluit
2910 1440 3001 1497 se'
3031 1440 3450 1514 philosophum
3505 1440 3842 1514 nuncupari
3870 1462 3888 1513 ;

2235 1455 2409 1565 geras
2440 1457 2667 1512 primus
2696 1455 2880 1497 vetuit
2910 1459 2972 1497 se
3000 1455 3450 1569 lEpnuosopnum
3505 1459 3842 1514 nuncupari
3870 1462 3888 1513 ;

2265 1512 2454 1579 onica,
2488 1529 2615 1587 quas
2645 1529 2678 1567 a
2705 1513 2961 1587 Thalete;
3050 1514 3275 1580 leatica,
3311 1531 3436 1586 quae
3463 1531 3498 1568 a
3524 1515 3891 1587 Xenophane

2235 1599 2405 1637 suam
2439 1585 2616 1639 traxit
2646 1584 2952 1655 originem.
2977 1587 3060 1640 Ibi
3094 1589 3289 1641 autem
3315 1584 3586 1642 observat
3607 1584 3888 1644 Clemens

2165 1677 2207 1740 Β
2233 1659 2353 1740 tam
2386 1656 2458 1709 de
2484 1655 2821 1740 Pythagorae
2840 1672 3014 1740 quam
3033 1657 3294 1740 Thaletis
3317 1657 3675 1740 patrianolim
3693 1659 3890 1740 disce-

2235 1729 2793 1801 ptatum,‘huncque
2823 1729 3015 1784 solum
3045 1729 3224 1801 videri
3283 1729 3418 1784 cum
3477 1729 3887 1801 Egyptiorum

2233 1798 2534 1869 prOphetis
2565 1798 2965 1870 congressum,
2999 1817 3066 1855 ac
3097 1800 3324 1855 nullum
3359 1801 3542 1864 illius,
3567 1798 3744 1856 sicuti
3780 1819 3885 1858 nec

2230 1869 2582 1942 Pherecydis
2611 1869 2793 1926 fuisse
2827 1877 3267 1943 praeceptorem.
3293 1873 3442 1928 Tum
3475 1871 3572 1928 ille
3600 1873 3885 1930 continuo

2233 1946 2430 2015 narrat
2460 1959 2599 2015 quae
2616 1958 2684 2015 ex
2714 1959 2782 1998 ea
2797 1943 3014 2015 triplici
3036 1951 3196 1999 secta
3213 1943 3538 2000 manaverit
3558 1946 3881 2013 successio,

2231 2012 2431 2087 schola
2457 2012 2722 2070 videlicet
2776 2012 3008 2087 Cynica,
3039 2016 3404 2085 Academica,
3465 2012 3877 2086 Peripatetica,

2227 2085 2457 2160 Stoica;
2489 2102 2554 2140 ac
2587 2085 2837 2158 quinam
2862 2087 3078 2142 fuerint
3131 2102 3334 2143 earum
3391 2085 3684 2160 auctores,
3715 2089 3881 2158 quive

2230 2156 2439 2212 horum
2471 2156 2836 2214 SUOCCSSOI‘BS
2866 2164 3400 2215 commemorentur
3426 2159 3492 2213 ‘5.

2305 2228 2374 2284 Ut
2403 2237 2595 2284 autem
2643 2229 3010 2285 Hebraeorum
3048 2228 3482 2302 philosophiam
3528 2229 3638 2286 hos
3668 2246 3876 2287 omnes

2225 2298 2400 2371 longo
2429 2305 2761 2373 temporum
2785 2298 3142 2373 (statumque
3162 2298 3464 2358 intervallo
3487 2303 3879 2358 antecessisse

2225 2373 2640 2442 ostendat,qua
2663 2372 3144 2444 philosophorum
3177 2373 3542 2430 ethnicorum
3567 2373 3880 2444 principes

2225 2392 2640 2442 osrenuat,qua
2663 2392 3144 2444 pnuosopnorum
3177 2392 3542 2430 etnnicorum
3567 2392 3764 2444 princi
3819 2392 3878 2431 es

2223 2447 2280 2496 et
2310 2444 2699 2516 antesignani,
2734 2449 2874 2516 puta
2901 2444 3305 2516 Xenophanes,
3364 2445 3604 2512 Thales,
3663 2392 3878 2516 Pytha-

2223 2531 2414 2583 goras,
2443 2515 2796 2587 Polycrates,
2829 2521 2886 2570 et
2933 2515 3126 2581 Solon,
3192 2522 3362 2573 rotate
3401 2515 3673 2582 vixerint,
3713 2515 3878 2573 haud

2223 2590 2396 2659 plane
2430 2587 2808 2659 indiligenter
2838 2587 3086 2659 inquirit
3107 2588 3172 2641 ‘7.
3230 2587 3451 2645 Dehinc
3494 2589 3763 2657 eosdem,
3826 2595 3882 2645 et

2221 2657 2391 2732 alios,
2451 2657 2732 2714 nimirum
2815 2657 3221 2732 Pythagoram,
3287 2659 3726 2732 Antisthenem,
3781 2661 3882 2717 Or-

2221 2729 2460 2800 pheum,
2517 2729 3216 2800 Homerum,'Thaletem,
3279 2731 3601 2799 Platonem,
3666 2735 3878 2788 Demo-

2219 2801 2626 2875 critum_,auta
2655 2802 2948 2869 barbaris,
2999 2803 3333 2875 Babyloniis
3371 2807 3428 2860 et
3447 2803 3740 2874 .Egyptiis
3781 2821 3876 2859 oro

2217 2876 2331 2947 tos,
2363 2873 2451 2947 vel
2483 2875 2554 2947 ab
2581 2874 2655 2928 iis
2685 2875 2979 2943 educatos,
3029 2873 3198 2946 plura
3239 2891 3358 2947 sua
3415 2873 3703 2947 dogmata
3735 2875 3873 2932 inde

2217 2944 2490 3000 hausisse
2521 2946 2650 3004 fuse
2700 2944 3085 3002 demonstrat.
3143 2945 3415 3010 Quinimo
3476 2944 3520 3001 εἰ
3565 2947 3875 3003 nonnullis

463 3015 860 3076 humanarum
892 3015 1267 3075 traditio‘num
1297 3034 1399 3098 seu
1425 3015 1776 3106 juvenilium
1835 3015 2108 3106 quaa‘stio—
2139 3041 2180 3106 ρ
2221 3017 2516 3106 memoria:
2543 3017 2838 3106 proditum
2891 3032 3020 3106 esse
3077 3017 3282 3106 scribit
3336 3017 3732 3106 Pythagouam
3786 3019 3873 3074 vel

462 3109 606 3148 num
639 3107 884 3168 canoras
918 3106 1129 3162 nugas,
1161 3105 1263 3144 seu
1315 3086 1545 3160 ineptos
1593 3086 2105 3168 verborumhlcpo-

459 3179 575 3230 res,
611 3163 827 3234 quibus
859 3179 1028 3218 nemo
1054 3176 1312 3232 unquam
1362 3164 1754 3234 consequetur
1808 3163 2108 3234 veritatem

458 3240 515 3288 et
545 3228 842 3301 virtutem,
878 3250 1005 3304 quas
1037 3228 1170 3288 sola
1192 3232 1512 3302 sagacitate
1559 3228 1865 3299 multoque
1913 3228 2110 3287 labore

466 3305 796 3375 comparari
827 3308 1018 3376 potest
1044 3305 1113 3360 ⁸1.

528 3371 910 3448 Perspicuum
935 3376 1116 3448 igitur
1147 3374 1508 3448 planumque
1529 3371 1797 3448 Clemens
1829 3371 2108 3448 omnibus

455 3446 594 3501 facit
623 3443 751 3504 eam
778 3464 907 3503 esse
936 3443 1163 3503 v'eram—
1196 3450 1252 3501 et
1283 3445 1604 3500 secundum
1665 3443 1892 3498 divinas
1924 3445 2109 3499 tradi-

452 3517 644 3575 tiones
684 3520 1148 3592 pbilosophiam,
1210 3534 1336 3588 quae
1386 3516 1487 3592 Dei
1534 3515 1978 3587 providentiam,
2033 3517 2105 3571 ad

459 3607 552 3646 om
574 3589 758 3647 nia'et
813 3589 1045 3663 singula
1099 3607 1228 3646 sese
1284 3589 1721 3663 extendeniem,
1773 3592 2108 3663 constanter

454 3681 550 3719 ass
568 3664 696 3720 erit.
730 3664 810 3719 Ea
834 3659 1044 3734 quippe
1071 3660 1528 3734 sublata,omnis
1564 3659 1873 3734 Dominicaz
1912 3659 2103 3716 lncar-

460 3736 719 3790 nationis
751 3731 1073 3790 oeconomia
1123 3733 1368 3789 tollitur.
1430 3731 1710 3794 Quocirca
1763 3731 2102 3801 Diogenem,

455 3807 780 3875 Thaletem,
837 3807 1184 3878 IIippasum,
1236 3805 1497 3875 aliosque
1538 3803 1937 3878 philosophos,
2002 3805 2103 3874 qui

457 3879 662 3932 mundi
719 3874 1009 3932 elementa
1039 3877 1237 3932 colunt
1260 3874 1543 3946 tanquam
1585 3875 1800 3942 impios
1850 3874 2102 3928 homun-

454 3949 618 4004 culos
651 3954 709 4002 et
757 3946 1042 4018 voluptati
1100 3947 1322 4018 deditos
1371 3947 1542 4017 plane
1598 3947 1917 4018 abigendos
1973 3961 2102 4001 esse

455 4018 779 4086 contendit;
815 4016 1096 4088 additque
1126 4017 1258 4072 illos
1278 4016 1533 4071 infantes
1563 4021 1619 4071 et
1650 4016 1922 4087 parvulos
1948 4032 2098 4084 esse,

457 4091 577 4146 nisi
607 4089 948 4146 Christianis
971 4087 1272 4160 religionis
1304 4089 1666 4160 professione
1706 4087 1814 4160 viri
1850 4088 2011 4160 fiant,
2044 4093 2101 4143 et

451 4179 652 4218 verum
687 4180 718 4217 a
751 4160 897 4217 falso
929 4157 1260 4217 discernere
1307 4157 1572 4214 noverint
1601 4159 1667 4212 ‘2.
1701 4157 1908 4230 Opinio
1940 4160 2095 4214 enim

453 4251 566 4289 non
601 4238 691 4290 est
715 4233 844 4306 ipsa
873 4233 1108 4300 veritas,
1145 4231 1204 4286 in
1239 4248 1354 4302 qua
1386 4252 1413 4279 ‹‹
1446 4229 1806 4285 εεάἱίἷοειῐιεό»
1841 4229 2098 4287 charitas

699 4323 745 4361 Γ.

699 4323 745 4361 r.

458 4311 807 4444 veasuatirlfiam
834 4392 968 4431 vero
1000 4373 1309 4447 sapientia,
1353 4391 1385 4427 a
1417 4373 1530 4447 Dei
1564 4371 1721 4447 Filio
1755 4371 1926 4447 nobis
1973 4377 2092 4429 tra-

448 4421 720 4506 ditauihu«
745 4448 1038 4521 mysterio,
1070 4421 1472 4521 {occultanda
1511 4449 1619 4510 est,
1665 4443 1802 4521 hinc
1828 4446 2094 4521 Clemens
2127 4421 2170 4484 D

447 4521 700 4592 ingenue
731 4516 944 4576 fatetur
972 4520 1052 4585 id,
1087 4534 1158 4574 ne
1191 4519 1296 4574 hos
1323 4518 1504 4592 libros
1532 4516 2092 4592 conscriberet,__sibi

447 4586 632 4664 fuisse
662 4593 1166 4664 impedimento,et
1186 4606 1248 4645 se
1269 4590 1588 4664 etiamnum
1613 4589 1794 4664 vereri
1829 4586 2089 4664 ncillam

444 4663 716 4735 indignis
751 4659 1096 4718 hominibus
1137 4661 1522 4735 manifestam
1584 4659 1756 4732 paulo
1810 4660 2089 4735 audacius

446 4732 642 4789 faciat.
673 4734 885 4789 Verum
920 4735 1062 4804 quia
1091 4733 1359 4789 Christus
1391 4749 1634 4787 arcanas
1688 4748 1833 4786 verae
1891 4732 2089 4804 cogni-

442 4805 621 4876 tionis
650 4806 992 4860 traditiones
1017 4806 1197 4876 jussit
1230 4821 1342 4859 non
1383 4807 1621 4876 quidem
1651 4804 1950 4876 omnibus,
1984 4805 2086 4859 sed

441 4875 513 4931 iis
541 4876 756 4946 quibus
786 4874 1034 4946 oportet,
1063 4875 1338 4946 explicari
1367 4874 1629 4942 {idcirco
1688 4874 1954 4930 Clemens
2013 4876 2085 4930 si-

440 4948 682 5018 gnificat
714 4963 774 5001 se
805 4947 964 5002 hisce
996 4947 1202 5018 suisin
1237 4947 1668 5002 commentariis
1704 4963 1775 5018 ea
1832 4946 2083 5018 scriptu-

443 5017 598 5085 rum,
634 5035 764 5088 qua:
793 5019 1100 5072 veritatem
1131 5017 1224 5072 hic
1255 5023 1311 5072 et
1335 5018 1475 5081 illic,
1501 5023 1564 5071 ut
1594 5017 1853 5087 indignis
1886 5017 2081 5081 lateat,

439 5089 887 5144 disseminatam
922 5090 1264 5143 contineant
1307 5089 1370 5143 ιδ.
1434 5089 1562 5144 Ηίθο
1621 5095 1814 5143 autem
1870 5089 2084 5144 veritas

438 5161 707 5232 quamvis
733 5177 853 5232 una
883 5160 978 5224 sit,
1014 5161 1205 5232 varias
1237 5163 1454 5232 tamen,
1490 5159 1687 5230 inquit
1718 5158 1835 5232 ille,
1885 5161 2084 5232 multi-

437 5230 737 5304 plicesque
761 5231 937 5304 habet
961 5230 1301 5301 particulas,
1354 5231 1412 5285 in
1465 5232 1642 5285 variis
1699 5230 2082 5304 philosopho-

433 5321 564 5358 rum
638 5301 814 5360 sectis
872 5301 1192 5373 diSpersas,
1247 5317 1378 5373 quis
1431 5318 1631 5356 omnes
1674 5319 1708 5356 a
1752 5301 2082 5373 Christiano

431 5375 668 5432 homine
701 5375 889 5431 ullum
922 5372 1069 5429 citra
1100 5372 1425 5446 periculum
1477 5378 1730 5445 possunt
1779 5372 1836 5428 in
1899 5389 2081 5430 unum

435 5446 629 5519 colligi
659 5453 718 5503 et
746 5447 970 5519 referri.

499 5515 774 5592 Singulas
806 5517 1023 5590 quippe
1056 5517 1189 5573 illas
1221 5515 1480 5572 veritatis
1534 5523 1748 5588 partes,
1783 5519 1904 5572 tam
1935 5533 2078 5589 vage

500 5667 544 5702 ω
576 5667 790 5739 p.293.
868 5666 914 5700 ω
946 5681 1002 5739 ρ.
1054 5665 1193 5739 235,
1257 5664 1302 5698 ω
1327 5663 1560 5739 μεθῇ.Δ
1624 5663 1665 5699 ιι

2222 3088 2492 3143 Nazarati
2548 3088 2789 3160 Assyrii,
2837 3089 2924 3144 vel
2981 3089 3323 3157 Ezechielis,
3386 3088 3482 3144 ’vel
3530 3088 3862 3159 Gallorum,

2222 3165 2398 3229 atque
2430 3160 2964 3227 Brachmanarum;
2998 3161 3307 3217 Aristolem
3362 3177 3497 3216 vero
3554 3163 3871 3230 cujusdam

2218 3231 2405 3286 Judaei
2440 3232 2623 3287 fuisse
2653 3232 2971 3288 auditores.
3005 3233 3152 3297 Quid
3187 3249 3338 3300 vero,
3367 3231 3554 3303 pergit
3579 3233 3868 3301 Clemens,

2219 3303 2370 3373 quod
2404 3303 2644 3372 Sibylla,
2678 3305 2728 3360 si
2756 3303 3045 3359 Heraclito
3078 3305 3254 3360 fidem
3288 3305 3505 3360 habere
3531 3304 3705 3373 velis,
3740 3305 3869 3360 Del-

2219 3375 2353 3448 phis
2383 3374 2664 3448 divinitus
2701 3375 2994 3448 apparuit,
3045 3375 3246 3448 ibique
3275 3393 3308 3431 a
3337 3375 3521 3430 Musis
3567 3376 3681 3431 fuit
3736 3392 3872 3432 eru-

2215 3445 2357 3520 dita,
2391 3444 2571 3520 velut
2599 3444 2880 3520 Serapion
2939 3444 3461 3520 cecinit,inondum
3497 3453 3735 3520 mortua
3767 3449 3872 3503 ad-

2216 3517 2762 3590 hu_c_vaticinatur,
2817 3535 3043 3590 suaque
3115 3519 3441 3574 etiamnum
3491 3519 3688 3574 fundit
3743 3536 3873 3575 ora-

2215 3588 2374 3662 (ξυιμῖ
2395 3589 2654 3660 Denique
2686 3588 2877 3646 Name
2908 3588 3304 3646 Romanorum
3339 3607 3435 3646 rex
3480 3590 3698 3662 legem,
3753 3608 3872 3662 qua

2214 3661 2313 3715 Dei
2339 3660 2656 3732 imaginem
2691 3679 2955 3734 unquam
3019 3662 3145 3719 ﬁeri
3198 3660 3610 3733 prohibuitfa
3671 3660 3868 3736 Moyse

2215 3736 2522 3788 mutuatus
2554 3737 2662 3788 est.

2285 3804 2370 3877 Ex
2394 3805 2466 3877 iis
2484 3807 3085 3877 porroiauctornoster
3104 3804 3401 3877 concludit
3421 3803 3863 3877 philosophiam

2212 3873 2552 3947 hominibus
2581 3876 2748 3932 valde
2805 3876 3028 3944 utilem,
3063 3894 3097 3931 a
3152 3873 3439 3932 barbaris'
3476 3876 3548 3931 ad
3606 3873 3860 3947 Grzecos,

2212 3963 2461 4019 quorum
2504 3946 2775 4018 pluribus
2829 3947 3184 4004 Anacharsis
3231 3947 3443 4019 Scytha
3499 3946 3860 4018 antecelluit,

2207 4017 2389 4090 fuisse
2419 4017 2833 4075 tra’nsmissam
2865 4017 3328 4075 “Barbarorum
3361 4023 3558 4075 autem
3592 4017 3856 4090 philoso-i

2209 4089 2479 4163 phorum,
2514 4107 2764 4163 quorum
2799 4091 3094 4162 principes
3141 4095 3198 4163 et
3256 4091 3560 4163 praefectos
3594 4089 3856 4146 nomini-

2183 4152 2319 4234 bus
2351 4152 2476 4217 suis
2507 4152 3034 4234 a'ppellatfduplex
3084 4152 3416 4218 dicit.esse
3467 4179 3681 4234 genus.
3751 4163 3858 4218 Alii

2207 4233 2361 4288 enim
2393 4233 2700 4307 Sarmatae,
2731 4233 2828 4307 alii
2878 4251 3013 4290 vero
3072 4233 3492 4307 Brachmanes’
3528 4235 3858 4307 nuncupati

2207 4310 2366 4360 sunt.
2405 4305 2478 4359 Ex
2520 4306 2807 4377 Sarmatis
2862 4323 3033 4377 porro
3090 4305 3326 4372 Allobii,
3386 4323 3506 4360 non
3565 4305 3757 4361 secus‘
3798 4323 3860 4362 ac

2206 4377 2559 4446 Hyperborei
2593 4376 2871 4432 rusticam
2903 4377 3144 4433 omnino
3166 4385 3220 4432 et
3250 4379 3861 4448 agrestem,quemad-

2203 4449 2444 4502 modum
2477 4450 2630 4519 apud
2669 4449 3034 4504 Christianos
3063 4449 3394 4509 Encratitaa,
3414 4449 3646 4504 vivendi
3681 4450 3859 4507 ratio.-

2203 4535 2337 4594 nem
2362 4521 2868 4594 consectabantur.
2895 4520 3156 4590 Denique
3181 4521 3334 4594 apud
3351 4521 3858 4594 Germanosque-

2203 4591 2665 4665 demimulieres,
2716 4591 2938 4665 quibus
2987 4608 3187 4665 sacris,
3221 4590 3385 4665 ἱεραί,
3447 4609 3664 4648 nomen
3713 4590 3852 4662 erat,

2205 4677 2274 4716 ex
2310 4662 2640 4735 fluviorum
2718 4664 3038 4719 verticibus
3098 4662 3576 4735 ﬂuentorumque
3633 4666 3853 4734 sonitu,

2200 4733 2475 4809 variaque
2503 4751 2706 4791 eorum
2736 4735 3081 4792 circuitione
3111 4739 3167 4791 et
3188 4736 3453 4792 anfractu
3479 4733 3700 4791 futura
3720 4733 3854 4809 prae?

2204 4807 2578 4862 nuntiabant.

2276 4877 2420 4933 Tum
2449 4883 2673 4949 protata
2702 4878 2913 4933 deinde
2941 4876 3222 4942 Philonis,
3270 4877 3608 4949 Pythagoras
3639 4882 3701 4934 et
3731 4878 3848 4935 Me-

2202 4946 2506 5022 gasthen'is
2537 4952 2906 5016 auctoritate,
2933 4946 3358 5022 palamﬁutique
3385 4946 3522 5005 facit
3539 4947 3633 5005 his
3655 4950 3850 5006 omni-

2201 5019 2313 5076 bus
2355 5020 2526 5094 longe
2582 5023 2887 5094 antiquius
2934 5019 3072 5094 esse
3110 5019 3448 5094 Judgeorum
3483 5022 3850 5094 genus,ipri~

2204 5092 2482 5165 [namque
2538 5092 2825 5165 originem
2881 5093 3149 5148 omnium
3211 5092 3541 5165 Graecarum
3608 5092 3848 5161 artium,

2204 5110 2358 5148 mam
2413 5111 2482 5149 ue
2538 5110 2825 5165 originem
2881 5110 3149 5148 omnium
3211 5110 3541 5148 uraacarum
3608 5110 3848 5161 aruum,

2200 5110 2669 5235 disciplinarum,
2703 5165 3029 5221 litterarum
3063 5169 3122 5220 et
3143 5164 3545 5233 scientiarum,
3572 5180 3729 5235 quas
3758 5181 3851 5221 ac-

2197 5241 2397 5309 curate
2427 5235 2890 5309 singillatimque
2921 5241 3206 5309 recenset,
3260 5236 3349 5309 in
3379 5235 3672 5309 barbaros
3726 5252 3853 5292 esse

2194 5306 2618 5378 retundendam
2653 5309 2716 5372 Ψ.
2751 5306 2952 5378 Neque
2989 5307 3210 5378 patitur
3239 5306 3353 5363 sibi
3404 5306 3581 5378 objici
3641 5323 3852 5364 vocum

2193 5377 2268 5432 iis
2301 5380 2651 5436 usitatarum
2677 5377 3002 5434 barbariem
3036 5377 3272 5450 5°.Illos
3303 5378 3519 5450 quippe
3551 5379 3625 5435 de
3659 5380 3848 5446 factis,

2195 5463 2372 5520 qnam
2405 5452 2476 5505 de
2505 5451 2698 5507 verbis
2756 5451 2944 5522 magis
2997 5449 3281 5506 sollicitos
3322 5449 3521 5507 fuisse
3569 5453 3848 5508 continuo

2195 5521 2762 5594 respondet.Dehinc
2791 5521 2983 5580 suum
3013 5522 3396 5595 prosequitur
3427 5529 3848 5595 argumentum

1730 5680 1785 5744 p_.
1843 5663 1970 5744 29f},
2209 5667 2451 5744 Βῌοοῃ
2508 5671 2841 5744 within}?
2872 5687 2929 5743 p.
2960 5669 3090 5727 298.
3172 5669 3218 5705 “
3246 5685 3305 5742 p.
3334 5668 3462 5726 299.
3539 5669 3586 5705 ⁴³
3626 5688 3690 5744 p.
3742 5669 3846 5727 300

419 5741 464 5776 ιδ
496 5757 554 5813 p.
577 5735 710 5796 301.
786 5739 829 5774 ιτ
860 5755 916 5811 ρ.
943 5737 1072 5809 302,
1097 5737 1204 5792 303
1233 5740 1292 5793 et
1319 5736 1444 5793 304.
1520 5735 1564 5771 ιδ
1597 5752 1653 5808 p.
1685 5735 1810 5792 305.
1891 5737 1936 5772 ιο
1965 5753 2022 5808 ρ.
2047 5737 2109 5792 30

2224 5740 2332 5796 :07.
2409 5742 2454 5776 ιο
2483 5759 2540 5814 ρ.
2575 5743 2703 5814 303,
2735 5742 2862 5799 309.

4061 53 4069 200 ἱ

4065 201 4069 410 l
