4148 6202
308 164 449 221 1017

1573 163 1670 214 ΒΕ
1704 161 1940 216 LIBRIS
1973 160 2438 216 STROMATUM.

3577 161 3716 216 1018

308 290 520 373 quarto
555 286 826 370 denique.
851 285 992 357 quia
1021 285 1079 341 in
1116 283 1541 343 resurrectione
1575 282 1803 338 nullum
1847 281 1958 338 erit

2094 299 2304 373 tisest,
2338 301 2437 355 sed
2463 300 2728 373 spiritus,
2762 300 2846 356 uti
2878 316 2945 357 ex
2976 300 3253 373 Apostolo
3285 301 3441 356 haud
3471 302 3715 358 obscure

310 360 568 430 amplius
594 360 958 430 coniugium.

385 426 467 486 A'd
502 432 649 485 alios
681 426 818 485 inde
852 430 1063 484 transit
1091 429 1392 484 haereticos
1416 426 1832 496 quiChristum
1851 442 1960 481 cce-

315 504 494 558 libcm
511 519 573 556 se
588 501 1174 570 imitarijactitantes,
1197 500 1493 554 diabolum
1513 499 1850 571 nuptiarum
1869 515 1966 571 au-

313 581 534 631 ctorem
559 575 752 628 dicere
785 590 900 627 non
924 575 1276 627 verebantur
1296 573 1360 624 ⁸ο.
1390 570 1610 626 Horum
1646 577 1839 624 autem
1864 570 1961 635 qui

313 664 378 702 se
411 645 620 706 melius
642 661 814 716 quam
848 643 944 698 alii
979 645 1357 714 Evangelium
1391 643 1717 716 intelligere
1746 642 1961 716 gloria:

311 721 532 773 bantur
565 713 701 770 inde
724 716 1060 784 superbiam
1087 713 1348 770 retundit
1367 733 1386 775 ;
1409 715 1549 784 quia
1567 713 1838 770 Christus
1862 713 1957 766 Dei

312 791 524 851 Filius,
559 789 665 842 etsi
716 790 771 842 in
808 789 915 841 hoc
951 791 1169 842 mundo
1201 803 1304 842 nec
1355 789 1640 856 adjutore,
1687 801 1792 839 nec
1826 784 1962 838 tiliis

312 878 467 933 Opus
489 860 742 924 haberet,
759 875 1035 933 sponsam
1049 865 1242 916 tamen
1279 859 1481 933 habuit
1495 856 1808 933 Ecclesium
1821 897 1834 919 ,
1856 874 1887 909 ιι
1901 873 1929 909 u
1943 885 1962 894 -

312 928 590 1004 ptiasque
638 928 1070 1000 comprobavit.
1124 931 1511 1004 Quamobrem
1555 928 1644 1004 ibi
1697 928 1964 1004 Clemens

312 999 592 1059 edisserit
637 1004 682 1038 ⁸¹
717 999 834 1073 quo
865 1018 1039 1057 sensu
1091 1005 1166 1060 ab
1196 1003 1399 1056 eodem
1434 1001 1663 1056 Christo
1717 999 1963 1054 Domino

315 1076 576 1131 edictum
607 1074 683 1127 sit
705 1075 992 1144 quosdam
1025 1089 1152 1127 esse
1175 1073 1476 1128 eunuchos
1499 1073 1596 1144 qui
1626 1076 1860 1142 propter
1885 1085 1966 1124 re-

311 1163 499 1218 gnum
521 1145 619 1201 Dei
644 1161 705 1200 se
722 1143 1078 1218 castrarunt,
1104 1161 1170 1203 ac
1183 1145 1439 1216 plurium
1459 1143 1974 1218 athletarttm‘praz-

315 1213 645 1287 sertimque
670 1217 837 1270 Astili
871 1222 926 1270 et
955 1213 1467 1280 Crisouis,necnon
1502 1213 1758 1287 Ammbei
1785 1213 1966 1287 citha-

315 1288 489 1353 roedi,
541 1285 714 1356 atque
743 1287 1071 1342 Aristotelis
1099 1289 1350 1359 Cyrenaei
1400 1286 1665 1359 exemplo
1706 1285 1968 1359 ostendit

317 1364 535 1416 bonam
561 1375 690 1413 esse
707 1360 1057 1424 castitatem,
1086 1357 1198 1414 nisi
1223 1361 1296 1414 ob
1316 1358 1504 1430 ipsam
1529 1358 1585 1412 in
1613 1358 1794 1412 Deum
1831 1357 1964 1410 cha-

315 1435 555 1488 ritatem
576 1436 858 1486 servetur.
885 1430 1030 1497 Quid
1053 1447 1183 1487 vero
1212 1433 1364 1502 quod
1391 1430 1486 1485 ille
1511 1431 1814 1502 perspicue
1836 1444 1938 1499 pro
1955 1457 1968 1467 -

316 1505 423 1558 bat
458 1504 776 1567 haereticos,
829 1502 1084 1572 conjugti
1120 1501 1720 1572 ciborumque’usumi
1745 1501 1967 1572 irrpro-

316 1575 556 1642 bantes,
591 1575 664 1628 ab
697 1571 993 1644 Apostolo,
1028 1574 1170 1636 Elia,
1206 1571 1473 1628 Samuele
1503 1579 1561 1627 et
1591 1571 1805 1627 Christi
1837 1587 1968 1625 ver-

2073 371 2390 426 colligitur.

2146 388 2204 425 ιιι
2255 388 2390 426 itur.

2143 388 2257 498 Nego
2291 443 2486 498 minus
2517 447 2721 498 contra
2765 443 2979 500 Christi
3019 450 3275 500 mentem
3326 445 3607 514 urgebant
3637 445 3718 498 si-

2073 514 2240 587 milia
2271 515 2430 570 illius
2460 516 2634 570 verba
2662 532 2673 568 :
2709 538 2736 564 «
2790 517 2940 571 Bene
2972 516 3100 582 ieci,
3135 534 3260 587 qua)
3293 533 3406 570 non
3444 515 3656 586 peperi,
3689 538 3716 564 ››

2071 586 2217 640 Nam
2255 602 2385 669 qua:
2435 587 2714 669 continuo
2748 586 3296 669 subjungunnturau
3331 588 3501 669 Omni
3534 587 3718 641 herba

2071 659 2344 725 vesceris,
2381 678 2404 708 ο
2437 665 2574 730 etc.,
2631 664 2829 730 aperte
2879 660 3214 730 signiﬁcant
3246 659 3302 714 in
3337 665 3539 714 nostra
3585 674 3714 713 esse

2073 734 2358 798 potestate
2389 729 2475 784 vel
2526 729 2783 785 caelibem
2816 729 2991 785 vitam
3026 732 3258 793 ducere,
3306 731 3390 785 vol
3441 731 3718 800 conjugio

2065 801 2232 872 jungi
2261 819 2274 868 ;
2306 802 2457 872 quod
2493 802 2755 872 quidem,
2796 802 2946 856 sicut
2990 804 3248 871 legitima
3299 801 3552 855 liliorum
3585 819 3718 872 prce

2074 871 2538 942 Creatio,bonum
2570 879 2658 928 est
2687 879 2744 927 et
2770 872 3076 928 licitum").
3105 873 3304 943 Neque
3335 873 3488 927 enim
3518 871 3720 943 mundi

2071 948 2328 1011 Creator,
2364 943 2446 998 uti
2472 944 2619 999 falso
2641 943 2895 1000 haeretici
2920 942 3357 1014 opiniabantur,
3379 945 3468 999 vir
3497 942 3721 997 electus

2074 1020 2132 1070 et
2160 1015 2428 1071 Servator
2483 1015 2724 1071 alterius
2781 1015 2880 1071 Dei
2915 1013 3069 1070 ﬁlius
3098 1040 3112 1081 ;
3145 1019 3242 1070 sed
3273 1016 3362 1068 vir
3428 1022 3480 1069 et
3512 1013 3725 1068 mulier

2076 1086 2334 1155 legitimo
2364 1087 2656 1142 connubio
2688 1087 2967 1155 copulati,
3000 1104 3065 1142 ac
3114 1086 3271 1140 ﬁlius
3302 1102 3382 1140 ex
3403 1087 3488 1140 eis
3522 1102 3724 1140 susce-

2076 1163 2234 1230 ptus,
2268 1163 2407 1213 sunt
2427 1157 2518 1230 illi
2551 1159 2668 1230 duo
2699 1157 2785 1214 vel
2814 1164 2948 1230 tres,
2981 1158 3039 1212 in
3074 1173 3317 1230 quarum
3357 1157 3547 1230 medio
3568 1157 3724 1211 Deus

2077 1174 2234 1230 ptus,
2268 1174 2407 1213 sunt.
2438 1174 2518 1212 ιιιι
2551 1174 2668 1212 ouo
2699 1174 2785 1214 νει
2814 1174 2948 1224 tres,
2981 1174 3039 1212 ιη
3074 1174 3317 1282 quarum
3357 1174 3547 1212 mento
3568 1174 3722 1211 ueus

2077 1245 2208 1284 esse
2239 1230 2392 1299 apud
2425 1229 2763 1284 Matthmum
2823 1229 3054 1284 dicitur.
3115 1228 3190 1284 iis
3225 1245 3394 1299 porro
3453 1229 3722 1282 Clemens

2077 1301 2221 1355 alias
2238 1301 2534 1355 subnectit
2554 1300 2892 1356 eorumdem
2918 1299 3173 1356 Matthaat
3199 1301 3501 1355 verborum
3524 1300 3719 1355 ortho-

2078 1375 2259 1426 doxas
2284 1371 2722 1442 explanationes
2751 1373 2791 1406 ⁷¹
2809 1413 2821 1429 .

2149 1441 2372 1498 Deinde
2397 1458 2530 1497 vero
2559 1442 2655 1497 ille
2687 1442 2900 1498 horum
2930 1442 3337 1498 hereticorum
3368 1458 3592 1497 errores
3630 1441 3723 1512 ip-

2078 1513 2325 1569 siusmet
2355 1514 2668 1585 Scriptura":
2713 1514 2902 1570 verbis
2937 1513 3362 1585 ettestimoniis
3379 1513 3649 1585 convellit
3671 1517 3727 1568 et

2078 1586 2348 1641 destruit.
2373 1583 2686 1640 Catholicis
2709 1591 2902 1641 autem
2929 1587 3158 1656 exponit
3186 1585 3319 1655 quis
3342 1583 3638 1656 legitimus
3663 1590 3719 1638 et

322 1648 625 1729 bis,atque
656 1648 829 1699 etiam
860 1646 1008 1698 Petri
1041 1651 1094 1729 et
1127 1646 1404 1729 Philippi,
1436 1644 1719 1729 quintilios
1737 1660 1807 1729 ex
1830 1658 1971 1724 uxo-

2105 1659 2275 1712 icitus
2291 1658 2368 1710 sit
2388 1659 2641 1729 conjugii
2665 1674 2807 1712 usus
2833 1675 2846 1726 ;
2872 1644 3043 1728 atque
3072 1644 3300 1729 illos'ibi
3320 1644 3575 1729 uiduitos
3593 1671 3724 1729 esse

324 1717 497 1772 ribus
529 1715 650 1771 Suis
683 1723 1090 1788 susceperunt,
1123 1715 1410 1788 exemplo,
1444 1733 1508 1770 ac
1540 1715 1972 1788 Paulidenique

323 1789 566 1859 scriptis
615 1787 885 1858 expresse
918 1788 1103 1843 notari
1138 1794 1195 1843 et
1236 1787 1610 1845 condemnari
1634 1787 1724 1840 6".7
1755 1790 1973 1859 Carpo-

325 1857 510 1915 cratis
560 1857 728 1929 porro
760 1860 932 1915 solvit
979 1860 1363 1929 ohjectionem
1401 1860 1464 1925 ⁸³,
1521 1875 1588 1913 ex
1619 1857 1970 1929 hisgverbis,

328 1927 611 2002 superius
642 1931 872 1986 citatis:
909 1954 937 1980 «
970 1937 1010 1982 Α
1053 1927 1114 1984 te
1147 1932 1361 2002 petenti
1396 1932 1498 1985 des
1519 1931 1566 1965 “
1597 1951 1624 1978 »
1656 1927 1969 2002 delibatam

329 2009 392 2058 et
412 1998 492 2057 'de
542 2018 609 2056 ea
640 2004 790 2074 stipe
840 1998 1194 2073 pauperibus
1242 2003 1555 2073 eroganda,
1588 2005 1645 2056 et
1682 1998 1974 2074 thesauris

327 2076 633 2129 incassum
689 2071 804 2129 non
838 2071 1260 2146 congregandis
1292 2071 1671 2143 intelligenda
1716 2088 1846 2128 esse
1876 2071 1973 2125 de-

331 2150 644 2200 monstrat.

408 2218 801 2271 Christianam
835 2221 1028 2272 autem
1064 2216 1504 2282 continentiam,
1537 2231 1716 2286 quam
1738 2213 1974 2286 quidem

331 2289 464 2342 sine
496 2289 595 2342 Dei
628 2290 810 2356 gratia
860 2292 1093 2359 assequi
1128 2304 1298 2343 nemo
1333 2292 1542 2359 potest,
1560 2285 1981 2358 philosophica

335 2361 508 2414 docet
538 2376 667 2414 esse
702 2361 1184 2429 praestantiorem.
1215 2360 1391 2414 Juhet
1419 2359 1572 2412 enim
1609 2375 1800 2413 rerum
1836 2373 1979 2429 qua-

337 2431 622 2486 rumlibet
651 2427 985 2485 illicitarum
1013 2431 1547 2503 concupiscentiam
1581 2429 1706 2484 tolli
1740 2427 1980 2503 omnino

339 2509 401 2558 et
462 2504 764 2568 removeri,
798 2518 1021 2573 nosque
1077 2503 1150 2559 iis
1181 2500 1434 2571 tantum,
1467 2500 1984 2573 quaerfnecessaria

342 2579 506 2636 sunt,
567 2589 690 2629 esse
748 2571 1133 2629 contentos“.
1169 2574 1232 2628 Et
1275 2589 1403 2628 vero
1459 2572 1670 2644 angeli,
1701 2571 1986 2642 cupidita-

340 2649 508 2700 tibus
541 2647 694 2711 victi,
731 2645 843 2699 huc
895 2663 924 2698 e
957 2646 1100 2700 coelo
1131 2645 1336 2713 dejecti
1372 2647 1546 2699 fuere.
1581 2645 1759 2699 Addit
1791 2650 1982 2699 autem

339 2718 786 2771 Valcntinianos
821 2717 1012 2782 palam
1046 2718 1359 2771 tradidisse
1402 2716 1695 2770 Christum
1728 2716 1809 2768 ita
1839 2714 1986 2768 cibis

342 2806 519 2843 usum
555 2805 702 2853 esse,
739 2787 953 2843 utillos
977 2802 1088 2842 non
1117 2789 1453 2859 egereret“.
1481 2787 1984 2850 Quemadmodum

337 2876 481 2933 ergo
505 2861 808 2933 orthodoxi
835 2861 1450 2933 propterghonestatem
1473 2859 1986 2933 Deiqueamorern,

339 2930 434 2986 ita
459 2932 709 2986 haeretici
744 2931 802 2984 in
837 2931 1120 2985 Creatoris
1153 2934 1350 2985 odium
1377 2930 1795 2985 continentiam
1821 2930 1988 2999 proﬁ-

338 3004 634 3058 tebantur.
668 3004 777 3057 Sed
805 3003 859 3056 hi
897 3019 1021 3056 eam
1048 3019 1188 3059 sane
1220 3004 1291 3055 ob
1311 3019 1572 3067 causam,
1598 3002 1750 3055 sicut
1780 3005 1834 3054 et
1855 3001 1987 3071 plu-

341 3077 507 3133 rimae
542 3079 767 3145 gentes,
808 3074 1025 3129 indocti
1059 3078 1197 3128 sunt
1243 3080 1302 3128 et
1333 3074 1519 3144 impii.
1569 3072 1739 3128 Tales
1783 3074 1988 3142 utique

337 3163 474 3201 esse
534 3150 615 3199 ait
672 3146 1058 3200 bracbmanes
1118 3161 1348 3217 semper
1397 3146 1468 3198 ab
1501 3145 1988 3217 animatis,_vino

335 3217 624 3289 omnique
647 3217 776 3272 cibo
801 3218 990 3272 tribus
1013 3215 1435 3288 nonnunquam
1452 3217 1659 3271 diebus
1683 3215 1988 3270 abstinen-

337 3296 454 3351 tes,
487 3290 781 3359 vitamque
813 3305 926 3343 non
953 3305 1119 3343 secus
1151 3305 1218 3343 ac
1250 3294 1518 3356 mortem,
1544 3304 1715 3358 quam
1755 3302 1988 3359 regene-

337 3362 491 3416 ratio
518 3358 918 3430 subsequitur,
981 3377 1082 3428 pro
1116 3360 1299 3414 nihilo
1330 3361 1630 3423 ducentes,
1685 3358 1983 3430 Herculem

337 3441 397 3488 et
429 3448 634 3504 panem
670 3429 1038 3504 venerantur.
1076 3433 1238 3501 Apud
1280 3433 1454 3486 Indos
1500 3447 1637 3484 vero
1670 3429 1873 3504 crepuit,
1901 3435 1986 3482 to-

335 3503 466 3560 tum
501 3505 629 3558 vita:
661 3520 778 3558 suae
824 3503 1184 3558 curriculum
1217 3505 1356 3557 nudi
1395 3503 1754 3572 transigunt,
1787 3503 1987 3556 futura

338 3576 759 3646 prmnuntiant,
791 3582 847 3629 et
877 3576 1191 3645 quamdam
1228 3574 1429 3630 colunt
1464 3573 1984 3646 pyramideery-

341 3644 767 3715 mnosophistm
817 3644 1075 3706 tandem,
1109 3647 1254 3702 sicut
1313 3651 1368 3700 et
1400 3644 1606 3716 crepitet,
1643 3670 1670 3694 ‹‹
1723 3644 1986 3699 mulieri-

342 3723 476 3786 bus,
514 3742 540 3766 ››
601 3735 725 3789 qua;
781 3717 836 3771 in
874 3719 1209 3784 virginitate
1269 3723 1633 3787 permanent,
1686 3733 1981 3789 nunquam

339 3814 367 3839 ‹‹
404 3788 670 3846 utuntur.
708 3812 733 3837 ››
765 3807 831 3844 ac
860 3790 1181 3844 caelestium
1216 3790 1620 3844 observatione
1650 3805 1741 3842 res
1774 3788 1986 3860 praedi-

337 3868 481 3917 Cunt
517 3865 765 3916 futuras.

417 3935 626 3988 Verum
661 3932 936 4003 quoniam
971 3932 1008 3984 ii
1043 3932 1139 4003 qui
1173 3933 1369 3986 omnia
1397 3931 1787 3986 iuditi‘ercntia
1811 3935 1987 4001 atque

338 4006 486 4059 adeo
537 4003 698 4058 nulla
745 4003 946 4058 illicita
995 4009 1048 4056 et
1080 4011 1309 4074 peccata
1353 4018 1481 4057 esse
1531 4003 1984 4064 somniaverant,

339 4077 632 4148 quosdam
661 4076 971 4140 Scriptura!
1005 4075 1182 4148 locos,
1216 4093 1278 4129 ac
1295 4077 1631 4148 iprtrsertim
1668 4075 1787 4148 hinc.
1836 4079 1983 4144 Apo-

337 4145 469 4202 s’toli
505 4149 574 4202 ad
620 4147 913 4201 Romanos
966 4147 1140 4200 verba
1185 4163 1255 4202 zu
1294 4147 1594 4200 Peccatum
1647 4145 1811 4200 vobis
1871 4163 1984 4200 non

335 4219 742 4274 dominabitur
791 4219 854 4285 ⁸⁷,
893 4241 918 4266 ››
950 4223 1080 4283 otr.,
1117 4219 1172 4271 iu
1209 4235 1413 4288 pravos
1449 4235 1582 4272 suos
1643 4234 1851 4270 sensus
1884 4217 1986 4270 de-

336 4293 720 4362 torquebant,
781 4290 912 4343 hinc
945 4290 1238 4362 Clemens,
1274 4290 1524 4344 breviter
1551 4289 1809 4343 ostendit
1857 4304 1983 4362 qua:

334 4381 472 4418 vera
520 4362 594 4416 sit.
628 4361 857 4415 illorum
893 4365 949 4415 et
987 4361 1240 4432 Apostoli
1277 4377 1442 4416 mens
1478 4366 1651 4432 atque
1684 4361 1976 4432 sensus“.

337 4437 415 4490 Ad
455 4435 590 4489 illos
623 4440 842 4498 autem,
876 4437 974 4504 qui
1011 4430 1215 4487 falsam
1249 4430 1667 4486 continentiam
1716 4432 1773 4504 in
1807 4430 1978 4485 Crea-

337 4510 478 4562 toris
499 4508 702 4562 odium
730 4503 1138 4574 praetexebant,
1165 4505 1300 4557 inde
1328 4521 1617 4571 reversus,
1642 4503 1829 4571 palam
1856 4519 1982 4557 om-

342 4580 514 4632 nibus
551 4577 686 4631 facit
719 4577 787 4628 ab
813 4576 939 4629 istis
971 4578 1086 4629 hmo
1117 4577 1327 4630 Christi
1350 4577 1404 4629 in
1434 4574 1739 4644 Evangelia
1773 4591 1980 4627 secun-

341 4653 478 4703 dum
519 4650 787 4703 Hehrzeos
822 4653 885 4701 ad
917 4648 1147 4701 Salome
1181 4650 1388 4701 verba:
1429 4671 1447 4691 α
1489 4649 1618 4701 Veni
1653 4648 1721 4700 ad
1758 4647 1981 4699 ρηΙκ-οη-

341 4724 477 4775 dum
504 4737 679 4790 opera
705 4720 950 4790 feminae.
991 4743 1015 4764 ι»
1051 4736 1348 4788 perperam
1376 4720 1546 4788 obiici
1575 4735 1586 4771 :
1614 4719 1983 4788 quandoqui-

341 4795 468 4847 dem
502 4789 568 4846 ca
602 4790 747 4846 nihil
785 4789 938 4844 aliud
967 4791 1318 4856 significant,
1342 4791 1446 4844 nisi
1482 4809 1511 4840 a.
1543 4791 1768 4843 Christo
1793 4790 1985 4845 soluta

338 4880 464 4918 esse
497 4880 561 4918 cu
574 4862 834 4936 piditatis
853 4878 1048 4932 opera,
1083 4862 1874 4936 avaritiam.cnntentioncm,
1897 4863 1982 4915 in-

339 4952 549 4990 sanum
576 4931 841 4992 mulieris
874 4931 1128 4988 amorem
1163 4939 1219 4988 ct
1253 4934 1362 4987 alia
1410 4933 1815 5004 hujuscemodi
1853 4951 1981 5004 pec-

337 5015 486 5061 cata.

408 5071 712 5133 [natabant
742 5080 931 5130 tamen
961 5075 1136 5128 iidem
1166 5075 1417 5130 hmretici
1447 5076 1662 5130 ibidem
1682 5075 1979 5131 Christum

331 5151 516 5203 eidem
552 5143 782 5201 Salome
804 5147 1022 5201 dixisse
1049 5163 1061 5201 :
1084 5171 1109 5190 η
1137 5148 1407 5217 Eousque
1433 5147 1702 5201 homines
1730 5148 1980 5202 morien-

330 5227 448 5284 tur,
485 5219 750 5292 qlmndiu
807 5218 1031 5292 femina:
1065 5220 1473 5292 pepererintur»
1507 5219 1615 5273 Sed
1668 5221 1983 5289 respondet

331 5289 600 5348 Clemens
630 5290 683 5343 id
716 5290 785 5342 de
803 5289 1012 5362 animm
1052 5296 1260 5350 morte,
1283 5290 1552 5362 videlicet
1577 5296 1830 5362 peccato.
1858 5309 1982 5348 esse

330 5362 781 5435 intelligendum
820 5362 882 5411 ⁸³.
920 5361 984 5414 Et
1015 5377 1148 5435 vero
1180 5361 1390 5435 mulier
1418 5362 1546 5416 vita:
1581 5361 1980 5435 quemadmo-

333 5437 470 5490 dum
506 5433 720 5490 mortis
752 5449 927 5487 causa
953 5433 1192 5493 exstitit.
1220 5433 1348 5488 Haec
1379 5450 1546 5505 porro
1570 5434 1684 5488 vita
1721 5451 1828 5489 non
1855 5453 1979 5490 car-

401 5579 447 5614 ιο
500 5595 556 5650 ρ.
618 5577 745 5650 446.
823 5577 976 5650 93p.
1021 5577 1161 5650 447.
1195 5577 1283 5650 “63
1334 5595 1418 5650 ρ.
1452 5577 1590 5650 448.
1633 5577 1696 5650 ξω

331 5667 406 5717 νι,
450 5648 532 5705 tt.
609 5649 653 5682 σε
711 5664 761 5720 τι.
815 5648 938 5702 ise.
983 5648 1060 5720 ίσε
1092 5664 1148 5720 p.
1183 5648 1303 5702 453.
1336 5648 1350 5650 '
1383 5649 1425 5683 το
1458 5666 1512 5720 p.
1549 5648 1670 5703 454.
1747 5649 1788 5682 τι

335 5725 454 5778 461.
535 5721 580 5755 τθ
613 5737 668 5792 p.
704 5719 825 5773 462.
904 5720 945 5755 ⁷⁷
979 5719 1184 5775 Matth.
1218 5736 1357 5790 χχιι,
1391 5719 1496 5793 3ος
1531 5720 1706 5776 Marc.
1742 5719 1846 5789 xu,
1876 5722 1964 5778 25.

1740 5593 1799 5652 ρ.
1861 5579 1983 5652 449.
2059 5582 2107 5616 οι
2160 5586 2294 5639 Luc.
2349 5601 2426 5651 vi,
2486 5585 2574 5638 3o.
2652 5585 2697 5618 δι
2751 5601 2803 5652 p.
2858 5586 2980 5641 450.
3057 5585 3102 5620 σα

1825 5665 1881 5720 ρ.
1919 5651 2038 5706 455.
2119 5655 2164 5688 τε

2085 1729 2212 1802 vult
2268 1729 2360 1783 his
2417 1726 2634 1802 Meysis
2659 1729 2889 1784 verbis:
2930 1726 2971 1802 «ί
3012 1726 3368 1802 Egredimini
3429 1727 3725 1802 demedio

2085 1801 2374 1872 ipsorum,
2407 1822 2434 1848 ιι
2497 1797 2630 1868 etc.,
2664 1817 2777 1855 non
2811 1800 3008 1872 uxoris
3040 1797 3236 1865 a_viro,
3271 1799 3460 1872 ,juxta
3504 1797 3724 1872 falsam

2088 1870 2494 1944 haereticorum
2537 1871 3097 1944 interpretationem,
3131 1872 3229 1944 sed
3266 1871 3454 1943 ipsam
3495 1870 3727 1944 ἆρά-ωο-

2089 1960 2216 1998 rum
2255 1960 2284 1996 a
2317 1943 2611 2015 gentibus,
2638 1940 2974 1998 et'futuram
3008 1940 3474 1999 Christianorum
3507 1941 3577 1995 ab
3608 1940 3726 2015 haee

2088 2015 2288 2070 reticis
2318 2011 2742 2085 separationem
2771 2015 3085 2086 significari
3101 2017 3162 2069 ⁷³.
3181 2015 3329 2069 Tum
3348 2011 3726 2086 rursusPauli

2090 2088 2438 2158 auctoritate
2469 2086 2680 2158 probat
2695 2085 2954 2158 nuptias,
2979 2086 3299 2156 praesertim
3333 2085 3578 2158 primas,
3598 2099 3727 2138 esse

2091 2157 2383 2281 legitimas
2413 2174 2426 2223 ;
2451 2156 2624 2228 atque
2645 2156 2806 2212 illius
2833 2157 2980 2212 sicut
3002 2162 3058 2212 et
3085 2159 3231 2212 Petri
3256 2156 3589 2212 testimonio
3612 2171 3727 2209 non

2091 2246 2154 2281 so
2183 2245 2279 2281 um
2341 2229 2676 2281 damnanda
2704 2229 2901 2281 carnis
2960 2229 3266 2281 desideria.
3308 2234 3364 2281 et
3394 2250 3420 2277 ‹‹
3451 2228 3727 2281 inquina-

2091 2228 2279 2284 solum
2341 2229 2676 2284 damnanda
2704 2229 2901 2284 carnis
2960 2229 3266 2295 desideria,
3308 2234 3364 2282 et
3394 2250 3420 2277 ‹‹
3451 2228 3730 2297 inquina-

2092 2306 2304 2354 menta.
2339 2322 2366 2349 »
2404 2301 2502 2354 sed
2541 2300 2710 2356 nobis
2737 2301 2911 2356 etiam
2944 2317 3057 2356 non
3109 2301 3435 2354 secundum
3489 2314 3725 2353 carnem

2092 2373 2190 2428 sed
2225 2371 2544 2426 secundum
2569 2373 2842 2443 spiritum
2874 2373 3050 2426 vitam
3085 2369 3726 2427 esseinstituendam”.

2161 2444 2360 2524 Obiter
2382 2450 2572 2526 autem
2597 2443 2869 2526 observat
2886 2443 2957 2526 ab
2981 2443 3258 2526 Apostolo
3281 2443 3558 2526 eumdem
3581 2457 3726 2522 prae-

2093 2514 2276 2568 dicari
2310 2515 2528 2568 veteris
2563 2515 2811 2586 novique
2843 2511 3072 2569 fcederis
3103 2515 3304 2577 Deum,
3339 2520 3515 2584 atque
3545 2511 3730 2582 ipsius

2093 2586 2267 2641 verba
2311 2592 2515 2640 contra
2544 2589 2872 2641 Creatorem
2926 2587 2998 2641 ab
3048 2586 3335 2641 hareticis
3383 2589 3734 2656 praepostere

2098 2659 2390 2730 usurpari.
2443 2658 2586 2712 Tam
2619 2658 2886 2730 strictum
2936 2674 3131 2730 porro,
3180 2654 3732 2730 prosequitur‘Cle-

2097 2726 2284 2795 mens,
2319 2729 2472 2782 idem
2504 2728 2818 2800 Apostolus
2848 2726 3140 2785 asseverat
3169 2726 3297 2785 esse
3323 2726 3582 2799 conjugii
3614 2726 3742 2780 vin-

2096 2801 2342 2872 culum.
2378 2803 2443 2872 ut
2493 2801 2772 2872 conjugcs
2804 2801 2918 2856 nisi
2977 2802 3048 2856 ad
3085 2807 3340 2872 tempus,
3398 2817 3464 2854 ex
3531 2802 3736 2853 mutuo

2097 2873 2166 2926 ad
2201 2871 2448 2927 orationi
2477 2871 2801 2927 Vacandum
2855 2889 3167 2938 consensu,
3201 2871 3233 2928 ἁ
3267 2888 3328 2927 se
3360 2872 3606 2926 invicem
3641 2885 3737 2924 se—

2099 2943 2287 3014 parari
2321 2943 2490 3014 nolit.
2523 2943 2793 2998 Decernit
2824 2945 3020 3014 itaque
3046 2945 3262 2999 bonum
3297 2959 3426 2997 esse
3444 2947 3497 2995 et
3532 2943 3737 3014 conjuf

2021 3028 2063 3094 ρ
2102 3013 2264 3085 gium
2297 3021 2354 3069 et
2398 3013 2764 3094 caelibatum,
2801 3013 3040 3094 vultque
3097 3022 3163 3070 ut
3201 3031 3406 3094 omnes
3455 3015 3511 3068 in
3547 3029 3634 3080 eo,
3666 3013 3736 3066 ad

2103 3103 2274 3157 quem
2309 3086 2492 3158 vocati
2529 3092 2690 3148 sunt,
2719 3092 2872 3140 statu
2909 3088 3360 3158 perseverent“.

2169 3163 2292 3217 Qua
2323 3157 2557 3226 quidem
2605 3158 2765 3228 Pauli
2800 3157 3144 3212 auctoritate
3175 3163 3381 3213 auctor
3409 3161 3609 3211 noster
3639 3171 3738 3209 eos

2096 3229 2246 3284 ‘II5
2303 3228 2601 3293 redarguit
2645 3229 2766 3299 qui,
2818 3230 2991 3284 sicuti
3041 3231 3345 3295 Tatianus,
3397 3229 3633 3297 nuptias
3682 3229 3740 3280 et

2096 3300 2349 3354 ﬁliorum
2381 3300 2813 3368 generationem
2847 3301 3078 3357 diabolo
3111 3301 3484 3356 ascribehant
3512 3300 3573 3351 ⁷⁵.
3611 3301 3738 3352 Ine-

2099 3380 2224 3440 ptas
2268 3387 2400 3424 vero
2431 3371 2693 3440 ejusdem
2745 3371 2974 3427 Tatiani
3013 3373 3411 3428 cavillationes
3455 3370 3737 3442 explodit,

2096 3453 2149 3496 et
2178 3442 2435 3514 ostendit
2479 3443 2804 3514 legitimum
2835 3444 3198 3514 conjugium,
3232 3448 3288 3498 et
3317 3461 3384 3498 ex
3429 3458 3496 3497 eo
3535 3455 3737 3496 susce-

2096 3517 2229 3594 ptos
2260 3511 2500 3594 liberos,
2530 3513 2644 3594 Deo
2679 3511 3063 3587 probarifqui
3107 3516 3509 3594 polygamiam
3550 3515 3607 3567 in
3642 3529 3736 3568 ve-

2095 3587 2200 3638 teri
2251 3591 2602 3640 testamento
2634 3603 2666 3640 a
2713 3603 2776 3640 se
2805 3603 3164 3650 concessam,
3221 3587 3738 3655 p'rtescriptamque

2096 3657 2374 3724 conjuges
2403 3671 2472 3710 ex
2502 3656 2808 3726 congugali
2839 3659 2986 3712 lecto
3017 3666 3325 3724 surgentes
3357 3657 3630 3711 abluendi
3655 3655 3736 3709 le-

2095 3744 2226 3800 gem
2259 3728 2618 3800 abrogando,
2646 3725 3113 3800 iniunogemniam
3148 3731 3229 3784 ita
3255 3729 3383 3784 novi
3415 3725 3738 3800 introduxit

2097 3798 2658 3868 imderisJempore;
2695 3806 2756 3853 ut
2787 3798 3075 3855 secundas
3107 3806 3303 3855 tamen
3338 3799 3572 3868 nuptias
3603 3814 3738 3868 pro-

2097 3877 2222 3938 pter
2255 3869 2535 3942 hominis,
2569 3876 2632 3923 ut
2662 3869 2744 3924 ait
2777 3875 3104 3942 Apostolus,
3138 3870 3647 3941 intemperantiam
3681 3876 3738 3942 et

2094 3940 2409 4011 gerendam
2433 3941 2646 3995 domus
2673 3940 2872 3996 curam
2897 3944 3247 4014 permiserit.
3275 3940 3339 3998 In,
3357 3950 3600 4014 utroque
3628 3941 3736 4014 igi-

2094 4019 2189 4085 tur
2222 4017 2788 4085 testamento,cujus
2822 4031 2973 4070 unus
2996 4015 3290 4085 idemque,
3323 4013 3612 4084 quidquid
3632 4013 3740 4066 Ta-

2096 4084 2294 4138 tianus
2353 4087 2588 4154 garriat,
2624 4084 2778 4140 Deus
2836 4093 3039 4141 auctor
3069 4084 3198 4140 esse
3249 4086 3555 4148 asseritur,
3617 4089 3735 4137 tam

2095 4162 2367 4210 sanctum
2390 4161 2448 4211 et
2465 4156 2769 4226 probatum
2793 4175 3026 4225 semper
3042 4159 3150 4212 fuit
3169 4158 3534 4226 conjugium,
3559 4170 3734 4224 quam

2095 4227 2452 4300 sanctaipsa
2473 4227 2727 4300 Mos‘aica
2757 4228 2844 4282 lex
2875 4239 2931 4284 et
2962 4229 3075 4283 Deo
3109 4230 3350 4300 probata
3370 4230 3432 4281 τδ.
3466 4227 3568 4300 Cui
3597 4241 3738 4300 sane

2094 4299 2320 4351 veritati
2355 4296 2708 4370 'Apostolus,
2743 4300 2842 4370 qui
2871 4296 3480 4370 t‘uturos'nuptiarum
3522 4296 3736 4370 impios

2094 4385 2290 4423 osores
2341 4369 2847 4438 prmnuntiaverat,
2887 4369 3258 4438 apertissime
3319 4369 3734 4436 patrocinatur.

2092 4442 2170 4494 Ex
2201 4439 2415 4508 quibus
2456 4440 2723 4494 Clemens
2754 4441 2976 4511 colligit
3021 4459 3208 4508 neque
3265 4441 3522 4506 nuptias,
3551 4452 3738 4505 neque

2091 4511 2286 4566 carnis
2343 4514 2444 4563 aut
2474 4511 2587 4565 vini
2652 4527 2824 4565 usum
2860 4511 3191 4580 prohiberi;
3229 4512 3399 4564 modo
3459 4517 3648 4563 tamen
3683 4513 3740 4563 et

2093 4599 2225 4636 cum
2259 4580 2580 4652 gratiarum
2614 4583 2862 4645 actione,
2903 4591 2959 4637 et
2984 4586 3149 4650 juxta
3181 4582 3477 4636 stabilitas
3510 4582 3566 4635 in
3600 4597 3736 4634 om-

2098 4653 2269 4724 nibus
2301 4652 2560 4724 Apostoli
2593 4653 2855 4719 epistolis
2896 4655 3294 4724 temperantiae
3327 4671 3392 4708 ac
3434 4652 3735 4707 continen-

2095 4727 2187 4780 tizr
2219 4723 2371 4793 leges
2405 4723 2817 4778 adhibeantur.

2168 4794 2459 4865 Urgebant
2499 4796 2748 4850 haeretici
2803 4795 3147 4867 conjugium
3182 4796 3238 4851 in
3272 4795 3584 4867 Evangelio
3647 4814 3736 4852 rc-

2095 4867 2443 4940 probari,in
2498 4883 2617 4940 quo
2664 4883 2778 4940 non
2812 4867 3002 4922 solum
3039 4868 3254 4940 legitur
3299 4868 3615 4940 thesauros
3677 4871 3734 4924 in

2093 4943 2270 5007 terra,
2330 4939 2426 4993 tibi
2459 4937 2656 4992 omnia
2715 4937 3253 5005 absumeturfnon
3304 4957 3432 4997 esse
3492 4939 3737 4995 abscum

2093 5011 2352 5082 dandos:
2417 5011 2519 5065 sed
2562 5011 2803 5080 insuper
2861 5012 3146 5082 scriptum
3193 5018 3318 5067 est:
3359 5036 3378 5061 ε
3438 5011 3569 5066 Filii
3625 5031 3736 5065 sac-

2092 5081 2205 5154 culi
2257 5098 2358 5137 nec
2390 5083 2641 5154 nubunt,
2673 5099 2776 5137 uec
2827 5081 3210 5139 nubehtur'”.
3246 5107 3272 5134 ››
3322 5085 3394 5138 At
3427 5085 3738 5154 respondet

2091 5153 2362 5210 Clemens
2396 5153 2560 5226 prius
2592 5154 2992 5209 testimonium
3023 5155 3092 5209 ad
3126 5172 3288 5226 opem
3323 5153 3634 5226 egentibus
3660 5157 3736 5209 fe-

2093 5227 2356 5289 rendam,
2395 5227 2684 5297 posterius
2710 5242 2840 5282 vero
2869 5227 2938 5282 ad
2967 5228 3218 5283 futuram
3244 5232 3511 5298 spectare
3542 5243 3736 5282 resur-

2089 5298 2408 5353 rectionem
2429 5298 2491 5353 ⁷⁸.

2159 5369 2271 5423 Nec
2308 5368 2544 5438 majoris
2575 5369 2855 5424 momenti
2889 5374 3306 5441 argumentum
3342 5369 3414 5424 ab
3445 5369 3736 5425 hmreticis

2087 5438 2224 5495 inde
2247 5441 2634 5512 ducebantur,
2657 5443 2810 5512 quod
2827 5438 3142 5513 Apostolus
3157 5442 3416 5498 cwlibem
3433 5442 3732 5498 hominem

3159 5603 3214 5658 p.
3267 5586 3390 5643 451.
3433 5586 3510 5658 ί⁶⁷
3570 5587 3726 5641 Rom.

2199 5656 2404 5729 p.456.
2483 5656 2527 5690 η
2561 5673 2615 5724 ρ.
2652 5655 2772 5721 457,
2811 5656 2932 5708 458.
3038 5657 3082 5690 τι
3131 5655 3184 5728 p‘.
3222 5659 3342 5711 459.
3420 5657 3464 5691 τε
3513 5676 3569 5729 ρ.
3605 5658 3725 5722 460,

2043 5724 2085 5757 τε
2116 5742 2169 5797 p.
2208 5727 2329 5780 463.

3889 5585 4097 5735 ιβ’
