4148 6202
419 252 559 308 1019

1129 255 1204 307 1N
1241 253 1683 308 CLEMENTEM
1721 255 1937 307 ALEX.
1978 255 2045 306 D.
2088 253 2180 305 LE
2216 251 2516 305 NOURRY
2551 248 3030 303 DISSEBTATIO
3066 249 3140 301 ΙΙ.

3696 250 3870 306 1020

414 390 500 431 ea.
524 390 653 446 qua:
702 372 932 446 Domini
974 377 1129 446 sunt.
1162 389 1375 446 curare,
1404 373 1634 428 dixerit.
1666 373 1811 429 Nam
1857 375 2063 446 conju-
2098 377 2148 441 Α
2179 369 2495 446 similatur.
2521 368 2836 446 Cassianus
2859 366 3589 446 phantasticum,Mareion
3629 386 3784 428 vero
3801 378 3870 428 et

413 462 514 518 ges
545 445 720 501 etiam
753 447 822 500 de
854 445 1274 518 rebusdivinis
1296 445 1534 518 solliciti
1556 461 1684 501 esse
1717 452 1773 500 et
1805 450 1918 500 Deo
1944 445 2065 516 pla-

416 517 544 573 cere
575 521 845 589 possunt.
870 521 946 571 At
975 517 1054 572 ibi
1078 517 1350 572 observat
1369 517 1636 589 Clemens
1670 533 1844 589 quam
1872 533 2069 573 severe

417 587 1042 660 idem—Apostoluseos
1071 589 1368 660 corripiat,
1403 588 1506 660 qui
1537 589 1609 645 ad
1633 587 1925 645 secundas
1957 606 2068 644 nu-

367 671 378 682 ‘
423 661 580 733 ptias
611 658 751 716 sunt
780 658 1067 733 proelives
1099 661 1164 713 τυ.

492 731 722 788 Ultimae
767 729 1004 786 tandem
1053 731 1398 786 eorumdem
1448 729 1855 802 haereticorum
1906 731 2069 802 obje-

418 804 640 859 ctiones
669 803 800 858 inde
834 802 1026 872 petitae
1047 806 1232 869 erant,
1301 805 1359 856 et
1390 801 1530 872 quia
1558 803 1742 857 Judaei
1776 821 1809 859 a
1839 801 2070 859 Christo

420 876 668 930 Domino
700 891 876 946 parva
924 878 980 928 et
1017 872 1285 946 adultera
1331 874 1626 946 generatio
1652 875 2068 946 _appellantur,

418 953 476 1003 et
507 947 646 1028 quia
675 944 726 1000 is
757 945 856 1017 qui
890 960 1128 1028 uxorem
1161 945 1407 999 duxerat
1443 945 1514 1028 ad
1549 944 1809 1028 divinam
1845 963 2070 1002 omnem

417 1016 614 1072 venire
648 1016 1022 1072 recusaverit.
1056 1016 1382 1086 Utrumque
1412 1021 1605 1071 autem
1637 1023 1843 1074 auctor
1873 1025 2072 1073 noster

419 1089 587 1144 facile
619 1088 808 1144 diluit.
844 1087 1115 1144 Christus
1145 1088 1303 1142 enim
1324 1086 1560 1143 Judaaos
1592 1087 1683 1144 his
1713 1090 1906 1146 verbis
1938 1091 2068 1146 ideo

418 1167 536 1216 tam
569 1160 715 1215 dure
745 1160 1036 1231 objurgat,
1090 1159 1230 1230 quia
1256 1159 1294 1212 ii
1327 1159 1627 1215 seniorum
1672 1161 2066 1230 traditionem,

419 1237 826 1314 praeceptaque
875 1231 1192 1314 hominum
1212 1237 1549 1314 sequentes,
1580 1231 1848 1314 ‘divinam
1881 1233 2066 1303 legem

418 1302 772 1373 virginitatis
795 1303 1004 1375 ducem
1036 1303 1475 1358 adulterabant.
1498 1302 1598 1375 rAd
1625 1305 1864 1374 nuptias
1895 1302 2067 1375 perro

421 1375 683 1431 hominis
713 1374 940 1429 invitati
983 1377 1220 1429 nomine
1248 1378 1305 1428 et
1351 1373 1628 1443 parabole
1660 1373 1764 1429 hes
1795 1373 2066 1431 Christus

423 1447 704 1516 increpat,
735 1446 830 1517 qui
856 1451 1092 1516 propter
1120 1443 1448 1517 voluptates
1481 1446 1806 1501 renuebant
1839 1447 1934 1502 Dei
1965 1447 2066 1502 ob-

419 1515 1094 1589 temperare‘mandatis,
1129 1515 1344 1589 quibus
1373 1518 1657 1589 conjuges
1681 1517 1838 1573 haud
1861 1519 2066 1573 difﬁci-

421 1587 560 1670 liter
575 1589 905 1670 satisfacere
937 1593 1180 1670 possunt
1195 1588 1257 1639 ⁸ο.
1286 1589 1445 1654 Quod
1473 1587 1726 1670 denique
1754 1589 2066 1670 Psalmista

422 1661 668 1716 cecinit:
695 1684 722 1710 «
748 1659 1067 1715 lnveteravi
1086 1659 1238 1714 inter
1258 1658 1744 1715 omnesinimicos
1761 1663 1973 1716 meos“
1997 1679 2010 1728 ;
2033 1683 2062 1710 »

2180 441 2528 498 Valentinus
2560 440 2810 496 animale
2842 456 3054 511 corpus
3087 440 3158 494 ab
3192 441 3396 497 eodem
3419 442 3644 500 Christo
3666 461 3863 501 acce-

2180 519 2347 586 ptum
2393 530 2523 569 esse
2563 512 2913 586 inferebant.
2965 512 3207 567 Frustra
3254 512 3430 568 etiam
3485 515 3859 586 garriebant

2179 583 2488 654 Adamum,
2525 584 2639 640 nisi
2672 583 2958 639 diabolico
3006 600 3317 656 persuasu,
3351 583 3695 643 cum—uxore
3729 605 3862 643 sua

2183 673 2487 728 nunquam
2519 657 3044 728 commiscendum,
3070 672 3136 710 ac
3159 656 3409 726 juvenili
3432 659 3860 722 ardorunte-

2180 726 2423 785 vertisse
2455 733 2608 802 stata
2638 728 2731 783 sui
2763 743 2900 802 curn
2947 726 3047 782 illa
3077 729 3428 784 concubitus
3477 735 3754 802 tempora
3779 732 3858 785 ⁸⁷.

2181 801 2489 856 Enimvero
2522 800 2642 854 haec
2686 799 2839 855 mala
2872 799 3006 854 ficta
3053 816 3118 854 ac
3152 816 3457 871 perperam
3507 799 3864 871 excogitata

2180 872 2504 928 errantium
2540 871 2860 944 hominum
2893 845 3226 926 commenrta
3256 845 3368 927 [rion
3403 845 3856 944 impediebant,

2181 945 2500 1015 quominus
2535 943 2687 1016 bona
2717 942 2789 997 sit
2813 943 3129 1016 generatio,
3155 957 3466 1016 perquam
3492 942 3605 999 non
3633 946 3857 1000 solum

2181 1013 2484 1070 mundana
2530 1015 2730 1069 omnia
2782 1013 3588 1085 consistunt,’sed'ipsemet
3645 1018 3856 1072 etiam

2179 1086 2832 1161 Christushumanum,
2867 1102 2980 1140 non
3031 1091 3228 1141 tamen
3261 1087 3574 1158 pulchrum
3619 1104 3862 1161 corpus

2179 1158 2523 1228 assumpsit.

2252 1227 2664 1300 Non’amplius
2693 1227 2896 1300 itaque
2925 1243 3023 1284 eos
3053 1227 3324 1288 Clemens
3355 1234 3555 1286 censet
3578 1245 3710 1286 esse
3732 1248 3860 1287 au-

2177 1301 2423 1357 diendos
2438 1299 2536 1372 qui
2549 1301 2647 1374 abj
2660 1300 2726 1374 ici
2739 1307 2844 1355 unt
2861 1299 3016 1374 hunc
3038 1301 3351 1374 concubitu
3364 1302 3502 1374 min
3524 1303 3768 1374 Scriptu
3781 1320 3858 1359 ra

2179 1390 2343 1429 sacra
2392 1371 2674 1443 appellari
2711 1393 2740 1420 «
2771 1371 3210 1441 cogitationem,
3269 1394 3297 1421 »
3331 1373 3388 1427 id
3433 1382 3517 1428 est
3567 1371 3854 1430 mandati

2176 1445 2705 1515 transgressionem
2733 1462 2746 1509 ;
2782 1443 3118 1515 acproinde
3147 1459 3278 1499 esse
3311 1450 3636 1514 peccatum.
3682 1449 3855 1502 Nam

2177 1517 2284 1572 hoc
2314 1514 2665 1572 vecabulum
2699 1514 2965 1570 notitiam
3000 1531 3233 1586 quoque
3280 1516 3563 1586 veritatis,
3602 1533 3709 1573 nec
3744 1518 3857 1573 in-

2176 1589 2518 1660 fringendas
2549 1586 2967 1660 esse_conjugii
3001 1585 3159 1658 leges
3187 1587 3519 1660 significat.
3539 1587 3850 1645 Caeterum

2175 1657 2408 1714 etiamsi
2458 1657 2773 1730 Apostolus
2819 1657 3080 1725 carnem,
3113 1658 3326 1714 animae
3358 1659 3681 1726 inimicam,
3745 1678 3852 1717 re-

422 1735 701 1810 Clemens
719 1731 944 1810 sitnon
964 1730 1536 1810 .ad_genera_tionem,
1572 1731 1654 1810 u_ti
1698 1731 2063 1810 falsohaare-
2095 1745 2142 1810 Β
2174 1748 2356 1803 gnum
2385 1731 2484 1810 Dei
2523 1730 2820 1810 possidere
2859 1746 2972 1784 non
3005 1745 3188 1810 posse
3211 1730 3443 1810 dixerit,
3478 1739 3706 1810 certum
3740 1737 3851 1810 ta-

422 1803 519 1884 tici
546 1805 850 1884 putabant,
871 1801 1076 1884 ‘sedrad
1093 1801 1576 1884 'peccatum,puta
1594 1803 2057 1884 fornicationem,

425 1872 666 1930 minimc
697 1889 829 1928 vero
871 1872 1166 1944 legitimas
1198 1872 1450 1943 nuptias
1477 1889 1603 1929 esse
1659 1878 2054 1932 referendum.

496 1944 781 2011 Quoniam
831 1949 1024 1999 autem
1059 1944 1341 2008 Cassiani,
1377 1949 1717 2000 Doeetarum
1769 1947 2068 2004 haeretico-

429 2033 561 2071 rum
606 2016 910 2088 principis,
958 2015 1111 2070 idem
1145 2033 1210 2071 ac
1239 2016 1465 2071 Tatiani
1513 2017 1584 2072 de
1613 2017 1768 2072 mala
1811 2019 2068 2075 hominis

425 2088 798 2160 generatione
819 2103 983 2160 error
1013 2092 1158 2160 erat,
1181 2088 1590 2160 eademqueut
1619 2089 1942 2159 plurimum
1964 2093 2068 2147 im-

427 2158 534 2232 piae
570 2159 862 2229 opinionis
897 2158 1299 2222 fundamenta,
1332 2158 1454 2214 haec
1494 2158 1762 2216 Clemens
1786 2163 1910 2232 jam
1945 2180 1976 2217 ει
2009 2180 2071 2220 se

433 2231 696 2286 funditus
753 2247 948 2287 eversa
977 2246 1104 2286 esse
1134 2232 1362 2286 asserit.
1419 2231 1807 2296 Quamobrem
1840 2235 1910 2288 ad
1957 2235 2071 2290 alia

434 2318 551 2358 non
585 2305 782 2358 minus
829 2303 1051 2358 caduca
1089 2303 1352 2373 ejusdem
1402 2303 1660 2358 Cassiani
1702 2304 2073 2362 firmamenta

435 2373 708 2429 similiter
737 2373 1022 2429 diruenda
1053 2375 1293 2444 propius
1323 2374 1566 2430 accedit.
1627 2375 1774 2442 Quid
1811 2378 1966 2433 enim
1995 2379 2067 2433 ad

439 2445 647 2501 falsam
677 2445 842 2520 illius
867 2444 1201 2520 opinionem
1233 2445 1642 2520 stabiliendam
1678 2448 1864 2520 magis
1888 2450 2072 2518 futile,

433 2533 610 2588 quam
677 2518 793 2572 haec
851 2518 1078 2586 objecta
1122 2517 1204 2588 ab
1235 2533 1322 2584 eo,
1382 2517 1466 2572 uti
1515 2517 1804 2587 jactabat,
1859 2517 2071 2575 Christi

435 2587 610 2644 verba
637 2605 649 2643 :
687 2611 712 2636 ‹‹
744 2589 987 2655 Quando
1020 2587 1260 2659 pudoris
1292 2589 1702 2644 indumentum
1735 2592 2075 2647 conciliave-

434 2660 584 2724 ritis,
616 2668 673 2715 et
703 2661 818 2715 duo
851 2660 1003 2714 facta
1046 2659 1262 2714 fuerint
1295 2677 1502 2727 unum,
1561 2663 1861 2716 masculus
1892 2670 1948 2718 et
1987 2665 2073 2719 fe-

436 2731 642 2787 mina?
675 2753 704 2804 υ
746 2731 969 2787 Etenim
1003 2729 1271 2804 Clemens
1300 2731 1920 2804 continuorrespondet
1952 2734 2074 2790 haec

434 2819 624 2875 neque
674 2803 731 2857 in
781 2807 1036 2874 quatuor
1073 2802 1289 2858 nostris
1321 2803 1674 2875 Evangeliis,
1705 2802 1826 2860 sed
1868 2806 1925 2860 in
1980 2823 2069 2873 eo,

433 2873 587 2946 quod
623 2873 948 2958 secundum
978 2875 1274 2958 [Egyptios
1296 2873 1844 2958 _in‘scriptum_erat,
1877 2893 2075 2933 occur-

432 2945 561 3003 rere
581 2963 620 3019 ,Ἀ
648 2951 820 3018 atque
852 2945 1101 3019 masculi
1125 2945 1432 3019 fvocabulo
1463 2945 1631 3019 iram,
1665 2949 1892 3004 femina:
1934 2967 2070 3006 vero

431 3017 810 3088 cupiditatem
841 3017 1160 3088 designari.

498 3091 659 3174 Quod
693 3095 886 3174 autem
910 3088 1501 3174 addebat‘Cassianus
1519 3089 1777 3174 animam
1811 3091 1881 3146 ab
1906 3091 2070 3174 initio
2102 3105 2145 3174 ο

426 3161 711 3227 divinam,
741 3162 857 3216 huc
887 3161 1282 3217 effeminatam
1315 3162 1385 3216 ad
1418 3163 1852 3231 generationem
1885 3169 1940 3219 et
1976 3165 2068 3220 in-

425 3233 664 3288 teritum
715 3232 927 3300 venire,
959 3233 1017 3288 id
1067 3231 1335 3288 Clemens
1383 3233 1560 3302 nimis
1589 3233 1952 3291 Platonicum
2002 3253 2068 3292 au

430 3303 602 3378 plane
618 3320 925 3378 erroneum
939 3319 1066 3378 esse
1079 3305 1840 3378 demonstrat”.Quodnam
1856 3306 2071 3378 quippe

431 3375 606 3448 fuerit
634 3375 914 3448 primum,
948 3376 1117 3445 cujus
1139 3375 1368 3431 delendi
1389 3377 1576 3448 gratia
1605 3375 2069 3434 Christus'ho—mo

428 3447 640 3520 factus,
677 3451 786 3515 est,
813 3447 948 3520 Adm
972 3457 1303 3520 peccatum,
1353 3447 1577 3519 etquid
1620 3450 1772 3520 apud
1824 3449 2070 3505 Paulum

429 3522 598 3573 vetus
627 3517 800 3574 homo
831 3518 1139 3589 significet,
1175 3536 1240 3575 ac
1272 3535 1373 3574 cur
1403 3517 1778 3575 tandem—ille
1809 3527 2067 3578 nostram

429 3589 489 3664 i_n
516 3589 682 3664 emlis
714 3589 1135 3664 habitationem
1169 3607 1297 3664 esse
1327 3591 1501 3658 dicat,
1533 3592 1786 3664 breviter
1816 3593 2070 3664 exponit.

431 3661 744 3735 Pollieetur
772 3661 1025 3733 denique
1055 3679 1116 3718 se
1147 3661 1286 3717 alibi
1317 3668 1521 3735 contra
1565 3663 1772 3719 falsam
1807 3661 2069 3735 ejusdem

430 3733 694 3817 Cassiani
718 3734 1254 3817 interpretationem
1271 3734 1670 3817 expositurum
1695 3752 1820 3817 ques
1838 3733 1915 3817 sit
1938 3753 2076 3817 vera

435 3805 978 3878 pellicearumuA'dm
1001 3810 1059 3860 et
1077 3807 1201 3878 Eva:
1229 3805 1563 3878 tunicarum
1592 3805 2074 3878 significatian-

435 3875 592 3949 terea
622 3893 755 3931 vero
785 3875 882 3932 ille
916 3878 1070 3949 quod
1106 3877 1318 3933 Paulus
1367 3883 1602 3949 propter
1631 3875 2074 3936 fornicationem

427 3947 599 4017 jubet
631 3964 866 4022 uxerem
914 3948 1071 4016 duci,
1098 3949 1260 4022 quod
1293 3947 1560 4022 (.lh‘ristfus
1607 3967 1764 4018 eum,
1799 3952 1899 4022 qui
1934 3969 2075 4006 uxo-

435 4035 556 4074 rem
609 4023 666 4073 et
697 4018 864 4091 filios
899 4035 1013 4091 non
1045 4019 1269 4091 oderit,
1302 4020 1656 4091 discipulum
1708 4018 1883 4077 suum
1943 4040 2074 4078 esse

437 4095 630 4162 negat,
663 4090 816 4161 quod
851 4090 1042 4162 Isaias
1063 4090 1307 4144 enuchis
1337 4107 1370 4145 a
1416 4090 1663 4146 Domino
1695 4093 1916 4148 dictum
1949 4111 2078 4150 esse

431 4161 625 4231 refert,
650 4162 804 4233 quod
835 4161 1120 4233 Jeremiasy
1149 4165 1324 4230 atque
1354 4162 1565 4217 Esdras
1600 4163 1716 4218 diei
1748 4165 2072 4221 nativitatis

431 4250 548 4290 suae
577 4232 729 4288 male
755 4237 1085 4304 precantur,
1115 4232 1619 4304 horum,inquam,
1643 4235 1908 4291 omnium
1934 4253 2075 4292 con-

430 4312 521 4361 tra
559 4303 859 4380 haereticas
897 4303 1309 4380 cavillationes
1369 4320 1572 4360 verum
1638 4307 2079 4380 genuinumque

434 4394 611 4434 sensu
643 4377 911 4432 enucleat
931 4375 996 4430 ⁸³.

2177 1800 2310 1858 Enen
2341 1807 2432 1858 est
2464 1800 2702 1858 sanates
2735 1800 2918 1856 fuisse
2939 1818 2970 1855 a
3000 1800 3232 1856 Christo
3262 1802 3456 1857 carnis
3483 1807 3698 1860 nostra:
3736 1804 3852 1860 in—

2175 1875 2506 1941 firmitates,
2539 1879 2716 1945 atque
2745 1871 3044 1928 hominem
3093 1872 3333 1945 idcirco,
3372 1874 3421 1928 si
3455 1878 3650 1930 tamen
3702 1893 3840 1932 non

2177 1947 2522 2019 peccaverit,
2557 1944 2726 2019 posse
2757 1960 3001 2015 regnum
3034 1945 3133 2019 Dei
3147 1944 3412 2019 adipisci
3433 1945 3498 2019 εξ.

2247 2019 2329 2074 Ex
2361 2015 2574 2090 quibus
2604 2016 2870 2090 Clemens
2891 2015 3188 2090 concludit
3217 2015 3420 2090 omnes
3442 2016 3574 2090 illos
3592 2016 3843 2074 haereti-

2177 2106 2275 2146 cos
2306 2087 2425 2144 toto
2456 2088 2599 2144 caalo
2630 2088 2708 2160 ab
2733 2087 3030 2160 catholicae
3061 2087 3323 2144 veritatis
3355 2087 3557 2160 regula
3588 2091 3834 2145 aberra-

2178 2178 2261 2232 re,
2293 2166 2410 2216 tam
2444 2177 2542 2216 eos
2571 2159 2668 2230 qui
2689 2157 2844 2213 falsae
2876 2158 3247 2232 continentiae
3277 2157 3556 2232 praetextu
3582 2162 3833 2232 nuptias

2177 2231 2596 2304 creaturasque
2624 2231 3121 2304 condemnab‘ant,
3157 2231 3517 2304 quamralios
3549 2232 3650 2303 qui
3671 2231 3835 2290 sese

2179 2306 2237 2360 in
2271 2305 2432 2360 omni
2464 2301 2926 2375 etfrenatissima:
2961 2301 3244 2375 libiniset
3267 2301 3836 2375 rvoluptatisgenere

2179 2376 2528 2448 volutantes,
2561 2375 2617 2429 id
2638 2374 2861 2430 caeteris
2882 2374 3159 2448 omnibus
3184 2373 3344 2448 licitu
3359 2373 3565 2448 messe
3586 2373 3842 2448 persua-

2180 2449 2315 2503 dere
2345 2447 2727 2519 conabantur.
2787 2445 3200 2509 Quamobrem,
3235 2451 3302 2500 ut
3332 2445 3464 2502 illos
3506 2445 3840 2519 fugiamus,

2183 2537 2285 2575 nec
2307 2535 2436 2573 cum
2455 2518 2540 2574 eis
2564 2534 2824 2587 unquam
2847 2519 3470 2588 conversemur,jubet
3491 2535 3604 2573 non
3629 2518 3835 2575 solum

2182 2591 2491 2661 Propheta,
2524 2589 2622 2645 sed
2656 2589 2830 2643 etiam
2863 2587 3200 2661 Apostolus,
3235 2589 3332 2658 qui
3357 2589 3838 2658 fornicationem,

2182 2660 2529 2742 neutiquam
2553 2664 2590 2715 1
2728 2676 2862 2716 vero
2886 2660 3122 2742 nuptias
3146 2661 3460 2742 proscribit
3483 2662 3543 2742 ιτ.
3568 2661 3842 2742 Quapro-

2183 2739 2309 2804 pter
2355 2731 2562 2788 rursus
2611 2732 2880 2787 Clemens
2912 2731 3058 2804 alios
3107 2733 3369 2804 corripit,
3423 2734 3524 2804 qui
3576 2731 3839 2790 veterem

2179 2803 2386 2877 legem,
2421 2805 2589 2876 quasi
2621 2804 2854 2859 easdem
2885 2803 3144 2877 nuptias,
3175 2805 3234 2858 in
3267 2803 3410 2877 nova
3432 2803 3702 2877 rejectas,
3727 2822 3839 2876 ap-

2181 2874 2473 2949 probaret,
2527 2892 2828 2949 perperam
2885 2874 3292 2949 repudiabant.
3351 2875 3613 2949 Denique
3669 2874 3838 2933 hunc

2181 2946 2537 3005 absolvenda
2557 2946 2800 3012 librum,
2836 2963 2942 3002 nos
2965 2946 3170 3002 sedulo
3193 2951 3393 3002 monet
3413 2946 3835 3004 Gnosticorum

2182 3037 2394 3077 nomen
2425 3020 2496 3076 ab
2547 3019 2640 3076 his
2670 3018 2959 3075 haereticis
2989 3017 3159 3090 plane
3192 3018 3479 3075 immerito
3532 3019 3837 3092 usurpari.

2744 3115 2999 3171 ARTICU
3010 3115 3136 3172 LUS
3177 3118 3272 3170 IV.

2670 3204 2926 3276 Analysis
2959 3204 3097 3259 libri
3127 3203 3337 3276 quarti.

2252 3305 2334 3361 De
2366 3303 2642 3376 martyrio
2687 3307 2745 3358 et
2785 3303 2857 3376 de
2904 3303 3158 3376 perfecto
3211 3302 3456 3376 homine
3501 3303 3610 3376 sibi
3673 3321 3841 3361 nunc

2182 3373 2608 3448 disputandum
2641 3390 2770 3448 esse
2799 3373 3077 3448 Clemens
3101 3373 3360 3430 declarat
3379 3375 3444 3429 ὀ.
3479 3377 3540 3431 In
3587 3375 3695 3430 hoc
3724 3394 3842 3432 au-

2183 3446 2300 3504 tem
2333 3452 2581 3503 tractatu
2633 3447 2710 3502 ait
2742 3463 2803 3502 se
2834 3447 2993 3502 deiis
3025 3446 3349 3516 dicturum,
3389 3463 3514 3516 quae
3548 3449 3844 3505 orationis

2185 3520 2590 3589 sermonisque
2641 3519 2783 3574 ordo
2830 3523 2888 3574 et
2944 3517 3225 3573 connexio
3275 3519 3616 3582 postulabit.
3673 3521 3840 3584 Qua-

2185 3596 2420 3665 propter
2453 3589 2766 3665 _monitum
2826 3589 3146 3662 quemlibet
3178 3590 3318 3665 facit
3355 3605 3464 3665 se,
3497 3594 3840 3665 postquam

2184 3660 2349 3720 servo
2375 3667 2431 3718 et
2453 3661 2657 3731 libero,
2686 3663 2812 3734 viro
2844 3660 3006 3733 teque
3037 3679 3101 3734 ac
3135 3660 3368 3716 mulieri
3410 3660 3842 3734 philosophan-

2184 3737 2324 3791 dum
2356 3750 2484 3790 esse
2541 3733 2822 3799 docuerit,
2851 3737 2992 3788 tunc
3025 3733 3466 3804 disputaturum
3489 3733 3560 3790 de
3592 3733 3724 3801 fide,
3761 3737 3842 3792 de

2185 3805 2590 3879 inquisitione,
2619 3805 2689 3860 de
2737 3805 3054 3879 symbolico
3087 3805 3366 3879 loquendi
3397 3821 3626 3879 genere,
3659 3823 3726 3862 ac
3762 3808 3839 3863 de

2184 3876 2416 3949 iis'quze
2447 3877 2518 3932 ad
2554 3893 2743 3932 mores
2775 3876 3082 3949 pertinent
3109 3894 3122 3932 :
3153 3876 3549 3949 ideinde’vero
3580 3877 3650 3932 de
3696 3879 3838 3933 bar-

2185 3947 2336 4006 barm
2388 3949 2772 4021 philosophiae
2804 3967 2837 4004 a
2868 3947 3408 4021 GraecisAdelibataa
3439 3948 3715 4014 utilitate,
3760 3953 3838 4008 de

2188 4038 2363 4077 sacra:
2389 4018 2740 4092 rScripturzer
2771 4021 3052 4092 adversus
3083 4018 3313 4092 Graecos
3363 4025 3419 4074 et
3445 4021 3676 4092 Judteos
3726 4037 3838 4077 ex-

2189 4093 2494 4165 positione,
2526 4090 2584 4147 et
2615 4094 2685 4147 de
2729 4091 2817 4146 his
2847 4108 2974 4162 quin
3008 4091 3063 4144 in
3093 4090 3503 4165 superioribus
3534 4091 3726 4156 libris,
3761 4111 3842 4149 ne

2189 4161 2539 4237 prolixiores
2555 4167 2776 4237 essent,
2818 4161 3210 4237 praetermissa
3238 4167 3413 4237 sunt;
3443 4168 3670 4237 postea
3699 4181 3843 4221 vero

2188 4234 2276 4308 de,
2315 4234 2894 4308 naturalibusrjuxta
2941 4234 3273 4308 Graecorum
3333 4234 3846 4308 barbarorumque

2190 4307 2494 4379 opiniones
2526 4305 2854 4378 principiis,
2889 4323 2954 4362 ac
2996 4305 3307 4378 praecipuis
3349 4306 3576 4378 philoso
3623 4305 3846 4366 horum

2191 4378 2582 4452 dogmatibus,
2634 4379 2703 4433 de
2751 4378 3078 4452 Scripturae,
3121 4394 3239 4448 qua
3270 4377 3547 4434 adversus
3585 4324 3851 4437 ἕξει-6888

2568 4421 2582 4443 ,
2634 4419 2703 4433 uv
2751 4419 3078 4444 υνιιιινιδιυυ,

498 4451 694 4531 Pergit
722 4449 986 4504 Clemens
1007 4449 1052 4482 ⁸⁸
1082 4447 1195 4531 alia
1219 4447 1440 4531 diluere
1462 4447 1730 4531 Cassiani
1762 4466 2074 4531 argum_en-
2107 4468 2156 4531 D
2189 4447 2373 4531 unum
2405 4452 2688 4506 duntaxat
2722 4447 3181 4531 omnipotentem
3214 4465 3343 4531 esse
3373 4455 3565 4531 peurn
3593 4453 3846 4508 demon-

429 4525 511 4588 ta,
543 4520 712 4577 ab'eo
747 4536 1048 4593 perperam
1080 4521 1332 4593 deducta
1356 4537 1422 4593 ex
1452 4521 1582 4576 Jobi
1615 4520 1808 4577 verbis
1835 4520 1906 4578 ἴα
1933 4523 2073 4579 Nul-

429 4593 522 4648 lus
554 4611 588 4648 a
617 4591 788 4648 sorde
808 4591 1086 4660 mundus,
1121 4608 1228 4648 nec
1257 4591 1647 4664 sisitquidem
1669 4611 1784 4648 una
1807 4594 1932 4650 dies
1955 4597 2077 4651 vita

427 4668 553 4734 ejus
579 4683 591 4720 :
617 4688 641 4712 ››
661 4671 719 4719 et
749 4665 1073 4720 Psalmislaa
1102 4682 1114 4718 :
1149 4688 1176 4714 «
1207 4668 1267 4720 In
1289 4665 1540 4735 peccatis
1571 4671 1886 4733 conceptus
1919 4684 2074 4735 sum,

431 4742 488 4790 et
513 4739 564 4790 in
592 4735 1002 4808 iniquitatibus
1020 4737 1389 4808 concepitme
1406 4742 1585 4791 mater
1598 4739 1802 4792 mea”:
1821 4761 1846 4788 »
1865 4756 1930 4794 ac
1954 4745 2077 4795 tan-

430 4808 565 4882 dem_
594 4807 885 4861 Malachize
913 4825 924 4860 :
953 4830 970 4856 α
991 4807 1240 4882 _Videam
1268 4808 1658 4882 primogenita
1681 4826 1782 4880 pro
1807 4809 2075 4882 impieta-

430 4883 506 4950 te,
541 4878 795 4950 fructum
819 4878 1040 4950 ventris
1072 4880 1183 4934 mei
1220 4895 1320 4950 pro
1355 4878 1608 4950 peceatis
1631 4878 1834 4935 animo:
1864 4878 2021 4938 meae.
2046 4906 2072 4932 »

428 4948 607 5024 Docet
635 4947 789 5024 enim
823 4949 1072 5024 ipsemet
1099 4947 1372 5006 Clemens
1400 4950 1521 5024 bzec
1539 4952 1735 5007 omnia
1766 4969 1868 5024 pro
1891 4954 2072 5009 haere-

426 5020 541 5074 tica
573 5019 872 5090 impietate
930 5020 1075 5074 nihil
1111 5038 1352 5090 prorsus
1397 5022 1604 5089 facere,
1650 5041 1716 5079 ac
1759 5019 2073 5082 catholicos

424 5090 639 5166 habere
685 5090 1028 5166 explicatus.
1065 5093 1148 5146 Ad
1191 5092 1471 5166 hiecvere
1505 5093 1666 5166 addit
1726 5097 2070 5166 Apostolum

431 5162 782 5237 scribentem
811 5179 824 5217 :
865 5183 890 5213 ι
912 5162 1018 5237 Qui
1039 5168 1254 5237 ‘eertat,
1287 5164 1359 5237 ab
1382 5165 1658 5220 omnibus
1680 5162 1935 5224 abstinet
1952 5169 2017 5237 ⁸⁸,
2043 5192 2070 5218 ››

427 5234 520 5288 his
552 5233 743 5288 verbis
788 5249 903 5287 non
937 5233 1152 5289 dixisse
1181 5235 1594 5290 abstinendum
1623 5254 1754 5292 esse
1783 5241 1855 5293 ab
1879 5233 2073 5294 omni-

428 5308 560 5367 bus,
595 5306 695 5360 sed
728 5305 786 5359 in
820 5305 1097 5360 omnibus
1130 5306 1499 5361 continenter
1521 5308 1853 5364 vivendum.

499 5378 672 5432 Porro
704 5381 896 5431 autem
931 5375 1142 5432 malam
1178 5394 1292 5432 non
1325 5393 1453 5432 esse
1476 5381 2071 5448 generationeminde

425 5447 693 5504 Clemens
723 5448 958 5513 evincit,
993 5449 1146 5523 quod
1192 5448 1460 5503 Christus
1482 5447 1560 5523 ex
1592 5450 1810 5516 virgine
1839 5452 2070 5523 genitus

423 5523 520 5578 sit.
545 5525 783 5577 Frustra
795 5537 932 5593 ergo
951 5519 1278 5592 quiahomo
1293 5521 1664 5592 generatione
1677 5524 1700 5593 j
1713 5519 1970 5581 umentis
1984 5543 2070 5581 as-

491 5741 536 5778 “
569 5758 624 5813 p.
655 5741 779 5796 464.
854 5740 900 5776 ⁸ο
931 5740 1052 5795 465.
1129 5741 1173 5778 ει
1211 5738 1376 5813 Psal.
1401 5756 1472 5808 Vl,
1505 5741 1559 5794 8.
1636 5743 1681 5777 ⁸³
1717 5760 1769 5813 p.
1807 5744 1933 5798 466.
2018 5744 2062 5777 ⁸³

2193 4527 2430 4590 stratur,
2466 4539 2701 4577 summa
2728 4521 3119 4595 auctoritate,
3155 4538 3221 4577 ac
3252 4522 3488 4578 tandem
3533 4523 3604 4578 de
3637 4545 3664 4595 «ς
3692 4540 3849 4595 gno-

2191 4596 2337 4650 stica
2370 4616 2397 4642 ››
2445 4593 2941 4664 contemplatione
2965 4595 3032 4650 ⁹¹.
3065 4596 3201 4657 Qua:
3249 4595 3490 4664 quidem
3526 4604 3587 4650 ut
3617 4593 3847 4652 clarius

2189 4665 2572 4738 explicentur,
2608 4665 2748 4720 dicit
2793 4665 3058 4738 Clemens
3089 4665 3209 4738 sibi
3236 4683 3268 4720 a
3300 4667 3492 4736 parvis
3521 4683 3650 4721 esse
3685 4667 3845 4723 inci-

2187 4737 2464 4810 piendum
2501 4740 2696 4802 rebus,
2725 4739 2884 4810 etab
2917 4737 2988 4810 iis
3020 4753 3148 4810 quae
3181 4737 3252 4790 de
3303 4739 3506 4793 mundi
3537 4739 3842 4796 creatione

2185 4807 2402 4881 scripta
2449 4814 2608 4881 sunt,
2649 4813 2826 4881 atque
2855 4808 2990 4863 inde
3034 4807 3316 4881 lectorum
3353 4811 3580 4865 animos
3628 4811 3700 4865 ad
3735 4829 3841 4867 su-

2186 4880 2456 4938 blimiora
2489 4880 2893 4953 sicgradatim
2928 4880 3356 4953 conducturum
3386 4901 3398 4948 ;
3431 4886 3493 4953 ut
3516 4885 3840 4953 postquam

2182 4953 2276 5021 iis,
2339 4969 2464 5023 qua:
2524 4951 2590 5006 ad
2614 4951 2833 5024 mores,
2877 4956 3163 5024 spectant,
3228 4952 3402 5008 finem
3462 4951 3839 5024 imposuerit,

2182 5026 2314 5082 illos
2332 5027 2400 5080 ad
2433 5024 2745 5096 ipsiusmet
2772 5023 3108 5080 Divinitatis
3130 5023 3687 5095 contemplationem
3713 5023 3846 5098 per-

2184 5100 2382 5154 ducaL

2252 5169 2380 5223 Hrec
2412 5183 2584 5238 porro
2617 5168 2965 5238 argumenta
2995 5165 3197 5221 omnia
3245 5183 3361 5222 non
3396 5167 3719 5238 separatim
3786 5175 3849 5227 et

2181 5219 2454 5295 accurata
2487 5219 2783 5304 methodo,
2819 5239 2919 5293 sed
2947 5238 3228 5309 permiste
3257 5244 3315 5293 et
3341 5219 3603 5309 contruse,
3628 5242 3702 5295 ab
3727 5219 3849 5298 nuo

2181 5313 2250 5366 ad
2286 5311 2443 5384 aliud
2492 5325 2646 5384 saepe
2672 5311 3057 5377 transeundo,
3108 5314 3359 5384 propter;
3417 5311 3729 5384 imperitos
3779 5331 3849 5370 ac

2181 5383 2332 5437 male
2365 5381 2602 5438 affectos
2635 5381 2903 5449 lectores,
2938 5399 2972 5438 a
3003 5398 3065 5436 se
3099 5382 3403 5437 tractanda
3450 5381 3579 5438 esse
3613 5385 3848 5442 denun-

2177 5454 2284 5509 tiat
2306 5456 2371 5508 9'.
2405 5457 2587 5519 Quam
2625 5469 2766 5509 sane
2797 5453 2870 5509 ob
2905 5469 3144 5510 causam
3177 5454 3353 5509 hosce
3379 5456 3843 5514 commentarios

2178 5543 2324 5596 quos
2356 5543 2488 5582 cum
2540 5543 2679 5598 agro
2711 5525 2990 5582 omnibus
3025 5524 3224 5580 herbis
3276 5525 3446 5598 pleno
3479 5531 3537 5582 et
3569 5544 3705 5585 cum
3737 5547 3842 5585 ve-

2097 5760 2152 5816 p.
2177 5745 2299 5806 467,
2338 5744 2460 5798 408.
2537 5744 2583 5778 "
2707 5745 2828 5800 469.
2906 5746 2951 5780 ⁸⁸
2986 5744 3128 5802 Psal.
3160 5745 3285 5813 L,7.
3362 5746 3406 5780 ⁸⁸
3439 5745 3612 5802 lCor.
3638 5751 3833 5820 1x,25.

2118 5832 2175 5870 n.
2209 5817 2332 5870 475.
2411 5815 2456 5851 ⁹²
2490 5831 2544 5870 n.
2579 5815 2612 5870 4
2650 5816 2703 5870 6.

427 5817 469 5851 ⁸⁷
502 5811 715 5887 ρ.“470.
794 5813 838 5848 ⁸³
869 5829 924 5887 p.
957 5813 1082 5870 471.
1158 5813 1202 5850 ⁸9
1232 5830 1289 5886 p.
1322 5811 1444 5882 472,
1477 5813 1601 5872 473.
1680 5811 1729 5852 90'
1752 5831 1806 5888 p.
1842 5815 1965 5872 474.
2041 5811 2175 5889 91'p.
2209 5817 2332 5872 475.
2411 5815 2456 5851 ⁹²
2489 5831 2544 5887 p.
2579 5815 2612 5870 4
