  <div class='ocr_page' id='page_1' title='image "/cluster/home/n/w/nwhite01/storage/ocr_20150623/9/hvd.32044073501314/540.png"; bbox 0 0 4148 6202; ppageno 0'>
   <div class='ocr_carea' id='block_1_1' title="bbox 332 230 465 286">
    <p class='ocr_par' dir='ltr' id='par_1_1' title="bbox 332 230 465 286">
     <span class='ocr_line' id='line_1_1' title="bbox 332 230 465 286; baseline -0.023 0"><span class='ocrx_word' id='word_1_1' title='bbox 332 230 465 286; x_wconf 81' lang='grc'>1021</span> 
     </span>
    </p>
   </div>
   <div class='ocr_carea' id='block_1_2' title="bbox 1598 225 2472 287">
    <p class='ocr_par' dir='ltr' id='par_1_2' title="bbox 1598 225 2472 287">
     <span class='ocr_line' id='line_1_2' title="bbox 1598 225 2472 287; baseline -0.005 -3"><span class='ocrx_word' id='word_1_2' title='bbox 1598 231 1691 284; x_wconf 86' lang='lat' dir='ltr'>DE</span> <span class='ocrx_word' id='word_1_3' title='bbox 1728 232 1963 286; x_wconf 80' lang='lat' dir='ltr'><strong>LIBRIS</strong></span> <span class='ocrx_word' id='word_1_4' title='bbox 2001 225 2472 287; x_wconf 70' lang='lat' dir='ltr'>STROMATUH.</span> 
     </span>
    </p>
   </div>
   <div class='ocr_carea' id='block_1_3' title="bbox 3600 227 3743 283">
    <p class='ocr_par' dir='ltr' id='par_1_3' title="bbox 3600 227 3743 283">
     <span class='ocr_line' id='line_1_3' title="bbox 3600 227 3743 283; baseline 0.007 -2"><span class='ocrx_word' id='word_1_5' title='bbox 3600 227 3743 283; x_wconf 80' lang='grc'>1022</span> 
     </span>
    </p>
   </div>
   <div class='ocr_carea' id='block_1_4' title="bbox 325 349 3742 427">
    <p class='ocr_par' dir='ltr' id='par_1_4' title="bbox 325 349 3742 427">
     <span class='ocr_line' id='line_1_4' title="bbox 325 349 3742 427; baseline -0.003 -15"><span class='ocrx_word' id='word_1_6' title='bbox 325 354 437 412; x_wconf 85' lang='lat' dir='ltr'>teri</span> <span class='ocrx_word' id='word_1_7' title='bbox 468 353 689 427; x_wconf 12' lang='lat' dir='ltr'>ﬂorida,</span> <span class='ocrx_word' id='word_1_8' title='bbox 707 352 1002 409; x_wconf 90' lang='lat' dir='ltr'>oblatione</span> <span class='ocrx_word' id='word_1_9' title='bbox 1025 358 1350 427; x_wconf 79' lang='lat' dir='ltr'>comparat,</span> <span class='ocrx_word' id='word_1_10' title='bbox 1403 355 1685 410; x_wconf 78' lang='lat' dir='ltr'>Slromata</span> <span class='ocrx_word' id='word_1_11' title='bbox 1716 371 1749 409; x_wconf 87' lang='lat' dir='ltr'>a</span> <span class='ocrx_word' id='word_1_12' title='bbox 1781 370 1842 410; x_wconf 90' lang='lat' dir='ltr'>se</span> <span class='ocrx_word' id='word_1_13' title='bbox 1884 354 1976 410; x_wconf 86' lang='lat' dir='ltr'>in-</span> <span class='ocrx_word' id='word_1_14' title='bbox 2008 356 2054 422; x_wconf 83' lang='grc' dir='ltr'>Α</span> <span class='ocrx_word' id='word_1_15' title='bbox 2091 353 2203 427; x_wconf 68' lang='lat' dir='ltr'>tite,</span> <span class='ocrx_word' id='word_1_16' title='bbox 2237 356 2293 408; x_wconf 89' lang='lat' dir='ltr'>et</span> <span class='ocrx_word' id='word_1_17' title='bbox 2324 352 2466 425; x_wconf 91' lang='lat' dir='ltr'>quid</span> <span class='ocrx_word' id='word_1_18' title='bbox 2499 349 2576 407; x_wconf 86' lang='lat' dir='ltr'>sit</span> <span class='ocrx_word' id='word_1_19' title='bbox 2607 349 2867 407; x_wconf 87' lang='lat' dir='ltr'>animam</span> <span class='ocrx_word' id='word_1_20' title='bbox 2926 365 3096 406; x_wconf 89' lang='lat' dir='ltr'>suam</span> <span class='ocrx_word' id='word_1_21' title='bbox 3156 351 3397 421; x_wconf 81' lang='lat' dir='ltr'>perdere</span> <span class='ocrx_word' id='word_1_22' title='bbox 3437 353 3538 406; x_wconf 83' lang='lat' dir='ltr'>aut</span> <span class='ocrx_word' id='word_1_23' title='bbox 3579 350 3742 408; x_wconf 84' lang='lat' dir='ltr'>inve.</span> 
     </span>
    </p>
   </div>
   <div class='ocr_carea' id='block_1_5' title="bbox 327 426 1974 499">
    <p class='ocr_par' dir='ltr' id='par_1_5' title="bbox 327 426 1974 499">
     <span class='ocr_line' id='line_1_5' title="bbox 327 426 1974 499; baseline -0.001 -15"><span class='ocrx_word' id='word_1_24' title='bbox 327 427 581 497; x_wconf 86' lang='lat' dir='ltr'>scriptos</span> <span class='ocrx_word' id='word_1_25' title='bbox 613 426 794 499; x_wconf 90' lang='lat' dir='ltr'>fuisse</span> <span class='ocrx_word' id='word_1_26' title='bbox 827 426 1415 499; x_wconf 86' lang='lat' dir='ltr'>test_atur,aperitque</span> <span class='ocrx_word' id='word_1_27' title='bbox 1435 428 1728 499; x_wconf 90' lang='lat' dir='ltr'>quomodo</span> <span class='ocrx_word' id='word_1_28' title='bbox 1759 433 1816 482; x_wconf 91' lang='lat' dir='ltr'>et</span> <span class='ocrx_word' id='word_1_29' title='bbox 1845 443 1974 498; x_wconf 68' lang='lat' dir='ltr'>quae</span> 
     </span>
    </p>
   </div>
   <div class='ocr_carea' id='block_1_6' title="bbox 327 497 1352 569">
    <p class='ocr_par' dir='ltr' id='par_1_6' title="bbox 327 497 1352 569">
     <span class='ocr_line' id='line_1_6' title="bbox 327 497 1352 569; baseline -0.004 -13"><span class='ocrx_word' id='word_1_30' title='bbox 327 499 554 556; x_wconf 77' lang='lat' dir='ltr'>utilitas</span> <span class='ocrx_word' id='word_1_31' title='bbox 575 514 646 552; x_wconf 80' lang='lat' dir='ltr'>ex</span> <span class='ocrx_word' id='word_1_32' title='bbox 673 498 757 552; x_wconf 90' lang='lat' dir='ltr'>eis</span> <span class='ocrx_word' id='word_1_33' title='bbox 791 497 976 568; x_wconf 85' lang='lat' dir='ltr'>possit</span> <span class='ocrx_word' id='word_1_34' title='bbox 1005 497 1352 569; x_wconf 86' lang='lat' dir='ltr'>comparari.</span> 
     </span>
    </p>
   </div>
   <div class='ocr_carea' id='block_1_7' title="bbox 404 569 1978 641">
    <p class='ocr_par' dir='ltr' id='par_1_7' title="bbox 404 569 1978 641">
     <span class='ocr_line' id='line_1_7' title="bbox 404 569 1978 641; baseline 0.001 -18"><span class='ocrx_word' id='word_1_35' title='bbox 404 571 489 624; x_wconf 89' lang='lat' dir='ltr'>Ad</span> <span class='ocrx_word' id='word_1_36' title='bbox 521 585 698 624; x_wconf 91' lang='lat' dir='ltr'>suum</span> <span class='ocrx_word' id='word_1_37' title='bbox 730 569 940 624; x_wconf 90' lang='lat' dir='ltr'>dehinc</span> <span class='ocrx_word' id='word_1_38' title='bbox 971 577 1392 641; x_wconf 76' lang='lat' dir='ltr'>argumentum</span> <span class='ocrx_word' id='word_1_39' title='bbox 1437 585 1771 641; x_wconf 78' lang='lat' dir='ltr'>aggressus,</span> <span class='ocrx_word' id='word_1_40' title='bbox 1810 569 1978 624; x_wconf 83' lang='lat' dir='ltr'>docet</span> 
     </span>
    </p>
   </div>
   <div class='ocr_carea' id='block_1_8' title="bbox 331 641 1978 707">
    <p class='ocr_par' dir='ltr' id='par_1_8' title="bbox 331 641 1978 707">
     <span class='ocr_line' id='line_1_8' title="bbox 331 641 1978 707; baseline 0 -11"><span class='ocrx_word' id='word_1_41' title='bbox 331 643 507 696; x_wconf 82' lang='lat' dir='ltr'>ﬁdem</span> <span class='ocrx_word' id='word_1_42' title='bbox 540 642 716 696; x_wconf 90' lang='lat' dir='ltr'>aliam</span> <span class='ocrx_word' id='word_1_43' title='bbox 750 642 960 696; x_wconf 90' lang='lat' dir='ltr'>bonam</span> <span class='ocrx_word' id='word_1_44' title='bbox 995 656 1144 707; x_wconf 88' lang='lat' dir='ltr'>esse,</span> <span class='ocrx_word' id='word_1_45' title='bbox 1197 641 1373 698; x_wconf 89' lang='lat' dir='ltr'>aliam</span> <span class='ocrx_word' id='word_1_46' title='bbox 1405 659 1538 697; x_wconf 91' lang='lat' dir='ltr'>vero</span> <span class='ocrx_word' id='word_1_47' title='bbox 1589 642 1834 706; x_wconf 88' lang='lat' dir='ltr'>malam;</span> <span class='ocrx_word' id='word_1_48' title='bbox 1871 641 1978 696; x_wconf 80' lang='lat' dir='ltr'>bo-</span> 
     </span>
    </p>
   </div>
   <div class='ocr_carea' id='block_1_9' title="bbox 325 712 1975 784">
    <p class='ocr_par' dir='ltr' id='par_1_9' title="bbox 325 712 1975 784">
     <span class='ocr_line' id='line_1_9' title="bbox 325 712 1975 784; baseline 0 -16"><span class='ocrx_word' id='word_1_49' title='bbox 325 729 463 768; x_wconf 90' lang='lat' dir='ltr'>nam</span> <span class='ocrx_word' id='word_1_50' title='bbox 495 727 729 784; x_wconf 89' lang='lat' dir='ltr'>quoque</span> <span class='ocrx_word' id='word_1_51' title='bbox 761 729 890 768; x_wconf 89' lang='lat' dir='ltr'>esse</span> <span class='ocrx_word' id='word_1_52' title='bbox 911 713 1352 778; x_wconf 83' lang='lat' dir='ltr'>continentiam,</span> <span class='ocrx_word' id='word_1_53' title='bbox 1388 718 1560 782; x_wconf 87' lang='lat' dir='ltr'>atque</span> <span class='ocrx_word' id='word_1_54' title='bbox 1592 712 1886 768; x_wconf 88' lang='lat' dir='ltr'>abstinere</span> <span class='ocrx_word' id='word_1_55' title='bbox 1903 712 1975 768; x_wconf 89' lang='lat' dir='ltr'>ab</span> 
     </span>
    </p>
   </div>
   <div class='ocr_carea' id='block_1_10' title="bbox 325 784 1975 856">
    <p class='ocr_par' dir='ltr' id='par_1_10' title="bbox 325 784 1975 856">
     <span class='ocr_line' id='line_1_10' title="bbox 325 784 1975 856; baseline 0.001 -17"><span class='ocrx_word' id='word_1_56' title='bbox 325 785 623 854; x_wconf 86' lang='lat' dir='ltr'>injustitia</span> <span class='ocrx_word' id='word_1_57' title='bbox 661 801 788 856; x_wconf 85' lang='lat' dir='ltr'>esse</span> <span class='ocrx_word' id='word_1_58' title='bbox 829 784 1037 856; x_wconf 87' lang='lat' dir='ltr'>salutis</span> <span class='ocrx_word' id='word_1_59' title='bbox 1099 785 1529 856; x_wconf 64' lang='lat' dir='ltr'>principium”.</span> <span class='ocrx_word' id='word_1_60' title='bbox 1578 785 1794 856; x_wconf 81' lang='lat' dir='ltr'>Deinde</span> <span class='ocrx_word' id='word_1_61' title='bbox 1843 801 1975 840; x_wconf 88' lang='lat' dir='ltr'>vero</span> 
     </span>
    </p>
   </div>
   <div class='ocr_carea' id='block_1_11' title="bbox 323 855 1974 928">
    <p class='ocr_par' dir='ltr' id='par_1_11' title="bbox 323 855 1974 928">
     <span class='ocr_line' id='line_1_11' title="bbox 323 855 1974 928; baseline 0.001 -18"><span class='ocrx_word' id='word_1_62' title='bbox 323 857 593 926; x_wconf 83' lang='lat' dir='ltr'>quamvis</span> <span class='ocrx_word' id='word_1_63' title='bbox 625 855 934 926; x_wconf 90' lang='lat' dir='ltr'>sapientia,</span> <span class='ocrx_word' id='word_1_64' title='bbox 969 856 1162 928; x_wconf 87' lang='lat' dir='ltr'>inquit</span> <span class='ocrx_word' id='word_1_65' title='bbox 1211 855 1327 923; x_wconf 87' lang='lat' dir='ltr'>ille,</span> <span class='ocrx_word' id='word_1_66' title='bbox 1387 857 1445 910; x_wconf 91' lang='lat' dir='ltr'>in</span> <span class='ocrx_word' id='word_1_67' title='bbox 1501 855 1736 911; x_wconf 83' lang='lat' dir='ltr'>homine</span> <span class='ocrx_word' id='word_1_68' title='bbox 1765 871 1974 928; x_wconf 16' lang='lat' dir='ltr'>«igno-</span> 
     </span>
    </p>
   </div>
   <div class='ocr_carea' id='block_1_12' title="bbox 321 927 1974 998">
    <p class='ocr_par' dir='ltr' id='par_1_12' title="bbox 321 927 1974 998">
     <span class='ocr_line' id='line_1_12' title="bbox 321 927 1974 998; baseline 0.001 -16"><span class='ocrx_word' id='word_1_69' title='bbox 321 928 492 992; x_wconf 89' lang='lat' dir='ltr'>stico,</span> <span class='ocrx_word' id='word_1_70' title='bbox 519 947 547 977; x_wconf 84' lang='grc'><strong>››</strong></span> <span class='ocrx_word' id='word_1_71' title='bbox 579 933 636 982; x_wconf 91' lang='lat' dir='ltr'>et</span> <span class='ocrx_word' id='word_1_72' title='bbox 667 929 938 996; x_wconf 85' lang='lat' dir='ltr'>perfecto,</span> <span class='ocrx_word' id='word_1_73' title='bbox 974 927 1074 998; x_wconf 90' lang='lat' dir='ltr'>qui</span> <span class='ocrx_word' id='word_1_74' title='bbox 1108 951 1134 977; x_wconf 88' lang='lat'><strong>«</strong></span> <span class='ocrx_word' id='word_1_75' title='bbox 1169 929 1391 995; x_wconf 82' lang='lat' dir='ltr'>angelis</span> <span class='ocrx_word' id='word_1_76' title='bbox 1421 933 1683 998; x_wconf 88' lang='lat' dir='ltr'>tempore</span> <span class='ocrx_word' id='word_1_77' title='bbox 1713 933 1768 983; x_wconf 86' lang='lat' dir='ltr'>et</span> <span class='ocrx_word' id='word_1_78' title='bbox 1797 927 1974 983; x_wconf 88' lang='lat' dir='ltr'>indu-</span> 
     </span>
    </p>
   </div>
   <div class='ocr_carea' id='block_1_13' title="bbox 325 998 1975 1066">
    <p class='ocr_par' dir='ltr' id='par_1_13' title="bbox 325 998 1975 1066">
     <span class='ocr_line' id='line_1_13' title="bbox 325 998 1975 1066; baseline 0.002 -13"><span class='ocrx_word' id='word_1_79' title='bbox 325 1004 527 1054; x_wconf 90' lang='lat' dir='ltr'>mento</span> <span class='ocrx_word' id='word_1_80' title='bbox 559 1021 586 1049; x_wconf 89' lang='lat'>»</span> <span class='ocrx_word' id='word_1_81' title='bbox 626 998 815 1054; x_wconf 91' lang='lat' dir='ltr'>minor</span> <span class='ocrx_word' id='word_1_82' title='bbox 855 1005 945 1054; x_wconf 88' lang='lat' dir='ltr'>est</span> <span class='ocrx_word' id='word_1_83' title='bbox 989 1016 1023 1052; x_wconf 86' lang='lat' dir='ltr'>a</span> <span class='ocrx_word' id='word_1_84' title='bbox 1073 999 1316 1055; x_wconf 86' lang='lat' dir='ltr'>scientia</span> <span class='ocrx_word' id='word_1_85' title='bbox 1347 1016 1462 1055; x_wconf 93' lang='lat' dir='ltr'>non</span> <span class='ocrx_word' id='word_1_86' title='bbox 1494 999 1757 1066; x_wconf 76' lang='lat' dir='ltr'>differat;</span> <span class='ocrx_word' id='word_1_87' title='bbox 1811 999 1975 1056; x_wconf 89' lang='lat' dir='ltr'>solus</span> 
     </span>
    </p>
   </div>
   <div class='ocr_carea' id='block_1_14' title="bbox 320 1070 1974 1143">
    <p class='ocr_par' dir='ltr' id='par_1_14' title="bbox 320 1070 1974 1143">
     <span class='ocr_line' id='line_1_14' title="bbox 320 1070 1974 1143; baseline 0.001 -17"><span class='ocrx_word' id='word_1_88' title='bbox 320 1076 523 1126; x_wconf 88' lang='lat' dir='ltr'>tamen</span> <span class='ocrx_word' id='word_1_89' title='bbox 586 1070 740 1125; x_wconf 84' lang='lat' dir='ltr'>Deus</span> <span class='ocrx_word' id='word_1_90' title='bbox 778 1076 889 1143; x_wconf 83' lang='lat' dir='ltr'>est</span> <span class='ocrx_word' id='word_1_91' title='bbox 942 1072 1174 1141; x_wconf 88' lang='lat' dir='ltr'>proprie</span> <span class='ocrx_word' id='word_1_92' title='bbox 1234 1073 1491 1143; x_wconf 87' lang='lat' dir='ltr'>sapiens,</span> <span class='ocrx_word' id='word_1_93' title='bbox 1528 1088 1560 1126; x_wconf 92' lang='lat' dir='ltr'>a</span> <span class='ocrx_word' id='word_1_94' title='bbox 1593 1087 1708 1142; x_wconf 88' lang='lat' dir='ltr'>quo</span> <span class='ocrx_word' id='word_1_95' title='bbox 1733 1071 1974 1142; x_wconf 89' lang='lat' dir='ltr'>veritas,</span> 
     </span>
    </p>
   </div>
   <div class='ocr_carea' id='block_1_15' title="bbox 320 1141 1974 1213">
    <p class='ocr_par' dir='ltr' id='par_1_15' title="bbox 320 1141 1974 1213">
     <span class='ocr_line' id='line_1_15' title="bbox 320 1141 1974 1213; baseline 0.001 -17"><span class='ocrx_word' id='word_1_96' title='bbox 320 1158 505 1213; x_wconf 88' lang='lat' dir='ltr'>quam</span> <span class='ocrx_word' id='word_1_97' title='bbox 537 1165 564 1190; x_wconf 74' lang='grc' dir='ltr'>«ι</span> <span class='ocrx_word' id='word_1_98' title='bbox 599 1141 899 1212; x_wconf 86' lang='lat' dir='ltr'>goosticus</span> <span class='ocrx_word' id='word_1_99' title='bbox 925 1163 951 1190; x_wconf 80' lang='lat' dir='ltr'>n</span> <span class='ocrx_word' id='word_1_100' title='bbox 986 1147 1163 1211; x_wconf 90' lang='lat' dir='ltr'>amat,</span> <span class='ocrx_word' id='word_1_101' title='bbox 1197 1145 1267 1198; x_wconf 87' lang='lat' dir='ltr'>ad</span> <span class='ocrx_word' id='word_1_102' title='bbox 1305 1141 1623 1198; x_wconf 80' lang='lat' dir='ltr'>hominem</span> <span class='ocrx_word' id='word_1_103' title='bbox 1656 1141 1974 1198; x_wconf 89' lang='lat' dir='ltr'>derivatur.</span> 
     </span>
    </p>
   </div>
   <div class='ocr_carea' id='block_1_16' title="bbox 319 1213 1972 1286">
    <p class='ocr_par' dir='ltr' id='par_1_16' title="bbox 319 1213 1972 1286">
     <span class='ocr_line' id='line_1_16' title="bbox 319 1213 1972 1286; baseline -0.001 -16"><span class='ocrx_word' id='word_1_104' title='bbox 319 1213 379 1270; x_wconf 89' lang='lat' dir='ltr'>Is</span> <span class='ocrx_word' id='word_1_105' title='bbox 409 1215 714 1286; x_wconf 89' lang='lat' dir='ltr'>enimnon</span> <span class='ocrx_word' id='word_1_106' title='bbox 749 1213 1233 1286; x_wconf 25' lang='lat' dir='ltr'>solumﬂcorpore,</span> <span class='ocrx_word' id='word_1_107' title='bbox 1267 1231 1382 1286; x_wconf 91' lang='lat' dir='ltr'>quo</span> <span class='ocrx_word' id='word_1_108' title='bbox 1418 1215 1487 1270; x_wconf 87' lang='lat' dir='ltr'>ad</span> <span class='ocrx_word' id='word_1_109' title='bbox 1511 1220 1727 1270; x_wconf 88' lang='lat' dir='ltr'>terram</span> <span class='ocrx_word' id='word_1_110' title='bbox 1765 1216 1972 1282; x_wconf 88' lang='lat' dir='ltr'>tendit,</span> 
     </span>
    </p>
   </div>
   <div class='ocr_carea' id='block_1_17' title="bbox 325 1285 1973 1356">
    <p class='ocr_par' dir='ltr' id='par_1_17' title="bbox 325 1285 1973 1356">
     <span class='ocr_line' id='line_1_17' title="bbox 325 1285 1973 1356; baseline 0.002 -18"><span class='ocrx_word' id='word_1_111' title='bbox 325 1285 831 1356; x_wconf 84' lang='lat' dir='ltr'>quemadmodum</span> <span class='ocrx_word' id='word_1_112' title='bbox 863 1285 1066 1340; x_wconf 86' lang='lat' dir='ltr'>bellua</span> <span class='ocrx_word' id='word_1_113' title='bbox 1097 1285 1343 1351; x_wconf 82' lang='lat' dir='ltr'>constat,</span> <span class='ocrx_word' id='word_1_114' title='bbox 1394 1286 1494 1340; x_wconf 91' lang='lat' dir='ltr'>sed</span> <span class='ocrx_word' id='word_1_115' title='bbox 1545 1287 1719 1342; x_wconf 85' lang='lat' dir='ltr'>etiam</span> <span class='ocrx_word' id='word_1_116' title='bbox 1753 1287 1973 1354; x_wconf 90' lang='lat' dir='ltr'>anima,</span> 
     </span>
    </p>
   </div>
   <div class='ocr_carea' id='block_1_18' title="bbox 322 1355 1974 1428">
    <p class='ocr_par' dir='ltr' id='par_1_18' title="bbox 322 1355 1974 1428">
     <span class='ocr_line' id='line_1_18' title="bbox 322 1355 1974 1428; baseline 0.001 -17"><span class='ocrx_word' id='word_1_117' title='bbox 322 1355 447 1426; x_wconf 80' lang='lat' dir='ltr'>qua</span> <span class='ocrx_word' id='word_1_118' title='bbox 477 1374 510 1411; x_wconf 90' lang='lat' dir='ltr'>a</span> <span class='ocrx_word' id='word_1_119' title='bbox 543 1355 836 1427; x_wconf 85' lang='lat' dir='ltr'>corporeis</span> <span class='ocrx_word' id='word_1_120' title='bbox 867 1356 1314 1428; x_wconf 83' lang='lat' dir='ltr'>cupiditatibus,</span> <span class='ocrx_word' id='word_1_121' title='bbox 1347 1362 1524 1428; x_wconf 89' lang='lat' dir='ltr'>atque</span> <span class='ocrx_word' id='word_1_122' title='bbox 1555 1375 1587 1412; x_wconf 89' lang='lat' dir='ltr'>a</span> <span class='ocrx_word' id='word_1_123' title='bbox 1620 1362 1775 1412; x_wconf 84' lang='lat' dir='ltr'>metu</span> <span class='ocrx_word' id='word_1_124' title='bbox 1807 1364 1864 1413; x_wconf 91' lang='lat' dir='ltr'>et</span> <span class='ocrx_word' id='word_1_125' title='bbox 1892 1357 1974 1413; x_wconf 90' lang='lat' dir='ltr'>la-</span> 
     </span>
    </p>
   </div>
   <div class='ocr_carea' id='block_1_19' title="bbox 322 1428 1973 1500">
    <p class='ocr_par' dir='ltr' id='par_1_19' title="bbox 322 1428 1973 1500">
     <span class='ocr_line' id='line_1_19' title="bbox 322 1428 1973 1500; baseline 0.001 -18"><span class='ocrx_word' id='word_1_126' title='bbox 322 1429 467 1483; x_wconf 90' lang='lat' dir='ltr'>bore</span> <span class='ocrx_word' id='word_1_127' title='bbox 520 1444 786 1500; x_wconf 88' lang='lat' dir='ltr'>aversus,</span> <span class='ocrx_word' id='word_1_128' title='bbox 845 1443 908 1482; x_wconf 87' lang='lat' dir='ltr'>ac</span> <span class='ocrx_word' id='word_1_129' title='bbox 942 1444 1099 1500; x_wconf 15' lang='lat' dir='ltr'>ivera</span> <span class='ocrx_word' id='word_1_130' title='bbox 1143 1428 1515 1500; x_wconf 88' lang='lat' dir='ltr'>philosophia</span> <span class='ocrx_word' id='word_1_131' title='bbox 1571 1429 1858 1497; x_wconf 89' lang='lat' dir='ltr'>eruditus,</span> <span class='ocrx_word' id='word_1_132' title='bbox 1901 1430 1973 1484; x_wconf 90' lang='lat' dir='ltr'>ad</span> 
     </span>
    </p>
   </div>
   <div class='ocr_carea' id='block_1_20' title="bbox 325 1498 1973 1571">
    <p class='ocr_par' dir='ltr' id='par_1_20' title="bbox 325 1498 1973 1571">
     <span class='ocr_line' id='line_1_20' title="bbox 325 1498 1973 1571; baseline 0.001 -17"><span class='ocrx_word' id='word_1_133' title='bbox 325 1501 510 1571; x_wconf 80' lang='lat' dir='ltr'>Deum</span> <span class='ocrx_word' id='word_1_134' title='bbox 545 1499 908 1554; x_wconf 67' lang='lat' dir='ltr'>attollitur“.</span> <span class='ocrx_word' id='word_1_135' title='bbox 938 1498 1622 1571; x_wconf 42' lang='lat' dir='ltr'>Neque—tamen&#39;idcirco</span> <span class='ocrx_word' id='word_1_136' title='bbox 1655 1501 1830 1555; x_wconf 85' lang='lat' dir='ltr'>timor</span> <span class='ocrx_word' id='word_1_137' title='bbox 1870 1517 1973 1556; x_wconf 89' lang='lat' dir='ltr'>ne-</span> 
     </span>
    </p>
   </div>
   <div class='ocr_carea' id='block_1_21' title="bbox 322 1570 1973 1644">
    <p class='ocr_par' dir='ltr' id='par_1_21' title="bbox 322 1570 1973 1644">
     <span class='ocr_line' id='line_1_21' title="bbox 322 1570 1973 1644; baseline 0.003 -21"><span class='ocrx_word' id='word_1_138' title='bbox 322 1587 440 1644; x_wconf 68' lang='lat' dir='ltr'>que</span> <span class='ocrx_word' id='word_1_139' title='bbox 471 1570 563 1626; x_wconf 85' lang='lat' dir='ltr'>lex</span> <span class='ocrx_word' id='word_1_140' title='bbox 600 1571 690 1644; x_wconf 90' lang='lat' dir='ltr'>_de</span> <span class='ocrx_word' id='word_1_141' title='bbox 738 1586 805 1625; x_wconf 91' lang='lat' dir='ltr'>eo</span> <span class='ocrx_word' id='word_1_142' title='bbox 859 1570 1084 1626; x_wconf 84' lang='lat' dir='ltr'>sancite.</span> <span class='ocrx_word' id='word_1_143' title='bbox 1129 1572 1350 1627; x_wconf 91' lang='lat' dir='ltr'>malum</span> <span class='ocrx_word' id='word_1_144' title='bbox 1384 1572 1524 1643; x_wconf 89' lang='lat' dir='ltr'>quid</span> <span class='ocrx_word' id='word_1_145' title='bbox 1557 1572 1669 1626; x_wconf 92' lang='lat' dir='ltr'>dici</span> <span class='ocrx_word' id='word_1_146' title='bbox 1704 1577 1973 1644; x_wconf 88' lang='lat' dir='ltr'>possunt.</span> 
     </span>
    </p>
   </div>
   <div class='ocr_carea' id='block_1_22' title="bbox 321 1641 1974 1713">
    <p class='ocr_par' dir='ltr' id='par_1_22' title="bbox 321 1641 1974 1713">
     <span class='ocr_line' id='line_1_22' title="bbox 321 1641 1974 1713; baseline 0.002 -16"><span class='ocrx_word' id='word_1_147' title='bbox 321 1641 490 1697; x_wconf 89' lang='lat' dir='ltr'>Hunc</span> <span class='ocrx_word' id='word_1_148' title='bbox 520 1641 814 1697; x_wconf 82' lang='lat' dir='ltr'>enimvero</span> <span class='ocrx_word' id='word_1_149' title='bbox 837 1658 1116 1707; x_wconf 87' lang='lat' dir='ltr'>errorem,</span> <span class='ocrx_word' id='word_1_150' title='bbox 1141 1644 1265 1713; x_wconf 87' lang='lat' dir='ltr'>jam</span> <span class='ocrx_word' id='word_1_151' title='bbox 1289 1661 1323 1700; x_wconf 88' lang='lat' dir='ltr'>a</span> <span class='ocrx_word' id='word_1_152' title='bbox 1353 1641 1416 1700; x_wconf 76' lang='lat' dir='ltr'>se</span> <span class='ocrx_word' id='word_1_153' title='bbox 1447 1641 1835 1710; x_wconf 82' lang='lat' dir='ltr'>confutatum,</span> <span class='ocrx_word' id='word_1_154' title='bbox 1856 1644 1974 1700; x_wconf 85' lang='lat' dir='ltr'>Cle-</span> 
     </span>
    </p>
   </div>
   <div class='ocr_carea' id='block_1_23' title="bbox 2091 426 2281 480">
    <p class='ocr_par' dir='ltr' id='par_1_23' title="bbox 2091 426 2281 480">
     <span class='ocr_line' id='line_1_23' title="bbox 2091 426 2281 480; baseline -0.011 0"><span class='ocrx_word' id='word_1_155' title='bbox 2091 426 2216 480; x_wconf 90' lang='lat' dir='ltr'>nire</span> <span class='ocrx_word' id='word_1_156' title='bbox 2243 430 2281 478; x_wconf 80' lang='grc' dir='ltr'><strong>ι.</strong></span> 
     </span>
    </p>
   </div>
   <div class='ocr_carea' id='block_1_24' title="bbox 2125 491 3734 566">
    <p class='ocr_par' dir='ltr' id='par_1_24' title="bbox 2125 491 3734 566">
     <span class='ocr_line' id='line_1_24' title="bbox 2125 491 3734 566; baseline -0.001 -16"><span class='ocrx_word' id='word_1_157' title='bbox 2125 493 2331 552; x_wconf 67' lang='grc' dir='ltr'>’διοὶοἰ</span> <span class='ocrx_word' id='word_1_158' title='bbox 2390 493 2996 566; x_wconf 87' lang='lat' dir='ltr'>porro,prosequitur</span> <span class='ocrx_word' id='word_1_159' title='bbox 3050 491 3338 566; x_wconf 78' lang='lat' dir='ltr'>Clemens,</span> <span class='ocrx_word' id='word_1_160' title='bbox 3371 492 3572 548; x_wconf 89' lang='lat' dir='ltr'>dicunt</span> <span class='ocrx_word' id='word_1_161' title='bbox 3604 493 3734 566; x_wconf 86' lang='lat' dir='ltr'>ani-</span> 
     </span>
    </p>
   </div>
   <div class='ocr_carea' id='block_1_25' title="bbox 2087 564 3732 637">
    <p class='ocr_par' dir='ltr' id='par_1_25' title="bbox 2087 564 3732 637">
     <span class='ocr_line' id='line_1_25' title="bbox 2087 564 3732 637; baseline -0.002 -13"><span class='ocrx_word' id='word_1_162' title='bbox 2087 584 2243 624; x_wconf 88' lang='lat' dir='ltr'>mam</span> <span class='ocrx_word' id='word_1_163' title='bbox 2275 567 2331 621; x_wconf 92' lang='lat' dir='ltr'>in</span> <span class='ocrx_word' id='word_1_164' title='bbox 2366 564 2715 637; x_wconf 75' lang='lat' dir='ltr'>sapientiam</span> <span class='ocrx_word' id='word_1_165' title='bbox 2741 564 2985 622; x_wconf 88' lang='lat' dir='ltr'>mutari:</span> <span class='ocrx_word' id='word_1_166' title='bbox 3015 564 3180 620; x_wconf 84' lang='lat' dir='ltr'>Plato</span> <span class='ocrx_word' id='word_1_167' title='bbox 3196 575 3387 620; x_wconf 85' lang='lat' dir='ltr'>autem</span> <span class='ocrx_word' id='word_1_168' title='bbox 3402 565 3732 637; x_wconf 88' lang='lat' dir='ltr'>conversio-</span> 
     </span>
    </p>
   </div>
   <div class='ocr_carea' id='block_1_26' title="bbox 2088 635 3734 710">
    <p class='ocr_par' dir='ltr' id='par_1_26' title="bbox 2088 635 3734 710">
     <span class='ocr_line' id='line_1_26' title="bbox 2088 635 3734 710; baseline -0.004 -15"><span class='ocrx_word' id='word_1_169' title='bbox 2088 656 2218 710; x_wconf 85' lang='lat' dir='ltr'>nem</span> <span class='ocrx_word' id='word_1_170' title='bbox 2254 641 2382 710; x_wconf 82' lang='lat' dir='ltr'>ejus</span> <span class='ocrx_word' id='word_1_171' title='bbox 2438 635 2562 693; x_wconf 81' lang='lat' dir='ltr'>fieri</span> <span class='ocrx_word' id='word_1_172' title='bbox 2595 653 2664 692; x_wconf 84' lang='lat' dir='ltr'>ex</span> <span class='ocrx_word' id='word_1_173' title='bbox 2692 642 2980 710; x_wconf 86' lang='lat' dir='ltr'>nocturno</span> <span class='ocrx_word' id='word_1_174' title='bbox 3026 637 3139 703; x_wconf 91' lang='lat' dir='ltr'>die,</span> <span class='ocrx_word' id='word_1_175' title='bbox 3193 637 3313 710; x_wconf 83' lang='lat' dir='ltr'>sive</span> <span class='ocrx_word' id='word_1_176' title='bbox 3341 635 3734 710; x_wconf 62' lang='lat' dir='ltr'>tenebricoso.</span> 
     </span>
    </p>
   </div>
   <div class='ocr_carea' id='block_1_27' title="bbox 2085 707 3730 783">
    <p class='ocr_par' dir='ltr' id='par_1_27' title="bbox 2085 707 3730 783">
     <span class='ocr_line' id='line_1_27' title="bbox 2085 707 3730 783; baseline -0.003 -16"><span class='ocrx_word' id='word_1_177' title='bbox 2085 709 2216 768; x_wconf 89' lang='lat' dir='ltr'>luce</span> <span class='ocrx_word' id='word_1_178' title='bbox 2246 707 2316 766; x_wconf 76' lang='lat' dir='ltr'>ad</span> <span class='ocrx_word' id='word_1_179' title='bbox 2351 711 2673 783; x_wconf 78' lang='lat' dir='ltr'>perfectum</span> <span class='ocrx_word' id='word_1_180' title='bbox 2697 708 2790 783; x_wconf 90' lang='lat' dir='ltr'>Dei</span> <span class='ocrx_word' id='word_1_181' title='bbox 2827 709 3026 783; x_wconf 84' lang='lat' dir='ltr'>lumen</span> <span class='ocrx_word' id='word_1_182' title='bbox 3062 714 3117 763; x_wconf 93' lang='lat' dir='ltr'>et</span> <span class='ocrx_word' id='word_1_183' title='bbox 3138 708 3587 783; x_wconf 54' lang='lat' dir='ltr'>cognitionem”.</span> <span class='ocrx_word' id='word_1_184' title='bbox 3619 707 3730 763; x_wconf 88' lang='lat' dir='ltr'>Alii</span> 
     </span>
    </p>
   </div>
   <div class='ocr_carea' id='block_1_28' title="bbox 2086 780 3733 856">
    <p class='ocr_par' dir='ltr' id='par_1_28' title="bbox 2086 780 3733 856">
     <span class='ocr_line' id='line_1_28' title="bbox 2086 780 3733 856; baseline -0.002 -18"><span class='ocrx_word' id='word_1_185' title='bbox 2086 780 2721 856; x_wconf 33' lang='lat' dir='ltr'>deniqueipbil_osophi</span> <span class='ocrx_word' id='word_1_186' title='bbox 2769 780 3379 856; x_wconf 73' lang='lat' dir='ltr'>hominipermittunt</span> <span class='ocrx_word' id='word_1_187' title='bbox 3409 780 3665 856; x_wconf 81' lang='lat' dir='ltr'>animam</span> <span class='ocrx_word' id='word_1_188' title='bbox 3693 797 3733 856; x_wconf 80' lang='lat' dir='ltr'>a</span> 
     </span>
    </p>
   </div>
   <div class='ocr_carea' id='block_1_29' title="bbox 2085 850 3733 927">
    <p class='ocr_par' dir='ltr' id='par_1_29' title="bbox 2085 850 3733 927">
     <span class='ocr_line' id='line_1_29' title="bbox 2085 850 3733 927; baseline -0.003 -16"><span class='ocrx_word' id='word_1_189' title='bbox 2085 850 2324 927; x_wconf 81' lang='lat' dir='ltr'>corpore</span> <span class='ocrx_word' id='word_1_190' title='bbox 2349 850 2774 927; x_wconf 10' lang='lat' dir='ltr'>ritaabducere,</span> <span class='ocrx_word' id='word_1_191' title='bbox 2822 859 2888 927; x_wconf 86' lang='lat' dir='ltr'>ut</span> <span class='ocrx_word' id='word_1_192' title='bbox 2921 850 3082 907; x_wconf 88' lang='lat' dir='ltr'>nulla</span> <span class='ocrx_word' id='word_1_193' title='bbox 3113 852 3368 927; x_wconf 86' lang='lat' dir='ltr'>amplius</span> <span class='ocrx_word' id='word_1_194' title='bbox 3400 850 3626 927; x_wconf 80' lang='lat' dir='ltr'>reliqua</span> <span class='ocrx_word' id='word_1_195' title='bbox 3656 853 3733 906; x_wconf 89' lang='lat' dir='ltr'>sit</span> 
     </span>
    </p>
   </div>
   <div class='ocr_carea' id='block_1_30' title="bbox 2085 921 3732 999">
    <p class='ocr_par' dir='ltr' id='par_1_30' title="bbox 2085 921 3732 999">
     <span class='ocr_line' id='line_1_30' title="bbox 2085 921 3732 999; baseline -0.003 -17"><span class='ocrx_word' id='word_1_196' title='bbox 2085 921 2219 999; x_wconf 77' lang='lat' dir='ltr'>epes</span> <span class='ocrx_word' id='word_1_197' title='bbox 2249 926 2599 999; x_wconf 64' lang='lat' dir='ltr'>actionisAt</span> <span class='ocrx_word' id='word_1_198' title='bbox 2622 923 3011 999; x_wconf 82' lang='lat' dir='ltr'>Christiamus</span> <span class='ocrx_word' id='word_1_199' title='bbox 3034 921 3255 995; x_wconf 80' lang='lat' dir='ltr'>martyr</span> <span class='ocrx_word' id='word_1_200' title='bbox 3283 925 3353 978; x_wconf 91' lang='lat' dir='ltr'>ad</span> <span class='ocrx_word' id='word_1_201' title='bbox 3378 921 3732 999; x_wconf 86' lang='lat' dir='ltr'>supplicium</span> 
     </span>
    </p>
   </div>
   <div class='ocr_carea' id='block_1_31' title="bbox 2085 995 3730 1071">
    <p class='ocr_par' dir='ltr' id='par_1_31' title="bbox 2085 995 3730 1071">
     <span class='ocr_line' id='line_1_31' title="bbox 2085 995 3730 1071; baseline -0.002 -19"><span class='ocrx_word' id='word_1_202' title='bbox 2085 995 2321 1071; x_wconf 75' lang='lat' dir='ltr'>propter</span> <span class='ocrx_word' id='word_1_203' title='bbox 2349 997 2566 1071; x_wconf 87' lang='lat' dir='ltr'>Christi</span> <span class='ocrx_word' id='word_1_204' title='bbox 2593 995 3038 1071; x_wconf 74' lang='lat' dir='ltr'>confessionem</span> <span class='ocrx_word' id='word_1_205' title='bbox 3090 1000 3330 1066; x_wconf 88' lang='lat' dir='ltr'>petitus,</span> <span class='ocrx_word' id='word_1_206' title='bbox 3379 995 3576 1050; x_wconf 88' lang='lat' dir='ltr'>nullus</span> <span class='ocrx_word' id='word_1_207' title='bbox 3619 1011 3730 1071; x_wconf 86' lang='lat' dir='ltr'>un-</span> 
     </span>
    </p>
   </div>
   <div class='ocr_carea' id='block_1_32' title="bbox 2084 1066 3728 1141">
    <p class='ocr_par' dir='ltr' id='par_1_32' title="bbox 2084 1066 3728 1141">
     <span class='ocr_line' id='line_1_32' title="bbox 2084 1066 3728 1141; baseline -0.004 -16"><span class='ocrx_word' id='word_1_208' title='bbox 2084 1066 2261 1141; x_wconf 54' lang='lat' dir='ltr'>qua&#39;m</span> <span class='ocrx_word' id='word_1_209' title='bbox 2295 1070 2528 1141; x_wconf 83' lang='lat' dir='ltr'>dubitat</span> <span class='ocrx_word' id='word_1_210' title='bbox 2556 1067 2628 1124; x_wconf 90' lang='lat' dir='ltr'>ab</span> <span class='ocrx_word' id='word_1_211' title='bbox 2657 1067 2823 1141; x_wconf 81' lang='lat' dir='ltr'>omni</span> <span class='ocrx_word' id='word_1_212' title='bbox 2849 1066 3450 1141; x_wconf 12' lang='lat' dir='ltr'>malefactugcessare,</span> <span class='ocrx_word' id='word_1_213' title='bbox 3513 1082 3576 1120; x_wconf 87' lang='lat' dir='ltr'>ac</span> <span class='ocrx_word' id='word_1_214' title='bbox 3626 1066 3728 1120; x_wconf 89' lang='lat' dir='ltr'>ho-</span> 
     </span>
    </p>
   </div>
   <div class='ocr_carea' id='block_1_33' title="bbox 2085 1139 3728 1210">
    <p class='ocr_par' dir='ltr' id='par_1_33' title="bbox 2085 1139 3728 1210">
     <span class='ocr_line' id='line_1_33' title="bbox 2085 1139 3728 1210; baseline -0.003 -13"><span class='ocrx_word' id='word_1_215' title='bbox 2085 1139 2308 1197; x_wconf 84' lang='lat' dir='ltr'>minum</span> <span class='ocrx_word' id='word_1_216' title='bbox 2343 1140 2520 1196; x_wconf 89' lang='lat' dir='ltr'>minis</span> <span class='ocrx_word' id='word_1_217' title='bbox 2551 1141 2650 1195; x_wconf 91' lang='lat' dir='ltr'>Dei</span> <span class='ocrx_word' id='word_1_218' title='bbox 2682 1139 2951 1210; x_wconf 72' lang='lat' dir='ltr'>praeferre</span> <span class='ocrx_word' id='word_1_219' title='bbox 2991 1139 3383 1196; x_wconf 85' lang='lat' dir='ltr'>dilectionem.</span> <span class='ocrx_word' id='word_1_220' title='bbox 3435 1142 3596 1191; x_wconf 90' lang='lat' dir='ltr'>Tunc</span> <span class='ocrx_word' id='word_1_221' title='bbox 3625 1154 3728 1192; x_wconf 90' lang='lat' dir='ltr'>au-</span> 
     </span>
    </p>
   </div>
   <div class='ocr_carea' id='block_1_34' title="bbox 2083 1210 3724 1282">
    <p class='ocr_par' dir='ltr' id='par_1_34' title="bbox 2083 1210 3724 1282">
     <span class='ocr_line' id='line_1_34' title="bbox 2083 1210 3724 1282; baseline -0.002 -14"><span class='ocrx_word' id='word_1_222' title='bbox 2083 1217 2203 1269; x_wconf 88' lang='lat' dir='ltr'>tem</span> <span class='ocrx_word' id='word_1_223' title='bbox 2260 1212 2360 1268; x_wconf 92' lang='lat' dir='ltr'>ille</span> <span class='ocrx_word' id='word_1_224' title='bbox 2418 1212 2783 1267; x_wconf 89' lang='lat' dir='ltr'>Dominicum</span> <span class='ocrx_word' id='word_1_225' title='bbox 2841 1211 2998 1266; x_wconf 89' lang='lat' dir='ltr'>istud</span> <span class='ocrx_word' id='word_1_226' title='bbox 3056 1210 3259 1282; x_wconf 87' lang='lat' dir='ltr'>implet</span> <span class='ocrx_word' id='word_1_227' title='bbox 3320 1213 3724 1282; x_wconf 67' lang='lat' dir='ltr'>praeceptum:</span> 
     </span>
    </p>
   </div>
   <div class='ocr_carea' id='block_1_35' title="bbox 2084 1277 3728 1352">
    <p class='ocr_par' dir='ltr' id='par_1_35' title="bbox 2084 1277 3728 1352">
     <span class='ocr_line' id='line_1_35' title="bbox 2084 1277 3728 1352; baseline -0.004 -13"><span class='ocrx_word' id='word_1_228' title='bbox 2084 1306 2111 1334; x_wconf 86' lang='lat'><strong>«</strong></span> <span class='ocrx_word' id='word_1_229' title='bbox 2148 1287 2329 1349; x_wconf 89' lang='lat' dir='ltr'>Vade,</span> <span class='ocrx_word' id='word_1_230' title='bbox 2360 1284 2544 1339; x_wconf 92' lang='lat' dir='ltr'>vende</span> <span class='ocrx_word' id='word_1_231' title='bbox 2575 1282 2836 1351; x_wconf 90' lang='lat' dir='ltr'>omnnia,</span> <span class='ocrx_word' id='word_1_232' title='bbox 2881 1299 3006 1352; x_wconf 57' lang='lat' dir='ltr'>quae</span> <span class='ocrx_word' id='word_1_233' title='bbox 3058 1277 3238 1337; x_wconf 82' lang='lat' dir='ltr'>habes</span> <span class='ocrx_word' id='word_1_234' title='bbox 3254 1283 3296 1347; x_wconf 82' lang='grc'>³,</span> <span class='ocrx_word' id='word_1_235' title='bbox 3320 1277 3374 1332; x_wconf 76' lang='grc'>“››</span> <span class='ocrx_word' id='word_1_236' title='bbox 3425 1277 3526 1333; x_wconf 52' lang='grc' dir='ltr'><strong><em>τὲί</em></strong></span> <span class='ocrx_word' id='word_1_237' title='bbox 3551 1277 3728 1352; x_wconf 75' lang='grc' dir='ltr'>ὑπάρ-</span> 
     </span>
    </p>
   </div>
   <div class='ocr_carea' id='block_1_36' title="bbox 2085 1352 3727 1439">
    <p class='ocr_par' dir='ltr' id='par_1_36' title="bbox 2085 1352 3727 1439">
     <span class='ocr_line' id='line_1_36' title="bbox 2085 1352 3727 1439; baseline -0.001 -31"><span class='ocrx_word' id='word_1_238' title='bbox 2085 1361 2501 1439; x_wconf 51' lang='lat' dir='ltr'>xcvra._Atque</span> <span class='ocrx_word' id='word_1_239' title='bbox 2532 1355 2588 1409; x_wconf 90' lang='lat' dir='ltr'>id</span> <span class='ocrx_word' id='word_1_240' title='bbox 2619 1354 2877 1439; x_wconf 55' lang='lat' dir='ltr'>quidem</span> <span class='ocrx_word' id='word_1_241' title='bbox 2923 1353 3194 1439; x_wconf 70' lang='lat' dir='ltr'>Clemens</span> <span class='ocrx_word' id='word_1_242' title='bbox 3226 1353 3476 1410; x_wconf 86' lang='lat' dir='ltr'>breviter</span> <span class='ocrx_word' id='word_1_243' title='bbox 3505 1352 3727 1439; x_wconf 76' lang='lat' dir='ltr'>edisse-</span> 
     </span>
    </p>
   </div>
   <div class='ocr_carea' id='block_1_37' title="bbox 2085 1423 3725 1499">
    <p class='ocr_par' dir='ltr' id='par_1_37' title="bbox 2085 1423 3725 1499">
     <span class='ocr_line' id='line_1_37' title="bbox 2085 1423 3725 1499; baseline -0.003 -16"><span class='ocrx_word' id='word_1_244' title='bbox 2085 1423 2180 1497; x_wconf 74' lang='lat' dir='ltr'>rit,</span> <span class='ocrx_word' id='word_1_245' title='bbox 2214 1423 2590 1499; x_wconf 86' lang='lat' dir='ltr'>ostenditque</span> <span class='ocrx_word' id='word_1_246' title='bbox 2617 1423 2761 1480; x_wconf 92' lang='lat' dir='ltr'>illud</span> <span class='ocrx_word' id='word_1_247' title='bbox 2793 1425 2921 1480; x_wconf 90' lang='lat' dir='ltr'>sine</span> <span class='ocrx_word' id='word_1_248' title='bbox 2951 1425 3237 1481; x_wconf 89' lang='lat' dir='ltr'>charitate</span> <span class='ocrx_word' id='word_1_249' title='bbox 3269 1443 3383 1482; x_wconf 92' lang='lat' dir='ltr'>non</span> <span class='ocrx_word' id='word_1_250' title='bbox 3418 1439 3593 1497; x_wconf 88' lang='lat' dir='ltr'>posse</span> <span class='ocrx_word' id='word_1_251' title='bbox 3623 1423 3725 1480; x_wconf 89' lang='lat' dir='ltr'>ob-</span> 
     </span>
    </p>
   </div>
   <div class='ocr_carea' id='block_1_38' title="bbox 2083 1517 2320 1556">
    <p class='ocr_par' dir='ltr' id='par_1_38' title="bbox 2083 1517 2320 1556">
     <span class='ocr_line' id='line_1_38' title="bbox 2083 1517 2320 1556; baseline -0.004 -1"><span class='ocrx_word' id='word_1_252' title='bbox 2083 1517 2320 1556; x_wconf 80' lang='lat' dir='ltr'>servari.</span> 
     </span>
    </p>
   </div>
   <div class='ocr_carea' id='block_1_39' title="bbox 2155 1587 3725 1663">
    <p class='ocr_par' dir='ltr' id='par_1_39' title="bbox 2155 1587 3725 1663">
     <span class='ocr_line' id='line_1_39' title="bbox 2155 1587 3725 1663; baseline 0.003 -20"><span class='ocrx_word' id='word_1_253' title='bbox 2155 1588 2263 1655; x_wconf 88' lang='lat' dir='ltr'>Qui</span> <span class='ocrx_word' id='word_1_254' title='bbox 2293 1603 2430 1663; x_wconf 84' lang='lat' dir='ltr'>ergo</span> <span class='ocrx_word' id='word_1_255' title='bbox 2469 1602 2657 1663; x_wconf 81' lang='lat' dir='ltr'>neque</span> <span class='ocrx_word' id='word_1_256' title='bbox 2688 1588 2923 1663; x_wconf 86' lang='lat' dir='ltr'>propter</span> <span class='ocrx_word' id='word_1_257' title='bbox 2953 1588 3172 1663; x_wconf 82' lang='lat' dir='ltr'>metum</span> <span class='ocrx_word' id='word_1_258' title='bbox 3207 1587 3500 1663; x_wconf 83' lang='lat' dir='ltr'>supplicii,</span> <span class='ocrx_word' id='word_1_259' title='bbox 3535 1607 3725 1663; x_wconf 85' lang='lat' dir='ltr'>neque</span> 
     </span>
    </p>
   </div>
   <div class='ocr_carea' id='block_1_40' title="bbox 2085 1657 3724 1733">
    <p class='ocr_par' dir='ltr' id='par_1_40' title="bbox 2085 1657 3724 1733">
     <span class='ocr_line' id='line_1_40' title="bbox 2085 1657 3724 1733; baseline 0.002 -18"><span class='ocrx_word' id='word_1_260' title='bbox 2085 1666 2320 1733; x_wconf 90' lang='lat' dir='ltr'>propter</span> <span class='ocrx_word' id='word_1_261' title='bbox 2349 1657 2485 1714; x_wconf 91' lang='lat' dir='ltr'>doni</span> <span class='ocrx_word' id='word_1_262' title='bbox 2509 1657 2779 1733; x_wconf 77' lang='lat' dir='ltr'>alicujus</span> <span class='ocrx_word' id='word_1_263' title='bbox 2834 1657 3298 1733; x_wconf 71' lang='lat' dir='ltr'>promissionem</span> <span class='ocrx_word' id='word_1_264' title='bbox 3325 1657 3407 1733; x_wconf 71' lang='lat' dir='ltr'>ad</span> <span class='ocrx_word' id='word_1_265' title='bbox 3466 1657 3724 1719; x_wconf 81' lang='lat' dir='ltr'>salutare</span> 
     </span>
    </p>
   </div>
   <div class='ocr_carea' id='block_1_41' title="bbox 321 1715 1977 1805">
    <p class='ocr_par' dir='ltr' id='par_1_41' title="bbox 321 1715 1971 1805">
     <span class='ocr_line' id='line_1_41' title="bbox 321 1715 1971 1805; baseline 0.003 -38"><span class='ocrx_word' id='word_1_266' title='bbox 321 1729 491 1805; x_wconf 69' lang='lat' dir='ltr'>mens</span> <span class='ocrx_word' id='word_1_267' title='bbox 542 1719 742 1805; x_wconf 69' lang='lat' dir='ltr'>poster</span> <span class='ocrx_word' id='word_1_268' title='bbox 789 1731 994 1796; x_wconf 89' lang='lat' dir='ltr'>rursus</span> <span class='ocrx_word' id='word_1_269' title='bbox 1041 1715 1368 1805; x_wconf 32' lang='lat' dir='ltr'>refellithet</span> <span class='ocrx_word' id='word_1_270' title='bbox 1398 1715 1648 1805; x_wconf 52' lang='lat' dir='ltr'>esplicat</span> <span class='ocrx_word' id='word_1_271' title='bbox 1679 1717 1971 1787; x_wconf 90' lang='lat' dir='ltr'>quomodo</span> 
     </span>
    </p>
   </div>
   <div class='ocr_carea' id='block_1_42' title="bbox 2076 1715 3723 1805">
    <p class='ocr_par' dir='ltr' id='par_1_42' title="bbox 2080 1715 3723 1805">
     <span class='ocr_line' id='line_1_42' title="bbox 2080 1715 3723 1805; baseline 0.001 -17"><span class='ocrx_word' id='word_1_272' title='bbox 2080 1715 2334 1805; x_wconf 10' lang='lat' dir='ltr'>verbum!</span> <span class='ocrx_word' id='word_1_273' title='bbox 2353 1731 2660 1805; x_wconf 82' lang='lat' dir='ltr'>accedunt,</span> <span class='ocrx_word' id='word_1_274' title='bbox 2677 1715 2737 1784; x_wconf 71' lang='lat' dir='ltr'>bi</span> <span class='ocrx_word' id='word_1_275' title='bbox 2764 1747 2797 1783; x_wconf 90' lang='lat' dir='ltr'>a</span> <span class='ocrx_word' id='word_1_276' title='bbox 2818 1715 3036 1784; x_wconf 84' lang='lat' dir='ltr'>dextris</span> <span class='ocrx_word' id='word_1_277' title='bbox 3060 1731 3378 1805; x_wconf 77' lang='lat' dir='ltr'>sanctuarii</span> <span class='ocrx_word' id='word_1_278' title='bbox 3411 1715 3723 1805; x_wconf 11' lang='lat' dir='ltr'>stantigiqui</span> 
     </span>
    </p>
   </div>
   <div class='ocr_carea' id='block_1_43' title="bbox 321 1783 1553 1858">
    <p class='ocr_par' dir='ltr' id='par_1_43' title="bbox 321 1783 1553 1858">
     <span class='ocr_line' id='line_1_43' title="bbox 321 1783 1553 1858; baseline 0 -18"><span class='ocrx_word' id='word_1_279' title='bbox 321 1783 902 1858; x_wconf 15' lang='lat' dir='ltr'>lexgjustogbonoque</span> <span class='ocrx_word' id='word_1_280' title='bbox 933 1787 1200 1858; x_wconf 84' lang='lat' dir='ltr'>vironon</span> <span class='ocrx_word' id='word_1_281' title='bbox 1233 1787 1310 1842; x_wconf 90' lang='lat' dir='ltr'>sit</span> <span class='ocrx_word' id='word_1_282' title='bbox 1340 1783 1553 1858; x_wconf 84' lang='lat' dir='ltr'>posita.</span> 
     </span>
    </p>
   </div>
   <div class='ocr_carea' id='block_1_44' title="bbox 391 1856 1976 1930">
    <p class='ocr_par' dir='ltr' id='par_1_44' title="bbox 391 1856 1976 1930">
     <span class='ocr_line' id='line_1_44' title="bbox 391 1856 1976 1930; baseline 0.002 -20"><span class='ocrx_word' id='word_1_283' title='bbox 391 1856 665 1928; x_wconf 88' lang='lat' dir='ltr'>Corporis</span> <span class='ocrx_word' id='word_1_284' title='bbox 692 1856 912 1928; x_wconf 84' lang='lat' dir='ltr'>itaque,</span> <span class='ocrx_word' id='word_1_285' title='bbox 945 1857 1027 1912; x_wconf 90' lang='lat' dir='ltr'>uti</span> <span class='ocrx_word' id='word_1_286' title='bbox 1058 1857 1158 1913; x_wconf 91' lang='lat' dir='ltr'>ille</span> <span class='ocrx_word' id='word_1_287' title='bbox 1188 1856 1398 1930; x_wconf 84' lang='lat' dir='ltr'>pergit,</span> <span class='ocrx_word' id='word_1_288' title='bbox 1424 1863 1481 1913; x_wconf 92' lang='lat' dir='ltr'>et</span> <span class='ocrx_word' id='word_1_289' title='bbox 1499 1858 1726 1930; x_wconf 69' lang='lat' dir='ltr'>animae,</span> <span class='ocrx_word' id='word_1_290' title='bbox 1757 1856 1976 1929; x_wconf 89' lang='lat' dir='ltr'>quibus</span> 
     </span>
    </p>
   </div>
   <div class='ocr_carea' id='block_1_45' title="bbox 319 1926 1974 2001">
    <p class='ocr_par' dir='ltr' id='par_1_45' title="bbox 319 1926 1974 2001">
     <span class='ocr_line' id='line_1_45' title="bbox 319 1926 1974 2001; baseline 0.001 -19"><span class='ocrx_word' id='word_1_291' title='bbox 319 1926 892 2001; x_wconf 41' lang='lat' dir='ltr'>homo&#39;compositus</span> <span class='ocrx_word' id='word_1_292' title='bbox 913 1933 1024 1998; x_wconf 90' lang='lat' dir='ltr'>est,</span> <span class='ocrx_word' id='word_1_293' title='bbox 1049 1926 1340 2001; x_wconf 72' lang='lat' dir='ltr'>separatio</span> <span class='ocrx_word' id='word_1_294' title='bbox 1374 1934 1464 1985; x_wconf 92' lang='lat' dir='ltr'>est</span> <span class='ocrx_word' id='word_1_295' title='bbox 1493 1929 1654 1986; x_wconf 86' lang='lat' dir='ltr'>illius</span> <span class='ocrx_word' id='word_1_296' title='bbox 1687 1926 1847 1986; x_wconf 73' lang='lat' dir='ltr'>mors</span> <span class='ocrx_word' id='word_1_297' title='bbox 1871 1946 1974 1984; x_wconf 90' lang='lat' dir='ltr'>na-</span> 
     </span>
    </p>
   </div>
   <div class='ocr_carea' id='block_1_46' title="bbox 318 2000 1970 2072">
    <p class='ocr_par' dir='ltr' id='par_1_46' title="bbox 318 2000 1970 2072">
     <span class='ocr_line' id='line_1_46' title="bbox 318 2000 1970 2072; baseline 0.001 -18"><span class='ocrx_word' id='word_1_298' title='bbox 318 2000 558 2066; x_wconf 86' lang='lat' dir='ltr'>turalis,</span> <span class='ocrx_word' id='word_1_299' title='bbox 590 2001 918 2071; x_wconf 89' lang='lat' dir='ltr'>spiritualis</span> <span class='ocrx_word' id='word_1_300' title='bbox 971 2000 1140 2072; x_wconf 7' lang='lat' dir='ltr'>vero,</span> <span class='ocrx_word' id='word_1_301' title='bbox 1167 2006 1494 2072; x_wconf 91' lang='lat' dir='ltr'>peccatum,</span> <span class='ocrx_word' id='word_1_302' title='bbox 1555 2019 1588 2058; x_wconf 91' lang='lat' dir='ltr'>a</span> <span class='ocrx_word' id='word_1_303' title='bbox 1628 2018 1742 2072; x_wconf 93' lang='lat' dir='ltr'>quo</span> <span class='ocrx_word' id='word_1_304' title='bbox 1796 2001 1970 2056; x_wconf 89' lang='lat' dir='ltr'>etiam</span> 
     </span>
    </p>
   </div>
   <div class='ocr_carea' id='block_1_47' title="bbox 317 2071 1975 2144">
    <p class='ocr_par' dir='ltr' id='par_1_47' title="bbox 317 2071 1975 2144">
     <span class='ocr_line' id='line_1_47' title="bbox 317 2071 1975 2144; baseline 0.002 -19"><span class='ocrx_word' id='word_1_305' title='bbox 317 2072 554 2144; x_wconf 84' lang='lat' dir='ltr'>quando</span> <span class='ocrx_word' id='word_1_306' title='bbox 604 2079 951 2144; x_wconf 86' lang='lat' dir='ltr'>separatur,</span> <span class='ocrx_word' id='word_1_307' title='bbox 1002 2071 1330 2144; x_wconf 83' lang='lat' dir='ltr'>spiritualis</span> <span class='ocrx_word' id='word_1_308' title='bbox 1391 2075 1518 2144; x_wconf 88' lang='lat' dir='ltr'>ejus</span> <span class='ocrx_word' id='word_1_309' title='bbox 1565 2071 1684 2128; x_wconf 85' lang='lat' dir='ltr'>vita</span> <span class='ocrx_word' id='word_1_310' title='bbox 1734 2077 1841 2128; x_wconf 91' lang='lat' dir='ltr'>est.</span> <span class='ocrx_word' id='word_1_311' title='bbox 1900 2077 1975 2128; x_wconf 89' lang='lat' dir='ltr'>At</span> 
     </span>
    </p>
   </div>
   <div class='ocr_carea' id='block_1_48' title="bbox 319 2142 1973 2216">
    <p class='ocr_par' dir='ltr' id='par_1_48' title="bbox 319 2142 1973 2216">
     <span class='ocr_line' id='line_1_48' title="bbox 319 2142 1973 2216; baseline 0.002 -19"><span class='ocrx_word' id='word_1_312' title='bbox 319 2142 691 2216; x_wconf 79' lang='lat' dir='ltr'>Christianus</span> <span class='ocrx_word' id='word_1_313' title='bbox 745 2142 1138 2216; x_wconf 84' lang='lat' dir='ltr'>philOsophus</span> <span class='ocrx_word' id='word_1_314' title='bbox 1186 2150 1307 2200; x_wconf 91' lang='lat' dir='ltr'>toto</span> <span class='ocrx_word' id='word_1_315' title='bbox 1346 2142 1476 2199; x_wconf 64' lang='lat' dir='ltr'>vita:</span> <span class='ocrx_word' id='word_1_316' title='bbox 1535 2161 1650 2200; x_wconf 66' lang='lat' dir='ltr'>suae</span> <span class='ocrx_word' id='word_1_317' title='bbox 1712 2149 1973 2216; x_wconf 88' lang='lat' dir='ltr'>tempore</span> 
     </span>
    </p>
   </div>
   <div class='ocr_carea' id='block_1_49' title="bbox 317 2214 1972 2287">
    <p class='ocr_par' dir='ltr' id='par_1_49' title="bbox 317 2214 1972 2287">
     <span class='ocr_line' id='line_1_49' title="bbox 317 2214 1972 2287; baseline 0.002 -19"><span class='ocrx_word' id='word_1_318' title='bbox 317 2214 481 2287; x_wconf 85' lang='lat' dir='ltr'>illam</span> <span class='ocrx_word' id='word_1_319' title='bbox 515 2215 725 2270; x_wconf 70' lang='lat' dir='ltr'>anima:</span> <span class='ocrx_word' id='word_1_320' title='bbox 749 2214 1132 2287; x_wconf 65' lang='lat' dir='ltr'>CorporiSque</span> <span class='ocrx_word' id='word_1_321' title='bbox 1151 2217 1242 2270; x_wconf 90' lang='lat' dir='ltr'>sui</span> <span class='ocrx_word' id='word_1_322' title='bbox 1283 2218 1363 2271; x_wconf 90' lang='lat' dir='ltr'>ita</span> <span class='ocrx_word' id='word_1_323' title='bbox 1392 2217 1712 2271; x_wconf 88' lang='lat' dir='ltr'>meditatur</span> <span class='ocrx_word' id='word_1_324' title='bbox 1741 2214 1972 2287; x_wconf 81' lang='lat' dir='ltr'>separa-</span> 
     </span>
    </p>
   </div>
   <div class='ocr_carea' id='block_1_50' title="bbox 319 2285 1970 2358">
    <p class='ocr_par' dir='ltr' id='par_1_50' title="bbox 319 2285 1970 2358">
     <span class='ocr_line' id='line_1_50' title="bbox 319 2285 1970 2358; baseline 0.001 -18"><span class='ocrx_word' id='word_1_325' title='bbox 319 2285 565 2356; x_wconf 86' lang='lat' dir='ltr'>tionem,</span> <span class='ocrx_word' id='word_1_326' title='bbox 601 2291 665 2342; x_wconf 93' lang='lat' dir='ltr'>ut</span> <span class='ocrx_word' id='word_1_327' title='bbox 704 2287 762 2341; x_wconf 91' lang='lat' dir='ltr'>in</span> <span class='ocrx_word' id='word_1_328' title='bbox 795 2285 967 2342; x_wconf 80' lang='lat' dir='ltr'>carne</span> <span class='ocrx_word' id='word_1_329' title='bbox 995 2285 1173 2342; x_wconf 88' lang='lat' dir='ltr'>vitam</span> <span class='ocrx_word' id='word_1_330' title='bbox 1207 2305 1408 2358; x_wconf 80' lang='lat' dir='ltr'>agens,</span> <span class='ocrx_word' id='word_1_331' title='bbox 1438 2289 1676 2357; x_wconf 56' lang='lat' dir='ltr'>,mundo</span> <span class='ocrx_word' id='word_1_332' title='bbox 1709 2289 1785 2342; x_wconf 91' lang='lat' dir='ltr'>sit</span> <span class='ocrx_word' id='word_1_333' title='bbox 1811 2285 1970 2342; x_wconf 84' lang='lat' dir='ltr'>mor-</span> 
     </span>
    </p>
   </div>
   <div class='ocr_carea' id='block_1_51' title="bbox 317 2358 1968 2431">
    <p class='ocr_par' dir='ltr' id='par_1_51' title="bbox 317 2358 1968 2431">
     <span class='ocr_line' id='line_1_51' title="bbox 317 2358 1968 2431; baseline 0.001 -20"><span class='ocrx_word' id='word_1_334' title='bbox 317 2362 459 2412; x_wconf 88' lang='lat' dir='ltr'>tuus</span> <span class='ocrx_word' id='word_1_335' title='bbox 494 2366 549 2413; x_wconf 92' lang='lat' dir='ltr'>et</span> <span class='ocrx_word' id='word_1_336' title='bbox 582 2359 639 2413; x_wconf 92' lang='lat' dir='ltr'>in</span> <span class='ocrx_word' id='word_1_337' title='bbox 672 2358 813 2414; x_wconf 79' lang='lat' dir='ltr'>cmlo</span> <span class='ocrx_word' id='word_1_338' title='bbox 846 2360 1186 2416; x_wconf 73' lang='lat' dir='ltr'>versetur&quot;.</span> <span class='ocrx_word' id='word_1_339' title='bbox 1249 2359 1612 2431; x_wconf 86' lang='lat' dir='ltr'>Quapropter</span> <span class='ocrx_word' id='word_1_340' title='bbox 1669 2359 1828 2414; x_wconf 90' lang='lat' dir='ltr'>nullo</span> <span class='ocrx_word' id='word_1_341' title='bbox 1863 2377 1968 2413; x_wconf 83' lang='lat' dir='ltr'>un-</span> 
     </span>
    </p>
   </div>
   <div class='ocr_carea' id='block_1_52' title="bbox 319 2431 1968 2500">
    <p class='ocr_par' dir='ltr' id='par_1_52' title="bbox 319 2431 1968 2500">
     <span class='ocr_line' id='line_1_52' title="bbox 319 2431 1968 2500; baseline 0.002 -18"><span class='ocrx_word' id='word_1_342' title='bbox 319 2445 497 2500; x_wconf 87' lang='lat' dir='ltr'>quam</span> <span class='ocrx_word' id='word_1_343' title='bbox 536 2432 744 2486; x_wconf 89' lang='lat' dir='ltr'>mortis</span> <span class='ocrx_word' id='word_1_344' title='bbox 787 2435 944 2486; x_wconf 91' lang='lat' dir='ltr'>metu</span> <span class='ocrx_word' id='word_1_345' title='bbox 995 2446 1190 2485; x_wconf 87' lang='lat' dir='ltr'>veram</span> <span class='ocrx_word' id='word_1_346' title='bbox 1224 2431 1358 2486; x_wconf 84' lang='lat' dir='ltr'>ﬁdei</span> <span class='ocrx_word' id='word_1_347' title='bbox 1401 2438 1611 2486; x_wconf 62' lang='lat' dir='ltr'>nostra;</span> <span class='ocrx_word' id='word_1_348' title='bbox 1643 2431 1968 2486; x_wconf 87' lang='lat' dir='ltr'>doctrinam</span> 
     </span>
    </p>
   </div>
   <div class='ocr_carea' id='block_1_53' title="bbox 318 2500 1968 2575">
    <p class='ocr_par' dir='ltr' id='par_1_53' title="bbox 318 2500 1968 2575">
     <span class='ocr_line' id='line_1_53' title="bbox 318 2500 1968 2575; baseline 0.002 -21"><span class='ocrx_word' id='word_1_349' title='bbox 318 2506 426 2554; x_wconf 88' lang='lat' dir='ltr'>aut</span> <span class='ocrx_word' id='word_1_350' title='bbox 457 2500 752 2575; x_wconf 85' lang='lat' dir='ltr'>Christum</span> <span class='ocrx_word' id='word_1_351' title='bbox 796 2501 1068 2572; x_wconf 82' lang='lat' dir='ltr'>negabit;</span> <span class='ocrx_word' id='word_1_352' title='bbox 1103 2504 1203 2558; x_wconf 90' lang='lat' dir='ltr'>sed</span> <span class='ocrx_word' id='word_1_353' title='bbox 1254 2507 1489 2575; x_wconf 86' lang='lat' dir='ltr'>propter</span> <span class='ocrx_word' id='word_1_354' title='bbox 1536 2519 1835 2558; x_wconf 90' lang='lat' dir='ltr'>summum</span> <span class='ocrx_word' id='word_1_355' title='bbox 1868 2502 1968 2557; x_wconf 90' lang='lat' dir='ltr'>Dei</span> 
     </span>
    </p>
   </div>
   <div class='ocr_carea' id='block_1_54' title="bbox 313 2573 1970 2647">
    <p class='ocr_par' dir='ltr' id='par_1_54' title="bbox 313 2573 1970 2647">
     <span class='ocr_line' id='line_1_54' title="bbox 313 2573 1970 2647; baseline -0.001 -20"><span class='ocrx_word' id='word_1_356' title='bbox 313 2588 582 2647; x_wconf 82' lang='lat' dir='ltr'>amorem</span> <span class='ocrx_word' id='word_1_357' title='bbox 617 2578 673 2628; x_wconf 92' lang='lat' dir='ltr'>et</span> <span class='ocrx_word' id='word_1_358' title='bbox 703 2573 1040 2647; x_wconf 76' lang='lat' dir='ltr'>charltatem</span> <span class='ocrx_word' id='word_1_359' title='bbox 1089 2573 1434 2647; x_wconf 79' lang='lat' dir='ltr'>martyrium</span> <span class='ocrx_word' id='word_1_360' title='bbox 1469 2577 1793 2644; x_wconf 89' lang='lat' dir='ltr'>mortisque</span> <span class='ocrx_word' id='word_1_361' title='bbox 1825 2591 1970 2644; x_wconf 87' lang='lat' dir='ltr'>sup-</span> 
     </span>
    </p>
   </div>
   <div class='ocr_carea' id='block_1_55' title="bbox 317 2643 1967 2718">
    <p class='ocr_par' dir='ltr' id='par_1_55' title="bbox 317 2643 1967 2718">
     <span class='ocr_line' id='line_1_55' title="bbox 317 2643 1967 2718; baseline 0.002 -21"><span class='ocrx_word' id='word_1_362' title='bbox 317 2643 569 2718; x_wconf 83' lang='lat' dir='ltr'>plicium</span> <span class='ocrx_word' id='word_1_363' title='bbox 604 2645 1081 2718; x_wconf 79' lang='lat' dir='ltr'>constantissime</span> <span class='ocrx_word' id='word_1_364' title='bbox 1105 2643 1375 2718; x_wconf 80' lang='lat' dir='ltr'>perferet.</span> <span class='ocrx_word' id='word_1_365' title='bbox 1408 2647 1471 2700; x_wconf 87' lang='lat' dir='ltr'>Et</span> <span class='ocrx_word' id='word_1_366' title='bbox 1495 2647 1548 2700; x_wconf 92' lang='lat' dir='ltr'>id</span> <span class='ocrx_word' id='word_1_367' title='bbox 1579 2643 1813 2718; x_wconf 85' lang='lat' dir='ltr'>quidem</span> <span class='ocrx_word' id='word_1_368' title='bbox 1844 2643 1967 2716; x_wconf 78' lang='lat' dir='ltr'>per-</span> 
     </span>
    </p>
   </div>
   <div class='ocr_carea' id='block_1_56' title="bbox 316 2714 1965 2788">
    <p class='ocr_par' dir='ltr' id='par_1_56' title="bbox 316 2714 1965 2788">
     <span class='ocr_line' id='line_1_56' title="bbox 316 2714 1965 2788; baseline -0.001 -19"><span class='ocrx_word' id='word_1_369' title='bbox 316 2714 540 2788; x_wconf 69' lang='lat' dir='ltr'>fectum</span> <span class='ocrx_word' id='word_1_370' title='bbox 596 2716 898 2772; x_wconf 89' lang='lat' dir='ltr'>charitatis</span> <span class='ocrx_word' id='word_1_371' title='bbox 929 2714 1122 2788; x_wconf 51' lang='lat' dir='ltr'>opus;</span> <span class='ocrx_word' id='word_1_372' title='bbox 1161 2723 1218 2773; x_wconf 89' lang='lat' dir='ltr'>et</span> <span class='ocrx_word' id='word_1_373' title='bbox 1254 2737 1274 2765; x_wconf 79' lang='grc' dir='ltr'>ι</span> <span class='ocrx_word' id='word_1_374' title='bbox 1310 2714 1902 2783; x_wconf 83' lang='lat' dir='ltr'>consummationem,</span> <span class='ocrx_word' id='word_1_375' title='bbox 1937 2739 1965 2767; x_wconf 86' lang='lat'><strong>»</strong></span> 
     </span>
    </p>
   </div>
   <div class='ocr_carea' id='block_1_57' title="bbox 314 2781 1968 2860">
    <p class='ocr_par' dir='ltr' id='par_1_57' title="bbox 314 2781 1968 2860">
     <span class='ocr_line' id='line_1_57' title="bbox 314 2781 1968 2860; baseline 0.002 -21"><span class='ocrx_word' id='word_1_376' title='bbox 314 2781 623 2860; x_wconf 56' lang='grc' dir='ltr'>τελείωσιν,</span> <span class='ocrx_word' id='word_1_377' title='bbox 674 2781 985 2844; x_wconf 52' lang='lat' dir='ltr'>vocamus.-</span> <span class='ocrx_word' id='word_1_378' title='bbox 1017 2781 1133 2860; x_wconf 85' lang='lat' dir='ltr'>Nec</span> <span class='ocrx_word' id='word_1_379' title='bbox 1178 2789 1386 2844; x_wconf 90' lang='lat' dir='ltr'>mirum</span> <span class='ocrx_word' id='word_1_380' title='bbox 1423 2806 1563 2845; x_wconf 90' lang='lat' dir='ltr'>sane</span> <span class='ocrx_word' id='word_1_381' title='bbox 1593 2781 1968 2860; x_wconf 85' lang='lat' dir='ltr'>quandoqui-</span> 
     </span>
    </p>
   </div>
   <div class='ocr_carea' id='block_1_58' title="bbox 315 2859 1962 2931">
    <p class='ocr_par' dir='ltr' id='par_1_58' title="bbox 315 2859 1962 2931">
     <span class='ocr_line' id='line_1_58' title="bbox 315 2859 1962 2931; baseline 0.001 -19"><span class='ocrx_word' id='word_1_382' title='bbox 315 2859 448 2914; x_wconf 85' lang='lat' dir='ltr'>dem</span> <span class='ocrx_word' id='word_1_383' title='bbox 478 2864 696 2916; x_wconf 88' lang='lat' dir='ltr'>veteres</span> <span class='ocrx_word' id='word_1_384' title='bbox 723 2860 904 2916; x_wconf 73' lang='lat' dir='ltr'>Graeci</span> <span class='ocrx_word' id='word_1_385' title='bbox 936 2860 993 2914; x_wconf 90' lang='lat' dir='ltr'>in</span> <span class='ocrx_word' id='word_1_386' title='bbox 1027 2859 1178 2915; x_wconf 90' lang='lat' dir='ltr'>bello</span> <span class='ocrx_word' id='word_1_387' title='bbox 1211 2867 1474 2916; x_wconf 85' lang='lat' dir='ltr'>mortuos</span> <span class='ocrx_word' id='word_1_388' title='bbox 1519 2859 1793 2916; x_wconf 85' lang='lat' dir='ltr'>laudibus</span> <span class='ocrx_word' id='word_1_389' title='bbox 1836 2877 1962 2931; x_wconf 88' lang='lat' dir='ltr'>pro-</span> 
     </span>
    </p>
   </div>
   <div class='ocr_carea' id='block_1_59' title="bbox 313 2931 1968 3001">
    <p class='ocr_par' dir='ltr' id='par_1_59' title="bbox 313 2931 1968 3001">
     <span class='ocr_line' id='line_1_59' title="bbox 313 2931 1968 3001; baseline 0.001 -16"><span class='ocrx_word' id='word_1_390' title='bbox 313 2932 791 3001; x_wconf 63' lang='lat' dir='ltr'>sequebantur“.</span> <span class='ocrx_word' id='word_1_391' title='bbox 849 2937 1027 2988; x_wconf 88' lang='lat' dir='ltr'>Porro</span> <span class='ocrx_word' id='word_1_392' title='bbox 1084 2937 1278 2987; x_wconf 87' lang='lat' dir='ltr'>autem</span> <span class='ocrx_word' id='word_1_393' title='bbox 1337 2932 1376 2988; x_wconf 92' lang='lat' dir='ltr'>ii</span> <span class='ocrx_word' id='word_1_394' title='bbox 1435 2932 1612 2988; x_wconf 91' lang='lat' dir='ltr'>etiam</span> <span class='ocrx_word' id='word_1_395' title='bbox 1653 2931 1968 2988; x_wconf 88' lang='lat' dir='ltr'>Christiani</span> 
     </span>
    </p>
   </div>
   <div class='ocr_carea' id='block_1_60' title="bbox 318 3002 1965 3075">
    <p class='ocr_par' dir='ltr' id='par_1_60' title="bbox 318 3002 1965 3075">
     <span class='ocr_line' id='line_1_60' title="bbox 318 3002 1965 3075; baseline 0.001 -20"><span class='ocrx_word' id='word_1_396' title='bbox 318 3008 461 3075; x_wconf 81' lang='lat' dir='ltr'>sunt</span> <span class='ocrx_word' id='word_1_397' title='bbox 493 3009 797 3075; x_wconf 81' lang='lat' dir='ltr'>martyres,</span> <span class='ocrx_word' id='word_1_398' title='bbox 840 3003 938 3074; x_wconf 90' lang='lat' dir='ltr'>qui</span> <span class='ocrx_word' id='word_1_399' title='bbox 975 3002 1238 3075; x_wconf 89' lang='lat' dir='ltr'>qualibet</span> <span class='ocrx_word' id='word_1_400' title='bbox 1271 3007 1455 3059; x_wconf 90' lang='lat' dir='ltr'>morte</span> <span class='ocrx_word' id='word_1_401' title='bbox 1488 3004 1766 3073; x_wconf 79' lang='lat' dir='ltr'>defuncti,</span> <span class='ocrx_word' id='word_1_402' title='bbox 1801 3021 1965 3058; x_wconf 86' lang='lat' dir='ltr'>man-</span> 
     </span>
    </p>
   </div>
   <div class='ocr_carea' id='block_1_61' title="bbox 2080 1801 3722 1878">
    <p class='ocr_par' dir='ltr' id='par_1_61' title="bbox 2080 1801 3722 1878">
     <span class='ocr_line' id='line_1_61' title="bbox 2080 1801 3722 1878; baseline 0 -17"><span class='ocrx_word' id='word_1_403' title='bbox 2080 1811 2277 1878; x_wconf 87' lang='lat' dir='ltr'>autem</span> <span class='ocrx_word' id='word_1_404' title='bbox 2306 1803 2478 1878; x_wconf 86' lang='lat' dir='ltr'>donis</span> <span class='ocrx_word' id='word_1_405' title='bbox 2499 1803 2827 1878; x_wconf 81' lang='lat' dir='ltr'>ducuntur,</span> <span class='ocrx_word' id='word_1_406' title='bbox 2856 1801 3203 1878; x_wconf 77' lang='lat' dir='ltr'>mercenarii</span> <span class='ocrx_word' id='word_1_407' title='bbox 3252 1801 3722 1878; x_wconf 79' lang='lat' dir='ltr'>sunt_,_stantque</span> 
     </span>
    </p>
   </div>
   <div class='ocr_carea' id='block_1_62' title="bbox 2079 1872 3721 1944">
    <p class='ocr_par' dir='ltr' id='par_1_62' title="bbox 2079 1872 3721 1944">
     <span class='ocr_line' id='line_1_62' title="bbox 2079 1872 3721 1944; baseline 0.001 -13"><span class='ocrx_word' id='word_1_408' title='bbox 2079 1895 2111 1931; x_wconf 92' lang='lat' dir='ltr'>a</span> <span class='ocrx_word' id='word_1_409' title='bbox 2142 1875 2431 1940; x_wconf 89' lang='lat' dir='ltr'>sinistris;</span> <span class='ocrx_word' id='word_1_410' title='bbox 2457 1877 2514 1929; x_wconf 90' lang='lat' dir='ltr'>et</span> <span class='ocrx_word' id='word_1_411' title='bbox 2551 1873 2605 1928; x_wconf 90' lang='lat' dir='ltr'>hi</span> <span class='ocrx_word' id='word_1_412' title='bbox 2631 1873 2870 1944; x_wconf 81' lang='lat' dir='ltr'>quidem</span> <span class='ocrx_word' id='word_1_413' title='bbox 2896 1874 2963 1927; x_wconf 90' lang='lat' dir='ltr'>ad</span> <span class='ocrx_word' id='word_1_414' title='bbox 2992 1872 3333 1944; x_wconf 86' lang='lat' dir='ltr'>imaginem,</span> <span class='ocrx_word' id='word_1_415' title='bbox 3365 1874 3451 1930; x_wconf 91' lang='lat' dir='ltr'>illi</span> <span class='ocrx_word' id='word_1_416' title='bbox 3484 1872 3721 1933; x_wconf 62' lang='lat' dir='ltr'>vero&#39;ad</span> 
     </span>
    </p>
   </div>
   <div class='ocr_carea' id='block_1_63' title="bbox 2077 1943 3716 2016">
    <p class='ocr_par' dir='ltr' id='par_1_63' title="bbox 2077 1943 3716 2016">
     <span class='ocr_line' id='line_1_63' title="bbox 2077 1943 3716 2016; baseline 0.001 -13"><span class='ocrx_word' id='word_1_417' title='bbox 2077 1947 2290 2003; x_wconf 87' lang='lat' dir='ltr'>Christi</span> <span class='ocrx_word' id='word_1_418' title='bbox 2321 1943 2788 2002; x_wconf 88' lang='lat' dir='ltr'>similitudinem.</span> <span class='ocrx_word' id='word_1_419' title='bbox 2824 1943 3064 2016; x_wconf 88' lang='lat' dir='ltr'>Utrique</span> <span class='ocrx_word' id='word_1_420' title='bbox 3099 1943 3267 2016; x_wconf 78' lang='lat' dir='ltr'>porro</span> <span class='ocrx_word' id='word_1_421' title='bbox 3302 1946 3500 2002; x_wconf 87' lang='lat' dir='ltr'>Lazari</span> <span class='ocrx_word' id='word_1_422' title='bbox 3535 1965 3602 2003; x_wconf 87' lang='lat' dir='ltr'>ex</span> <span class='ocrx_word' id='word_1_423' title='bbox 3633 1951 3716 2004; x_wconf 88' lang='lat' dir='ltr'>di-</span> 
     </span>
    </p>
   </div>
   <div class='ocr_carea' id='block_1_64' title="bbox 2075 2015 3708 2090">
    <p class='ocr_par' dir='ltr' id='par_1_64' title="bbox 2075 2015 3708 2090">
     <span class='ocr_line' id='line_1_64' title="bbox 2075 2015 3708 2090; baseline 0.002 -18"><span class='ocrx_word' id='word_1_424' title='bbox 2075 2021 2210 2074; x_wconf 85' lang='lat' dir='ltr'>vitis</span> <span class='ocrx_word' id='word_1_425' title='bbox 2243 2017 2520 2090; x_wconf 89' lang='lat' dir='ltr'>parabola</span> <span class='ocrx_word' id='word_1_426' title='bbox 2540 2015 3346 2090; x_wconf 86' lang='lat' dir='ltr'>designantur,dicunturque</span> <span class='ocrx_word' id='word_1_427' title='bbox 3373 2018 3588 2076; x_wconf 90' lang='lat' dir='ltr'>servire</span> <span class='ocrx_word' id='word_1_428' title='bbox 3621 2021 3708 2076; x_wconf 89' lang='lat' dir='ltr'>vel</span> 
     </span>
    </p>
   </div>
   <div class='ocr_carea' id='block_1_65' title="bbox 2076 2088 3720 2162">
    <p class='ocr_par' dir='ltr' id='par_1_65' title="bbox 2076 2088 3720 2162">
     <span class='ocr_line' id='line_1_65' title="bbox 2076 2088 3720 2162; baseline 0.001 -16"><span class='ocrx_word' id='word_1_429' title='bbox 2076 2088 2325 2146; x_wconf 83' lang='lat' dir='ltr'>Domino</span> <span class='ocrx_word' id='word_1_430' title='bbox 2356 2090 2504 2144; x_wconf 79' lang='grc'>117</span> <span class='ocrx_word' id='word_1_431' title='bbox 2541 2088 2627 2162; x_wconf 87' lang='lat' dir='ltr'>vel</span> <span class='ocrx_word' id='word_1_432' title='bbox 2660 2088 3066 2162; x_wconf 72' lang='lat' dir='ltr'>mammonaz‘.</span> <span class='ocrx_word' id='word_1_433' title='bbox 3099 2091 3174 2142; x_wconf 80' lang='lat' dir='ltr'>At</span> <span class='ocrx_word' id='word_1_434' title='bbox 3205 2090 3448 2145; x_wconf 90' lang='lat' dir='ltr'>secundi</span> <span class='ocrx_word' id='word_1_435' title='bbox 3480 2092 3720 2162; x_wconf 88' lang='lat' dir='ltr'>quidem</span> 
     </span>
    </p>
   </div>
   <div class='ocr_carea' id='block_1_66' title="bbox 2075 2158 3721 2234">
    <p class='ocr_par' dir='ltr' id='par_1_66' title="bbox 2075 2158 3721 2234">
     <span class='ocr_line' id='line_1_66' title="bbox 2075 2158 3721 2234; baseline -0.007 -16"><span class='ocrx_word' id='word_1_436' title='bbox 2075 2163 2146 2218; x_wconf 90' lang='lat' dir='ltr'>ad</span> <span class='ocrx_word' id='word_1_437' title='bbox 2181 2179 2404 2217; x_wconf 79' lang='lat' dir='ltr'>omnem</span> <span class='ocrx_word' id='word_1_438' title='bbox 2426 2160 2770 2234; x_wconf 83' lang='lat' dir='ltr'>_vocati_non</span> <span class='ocrx_word' id='word_1_439' title='bbox 2804 2158 3402 2234; x_wconf 75' lang='lat' dir='ltr'>veniunt,_etvulpes,</span> <span class='ocrx_word' id='word_1_440' title='bbox 3433 2158 3721 2234; x_wconf 53' lang='lat' dir='ltr'>qu&#39;emad.</span> 
     </span>
    </p>
   </div>
   <div class='ocr_carea' id='block_1_67' title="bbox 2076 2229 3723 2306">
    <p class='ocr_par' dir='ltr' id='par_1_67' title="bbox 2076 2229 3723 2306">
     <span class='ocr_line' id='line_1_67' title="bbox 2076 2229 3723 2306; baseline 0.001 -17"><span class='ocrx_word' id='word_1_441' title='bbox 2076 2235 2316 2289; x_wconf 85' lang='lat' dir='ltr'>modum</span> <span class='ocrx_word' id='word_1_442' title='bbox 2350 2231 2525 2306; x_wconf 86' lang='lat' dir='ltr'>primi</span> <span class='ocrx_word' id='word_1_443' title='bbox 2568 2230 2852 2306; x_wconf 83' lang='lat' dir='ltr'>volucres,</span> <span class='ocrx_word' id='word_1_444' title='bbox 2905 2229 3298 2306; x_wconf 46' lang='lat' dir='ltr'>appellantur:</span> <span class='ocrx_word' id='word_1_445' title='bbox 3349 2229 3723 2306; x_wconf 81' lang='lat' dir='ltr'>Paupertatis</span> 
     </span>
    </p>
   </div>
   <div class='ocr_carea' id='block_1_68' title="bbox 2075 2302 3719 2377">
    <p class='ocr_par' dir='ltr' id='par_1_68' title="bbox 2075 2302 3719 2377">
     <span class='ocr_line' id='line_1_68' title="bbox 2075 2302 3719 2377; baseline 0.001 -17"><span class='ocrx_word' id='word_1_446' title='bbox 2075 2313 2292 2372; x_wconf 90' lang='lat' dir='ltr'>tamen,</span> <span class='ocrx_word' id='word_1_447' title='bbox 2311 2302 2366 2359; x_wconf 82' lang='lat' dir='ltr'>si</span> <span class='ocrx_word' id='word_1_448' title='bbox 2393 2319 2559 2377; x_wconf 68' lang='lat' dir='ltr'>aequo</span> <span class='ocrx_word' id='word_1_449' title='bbox 2579 2303 2776 2377; x_wconf 84' lang='lat' dir='ltr'>animo</span> <span class='ocrx_word' id='word_1_450' title='bbox 2799 2319 2912 2377; x_wconf 85' lang='lat' dir='ltr'>non</span> <span class='ocrx_word' id='word_1_451' title='bbox 2948 2306 3189 2377; x_wconf 84' lang='lat' dir='ltr'>teratur,</span> <span class='ocrx_word' id='word_1_452' title='bbox 3210 2302 3534 2377; x_wconf 70' lang='lat' dir='ltr'>innumerae</span> <span class='ocrx_word' id='word_1_453' title='bbox 3559 2312 3719 2377; x_wconf 88' lang='lat' dir='ltr'>sunt,</span> 
     </span>
    </p>
   </div>
   <div class='ocr_carea' id='block_1_69' title="bbox 2072 2374 3724 2448">
    <p class='ocr_par' dir='ltr' id='par_1_69' title="bbox 2072 2374 3724 2448">
     <span class='ocr_line' id='line_1_69' title="bbox 2072 2374 3724 2448; baseline 0.001 -16"><span class='ocrx_word' id='word_1_454' title='bbox 2072 2377 2246 2432; x_wconf 88' lang='lat' dir='ltr'>sicuti</span> <span class='ocrx_word' id='word_1_455' title='bbox 2300 2375 2660 2448; x_wconf 80' lang='lat' dir='ltr'>divitiarum,</span> <span class='ocrx_word' id='word_1_456' title='bbox 2685 2374 2883 2448; x_wconf 72' lang='lat' dir='ltr'>gloriae</span> <span class='ocrx_word' id='word_1_457' title='bbox 2909 2379 2964 2448; x_wconf 73' lang='lat' dir='ltr'>e_t</span> <span class='ocrx_word' id='word_1_458' title='bbox 2987 2374 3244 2448; x_wconf 84' lang='lat' dir='ltr'>conjugii</span> <span class='ocrx_word' id='word_1_459' title='bbox 3269 2374 3724 2448; x_wconf 77' lang='lat' dir='ltr'>sollicitudines,</span> 
     </span>
    </p>
   </div>
   <div class='ocr_carea' id='block_1_70' title="bbox 2073 2445 3719 2520">
    <p class='ocr_par' dir='ltr' id='par_1_70' title="bbox 2073 2445 3719 2520">
     <span class='ocr_line' id='line_1_70' title="bbox 2073 2445 3719 2520; baseline 0.002 -17"><span class='ocrx_word' id='word_1_460' title='bbox 2073 2446 2486 2520; x_wconf 83' lang='lat' dir='ltr'>quadripartiti</span> <span class='ocrx_word' id='word_1_461' title='bbox 2520 2445 2765 2520; x_wconf 82' lang='lat' dir='ltr'>seminis</span> <span class='ocrx_word' id='word_1_462' title='bbox 2793 2445 3070 2520; x_wconf 79' lang='lat' dir='ltr'>parabole</span> <span class='ocrx_word' id='word_1_463' title='bbox 3092 2446 3397 2520; x_wconf 63' lang='lat' dir='ltr'>denotatis.</span> <span class='ocrx_word' id='word_1_464' title='bbox 3424 2445 3719 2506; x_wconf 82' lang='lat' dir='ltr'>Omnibus</span> 
     </span>
    </p>
   </div>
   <div class='ocr_carea' id='block_1_71' title="bbox 2072 2517 3711 2592">
    <p class='ocr_par' dir='ltr' id='par_1_71' title="bbox 2072 2517 3711 2592">
     <span class='ocr_line' id='line_1_71' title="bbox 2072 2517 3711 2592; baseline 0.001 -17"><span class='ocrx_word' id='word_1_465' title='bbox 2072 2517 2455 2592; x_wconf 59' lang='lat' dir='ltr'>itaque,&#39;quae</span> <span class='ocrx_word' id='word_1_466' title='bbox 2497 2518 2791 2583; x_wconf 90' lang='lat' dir='ltr'>accidunt,</span> <span class='ocrx_word' id='word_1_467' title='bbox 2841 2517 2920 2571; x_wconf 89' lang='lat' dir='ltr'>ita</span> <span class='ocrx_word' id='word_1_468' title='bbox 2976 2517 3261 2592; x_wconf 86' lang='lat' dir='ltr'>utendum</span> <span class='ocrx_word' id='word_1_469' title='bbox 3313 2524 3419 2592; x_wconf 85' lang='lat' dir='ltr'>est,</span> <span class='ocrx_word' id='word_1_470' title='bbox 3476 2525 3541 2575; x_wconf 88' lang='lat' dir='ltr'>ut</span> <span class='ocrx_word' id='word_1_471' title='bbox 3593 2525 3711 2577; x_wconf 91' lang='lat' dir='ltr'>toto</span> 
     </span>
    </p>
   </div>
   <div class='ocr_carea' id='block_1_72' title="bbox 2073 2589 3702 2662">
    <p class='ocr_par' dir='ltr' id='par_1_72' title="bbox 2073 2589 3702 2662">
     <span class='ocr_line' id='line_1_72' title="bbox 2073 2589 3702 2662; baseline 0 -15"><span class='ocrx_word' id='word_1_472' title='bbox 2073 2589 2244 2648; x_wconf 82' lang='lat' dir='ltr'>corde</span> <span class='ocrx_word' id='word_1_473' title='bbox 2278 2589 2601 2655; x_wconf 84' lang='lat' dir='ltr'>credentes,</span> <span class='ocrx_word' id='word_1_474' title='bbox 2633 2594 2872 2662; x_wconf 82' lang='lat' dir='ltr'>totoque</span> <span class='ocrx_word' id='word_1_475' title='bbox 2893 2589 3090 2662; x_wconf 78' lang='lat' dir='ltr'>animo</span> <span class='ocrx_word' id='word_1_476' title='bbox 3112 2591 3436 2661; x_wconf 88' lang='lat' dir='ltr'>tranquilli,</span> <span class='ocrx_word' id='word_1_477' title='bbox 3476 2607 3576 2662; x_wconf 87' lang='lat' dir='ltr'>per</span> <span class='ocrx_word' id='word_1_478' title='bbox 3602 2593 3702 2647; x_wconf 81' lang='lat' dir='ltr'>bo-</span> 
     </span>
    </p>
   </div>
   <div class='ocr_carea' id='block_1_73' title="bbox 2073 2660 3713 2732">
    <p class='ocr_par' dir='ltr' id='par_1_73' title="bbox 2073 2660 3713 2732">
     <span class='ocr_line' id='line_1_73' title="bbox 2073 2660 3713 2732; baseline 0.001 -14"><span class='ocrx_word' id='word_1_479' title='bbox 2073 2680 2205 2718; x_wconf 89' lang='lat' dir='ltr'>nam</span> <span class='ocrx_word' id='word_1_480' title='bbox 2243 2663 2419 2718; x_wconf 87' lang='lat' dir='ltr'>vitam</span> <span class='ocrx_word' id='word_1_481' title='bbox 2456 2685 2483 2712; x_wconf 87' lang='lat'><strong>«</strong></span> <span class='ocrx_word' id='word_1_482' title='bbox 2518 2660 2843 2732; x_wconf 85' lang='lat' dir='ltr'>gnosticam</span> <span class='ocrx_word' id='word_1_483' title='bbox 2877 2683 2905 2710; x_wconf 82' lang='lat'>»</span> <span class='ocrx_word' id='word_1_484' title='bbox 2937 2661 3007 2715; x_wconf 90' lang='lat' dir='ltr'>ad</span> <span class='ocrx_word' id='word_1_485' title='bbox 3040 2660 3423 2718; x_wconf 28' lang='lat' dir='ltr'>teternze’vita:</span> <span class='ocrx_word' id='word_1_486' title='bbox 3444 2660 3713 2720; x_wconf 86' lang='lat' dir='ltr'>habitum</span> 
     </span>
    </p>
   </div>
   <div class='ocr_carea' id='block_1_74' title="bbox 2071 2733 3712 2806">
    <p class='ocr_par' dir='ltr' id='par_1_74' title="bbox 2071 2733 3712 2806">
     <span class='ocr_line' id='line_1_74' title="bbox 2071 2733 3712 2806; baseline 0 -15"><span class='ocrx_word' id='word_1_487' title='bbox 2071 2751 2465 2806; x_wconf 76' lang='lat' dir='ltr'>exerceamur.</span> <span class='ocrx_word' id='word_1_488' title='bbox 2491 2738 2563 2789; x_wconf 84' lang='lat' dir='ltr'>Et</span> <span class='ocrx_word' id='word_1_489' title='bbox 2591 2733 2696 2787; x_wconf 88' lang='lat' dir='ltr'>hoc</span> <span class='ocrx_word' id='word_1_490' title='bbox 2737 2749 2876 2806; x_wconf 87' lang='lat' dir='ltr'>sane</span> <span class='ocrx_word' id='word_1_491' title='bbox 2910 2737 2972 2787; x_wconf 88' lang='lat' dir='ltr'>ut</span> <span class='ocrx_word' id='word_1_492' title='bbox 3015 2734 3293 2806; x_wconf 86' lang='lat' dir='ltr'>omnibus</span> <span class='ocrx_word' id='word_1_493' title='bbox 3345 2736 3712 2806; x_wconf 85' lang='lat' dir='ltr'>persuadeat,</span> 
     </span>
    </p>
   </div>
   <div class='ocr_carea' id='block_1_75' title="bbox 2073 2804 3785 2880">
    <p class='ocr_par' dir='ltr' id='par_1_75' title="bbox 2073 2804 3785 2880">
     <span class='ocr_line' id='line_1_75' title="bbox 2073 2804 3785 2880; baseline 0 -18"><span class='ocrx_word' id='word_1_494' title='bbox 2073 2805 2274 2880; x_wconf 88' lang='lat' dir='ltr'>paucis</span> <span class='ocrx_word' id='word_1_495' title='bbox 2303 2805 2564 2880; x_wconf 75' lang='lat' dir='ltr'>Clemens</span> <span class='ocrx_word' id='word_1_496' title='bbox 2582 2808 2780 2880; x_wconf 87' lang='lat' dir='ltr'>noster</span> <span class='ocrx_word' id='word_1_497' title='bbox 2797 2804 3069 2880; x_wconf 82' lang='lat' dir='ltr'>edisserit</span> <span class='ocrx_word' id='word_1_498' title='bbox 3093 2805 3190 2876; x_wconf 89' lang='lat' dir='ltr'>qui</span> <span class='ocrx_word' id='word_1_499' title='bbox 3223 2804 3622 2880; x_wconf 54' lang='lat' dir='ltr'>sint&#39;thesauri</span> <span class='ocrx_word' id='word_1_500' title='bbox 3653 2804 3714 2862; x_wconf 89' lang='lat' dir='ltr'>in</span> <span class='ocrx_word' id='word_1_501' title='bbox 3777 2831 3785 2840; x_wconf 72' lang='grc' dir='ltr'><strong><em>ο</em></strong></span> 
     </span>
    </p>
   </div>
   <div class='ocr_carea' id='block_1_76' title="bbox 2070 2876 3716 2950">
    <p class='ocr_par' dir='ltr' id='par_1_76' title="bbox 2070 2876 3716 2950">
     <span class='ocr_line' id='line_1_76' title="bbox 2070 2876 3716 2950; baseline 0 -16"><span class='ocrx_word' id='word_1_502' title='bbox 2070 2876 2466 2950; x_wconf 39' lang='grc' dir='ltr'>ἰοί-Γειιεθουῑὶ</span> <span class='ocrx_word' id='word_1_503' title='bbox 2498 2876 2771 2950; x_wconf 84' lang='lat' dir='ltr'>Christus</span> <span class='ocrx_word' id='word_1_504' title='bbox 2802 2877 3156 2950; x_wconf 14' lang='lat' dir='ltr'>docet,_noni</span> <span class='ocrx_word' id='word_1_505' title='bbox 3198 2879 3612 2950; x_wconf 83' lang='lat' dir='ltr'>congregandi,</span> <span class='ocrx_word' id='word_1_506' title='bbox 3659 2883 3716 2934; x_wconf 90' lang='lat' dir='ltr'>et</span> 
     </span>
    </p>
   </div>
   <div class='ocr_carea' id='block_1_77' title="bbox 2069 2947 3323 3021">
    <p class='ocr_par' dir='ltr' id='par_1_77' title="bbox 2069 2947 3323 3021">
     <span class='ocr_line' id='line_1_77' title="bbox 2069 2947 3323 3021; baseline 0 -16"><span class='ocrx_word' id='word_1_507' title='bbox 2069 2951 2200 3021; x_wconf 91' lang='lat' dir='ltr'>quis</span> <span class='ocrx_word' id='word_1_508' title='bbox 2231 2949 2545 3005; x_wconf 83' lang='lat' dir='ltr'>thesaurus</span> <span class='ocrx_word' id='word_1_509' title='bbox 2578 2948 2636 3003; x_wconf 94' lang='lat' dir='ltr'>in</span> <span class='ocrx_word' id='word_1_510' title='bbox 2670 2947 2812 3004; x_wconf 81' lang='lat' dir='ltr'>ccelo</span> <span class='ocrx_word' id='word_1_511' title='bbox 2845 2965 2960 3003; x_wconf 91' lang='lat' dir='ltr'>non</span> <span class='ocrx_word' id='word_1_512' title='bbox 2992 2947 3323 3005; x_wconf 64' lang='lat' dir='ltr'>deficiens“.</span> 
     </span>
    </p>
   </div>
   <div class='ocr_carea' id='block_1_78' title="bbox 2146 3037 3719 3109">
    <p class='ocr_par' dir='ltr' id='par_1_78' title="bbox 2146 3037 3719 3109">
     <span class='ocr_line' id='line_1_78' title="bbox 2146 3037 3719 3109; baseline 0.001 -16"><span class='ocrx_word' id='word_1_513' title='bbox 2146 3039 2533 3103; x_wconf 87' lang='lat' dir='ltr'>Quamobrem</span> <span class='ocrx_word' id='word_1_514' title='bbox 2571 3037 2670 3109; x_wconf 91' lang='lat' dir='ltr'>qui</span> <span class='ocrx_word' id='word_1_515' title='bbox 2702 3037 3249 3109; x_wconf 88' lang='lat' dir='ltr'>propterjustitiam</span> <span class='ocrx_word' id='word_1_516' title='bbox 3273 3053 3558 3109; x_wconf 87' lang='lat' dir='ltr'>pauperes</span> <span class='ocrx_word' id='word_1_517' title='bbox 3589 3054 3719 3095; x_wconf 87' lang='lat' dir='ltr'>esse</span> 
     </span>
    </p>
   </div>
   <div class='ocr_carea' id='block_1_79' title="bbox 323 3073 3715 3180">
    <p class='ocr_par' dir='ltr' id='par_1_79' title="bbox 323 3073 3715 3180">
     <span class='ocr_line' id='line_1_79' title="bbox 428 3073 3715 3095; baseline 0.003 -11"><span class='ocrx_word' id='word_1_518' title='bbox 428 3073 440 3084; x_wconf 79' lang='grc' dir='ltr'><strong><em>ο</em></strong></span> <span class='ocrx_word' id='word_1_519' title='bbox 631 3073 654 3085; x_wconf 59' lang='lat' dir='ltr'>r</span> <span class='ocrx_word' id='word_1_520' title='bbox 713 3075 723 3086; x_wconf 77' lang='grc' dir='ltr'><strong>ο</strong></span> <span class='ocrx_word' id='word_1_521' title='bbox 858 3073 873 3074; x_wconf 41' lang='grc' dir='ltr'>ί</span> <span class='ocrx_word' id='word_1_522' title='bbox 997 3073 1008 3075; x_wconf 95' lang='grc'><strong><em>-</em></strong></span> <span class='ocrx_word' id='word_1_523' title='bbox 1784 3074 1795 3086; x_wconf 83' lang='grc' dir='ltr'><strong>ο</strong></span> <span class='ocrx_word' id='word_1_524' title='bbox 2198 3073 2533 3094; x_wconf 70' lang='grc' dir='ltr'>υιιυιυυιῠιιι</span> <span class='ocrx_word' id='word_1_525' title='bbox 2616 3073 2670 3093; x_wconf 69' lang='lat' dir='ltr'>ua</span> <span class='ocrx_word' id='word_1_526' title='bbox 2747 3073 2804 3093; x_wconf 76' lang='grc' dir='ltr'>ιυ</span> <span class='ocrx_word' id='word_1_527' title='bbox 2856 3073 2928 3092; x_wconf 69' lang='lat' dir='ltr'>un.</span> <span class='ocrx_word' id='word_1_528' title='bbox 2991 3073 3249 3092; x_wconf 71' lang='grc' dir='ltr'>υσυιιιαιυ</span> <span class='ocrx_word' id='word_1_529' title='bbox 3314 3073 3382 3092; x_wconf 75' lang='lat' dir='ltr'>au</span> <span class='ocrx_word' id='word_1_530' title='bbox 3433 3073 3558 3094; x_wconf 72' lang='lat' dir='ltr'>CICD</span> <span class='ocrx_word' id='word_1_531' title='bbox 3589 3073 3715 3095; x_wconf 70' lang='lat' dir='ltr'>CDDU</span> 
     </span>
     <span class='ocr_line' id='line_1_80' title="bbox 323 3073 3715 3180; baseline 0.001 -19"><span class='ocrx_word' id='word_1_532' title='bbox 323 3073 1964 3180; x_wconf 38' lang='lat' dir='ltr'>9322,93“1133,2211)&quot;;Eagﬂffnuﬁzn‘fﬁﬂeﬂajﬁ‘ﬂi‘ﬂ‘:</span> <span class='ocrx_word' id='word_1_533' title='bbox 1997 3097 2040 3165; x_wconf 83' lang='lat' dir='ltr'>C</span> <span class='ocrx_word' id='word_1_534' title='bbox 2075 3073 2300 3178; x_wconf 45' lang='lat' dir='ltr'>verunt,</span> <span class='ocrx_word' id='word_1_535' title='bbox 2333 3110 2414 3164; x_wconf 91' lang='lat' dir='ltr'>iili</span> <span class='ocrx_word' id='word_1_536' title='bbox 2468 3073 2671 3180; x_wconf 52' lang='lat' dir='ltr'>utiqiue</span> <span class='ocrx_word' id='word_1_537' title='bbox 2703 3073 3030 3164; x_wconf 48' lang='lat' dir='ltr'>1audierudnt</span> <span class='ocrx_word' id='word_1_538' title='bbox 3058 3109 3194 3178; x_wconf 88' lang='lat' dir='ltr'>quid</span> <span class='ocrx_word' id='word_1_539' title='bbox 3229 3073 3432 3165; x_wconf 50' lang='lat' dir='ltr'>cgntrta</span> <span class='ocrx_word' id='word_1_540' title='bbox 3471 3111 3715 3166; x_wconf 88' lang='lat' dir='ltr'>nimiam</span> 
     </span>
    </p>
   </div>
   <div class='ocr_carea' id='block_1_80' title="bbox 313 3145 1965 3219">
    <p class='ocr_par' dir='ltr' id='par_1_80' title="bbox 313 3145 1965 3219">
     <span class='ocr_line' id='line_1_81' title="bbox 313 3145 1965 3219; baseline 0.002 -21"><span class='ocrx_word' id='word_1_541' title='bbox 313 3145 565 3214; x_wconf 89' lang='lat' dir='ltr'>spicatui</span> <span class='ocrx_word' id='word_1_542' title='bbox 601 3145 906 3214; x_wconf 80' lang='lat' dir='ltr'>habentes,</span> <span class='ocrx_word' id='word_1_543' title='bbox 943 3145 1052 3202; x_wconf 60' lang='lat' dir='ltr'>acu</span> <span class='ocrx_word' id='word_1_544' title='bbox 1081 3148 1273 3214; x_wconf 83' lang='lat' dir='ltr'>ﬁdem,</span> <span class='ocrx_word' id='word_1_545' title='bbox 1307 3152 1587 3219; x_wconf 88' lang='lat' dir='ltr'>tanquam</span> <span class='ocrx_word' id='word_1_546' title='bbox 1615 3147 1965 3218; x_wconf 84' lang='lat' dir='ltr'>sanguinem</span> 
     </span>
    </p>
   </div>
   <div class='ocr_carea' id='block_1_81' title="bbox 317 3219 1967 3322">
    <p class='ocr_par' dir='ltr' id='par_1_81' title="bbox 317 3219 1967 3322">
     <span class='ocr_line' id='line_1_82' title="bbox 317 3219 1967 3322; baseline 0.002 -51"><span class='ocrx_word' id='word_1_547' title='bbox 317 3221 630 3322; x_wconf 52' lang='lat' dir='ltr'>perﬂtotam</span> <span class='ocrx_word' id='word_1_548' title='bbox 664 3219 868 3285; x_wconf 85' lang='lat' dir='ltr'>vitam,</span> <span class='ocrx_word' id='word_1_549' title='bbox 901 3224 959 3275; x_wconf 90' lang='lat' dir='ltr'>et</span> <span class='ocrx_word' id='word_1_550' title='bbox 989 3219 1167 3274; x_wconf 90' lang='lat' dir='ltr'>etiam</span> <span class='ocrx_word' id='word_1_551' title='bbox 1217 3219 1275 3274; x_wconf 93' lang='lat' dir='ltr'>in</span> <span class='ocrx_word' id='word_1_552' title='bbox 1325 3219 1480 3275; x_wconf 84' lang='lat' dir='ltr'>exitu</span> <span class='ocrx_word' id='word_1_553' title='bbox 1532 3242 1559 3269; x_wconf 88' lang='grc'><strong><em>››</em></strong></span> <span class='ocrx_word' id='word_1_554' title='bbox 1614 3219 1967 3292; x_wconf 85' lang='lat' dir='ltr'>profunden-</span> 
     </span>
    </p>
   </div>
   <div class='ocr_carea' id='block_1_82' title="bbox 317 3294 478 3343">
    <p class='ocr_par' dir='ltr' id='par_1_82' title="bbox 317 3294 478 3343">
     <span class='ocr_line' id='line_1_83' title="bbox 317 3294 478 3343; baseline -0.006 -1"><span class='ocrx_word' id='word_1_555' title='bbox 317 3294 400 3343; x_wconf 92' lang='lat' dir='ltr'>tes</span> <span class='ocrx_word' id='word_1_556' title='bbox 415 3294 478 3341; x_wconf 67' lang='lat'>&#39;7.</span> 
     </span>
    </p>
   </div>
   <div class='ocr_carea' id='block_1_83' title="bbox 382 3358 1962 3434">
    <p class='ocr_par' dir='ltr' id='par_1_83' title="bbox 382 3358 1962 3434">
     <span class='ocr_line' id='line_1_84' title="bbox 382 3358 1962 3434; baseline 0.003 -22"><span class='ocrx_word' id='word_1_557' title='bbox 382 3359 598 3434; x_wconf 83' lang='lat' dir='ltr'>Verum</span> <span class='ocrx_word' id='word_1_558' title='bbox 653 3358 788 3434; x_wconf 84' lang='lat' dir='ltr'>huic</span> <span class='ocrx_word' id='word_1_559' title='bbox 848 3359 1185 3417; x_wconf 79' lang='lat' dir='ltr'>orthodoxae</span> <span class='ocrx_word' id='word_1_560' title='bbox 1236 3362 1306 3434; x_wconf 89' lang='lat' dir='ltr'>de</span> <span class='ocrx_word' id='word_1_561' title='bbox 1364 3361 1640 3434; x_wconf 78' lang='lat' dir='ltr'>martyrio</span> <span class='ocrx_word' id='word_1_562' title='bbox 1687 3361 1962 3417; x_wconf 63' lang='lat' dir='ltr'>doctrinis</span> 
     </span>
    </p>
   </div>
   <div class='ocr_carea' id='block_1_84' title="bbox 310 3431 1961 3505">
    <p class='ocr_par' dir='ltr' id='par_1_84' title="bbox 310 3431 1961 3505">
     <span class='ocr_line' id='line_1_85' title="bbox 310 3431 1961 3505; baseline 0.002 -21"><span class='ocrx_word' id='word_1_563' title='bbox 310 3438 478 3487; x_wconf 89' lang='lat' dir='ltr'>erant</span> <span class='ocrx_word' id='word_1_564' title='bbox 511 3432 626 3486; x_wconf 91' lang='lat' dir='ltr'>duo</span> <span class='ocrx_word' id='word_1_565' title='bbox 658 3448 687 3484; x_wconf 93' lang='lat' dir='ltr'>e</span> <span class='ocrx_word' id='word_1_566' title='bbox 717 3431 1004 3505; x_wconf 81' lang='lat' dir='ltr'>diametro</span> <span class='ocrx_word' id='word_1_567' title='bbox 1036 3434 1150 3489; x_wconf 91' lang='lat' dir='ltr'>sibi</span> <span class='ocrx_word' id='word_1_568' title='bbox 1178 3433 1425 3488; x_wconf 89' lang='lat' dir='ltr'>invicem</span> <span class='ocrx_word' id='word_1_569' title='bbox 1452 3431 1700 3505; x_wconf 82' lang='lat' dir='ltr'>oppositi</span> <span class='ocrx_word' id='word_1_570' title='bbox 1733 3434 1961 3489; x_wconf 63' lang='lat' dir='ltr'>haereti-</span> 
     </span>
    </p>
   </div>
   <div class='ocr_carea' id='block_1_85' title="bbox 311 3504 1964 3568">
    <p class='ocr_par' dir='ltr' id='par_1_85' title="bbox 311 3504 1964 3568">
     <span class='ocr_line' id='line_1_86' title="bbox 311 3504 1964 3568; baseline 0.002 -12"><span class='ocrx_word' id='word_1_571' title='bbox 311 3518 514 3558; x_wconf 90' lang='lat' dir='ltr'>corum</span> <span class='ocrx_word' id='word_1_572' title='bbox 548 3519 794 3558; x_wconf 87' lang='lat' dir='ltr'>errores.</span> <span class='ocrx_word' id='word_1_573' title='bbox 827 3504 1073 3568; x_wconf 88' lang='lat' dir='ltr'>Quidam</span> <span class='ocrx_word' id='word_1_574' title='bbox 1103 3505 1256 3560; x_wconf 89' lang='lat' dir='ltr'>enim</span> <span class='ocrx_word' id='word_1_575' title='bbox 1281 3504 1632 3560; x_wconf 85' lang='lat' dir='ltr'>dictitabant</span> <span class='ocrx_word' id='word_1_576' title='bbox 1657 3505 1810 3560; x_wconf 87' lang='lat' dir='ltr'>idem</span> <span class='ocrx_word' id='word_1_577' title='bbox 1834 3521 1964 3561; x_wconf 89' lang='lat' dir='ltr'>esse</span> 
     </span>
    </p>
   </div>
   <div class='ocr_carea' id='block_1_86' title="bbox 307 3573 1962 3645">
    <p class='ocr_par' dir='ltr' id='par_1_86' title="bbox 307 3573 1962 3645">
     <span class='ocr_line' id='line_1_87' title="bbox 307 3573 1962 3645; baseline 0.002 -17"><span class='ocrx_word' id='word_1_578' title='bbox 307 3573 608 3630; x_wconf 88' lang='lat' dir='ltr'>Christum</span> <span class='ocrx_word' id='word_1_579' title='bbox 643 3580 828 3630; x_wconf 86' lang='lat' dir='ltr'>morte</span> <span class='ocrx_word' id='word_1_580' title='bbox 859 3577 1146 3645; x_wconf 83' lang='lat' dir='ltr'>confiteri,</span> <span class='ocrx_word' id='word_1_581' title='bbox 1188 3594 1254 3632; x_wconf 88' lang='lat' dir='ltr'>ac</span> <span class='ocrx_word' id='word_1_582' title='bbox 1307 3577 1588 3632; x_wconf 90' lang='lat' dir='ltr'>violentas</span> <span class='ocrx_word' id='word_1_583' title='bbox 1624 3577 1734 3632; x_wconf 82' lang='lat' dir='ltr'>sibi</span> <span class='ocrx_word' id='word_1_584' title='bbox 1760 3577 1962 3632; x_wconf 78' lang='lat' dir='ltr'>aﬂ&#39;erre</span> 
     </span>
    </p>
   </div>
   <div class='ocr_carea' id='block_1_87' title="bbox 310 3646 1960 3705">
    <p class='ocr_par' dir='ltr' id='par_1_87' title="bbox 310 3646 1960 3705">
     <span class='ocr_line' id='line_1_88' title="bbox 310 3646 1960 3705; baseline 0.003 -5"><span class='ocrx_word' id='word_1_585' title='bbox 310 3661 547 3700; x_wconf 88' lang='lat' dir='ltr'>manus.</span> <span class='ocrx_word' id='word_1_586' title='bbox 574 3646 685 3702; x_wconf 87' lang='lat' dir='ltr'>Alii</span> <span class='ocrx_word' id='word_1_587' title='bbox 707 3663 842 3702; x_wconf 87' lang='lat' dir='ltr'>vero</span> <span class='ocrx_word' id='word_1_588' title='bbox 867 3647 922 3702; x_wconf 92' lang='lat' dir='ltr'>in</span> <span class='ocrx_word' id='word_1_589' title='bbox 946 3647 1234 3703; x_wconf 88' lang='lat' dir='ltr'>Creatoris</span> <span class='ocrx_word' id='word_1_590' title='bbox 1259 3650 1448 3704; x_wconf 89' lang='lat' dir='ltr'>odium</span> <span class='ocrx_word' id='word_1_591' title='bbox 1470 3649 1639 3702; x_wconf 88' lang='lat' dir='ltr'>morti</span> <span class='ocrx_word' id='word_1_592' title='bbox 1661 3665 1788 3703; x_wconf 89' lang='lat' dir='ltr'>sese</span> <span class='ocrx_word' id='word_1_593' title='bbox 1807 3648 1960 3705; x_wconf 87' lang='lat' dir='ltr'>ultro</span> 
     </span>
    </p>
   </div>
   <div class='ocr_carea' id='block_1_88' title="bbox 309 3719 1962 3789">
    <p class='ocr_par' dir='ltr' id='par_1_88' title="bbox 309 3719 1962 3789">
     <span class='ocr_line' id='line_1_89' title="bbox 309 3719 1962 3789; baseline 0.004 -20"><span class='ocrx_word' id='word_1_594' title='bbox 309 3723 364 3789; x_wconf 85' lang='lat' dir='ltr'>et</span> <span class='ocrx_word' id='word_1_595' title='bbox 391 3726 601 3789; x_wconf 86' lang='lat' dir='ltr'>sponte</span> <span class='ocrx_word' id='word_1_596' title='bbox 649 3735 756 3772; x_wconf 91' lang='lat' dir='ltr'>sua</span> <span class='ocrx_word' id='word_1_597' title='bbox 817 3719 1158 3775; x_wconf 76' lang='lat' dir='ltr'>offerebant.</span> <span class='ocrx_word' id='word_1_598' title='bbox 1224 3721 1435 3775; x_wconf 88' lang='lat' dir='ltr'>Probat</span> <span class='ocrx_word' id='word_1_599' title='bbox 1468 3724 1659 3774; x_wconf 87' lang='lat' dir='ltr'>autem</span> <span class='ocrx_word' id='word_1_600' title='bbox 1695 3719 1962 3775; x_wconf 87' lang='lat' dir='ltr'>Clemens</span> 
     </span>
    </p>
   </div>
   <div class='ocr_carea' id='block_1_89' title="bbox 304 3787 1956 3862">
    <p class='ocr_par' dir='ltr' id='par_1_89' title="bbox 304 3787 1956 3862">
     <span class='ocr_line' id='line_1_90' title="bbox 304 3787 1956 3862; baseline 0.002 -20"><span class='ocrx_word' id='word_1_601' title='bbox 304 3787 677 3844; x_wconf 38' lang='lat' dir='ltr'>bos—nomine</span> <span class='ocrx_word' id='word_1_602' title='bbox 712 3795 884 3845; x_wconf 91' lang='lat' dir='ltr'>tenus</span> <span class='ocrx_word' id='word_1_603' title='bbox 918 3791 1461 3862; x_wconf 68' lang='lat' dir='ltr'>Christianos,esse,</span> <span class='ocrx_word' id='word_1_604' title='bbox 1508 3808 1613 3846; x_wconf 87' lang='lat' dir='ltr'>nec</span> <span class='ocrx_word' id='word_1_605' title='bbox 1637 3792 1823 3861; x_wconf 86' lang='lat' dir='ltr'>magis</span> <span class='ocrx_word' id='word_1_606' title='bbox 1846 3793 1956 3846; x_wconf 88' lang='lat' dir='ltr'>dici</span> 
     </span>
    </p>
   </div>
   <div class='ocr_carea' id='block_1_90' title="bbox 306 3862 1957 3946">
    <p class='ocr_par' dir='ltr' id='par_1_90' title="bbox 306 3862 1957 3946">
     <span class='ocr_line' id='line_1_91' title="bbox 306 3862 1957 3946; baseline 0.002 -32"><span class='ocrx_word' id='word_1_607' title='bbox 306 3877 480 3942; x_wconf 83' lang='lat' dir='ltr'>posse</span> <span class='ocrx_word' id='word_1_608' title='bbox 518 3865 819 3946; x_wconf 76' lang='lat' dir='ltr'>martyres,</span> <span class='ocrx_word' id='word_1_609' title='bbox 865 3879 1041 3946; x_wconf 87' lang='lat' dir='ltr'>quam</span> <span class='ocrx_word' id='word_1_610' title='bbox 1096 3864 1370 3946; x_wconf 76' lang='lat' dir='ltr'>lpdorum</span> <span class='ocrx_word' id='word_1_611' title='bbox 1421 3862 1957 3946; x_wconf 64' lang='lat' dir='ltr'>gymnosophistas,</span> 
     </span>
    </p>
   </div>
   <div class='ocr_carea' id='block_1_91' title="bbox 309 3934 1958 4005">
    <p class='ocr_par' dir='ltr' id='par_1_91' title="bbox 309 3934 1958 4005">
     <span class='ocr_line' id='line_1_92' title="bbox 309 3934 1958 4005; baseline 0.003 -20"><span class='ocrx_word' id='word_1_612' title='bbox 309 3934 406 4002; x_wconf 88' lang='lat' dir='ltr'>qui</span> <span class='ocrx_word' id='word_1_613' title='bbox 442 3950 504 3986; x_wconf 84' lang='lat' dir='ltr'>se</span> <span class='ocrx_word' id='word_1_614' title='bbox 535 3938 752 3987; x_wconf 86' lang='lat' dir='ltr'>temere</span> <span class='ocrx_word' id='word_1_615' title='bbox 787 3934 844 3988; x_wconf 92' lang='lat' dir='ltr'>in</span> <span class='ocrx_word' id='word_1_616' title='bbox 880 3934 1074 4004; x_wconf 88' lang='lat' dir='ltr'>ignem</span> <span class='ocrx_word' id='word_1_617' title='bbox 1109 3935 1327 3990; x_wconf 88' lang='lat' dir='ltr'>dabant</span> <span class='ocrx_word' id='word_1_618' title='bbox 1359 3936 1707 4005; x_wconf 69' lang='lat' dir='ltr'>prmcipites.</span> <span class='ocrx_word' id='word_1_619' title='bbox 1740 3935 1801 3989; x_wconf 89' lang='lat' dir='ltr'>ln</span> <span class='ocrx_word' id='word_1_620' title='bbox 1837 3952 1958 3990; x_wconf 85' lang='lat' dir='ltr'>cor-</span> 
     </span>
    </p>
   </div>
   <div class='ocr_carea' id='block_1_92' title="bbox 307 4006 1955 4078">
    <p class='ocr_par' dir='ltr' id='par_1_92' title="bbox 307 4006 1955 4078">
     <span class='ocr_line' id='line_1_93' title="bbox 307 4006 1955 4078; baseline 0.002 -20"><span class='ocrx_word' id='word_1_621' title='bbox 307 4006 892 4078; x_wconf 31' lang='lat' dir='ltr'>pusitaquetcujus</span> <span class='ocrx_word' id='word_1_622' title='bbox 913 4011 1065 4060; x_wconf 86' lang='lat' dir='ltr'>recta</span> <span class='ocrx_word' id='word_1_623' title='bbox 1098 4007 1443 4078; x_wconf 84' lang='lat' dir='ltr'>compositio</span> <span class='ocrx_word' id='word_1_624' title='bbox 1468 4011 1542 4078; x_wconf 84' lang='lat' dir='ltr'>ad</span> <span class='ocrx_word' id='word_1_625' title='bbox 1582 4006 1800 4076; x_wconf 78' lang='lat' dir='ltr'>ingenii</span> <span class='ocrx_word' id='word_1_626' title='bbox 1854 4024 1955 4061; x_wconf 91' lang='lat' dir='ltr'>so-</span> 
     </span>
    </p>
   </div>
   <div class='ocr_carea' id='block_1_93' title="bbox 305 4073 1956 4148">
    <p class='ocr_par' dir='ltr' id='par_1_93' title="bbox 305 4073 1956 4148">
     <span class='ocr_line' id='line_1_94' title="bbox 305 4073 1956 4148; baseline 0.003 -20"><span class='ocrx_word' id='word_1_627' title='bbox 305 4073 534 4130; x_wconf 88' lang='lat' dir='ltr'>lertiam</span> <span class='ocrx_word' id='word_1_628' title='bbox 555 4073 803 4143; x_wconf 72' lang='lat' dir='ltr'>confert,</span> <span class='ocrx_word' id='word_1_629' title='bbox 839 4075 895 4131; x_wconf 89' lang='lat' dir='ltr'>hi</span> <span class='ocrx_word' id='word_1_630' title='bbox 929 4073 1278 4148; x_wconf 58' lang='lat' dir='ltr'>praepostere</span> <span class='ocrx_word' id='word_1_631' title='bbox 1320 4077 1558 4134; x_wconf 91' lang='lat' dir='ltr'>omnino</span> <span class='ocrx_word' id='word_1_632' title='bbox 1605 4073 1956 4133; x_wconf 70' lang='lat' dir='ltr'>inveheban-</span> 
     </span>
    </p>
   </div>
   <div class='ocr_carea' id='block_1_94' title="bbox 305 4148 1954 4218">
    <p class='ocr_par' dir='ltr' id='par_1_94' title="bbox 305 4148 1954 4218">
     <span class='ocr_line' id='line_1_95' title="bbox 305 4148 1954 4218; baseline 0.002 -18"><span class='ocrx_word' id='word_1_633' title='bbox 305 4153 422 4204; x_wconf 92' lang='lat' dir='ltr'>tur.</span> <span class='ocrx_word' id='word_1_634' title='bbox 458 4152 648 4216; x_wconf 87' lang='lat' dir='ltr'>Neque</span> <span class='ocrx_word' id='word_1_635' title='bbox 671 4148 826 4202; x_wconf 90' lang='lat' dir='ltr'>enim</span> <span class='ocrx_word' id='word_1_636' title='bbox 859 4149 990 4204; x_wconf 91' lang='lat' dir='ltr'>huic</span> <span class='ocrx_word' id='word_1_637' title='bbox 1014 4149 1214 4213; x_wconf 87' lang='lat' dir='ltr'>errori,</span> <span class='ocrx_word' id='word_1_638' title='bbox 1249 4150 1332 4205; x_wconf 89' lang='lat' dir='ltr'>uti</span> <span class='ocrx_word' id='word_1_639' title='bbox 1358 4149 1500 4204; x_wconf 86' lang='lat' dir='ltr'>falso</span> <span class='ocrx_word' id='word_1_640' title='bbox 1535 4149 1954 4218; x_wconf 81' lang='lat' dir='ltr'>opinabantur,</span> 
     </span>
    </p>
   </div>
   <div class='ocr_carea' id='block_1_95' title="bbox 307 4219 1954 4291">
    <p class='ocr_par' dir='ltr' id='par_1_95' title="bbox 307 4219 1954 4291">
     <span class='ocr_line' id='line_1_96' title="bbox 307 4219 1954 4291; baseline 0.002 -18"><span class='ocrx_word' id='word_1_641' title='bbox 307 4219 674 4288; x_wconf 75' lang='lat' dir='ltr'>suffragatus</span> <span class='ocrx_word' id='word_1_642' title='bbox 705 4227 789 4274; x_wconf 91' lang='lat' dir='ltr'>est</span> <span class='ocrx_word' id='word_1_643' title='bbox 809 4219 995 4282; x_wconf 87' lang='lat' dir='ltr'>Plato,</span> <span class='ocrx_word' id='word_1_644' title='bbox 1029 4221 1128 4289; x_wconf 90' lang='lat' dir='ltr'>qui</span> <span class='ocrx_word' id='word_1_645' title='bbox 1163 4237 1431 4291; x_wconf 84' lang='lat' dir='ltr'>expresse</span> <span class='ocrx_word' id='word_1_646' title='bbox 1456 4221 1954 4291; x_wconf 89' lang='lat' dir='ltr'>docuitcorporis,</span> 
     </span>
    </p>
   </div>
   <div class='ocr_carea' id='block_1_96' title="bbox 302 4291 1950 4364">
    <p class='ocr_par' dir='ltr' id='par_1_96' title="bbox 302 4291 1950 4364">
     <span class='ocr_line' id='line_1_97' title="bbox 302 4291 1950 4364; baseline 0.002 -19"><span class='ocrx_word' id='word_1_647' title='bbox 302 4307 405 4364; x_wconf 82' lang='lat' dir='ltr'>per</span> <span class='ocrx_word' id='word_1_648' title='bbox 437 4292 595 4361; x_wconf 90' lang='lat' dir='ltr'>quod</span> <span class='ocrx_word' id='word_1_649' title='bbox 631 4296 783 4346; x_wconf 90' lang='lat' dir='ltr'>recte</span> <span class='ocrx_word' id='word_1_650' title='bbox 815 4292 1005 4364; x_wconf 77' lang='lat' dir='ltr'>vivere</span> <span class='ocrx_word' id='word_1_651' title='bbox 1038 4291 1195 4358; x_wconf 88' lang='lat' dir='ltr'>licet,</span> <span class='ocrx_word' id='word_1_652' title='bbox 1218 4294 1535 4364; x_wconf 86' lang='lat' dir='ltr'>gerendam</span> <span class='ocrx_word' id='word_1_653' title='bbox 1562 4308 1950 4364; x_wconf 15' lang='lat' dir='ltr'>esseicuram.</span> 
     </span>
    </p>
   </div>
   <div class='ocr_carea' id='block_1_97' title="bbox 308 4361 1952 4435">
    <p class='ocr_par' dir='ltr' id='par_1_97' title="bbox 308 4361 1952 4435">
     <span class='ocr_line' id='line_1_98' title="bbox 308 4361 1952 4435; baseline 0.002 -18"><span class='ocrx_word' id='word_1_654' title='bbox 308 4361 580 4417; x_wconf 82' lang='lat' dir='ltr'>Errorcm</span> <span class='ocrx_word' id='word_1_655' title='bbox 608 4378 842 4434; x_wconf 88' lang='lat' dir='ltr'>quoque</span> <span class='ocrx_word' id='word_1_656' title='bbox 869 4361 1329 4435; x_wconf 71' lang='lat' dir='ltr'>Stoicorum,qui</span> <span class='ocrx_word' id='word_1_657' title='bbox 1356 4363 1609 4435; x_wconf 74' lang='lat' dir='ltr'>animam</span> <span class='ocrx_word' id='word_1_658' title='bbox 1637 4363 1756 4418; x_wconf 92' lang='lat' dir='ltr'>ullo</span> <span class='ocrx_word' id='word_1_659' title='bbox 1781 4365 1952 4420; x_wconf 87' lang='lat' dir='ltr'>modo</span> 
     </span>
    </p>
   </div>
   <div class='ocr_carea' id='block_1_98' title="bbox 302 4431 1952 4509">
    <p class='ocr_par' dir='ltr' id='par_1_98' title="bbox 302 4431 1952 4509">
     <span class='ocr_line' id='line_1_99' title="bbox 302 4431 1952 4509; baseline 0.002 -22"><span class='ocrx_word' id='word_1_660' title='bbox 302 4451 334 4487; x_wconf 89' lang='lat' dir='ltr'>a</span> <span class='ocrx_word' id='word_1_661' title='bbox 367 4451 609 4509; x_wconf 78' lang='lat' dir='ltr'>corpore</span> <span class='ocrx_word' id='word_1_662' title='bbox 626 4431 1124 4509; x_wconf 13' lang='lat' dir='ltr'>&#39;affieiinegantes,</span> <span class='ocrx_word' id='word_1_663' title='bbox 1173 4431 1371 4490; x_wconf 82' lang='lat' dir='ltr'>omnia</span> <span class='ocrx_word' id='word_1_664' title='bbox 1403 4431 1690 4509; x_wconf 64' lang='grc' dir='ltr'>ἀδιᾴφορα,</span> <span class='ocrx_word' id='word_1_665' title='bbox 1728 4434 1952 4491; x_wconf 74' lang='lat' dir='ltr'>indiﬁ‘e-</span> 
     </span>
    </p>
   </div>
   <div class='ocr_carea' id='block_1_99' title="bbox 301 4505 1949 4572">
    <p class='ocr_par' dir='ltr' id='par_1_99' title="bbox 301 4505 1949 4572">
     <span class='ocr_line' id='line_1_100' title="bbox 301 4505 1949 4572; baseline 0.001 -13"><span class='ocrx_word' id='word_1_666' title='bbox 301 4505 489 4560; x_wconf 89' lang='lat' dir='ltr'>rentia</span> <span class='ocrx_word' id='word_1_667' title='bbox 522 4521 649 4560; x_wconf 89' lang='lat' dir='ltr'>esse</span> <span class='ocrx_word' id='word_1_668' title='bbox 673 4505 962 4572; x_wconf 88' lang='lat' dir='ltr'>volebant,</span> <span class='ocrx_word' id='word_1_669' title='bbox 997 4507 1261 4564; x_wconf 88' lang='lat' dir='ltr'>Clemens</span> <span class='ocrx_word' id='word_1_670' title='bbox 1293 4505 1552 4562; x_wconf 81' lang='lat' dir='ltr'>retundit</span> <span class='ocrx_word' id='word_1_671' title='bbox 1593 4505 1724 4561; x_wconf 85' lang='lat' dir='ltr'>eum</span> <span class='ocrx_word' id='word_1_672' title='bbox 1757 4523 1949 4562; x_wconf 88' lang='lat' dir='ltr'>exem-</span> 
     </span>
    </p>
   </div>
   <div class='ocr_carea' id='block_1_100' title="bbox 301 4576 1954 4650">
    <p class='ocr_par' dir='ltr' id='par_1_100' title="bbox 301 4576 1954 4650">
     <span class='ocr_line' id='line_1_101' title="bbox 301 4576 1954 4650; baseline 0.002 -19"><span class='ocrx_word' id='word_1_673' title='bbox 301 4576 417 4647; x_wconf 81' lang='lat' dir='ltr'>plo,</span> <span class='ocrx_word' id='word_1_674' title='bbox 451 4577 608 4642; x_wconf 86' lang='lat' dir='ltr'>Jobi,</span> <span class='ocrx_word' id='word_1_675' title='bbox 643 4582 766 4632; x_wconf 92' lang='lat' dir='ltr'>tum</span> <span class='ocrx_word' id='word_1_676' title='bbox 794 4577 1059 4648; x_wconf 87' lang='lat' dir='ltr'>Apostoli</span> <span class='ocrx_word' id='word_1_677' title='bbox 1099 4579 1305 4644; x_wconf 85' lang='lat' dir='ltr'>verbis,</span> <span class='ocrx_word' id='word_1_678' title='bbox 1347 4579 1562 4650; x_wconf 85' lang='lat' dir='ltr'>quibus</span> <span class='ocrx_word' id='word_1_679' title='bbox 1605 4581 1954 4650; x_wconf 85' lang='lat' dir='ltr'>martyrium</span> 
     </span>
    </p>
   </div>
   <div class='ocr_carea' id='block_1_101' title="bbox 299 4650 1952 4716">
    <p class='ocr_par' dir='ltr' id='par_1_101' title="bbox 299 4650 1952 4716">
     <span class='ocr_line' id='line_1_102' title="bbox 299 4650 1952 4716; baseline 0.003 -16"><span class='ocrx_word' id='word_1_680' title='bbox 299 4650 503 4702; x_wconf 87' lang='lat' dir='ltr'>docuit</span> <span class='ocrx_word' id='word_1_681' title='bbox 534 4664 659 4702; x_wconf 78' lang='lat' dir='ltr'>esse</span> <span class='ocrx_word' id='word_1_682' title='bbox 696 4671 720 4700; x_wconf 83' lang='grc' dir='ltr'><strong><em>α</em></strong></span> <span class='ocrx_word' id='word_1_683' title='bbox 755 4650 1154 4705; x_wconf 84' lang='lat' dir='ltr'>conversionis</span> <span class='ocrx_word' id='word_1_684' title='bbox 1195 4651 1459 4716; x_wconf 74' lang='lat' dir='ltr'>gloriosae</span> <span class='ocrx_word' id='word_1_685' title='bbox 1521 4650 1952 4705; x_wconf 76' lang='lat' dir='ltr'>sanctificatum</span> 
     </span>
    </p>
   </div>
   <div class='ocr_carea' id='block_1_102' title="bbox 298 4720 1954 4792">
    <p class='ocr_par' dir='ltr' id='par_1_102' title="bbox 298 4720 1954 4792">
     <span class='ocr_line' id='line_1_103' title="bbox 298 4720 1954 4792; baseline 0.002 -19"><span class='ocrx_word' id='word_1_686' title='bbox 298 4720 714 4790; x_wconf 36' lang='lat' dir='ltr'>exemplar”),</span> <span class='ocrx_word' id='word_1_687' title='bbox 742 4722 806 4774; x_wconf 87' lang='lat' dir='ltr'>Et</span> <span class='ocrx_word' id='word_1_688' title='bbox 845 4737 997 4790; x_wconf 80' lang='lat' dir='ltr'>vero,</span> <span class='ocrx_word' id='word_1_689' title='bbox 1025 4723 1299 4792; x_wconf 82' lang='lat' dir='ltr'>quoniam</span> <span class='ocrx_word' id='word_1_690' title='bbox 1335 4723 1501 4777; x_wconf 86' lang='lat' dir='ltr'>dolor</span> <span class='ocrx_word' id='word_1_691' title='bbox 1551 4727 1608 4777; x_wconf 92' lang='lat' dir='ltr'>et</span> <span class='ocrx_word' id='word_1_692' title='bbox 1643 4732 1954 4792; x_wconf 88' lang='lat' dir='ltr'>paupertas</span> 
     </span>
    </p>
   </div>
   <div class='ocr_carea' id='block_1_103' title="bbox 297 4791 1949 4862">
    <p class='ocr_par' dir='ltr' id='par_1_103' title="bbox 297 4791 1949 4862">
     <span class='ocr_line' id='line_1_104' title="bbox 297 4791 1949 4862; baseline 0.002 -18"><span class='ocrx_word' id='word_1_693' title='bbox 297 4791 675 4862; x_wconf 81' lang='lat' dir='ltr'>imperfectos</span> <span class='ocrx_word' id='word_1_694' title='bbox 700 4792 965 4847; x_wconf 89' lang='lat' dir='ltr'>homines</span> <span class='ocrx_word' id='word_1_695' title='bbox 982 4791 1261 4848; x_wconf 85' lang='lat' dir='ltr'>avirtutis</span> <span class='ocrx_word' id='word_1_696' title='bbox 1292 4791 1701 4850; x_wconf 82' lang='lat' dir='ltr'>exercitatione</span> <span class='ocrx_word' id='word_1_697' title='bbox 1730 4800 1949 4861; x_wconf 88' lang='lat' dir='ltr'>avocat,</span> 
     </span>
    </p>
   </div>
   <div class='ocr_carea' id='block_1_104' title="bbox 298 4863 1949 4931">
    <p class='ocr_par' dir='ltr' id='par_1_104' title="bbox 298 4863 1949 4931">
     <span class='ocr_line' id='line_1_105' title="bbox 298 4863 1949 4931; baseline 0.005 -20"><span class='ocrx_word' id='word_1_698' title='bbox 298 4865 366 4917; x_wconf 73' lang='lat' dir='ltr'>ad</span> <span class='ocrx_word' id='word_1_699' title='bbox 405 4879 578 4931; x_wconf 85' lang='lat' dir='ltr'>quam</span> <span class='ocrx_word' id='word_1_700' title='bbox 617 4879 718 4918; x_wconf 90' lang='lat' dir='ltr'>eos</span> <span class='ocrx_word' id='word_1_701' title='bbox 741 4863 965 4920; x_wconf 86' lang='lat' dir='ltr'>sanitas</span> <span class='ocrx_word' id='word_1_702' title='bbox 1015 4869 1072 4920; x_wconf 90' lang='lat' dir='ltr'>et</span> <span class='ocrx_word' id='word_1_703' title='bbox 1117 4882 1310 4920; x_wconf 88' lang='lat' dir='ltr'>rerum</span> <span class='ocrx_word' id='word_1_704' title='bbox 1357 4867 1719 4921; x_wconf 87' lang='lat' dir='ltr'>abundantia</span> <span class='ocrx_word' id='word_1_705' title='bbox 1749 4866 1949 4921; x_wconf 90' lang='lat' dir='ltr'>allicit.</span> 
     </span>
    </p>
   </div>
   <div class='ocr_carea' id='block_1_105' title="bbox 294 4931 1954 5008">
    <p class='ocr_par' dir='ltr' id='par_1_105' title="bbox 294 4931 1954 5008">
     <span class='ocr_line' id='line_1_106' title="bbox 294 4931 1954 5008; baseline 0.004 -21"><span class='ocrx_word' id='word_1_706' title='bbox 294 4931 434 4988; x_wconf 88' lang='lat' dir='ltr'>hinc</span> <span class='ocrx_word' id='word_1_707' title='bbox 469 4935 740 5008; x_wconf 78' lang='lat' dir='ltr'>Clemens</span> <span class='ocrx_word' id='word_1_708' title='bbox 773 4935 1191 5008; x_wconf 84' lang='lat' dir='ltr'>infertcorpus</span> <span class='ocrx_word' id='word_1_709' title='bbox 1239 4943 1474 5008; x_wconf 86' lang='lat' dir='ltr'>propter</span> <span class='ocrx_word' id='word_1_710' title='bbox 1517 4938 1773 4993; x_wconf 89' lang='lat' dir='ltr'>animam</span> <span class='ocrx_word' id='word_1_711' title='bbox 1823 4955 1954 4994; x_wconf 90' lang='lat' dir='ltr'>esse</span> 
     </span>
    </p>
   </div>
   <div class='ocr_carea' id='block_1_106' title="bbox 295 5005 1948 5080">
    <p class='ocr_par' dir='ltr' id='par_1_106' title="bbox 295 5005 1948 5080">
     <span class='ocr_line' id='line_1_107' title="bbox 295 5005 1948 5080; baseline 0.004 -22"><span class='ocrx_word' id='word_1_712' title='bbox 295 5022 447 5080; x_wconf 65' lang='lat' dir='ltr'>curre</span> <span class='ocrx_word' id='word_1_713' title='bbox 481 5005 842 5061; x_wconf 87' lang='lat' dir='ltr'>habendum.</span> <span class='ocrx_word' id='word_1_714' title='bbox 882 5005 1098 5063; x_wconf 78' lang='lat' dir='ltr'>Deinde</span> <span class='ocrx_word' id='word_1_715' title='bbox 1129 5005 1280 5075; x_wconf 83' lang='lat' dir='ltr'>vero,</span> <span class='ocrx_word' id='word_1_716' title='bbox 1315 5005 1452 5080; x_wconf 47' lang='lat' dir='ltr'>q—uia</span> <span class='ocrx_word' id='word_1_717' title='bbox 1473 5009 1741 5080; x_wconf 82' lang='lat' dir='ltr'>voluptas</span> <span class='ocrx_word' id='word_1_718' title='bbox 1772 5014 1828 5064; x_wconf 89' lang='lat' dir='ltr'>et</span> <span class='ocrx_word' id='word_1_719' title='bbox 1851 5011 1948 5065; x_wconf 89' lang='lat' dir='ltr'>do-</span> 
     </span>
    </p>
   </div>
   <div class='ocr_carea' id='block_1_107' title="bbox 297 5075 1950 5152">
    <p class='ocr_par' dir='ltr' id='par_1_107' title="bbox 297 5075 1950 5152">
     <span class='ocr_line' id='line_1_108' title="bbox 297 5075 1950 5152; baseline 0.003 -22"><span class='ocrx_word' id='word_1_720' title='bbox 297 5075 485 5152; x_wconf 69' lang='lat' dir='ltr'>ionex</span> <span class='ocrx_word' id='word_1_721' title='bbox 518 5082 730 5133; x_wconf 88' lang='lat' dir='ltr'>natura</span> <span class='ocrx_word' id='word_1_722' title='bbox 764 5095 872 5133; x_wconf 90' lang='lat' dir='ltr'>sua</span> <span class='ocrx_word' id='word_1_723' title='bbox 904 5095 1092 5149; x_wconf 89' lang='lat' dir='ltr'>neque</span> <span class='ocrx_word' id='word_1_724' title='bbox 1141 5081 1294 5135; x_wconf 91' lang='lat' dir='ltr'>bona</span> <span class='ocrx_word' id='word_1_725' title='bbox 1325 5075 1485 5150; x_wconf 79' lang='lat' dir='ltr'>sunt,</span> <span class='ocrx_word' id='word_1_726' title='bbox 1533 5075 1724 5152; x_wconf 80' lang='lat' dir='ltr'>neque</span> <span class='ocrx_word' id='word_1_727' title='bbox 1775 5081 1950 5146; x_wconf 84' lang='lat' dir='ltr'>male,</span> 
     </span>
    </p>
   </div>
   <div class='ocr_carea' id='block_1_108' title="bbox 295 5148 1951 5224">
    <p class='ocr_par' dir='ltr' id='par_1_108' title="bbox 295 5148 1951 5224">
     <span class='ocr_line' id='line_1_109' title="bbox 295 5148 1951 5224; baseline 0.003 -22"><span class='ocrx_word' id='word_1_728' title='bbox 295 5148 773 5224; x_wconf 78' lang='lat' dir='ltr'>idcircomartyr</span> <span class='ocrx_word' id='word_1_729' title='bbox 805 5148 1144 5224; x_wconf 56' lang='lat' dir='ltr'>praesentem</span> <span class='ocrx_word' id='word_1_730' title='bbox 1179 5152 1435 5207; x_wconf 89' lang='lat' dir='ltr'>dolorem</span> <span class='ocrx_word' id='word_1_731' title='bbox 1470 5148 1588 5224; x_wconf 42' lang='lat' dir='ltr'>&#39;spe</span> <span class='ocrx_word' id='word_1_732' title='bbox 1627 5148 1951 5224; x_wconf 37' lang='lat' dir='ltr'>‘voluptatis</span> 
     </span>
    </p>
   </div>
   <div class='ocr_carea' id='block_1_109' title="bbox 292 5220 1953 5294">
    <p class='ocr_par' dir='ltr' id='par_1_109' title="bbox 292 5220 1953 5294">
     <span class='ocr_line' id='line_1_110' title="bbox 292 5220 1953 5294; baseline 0.002 -20"><span class='ocrx_word' id='word_1_733' title='bbox 292 5220 688 5294; x_wconf 67' lang='lat' dir='ltr'>futuraelevat</span> <span class='ocrx_word' id='word_1_734' title='bbox 747 5237 812 5294; x_wconf 82' lang='lat' dir='ltr'>ac</span> <span class='ocrx_word' id='word_1_735' title='bbox 847 5223 1177 5277; x_wconf 74' lang='lat' dir='ltr'>removet&quot;.</span> <span class='ocrx_word' id='word_1_736' title='bbox 1237 5224 1398 5287; x_wconf 92' lang='lat' dir='ltr'>Quod</span> <span class='ocrx_word' id='word_1_737' title='bbox 1459 5220 1694 5294; x_wconf 82' lang='lat' dir='ltr'>quidem</span> <span class='ocrx_word' id='word_1_738' title='bbox 1750 5220 1953 5280; x_wconf 89' lang='lat' dir='ltr'>auctor</span> 
     </span>
    </p>
   </div>
   <div class='ocr_carea' id='block_1_110' title="bbox 291 5291 1948 5367">
    <p class='ocr_par' dir='ltr' id='par_1_110' title="bbox 291 5291 1948 5367">
     <span class='ocr_line' id='line_1_111' title="bbox 291 5291 1948 5367; baseline 0.003 -20"><span class='ocrx_word' id='word_1_739' title='bbox 291 5298 490 5367; x_wconf 86' lang='lat' dir='ltr'>noster</span> <span class='ocrx_word' id='word_1_740' title='bbox 514 5299 583 5367; x_wconf 70' lang='lat' dir='ltr'>ut</span> <span class='ocrx_word' id='word_1_741' title='bbox 624 5291 857 5367; x_wconf 81' lang='lat' dir='ltr'>planius</span> <span class='ocrx_word' id='word_1_742' title='bbox 890 5293 1256 5367; x_wconf 9' lang='lat' dir='ltr'>faciat,rquid</span> <span class='ocrx_word' id='word_1_743' title='bbox 1290 5296 1360 5350; x_wconf 91' lang='lat' dir='ltr'>de</span> <span class='ocrx_word' id='word_1_744' title='bbox 1393 5291 1662 5360; x_wconf 80' lang='lat' dir='ltr'>sanitate,</span> <span class='ocrx_word' id='word_1_745' title='bbox 1700 5312 1948 5367; x_wconf 88' lang='lat' dir='ltr'>pauper-</span> 
     </span>
    </p>
   </div>
   <div class='ocr_carea' id='block_1_111' title="bbox 289 5363 1948 5437">
    <p class='ocr_par' dir='ltr' id='par_1_111' title="bbox 289 5363 1948 5437">
     <span class='ocr_line' id='line_1_112' title="bbox 289 5363 1948 5437; baseline 0.005 -23"><span class='ocrx_word' id='word_1_746' title='bbox 289 5366 412 5437; x_wconf 88' lang='lat' dir='ltr'>tate</span> <span class='ocrx_word' id='word_1_747' title='bbox 439 5368 496 5418; x_wconf 89' lang='lat' dir='ltr'>et</span> <span class='ocrx_word' id='word_1_748' title='bbox 527 5363 748 5437; x_wconf 78' lang='lat' dir='ltr'>divitiis</span> <span class='ocrx_word' id='word_1_749' title='bbox 781 5381 813 5418; x_wconf 88' lang='lat' dir='ltr'>a</span> <span class='ocrx_word' id='word_1_750' title='bbox 859 5363 1213 5434; x_wconf 84' lang='lat' dir='ltr'>quibusdam</span> <span class='ocrx_word' id='word_1_751' title='bbox 1266 5368 1512 5437; x_wconf 85' lang='lat' dir='ltr'>paganis</span> <span class='ocrx_word' id='word_1_752' title='bbox 1561 5363 1948 5437; x_wconf 81' lang='lat' dir='ltr'>scriptoribus</span> 
     </span>
    </p>
   </div>
   <div class='ocr_carea' id='block_1_112' title="bbox 287 5435 1944 5510">
    <p class='ocr_par' dir='ltr' id='par_1_112' title="bbox 287 5435 1944 5510">
     <span class='ocr_line' id='line_1_113' title="bbox 287 5435 1944 5510; baseline 0.004 -22"><span class='ocrx_word' id='word_1_753' title='bbox 287 5436 572 5510; x_wconf 70' lang='lat' dir='ltr'>traditum</span> <span class='ocrx_word' id='word_1_754' title='bbox 634 5435 730 5501; x_wconf 89' lang='lat' dir='ltr'>sit,</span> <span class='ocrx_word' id='word_1_755' title='bbox 794 5437 997 5510; x_wconf 80' lang='lat' dir='ltr'>paucis</span> <span class='ocrx_word' id='word_1_756' title='bbox 1057 5435 1457 5510; x_wconf 73' lang='lat' dir='ltr'>repraesentat.</span> <span class='ocrx_word' id='word_1_757' title='bbox 1522 5435 1714 5502; x_wconf 76' lang='lat' dir='ltr'>Longe</span> <span class='ocrx_word' id='word_1_758' title='bbox 1754 5445 1944 5494; x_wconf 88' lang='lat' dir='ltr'>autem</span> 
     </span>
    </p>
   </div>
   <div class='ocr_carea' id='block_1_113' title="bbox 287 5506 1945 5582">
    <p class='ocr_par' dir='ltr' id='par_1_113' title="bbox 287 5506 1945 5582">
     <span class='ocr_line' id='line_1_114' title="bbox 287 5506 1945 5582; baseline 0.002 -20"><span class='ocrx_word' id='word_1_759' title='bbox 287 5506 479 5582; x_wconf 79' lang='lat' dir='ltr'>fusius</span> <span class='ocrx_word' id='word_1_760' title='bbox 513 5507 610 5582; x_wconf 89' lang='lat' dir='ltr'>ille</span> <span class='ocrx_word' id='word_1_761' title='bbox 648 5507 918 5582; x_wconf 85' lang='lat' dir='ltr'>enucleat</span> <span class='ocrx_word' id='word_1_762' title='bbox 971 5509 1030 5563; x_wconf 89' lang='lat' dir='ltr'>in</span> <span class='ocrx_word' id='word_1_763' title='bbox 1092 5506 1206 5582; x_wconf 87' lang='lat' dir='ltr'>quo</span> <span class='ocrx_word' id='word_1_764' title='bbox 1260 5512 1585 5568; x_wconf 89' lang='lat' dir='ltr'>secundum</span> <span class='ocrx_word' id='word_1_765' title='bbox 1639 5511 1945 5566; x_wconf 89' lang='lat' dir='ltr'>Christum</span> 
     </span>
    </p>
   </div>
   <div class='ocr_carea' id='block_1_114' title="bbox 285 5578 1949 5656">
    <p class='ocr_par' dir='ltr' id='par_1_114' title="bbox 285 5578 1949 5656">
     <span class='ocr_line' id='line_1_115' title="bbox 285 5578 1949 5656; baseline 0.002 -22"><span class='ocrx_word' id='word_1_766' title='bbox 285 5578 478 5650; x_wconf 89' lang='lat' dir='ltr'>posita</span> <span class='ocrx_word' id='word_1_767' title='bbox 532 5580 610 5636; x_wconf 89' lang='lat' dir='ltr'>sit</span> <span class='ocrx_word' id='word_1_768' title='bbox 635 5595 772 5635; x_wconf 87' lang='lat' dir='ltr'>vera</span> <span class='ocrx_word' id='word_1_769' title='bbox 831 5578 1123 5653; x_wconf 77' lang='lat' dir='ltr'>beateque</span> <span class='ocrx_word' id='word_1_770' title='bbox 1171 5589 1488 5656; x_wconf 87' lang='lat' dir='ltr'>paupertas</span> <span class='ocrx_word' id='word_1_771' title='bbox 1517 5599 1783 5654; x_wconf 77' lang='lat' dir='ltr'>veraeque</span> <span class='ocrx_word' id='word_1_772' title='bbox 1808 5583 1949 5638; x_wconf 89' lang='lat' dir='ltr'>divi-</span> 
     </span>
    </p>
   </div>
   <div class='ocr_carea' id='block_1_115' title="bbox 355 5722 1435 5799">
    <p class='ocr_par' dir='ltr' id='par_1_115' title="bbox 355 5722 1435 5799">
     <span class='ocr_line' id='line_1_116' title="bbox 355 5722 1435 5799; baseline 0.006 -23"><span class='ocrx_word' id='word_1_773' title='bbox 355 5722 401 5799; x_wconf 54' lang='grc' dir='ltr'>’ξ</span> <span class='ocrx_word' id='word_1_774' title='bbox 427 5722 639 5799; x_wconf 68' lang='lat' dir='ltr'>p._’177.</span> <span class='ocrx_word' id='word_1_775' title='bbox 729 5723 783 5799; x_wconf 59' lang='grc' dir='ltr'>ξιξ</span> <span class='ocrx_word' id='word_1_776' title='bbox 816 5741 868 5794; x_wconf 85' lang='lat' dir='ltr'>p.</span> <span class='ocrx_word' id='word_1_777' title='bbox 897 5724 1031 5799; x_wconf 61' lang='grc' dir='ltr'>Δ478.</span> <span class='ocrx_word' id='word_1_778' title='bbox 1052 5797 1096 5799; x_wconf 77' lang='lat'>__</span> <span class='ocrx_word' id='word_1_779' title='bbox 1121 5727 1191 5799; x_wconf 65' lang='lat'>_95</span> <span class='ocrx_word' id='word_1_780' title='bbox 1218 5743 1273 5799; x_wconf 87' lang='lat' dir='ltr'>p.</span> <span class='ocrx_word' id='word_1_781' title='bbox 1308 5727 1435 5782; x_wconf 71' lang='lat' dir='ltr'>47o.</span> 
     </span>
    </p>
   </div>
   <div class='ocr_carea' id='block_1_116' title="bbox 279 5791 1160 5868">
    <p class='ocr_par' dir='ltr' id='par_1_116' title="bbox 279 5791 1160 5868">
     <span class='ocr_line' id='line_1_117' title="bbox 279 5791 1160 5868; baseline 0.006 -19"><span class='ocrx_word' id='word_1_782' title='bbox 279 5791 304 5828; x_wconf 76' lang='grc'>³</span> <span class='ocrx_word' id='word_1_783' title='bbox 334 5791 545 5851; x_wconf 84' lang='lat' dir='ltr'>Matth.</span> <span class='ocrx_word' id='word_1_784' title='bbox 577 5810 694 5865; x_wconf 77' lang='lat' dir='ltr'>XIX,</span> <span class='ocrx_word' id='word_1_785' title='bbox 725 5791 831 5850; x_wconf 31' lang='lat'>21.-</span> <span class='ocrx_word' id='word_1_786' title='bbox 891 5795 914 5830; x_wconf 75' lang='lat'><strong>‘</strong></span> <span class='ocrx_word' id='word_1_787' title='bbox 943 5813 1001 5868; x_wconf 92' lang='lat' dir='ltr'>p.</span> <span class='ocrx_word' id='word_1_788' title='bbox 1038 5797 1160 5859; x_wconf 81' lang='grc'>486.</span> 
     </span>
    </p>
   </div>
   <div class='ocr_carea' id='block_1_117' title="bbox 1539 5725 1984 5793">
    <p class='ocr_par' dir='ltr' id='par_1_117' title="bbox 1539 5725 1984 5793">
     <span class='ocr_line' id='line_1_118' title="bbox 1539 5725 1984 5793; baseline 0.004 -13"><span class='ocrx_word' id='word_1_789' title='bbox 1539 5727 1582 5762; x_wconf 70' lang='grc'><strong>9⁸</strong></span> <span class='ocrx_word' id='word_1_790' title='bbox 1614 5743 1668 5793; x_wconf 87' lang='lat' dir='ltr'>p.</span> <span class='ocrx_word' id='word_1_791' title='bbox 1712 5725 1828 5782; x_wconf 61' lang='lat'>&#39;180.</span> <span class='ocrx_word' id='word_1_792' title='bbox 1943 5728 1984 5764; x_wconf 70' lang='lat'><strong>97</strong></span> 
     </span>
    </p>
   </div>
   <div class='ocr_carea' id='block_1_118' title="bbox 2020 5728 2445 5805">
    <p class='ocr_par' dir='ltr' id='par_1_118' title="bbox 2020 5728 2445 5805">
     <span class='ocr_line' id='line_1_119' title="bbox 2020 5728 2445 5805; baseline 0.002 -5"><span class='ocrx_word' id='word_1_793' title='bbox 2020 5745 2078 5800; x_wconf 82' lang='lat' dir='ltr'>p-</span> <span class='ocrx_word' id='word_1_794' title='bbox 2109 5728 2236 5805; x_wconf 45' lang='lat'>.48}.</span> <span class='ocrx_word' id='word_1_795' title='bbox 2299 5801 2313 5805; x_wconf 72' lang='grc'>,,</span> <span class='ocrx_word' id='word_1_796' title='bbox 2337 5731 2378 5764; x_wconf 63' lang='grc'>⁸⁸</span> <span class='ocrx_word' id='word_1_797' title='bbox 2412 5747 2445 5801; x_wconf 81' lang='grc' dir='ltr'>ρ</span> 
     </span>
    </p>
   </div>
   <div class='ocr_carea' id='block_1_119' title="bbox 1239 5797 2942 5872">
    <p class='ocr_par' dir='ltr' id='par_1_119' title="bbox 1239 5797 2942 5872">
     <span class='ocr_line' id='line_1_120' title="bbox 1239 5797 2942 5872; baseline -0.001 -20"><span class='ocrx_word' id='word_1_798' title='bbox 1239 5798 1260 5834; x_wconf 70' lang='grc' dir='ltr'>ε</span> <span class='ocrx_word' id='word_1_799' title='bbox 1317 5799 1532 5870; x_wconf 78' lang='grc' dir='ltr'>ρ.487.</span> <span class='ocrx_word' id='word_1_800' title='bbox 1611 5799 1876 5870; x_wconf 76' lang='grc' dir='ltr'>⁶Ρ.488.</span> <span class='ocrx_word' id='word_1_801' title='bbox 1954 5797 2219 5872; x_wconf 76' lang='grc' dir='ltr'>⁷ῤ.489.</span> <span class='ocrx_word' id='word_1_802' title='bbox 2296 5797 2560 5872; x_wconf 76' lang='grc' dir='ltr'>⁸ρ.’490.</span> <span class='ocrx_word' id='word_1_803' title='bbox 2639 5797 2942 5868; x_wconf 61' lang='lat'>913.491.-</span> 
     </span>
    </p>
   </div>
   <div class='ocr_carea' id='block_1_120' title="bbox 2073 3181 3712 3252">
    <p class='ocr_par' dir='ltr' id='par_1_120' title="bbox 2073 3181 3712 3252">
     <span class='ocr_line' id='line_1_121' title="bbox 2073 3181 3712 3252; baseline -0.002 -12"><span class='ocrx_word' id='word_1_804' title='bbox 2073 3184 2412 3240; x_wconf 88' lang='lat' dir='ltr'>divitiarum</span> <span class='ocrx_word' id='word_1_805' title='bbox 2433 3181 2888 3237; x_wconf 88' lang='lat' dir='ltr'>sollicitudinem</span> <span class='ocrx_word' id='word_1_806' title='bbox 2914 3185 2968 3236; x_wconf 91' lang='lat' dir='ltr'>et</span> <span class='ocrx_word' id='word_1_807' title='bbox 2991 3181 3462 3252; x_wconf 87' lang='lat' dir='ltr'>avaritiam,quid</span> <span class='ocrx_word' id='word_1_808' title='bbox 3485 3183 3554 3237; x_wconf 92' lang='lat' dir='ltr'>de</span> <span class='ocrx_word' id='word_1_809' title='bbox 3575 3187 3712 3237; x_wconf 86' lang='lat' dir='ltr'>Zac-</span> 
     </span>
    </p>
   </div>
   <div class='ocr_carea' id='block_1_121' title="bbox 2071 3252 3713 3324">
    <p class='ocr_par' dir='ltr' id='par_1_121' title="bbox 2071 3252 3713 3324">
     <span class='ocr_line' id='line_1_122' title="bbox 2071 3252 3713 3324; baseline -0.001 -14"><span class='ocrx_word' id='word_1_810' title='bbox 2071 3255 2248 3322; x_wconf 71' lang='lat' dir='ltr'>chaao,</span> <span class='ocrx_word' id='word_1_811' title='bbox 2281 3255 2370 3310; x_wconf 86' lang='lat' dir='ltr'>vel</span> <span class='ocrx_word' id='word_1_812' title='bbox 2410 3257 2476 3308; x_wconf 91' lang='lat' dir='ltr'>ut</span> <span class='ocrx_word' id='word_1_813' title='bbox 2506 3254 2744 3323; x_wconf 88' lang='lat' dir='ltr'>quidam</span> <span class='ocrx_word' id='word_1_814' title='bbox 2781 3252 3198 3324; x_wconf 87' lang='lat' dir='ltr'>opinabantur,</span> <span class='ocrx_word' id='word_1_815' title='bbox 3230 3253 3474 3309; x_wconf 84' lang='lat' dir='ltr'>Matthia</span> <span class='ocrx_word' id='word_1_816' title='bbox 3517 3254 3713 3324; x_wconf 89' lang='lat' dir='ltr'>publi-</span> 
     </span>
    </p>
   </div>
   <div class='ocr_carea' id='block_1_122' title="bbox 2071 3323 3712 3397">
    <p class='ocr_par' dir='ltr' id='par_1_122' title="bbox 2071 3323 3712 3397">
     <span class='ocr_line' id='line_1_123' title="bbox 2071 3323 3712 3397; baseline -0.002 -14"><span class='ocrx_word' id='word_1_817' title='bbox 2071 3343 2350 3383; x_wconf 88' lang='lat' dir='ltr'>canorum</span> <span class='ocrx_word' id='word_1_818' title='bbox 2384 3325 2664 3397; x_wconf 90' lang='lat' dir='ltr'>principe,</span> <span class='ocrx_word' id='word_1_819' title='bbox 2698 3323 2838 3397; x_wconf 91' lang='lat' dir='ltr'>quid</span> <span class='ocrx_word' id='word_1_820' title='bbox 2870 3325 2940 3380; x_wconf 90' lang='lat' dir='ltr'>de</span> <span class='ocrx_word' id='word_1_821' title='bbox 2970 3325 3146 3397; x_wconf 83' lang='lat' dir='ltr'>vidua</span> <span class='ocrx_word' id='word_1_822' title='bbox 3168 3325 3315 3397; x_wconf 80' lang='lat' dir='ltr'>duos</span> <span class='ocrx_word' id='word_1_823' title='bbox 3348 3323 3623 3380; x_wconf 89' lang='lat' dir='ltr'>nummos</span> <span class='ocrx_word' id='word_1_824' title='bbox 3652 3326 3712 3380; x_wconf 91' lang='lat' dir='ltr'>in</span> 
     </span>
    </p>
   </div>
   <div class='ocr_carea' id='block_1_123' title="bbox 2067 3396 3710 3471">
    <p class='ocr_par' dir='ltr' id='par_1_123' title="bbox 2067 3396 3710 3471">
     <span class='ocr_line' id='line_1_124' title="bbox 2067 3396 3710 3471; baseline -0.001 -17"><span class='ocrx_word' id='word_1_825' title='bbox 2067 3397 2527 3471; x_wconf 85' lang='lat' dir='ltr'>gazopbyacium</span> <span class='ocrx_word' id='word_1_826' title='bbox 2581 3396 2975 3471; x_wconf 86' lang='lat' dir='ltr'>projiciente,</span> <span class='ocrx_word' id='word_1_827' title='bbox 3016 3396 3170 3452; x_wconf 89' lang='lat' dir='ltr'>idem</span> <span class='ocrx_word' id='word_1_828' title='bbox 3216 3396 3485 3454; x_wconf 86' lang='lat' dir='ltr'>Christus</span> <span class='ocrx_word' id='word_1_829' title='bbox 3511 3398 3710 3455; x_wconf 87' lang='lat' dir='ltr'>Domi-</span> 
     </span>
    </p>
   </div>
   <div class='ocr_carea' id='block_1_124' title="bbox 2076 3468 2702 3542">
    <p class='ocr_par' dir='ltr' id='par_1_124' title="bbox 2076 3468 2702 3542">
     <span class='ocr_line' id='line_1_125' title="bbox 2076 3468 2702 3542; baseline -0.008 -15"><span class='ocrx_word' id='word_1_830' title='bbox 2076 3468 2190 3527; x_wconf 74' lang='lat' dir='ltr'>nus</span> <span class='ocrx_word' id='word_1_831' title='bbox 2217 3468 2702 3542; x_wconf 81' lang='lat' dir='ltr'>prenuntiaverit.</span> 
     </span>
    </p>
   </div>
   <div class='ocr_carea' id='block_1_125' title="bbox 2137 3555 3711 3630">
    <p class='ocr_par' dir='ltr' id='par_1_125' title="bbox 2137 3555 3711 3630">
     <span class='ocr_line' id='line_1_126' title="bbox 2137 3555 3711 3630; baseline -0.001 -15"><span class='ocrx_word' id='word_1_832' title='bbox 2137 3564 2270 3615; x_wconf 72' lang='lat' dir='ltr'>Haec</span> <span class='ocrx_word' id='word_1_833' title='bbox 2304 3574 2474 3630; x_wconf 90' lang='lat' dir='ltr'>porro</span> <span class='ocrx_word' id='word_1_834' title='bbox 2504 3558 2774 3630; x_wconf 87' lang='lat' dir='ltr'>Clemens</span> <span class='ocrx_word' id='word_1_835' title='bbox 2805 3557 2877 3612; x_wconf 90' lang='lat' dir='ltr'>ad</span> <span class='ocrx_word' id='word_1_836' title='bbox 2902 3555 3511 3630; x_wconf 80' lang='lat' dir='ltr'>primaebeatitudinis</span> <span class='ocrx_word' id='word_1_837' title='bbox 3542 3575 3711 3616; x_wconf 87' lang='lat' dir='ltr'>evan-</span> 
     </span>
    </p>
   </div>
   <div class='ocr_carea' id='block_1_126' title="bbox 2069 3628 3711 3702">
    <p class='ocr_par' dir='ltr' id='par_1_126' title="bbox 2069 3628 3711 3702">
     <span class='ocr_line' id='line_1_127' title="bbox 2069 3628 3711 3702; baseline 0.001 -19"><span class='ocrx_word' id='word_1_838' title='bbox 2069 3631 2261 3698; x_wconf 75' lang='lat' dir='ltr'>gelicae</span> <span class='ocrx_word' id='word_1_839' title='bbox 2294 3628 2743 3702; x_wconf 13' lang='lat' dir='ltr'>explicationem,</span> <span class='ocrx_word' id='word_1_840' title='bbox 2793 3644 2855 3683; x_wconf 91' lang='lat' dir='ltr'>se</span> <span class='ocrx_word' id='word_1_841' title='bbox 2908 3628 3214 3702; x_wconf 85' lang='lat' dir='ltr'>scripsisse</span> <span class='ocrx_word' id='word_1_842' title='bbox 3255 3632 3450 3700; x_wconf 87' lang='lat' dir='ltr'>palam</span> <span class='ocrx_word' id='word_1_843' title='bbox 3484 3631 3711 3702; x_wconf 83' lang='lat' dir='ltr'>signiﬁ-</span> 
     </span>
    </p>
   </div>
   <div class='ocr_carea' id='block_1_127' title="bbox 2067 3700 3711 3773">
    <p class='ocr_par' dir='ltr' id='par_1_127' title="bbox 2067 3700 3711 3773">
     <span class='ocr_line' id='line_1_128' title="bbox 2067 3700 3711 3773; baseline -0.001 -16"><span class='ocrx_word' id='word_1_844' title='bbox 2067 3705 2222 3757; x_wconf 64' lang='lat' dir='ltr'>cat“.</span> <span class='ocrx_word' id='word_1_845' title='bbox 2257 3700 2396 3757; x_wconf 85' lang='lat' dir='ltr'>Inde</span> <span class='ocrx_word' id='word_1_846' title='bbox 2427 3703 2495 3757; x_wconf 91' lang='lat' dir='ltr'>ad</span> <span class='ocrx_word' id='word_1_847' title='bbox 2530 3701 2850 3773; x_wconf 76' lang='lat' dir='ltr'>secundum</span> <span class='ocrx_word' id='word_1_848' title='bbox 2885 3700 3060 3769; x_wconf 87' lang='lat' dir='ltr'>venit,</span> <span class='ocrx_word' id='word_1_849' title='bbox 3119 3701 3402 3773; x_wconf 91' lang='lat' dir='ltr'>docetque</span> <span class='ocrx_word' id='word_1_850' title='bbox 3443 3700 3565 3772; x_wconf 61' lang='lat' dir='ltr'>qui</span> <span class='ocrx_word' id='word_1_851' title='bbox 3592 3702 3711 3757; x_wconf 90' lang='lat' dir='ltr'>sint</span> 
     </span>
    </p>
   </div>
   <div class='ocr_carea' id='block_1_128' title="bbox 2068 3771 3710 3846">
    <p class='ocr_par' dir='ltr' id='par_1_128' title="bbox 2068 3771 3710 3846">
     <span class='ocr_line' id='line_1_129' title="bbox 2068 3771 3710 3846; baseline 0.001 -19"><span class='ocrx_word' id='word_1_852' title='bbox 2068 3773 2151 3828; x_wconf 91' lang='lat' dir='ltr'>illi</span> <span class='ocrx_word' id='word_1_853' title='bbox 2186 3796 2212 3823; x_wconf 85' lang='grc'>‹‹</span> <span class='ocrx_word' id='word_1_854' title='bbox 2246 3774 2442 3842; x_wconf 83' lang='lat' dir='ltr'>mites,</span> <span class='ocrx_word' id='word_1_855' title='bbox 2479 3795 2505 3822; x_wconf 88' lang='grc'><strong>››</strong></span> <span class='ocrx_word' id='word_1_856' title='bbox 2539 3771 2977 3846; x_wconf 32' lang='grc' dir='ltr'>(ιυοεβὴι-ἱ-ειυε</span> <span class='ocrx_word' id='word_1_857' title='bbox 3003 3773 3204 3828; x_wconf 90' lang='lat' dir='ltr'>beatos</span> <span class='ocrx_word' id='word_1_858' title='bbox 3228 3771 3558 3845; x_wconf 77' lang='lat' dir='ltr'>terramque</span> <span class='ocrx_word' id='word_1_859' title='bbox 3581 3791 3710 3846; x_wconf 87' lang='lat' dir='ltr'>pos-</span> 
     </span>
    </p>
   </div>
   <div class='ocr_carea' id='block_1_129' title="bbox 2066 3843 3711 3917">
    <p class='ocr_par' dir='ltr' id='par_1_129' title="bbox 2066 3843 3711 3917">
     <span class='ocr_line' id='line_1_130' title="bbox 2066 3843 3711 3917; baseline 0 -18"><span class='ocrx_word' id='word_1_860' title='bbox 2066 3862 2336 3900; x_wconf 62' lang='lat' dir='ltr'>SCSrUPOS</span> <span class='ocrx_word' id='word_1_861' title='bbox 2367 3861 2496 3900; x_wconf 88' lang='lat' dir='ltr'>esse</span> <span class='ocrx_word' id='word_1_862' title='bbox 2527 3844 2754 3917; x_wconf 87' lang='lat' dir='ltr'>asserit.</span> <span class='ocrx_word' id='word_1_863' title='bbox 2819 3843 2898 3898; x_wconf 89' lang='lat' dir='ltr'>lbi</span> <span class='ocrx_word' id='word_1_864' title='bbox 2960 3849 3158 3917; x_wconf 7' lang='lat' dir='ltr'>autem,</span> <span class='ocrx_word' id='word_1_865' title='bbox 3186 3845 3378 3901; x_wconf 88' lang='lat' dir='ltr'>varias</span> <span class='ocrx_word' id='word_1_866' title='bbox 3435 3843 3711 3917; x_wconf 78' lang='lat' dir='ltr'>patefacit</span> 
     </span>
    </p>
   </div>
   <div class='ocr_carea' id='block_1_130' title="bbox 2067 3915 3711 3988">
    <p class='ocr_par' dir='ltr' id='par_1_130' title="bbox 2067 3915 3711 3988">
     <span class='ocr_line' id='line_1_131' title="bbox 2067 3915 3711 3988; baseline 0.001 -18"><span class='ocrx_word' id='word_1_867' title='bbox 2067 3917 2348 3972; x_wconf 84' lang='lat' dir='ltr'>mercedis</span> <span class='ocrx_word' id='word_1_868' title='bbox 2411 3916 2902 3988; x_wconf 89' lang='lat' dir='ltr'>mansionumque</span> <span class='ocrx_word' id='word_1_869' title='bbox 2948 3915 3270 3972; x_wconf 88' lang='lat' dir='ltr'>coelestium</span> <span class='ocrx_word' id='word_1_870' title='bbox 3321 3915 3711 3988; x_wconf 47' lang='lat' dir='ltr'>pro&#39;diversis</span> 
     </span>
    </p>
   </div>
   <div class='ocr_carea' id='block_1_131' title="bbox 2065 3987 3710 4044">
    <p class='ocr_par' dir='ltr' id='par_1_131' title="bbox 2065 3987 3710 4044">
     <span class='ocr_line' id='line_1_132' title="bbox 2065 3987 3710 4044; baseline 0.001 -2"><span class='ocrx_word' id='word_1_871' title='bbox 2065 3988 2373 4043; x_wconf 90' lang='lat' dir='ltr'>hominum</span> <span class='ocrx_word' id='word_1_872' title='bbox 2405 3987 2627 4043; x_wconf 86' lang='lat' dir='ltr'>meritis</span> <span class='ocrx_word' id='word_1_873' title='bbox 2659 3988 3069 4043; x_wconf 80' lang='lat' dir='ltr'>differentias&quot;.</span> <span class='ocrx_word' id='word_1_874' title='bbox 3123 3987 3334 4044; x_wconf 77' lang='lat' dir='ltr'>Tertia</span> <span class='ocrx_word' id='word_1_875' title='bbox 3356 4004 3489 4044; x_wconf 86' lang='lat' dir='ltr'>vero</span> <span class='ocrx_word' id='word_1_876' title='bbox 3534 3990 3710 4044; x_wconf 89' lang='lat' dir='ltr'>beati-</span> 
     </span>
    </p>
   </div>
   <div class='ocr_carea' id='block_1_132' title="bbox 2065 4060 3708 4132">
    <p class='ocr_par' dir='ltr' id='par_1_132' title="bbox 2065 4060 3708 4132">
     <span class='ocr_line' id='line_1_133' title="bbox 2065 4060 3708 4132; baseline 0.001 -18"><span class='ocrx_word' id='word_1_877' title='bbox 2065 4061 2226 4122; x_wconf 92' lang='lat' dir='ltr'>tudo,</span> <span class='ocrx_word' id='word_1_878' title='bbox 2259 4060 2638 4132; x_wconf 82' lang='lat' dir='ltr'>prosequitur</span> <span class='ocrx_word' id='word_1_879' title='bbox 2666 4060 2960 4132; x_wconf 84' lang='lat' dir='ltr'>Clemens,</span> <span class='ocrx_word' id='word_1_880' title='bbox 2993 4065 3080 4116; x_wconf 89' lang='lat' dir='ltr'>est</span> <span class='ocrx_word' id='word_1_881' title='bbox 3111 4084 3137 4108; x_wconf 88' lang='grc'><em>‹‹</em></span> <span class='ocrx_word' id='word_1_882' title='bbox 3173 4060 3529 4132; x_wconf 84' lang='lat' dir='ltr'>lugentium,</span> <span class='ocrx_word' id='word_1_883' title='bbox 3565 4083 3591 4110; x_wconf 88' lang='grc'><strong>››</strong></span> <span class='ocrx_word' id='word_1_884' title='bbox 3627 4063 3708 4115; x_wconf 84' lang='lat' dir='ltr'>vi-</span> 
     </span>
    </p>
   </div>
   <div class='ocr_carea' id='block_1_133' title="bbox 2062 4130 3703 4202">
    <p class='ocr_par' dir='ltr' id='par_1_133' title="bbox 2062 4130 3703 4202">
     <span class='ocr_line' id='line_1_134' title="bbox 2062 4130 3703 4202; baseline 0.002 -19"><span class='ocrx_word' id='word_1_885' title='bbox 2062 4130 2275 4188; x_wconf 77' lang='lat' dir='ltr'>delicet</span> <span class='ocrx_word' id='word_1_886' title='bbox 2297 4148 2500 4188; x_wconf 90' lang='lat' dir='ltr'>eorum</span> <span class='ocrx_word' id='word_1_887' title='bbox 2524 4130 2766 4202; x_wconf 72' lang='lat' dir='ltr'>quivitze</span> <span class='ocrx_word' id='word_1_888' title='bbox 2792 4131 2939 4187; x_wconf 91' lang='lat' dir='ltr'>male</span> <span class='ocrx_word' id='word_1_889' title='bbox 2961 4136 3102 4187; x_wconf 63' lang='lat' dir='ltr'>actae</span> <span class='ocrx_word' id='word_1_890' title='bbox 3128 4130 3487 4202; x_wconf 67' lang='lat' dir='ltr'>poenitentia,</span> <span class='ocrx_word' id='word_1_891' title='bbox 3521 4148 3703 4202; x_wconf 87' lang='lat' dir='ltr'>quam</span> 
     </span>
    </p>
   </div>
   <div class='ocr_carea' id='block_1_134' title="bbox 2062 4203 3703 4274">
    <p class='ocr_par' dir='ltr' id='par_1_134' title="bbox 2062 4203 3703 4274">
     <span class='ocr_line' id='line_1_135' title="bbox 2062 4203 3703 4274; baseline 0.001 -18"><span class='ocrx_word' id='word_1_892' title='bbox 2062 4203 2158 4258; x_wconf 87' lang='lat' dir='ltr'>ille</span> <span class='ocrx_word' id='word_1_893' title='bbox 2192 4205 2449 4274; x_wconf 80' lang='lat' dir='ltr'>exponit,</span> <span class='ocrx_word' id='word_1_894' title='bbox 2482 4203 2707 4258; x_wconf 86' lang='lat' dir='ltr'>sincere</span> <span class='ocrx_word' id='word_1_895' title='bbox 2739 4204 3057 4258; x_wconf 91' lang='lat' dir='ltr'>ducuntur.</span> <span class='ocrx_word' id='word_1_896' title='bbox 3091 4203 3303 4267; x_wconf 84' lang='lat' dir='ltr'>Quarta</span> <span class='ocrx_word' id='word_1_897' title='bbox 3325 4227 3343 4253; x_wconf 81' lang='grc' dir='ltr'>ι</span> <span class='ocrx_word' id='word_1_898' title='bbox 3368 4203 3703 4258; x_wconf 89' lang='lat' dir='ltr'>misericor-</span> 
     </span>
    </p>
   </div>
   <div class='ocr_carea' id='block_1_135' title="bbox 2063 4274 3702 4347">
    <p class='ocr_par' dir='ltr' id='par_1_135' title="bbox 2063 4274 3702 4347">
     <span class='ocr_line' id='line_1_136' title="bbox 2063 4274 3702 4347; baseline 0.001 -19"><span class='ocrx_word' id='word_1_899' title='bbox 2063 4276 2185 4343; x_wconf 85' lang='lat' dir='ltr'>des,</span> <span class='ocrx_word' id='word_1_900' title='bbox 2217 4299 2242 4324; x_wconf 85' lang='grc'><strong>››</strong></span> <span class='ocrx_word' id='word_1_901' title='bbox 2276 4277 2383 4332; x_wconf 90' lang='lat' dir='ltr'>hoc</span> <span class='ocrx_word' id='word_1_902' title='bbox 2413 4280 2503 4331; x_wconf 91' lang='lat' dir='ltr'>est</span> <span class='ocrx_word' id='word_1_903' title='bbox 2535 4274 2685 4341; x_wconf 89' lang='lat' dir='ltr'>illos,</span> <span class='ocrx_word' id='word_1_904' title='bbox 2720 4276 2818 4347; x_wconf 89' lang='lat' dir='ltr'>qui</span> <span class='ocrx_word' id='word_1_905' title='bbox 2879 4280 3164 4347; x_wconf 89' lang='lat' dir='ltr'>quantum</span> <span class='ocrx_word' id='word_1_906' title='bbox 3205 4277 3285 4347; x_wconf 18' lang='lat' dir='ltr'>Ain</span> <span class='ocrx_word' id='word_1_907' title='bbox 3342 4291 3404 4330; x_wconf 89' lang='lat' dir='ltr'>se</span> <span class='ocrx_word' id='word_1_908' title='bbox 3460 4280 3549 4330; x_wconf 90' lang='lat' dir='ltr'>est</span> <span class='ocrx_word' id='word_1_909' title='bbox 3571 4274 3702 4329; x_wconf 90' lang='lat' dir='ltr'>aliis</span> 
     </span>
    </p>
   </div>
   <div class='ocr_carea' id='block_1_136' title="bbox 2060 4345 3702 4418">
    <p class='ocr_par' dir='ltr' id='par_1_136' title="bbox 2060 4345 3702 4418">
     <span class='ocr_line' id='line_1_137' title="bbox 2060 4345 3702 4418; baseline 0 -17"><span class='ocrx_word' id='word_1_910' title='bbox 2060 4363 2228 4417; x_wconf 91' lang='lat' dir='ltr'>opem</span> <span class='ocrx_word' id='word_1_911' title='bbox 2261 4348 2476 4413; x_wconf 84' lang='lat' dir='ltr'>ferunt,</span> <span class='ocrx_word' id='word_1_912' title='bbox 2523 4345 3324 4418; x_wconf 27' lang='lat' dir='ltr'>beatos‘praadicatiQuinta</span> <span class='ocrx_word' id='word_1_913' title='bbox 3367 4367 3395 4395; x_wconf 86' lang='lat'><strong>«</strong></span> <span class='ocrx_word' id='word_1_914' title='bbox 3446 4347 3702 4418; x_wconf 88' lang='lat' dir='ltr'>mundos</span> 
     </span>
    </p>
   </div>
   <div class='ocr_carea' id='block_1_137' title="bbox 2062 4416 3700 4491">
    <p class='ocr_par' dir='ltr' id='par_1_137' title="bbox 2062 4416 3700 4491">
     <span class='ocr_line' id='line_1_138' title="bbox 2062 4416 3700 4491; baseline -0.002 -18"><span class='ocrx_word' id='word_1_915' title='bbox 2062 4416 2255 4491; x_wconf 83' lang='lat' dir='ltr'>cerde,</span> <span class='ocrx_word' id='word_1_916' title='bbox 2294 4442 2322 4468; x_wconf 85' lang='grc'><strong>››</strong></span> <span class='ocrx_word' id='word_1_917' title='bbox 2355 4419 2452 4491; x_wconf 89' lang='lat' dir='ltr'>qui</span> <span class='ocrx_word' id='word_1_918' title='bbox 2487 4419 2716 4489; x_wconf 82' lang='lat' dir='ltr'>rejectis</span> <span class='ocrx_word' id='word_1_919' title='bbox 2757 4416 3182 4491; x_wconf 82' lang='lat' dir='ltr'>cupiditatibus</span> <span class='ocrx_word' id='word_1_920' title='bbox 3231 4422 3287 4472; x_wconf 89' lang='lat' dir='ltr'>et</span> <span class='ocrx_word' id='word_1_921' title='bbox 3331 4417 3700 4486; x_wconf 80' lang='lat' dir='ltr'>cogitationi-</span> 
     </span>
    </p>
   </div>
   <div class='ocr_carea' id='block_1_138' title="bbox 2060 4488 3701 4558">
    <p class='ocr_par' dir='ltr' id='par_1_138' title="bbox 2060 4488 3701 4558">
     <span class='ocr_line' id='line_1_139' title="bbox 2060 4488 3701 4558; baseline 0 -16"><span class='ocrx_word' id='word_1_922' title='bbox 2060 4489 2172 4544; x_wconf 91' lang='lat' dir='ltr'>bus</span> <span class='ocrx_word' id='word_1_923' title='bbox 2202 4488 2428 4557; x_wconf 85' lang='lat' dir='ltr'>mundi,</span> <span class='ocrx_word' id='word_1_924' title='bbox 2465 4491 2531 4544; x_wconf 89' lang='lat' dir='ltr'>ad</span> <span class='ocrx_word' id='word_1_925' title='bbox 2547 4488 2554 4489; x_wconf 59' lang='grc'><strong><em>⁷⁷</em></strong></span> <span class='ocrx_word' id='word_1_926' title='bbox 2571 4490 2667 4544; x_wconf 92' lang='lat' dir='ltr'>Dei</span> <span class='ocrx_word' id='word_1_927' title='bbox 2698 4488 2938 4543; x_wconf 87' lang='lat' dir='ltr'>veniunt</span> <span class='ocrx_word' id='word_1_928' title='bbox 2955 4488 3348 4558; x_wconf 88' lang='lat' dir='ltr'>cognitionem</span> <span class='ocrx_word' id='word_1_929' title='bbox 3371 4494 3701 4543; x_wconf 82' lang='lat' dir='ltr'>etcontem-</span> 
     </span>
    </p>
   </div>
   <div class='ocr_carea' id='block_1_139' title="bbox 2066 4559 3700 4642">
    <p class='ocr_par' dir='ltr' id='par_1_139' title="bbox 2066 4559 3700 4642">
     <span class='ocr_line' id='line_1_140' title="bbox 2066 4559 3700 4642; baseline 0.001 -27"><span class='ocrx_word' id='word_1_930' title='bbox 2066 4561 2402 4642; x_wconf 78' lang='lat' dir='ltr'>plationem.</span> <span class='ocrx_word' id='word_1_931' title='bbox 2462 4565 2629 4642; x_wconf 79' lang='lat' dir='ltr'>Sexta</span> <span class='ocrx_word' id='word_1_932' title='bbox 2687 4559 3034 4642; x_wconf 40' lang='lat' dir='ltr'>«.pacifices,</span> <span class='ocrx_word' id='word_1_933' title='bbox 3071 4581 3097 4606; x_wconf 88' lang='grc'><strong>››</strong></span> <span class='ocrx_word' id='word_1_934' title='bbox 3155 4560 3254 4642; x_wconf 82' lang='lat' dir='ltr'>qui</span> <span class='ocrx_word' id='word_1_935' title='bbox 3297 4560 3700 4642; x_wconf 78' lang='lat' dir='ltr'>cupiditatem,</span> 
     </span>
    </p>
   </div>
   <div class='ocr_carea' id='block_1_140' title="bbox 2062 4630 3701 4702">
    <p class='ocr_par' dir='ltr' id='par_1_140' title="bbox 2062 4630 3701 4702">
     <span class='ocr_line' id='line_1_141' title="bbox 2062 4630 3701 4702; baseline 0 -16"><span class='ocrx_word' id='word_1_936' title='bbox 2062 4630 2208 4688; x_wconf 88' lang='lat' dir='ltr'>iram</span> <span class='ocrx_word' id='word_1_937' title='bbox 2242 4633 2506 4702; x_wconf 84' lang='lat' dir='ltr'>aliasque</span> <span class='ocrx_word' id='word_1_938' title='bbox 2537 4630 2754 4686; x_wconf 31' lang='lat' dir='ltr'>animi’</span> <span class='ocrx_word' id='word_1_939' title='bbox 2777 4630 3112 4702; x_wconf 68' lang='lat' dir='ltr'>affectiones</span> <span class='ocrx_word' id='word_1_940' title='bbox 3174 4631 3254 4685; x_wconf 90' lang='lat' dir='ltr'>ita</span> <span class='ocrx_word' id='word_1_941' title='bbox 3298 4630 3701 4686; x_wconf 76' lang='lat' dir='ltr'>mansuefece-</span> 
     </span>
    </p>
   </div>
   <div class='ocr_carea' id='block_1_141' title="bbox 2066 4701 3697 4775">
    <p class='ocr_par' dir='ltr' id='par_1_141' title="bbox 2066 4701 3697 4775">
     <span class='ocr_line' id='line_1_142' title="bbox 2066 4701 3697 4775; baseline -0.001 -18"><span class='ocrx_word' id='word_1_942' title='bbox 2066 4709 2222 4770; x_wconf 88' lang='lat' dir='ltr'>runt,</span> <span class='ocrx_word' id='word_1_943' title='bbox 2286 4708 2348 4759; x_wconf 91' lang='lat' dir='ltr'>ut</span> <span class='ocrx_word' id='word_1_944' title='bbox 2394 4701 2550 4775; x_wconf 89' lang='lat' dir='ltr'>piam</span> <span class='ocrx_word' id='word_1_945' title='bbox 2586 4707 2964 4773; x_wconf 89' lang='lat' dir='ltr'>sanctamque</span> <span class='ocrx_word' id='word_1_946' title='bbox 2996 4701 3171 4756; x_wconf 84' lang='lat' dir='ltr'>vitam</span> <span class='ocrx_word' id='word_1_947' title='bbox 3205 4719 3438 4774; x_wconf 89' lang='lat' dir='ltr'>semper</span> <span class='ocrx_word' id='word_1_948' title='bbox 3467 4705 3697 4775; x_wconf 70' lang='lat' dir='ltr'>agantB.</span> 
     </span>
    </p>
   </div>
   <div class='ocr_carea' id='block_1_142' title="bbox 2134 4790 3698 4863">
    <p class='ocr_par' dir='ltr' id='par_1_142' title="bbox 2134 4790 3698 4863">
     <span class='ocr_line' id='line_1_143' title="bbox 2134 4790 3698 4863; baseline -0.001 -14"><span class='ocrx_word' id='word_1_949' title='bbox 2134 4793 2193 4849; x_wconf 90' lang='lat' dir='ltr'>ln</span> <span class='ocrx_word' id='word_1_950' title='bbox 2218 4792 2430 4848; x_wconf 90' lang='lat' dir='ltr'>ultima</span> <span class='ocrx_word' id='word_1_951' title='bbox 2460 4793 2697 4848; x_wconf 88' lang='lat' dir='ltr'>tandem</span> <span class='ocrx_word' id='word_1_952' title='bbox 2736 4790 3099 4846; x_wconf 88' lang='lat' dir='ltr'>beatitudine</span> <span class='ocrx_word' id='word_1_953' title='bbox 3125 4807 3349 4863; x_wconf 89' lang='lat' dir='ltr'>eorum,</span> <span class='ocrx_word' id='word_1_954' title='bbox 3375 4793 3471 4863; x_wconf 92' lang='lat' dir='ltr'>qui</span> <span class='ocrx_word' id='word_1_955' title='bbox 3505 4813 3532 4841; x_wconf 86' lang='lat'><strong>«</strong></span> <span class='ocrx_word' id='word_1_956' title='bbox 3567 4809 3698 4863; x_wconf 87' lang='lat' dir='ltr'>pro-</span> 
     </span>
    </p>
   </div>
   <div class='ocr_carea' id='block_1_143' title="bbox 2063 4862 3698 4990">
    <p class='ocr_par' dir='ltr' id='par_1_143' title="bbox 2063 4862 3698 4990">
     <span class='ocr_line' id='line_1_144' title="bbox 2063 4862 3698 4990; baseline -0.001 -70"><span class='ocrx_word' id='word_1_957' title='bbox 2063 4865 2504 4937; x_wconf 87' lang='lat' dir='ltr'>pterjustitiam</span> <span class='ocrx_word' id='word_1_958' title='bbox 2543 4864 3022 4990; x_wconf 67' lang='lat' dir='ltr'>(persecutionem</span> <span class='ocrx_word' id='word_1_959' title='bbox 3073 4862 3404 4934; x_wconf 77' lang='lat' dir='ltr'>patiuntur,</span> <span class='ocrx_word' id='word_1_960' title='bbox 3446 4886 3473 4913; x_wconf 87' lang='lat'><strong>»</strong></span> <span class='ocrx_word' id='word_1_961' title='bbox 3526 4862 3698 4934; x_wconf 67' lang='lat' dir='ltr'>capo-</span> 
     </span>
     <span class='ocr_line' id='line_1_145' title="bbox 2063 4936 3698 4990; baseline 0 0"><span class='ocrx_word' id='word_1_962' title='bbox 2063 4938 2253 4990; x_wconf 90' lang='lat' dir='ltr'>nenda</span> <span class='ocrx_word' id='word_1_963' title='bbox 2285 4937 2509 4990; x_wconf 88' lang='lat' dir='ltr'>diutius</span> <span class='ocrx_word' id='word_1_964' title='bbox 2589 4936 2812 4990; x_wconf 88' lang='lat' dir='ltr'>lcmens</span> <span class='ocrx_word' id='word_1_965' title='bbox 2836 4936 3698 4990; x_wconf 86' lang='lat' dir='ltr'>immoratur.orobatoueillos</span> 
     </span>
    </p>
   </div>
   <div class='ocr_carea' id='block_1_144' title="bbox 2061 4936 3698 5006">
    <p class='ocr_par' dir='ltr' id='par_1_144' title="bbox 2061 4936 3698 5006">
     <span class='ocr_line' id='line_1_146' title="bbox 2061 4936 3698 5006; baseline -0.001 -14"><span class='ocrx_word' id='word_1_966' title='bbox 2061 4936 2253 4993; x_wconf 87' lang='lat' dir='ltr'>nenda</span> <span class='ocrx_word' id='word_1_967' title='bbox 2285 4937 2509 4992; x_wconf 90' lang='lat' dir='ltr'>diutius</span> <span class='ocrx_word' id='word_1_968' title='bbox 2543 4936 2812 4991; x_wconf 88' lang='lat' dir='ltr'>Clemens</span> <span class='ocrx_word' id='word_1_969' title='bbox 2836 4936 3543 5006; x_wconf 87' lang='lat' dir='ltr'>immoratur,probatque</span> <span class='ocrx_word' id='word_1_970' title='bbox 3564 4937 3698 4992; x_wconf 89' lang='lat' dir='ltr'>illos</span> 
     </span>
    </p>
   </div>
   <div class='ocr_carea' id='block_1_145' title="bbox 2061 5007 3696 5079">
    <p class='ocr_par' dir='ltr' id='par_1_145' title="bbox 2061 5007 3696 5079">
     <span class='ocr_line' id='line_1_147' title="bbox 2061 5007 3696 5079; baseline -0.001 -14"><span class='ocrx_word' id='word_1_971' title='bbox 2061 5027 2190 5065; x_wconf 87' lang='lat' dir='ltr'>esse</span> <span class='ocrx_word' id='word_1_972' title='bbox 2213 5010 2310 5079; x_wconf 91' lang='lat' dir='ltr'>qui</span> <span class='ocrx_word' id='word_1_973' title='bbox 2337 5009 2587 5064; x_wconf 83' lang='lat' dir='ltr'>inﬂictos</span> <span class='ocrx_word' id='word_1_974' title='bbox 2607 5013 2841 5079; x_wconf 90' lang='lat' dir='ltr'>propter</span> <span class='ocrx_word' id='word_1_975' title='bbox 2857 5007 3247 5062; x_wconf 87' lang='lat' dir='ltr'>Christianam</span> <span class='ocrx_word' id='word_1_976' title='bbox 3274 5009 3696 5078; x_wconf 86' lang='lat' dir='ltr'>professionem</span> 
     </span>
    </p>
   </div>
   <div class='ocr_carea' id='block_1_146' title="bbox 2058 5079 3696 5150">
    <p class='ocr_par' dir='ltr' id='par_1_146' title="bbox 2058 5079 3696 5150">
     <span class='ocr_line' id='line_1_148' title="bbox 2058 5079 3696 5150; baseline -0.001 -14"><span class='ocrx_word' id='word_1_977' title='bbox 2058 5081 2355 5137; x_wconf 89' lang='lat' dir='ltr'>cruciatus</span> <span class='ocrx_word' id='word_1_978' title='bbox 2377 5079 2665 5136; x_wconf 88' lang='lat' dir='ltr'>constanti</span> <span class='ocrx_word' id='word_1_979' title='bbox 2695 5079 2976 5150; x_wconf 87' lang='lat' dir='ltr'>patientia</span> <span class='ocrx_word' id='word_1_980' title='bbox 3004 5084 3061 5134; x_wconf 92' lang='lat' dir='ltr'>et</span> <span class='ocrx_word' id='word_1_981' title='bbox 3101 5095 3316 5150; x_wconf 88' lang='lat' dir='ltr'>magna</span> <span class='ocrx_word' id='word_1_982' title='bbox 3363 5081 3541 5136; x_wconf 89' lang='lat' dir='ltr'>animi</span> <span class='ocrx_word' id='word_1_983' title='bbox 3574 5081 3696 5134; x_wconf 86' lang='lat' dir='ltr'>ala-</span> 
     </span>
    </p>
   </div>
   <div class='ocr_carea' id='block_1_147' title="bbox 2061 5150 3695 5223">
    <p class='ocr_par' dir='ltr' id='par_1_147' title="bbox 2061 5150 3695 5223">
     <span class='ocr_line' id='line_1_149' title="bbox 2061 5150 3695 5223; baseline -0.001 -15"><span class='ocrx_word' id='word_1_984' title='bbox 2061 5155 2261 5208; x_wconf 83' lang='lat' dir='ltr'>critate</span> <span class='ocrx_word' id='word_1_985' title='bbox 2294 5153 2607 5208; x_wconf 88' lang='lat' dir='ltr'>sustinent.</span> <span class='ocrx_word' id='word_1_986' title='bbox 2641 5150 2914 5216; x_wconf 66' lang='lat' dir='ltr'>Quaelibet</span> <span class='ocrx_word' id='word_1_987' title='bbox 2937 5156 3129 5206; x_wconf 88' lang='lat' dir='ltr'>autem</span> <span class='ocrx_word' id='word_1_988' title='bbox 3173 5152 3436 5215; x_wconf 89' lang='lat' dir='ltr'>tentatio,</span> <span class='ocrx_word' id='word_1_989' title='bbox 3483 5152 3695 5223; x_wconf 88' lang='lat' dir='ltr'>inquit,</span> 
     </span>
    </p>
   </div>
   <div class='ocr_carea' id='block_1_148' title="bbox 2060 5223 3696 5294">
    <p class='ocr_par' dir='ltr' id='par_1_148' title="bbox 2060 5223 3696 5294">
     <span class='ocr_line' id='line_1_150' title="bbox 2060 5223 3696 5294; baseline -0.001 -15"><span class='ocrx_word' id='word_1_990' title='bbox 2060 5231 2148 5281; x_wconf 84' lang='lat' dir='ltr'>est</span> <span class='ocrx_word' id='word_1_991' title='bbox 2179 5225 2406 5281; x_wconf 89' lang='lat' dir='ltr'>occasio</span> <span class='ocrx_word' id='word_1_992' title='bbox 2439 5223 2722 5294; x_wconf 81' lang='lat' dir='ltr'>martyrii,</span> <span class='ocrx_word' id='word_1_993' title='bbox 2768 5227 2825 5278; x_wconf 91' lang='lat' dir='ltr'>et</span> <span class='ocrx_word' id='word_1_994' title='bbox 2873 5223 2973 5293; x_wconf 90' lang='lat' dir='ltr'>qui</span> <span class='ocrx_word' id='word_1_995' title='bbox 3019 5223 3112 5277; x_wconf 91' lang='lat' dir='ltr'>Dei</span> <span class='ocrx_word' id='word_1_996' title='bbox 3146 5225 3439 5278; x_wconf 86' lang='lat' dir='ltr'>mandatis</span> <span class='ocrx_word' id='word_1_997' title='bbox 3473 5240 3696 5278; x_wconf 88' lang='lat' dir='ltr'>morem</span> 
     </span>
    </p>
   </div>
   <div class='ocr_carea' id='block_1_149' title="bbox 2061 5295 3695 5366">
    <p class='ocr_par' dir='ltr' id='par_1_149' title="bbox 2061 5295 3695 5366">
     <span class='ocr_line' id='line_1_151' title="bbox 2061 5295 3695 5366; baseline -0.002 -14"><span class='ocrx_word' id='word_1_998' title='bbox 2061 5314 2174 5352; x_wconf 91' lang='lat' dir='ltr'>non</span> <span class='ocrx_word' id='word_1_999' title='bbox 2209 5298 2380 5364; x_wconf 87' lang='lat' dir='ltr'>gerit,</span> <span class='ocrx_word' id='word_1_1000' title='bbox 2442 5295 2536 5351; x_wconf 90' lang='lat' dir='ltr'>hic</span> <span class='ocrx_word' id='word_1_1001' title='bbox 2566 5295 2752 5350; x_wconf 89' lang='lat' dir='ltr'>Deum</span> <span class='ocrx_word' id='word_1_1002' title='bbox 2803 5295 3103 5364; x_wconf 87' lang='lat' dir='ltr'>negandos</span> <span class='ocrx_word' id='word_1_1003' title='bbox 3135 5295 3394 5366; x_wconf 88' lang='lat' dir='ltr'>seipsum</span> <span class='ocrx_word' id='word_1_1004' title='bbox 3424 5297 3695 5362; x_wconf 84' lang='lat' dir='ltr'>abnegat,</span> 
     </span>
    </p>
   </div>
   <div class='ocr_carea' id='block_1_150' title="bbox 2059 5365 3697 5438">
    <p class='ocr_par' dir='ltr' id='par_1_150' title="bbox 2059 5365 3697 5438">
     <span class='ocr_line' id='line_1_152' title="bbox 2059 5365 3697 5438; baseline -0.001 -15"><span class='ocrx_word' id='word_1_1005' title='bbox 2059 5376 2264 5438; x_wconf 90' lang='lat' dir='ltr'>estque</span> <span class='ocrx_word' id='word_1_1006' title='bbox 2297 5368 2550 5423; x_wconf 89' lang='lat' dir='ltr'>infidelis</span> <span class='ocrx_word' id='word_1_1007' title='bbox 2573 5381 2628 5421; x_wconf 81' lang='lat' dir='ltr'>et</span> <span class='ocrx_word' id='word_1_1008' title='bbox 2652 5367 3010 5438; x_wconf 66' lang='lat' dir='ltr'>hypocrita”.</span> <span class='ocrx_word' id='word_1_1009' title='bbox 3039 5368 3110 5420; x_wconf 89' lang='lat' dir='ltr'>At</span> <span class='ocrx_word' id='word_1_1010' title='bbox 3142 5367 3241 5436; x_wconf 90' lang='lat' dir='ltr'>qui</span> <span class='ocrx_word' id='word_1_1011' title='bbox 3269 5365 3450 5420; x_wconf 89' lang='lat' dir='ltr'>Deum</span> <span class='ocrx_word' id='word_1_1012' title='bbox 3485 5366 3697 5436; x_wconf 85' lang='lat' dir='ltr'>diligit,</span> 
     </span>
    </p>
   </div>
   <div class='ocr_carea' id='block_1_151' title="bbox 2058 5438 3696 5511">
    <p class='ocr_par' dir='ltr' id='par_1_151' title="bbox 2058 5438 3696 5511">
     <span class='ocr_line' id='line_1_153' title="bbox 2058 5438 3696 5511; baseline -0.001 -17"><span class='ocrx_word' id='word_1_1013' title='bbox 2058 5440 2314 5510; x_wconf 86' lang='lat' dir='ltr'>seipsum</span> <span class='ocrx_word' id='word_1_1014' title='bbox 2339 5439 2551 5510; x_wconf 88' lang='lat' dir='ltr'>diligit,</span> <span class='ocrx_word' id='word_1_1015' title='bbox 2575 5444 2630 5494; x_wconf 87' lang='lat' dir='ltr'>et</span> <span class='ocrx_word' id='word_1_1016' title='bbox 2651 5439 2748 5511; x_wconf 89' lang='lat' dir='ltr'>qui</span> <span class='ocrx_word' id='word_1_1017' title='bbox 2797 5455 2900 5510; x_wconf 91' lang='lat' dir='ltr'>pro</span> <span class='ocrx_word' id='word_1_1018' title='bbox 2937 5438 3163 5495; x_wconf 88' lang='lat' dir='ltr'>Christo</span> <span class='ocrx_word' id='word_1_1019' title='bbox 3186 5438 3486 5511; x_wconf 88' lang='lat' dir='ltr'>Servatore</span> <span class='ocrx_word' id='word_1_1020' title='bbox 3518 5439 3696 5494; x_wconf 91' lang='lat' dir='ltr'>mori-</span> 
     </span>
    </p>
   </div>
   <div class='ocr_carea' id='block_1_152' title="bbox 2059 5510 3695 5584">
    <p class='ocr_par' dir='ltr' id='par_1_152' title="bbox 2059 5510 3695 5584">
     <span class='ocr_line' id='line_1_154' title="bbox 2059 5510 3695 5584; baseline -0.002 -18"><span class='ocrx_word' id='word_1_1021' title='bbox 2059 5515 2174 5577; x_wconf 88' lang='lat' dir='ltr'>tur,</span> <span class='ocrx_word' id='word_1_1022' title='bbox 2209 5518 2447 5584; x_wconf 86' lang='lat' dir='ltr'>propter</span> <span class='ocrx_word' id='word_1_1023' title='bbox 2477 5529 2644 5568; x_wconf 90' lang='lat' dir='ltr'>suam</span> <span class='ocrx_word' id='word_1_1024' title='bbox 2675 5510 2948 5566; x_wconf 89' lang='lat' dir='ltr'>moritur</span> <span class='ocrx_word' id='word_1_1025' title='bbox 2973 5511 3222 5584; x_wconf 71' lang='lat' dir='ltr'>salutem</span> <span class='ocrx_word' id='word_1_1026' title='bbox 3267 5514 3324 5584; x_wconf 72' lang='lat' dir='ltr'>et</span> <span class='ocrx_word' id='word_1_1027' title='bbox 3363 5510 3544 5584; x_wconf 74' lang='lat' dir='ltr'>irater</span> <span class='ocrx_word' id='word_1_1028' title='bbox 3595 5528 3695 5584; x_wconf 83' lang='lat' dir='ltr'>ap-</span> 
     </span>
    </p>
   </div>
   <div class='ocr_carea' id='block_1_153' title="bbox 2056 5580 3696 5660">
    <p class='ocr_par' dir='ltr' id='par_1_153' title="bbox 2056 5580 3696 5660">
     <span class='ocr_line' id='line_1_155' title="bbox 2056 5580 3696 5660; baseline -0.002 -20"><span class='ocrx_word' id='word_1_1029' title='bbox 2056 5580 2336 5656; x_wconf 53' lang='lat' dir='ltr'>pellatur:</span> <span class='ocrx_word' id='word_1_1030' title='bbox 2362 5585 2705 5655; x_wconf 89' lang='lat' dir='ltr'>Quicunque</span> <span class='ocrx_word' id='word_1_1031' title='bbox 2737 5598 2909 5654; x_wconf 87' lang='lat' dir='ltr'>porro</span> <span class='ocrx_word' id='word_1_1032' title='bbox 2942 5580 3249 5660; x_wconf 64' lang='lat' dir='ltr'>man&#39;data‘</span> <span class='ocrx_word' id='word_1_1033' title='bbox 3273 5581 3375 5638; x_wconf 92' lang='lat' dir='ltr'>Dei</span> <span class='ocrx_word' id='word_1_1034' title='bbox 3431 5581 3696 5654; x_wconf 76' lang='lat' dir='ltr'>exsequi-</span> 
     </span>
    </p>
   </div>
   <div class='ocr_carea' id='block_1_154' title="bbox 2773 5689 3688 5798">
    <p class='ocr_par' dir='ltr' id='par_1_154' title="bbox 2773 5689 3688 5798">
     <span class='ocr_line' id='line_1_156' title="bbox 2773 5689 3688 5798; baseline -0.001 -18"><span class='ocrx_word' id='word_1_1035' title='bbox 2773 5726 2985 5797; x_wconf 64' lang='lat' dir='ltr'>p.483.</span> <span class='ocrx_word' id='word_1_1036' title='bbox 3095 5689 3196 5796; x_wconf 53' lang='lat'>1}).</span> <span class='ocrx_word' id='word_1_1037' title='bbox 3226 5691 3370 5780; x_wconf 53' lang='lat'>1.8.;</span> <span class='ocrx_word' id='word_1_1038' title='bbox 3425 5724 3533 5798; x_wconf 69' lang='grc' dir='ltr'>ἰ).</span> <span class='ocrx_word' id='word_1_1039' title='bbox 3565 5726 3688 5781; x_wconf 69' lang='grc'>485.</span> 
     </span>
    </p>
   </div>
   <div class='ocr_carea' id='block_1_155' title="bbox 2455 5727 2744 5782">
    <p class='ocr_par' dir='ltr' id='par_1_155' title="bbox 2455 5727 2744 5782">
     <span class='ocr_line' id='line_1_157' title="bbox 2455 5727 2744 5782; baseline -0.007 0"><span class='ocrx_word' id='word_1_1040' title='bbox 2455 5771 2466 5782; x_wconf 91' lang='grc'><strong>.</strong></span> <span class='ocrx_word' id='word_1_1041' title='bbox 2501 5727 2621 5781; x_wconf 70' lang='grc'>482.</span> <span class='ocrx_word' id='word_1_1042' title='bbox 2699 5727 2744 5761; x_wconf 71' lang='lat'>’9</span> 
     </span>
    </p>
   </div>
  </div>
