4148 6202
402 224 540 283 1023

1109 229 1185 282 IN
1221 227 1669 283 CLEMENTEM
1704 229 1899 282 ALEX
1936 225 2002 281 D.
2042 226 2134 283 LE
2173 225 2469 282 NOURRY
2507 225 2988 282 DISSERTATIO
3025 226 3099 277 II.

3674 223 3824 280 1024

402 359 515 420 tur,
549 353 600 408 is
632 352 945 424 ipsiusmet
982 351 1108 420 Dei,
1152 351 1245 407 cui
1291 351 1496 421 credit,
1531 355 1749 422 martyr
1778 356 1836 407 et
1877 350 2042 407 testis
2071 351 2126 418 Α
2159 349 2256 405 nia
2285 350 2549 424 Charitas,
2573 353 2631 405 ct
2662 366 2772 420 pax
2802 346 3108 424 Christiin
3143 347 3412 424 omnium
3449 350 3637 424 gratis
3674 367 3827 424 erga

404 431 513 480 est.

479 496 541 550 In
574 512 673 550 eos
703 494 901 565 itaque
932 495 1033 566 qui
1083 495 1424 566 martyrium
1483 495 1874 549 condemnant
1922 492 2050 549 Cle-

405 583 573 622 mens
597 568 868 636 insurgit,
899 567 1094 636 aitque
1123 565 1252 621 illos
1277 565 1500 620 nescire
1533 572 1584 619 et
1619 566 1760 620 illud
1795 582 1924 620 esse
1955 580 2049 618 ve-

407 655 481 692 rae
510 638 640 692 vitae
676 639 1056 709 principium,
1090 644 1145 692 et
1179 639 1270 709 pie
1293 637 1621 709 viventibus
1646 638 1894 709 honores
1919 641 2051 708 post

407 707 688 772 mortem,
715 707 883 764 sicut
911 714 968 764 et
1018 707 1216 780 impiis
1254 708 1566 780 supplicia,
1617 707 1849 763 decerni
1872 707 1934 763 ‘°.
1985 709 2051 762 Et

407 781 515 836 hoc
547 781 780 852 quidem
815 783 884 835 ab
935 781 1034 835 illo
1084 797 1196 836 non
1237 781 1429 836 solum
1491 798 1558 835 ex
1615 782 1798 835 sacris
1833 781 2050 834 nostris

405 854 766 916 auctoribus,
800 853 899 906 sed
950 854 1125 906 etiam
1173 853 1440 923 paganis,
1492 852 1764 906 videlicet
1811 852 2049 906 Theano

410 923 787 993 Pythagorica
817 928 874 977 et
904 923 1164 991 Platone,
1199 925 1506 992 probatur.
1558 923 1701 977 Hinc
1736 930 2048 992 postquam

407 996 713 1065 castigavit
744 994 1092 1065 Telephum,
1140 997 1241 1066 qui
1285 995 1517 1048 unicam
1554 1012 1682 1049 esse
1710 995 1780 1066 ad
1833 994 2050 1066 inferos

406 1066 561 1120 viam
620 1067 865 1132 dixerat,
913 1065 1170 1136 planum
1203 1067 1482 1122 omnibus
1531 1082 1597 1120 ex
1644 1065 2050 1136 Aristophane,

407 1137 776 1207 Epicharmo,
808 1143 985 1208 atque
1015 1155 1082 1193 ex
1114 1137 1382 1193 Matthaao
1404 1144 1459 1192 et
1481 1136 1658 1192 Paulo
1680 1137 1838 1203 facit,
1873 1153 2050 1207 quam

408 1208 630 1274 infelix,
665 1207 905 1263 misera,
929 1215 984 1264 et
1045 1209 1232 1264 brevis
1277 1209 1353 1263 sit
1384 1208 1706 1262 inﬁdelium
1743 1207 2048 1262 hominum

406 1280 543 1333 vita.
581 1281 786 1335 Verum
819 1291 970 1336 recte
1001 1297 1106 1335 nos
1138 1280 1569 1335 admonetinde
1592 1296 1725 1334 cum
1760 1280 2052 1334 Marcione

409 1350 640 1406 nullum
671 1351 884 1406 inferre
923 1369 1095 1424 posse
1126 1351 1361 1424 malam,
1393 1368 1518 1406 esse
1560 1355 1909 1424 creaturam,
1951 1351 2051 1424 sed

408 1439 507 1477 eos
542 1439 736 1478 revera
780 1439 907 1478 esse
952 1424 1152 1479 beatos
1182 1428 1240 1478 et
1272 1423 1487 1492 felices,
1521 1423 1621 1492 qui
1655 1423 1933 1494 martyrio
1963 1423 2049 1476 vi-

407 1498 525 1548 tam
561 1495 862 1565 posuerint
882 1498 945 1547 Η.

477 1563 601 1620 Non
636 1565 910 1620 audiendi
941 1566 1141 1636 itaque
1172 1565 1207 1618 ii
1238 1568 1400 1630 sunt,
1434 1565 1534 1635 qui
1570 1563 1692 1618 ﬁeri
1725 1581 1840 1620 non
1878 1579 2050 1636 posse

406 1637 742 1691 existimant
773 1643 838 1690 ut
867 1635 1163 1691 imbecilla
1191 1653 1325 1690 caro
1359 1637 1747 1705 potestatibus
1777 1641 1833 1690 et
1857 1635 2046 1690 domi-

409 1708 714 1762 nationum
741 1708 1047 1778 spiritibus
1074 1709 1330 1762 resistat.
1354 1709 1494 1762 Nam
1520 1707 1575 1762 id
1609 1707 1707 1762 Dei
1735 1725 1842 1768 ope
1866 1713 1921 1762 et
1943 1723 2046 1761 au-
2078 1711 2126 1775 B

407 1779 546 1833 xilio
571 1779 849 1833 omnibus
872 1781 1040 1835 facile
1062 1785 1168 1844 est,
1196 1780 1366 1834 modo
1386 1785 1582 1834 tamen
1606 1780 1662 1833 in
1686 1795 1752 1833 eo
1770 1780 2046 1834 ﬁduciam

409 1851 681 1904 habeant.
719 1850 823 1912 Qui
848 1867 1000 1913 vero,
1035 1851 1189 1920 quod
1218 1856 1273 1905 et
1306 1851 1412 1905 hoc
1445 1852 1638 1920 ipsum
1672 1867 1785 1904 non
1821 1852 1899 1905 ita
1943 1851 2048 1904 dif-

405 1921 640 1976 ﬁciliter
671 1937 840 1992 posse
865 1923 985 1976 ﬁeri
1019 1928 1221 1976 auctor
1252 1929 1449 1976 noster
1498 1938 1857 1993 paganorum
1912 1938 2047 1992 poe-

405 1998 597 2047 tarum
636 2000 690 2046 et
721 1993 970 2048 aliorum
999 1993 1356 2058 testimonio,
1381 1998 1555 2063 atque
1577 1995 1704 2061 ipso
1735 1995 1909 2048 etiam
1957 1993 2047 2047 ln-

405 2065 612 2118 dorum
651 2064 1131 2136 philosophorum
1167 2065 1432 2135 ex'emplo
1463 2065 1875 2120 conﬁrmat"?
1903 2065 2047 2120 Cum

407 2141 625 2200 autem,
654 2143 800 2208 teste
826 2136 1109 2192 Heraclito
1161 2141 1347 2208 poeta,
1373 2152 1674 2208 servorum
1695 2137 1771 2190 sit
1802 2141 2048 2190 mortem

408 2209 634 2278 timere,
670 2207 935 2263 Clemens
975 2224 1043 2262 ex
1099 2209 1376 2278 Apostolo
1435 2208 1604 2262 docet
1652 2207 2048 2263 Christianum

410 2294 518 2332 nec
543 2277 757 2334 habere
779 2279 1031 2350 amplius
1054 2277 1348 2334 servitutis
1371 2280 1641 2349 spiritum
1667 2279 1724 2333 in
1758 2280 2050 2350 timorem,

411 2366 518 2405 nec
551 2351 770 2405 servire
814 2349 1076 2421 peccato,
1109 2352 1207 2405 sed
1241 2351 1690 2421 illumrvirtutis,
1723 2349 2050 2405 dilectionis

410 2420 1110 2477 etsobrietatisdonatum
1135 2438 1263 2477 esse
1285 2420 1493 2492 spiritu
1517 2438 1628 2491 quo
1654 2423 1855 2476 omnia
1875 2423 2051 2475 etiam

411 2493 734 2547 durissima
751 2493 1033 2562 patienter
1064 2493 1651 2562 ferendo,beatus,uti
1673 2494 1922 2564 dejusto
1944 2493 2044 2547 ho-

412 2564 572 2619 mine
593 2565 799 2619 scribit
831 2565 1007 2634 Plato,
1044 2567 1273 2620 futurus
1300 2571 1408 2619 est.

489 2658 510 2685 ι
536 2635 889 2692 Gnosticus»
918 2633 2049 2706 igituretiamsialticiaturcontumeliis,

413 2706 762 2778 spoliatione
795 2709 1100 2771 bonorum,
1126 2708 1329 2762 exsilio
1353 2713 1408 2761 et
1431 2713 1635 2774 morte,
1663 2707 2051 2761 nihilominus

351 2835 357 2841 ,
413 2797 448 2834 a
477 2779 741 2834 libertate
771 2785 828 2834 et
857 2797 889 2833 a
919 2796 1155 2834 summa
1177 2781 1233 2832 in
1265 2781 1441 2833 Deum
1462 2779 1763 2838 charitate.
1793 2795 1918 2848 quze
1943 2783 2053 2831 ter-

415 2850 534 2904 tius
558 2851 930 2920 perfectionis
954 2850 1116 2904 illius
1137 2852 1356 2920 gradus
1396 2855 1504 2917 est,
1528 2865 1836 2920 nunquam
1880 2848 2053 2903 dive-1

413 2922 645 2977 letor”.
672 2921 989 2978 Gentillum
1016 2927 1207 2977 autem
1261 2922 1360 2993 qui
1389 2921 1585 2976 omnia
1610 2922 1768 2975 fatali
1803 2921 2054 2993 necessi-

413 2998 532 3047 tate
565 2994 837 3050 obvenire
883 2992 1336 3061 somniaverant,
1369 2993 1748 3059 pervicaciam
1790 2992 2056 3047 Clemens

2161 427 2340 478 Deum
2373 422 2648 477 cordibus
2680 425 2883 491 regnet
2907 421 2969 473 ¹⁸.
3017 423 3204 491 Atque
3234 420 3552 493 ibihobiter
3592 420 3824 493 ingrati

2159 493 2218 548 in
2251 493 2530 565 Opiﬁcem
2555 493 2868 548 Marcionis
2889 507 3147 546 errorem
3181 491 3416 547 refellit.

2232 583 2312 637 Ex
2345 580 2436 636 his
2467 581 2691 652 itaque,
2715 579 2905 653 inquit
2930 580 3050 653 ille,
3074 579 3300 651 liquido
3319 579 3826 653 intelligiturquas

2163 654 2238 707 sit
2289 655 2419 706 ﬁdei
2464 651 2660 706 unitas
2719 657 2774 706 et
2805 651 3161 706 Christiana
3203 652 3500 722 perfectio.
3525 651 3818 717 Quocirca

2161 724 2813 794 quilibetChristianus,
2838 725 2957 778 sive
2992 724 3098 790 vir,
3146 725 3266 778 sive
3298 723 3531 792 mulier,
3571 726 3816 779 tametsi

2161 797 2444 850 bonorum
2476 812 2540 850 ac
2575 795 2913 850 facultatum
2947 796 3213 849 omnium
3249 795 3484 864 jactura
3515 802 3823 851 extrema-

2161 884 2274 934 que
2316 867 2603 938 supplicia
2645 867 3015 938 immineant,
3067 882 3376 935 nunquam
3420 884 3454 921 a
3502 867 3818 938 religione,

2162 941 2374 1010 pietate
2405 937 2462 992 et
2491 954 2624 992 vero
2660 939 2753 992 Dei
2788 937 2945 992 cultu
2981 939 3388 1000 deterrebitur,
3438 937 3706 1010 atquein
3744 939 3818 994 iis

2161 1009 2349 1080 usque
2370 1012 2437 1063 ad
2472 1015 2715 1064 mortem
2748 1025 2814 1063 eo
2845 1012 3214 1063 constantius
3248 1009 3664 1080 perseverabit,
3699 1027 3818 1080 quo

2161 1083 2351 1153 magis
2383 1081 2549 1153 illum
2583 1080 2763 1153 aliqui
2798 1080 2988 1153 abiis
3039 1095 3232 1134 arcere
3283 1082 3478 1153 conati
3514 1082 3815 1153 fuerint“.

2159 1151 2359 1223 Neque
2381 1152 2536 1207 enim
2570 1153 2642 1206 ad
2666 1151 2824 1223 aliud
2859 1151 2956 1206 ille
2978 1167 3240 1222 unquam
3260 1151 3815 1223 collineabit,quam

2161 1226 2230 1279 ad
2256 1221 2310 1278 id
2345 1225 2496 1294 quod
2533 1227 2685 1278 recte
2717 1221 3095 1291 honesteque,
3119 1221 3404 1293 quidquid
3451 1222 3596 1294 aliis
3640 1221 3819 1279 secus

2160 1293 2446 1361 videatur,
2481 1295 2602 1349 ﬁeri
2646 1294 2797 1348 118
2832 1299 3038 1364 potest.
3077 1295 3235 1358 Quod
3271 1294 3509 1364 quidem
3541 1293 3820 1350 Clemens

2160 1367 2351 1421 ﬁrmat
2383 1366 2725 1420 auctoritate
2759 1365 3119 1435 Epicuri,qui
3167 1365 3368 1420 docuit
3426 1367 3498 1422 ab
3532 1367 3820 1424 omnibus

2159 1443 2218 1494 et
2248 1438 2405 1493 omni
2437 1443 2699 1507 tempore
2729 1437 3292 1506 philosophandum.

2232 1529 2380 1582 Tum
2403 1525 2678 1580 continuo
2703 1524 2796 1579 iile
2837 1525 3007 1580 nobis
3040 1523 3270 1580 exhibet
3305 1524 3522 1581 Christi
3571 1525 3820 1582 Domini

2161 1599 2230 1654 de
2264 1598 2538 1669 martyrio
2589 1596 2938 1669 publicaque
2993 1600 3224 1669 nostra}
3257 1597 3388 1651 ﬁdei
3441 1597 3824 1654 confessione

2157 1667 2488 1740 verba,qua3
2517 1667 2963 1723 ab’lleracleone
2987 1667 3195 1740 partim
3217 1668 3381 1738 bene,
3410 1669 3623 1740 partim
3667 1670 3821 1725 male

2157 1741 2430 1813 explicari
2465 1741 2956 1813 demonstr_at,yac
3008 1741 3244 1813 tandem
3297 1740 3646 1813 martyrium
3706 1741 3819 1796 sibi

2159 1810 2534 1886 peccatorum
2567 1827 2697 1865 cum
2731 1810 2917 1886 gloria
2942 1827 3002 1865 ex
3019 1811 3432 1886 purgationem
3458 1810 3645 1886 videri
3676 1828 3819 1867 con-

2159 1883 2424 1940 cludit”.
2464 1887 2602 1953 Eam,
2640 1899 2780 1936 sane
2812 1883 2884 1937 ob
2928 1899 3164 1938 causam
3192 1883 3436 1953 apostoli
3484 1883 3816 1951 Christum,

2158 1957 2259 2027 qui
2286 1971 2384 2027 pro
2404 1952 2751 2027 infidelibus
2785 1954 2988 2027 mortis
3020 1977 3046 2002 «
3073 1952 3311 2027 calicem
3336 1954 3484 2008 bibit
3507 1976 3536 2027 φ
3566 1954 3814 2010 imitan-

2159 2025 2380 2099 tes,pro
2399 2026 2471 2080 iis
2491 2042 2639 2096 quas
2664 2025 3054 2099 fundaverant
3075 2025 3340 2081 ecclesiis
3369 2025 3536 2099 passi
3561 2032 3721 2082 sunt.
3747 2027 3816 2081 Il-

2161 2096 2351 2155 lorum
2378 2102 2572 2153 autem
2595 2096 3214 2168 vestigiisinsistentes
3247 2096 3562 2168 «gnostici,
3581 2121 3601 2144 -
3632 2103 3814 2154 vitam

2160 2175 2342 2244 agunt
2369 2171 2509 2244 adeo
2532 2173 2821 2244 _sanctam_
2857 2172 2913 2244 et
2952 2185 3000 2244 a_
3022 2173 3255 2244 peccato
3279 2170 3363 2244 sic
3389 2169 3736 2244 alienamﬂut
3767 2170 3816 2225 si

2159 2239 2333 2298 casus
2365 2240 2579 2312 aliquis
2630 2257 2732 2312 pro
2782 2239 3042 2295 Ecclesia
3100 2240 3357 2312 patiendi
3415 2256 3540 2296 sese
3582 2242 3816 2312 oti‘erat,

2158 2319 2298 2370 tunc
2330 2330 2432 2385 pro
2464 2313 2563 2367 Dei
2597 2329 2790 2367 amore
2819 2316 3108 2368 tormenta
3123 2319 3490 2382 mortemque
3513 2313 3816 2368 obeant“.

2231 2401 2502 2458 Christus
2535 2401 2732 2464 itaque
2765 2400 2864 2472 ubi
2905 2416 3004 2456 eos
3036 2400 3177 2456 dicit
3208 2417 3335 2456 esse
3368 2401 3680 2472 fugiendos
3714 2401 3819 2472 qui

2160 2491 2266 2529 nos
2313 2496 2333 2522 ι
2373 2473 2660 2543 persecuti
2704 2471 2943 2543 fuerint,
2989 2494 3014 2521 n
3059 2471 3152 2528 his
3176 2472 3414 2543 quidem
3464 2473 3665 2529 verbis
3698 2471 3815 2528 non

2161 2542 2454 2617 significat
2478 2544 2698 2599 malum
2719 2559 2846 2598 esse
2877 2542 3167 2617 aliquodc
3196 2542 3664 2617 persecutionem
3694 2566 3718 2596 ι
3744 2561 3812 2598 ac

2163 2614 2408 2672 mortem
2443 2633 2544 2686 pro
2579 2617 2701 2684 ipso
2733 2638 2758 2664 «
2793 2614 2945 2686 pati;
2979 2635 3004 2667 1
3046 2615 3146 2670 sed
3180 2615 3349 2670 nobis
3380 2616 3708 2670 cavendum
3746 2632 3819 2671 ne

2161 2693 2379 2743 temere
2401 2693 2458 2742 et
2489 2686 2820 2741 inconsulto
2844 2690 3009 2741 certae
3044 2687 3217 2742 morti
3243 2686 3394 2741 ultro
3421 2703 3526 2741 nos
3559 2687 3818 2742 oﬂ‘eren-

2161 2765 2273 2827 tes,
2305 2759 2568 2830 tyrannis
2603 2757 2876 2828 peccandi
2910 2763 3087 2829 atque
3119 2758 3337 2830 injuste
3359 2775 3468 2830 nos
3489 2757 3819 2814 inteﬁcien-

2163 2831 2220 2886 di
2254 2829 2613 2886 occasionem
2642 2829 3024 2898 praebeamus.
3056 2834 3243 2900 Atque
3275 2829 3342 2883 ad
3391 2829 3448 2883 id
3507 2829 3818 2886 efﬁcacius

2163 2902 2580 2957 stabiliendum
2614 2900 2828 2956 Christi
2873 2901 3058 2956 utitur
3115 2901 3482 2966 auctoritate,
3542 2918 3665 2972 qua
3719 2902 3819 2958 ille

2166 2973 2449 3030 auferenti
2483 2972 2723 3044 pallium
2759 2973 3033 3044 praecepit
3063 2972 3185 3027 dari
3218 2978 3273 3027 et
3304 2973 3592 3029 tunicam.

415 3065 914 3145 obiter‘increpat.
949 3065 1211 3145 Subinde
1238 3060 1373 3120 vero
1414 3065 1779 3145 his,_inqu_it,
1831 3065 1930 3145 qui
1980 3064 2048 3145 ad
2085 3077 2128 3145 α
2169 3133 2203 3145 γ,
2233 3061 2723 3145 At,inquiehant,
2774 3077 2878 3116 cur
2905 3060 3380 3145 Christianitor‘ti
3401 3067 3544 3117 sunt
3565 3066 3819 3145 etneea-

412 3135 822 3208 perfectionem
857 3138 1241 3200 contendunt,
1294 3135 1716 3208 proponitur'ﬁ
1767 3137 1968 3207 γνῶσις
2017 3135 2052 3203 ἡ

413 3205 632 3280 λογική,
655 3209 922 3280 cognitio
955 3208 1279 3274 rationalis,
1296 3205 1470 3277 cujus
1494 3205 2057 3280 fundamentumest

413 3278 617 3333 sancta
635 3279 915 3340 Trinitas,
949 3280 1115 3344 ﬁdes,
1150 3296 1306 3348 spes,
1335 3287 1392 3334 et
1423 3285 1670 3349 utraque
1703 3281 1890 3346 major
1920 3278 2056 3332 cha-

412 3351 579 3420 ritas.
605 3349 710 3412 Qui
731 3367 899 3419 porro
923 3351 1031 3405 hac
1053 3352 1367 3419 praedictus
1389 3356 1496 3417 est,
1523 3351 1719 3405 omnia
1744 3350 1981 3420 quidem
2005 3349 2056 3405 ei

411 3419 715 3485 licent,sed
743 3427 978 3491 propter
996 3422 1291 3477 infirmam
1311 3423 1558 3478 aliorum
1581 3419 2001 3478 conscientiam
2025 3437 2059 3476 θ.

418 3493 774 3562 quibusdam
823 3493 1097 3556 abstinet,
1131 3494 1327 3548 omnia
1367 3494 1436 3547 ad
1492 3495 1586 3547 Dei
1622 3494 1757 3547 facit
1786 3492 2055 3561 gloriam,

417 3568 640 3636 pugnat
669 3565 847 3619 armis
882 3564 1288 3636 spiritualibus
1323 3568 1524 3619 contra
1557 3586 1584 3615 «
1617 3564 2056 3636 altitudinem?»

415 3634 758 3704 quamlibet,
790 3655 816 3687 α
842 3634 1123 3691 adversus
1165 3637 1556 3706 cognitionem
1601 3637 1693 3690 Dei
1727 3652 1855 3691 sese
1876 3635 2058 3690 extol-

412 3706 1683 3777 lentem,»nullamqueafﬂictionem.nullum
1709 3707 2056 3776 periculum,

417 3777 767 3847 nullumque
791 3796 993 3834 casum
1025 3779 1381 3834 formidat“.
1408 3779 1604 3848 Neque
1626 3780 1682 3834 id
1710 3779 1810 3833 ulli
1845 3779 2058 3834 mirum

420 3848 592 3919 plane
613 3850 928 3905 essedebet
953 3851 1187 3919 plurimi
1211 3852 1502 3920 siquidem
1531 3852 1738 3921 pagani
1768 3851 2057 3914 homines,

418 3921 701 3975 nimirum
744 3922 979 3992 lEsopii,
1023 3923 1386 3982 Macedones,
1415 3923 1692 3986 Lacones,
1713 3925 1862 3978 Zeno
1894 3922 2060 3977 Elea-

417 3997 525 4056 tes,
558 3991 894 4046 Theodotus
927 3993 1337 4062 Pythagoreus,
1364 3994 1582 4048 Paulus
1613 3994 1852 4060 Lacydis
1886 3993 2060 4048 fami-

417 4062 604 4125 liaris,
641 4062 999 4117 Posthumus
1050 4065 1364 4130 Romanus,
1402 4065 1788 4127 Anaxarchus,
1821 4069 1877 4118 et
1905 4063 2062 4134 lega-

417 4141 513 4189 tus
548 4135 617 4188 ad
650 4134 967 4188 Zamolxim
1004 4134 1344 4196 mittendus,
1369 4135 1748 4190 acerbissima
1772 4140 2064 4190 tormenta

420 4205 900 4261 constantissime
932 4205 1297 4274 pertulerunt
1321 4206 1382 4258 ιδ.

490 4279 667 4333 Porro
699 4282 890 4332 autem
919 4273 1085 4348 plena
1111 4282 1201 4331 est
1225 4274 1480 4348 Ecclesia
1502 4274 1848 4330 Christianis
1871 4273 2061 4348 philo-

421 4351 624 4422 s0phis
646 4353 770 4403 tum
804 4346 942 4404 viris
974 4355 1098 4404 tum
1132 4347 1500 4422 mulieribus,
1537 4348 1635 4418 qui
1675 4352 1858 4422 totam
1884 4346 2061 4402 vitam

425 4418 721 4477 in'mortis
755 4421 1136 4476 meditatione
1167 4421 1237 4475 ad
1279 4419 1573 4473 Christum
1607 4418 1892 4473 excitante
1923 4435 2060 4472 con-

419 4494 826 4557 sumunt,Qua
840 4494 1072 4562 quidem
1091 4491 1460 4563 philosophia
1477 4491 1547 4544 ab
1571 4490 1846 4545 omnibus
1869 4490 2062 4544 utriu-

422 4583 568 4636 sque
589 4582 785 4633 sexns,
811 4567 930 4620 sive
964 4566 1250 4633 barbaris,
1297 4563 1418 4636 sive
1448 4563 1679 4625 Graecis,
1737 4563 2062 4636 comparari

422 4634 769 4706 potest.Non
793 4638 992 4692 minus
1015 4637 1228 4692 etenim
1255 4635 1488 4690 feminis
1523 4651 1697 4704 quam
1749 4634 1888 4690 viris
1911 4641 2061 4689 tem-

425 4710 692 4777 perantia
725 4709 968 4777 aliaeque
986 4725 1188 4763 omnes
1217 4709 1480 4765 virtutes,
1507 4707 1831 4761 secundum
1866 4711 2063 4760 tamen

424 4794 596 4831 sexus
629 4781 1038 4845 differentiam,
1072 4795 1415 4834 communes
1446 4793 1573 4831 esse
1607 4778 1846 4832 debent:
1889 4781 1945 4831 et
1974 4777 2064 4830 his

426 4866 582 4918 neque
607 4867 672 4903 ac
693 4850 809 4904 illis
834 4853 1112 4905 adversus
1135 4851 1274 4905 vitia
1313 4856 1369 4904 et
1416 4849 1607 4903 carnis
1632 4848 1936 4903 illecebras
1961 4865 2066 4916 pu-

385 4923 392 4929 ’
426 4922 723 4988 gnandum
749 4923 910 4976 est".
936 4925 976 4976 A
1013 4921 1248 4977 feminis
1277 4921 1471 4985 itaque
1494 4920 1770 4975 fortitudo
1793 4925 1848 4974 et
1871 4919 2066 4985 magni

427 4992 605 5045 animi
642 4991 828 5045 virtus
867 4993 1234 5047 desideratur
1273 4993 1533 5062 quidem.
1559 4992 1659 5046 sed
1695 5008 1805 5045 non
1840 5007 1908 5062 ea
1940 5007 2066 5060 quae

427 5063 484 5115 in
522 5065 830 5117 Amazonis
853 5061 1303 5124 Sauromntidis,
1324 5063 1629 5116 Sacidibus
1651 5069 1706 5117 et
1733 5061 1935 5116 lberiis
1967 5079 2068 5116 ce-

426 5133 704 5188 lebratur.
724 5133 1012 5188 Omnibus
1053 5136 1230 5203 igitur
1252 5139 1307 5189 et
1330 5134 1602 5201 singulis,
1629 5134 1696 5187 ad
1734 5133 2068 5188 felicitatem

424 5205 936 5270 contendentibus,
967 5205 1292 5260 Christiane
1334 5204 1867 5275 philosophandum
1897 5209 1986 5257 est
2006 5205 2068 5259 ίτ.

425 5279 666 5332 Temere
679 5293 815 5344 ergo
833 5278 979 5331 Euru
991 5277 1359 5346 pides,atque
1372 5276 1545 5330 etiam
1564 5275 1877 5346 Homerum
1897 5275 2071 5329 modo

428 5350 594 5418 bene,
620 5349 793 5402 modo
817 5345 1232 5409 male,’canunt
1254 5350 1323 5400 de
1342 5347 1691 5418 mulieribus
1723 5345 1938 5399 Harum
1968 5362 2071 5400 au-

427 5426 544 5476 tem
576 5430 632 5474 et
653 5421 933 5488 virorum,
966 5425 1271 5487 parentum
1307 5424 1361 5471 et
1382 5417 1660 5488 ﬁliorum,
1695 5433 1992 5488 servorum
2018 5420 2074 5471 et

427 5493 824 5554 dominorum,
861 5487 927 5546 ac
983 5491 1215 5545 tandem
1268 5497 1472 5543 mutua
1517 5487 1880 5557 singulorum
1917 5488 1975 5541 in
2009 5505 2070 5544 se

428 5566 674 5621 invicem
701 5563 966 5620 Clemens
985 5561 1251 5619 enucleat
1272 5560 1485 5628 ofﬁcia,
1511 5560 1724 5632 quibus
1746 5575 1921 5630 super
1941 5576 2070 5616 om-

499 5710 626 5778 ὀρ.
663 5709 786 5762 1.92.
866 5688 1168 5778 “5.493.,
1254 5703 1561 5778 η.ι›.494.

1661 5702 1942 5773 ¹³ρ.495.
2025 5703 2306 5772 ¹⁸ρ.496.
2390 5704 2432 5739 η

2166 3133 2228 3200 ιὶ,
2250 3133 2298 3189 si
2346 3134 2499 3188 Deus
2523 3149 2721 3216 curem
2747 3148 2949 3188 eorum
2988 3133 3223 3216 gerebat
3241 3132 3267 3186 ‘I
3307 3133 3817 3216 Bespondet‘Clef

2165 3222 2332 3261 mens
2363 3222 2469 3260 nos
2513 3205 2855 3274 neutiquam
2915 3204 3252 3259 existimare
3307 3204 3488 3260 Deum
3552 3204 3728 3272 velle,
3757 3209 3824 3260 ut

2162 3277 2477 3332 Christiani
2513 3276 2621 3331 hos
2644 3276 2967 3330 inciderent
2993 3275 3047 3329 in
3073 3293 3265 3342 casus;
3297 3278 3397 3331 sed
3422 3276 3694 3347 ipsorum
3728 3275 3820 3330 fu-

2168 3354 2331 3402 turos
2363 3347 2482 3402 illis
2505 3347 2933 3418 prmnuntiasse
2957 3347 3252 3402 cruciatus
3276 3354 3338 3402 et
3355 3353 3674 3411 tormenta,
3691 3348 3824 3416 qui-

2167 3421 2277 3475 bus
2299 3421 2368 3474 ad
2393 3424 2690 3479 aeternam.
2716 3435 2893 3488 quam
2916 3420 3001 3474 eis
3021 3419 3415 3488 promittebat,
3445 3422 3822 3486 pervenirent

2166 3490 2643 3562 haereditatem”.
2669 3490 2816 3555 Quid
2839 3506 2992 3553 vero,
3028 3490 3182 3558 quod
3221 3496 3281 3562 et
3313 3489 3554 3561 ipsimet
3603 3492 3822 3562 pagani

2167 3561 2473 3643 suppliciis
2499 3562 2815 3643 aliquando
2848 3561 3290 3643 afﬁciebentur?

2238 3631 2386 3698 Quid
2411 3637 2536 3688 tum
2557 3631 2790 3688 aiebant
2812 3633 3019 3703 pagani
3044 3633 3070 3686 ?
3097 3633 3240 3688 Nam
3266 3631 3323 3685 hi
3350 3631 3601 3686 maleﬁci
3625 3638 3817 3688 erant.

2167 3704 2666 3786 thimequidem
2697 3704 2882 3786 pergit
2925 3705 3212 3786 Clemens.
3256 3704 3579 3786 Christiani.
3631 3704 3822 3786 igitur

2168 3774 2485 3846 sipropter
2522 3774 2824 3844 justitiam’
2876 3792 3073 3844 poenas
3125 3774 3684 3845 iniquisjudicibus
3717 3776 3822 3831 de-

2171 3849 2402 3909 derunt,
2437 3848 2578 3917 quid
2612 3847 2746 3901 inde
2777 3851 2977 3901 contra
3007 3847 3332 3917 aequissimi
3378 3848 3475 3901 Dei
3506 3847 3826 3916 providen-

2169 3920 2310 3974 tiam
2336 3919 2362 3972 Ἰ
2386 3918 2590 3972 Nonne
2617 3919 2881 3989 tyrannis
2915 3919 3001 3973 fas
3031 3922 3155 3973 erat
3191 3935 3429 3973 causam
3478 3919 3826 3989 examinare

2169 3988 2658 4050 Christianorum,
2720 4006 2824 4044 nec
2852 3991 2908 4044 in
2960 4006 3058 4045 eos
3108 3989 3180 4044 ob
3232 3989 3417 4044 solam
3463 3988 3821 4045 Christiana:

2172 4060 2474 4132 religionis
2527 4061 2947 4132 professionem
2997 4060 3439 4130 iniquissimum
3484 4061 3632 4118 terre
3657 4062 3827 4131 judi-

2172 4133 2366 4189 cium?

2241 4205 2355 4260 Cur
2385 4219 2541 4274 ergo,
2576 4203 2876 4258 instabant
2907 4203 3313 4274 pagani,tunc
3347 4202 3702 4274 Christianis
3727 4203 3826 4258 ni-

2173 4275 2252 4330 hil
2288 4276 2580 4330 ferebatur
2609 4274 2851 4330 auxilii?
2883 4276 3029 4338 Quia
3068 4273 3256 4340 nulla,
3303 4275 3491 4343 inquit
3520 4273 3823 4340 Clemens,

2175 4347 2391 4416 injuria
2424 4347 2632 4408 affecti,
2667 4349 2885 4414 gratias
2910 4346 3178 4416 tyrannis
3209 4345 3422 4400 idcirco
3471 4347 3685 4401 habere
3715 4346 3825 4402 de-

2174 4420 2371 4484 beant,
2405 4418 2558 4487 quod
2593 4417 2704 4473 sibi
2731 4418 2800 4471 ad
2833 4418 3015 4472 Deum
3049 4424 3445 4488 aeternamque
3465 4417 3645 4472 vitam
3672 4417 3825 4472 cele-

2175 4491 2296 4544 rius
2319 4488 2743 4556 commigrandi
2775 4489 2981 4544 darent
3020 4489 3405 4544 ocassionem.
3429 4492 3495 4543 Et
3522 4505 3655 4543 vero
3679 4488 3821 4544 illos

2175 4561 2353 4616 nullis
2376 4561 2549 4615 etiam
2585 4561 3082 4630 exquisitissimis,
3128 4559 3440 4631 suppliciis
3464 4560 3592 4615 lwdi
3637 4561 3816 4631 Anyti

2173 4632 2467 4701 Melitique
2494 4632 2861 4703 exemplis,et
2890 4631 3199 4702 Scriptum
3229 4633 3576 4688 auctoritate
3605 4631 3828 4688 invicte

2173 4705 2402 4761 asserit.

2246 4777 2395 4829 Tum
2429 4774 2640 4829 deinde
2672 4773 2768 4828 ille
2816 4773 3019 4828 falsam
3073 4778 3130 4828 et
3177 4772 3492 4828 hereticam
3543 4772 3831 4830 Basilidis

2175 4847 2244 4901 de
2279 4847 2554 4916 martyrio
2587 4846 2923 4915 opinionem
2960 4845 3147 4899 fusius
3178 4844 3434 4908 exagitat
3463 4850 3521 4899 et
3552 4845 3828 4900 funditus

2176 4918 2458 4976 evertit”.
2486 4923 2678 4972 Monet
2701 4925 2892 4972 tamen
2937 4933 2998 4971 se
3022 4919 3090 4971 de
3120 4933 3188 4971 ea
3211 4918 3348 4971 alibi
3380 4933 3586 4970 rursus
3611 4918 3829 4986 dispu-

2178 4993 2460 5044 taturum.
2495 4991 2609 5043 Nec
2659 4988 2857 5044 leviori
2909 5005 3049 5043 sane
3095 4989 3212 5042 ictu
3263 4987 3521 5042 concutit
3563 5003 3832 5044 errorem

2177 5059 2546 5126 Valentini",
2569 5059 2668 5130 qui
2701 5061 3047 5131 martyrium
3070 5059 3199 5114 ideo
3223 5059 3672 5131 aspernabatur,
3689 5062 3832 5131 quia

2179 5138 2493 5187 sectatores
2515 5129 2678 5199 suos,
2694 5129 2948 5186 abini‘tio
2971 5129 3552 5202 immortales,genus
3569 5129 3836 5188 esse‘ele-

2180 5209 2336 5258 ctum
2365 5221 2378 5268 ;
2420 5203 2741 5276 catholicos
2764 5208 2957 5258 autem
2981 5208 3096 5276 tam
3131 5201 3254 5267 ille,
3287 5219 3465 5276 quam
3499 5202 3613 5272 ipsi
3646 5204 3831 5276 Phry-

2179 5292 2300 5342 ges,
2334 5276 2405 5328 de
2437 5275 2650 5344 quibus
2682 5276 2738 5328 in
2771 5279 3019 5330 tractatu
3053 5275 3122 5330 de
3153 5274 3459 5345 prophetia
3489 5274 3829 5330 sermonem

2178 5346 2448 5403 Clemens
2480 5345 2818 5401 habiturum
2872 5363 2934 5401 se
2991 5362 3118 5401 esse
3157 5345 3488 5412 spondet“,
3535 5347 3834 5404 animales

2179 5433 2307 5472 esse
2338 5418 2671 5488 garriebat;
2705 5424 2882 5487 atque
2904 5418 3038 5472 inde
3061 5416 3381 5486 discipulos
3407 5434 3546 5472 suos
3578 5424 3636 5472 et
3667 5435 3828 5474 mor-

2179 5493 2296 5543 tem
2330 5506 2361 5543 a
2392 5488 2682 5555 Creatore,
2709 5490 2779 5543 de
2801 5505 2915 5559 quo
2955 5488 3094 5543 alibi
3133 5489 3472 5560 dicendum,
3508 5489 3835 5560 profectam

2179 5559 2584 5628 dissolverent,
2619 5560 2846 5616 venisse
2881 5576 3184 5633 perperam
3217 5559 3543 5631 colligebat.

2465 5720 2517 5774 p.
2553 5703 2677 5758 497.
2777 5705 2819 5738 ¹τ

2853 5721 2909 5775 ρ.
2945 5704 3065 5757 498.
3113 5775 3120 5776 ί
3177 5704 3218 5736 ιτ
3254 5719 3307 5776 ρ·
3340 5704 3460 5757 499.
3544 5704 3586 5741 ιε
3619 5722 3678 5776 ρ.
3713 5707 3839 5762 500.

425 5786 521 5856 ορ.
555 5775 678 5836 501.
757 5780 800 5815 ιο
830 5798 886 5853 p.
919 5781 1044 5844 502,
1076 5777 1200 5832 503.
1278 5778 1320 5810 ει
1353 5793 1405 5848 p.
1441 5777 1570 5830 501.
1653 5775 1920 5846 "p.505
1992 5775 2036 5808 ιδ

2172 5777 2260 5828 506
2290 5780 2347 5829 et
2376 5792 2500 5846 seq.
2579 5775 2624 5808 ²⁴
2656 5793 2712 5847 p.
2746 5777 2871 5847 509,
2904 5776 3026 5830 510.
3108 5775 3153 5808 ²⁸
3184 5791 3239 5846 p.
3271 5775 3396 5829 511.
