4148 6202
393 247 530 303 1039

1092 239 1165 288 ΙΝ
1205 238 1650 291 CLEMENTEM
1688 237 1905 290 ALEX.
1947 238 2014 288 D.
2058 200 2152 288 LE.
2187 234 2480 286 NOURRY
2520 234 2987 289 DISSERTATIO
3026 240 3096 290 II.

3668 235 3823 289 1040

397 369 610 442 perint,
634 380 737 420 nec
773 373 1269 442 unquam‘verum
1319 354 1646 442 invenerint
1694 355 2043 442 magistrum
2078 367 2127 426 Α
2162 355 2286 442 ipse
2318 352 2962 442 Christuiumbou‘iinum
2996 373 3198 442 earum
3238 361 3528 437 expertem
3565 372 3822 437 prorsus

398 427 456 498 et
485 427 802 495 doctorem.
837 427 982 488 Nam
1015 429 1326 484 Cleanthes
1353 433 1656 493 Zenonem,
1707 427 2039 497 Theophra-

399 520 525 568 stus
558 506 957 572 Aristotelem,
991 502 1356 557 Metrodorus
1401 500 1740 568 Epicurum,
1785 504 1841 554 et
1888 503 2043 552 maio

401 587 702 640 Socratem
734 578 846 633 sibi
879 571 1193 645 magistros
1224 573 1542 645 asciscunt.
1576 577 1649 645 At
1677 573 1724 624 si
1757 571 2045 645 gradatim

404 654 685 711 ascendas
709 657 765 705 et
794 642 1040 703 sollicite
1072 644 1335 713 inquiras
1369 642 1468 712 qui
1505 642 1719 696 fuerint
1761 642 2046 711 Pythago-

405 745 502 795 raa,
536 721 901 795 Pherecydls,
934 716 1194 795 Thaletis
1225 721 1284 795 et
1314 716 1563 795 aliorum
1599 714 2048 795 primorumsw

406 786 1014 871 pientium_maghist_ri,_
1040 787 1476 871 respondebunt
1499 786 1630 871 hosn
1656 786 1856 871 fuisse
1880 791 2049 871 Egy-

409 807 691 871 pientlum
725 807 1010 914 magﬁsm,
1040 807 1476 866 respondebunt
1499 807 1604 838 uiis
1656 807 1856 864 misse
1880 807 2049 853 mgy-

409 870 576 942 ptios,
612 867 808 929 ludos,
888 861 1191 942 aby'lonlqs
1222 865 1322 910 aut
1346 873 1565 942 tiiagos.
1590 856 1750 918 Quod
1780 865 2051 942 si_instes,

408 928 466 996 et
497 928 728 994 rursum
763 928 991 1005 quaeras
1023 930 1356 1005 I26Aquos
1410 929 1506 980 isti
1558 943 1786 1005 quoqth
1837 928 2052 980 habue-

409 1013 527 1066 rint
558 997 962 1080 praeceptores,
1013 1005 1084 1080 ad
1123 997 1574 1080 primumcerte
1629 997 1920 1078 hominem
1962 1013 2053 1050 re-

412 1069 615 1138 curras
647 1069 893 1143 oportet.
927 1074 1069 1138 Quis
1105 1069 1270 1142 porro
1307 1071 1486 1139 hujus
1533 1072 1705 1143 fuerit
1755 1069 2053 1139 magister,

414 1157 460 1209 si
488 1141 1027 1220 adh-crrogaveris,
1063 1141 1115 1198 is
1143 1151 1296 1220 certe
1329 1157 1517 1210 neque
1565 1141 1738 1220 homo
1781 1157 1910 1220 esse
1953 1156 2057 1210 po-

415 1225 546 1290 tuit,
581 1212 1457 1292 nequevetiam_angeli,_utpote
1507 1213 1617 1292 qui
1657 1212 2056 1292 membrorum

415 1283 727 1364 omnisqde
753 1289 1013 1364 corporei
1046 1283 1401 1364 organismt
1429 1290 1712 1364 expertes.
1744 1283 1877 1364 _S_ed
1911 1289 2056 1364 esto,

417 1369 478 1422 hi
514 1354 687 1438 primi
716 1354 972 1438 hominis
1005 1354 1271 1438 magistri
1303 1356 1598 1438 dicantur,
1646 1359 1825 1438 restat
1869 1354 2060 1438 adhuc

419 1425 839 1509 inquirendum
873 1434 1006 1502 quis
1038 1425 1279 1509 illorum
1306 1426 1820 1509 t’ueritnmagi‘st'er.
1853 1430 1924 1509 At
1963 1425 2061 1478 ille

421 1496 561 1566 sane
594 1508 744 1564 alius
776 1496 906 1559 esse
936 1521 1048 1557 non
1102 1504 1290 1570 potest
1337 1497 1446 1551 nisi
1490 1496 1589 1550 Dei
1644 1496 1822 1570 lfilius
1863 1505 1918 1570 et
1948 1513 2063 1570 Asa-

424 1587 663 1652 pientis,
697 1590 994 1652 perquem
1027 1567 1224 1652 omnia
1253 1571 1403 1652 tacta
1442 1573 1598 1648 sunt.
1649 1567 1858 1645 Omnis
1882 1567 2063 1636 igitur

425 1640 569 1708 sana
593 1640 860 1717 rectaque
884 1642 1226 1717 doctrinain
1253 1640 1418 1717 illum
1446 1641 1688 1717 unicum
1711 1640 2059 1717 magistrum

2164 426 2345 480 fuisse
2376 424 2691 499 contendit;
2719 431 2784 499 et
2814 427 3019 496 quales
3054 427 3164 480 illa:
3199 424 3374 499 atque
3405 424 3616 482 animis
3647 427 3827 497 cupi-

2153 499 2367 568 ditates
2403 497 2457 550 in
2506 496 2788 568 apostolis
2846 505 2979 568 post
3028 500 3246 554 Christi
3278 496 3824 554 'resurrectionem

2157 567 2390 632 t'uerint,
2424 573 2524 642 aut
2551 567 2875 642 etiamnum
2911 571 2967 623 in
3003 573 3257 641 perfecto
3293 591 3313 618 ι
3347 570 3614 642 gnostico
3639 592 3666 617 ››
3713 586 3825 624 oc-

2157 644 2417 702 currant,
2453 639 2616 712 clare
2654 639 3021 712 breviterque
3079 639 3436 696 edisserit—33.
3502 641 3583 696 lbi
3638 657 3821 712 porro

2157 712 2424 785 Clemens
2456 710 2734 785 graphice
2767 710 3046 766 describit
3079 715 3134 768 in
3169 730 3286 785 quo
3319 713 3433 768 sita
3465 714 3543 768 sit
3575 710 3826 785 summa.

2159 784 2318 855 illius
2352 784 2648 855 perfectio,
2681 799 2782 836 seu
2820 784 3198 854 perfectionis
3220 791 3435 850 status,
3464 801 3580 855 quo
3633 784 3824 838 nullis

2162 853 2576 923 voluptatibus,
2611 859 2712 907 aut
2741 853 3186 926 cupiditatibus,
3211 862 3313 910 aut
3333 853 3510 911 animi
3539 857 3821 926 pertuba-

2161 927 2424 998 tionibus
2455 930 2785 998 commotus
2816 932 2873 980 et
2911 929 3188 998 agitatus,
3226 929 3322 982 sed
3341 929 3514 983 rebus
3540 928 3825 996 spiritua-

2166 997 2318 1050 libus
2352 1001 2408 1050 et
2437 997 2654 1050 divinis
2685 1011 2918 1068 semper
2954 997 3278 1066 inhaerens,
3334 1003 3468 1069 Deo,
3520 1005 3819 1069 quantum

2167 1072 2434 1142 humanae
2468 1073 2687 1142 naturze
2724 1071 2809 1122 fas
2839 1074 2949 1134 est,
2981 1070 3062 1142 ita
3095 1071 3296 1124 intime
3328 1074 3728 1142 conjungatur
3763 1075 3826 1125 et

2167 1140 2550 1202 assimiletur,
2579 1146 2644 1192 ut
2676 1141 2844 1194 bonis
2876 1141 3154 1212 operibus
3184 1158 3416 1213 semper
3448 1140 3735 1204 inte—ntus,
3763 1148 3826 1197 et

2169 1213 2236 1283 ad
2270 1227 2336 1264 ea
2367 1226 2670 1279 nunquam
2704 1227 2817 1264 non
2852 1218 3112 1283 paratus,
3147 1212 3826 1283 suam’aliorumquesa-

2168 1281 2348 1354 lutem
2385 1297 2616 1354 semper
2644 1281 2929 1352 cupiat‘et
2955 1285 3264 1338 desiderat.
3300 1285 3577 1349 Quamvis
3611 1281 3814 1354 itaque

2172 1353 2349 1407 nullis
2379 1352 2472 1406 ille
2503 1352 2924 1422 voluptatibus,
2962 1371 3152 1427 neque
3176 1355 3272 1409 diu
3299 1371 3486 1427 neque
3509 1362 3682 1409 noctu
3709 1352 3826 1410 fra-

2171 1433 2320 1490 ctus,
2353 1428 2410 1478 et
2432 1428 2850 1494 temperantiae,
2877 1426 3281 1495 moderationi,
3307 1425 3600 1482 honestati
3622 1443 3821 1482 assus»

2170 1497 2380 1557 factus,
2414 1496 2554 1549 solis
2586 1501 2814 1549 tantum
2850 1501 3026 1552 rebus
3054 1500 3121 1551 ad
3158 1499 3336 1552 vitam
3366 1499 3820 1553 sustentandam

2172 1569 2410 1622 omnino
2445 1569 2789 1621 necessariis
2821 1575 3128 1624 contentus
3159 1571 3236 1623 sit
3264 1570 3327 1636 ’9;
3363 1569 3450 1624 ha
3481 1575 3677 1624 tamen
3710 1571 3825 1624 vir-

2172 1645 2324 1693 tutes
2357 1638 2464 1708 ipsi
2493 1639 2852 1711 secundaria:
2883 1645 3042 1709 sunt,
3077 1641 3354 1711 primaria
3403 1657 3534 1695 vero
3583 1646 3641 1695 et
3688 1657 3823 1695 om-

425 1732 481 1778 et
511 1709 804 1776 doctorem
839 1715 1204 1801 rel'updenda
1230 1719 1318 1801 est
1350 1709 1930 1801 ajleudanObl‘EIDHSl
1961 1709 2058 1801 qqi
2098 1738 2140 1801 Β
2173 1709 2660 1801 niumJ_pra3cli_pua
2690 1709 3094 1801 estcognit‘iof
3119 1712 3504 1793 Quamobrem
3531 1711 3826 1782 aliisque-

424 1795 584 1849 illius
615 1791 941 1846 doctrinam
971 1784 1241 1839 humanis
1272 1782 1686 1836 traditionibus
1711 1780 2061 1848 adulterant,

423 1866 636 1920 horum
673 1861 924 1932 profecto
959 1859 1238 1932 magister
1269 1858 1524 1932 nonest.
1555 1851 2066 1932 Siquiverooillius

425 1923 697 1992 adventui
730 1931 1026 1999 sacrisque
1057 1923 1184 1996 Ejus
1216 1924 1448 1999 scriptis
1480 1924 1855 1999 crediderint,
1889 1923 1924 1975 ii
1953 1925 2068 1994 pla-

426 2026 498 2062 ne
527 2021 754 2065 omnes,
787 1995 1301 2072 sicut—philosophi
1338 1995 1635 2072 Dominica
1664 1995 2067 2072 doctrinanon

426 2078 615 2134 solum
650 2077 720 2130 ad
743 2091 889 2128 verae
923 2065 1300 2142 philosophia!
1325 2083 1585 2142 verasque
1615 2065 1757 2142 legis
1787 2066 2070 2142 cognitio-

427 2167 560 2205 nem
594 2137 989 2209 adducuntur,
1023 2143 1122 2197 sed
1155 2137 1385 2193 divinis
1419 2139 1577 2192 illius
1618 2137 1888 2208 eloquiis,
1940 2144 2071 2191 tan-

426 2236 603 2292 quam
637 2223 946 2292 argentum
972 2215 1298 2292 ignitumet
1323 2214 1733 2292 expurgatum,
1757 2224 1996 2280 corpore
2014 2213 2071 2262 et

430 2283 630 2348 anima
660 2283 787 2360 puri
821 2287 1127 2360 sanctique
1154 2283 1500 2360 redduntur.

502 2386 528 2412 ‹‹
563 2351 787 2432 Duplex
817 2351 1267 2432 autem,'in_quit_
1289 2353 1572 2432 Clemens,
1599 2355 1683 2432 est
1715 2351 2070 2432 purgatio3f:

430 2435 592 2489 Prior
621 2422 777 2487 enim
805 2435 893 2485 est
924 2447 956 2482 a
1007 2422 1174 2482 malis
1219 2424 1600 2489 abstinentia,
1639 2423 1862 2489 Judaeo,
1914 2422 2072 2475 fideli

429 2523 495 2561 ac
513 2505 707 2560 Grzeco
729 2499 1082 2564 communis,
1106 2513 1280 2568 quam
1307 2496 1544 2568 quidam
1572 2509 1861 2568 summam
1883 2499 2073 2563 perte-

430 2579 688 2631 ctionem
721 2590 848 2629 esse
881 2574 1099 2625 frustra
1125 2567 1484 2623 existimant.
1512 2567 1802 2620 Posterior
1848 2580 1980 2618 vero
2007 2580 2074 2618 ea

431 2654 543 2713 est,
567 2663 683 2717 qua
709 2669 736 2695 «
756 2643 1060 2717 gnosticus
1083 2665 1102 2688 υ
1122 2640 1368 2717 justitite
1391 2643 1447 2717 et
1471 2636 2072 2717 beneli‘centiaeincre-

433 2706 628 2774 mento
662 2706 931 2788 augetur,
963 2706 1146 2767 donec
1178 2713 1277 2788 ﬁat
1309 2712 1599 2788 perlectus
1619 2713 1672 2762 et
1695 2707 1889 2788 adpei
1917 2706 2078 2788 simi-

432 2778 842 2846 litudinemvin
899 2778 1366 2839 i’ncommutabili
1415 2783 1558 2834 bene
1607 2779 1816 2850 agendi
1869 2778 2073 2832 habitu

433 2865 792 2932 perseveret.
816 2880 843 2907 ››
877 2857 957 2910 Ex
987 2856 1080 2932 his
1105 2870 1294 2932 porro,
1320 2851 1547 2932 quaeibi
1568 2857 1768 2905 auctor
1791 2850 2076 2932 nosterlde

431 2919 721 3005 sapientia
742 2929 1060 3005 disputatid
1073 2919 1320 3005 u'plicem
1337 2919 1694 3005 colligitess'e
1713 2919 2076 3003 contempla-

432 2995 671 3070 tionem,
707 2995 883 3056 unam
919 2995 1427 3070 philosophorum,
1460 3011 1578 3065 qua
1602 2995 1865 3070 divinam
1901 3008 2075 3062 appe-

436 3082 568 3131 tunt
584 3063 820 3147 quidem
843 3063 1214 3147 sapientiam,
1233 3069 1330 3122 sed
1347 3063 1617 3121 eam—nisi
1660 3063 2073 3147 prophetarum

435 3164 573 3202 voce
603 3135 704 3200 aut
743 3135 978 3216 scriptis
1009 3139 1360 3216 declaratam
1396 3155 1508 3216 non
1539 3143 1947 3216 assequuntur:
1982 3135 2075 3215 Al-

437 3225 622 3274 teram
683 3231 814 3270 vero
845 3210 984 3268 dicit
1032 3228 1159 3267 esse
1216 3210 1707 3276 Christianorum,
1759 3223 1883 3276 qua:
1934 3210 2079 3276 ipsis

436 3291 613 3346 etiam
665 3289 790 3342 sine
847 3286 1063 3356 scripto
1111 3284 1184 3356 ab
1243 3275 1535 3356 apostolis
1574 3275 1807 3341 tradita,
1867 3275 2080 3331 aeterno

435 3359 699 3429 nullique
758 3352 1064 3430 mutationi
1108 3353 1356 3410 obnoxio
1407 3352 1611 3430 habitu
1661 3365 1890 3430 semper
1921 3365 2079 3430 excr:

434 3421 619 3485 cenda
675 3435 809 3483 est.
857 3426 1134 3490 Quocirca
1194 3439 1494 3492 nunquam
1557 3421 1934 3492 Christiano,
1997 3421 2081 3472 uti

436 3503 520 3557 ait
551 3500 887 3572 Apostolus,
921 3500 991 3553 ad
1024 3491 1385 3569 paganorum
1422 3493 1553 3548 licet
1586 3493 1774 3548 redire
1823 3491 2078 3562 philoso-

481 3573 655 3627 hiam.

437 3591 690 3699 ΡΙ]ιῖἰέῐὲίο
721 3647 914 3696 tamen
948 3644 1201 3710 Opponat
1231 3638 1383 3710 hanc
1431 3636 1502 3710 ab
1554 3635 1757 3710 eodem
1805 3634 2081 3704 Apostolo

436 3716 609 3787 plane
645 3707 999 3785 penitusque
1028 3707 1309 3787 proscribi
1444 3707 1632 3787 Variis
1663 3709 1956 3787 enimvero
1985 3723 2084 3787 sa-

435 3775 543 3841 cra:
576 3775 1297 3856 SJripturae'test'imoniis,
1334 3785 1507 3856 atque
1530 3778 1956 3856 ipsaBarnabm
1983 3775 2081 3847 [le-

439 3858 679 3926 gendum
711 3849 788 3909 est
820 3853 1133 3910 Clementis
1159 3849 1423 3927 Romani}
1449 3849 2083 3927 auctoritate_Cleni_ens

439 3919 638 3983 noster
671 3935 874 3996 prunat
901 3940 1134 3996 omnem
1186 3923 1491 3996 scientiam
1526 3928 1581 3975 et
1636 3919 2081 3996 intelligentiam

438 4015 572 4053 cum
605 3991 859 4068 singulis
889 3995 1243 4068 hominibus,
1279 3995 1506 4068 diverse
1537 3999 1735 4068 tamen
1783 4006 1847 4043 ac
1905 3991 2082 4068 variis

441 4069 652 4137 modis,
684 4065 814 4138 plus
847 4073 948 4121 aut
982 4068 1186 4138 minus
1211 4065 1391 4138 fuisse
1415 4066 1930 4138 communicatam.
1959 4066 2083 4138 Iftuc

438 4131 870 4211 accedit,'quod
903 4135 1274 4211 philosophia
1333 4133 1579 4211 sapienti
1616 4133 1741 4211 ideo
1788 4131 1863 4211 sit
1897 4133 2080 4211 utilis,

440 4214 571 4285 quia
603 4201 1277 4285 illiusope'objectiimes
1309 4201 1782 4285 aliorumnmodo
1804 4201 1928 4285 ipse
1953 4203 2086 4285 fide-

443 4273 516 4339 lis
537 4291 593 4339 et
623 4273 866 4338 humilis
901 4273 1093 4341 luerit,
1121 4277 1401 4345 vuriaque
1433 4273 1800 4344 sophismata
1833 4274 2004 4327 diluit
2029 4278 2086 4328 et

389 4401 394 4408 .
443 4356 731 4410 evertit“.
760 4354 975 4408 Deinde
1014 4349 1280 4404 Clemens
1329 4346 1459 4401 aliis
1509 4345 1700 4399 adhuc
1751 4346 2080 4414 respondet,

440 4429 542 4498 qui
572 4426 1002 4499 philosophiam
1038 4439 1069 4475 a
1100 4421 1329 4474 diabolo
1365 4419 1706 4499 profectam,
1736 4415 2082 4499 velzisaniis

437 4488 493 4554 et
526 4488 823 4554 erroribus
878 4508 1248 4563 conspersum
1281 4506 1410 4563 esse
1445 4490 1854 4563 prmtlittabant.
1920 4488 2087 4563 Falsa

439 4572 753 4640 siquidem,
789 4569 932 4621 sicut
957 4561 1194 4640 Epicuri
1218 4565 1287 4618 de
1317 4561 1634 4640 voluptate,
1655 4562 2000 4640 documenta
2028 4561 2084 4612 in

440 4633 637 4696 Gazaca
668 4633 1060 4711 philosophia,
1094 4644 1151 4692 et
1182 4635 1431 4711 haereses
1475 4634 1530 4687 iu
1581 4633 1928 4711 Christiana
1954 4648 2084 4711 cuin

442 4713 594 4766 bono
628 4702 889 4766 veritatis
908 4702 1109 4762 tritico
1139 4714 1265 4761 orta
1295 4705 1530 4776 quidem
1565 4707 1963 4776 esseconstat;
1985 4702 2085 4756 sed

442 4783 498 4834 id
536 4800 646 4836 non
681 4781 927 4850 impedit
956 4781 1274 4849 quominus
1315 4774 1519 4831 Graaca
1564 4777 1634 4830 de
1682 4774 2086 4850 singularibus

442 4845 814 4922 philosophia
845 4845 988 4905 verae
1025 4854 1402 4922 perfectaeque
1447 4854 1654 4922 nostra}
1705 4845 2086 4916 philosophiae

445 4919 832 4977 fundamenta
862 4922 1294 4992 quemadmodo
1317 4919 1548 4990 jocerit.
1602 4923 1732 4992 Hier.
1764 4933 1931 4992 porro
1960 4932 2084 4992 ver-

442 5001 608 5048 satur
639 4998 791 5048 circa
826 4988 916 5046 res
940 4994 1300 5061 spirituales,
1321 4988 1450 5060 quas
1478 4988 1670 5061 procul
1693 4990 1871 5041 dubio
1897 4988 2089 5061 prius-

441 5082 617 5135 quam
651 5082 749 5119 eas
771 5059 1037 5120 Christus
1063 5059 1447 5135 patefecisset,
1472 5059 2082 5135 nullus_noverat..lam

439 5130 572 5191 vero
605 5152 865 5190 asserere
899 5130 1186 5187 audemus
1219 5132 1350 5186 illas
1382 5151 1411 5186 a
1447 5131 1796 5203 «gnosticis,
1823 5153 1850 5178 »
1882 5130 2086 5201 quales

441 5209 688 5278 apostoli
724 5205 1300 5278 l'uerunt,gcogn_osci.

510 5281 655 5332 Tum
689 5294 822 5332 vero
846 5271 1106 5345 explicat
1132 5275 1399 5328 Clemens
1429 5274 1470 5345 37
1503 5289 1629 5343 quae
1662 5271 1758 5345 sit,
1803 5277 1860 5324 et
1907 5287 2082 5340 quam

442 5349 614 5432 longe
649 5355 840 5432 pateat
863 5343 963 5432 illa
1000 5345 1273 5432 cognitio,
1309 5361 1426 5432 qua
1458 5343 2084 5432 ho‘moiadi‘eumgper-

442 5414 708 5476 i'ection'is
739 5420 984 5491 gradum
1009 5414 1293 5491 pervenit,
1327 5414 1391 5491 ut
1422 5414 1596 5491 nulla;
1626 5414 1881 5483 amplius
1924 5414 1981 5491 in
2017 5415 2085 5467 il-

438 5491 559 5547 lum
593 5486 805 5548 cadant
834 5486 1187 5553 affectiones,
1227 5487 1336 5541 nisi
1373 5503 1500 5557 quae
1521 5488 1589 5540 ad
1617 5486 2086 5540 conservandum

436 5565 941 5636 reﬁciendumque
971 5577 1182 5632 corpus
1242 5557 1582 5612 necessarias
1629 5561 1788 5611 sunt.
1847 5558 1955 5611 Sed
1989 5557 2087 5611 ille

1471 5702 1593 5756 6/16.
1673 5700 1716 5734 εδ
1775 5715 1827 5768 ρ.

509 5708 554 5743 ³³
587 5725 644 5780 p.
676 5709 800 5762 644.
839 5779 848 5780 7
880 5704 1217 5780 3‘prr.g§’i:').__
1253 5702 1297 5737 ³⁸
1347 5719 1412 5780 _p_.

1887 5701 2014 5755 6’18.
2090 5701 2134 5734 ³⁷

2177 1798 2290 1852 que
2321 1780 2670 1854 disciplinis,
2703 1780 2921 1852 quibus
2951 1783 3020 1836 ad
3047 1783 3437 1854 cognitionem
3461 1780 3826 1847 exercemur,

2177 1870 2291 1908 non
2325 1853 2700 1922 indiligenter
2748 1854 3021 1912 attendit.
3079 1861 3253 1924 atque
3307 1872 3375 1910 ex
3436 1871 3822 1925 unaquaque,

2180 1930 2340 1995 puta,
2369 1939 2616 1986 musica,
2649 1925 3039 1993 arithmetica,
3064 1928 3404 1996 geometria,
3429 1925 3830 1995 dialectic3,ea

2180 1996 2440 2064 decerpit
2470 2011 2600 2066 quae
2629 1997 2697 2066 ad
2732 1996 3030 2050 veritatem
3067 1998 3420 2052 conducunt.

2254 2066 2387 2120 lllos
2420 2065 2612 2139 itaque
2641 2065 2794 2139 idem
2837 2074 3040 2122 auctor
3089 2073 3286 2123 noster
3331 2067 3571 2139 corripit
3601 2069 3671 2134 ‘0,
3720 2067 3827 2138 qui

2179 2138 2435 2219 Grascam
2462 2137 2912 2262 philosqphiam,
2965 2140 3460 2220 quemadmodum
3488 2137 3660 2210 pueri
3713 2137 3832 2220 lar:

2179 2227 2302 2262 vas.
2330 2214 2630 2262 timebant.
2716 2226 2810 2262 am
2838 2227 2886 2262 s1
2909 2226 3108 2262 eorum
3133 2211 3276 2262 ﬁdes
3313 2211 3511 2262 aliqua
3535 2210 3832 2262 probabili

2179 2227 2302 2274 vas,
2330 2211 2630 2264 timebant.
2666 2209 2810 2263 Nam
2838 2209 2886 2263 si
2909 2209 3108 2264 eorum
3133 2211 3276 2266 ﬁdes
3313 2209 3511 2281 aliqua
3535 2210 3832 2280 probabili

2183 2283 2444 2336 oratione
2470 2282 2860 2346 concutiatur,
2921 2281 2978 2335 hi
3016 2284 3307 2337 fateantur
3365 2297 3603 2336 necesse
3649 2292 3742 2336 est
3771 2299 3838 2338 se

2180 2355 2502 2414 veritatem,
2535 2369 2661 2421 quae
2695 2353 2855 2406 nullo
2884 2369 3145 2423 unquam
3181 2353 3352 2408 modo
3405 2353 3553 2408 vinci
3609 2359 3826 2422 potest,

2184 2443 2294 2478 non
2329 2429 2765 2478 consecuturos.
2824 2425 2906 2477 Ad
2951 2425 3069 2477 haec
3098 2440 3230 2480 vero
3262 2423 3566 2479 dialectica
3596 2431 3688 2477 est
3721 2426 3839 2479 val-

2183 2496 2275 2550 lus
2307 2496 2544 2566 quidam
2580 2494 2758 2548 nullis
2793 2495 3191 2564 sophistarum
3231 2495 3702 2551 cavillationibus
3727 2513 3838 2551 un-

2183 2565 2357 2635 quam
2391 2565 2818 2637 expugnabilis.
2856 2571 3214 2636 Quapropter
3263 2591 3287 2615 ‹‹
3324 2567 3628 2637 gnosticus
3660 2589 3688 2614 ι»
3744 2568 3837 2622 di-

2185 2639 2449 2708 sciplinis
2483 2645 2764 2706 tanquam
2798 2638 3190 2707 adjutricibus
3221 2639 3425 2705 utitur,
3460 2646 3524 2692 ut
3561 2653 3771 2692 verum
3809 2656 3843 2692 a

2187 2710 2331 2764 falso
2356 2715 2620 2763 secernat
2644 2716 2699 2762 et
2745 2709 2802 2761 in
2844 2725 3070 2764 errores
3120 2725 3424 2779 nunquam
3472 2708 3840 2780 prolabatur.

2187 2782 2254 2835 Et
2286 2781 2422 2850 quid
2459 2783 2696 2848 mirum,
2730 2796 2863 2832 cum
2899 2781 3204 2835 nominum
3232 2797 3544 2850 rerumque
3567 2781 3625 2834 in
3650 2780 3840 2836 sacris

2184 2851 2806 2922 Scripturisdistinctio
2827 2852 3088 2905 animum
3117 2867 3328 2922 magna
3352 2853 3478 2906 luce
3497 2851 3842 2922 perfundat?

2188 2923 2474 2976 Vitandus
2518 2928 2711 2976 tamen
2748 2923 2972 2976 multus
3015 2930 3072 2977 et
3118 2924 3359 2994 inutilis
3390 2923 3839 2994 disciplinarum

2188 2997 2430 3060 abusus,
2470 2998 2526 3047 et
2576 2995 2648 3047 iis
2684 3010 2795 3066 non
2844 2993 3011 3052 male.
3051 2996 3134 3048 uti
3171 2993 3442 3060 haeretici,
3479 2993 3576 3048 sed
3605 3011 3844 3066 semper

2193 3069 2355 3132 bene,
2388 3065 2736 3120 secundario
2771 3071 2961 3119 tamen
2988 3068 3270 3120 utendum
3292 3067 3356 3118 ιι.
3388 3066 3672 3120 Eumdem
3697 3065 3840 3121 sane

2189 3139 2246 3191 in
2300 3137 2537 3191 modum
2597 3135 2890 3190 Abraham
2943 3137 3301 3192 astronomia
3356 3141 3412 3192 et
3467 3137 3843 3192 arithmetica

2192 3225 2364 3263 usum
2398 3222 2526 3262 esse
2555 3206 2822 3261 Clemens
2855 3207 3021 3262 docet
3051 3210 3117 3274 ιε,
3141 3214 3316 3278 atque
3338 3209 3414 3263 ibi
3443 3208 3610 3278 plura
3627 3210 3699 3262 de
3731 3226 3827 3262 nu-

2192 3281 2414 3343 meris,
2466 3296 2531 3332 ac
2609 3279 2929 3349 praesertim
2991 3280 3064 3333 de
3122 3281 3532 3334 trecentesimo
3604 3280 3836 3334 decimo

2191 3358 2390 3404 octavo
2421 3351 2702 3420 disputat.
2738 3350 3081 3404 Geometriae
3109 3367 3244 3405 vero
3276 3351 3333 3406 in
3391 3351 3753 3406 tabernaculi
3784 3357 3842 3406 et

2194 3439 2337 3475 arca:
2373 3422 2602 3476 hederis
2635 3421 3072 3489 constitutione,
3107 3439 3328 3477 necnon
3359 3423 3594 3477 musica:
3626 3423 3686 3476 in
3722 3423 3840 3477 Da-

2192 3493 2396 3547 vidicis
2431 3493 2678 3547 Psalmis
2712 3509 2881 3564 usum
2908 3493 3187 3558 ostendit,
3221 3495 3505 3564 pluraque
3537 3499 3740 3549 narrat
3770 3495 3843 3548 de

2189 3564 2366 3619 variis
2400 3565 2632 3617 musicae
2663 3568 2725 3637 et
2752 3563 3069 3637 harmoniae
3104 3563 3425 3636 generibus
3456 3565 3535 3631 ‘3;
3571 3581 3637 3620 ac
3688 3581 3843 3637 quo-

2197 3637 2386 3701 modo,
2422 3642 2477 3689 et
2495 3653 2640 3704 quos
2663 3636 2731 3689 ad
2762 3652 2906 3689 usus
2925 3635 3095 3694 illam.
3114 3635 3236 3689 non
3266 3653 3434 3692 secus
3457 3642 3631 3706 atque
3653 3635 3844 3690 astro-

2194 3707 2448 3761 nomiam
2483 3706 2795 3778 Christiani
2829 3706 3104 3761 adhibere
3135 3708 3402 3770 debeant.
3450 3707 3605 3763 clare
3658 3723 3844 3778 expo-

2193 3780 2278 3832 nit
2309 3780 2370 3829 “.
2405 3777 2734 3848 Disciplinze
2766 3794 2920 3849 ergo,
2959 3778 3040 3831 uti
3074 3795 3138 3832 ex
3167 3779 3342 3834 dictis
3373 3779 3642 3833 Clemens
3694 3777 3844 3833 con-

2192 3850 2396 3912 cludit,
2422 3866 2589 3920 opem
2618 3849 2999 3920 philosophia:
3029 3851 3245 3916 ferunt,
3271 3856 3327 3905 et
3349 3849 3469 3904 haac
3490 3851 3561 3904 ad
3587 3855 3846 3905 tractan-

2194 3923 2331 3974 dum
2368 3921 2438 3973 de
2469 3921 2711 3975 veritate
2761 3921 3015 3990 adjuvat.
3070 3925 3252 3985 Quam
3315 3922 3552 3992 quidem
3597 3920 3841 3976 illarum

2194 3993 2503 4045 utilitatem
2542 3999 2847 4061 postquam
2882 3994 3102 4046 ratione
3125 3995 3547 4063 comprobavit,
3571 4000 3750 4063 atque
3771 4009 3841 4048 eo

2193 4064 2568 4134 potissimum
2604 4064 2756 4135 quod
2783 4064 2852 4116 ad
2889 4065 3245 4133 sequendam
3280 4066 3673 4135 cognitionem
3709 4080 3842 4118 ma-

2192 4152 2305 4202 gna
2337 4134 2746 4188 exercitatione
2777 4139 2833 4187 et
2853 4136 3210 4204 experientia
3241 4134 3388 4204 opus
3409 4140 3664 4202 est,tuuc
3694 4136 3840 4190 illud

2193 4207 2504 4276 Scripturzn
2537 4222 2714 4260 sacrm
2738 4207 3082 4260 auctoritate
3105 4223 3307 4261 rursus
3331 4209 3645 4262 conﬁrmat
3664 4213 3724 4262 et
3743 4223 3843 4262 as-

2193 4278 2334 4333 serit
2363 4279 2426 4330 ‘5.

2262 4349 2344 4403 Ad
2378 4365 2578 4402 eorum
2606 4347 2858 4415 posthaec
2881 4346 3217 4402 solvendam
3246 4347 3630 4416 objectionem
3653 4353 3848 4403 trans-

2195 4421 2257 4488 it,
2292 4421 2391 4489 qui
2428 4422 2754 4490 arguebant
2783 4418 3113 4474 Christiano
3161 4419 3382 4473 homini
3431 4421 3668 4490 penitus
3712 4435 3847 4475 esse

2195 4491 2484 4573 inutilem,
2527 4491 2682 4573 solis
2710 4495 3121 4573 astrorumque
3171 4498 3620 4573 motus,.atque.
3663 4491 3844 4546 etiam

2197 4563 2544 4632 geometria',
2571 4561 2880 4614 dialecticae
2907 4567 3369 4632 creterarumque
3391 4561 3846 4633 disciplinarum

2196 4635 2585 4704 cognitionem
2620 4638 2675 4688 et
2731 4633 3037 4686 scientiam
3068 4634 3131 4697 ιε,
3165 4650 3230 4688 ac
3289 4633 3526 4687 tandem
3576 4633 3843 4688 Graecam

2195 4721 2429 4759 omnem
2457 4704 2882 4774 philosophiam
2905 4721 3033 4759 esse
3056 4704 3299 4758 humani
3325 4705 3537 4772 ingenii
3559 4704 3846 4760 inventio-

2201 4793 2355 4840 nem,
2389 4794 2511 4845 quae
2539 4793 2571 4829 a
2602 4776 2840 4828 veritate
2875 4793 2987 4829 non
3021 4776 3313 4829 edocetur.
3349 4775 3417 4830 Ut
3466 4775 3587 4831 haec
3637 4776 3845 4847 itaque

2195 4848 2659 4902 adversariorum
2695 4863 2935 4900 suorum
2962 4853 3308 4916 argumenta
3337 4848 3605 4903 Clemens
3627 4849 3844 4917 diluat,

2197 4921 2450 4988 primum
2486 4919 2738 4972 ostendit
2770 4918 2900 4972 illos
2928 4919 2982 4971 in
3019 4917 3192 4971 rebus
3225 4917 3495 4972 maximis
3530 4917 3704 4988 plane
3734 4920 3842 4973 de-

2196 4991 2330 5060 cipi;
2366 4996 2567 5061 utpote
2597 4989 2844 5061 quinon
2879 4989 3143 5061 noverint
3172 5010 3194 5039 a
3221 4990 3613 5061 gnosticum,-
3651 4990 3840 5045 libero

2195 5063 2513 5116 voluntatis
2549 5060 2848 5131 prmditum
2879 5060 3142 5126 arbitrio,
3178 5075 3347 5130 posse
3379 5060 3700 5115 humanam
3739 5062 3843 5116 do-

2195 5134 2467 5201 ctrinam,
2499 5132 2726 5186 tametsi
2753 5133 2824 5186 ab
2857 5131 3198 5186 hominibus
3225 5131 3565 5201 accipiatur,
3595 5133 3843 5187 omnino

2196 5213 2456 5258 sanctam
2502 5204 2761 5257 reddere.
2823 5204 3153 5257 Absurdum
3207 5208 3483 5272 praeterea
3529 5202 3689 5258 dictu
3753 5209 3846 5258 est

2193 5276 2624 5345 philosophiam
2658 5290 2787 5328 esse
2818 5273 3009 5328 fabrili
3033 5274 3578 5330 etzediﬁcandarum
3606 5275 3846 5330 navium

2194 5353 2316 5400 arte
2348 5348 2712 5401 deteriorem.
2751 5345 3413 5416 Atqueinassertionis
3470 5361 3587 5400 suae
3642 5347 3848 5400 ﬁrma-

2199 5423 2457 5472 mentum
2492 5419 2656 5472 al'fert
2685 5415 2948 5489 quinque
2974 5415 3596 5489 l27_hordeaceorum
3626 5433 3848 5489 panum

2197 5494 2253 5541 et
2284 5491 2533 5544 duorum
2559 5489 2832 5560 piscium,
2854 5487 3069 5559 quibus
3101 5487 3369 5544 Christus
3400 5489 3665 5614 quinque
3717 5488 3849 5544 mil-

2199 5559 2276 5614 lia
2308 5561 2611 5614 hominum
2647 5566 2903 5614 paverat.
2938 5559 3246 5614 mvsticam
3305 5577 3411 5614 exn
3440 5561 3756 5614 icationem
3783 5560 3849 5614 ‘7.

2199 5559 2276 5615 lia
2308 5559 2611 5617 hominum
2646 5566 2903 5632 paverat,
2938 5559 3246 5632 mysticam
3305 5559 3756 5632 explicationem
3783 5560 3849 5643 ‘_".

2185 5719 2240 5774 p.
2299 5705 2425 5758 649.

2516 5704 2559 5738 ³⁸
2619 5721 2690 5776 ρ.
2725 5704 2851 5776 65οί
2879 5719 3010 5776 seq.
3089 5702 3135 5738 ⁸³
3189 5719 3242 5775 p.
3298 5703 3426 5761 654,
3503 5704 3550 5739 ⁴ο
3601 5719 3660 5775 ρ,
3716 5704 3842 5764 655,

437 5784 480 5820 ιι
517 5772 732 5855 p.’656.
807 5779 854 5814 η
883 5772 1118 5852 p.'657._
1177 5777 1220 5811 ιε
1251 5776 1462 5850 p.658.
1544 5775 1590 5808 ιι
1619 5772 1833 5846 p.659.
1911 5772 1956 5807 ιδ
1988 5788 2045 5845 ρ.

2188 5772 2202 5828 ζ
2281 5777 2323 5810 ⁴⁶
2354 5792 2411 5848 ρ.
2442 5776 2568 5830 661.
2620 5772 2692 5812 ”⁴⁷
2725 5792 2781 5848 p.
2826 5775 2949 5830 662.
