4148 6202
391 212 533 269 1043
1100 213 1176 264 ΙΝ
1214 207 1656 264 CLEMENTEM
1695 209 1910 262 ALEX.
1951 211 2019 261 D.
2060 208 2072 260 l

2189 206 2485 262 NOURRY
2520 203 2998 260 DISSEBTATIO
3033 205 3106 258 II.
3674 200 3828 258 1044

388 340 704 404 viderunt;
736 339 1035 415 postremo
1061 336 1302 415 quia‘ex
1328 332 1401 388 iis
1432 333 1531 415 qui
1557 332 1854 415 Christum
1881 332 2045 415 invo-
2075 335 2128 400 Α
2159 328 2714 415 demphilosophiis
2739 345 2848 415 ope
2878 333 2938 415 et
2968 329 3294 415 ministerio
3317 329 3747 415 .assequimur.‘
3767 331 3824 411 _A

393 423 616 473 cavero,
648 404 817 462 multi
843 406 1029 461 ﬁlium
1061 404 1264 472 David,
1297 404 1468 476 pauci
1499 410 1718 469 autem,
1749 404 1902 476 sicut
1938 409 2045 460 Pe-

393 488 542 546 trus,
567 479 774 534 Filium
798 478 897 534 Dei
923 475 1427 549 cognoscebant“.
1444 476 1521 530 Ex
1545 476 1759 546 quibus
1781 475 2046 549 Clemens

397 551 618 621 colligit
651 566 765 605 non
797 546 1112 621 vulgifsed
1158 563 1477 621 paucorum
1536 563 1664 602 esse
1722 548 1842 602 veri
1899 546 2049 601 Scri-

402 620 582 695 ptura!
615 620 998 695 scraasensus
1029 620 1441 695 cognitionem.

473 696 606 776 Quae
639 693 874 776 quidem
919 697 983 776 ut
1015 689 1281 776 planiora
1308 689 1586 776 omnibus
1621 689 1782 776 ﬁant,
1816 690 2047 776 brevem

406 760 673 834 Decalogi
699 760 1160 834 explanationem
1191 761 1359 816 nobis
1416 760 1665 815 exhibet.
1724 765 1805 816 Ac
1863 760 2050 829 primo

407 832 641 907 quidem
658 832 961 890 denarium
984 832 1144 886 illius
1159 838 1579 907 praeceptorum
1597 846 2053 907 numeru_m_e_sse

407 901 660 972 sacrum,
694 907 850 961 dictu
884 901 1379 975 supervacaneum
1433 903 1768 975 arbitratur.
1832 901 2053 975 Dehinc

409 979 604 1058 contio
617 993 764 1058 uoex
777 977 949 1058 plicat
962 972 1100 1058 quid
1124 973 1779 1058 allegorice‘signiﬁcent
1793 972 2055 1058 Decalogi

408 1050 645 1116 tabulae,
678 1045 861 1119 digito
881 1045 1280 1113 Dei’exarata’,
1307 1047 1446 1115 quid
1500 1045 1595 1119 Dei
1639 1045 2054 1119 digitus_,_quid

409 1121 568 1192 illius
599 1115 858 1192 scriptio,
891 1119 1033 1192 quid
1061 1119 1451 1192 duretantum
1482 1115 1725 1192 tabula)"
1771 1115 2056 1192 quideas

411 1187 922 1254 continens—arca,
939 1189 1078 1260 quid
1101 1187 1547 1260 easdemtabulze
1573 1193 1856 1260 renovatae
1878 1188 1988 1260 etd
2000 1203 2060 1260 u-

408 1264 638 1335 pliciter
665 1262 924 1335 scriptas.
949 1257 1033 1335 Ibi
1053 1259 1447 1335 autem‘plura
1469 1259 1540 1313 de
1557 1257 1778 1330 duplici
1800 1257 2057 1335 hominis

409 1329 642 1404 spiritu,
672 1349 737 1388 ac
766 1329 984 1404 duplici
1015 1332 1223 1386 animas
1255 1331 1434 1404 illius,
1456 1346 1609 1404 “non
1646 1329 1767 1404 rex_
1795 1329 2056 1404 traduce,

407 1400 561 1461 sicut
581 1421 814 1476 corpus,
839 1400 1248 1476 genitas‘parte,
1274 1419 1339 1476 ac
1363 1403 1432 1456 de
1455 1400 1614 1476 illius
1637 1400 2059 1476 cupiditatibus

409 1482 466 1532 et
496 1472 977 1546 divina'imagine
1009 1472 1362 1546 disputat“.
1425 1473 1507 1527 Ad
1557 1472 1794 1546 singula
1851 1473 2060 1546 deinde

417 1553 703 1619 priscepta
732 1543 1072 1619 exponenda
1106 1543 1378 1619 _pr0pius_
1417 1545 1720 1619 accedens,
1770 1543 2060 1619 primum,

417 1613 741 1674 secundum
775 1613 830 1672 et
863 1617 1097 1671 tertium
1130 1613 1444 1685 separatim
1477 1615 1746 1670 edisserit
1765 1615 1828 1668 ⁸³.
1872 1620 1946 1669 At
1999 1613 2058 1668 in

2160 403 2275 458 Deo
2308 400 2487 472 igitur
2516 400 2636 471 illa,
2670 400 2824 456 sicut
2853 405 2909 457 et
2937 405 3144 456 cetera
3170 403 3368 458 omnia
3410 417 3537 472 qua:
3571 402 3629 456 in
3663 401 3821 457 arti-

2156 474 2268 528 bus
2301 474 2452 528 bona
2485 478 2643 539 sunt,
2677 473 2970 544 proﬂuxit.
2995 473 3266 545 Subinde
3297 488 3430 533 vero
3487 478 3814 545 postquam

2155 545 2423 618 Clemens
2455 545 2642 618 palam
2675 545 2952 618 omnibus
2983 544 3118 618 fecit
3147 545 3446 618 triplicem
3495 544 3652 618 esse"
3685 550 3815 618 tam

2161 639 2186 664 ι(
2219 615 2464 687 gnostici
2492 639 2512 667 ι
2549 632 2724 685 quam
2757 615 2856 670 Dei
2909 615 3175 672 homines
3205 615 3451 674 docendi
3505 621 3564 670 et
3621 617 3821 672 infor-

2160 687 2356 742 mandi
2390 687 2798 751 modum,tum
2826 688 3101 743 continuo
3123 688 3382 745 declarat
3403 688 3820 758 «gnosticumn

2160 761 2218 812 in
2254 759 2346 813 bis
2378 774 2504 829 quas
2535 759 2828 830 praecipua
2861 764 3001 830 sunt
3028 762 3358 830 semperita
3378 758 3615 823 versari,
3643 765 3732 823 ut,
3757 759 3816 814 si

2161 830 2396 901 quando
2426 845 2526 901 per
2555 829 2738 884 otium
2772 829 3023 898 licuerit,
3070 829 3327 886 Graacam
3370 830 3818 900 philosophiam

2163 900 2346 973 animi
2379 900 2671 973 relaxandi
2706 917 2884 956 causa
2903 903 3157 973 attingat
3177 905 3242 957 ⁷³.
3269 904 3684 958 Verumtamen
3709 903 3822 973 qui

2163 972 2360 1053 inania
2381 978 2438 1027 et
2458 972 2673 1053 superi]
2685 988 2758 1053 ua
2780 973 2838 1026 in
2858 971 2959 1053 illa
2971 971 3292 1053 sec—tantur,
3315 971 3821 1053 contentionisq'ue

2163 1049 2367 1117 vacant
2381 1043 2866 1117 sophismatihus,
2884 1043 2991 1099 hos
3005 1045 3100 1117 ille
3114 1047 3355 1101 umbras
3369 1045 3634 1117 persequi
3652 1045 3818 1100 haud

2163 1114 2501 1170 dubitanter
2531 1115 2759 1170 asserit.
2795 1116 3071 1180 Quamvis
3088 1121 3282 1172 autem
3309 1114 3527 1172 bonum
3561 1117 3640 1171 sit
3661 1117 3819 1171 scire

2163 1186 2382 1258 omnia,
2423 1186 2472 1240 is
2500 1190 2694 1241 tamen
2721 1187 2892 1255 cujus
2916 1187 3152 1242 animus
3180 1189 3457 1244 omnibus
3480 1186 3821 1258 disciplinis

2164 1257 2350 1329 imbui
2383 1273 2496 1310 non
2521 1261 2731 1327 potest,
2765 1258 3008 1314 meliora
3028 1264 3085 1312 et
3107 1261 3514 1329 priestantiora
3534 1257 3708 1314 debet
3729 1275 3825 1314 se.-

2167 1327 2368 1400 ligere.
2396 1332 2467 1382 At
2497 1347 2526 1379 ι
2546 1329 2794 1398 gnostici
2821 1327 3123 1401 pacientia
3145 1347 3376 1401 semper
3405 1332 3576 1385 ﬁrma
3604 1337 3660 1385 et
3683 1346 3823 1385 con-

2169 1404 2680 1474 s_tans_est,gatq_ue
2709 1416 2776 1454 ea
2807 1400 2952 1474 illud
2993 1401 3204 1474 saltem
3255 1400 3412 1474 quod
3459 1403 3695 1474 falsum
3730 1405 3828 1474 est

2167 1470 2568 1546 deprehendit.
2593 1471 2977 1546 Quamobrem
3003 1471 3139 1546 inde
3169 1479 3224 1528 et
3254 1470 3320 1529 ex
3339 1475 3613 1546 superius
3643 1472 3826 1527 dictis

2168 1541 2435 1616 Clemens
2467 1542 2643 1616 infert
2674 1558 2802 1597 esse
2832 1543 3388 1616 philosophandum.

2241 1615 2308 1668 Et
2339 1614 2459 1668 haec
2491 1614 2726 1684 quidem
2758 1629 2892 1668 cum
2926 1616 3006 1670 ita
3061 1614 3123 1670 se
3180 1617 3449 1682 habeant,
3507 1615 3690 1670 Graeci
3751 1630 3828 1670 ex

419 1690 596 1757 hujus
630 1688 958 1762 tertii,_quo
1006 1684 1267 1762 septimae
1318 1687 1428 1740 diei
1462 1691 1518 1739 et
1566 1685 1804 1762 sabbati
1861 1688 2063 1762 obser-
2093 1699 2140 1762 Β
2171 1684 2296 1756 lege
2321 1694 2375 1762 et
2403 1685 2704 1762 prophetis
2737 1686 2951 1762 debent
2979 1687 3204 1742 discere
3235 1705 3419 1762 unum
3463 1703 3593 1762 esse
3623 1687 3825 1762 omni-

417 1763 572 1816 vatio
597 1757 929 1829 praecipitur
947 1757 1325 1827 expositione,
1351 1775 1382 1812 a
1407 1757 1698 1829 proposito
1722 1774 1827 1811 suo
1845 1758 2064 1826 digres-

421 1849 545 1900 sus,
571 1827 806 1898 longam
837 1830 907 1884 de
932 1831 1259 1899 septenario
1282 1845 1545 1900 numero,
1569 1827 1802 1900 ipsique
1819 1829 2064 1900 conjun-

422 1903 532 1957 ctis
563 1901 791 1956 senario
821 1906 878 1955 et
909 1900 1204 1955 octonario
1238 1899 1697 1970 disputationem
1728 1899 2059 1954 instituit“.

423 1973 507 2029 lbi
541 1988 710 2041 porro
742 1972 1008 2042 quaedam
1041 1971 1245 2025 inserit
1279 1972 1348 2025 de
1380 1970 1479 2025 Dei
1512 1970 1706 2042 quiete
1729 1975 1787 2024 et
1816 1972 2064 2042 actione,

422 2046 702 2114 docetque
736 2041 932 2098 utrum
969 2043 1226 2096 mundus
1263 2043 1335 2097 ab
1367 2042 1496 2114 ipso
1527 2041 1584 2095 in
1643 2047 1927 2114 tempore,
1979 2041 2066 2096 vel

423 2112 626 2181 simul,
655 2116 975 2181 eodemque
1007 2120 1302 2168 momento
1331 2112 1510 2168 et'die
1541 2118 1769 2168 creatus
1789 2113 1981 2180 fuerit,
2002 2129 2068 2168 ac

465 2188 556 2242 uis
587 2186 710 2240 dies
740 2185 836 2240 ille
869 2184 1172 2240 dicendus.
1207 2185 1286 2238 Ad
1322 2185 1586 2256 aliavero
1606 2184 1872 2256 Decalogi
1899 2201 2064 2238 man-

466 2261 562 2313 ata
593 2257 728 2312 inde
757 2273 1043 2322 reversus,
1076 2256 1175 2311 illa
1205 2255 1382 2310 simili
1413 2254 1582 2326 plane
1601 2258 1791 2322 modo,
1824 2254 1884 2310 at
1915 2272 2067 2311 nono

425 2333 620 2384 tamen
653 2327 1066 2400 praetermisso,
1091 2327 1521 2400 interpretatur
1541 2328 1602 2378 6⁷.

494 2397 794 2465 Quomodo
824 2404 1020 2454 autem
1050 2397 1474 2469 plerisq'ueillis
1493 2397 1794 2469 praeceptis
1825 2397 2070 2452 idolola-

425 2472 542 2526 tria
558 2471 804 2541 falsique
819 2488 892 2524 nu
905 2470 1076 2542 minis
1090 2471 1281 2524 cultus
1300 2469 1676 2542 prohibeatur
1691 2470 2068 2542 manifestum

425 2543 693 2598 Clemens
719 2543 874 2597 facit.
905 2541 1110 2596 Postea
1139 2558 1272 2595 vero
1307 2541 1401 2595 ille
1435 2542 1600 2595 docet
1618 2545 1848 2597 Graecos
1883 2541 2069 2609 philo-

426 2613 889 2685 sophos‘idcirco
923 2617 1346 2685 Deum,__quem
1380 2611 1704 2676 nominant,
1765 2616 1828 2666 ut
1886 2612 2072 2666 Deum

427 2683 542 2742 non
577 2683 786 2746 colere,
820 2683 1096 2754 quoniam
1122 2683 1288 2737 illum
1321 2699 1388 2738 ex
1422 2689 1581 2754 parte
1602 2688 1829 2737 tantum
1859 2698 2072 2752 cogno-

427 2761 620 2811 scunt.
655 2757 734 2809 Ex
764 2755 871 2810 hac
903 2759 1098 2810 autern
1132 2756 1472 2825 imperfecta
1495 2755 1823 2824 cognitione
1854 2756 2073 2808 factum

429 2834 518 2883 est
552 2831 617 2882 ut
647 2826 939 2882 humanas
971 2826 1307 2881 affectiones
1337 2827 1385 2880 ei
1417 2826 1676 2880 tribuere
1708 2843 1819 2880 non
1847 2826 2078 2880 dubita-

430 2898 637 2978 verint.
671 2898 786 2978 Nec
802 2899 1031 2978 mirum
1067 2913 1226 2964 sane,
1253 2897 1738 2978 quandoquidem
1767 2897 1851 2952 sic
1894 2897 2072 2978 vitam

433 2974 635 3041 agunt,
670 2973 733 3024 ut
765 2969 824 3041 id
853 2972 1081 3041 tantum
1116 2968 1592 3041 quodprobabile
1613 2973 1722 3037 est,
1746 2985 1858 3024 non
1880 2974 2075 3041 autem

434 3039 632 3097 vérum
666 3040 1040 3111 inquirant“.
1066 3042 1136 3093 At
1157 3039 1494 3103 Christiani,
1523 3045 1760 3111 accepta
1815 3040 2075 3094 veritatis

443 3111 722 3175 scintilla,
756 3111 900 3165 nulli
927 3117 1178 3181 parcunt
1203 3111 1409 3176 labori,
1433 3111 1648 3178 studio,
1681 3127 1832 3166 curm
1857 3117 1912 3166 et
1943 3111 2074 3165 diti-

437 3183 668 3256 gentize,
701 3190 765 3236 ut
795 3179 1074 3256 depositis
1113 3179 1277 3256 falsis
1311 3182 1706 3256 Opinionibus,
1736 3198 1859 3256 eam
1912 3181 2082 3256 plane

438 3253 776 3325 agnoscant,
812 3254 1071 3324 ﬁantque
1102 3253 1205 3306 viri
1241 3254 1399 3319 boni,
1435 3253 1512 3324 pii
1545 3257 1599 3308 et
1631 3253 1977 3325 hone_sti,ac
2000 3253 2084 3324 ip-

438 3323 613 3381 simet
629 3325 848 3395 eidem,
882 3323 1165 3395 quantum
1200 3325 1321 3379 ﬁeri
1357 3323 1567 3395 potest,
1600 3325 1714 3378 Deo
1745 3323 1989 3378 similes.

511 3394 786 3450 Veritatis
819 3411 1010 3466 porro,
1045 3394 1128 3450 uti
1176 3394 1368 3466 pergit
1412 3395 1697 3463 Clemens,
1757 3396 1884 3450 duae
1942 3399 2084 3450 sunt

438 3465 664 3534 species
687 3470 745 3520 et
774 3465 938 3534 idem,
971 3465 1238 3521 videlicet
1269 3485 1358 3521 res
1389 3471 1446 3520 et
1477 3467 1733 3521 nomina.
1758 3467 1867 3520 Sed
1901 3466 2082 3522 Graeci

437 3536 770 3607 philosophi
797 3537 1008 3599 verbis,
1030 3537 1343 3592 Christiani
1369 3543 1564 3592 autem
1583 3539 1754 3592 rebus
1777 3538 2082 3593 iuberent.

441 3610 544 3681 His
579 3625 748 3678 porro
773 3609 1098 3681 sistendum
1132 3609 1388 3681 esse_ille
1417 3609 1633 3679 duplici
1661 3610 1865 3681 probat
1888 3625 2082 3664 exem-

439 3679 533 3751 plo
567 3696 580 3732 :
611 3696 726 3734 uno
757 3679 993 3751 quidem
1026 3679 1236 3734 Christi
1271 3679 1520 3746 Domini,
1552 3679 1676 3749 qui'
1707 3681 1914 3734 humili
1977 3682 2086 3734 fuit

437 3750 697 3822 Corporis
714 3751 917 3817 forma;
935 3750 1114 3805 altero
1129 3755 1322 3805 autem
1342 3752 1774 3822 corvorum,qui
1794 3751 2084 3807 humanas

433 3838 602 3877 voces
635 3822 944 3876 imitantur
965 3824 1334 3877 “.Caaterum
1385 3824 1482 3893 qui
1542 3823 1714 3878 fidem
1776 3824 2082 3892 acceperit,

437 3893 614 3961 hujus
637 3894 943 3965 proprium
979 3899 1068 3948 est
1103 3893 1224 3948 ﬁeri
1253 3895 1606 3965 cognitionis
1629 3895 1992 3965 participem,
2017 3911 2084 3948 ac

439 3980 616 4034 super
635 3963 1225 4036 hoc’fundamentum
1249 3965 1296 4019 si
1329 3963 1560 4032 aurum,
1591 3963 1919 4036 argentum,
1940 3966 2083 4036 lapi-

437 4036 539 4116 des
573 4035 1164 4116 pretiososposuerit,
1197 4035 1255 4088 in
1287 4037 1473 4092 virum
1509 4035 1760 4108 regalem
1794 4043 1849 4092 et
1886 4059 1911 4090 α
1941 4035 2081 4108 gno-

437 4106 652 4161 sticum
689 4127 700 4152 ›
733 4106 940 4160 evadit.

510 4177 678 4231 Dictu
714 4179 906 4230 tamen
940 4174 1264 4230 absurdum
1297 4193 1411 4230 non
1445 4180 1533 4229 est
1579 4176 1836 4230 Graecam
1889 4177 2081 4246 philo-

439 4247 728 4317 sophiam,
763 4262 910 4316 qua},
945 4247 1098 4300 sicut
1129 4245 1226 4315 pili
1257 4252 1313 4300 et
1341 4248 1540 4312 vestis,
1576 4247 1825 4317 alicujus
1856 4245 1940 4302 est
1972 4249 2082 4303 uti-

440 4319 645 4383 litatis,
680 4318 860 4373 aDeo
904 4333 1033 4372 esse
1089 4318 1307 4372 datam.
1371 4317 1676 4372 Hominem
1739 4319 1953 4389 quippe
2011 4321 2081 4374 ad

441 4389 833 4445 Christianam
869 4389 1300 4460 perfectionem
1331 4389 1583 4458 deducit,
1619 4391 1790 4443 modo
1822 4396 2016 4444 tamen
2052 4407 2086 4444 a

441 4463 691 4516 barbara
721 4478 834 4515 non
861 4459 1164 4516 erubescat
1187 4459 1780 4531 philosophiadoceri.
1803 4461 1906 4526 Qui
1932 4463 2086 4517 enim

443 4533 672 4588 curiose
704 4549 767 4586 ac
798 4533 923 4586 sine
976 4532 1330 4603 arrogantia,
1390 4533 1486 4586 sed
1545 4532 1772 4587 sincero
1826 4534 2087 4589 veritatis

442 4621 639 4659 amore
674 4605 989 4672 perfectam
1025 4603 1455 4674 philosophiam
1492 4609 1895 4675 perscrutatus
1918 4606 1981 4670 7°,
2025 4606 2085 4658 in

442 4675 907 4730 Christianorum
933 4675 1417 4730 consuetudinem
1438 4692 1499 4730 se
1517 4675 1759 4741 dederit,
1785 4677 1833 4731 is
1856 4691 1997 4731 sane
2015 4677 2087 4730 ad

447 4746 616 4817 ﬁdem
653 4747 933 4815 primum,
967 4763 1030 4799 ac
1060 4747 1271 4801 deinde
1300 4748 1370 4800 ad
1424 4747 1703 4816 majorem
1761 4750 2087 4817 profectum

441 4816 694 4883 ducitur,
736 4834 801 4871 ac
826 4819 1063 4872 demum
1097 4819 1166 4871 ad
1229 4818 1482 4872 salutem
1542 4816 1860 4873 contendit.
1922 4821 2085 4874 'l‘unc

444 4902 615 4957 porro
648 4886 743 4940 ille
773 4903 906 4942 vera
937 4893 1180 4942 ornatur
1210 4889 1541 4957 prudentia,
1597 4893 1767 4957 cujus
1824 4891 2082 4945 deﬁnitio

445 4956 720 5032 variaque
754 4960 990 5012 nomina
1020 4959 1090 5013 ab
1120 4956 1352 5014 auctore
1385 4966 1583 5014 nostro
1613 4956 1978 5032 explicantur
2015 4963 2081 5016 τί.

518 5027 879 5102 Quapropter
926 5045 1024 5084 eos
1074 5047 1279 5085 rursus
1336 5032 1578 5094 castigat
1615 5027 1700 5086 et'
1729 5032 1959 5096 refellit,
1985 5033 2085 5102 qui

449 5096 874 5167 philosophiam
912 5116 1026 5153 non
1059 5117 1091 5153 a
1125 5107 1254 5165 Deo,
1291 5102 1388 5155 sed
1415 5120 1447 5155 a
1477 5102 1708 5156 diabolo
1739 5108 1923 5157 ortam
1958 5096 2086 5160 esse

446 5183 750 5238 perperam
785 5171 1231 5225 contendebant.
1263 5173 1399 5226 Inde
1431 5179 1623 5226 autem
1657 5175 1955 5228 concludit
1981 5175 2086 5229 Ju-

444 5238 584 5293 dmis
615 5239 822 5307 legem,
849 5240 1274 5310 philosophiam
1297 5259 1430 5297 vero
1451 5244 1662 5299 Graecis
1684 5246 1876 5298 datam
1906 5246 2087 5302 fuisse

441 5310 907 5365 donecChristus
930 5311 1161 5366 huncin
1187 5315 1474 5368 mundum
1514 5314 1687 5370 homo
1711 5317 1896 5370 factus
1928 5317 2085 5370 veni-

440 5387 524 5434 ret
546 5381 612 5457 τῆ.
646 5383 761 5436 Nos
784 5386 985 5457 tamen
1003 5382 1578 5457 ille__commonefacit
1600 5403 1661 5441 se
1706 5386 2084 5457 philosophia;

438 5453 675 5508 nomine
705 5469 940 5508 omnem
973 5453 1296 5526 intelligere
1326 5456 1651 5527 veritatem,
1706 5453 1884 5528 quam
1926 5453 2082 5529 ejus-

493 5668 537 5701 63
575 5668 906 5744 p.__e80_.__u
940 5668 1264 5744 meet,“
1297 5671 1505 5744 pLesz.
1557 5743 1560 5744 ί
1611 5672 1654 5706 ιτα
1687 5689 1740 5744 ρ.
1773 5673 1878 5727 683
1909 5677 1964 5728 et
1993 5689 2116 5741 seq.

430 5740 468 5773 τι
499 5757 556 5811 ρ.
591 5740 712 5795 693.
746 5739 870 5796 693.

976 5740 1019 5774 ⁷²
1051 5758 1108 5814 ρ.
1141 5742 1264 5797 694.
1298 5740 1310 5742 ⁷
1345 5743 1388 5776 ⁷³
1413 5761 1471 5816 p.
1506 5743 1627 5799 695·
1687 5740 1753 5780 ’⁷⁵
1784 5761 1839 5817 p.
1871 5745 1996 5801 096.

2191 5749 2360 5802 .697.
2395 5748 2437 5782 το
2470 5740 2520 5820 ρ.
2561 5764 2616 5821 p.
2645 5750 2769 5807 ess.
2820 5740 2889 5786 ’ττ
2922 5751 3135 5823 p.699.

2172 1756 2688 1830 potentemDeum,
2711 1757 2930 1830 nullam
2957 1775 3127 1830 posse
3143 1774 3273 1816 esse
3299 1759 3458 1814 illius
3479 1757 3829 1827 imaginem,

2173 1826 2277 1902 nec
2299 1826 2617 1882 simulacra
2637 1844 2768 1883 esse
2794 1826 3077 1902 imagines
3102 1832 3384 1902 corporis,
3411 1826 3827 1885 multominus

2173 1898 2382 1954 animae
2413 1915 2636 1970 eorum,
2670 1915 2820 1968 quos
2849 1898 3057 1970 pagani
3109 1898 3311 1957 colunt
3339 1907 3396 1956 et
3441 1906 3826 1956 venerantur.

2175 1971 2274 2024 His
2307 1970 2502 2043 itaque
2533 1969 2750 2043 relictis
2791 1969 2863 2026 ac
2888 1969 3232 2043 repudiatis,
3265 1974 3439 2028 homo
3479 1972 3544 2028 ﬁt
3590 1972 3828 2042 justus,

2175 2041 2523 2096 abstinendo
2556 2059 2589 2096 a
2616 2041 2790 2116 malis
2820 2048 2878 2098 et
2910 2041 3198 2116 proximos
3247 2045 3565 2116 diligendo.
3596 2041 3675 2098 ’At
3728 2043 3830 2097 in-

2175 2111 2725 2186 crementojustitias
2749 2111 3086 2184 agnoscitur
3107 2111 3501 2186 «gnosticvus,»
3527 2117 3651 2186 qui,
3688 2131 3830 2169 cum

2176 2185 2244 2259 ad
2266 2199 2581 2259 summam,
2607 2201 2784 2259 quam
2803 2187 3117 2259 Apostolus
3137 2185 3528 2259 principatum
3547 2185 3834 2259 obtinere

2176 2255 2340 2320 dixit,
2372 2255 2501 2308 ﬁdei
2535 2258 2735 2328 γνῶσιν
2772 2255 3114 2327 pervenerit,
3137 2255 3422 2314 'zeternam
3475 2258 3822 2313 felicitatem

2175 2333 2567 2396 consequetur
2597 2328 2660 2380 7‘.

2246 2399 2327 2451 Ad
2361 2399 2540 2470 alium
2575 2397 2830 2470 posthaec
2851 2399 3205 2466 Graecorum,
3240 2400 3340 2470 qui
3362 2399 3670 2455 veritatem
3699 2413 3831 2453 sese

2176 2469 2689 2538 comprehendisse
2709 2469 3085 2539 jactitabant,
3107 2469 3358 2527 errorem
3393 2487 3497 2526 con
3509 2471 3829 2525 futandum

2177 2547 2372 2609 aperte
2402 2540 2669 2595 Clemens
2697 2543 2955 2596 ostendit
2985 2543 3368 2598 inﬁrmiorem
3401 2558 3530 2598 esse
3562 2541 3836 2596 hominis

2179 2613 2463 2666 rationem
2497 2628 2672 2685 quam
2709 2617 2770 2666 ut
2800 2612 2960 2667 illam
2995 2616 3180 2684 possit
3209 2615 3335 2669 sine
3366 2613 3685 2685 ipsiusmet
3727 2612 3835 2666 Dei

2179 2687 2485 2756 opegatque
2507 2683 2724 2738 auxilio
2751 2683 3242 2756 comparare".Ab
3275 2683 3404 2756 ipso
3431 2687 3586 2740 enim
3623 2700 3833 2756 omnes

2180 2753 2482 2828 sapientia:
2504 2759 2560 2808 et
2580 2755 2839 2828 veritatis
2873 2753 3062 2810 fontes
3080 2759 3149 2811 ad
3178 2774 3283 2812 nos
3298 2753 3492 2828 primo
3518 2771 3623 2826 per
3645 2755 3834 2826 legem

2181 2831 2236 2878 et
2268 2825 2834 2899 prophetas,__deinde
2867 2843 2974 2899 per
2996 2828 3209 2882 Christi
3257 2825 3722 2899 praecursorem,
3768 2843 3838 2881 ac

2183 2895 2417 2950 tandem
2446 2913 2545 2966 per
2573 2895 2734 2952 illius
2755 2895 3052 2971 apostolos
3087 2905 3143 2954 et
3173 2895 3577 2971 praedicatores
3629 2914 3834 2953 mana-

2184 2972 2412 3041 verunt.
2437 2973 2648 3041 Contra
2677 2984 2810 3023 vero
2853 2969 3218 3041 philosophis
3251 2987 3362 3026 non
3397 2969 3651 3041 quilibet
3683 2985 3833 3041 “ma-

2235 3039 2357 3093 istri
2373 3081 2385 3105 ,
2435 3040 2533 3094 sed
2551 3039 2790 3110 quidam
2807 3045 3036 3095 tantum
3058 3039 3347 3110 placuere.
3365 3039 3589 3097 Platoni
3609 3039 3840 3096 scilicet

2106 3067 2150 3130 ο
2190 3054 2385 3163 gnem,
2435 3054 3837 3168 seuquidam-tantumplacuere.Platoniscilicet

2233 3112 2805 3182 ocrates,Xenocrati
2830 3112 3011 3180 Plato,
3094 3113 3388 3170 ristoteles
3427 3113 3837 3182 Theophrasto

2187 3182 2255 3234 Et
2284 3180 2550 3256 Cleanthi
2583 3183 2750 3256 Zeno.
2789 3185 3120 3256 Quidvero,
3155 3186 3306 3256 quod
3369 3180 3746 3256 philosophia
3777 3182 3838 3237 in

2187 3253 2402 3306 Graecia
2433 3257 2661 3308 tantum
2695 3254 2914 3317 vigebat
2940 3255 2967 3308 ‘?
2988 3253 3194 3311 Nostra
3229 3253 3384 3310 vero'
3415 3253 3684 3311 doctrina
3715 3269 3840 3308 non

2189 3323 2247 3376 in
2283 3323 2405 3378 sola
2433 3325 2653 3392 Judaaa,
2679 3327 2775 3379 sed
2810 3343 2910 3396 per
2932 3332 3116 3381 totum
3143 3334 3432 3382 terrarum
3451 3328 3654 3382 orbem
3679 3325 3838 3450 apud

2189 3411 2390 3449 omnes
2420 3401 2621 3450 gentes
2652 3402 2709 3450 et
2732 3397 2976 3450 nonulos
3004 3399 3388 3450 disseminata
3417 3404 3526 3450 est.
3573 3399 3658 3450 Ad
3760 3413 3838 3450 mc

2189 3411 2390 3466 omnes
2420 3401 2621 3466 gentes
2652 3402 2709 3451 et
2732 3397 2976 3466 pepulos
3004 3399 3388 3454 disseminata
3417 3404 3526 3454 est.
3573 3399 3658 3452 Ad
3715 3397 3842 3452 hinc

2189 3482 2322 3541 vero
2352 3465 2448 3541 illa
2469 3467 2674 3541 “Graeca
2707 3465 3096 3540 philosophia,
3130 3471 3361 3540 quoties
3394 3487 3427 3526 a
3477 3468 3842 3541 magistrati-

2191 3537 2300 3592 bus
2317 3537 2609 3610 prohibita
2635 3537 2744 3603 est,
2765 3537 3160 3596 toties'statim
3181 3542 3352 3610 periit
3376 3558 3388 3594 :
3417 3537 3613 3595 nostra
3638 3545 3840 3594 autem

2191 3625 2304 3684 quo
2335 3607 2542 3664 durius
2573 3615 2630 3664 et
2647 3611 2948 3684 crudelius
2972 3629 3004 3667 a
3025 3607 3394 3684 principibus
3415 3618 3471 3668 et
3498 3613 3651 3667 1'29
3681 3613 3842 3684 regi—

2191 3681 2320 3744 bus,
2355 3689 2528 3751 alque
2559 3681 2846 3737 universis
2869 3681 3068 3738 eorum
3090 3681 3443 3739 satellitibus
3463 3686 3642 3738 vetita
3665 3689 3724 3736 et
3746 3682 3843 3737 di—

2189 3757 2413 3826 vexata,
2435 3769 2499 3805 eo
2523 3753 2711 3824 magis
2731 3771 2963 3825 semper
2983 3756 3181 3810 floruit
3199 3757 3532 3826 Rhenique
3550 3755 3693 3808 illud
3717 3759 3843 3808 tam

2193 3823 2404 3876 falsum
2429 3840 2556 3878 esse
2574 3823 2879 3894 convincit,
2903 3827 3056 3896 quod
3083 3827 3260 3881 (ἶνα)σὶ
3287 3823 3670 3882 venditabant
3699 3841 3842 3878 suos

2191 3898 2412 3964 poetas,
2437 3896 3002 3966 quantumvisleves,
3021 3897 3218 3952 divino
3239 3897 3445 3970 spiritu
3472 3898 3655 3952 fuisse
3673 3897 3845 3951 afﬂa-

2190 3971 2302 4040 tos,
2329 3981 2503 4033 quam
2527 3970 2748 4040 certum
2773 3973 2861 4022 est
2882 3985 3079 4024 sacros
3105 3975 3332 4025 nostros
3359 3970 3673 4040 prophetas
3705 3982 3843 4040 esse

2190 4036 2396 4111 divina
2429 4036 2584 4111 vocis
2617 4037 3029 4111 instrumenta.
3060 4043 3249 4111 Atque
3281 4036 3655 4096 ibi'Clémens
3700 4039 3846 4094 huic

2188 4108 2424 4182 tandem
2460 4108 2605 4182 libro
2633 4110 2807 4182 ﬁnem
2861 4108 3392 4182 imponitfaitque
3453 4129 3513 4167 se
3565 4127 3843 4181 quaenam

2189 4179 2305 4233 sint
2336 4202 2362 4227 ‹‹
2395 4179 2642 4253 gnostici
2670 4202 2694 4228 ι›
2731 4179 3258 4253 ωονθεζρὶυῐηᾳυθ
3286 4179 3418 4237 vitis
3451 4179 3610 4238 illius
3662 4183 3842 4236 insti-

2189 4256 2381 4304 tutum
2415 4251 2588 4325 veluti
2619 4250 2679 4306 in
2711 4253 2924 4307 tabella
2958 4250 3232 4322 pinxisse,
3284 4271 3348 4308 ac
3397 4260 3711 4325 postquam
3767 4254 3844 4307 de

2191 4326 2321 4395 ortu
2355 4322 2558 4395 mundi
2591 4327 2840 4378 tractare
2870 4327 3132 4395 cmperit,
3156 4343 3226 4380 se
3257 4322 3621 4395 tunc—qualis
3679 4326 3842 4380 idem

2192 4392 2290 4468 ille
2318 4415 2345 4441 «
2370 4393 2668 4468 gnosticus
2693 4417 2720 4442 ››
2755 4395 2810 4448 in
2845 4392 3038 4450 rerum
3073 4392 3849 4468 naturalium—contempla-

2197 4464 2352 4519 tione
2383 4465 2459 4519 sit
2491 4465 3032 4522 demonstraturum
3065 4467 3392 4539 pollicetur.

2726 4599 3131 4655 ABTICULUS
3168 4600 3294 4657 νη.

2666 4697 2921 4769 Analysis
2953 4697 3092 4753 libri
3119 4700 3350 4770 septimi.

2264 4821 2347 4874 Ab
2376 4819 2503 4891 ipso
2536 4820 2780 4891 hujusce
2809 4822 2936 4877 libri
2970 4823 3136 4877 initio
3167 4823 3436 4879 Clemens
3465 4823 3680 4876 Graecis
3741 4825 3845 4879 de-

2195 4894 2642 4966 monstrandum
2676 4894 2923 4964 suscipit
2953 4895 3142 4949 solum
3194 4917 3220 4945 ‹‹
3253 4896 3612 4966 gnosticum.
3644 4914 3670 4944 ιι
3739 4912 3847 4950 seu

2194 4963 2732 5037 vereChristianum
2762 4963 3058 5020 hominem
3086 4982 3215 5020 esse
3238 4963 3398 5037 pium
3423 4972 3480 5020 et
3504 4966 3852 5036 religiosum

2196 5052 2260 5088 ac
2285 5036 2621 5108 proindeah
2647 5035 2761 5090 illis
2785 5053 2850 5091 eo
2880 5040 3116 5092 nomine
3140 5035 3310 5108 plane
3335 5035 3853 5092 immerito'vexari

2194 5111 2250 5179 et
2270 5106 2548 5179 exagitari
2572 5108 2636 5160 ⁷⁷.
2674 5113 2743 5160 At
2775 5108 2960 5177 primo
2984 5106 3214 5179 quidem
3241 5109 3497 5164 declarat
3525 5126 3588 5164 se
3609 5109 3850 5164 eviden-

2194 5178 2352 5250 tibus
2384 5178 2678 5232 rationum
2701 5178 3034 5243 momentis,
3060 5197 3173 5234 non
3200 5186 3393 5235 autem
3436 5181 3673 5249 divinis,
3709 5182 3847 5250 qui-

2195 5249 2310 5320 bus
2329 5253 2527 5318 postea
2549 5251 2782 5320 quando
2805 5252 2984 5306 Graeci
3014 5253 3370 5307 crediderint
3392 5257 3610 5318 utetur,
3663 5249 3849 5308 sacra:

2195 5319 2508 5390 Scriptura
2539 5319 2734 5376 verbis
2776 5321 2832 5376 id
2886 5324 3312 5392 probaturum;
3374 5339 3444 5379 ne
3491 5323 3846 5380 Christiani-

2195 5407 2392 5468 smum
2425 5393 2783 5468 describens‘
2820 5393 2892 5449 iis
2923 5395 3389 5468 orationislilum
3424 5395 3847 5468 interrumpat,

2194 5479 2320 5533 quae
2353 5464 2564 5519 Graecis
2595 5465 2852 5520 nondum
2886 5470 3088 5536 aperta
3117 5465 3265 5522 satis
3297 5471 3481 5522 erant.
3515 5464 3845 5524 Monet'ta-

2219 5673 2262 5750 ei
2295 5692 2351 5739 p,
2382 5676 2510 5750 e87,
2543 5677 2668 5730 ess.
2740 5678 2784 5713 ω
2820 5694 2870 5750 ρ.
2905 5679 3032 5733 689.

3137 5679 3180 5716 σθ
3213 5697 3267 5752 p.
3302 5681 3409 5736 690
3531 5683 3577 5716 το
3609 5699 3665 5754 ρ.
3700 5685 3825 5740 esi.

4122 1129 4126 1152 I

4122 1153 4130 1308 ἓ

4122 1527 4136 1662 ἰ
