2074 3101
145 132 212 159 1049
775 131 825 158 DE
843 131 961 158 LlBBlS

1031 132 1213 160 ROMATUM.
1776 132 1845 160 1050

144 194 238 223 dentis
260 193 365 226 instar,
381 194 410 231 et
424 192 553 228 acceptis
568 192 604 220 ab
620 192 758 228 Apostolo
773 193 965 227 documentis,
982 199 1007 231 Α
1023 202 1126 231 rursus
1143 195 1174 222 ﬁt
1188 194 1279 229 virgo.
1294 196 1329 222 At
1344 194 1394 230 qui
1411 195 1659 230 perturbationem
1676 196 1778 223 animae
1792 205 1845 224 no—

145 230 230 267 plane
246 229 417 267 contemnit,
424 232 452 256 et
469 231 653 267 aspernatur.

183 276 195 290 ιι
210 265 340 293 Gnostici
357 276 371 288 »
399 264 499 300 itaque
514 265 613 292 anima
642 264 688 291 bis
702 265 863 292 virtutibus
884 273 967 292 exor-

147 304 225 334 nata,
243 301 276 328 ﬁt
293 299 440 328 terrestris
453 299 596 336 quaedam
614 300 662 327 Dei
677 301 774 336 imago
789 303 818 327 et
841 300 968 335 Spiritus

147 309 225 334 nata,
243 309 276 328 ιιι
293 309 440 328 terrestris
464 309 596 362 quaenam
614 309 662 327 uei
677 309 774 336 imago
789 309 818 327 et
841 309 968 335 Dplt‘ltus

145 337 238 365 sancti
251 336 395 371 templum
411 336 472 363 ¹⁰.ΙΙ
487 336 969 371 eenimvero,quinullavoluptate

145 373 221 400 vinci
238 376 346 407 potest,
357 371 553 406 omnibusque
565 372 776 406 cupiditatibus
787 372 967 406 dominatur,

145 409 287 436 adversus
301 415 387 434 omne
399 407 698 442 periculum,orunem
712 410 832 440 metum,
845 415 968 442 pauper-

144 447 247 477 tatem,
264 443 413 474 morbum,
440 443 646 478 ignominiam,
670 443 825 478 ipsamque
846 447 967 470 mortem

146 480 287 507 audacter
298 479 434 513 insurgit.
449 479 710 506 Persuasissimum
720 479 827 514 quippe
839 478 970 506 habetvi-

144 516 231 548 tium,
248 523 282 542 ex
297 522 354 549 quo
374 513 516 549 ignoratio
532 514 636 546 oritur,
653 515 749 541 solum
766 513 830 541 esse
846 515 968 546 malum,

144 554 234 586 atque
247 551 387 578 adversus
400 549 482 583 illud,
495 549 715 586 armieromini
728 550 901 581 instructus.
914 550 967 577 for-

143 585 216 614 titor
225 586 354 613 dimicat.
369 586 455 612 Porro
467 589 564 613 autem
580 585 628 612 illa
638 596 651 610 ‹‹
665 586 786 621 gnostici
803 596 816 610 »
829 586 968 613 fortitudo

145 631 238 657 neque
267 630 300 649 ex
314 629 397 657 caeco,
418 621 512 648 oritur
527 621 714 648 temerariove
731 622 852 656 impetu,
884 621 923 648 uti
941 622 969 648 in

145 656 249 694 pueris
265 660 294 684 et
310 656 417 694 belluis
429 665 547 694 ;7neque
560 665 593 694 ea
608 656 656 683 viii
672 659 701 684 et
716 657 825 683 caduca
842 657 972 694 mercede

147 692 182 722 ut
199 695 226 720 in
245 692 508 728 praestigiatoribus
520 701 527 725 ;
540 693 589 719 sed
602 700 718 727 semper
728 701 762 719 ex
777 695 853 719 recta
862 692 972 719 ratione

144 732 319 771 procreatur
331 729 363 755 “.
380 728 520 768 Quocirca
536 731 678 771 martyres
689 736 846 771 ‘nunquam
865 731 972 771 temere

143 764 174 792 in
210 767 333 791 mortem
350 764 513 799 praecipites
530 766 630 794 ruunt,
648 764 709 797 sed,
725 766 780 791 Deo
797 766 928 797 vocante,
945 766 973 790 et

144 799 212 828 sola
228 807 403 835 summaque
420 799 447 826 id
465 807 530 826 eum
542 799 774 826 charitateillam
794 800 972 826 constantis-

146 836 224 864 sime
239 836 359 863 obeunt.
376 835 559 862 Christianos
574 838 671 862 autem
687 835 883 870 imperfectos.
900 835 972 862 scin

1023 229 1110 257 luerit
1126 231 1305 264 exscindere,
1322 229 1371 257 ille
1387 229 1515 265 seipsum
1532 231 1647 258 occidit.

1060 277 1072 290 ιι
1082 267 1238 293 Gnosticus
1251 277 1264 289 n
1277 267 1375 302 itaque
1387 274 1436 302 per
1447 267 1654 302 cognitionem,
1665 274 1729 302 quae
1738 267 1843 294 animae

1023 305 1068 328 est
1084 301 1268 336 alimentum,
1285 304 1312 328 et
1329 301 1430 337 per'ea
1445 301 1507 337 quin
1529 303 1673 337 cognovit,
1696 302 1848 330 salvetur:

1023 340 1111 372 atque
1140 339 1322 373 evangelicas
1352 338 1479 374 virgines
1509 339 1656 370 imitatus,
1683 338 1767 365 sibia
1791 338 1848 366 Deo

1024 374 1170 408 promissa
1195 374 1234 401 ita
1251 373 1389 409 postulat,
1416 376 1447 400 ut
1462 377 1559 400 tamen
1577 374 1612 401 ad
1634 382 1667 401 ea
1682 382 1746 409 quae
1765 374 1848 409 petit,

1024 412 1082 435 tam
1098 417 1153 436 non
1163 409 1357 444 assequenda,
1369 417 1457 444 quam
1467 410 1664 444 assequenda,
1677 410 1715 436 sit
1728 412 1848 444 paratus

1023 444 1095 471 Tota
1111 448 1208 471 autem
1224 444 1305 472 illius
1314 446 1380 477 vita,
1399 445 1485 472 modo
1503 448 1623 480 peccato
1640 453 1696 472 non
1712 445 1849 480 inquine-

1024 482 1081 511 tur,
1099 483 1143 507 est
1158 481 1294 515 precatio,
1307 482 1335 507 et
1349 488 1415 507 cum
1433 480 1489 508 Deo
1506 481 1702 508 conversatio:
1719 488 1751 507 ac
1767 481 1850 515 quid-

1025 516 1095 550 quid
1112 516 1181 549 vult,
1199 516 1272 543 nihil
1289 519 1387 543 autem
1402 516 1506 543 inutile
1521 517 1612 551 cupit,
1628 516 1690 552 ipse
1705 517 1844 543 continuo

1025 552 1227 586 consequitur.
1241 552 1319 583 Quod
1333 552 1355 579 si
1369 551 1435 587 quis
1447 552 1586 586 objecerit
1597 551 1739 587 quosdam
1749 560 1848 587 pecca-

1025 589 1103 613 tores
1115 588 1141 613 id
1154 588 1230 622 quod
1244 590 1346 622 rogant
1357 587 1513 622 aliquando
1525 587 1692 622 impetrare,
1705 587 1772 614 huic
1790 587 1849 614 Cle-

1026 630 1110 649 mens
1119 623 1274 657 respondet
1284 623 1304 639 ¹⁶
1320 622 1391 649 illud
1404 631 1467 650 raro
1484 622 1556 656 ﬁeri,
1573 626 1602 650 et
1617 623 1686 658 quia
1695 622 1771 650 Deus
1783 623 1848 650 illos

1030 658 1103 685 132
1119 658 1230 693 aliquid
1244 657 1308 685 aliis
1322 658 1388 684 inde
1401 658 1556 692 largituros
1568 657 1633 686 esso
1649 659 1794 694 praevidet.
1814 659 1851 686 At

1026 694 1064 720 iis
1077 694 1124 728 qui
1144 693 1225 728 digni
1249 696 1329 726 sunt,
1345 694 1432 720 etiam
1455 702 1511 721 non
1536 693 1714 729 petentibus,
1731 702 1763 721 ea
1785 702 1850 729 qum

1026 703 1064 720 IIS
1077 703 1124 728 qut
1144 703 1225 728 (llgul
1249 703 1329 726 SUDI,
1345 703 1432 720 Ellam
1455 703 1511 721 non
1556 703 1714 726 eIBDUDUB,
1731 703 1763 721 ea
1785 703 1848 729 qum

1026 737 1092 769 vere
1104 730 1184 769 bona
1200 733 1281 769 sunt,
1298 729 1509 769 conceduntur.
1529 703 1619 765 lgegia
1636 730 1724 765 igitur
1738 729 1784 756 via
1799 730 1848 769 ille

1028 765 1147 795 incedit,
1162 765 1210 800 qui
1223 765 1301 791 nulla
1314 765 1498 796 necessitate,
1511 769 1561 792 aut
1571 774 1632 800 spe,
1645 768 1693 792 aut
1708 768 1785 792 metu
1798 766 1847 792 sed

1027 800 1119 827 libero
1132 801 1223 827 animi
1236 801 1480 835 institutojustus
1491 801 1626 829 efficitur.
1639 812 1653 824 ‹‹
1663 801 1821 828 Gnosticus
1835 811 1848 825 ››

1028 839 1137 871 autem,
1153 839 1295 870 tanquam
1311 836 1429 862 divinus
1445 836 1583 871 agricola,
1600 837 1776 871 cupiditates
1787 845 1850 863 am-

146 872 207 912 ﬁde
218 871 462 912 pueroshquan‘do
472 870 580 912 aliquid
593 873 810 912 propter‘Deum
822 870 972 912 nonnullis
988 877 1011 909 Β
1030 874 1124 912 putat,
1141 879 1174 912 ac
1190 872 1326 906 plantans
1342 874 1370 899 et
1385 870 1672 912 irrigans‘duplice’m
1694 872 1775 912 metit
1790 872 1851 898 fru-

146 907 216 936 aliis
233 906 396 934 rationibus
412 906 491 933 ducti
507 906 669 941 patiuntur,
693 906 808 933 etiamsi
838 906 971 941 quadam

147 950 259 971 corona
274 944 390 969 maneat
406 951 412 974 ;
425 950 525 977 sempe
535 950 547 968 r
559 944 655 968 tamen
668 941 795 969 charitas
807 945 924 977 propter
935 950 977 975 se,

148 984 176 1007 et
193 986 252 1005 non
269 982 388 1012 propter
402 977 493 1010 aliud,
510 977 642 1009 eligenda
657 979 684 1004 et
694 978 857 1011 expetenda
879 980 933 1005 est.

189 1014 285 1041 Efﬁcit
300 1014 399 1048 itaque
415 1013 444 1040 in
460 1024 474 1038 α
499 1013 632 1048 gnoslico
648 1023 662 1037 n
680 1013 829 1046 fortitudo,
851 1017 882 1040 ut
898 1015 974 1040 metu

150 1057 271 1085 semper
285 1057 394 1076 vacuus
405 1050 444 1075 sit
456 1049 597 1085 ;justitia.
611 1051 765 1085 utsemper
773 1057 872 1076 verum
883 1049 974 1085 dicat;

150 1057 271 1085 semper
285 1057 394 1076 vacuus
405 1057 444 1075 sit
456 1057 597 1111 ςὶιυειιιιιλ.
611 1057 642 1075 υι
649 1057 765 1083 semper
773 1057 872 1076 verum
883 1057 974 1081 Dicat;

149 1085 360 1121 temperantia,
377 1087 417 1121 ut
430 1093 467 1111 nu
483 1084 511 1111 la
522 1084 606 1121 plane
622 1084 750 1111 humana
766 1084 925 1121 cupiditate
941 1083 976 1121 li_-

150 1119 298 1156 quescens
315 1122 365 1147 aut
378 1119 511 1153 affectus,
523 1120 578 1147 sibi
596 1128 712 1154 semper
720 1123 833 1147 constet
841 1122 870 1146 et
886 1119 976 1146 domi-

149 1155 240 1184 lietur
257 1157 287 1183 ¹².
305 1156 415 1183 Horum
431 1158 528 1183 autem
544 1155 676 1182 omnium
691 1163 779 1182 causa
793 1158 837 1183 est
852 1155 976 1182 sanctis-

149 1192 229 1219 sima
235 1195 264 1219 et
271 1192 398 1219 maxime
407 1192 563 1226 praecipua,
571 1190 837 1226 κυριωτάτη,οωηὶε
849 1191 976 1218 scientiis

147 1228 292 1260 charitas,
310 1235 368 1261 qua
380 1238 393 1251 ι(
404 1228 554 1262 gnosticus
571 1238 584 1251 ››
594 1227 624 1253 fit
633 1228 676 1253 vir
685 1235 750 1254 vere
762 1227 916 1262 perfectus,
927 1226 974 1253 Dei

148 1263 282 1303 amicus,
296 1263 324 1290 in
339 1263 402 1297 ejus
414 1262 506 1303 ﬁlium
516 1265 679 1303 cooptatus,
691 1263 850 1298 ipsumque
863 1262 976 1289 faciead

149 1299 258 1327 faciem
276 1299 304 1325 in
321 1303 462 1325 aeternum
479 1299 598 1325 videbit.

189 1335 223 1362 Et
239 1342 306 1362 vero
320 1334 369 1361 ille
395 1334 558 1368 proximum
587 1341 641 1361 non
660 1333 746 1360 modo
762 1341 818 1360 non
841 1332 975 1367 despicit,

149 1370 203 1398 sed
217 1370 358 1398 afﬂictum
372 1369 623 1397 consolationibus
634 1371 663 1396 et
675 1368 977 1396 adhortationibusle-

147 1408 209 1438 vat,
231 1405 352 1441 pauperi
367 1405 486 1432 tametsi
501 1405 598 1440 ipsum
610 1404 676 1432 odio
692 1404 807 1441 habeat,
824 1412 857 1441 ea
869 1404 977 1441 quibus

148 1439 276 1477 indiget,
292 1439 344 1476 pro
358 1442 425 1477 eius
441 1439 543 1468 merito
560 1441 685 1477 benigne
702 1443 729 1477 et
746 1439 903 1477 liberaliter
918 1439 976 1477 lar-

149 1475 234 1513 gitur
250 1477 281 1503 ³³.
294 1475 403 1504 Nullus
412 1477 559 1504 enimvero
575 1476 643 1511 ipsi,
655 1475 710 1503 nisi
728 1476 842 1513 etqDAeo,
859 1476 896 1513 ob
907 1475 976 1513 vitia

149 1510 184 1540 ac
197 1515 318 1548 peccata
328 1513 465 1539 inimicus
476 1514 529 1540 est.
539 1510 626 1539 Porro
638 1511 765 1548 autemisi
777 1511 869 1548 aliqui
880 1510 975 1538 adhuc

1031 910 1121 934 ctum.
1143 907 1190 934 Ille
1206 915 1272 934 vero
1288 915 1304 933 a
1315 907 1430 934 nemine
1441 909 1569 939 vexatur,
1583 908 1639 934 nisi
1653 908 1729 935 Deus
1744 907 1771 934 id
1785 916 1848 942 pro-

1031 945 1094 978 pter
1106 942 1229 970 aliorum
1244 942 1400 970 utilitatem
1418 943 1594 978 permiserit.
1613 943 1694 971 Illata
1717 951 1802 978 porro
1813 943 1849 970 ab

1031 978 1097 1005 aliis
1110 978 1187 1005 mala
1199 978 1263 1005 forti
1273 978 1407 1012 virilique
1423 979 1521 1005 animo
1541 987 1708 1014 perpessus,
1720 981 1850 1012 caeteros,

1031 1014 1277 1048 quemadmodum
1287 1014 1421 1048 apostoli,
1435 1015 1462 1040 in
1472 1015 1527 1041 fide
1538 1015 1702 1047 conﬁrmat,
1710 1017 1851 1049 rogatque

1032 1053 1064 1076 ut
1079 1049 1102 1076 si
1119 1050 1168 1084 qui
1187 1050 1282 1084 ipsum
1301 1049 1367 1076 odio
1378 1049 1496 1082 habent,
1511 1050 1681 1085 pmnitentia
1693 1051 1849 1077 ducantur.

1067 1086 1168 1119 Itaque
1182 1085 1218 1112 iis
1230 1087 1384 1119 postquam
1397 1085 1446 1112 diu
1461 1093 1526 1112 sese
1541 1086 1680 1117 exercuit,
1695 1088 1758 1112 tum
1770 1085 1852 1112 nulla

1031 1120 1209 1155 liquefactus
1223 1120 1380 1154 voluptate,
1398 1120 1538 1156 nullaque
1552 1122 1701 1148 mundana
1717 1121 1853 1156 qualibet

1031 1156 1228 1192 promissione
1243 1157 1363 1187 fractus,
1392 1156 1421 1192 in
1439 1159 1591 1191 peccatum
1609 1165 1759 1192 nunquam
1777 1156 1852 1183 labi-

1031 1194 1079 1218 tur
1091 1192 1130 1218 “:
1147 1192 1197 1219 sed
1213 1191 1241 1218 in
1258 1199 1344 1219 carne
1356 1191 1451 1218 adhuc
1469 1192 1593 1227 positus,
1606 1191 1723 1219 omnem
1739 1192 1852 1227 cupidi-

1032 1229 1119 1254 tatem
1135 1229 1264 1262 superat,
1282 1227 1389 1261 illeque
1405 1227 1483 1254 dolet
1496 1229 1572 1262 quod
1589 1228 1685 1254 adhuc
1700 1227 1739 1254 sit
1754 1227 1781 1253 in
1799 1235 1851 1254 ne-

1031 1262 1218 1290 cessitatibus
1240 1262 1328 1297 hujus
1344 1263 1407 1289 vitae
1426 1264 1616 1296 constitutus,
1632 1266 1719 1298 atque
1735 1263 1787 1289 hac
1804 1271 1850 1290 ea-

1031 1299 1097 1325 dem
1114 1298 1267 1333 temporali
1294 1298 1352 1325 vita
1373 1301 1513 1333 tanquam
1553 1298 1608 1326 sibi
1631 1298 1725 1326 aliena
1750 1298 1850 1326 utitur.

1031 1334 1116 1361 Novit
1146 1337 1283 1369 presteres
1306 1334 1489 1368 jejuniorum
1511 1336 1621 1369 quartae
1649 1338 1678 1361 et
1693 1336 1779 1360 sexta:
1794 1334 1851 1361 diei

1030 1369 1196 1405 aenigmata,
1213 1378 1279 1396 cum
1296 1370 1332 1396 ab
1347 1370 1467 1397 avaritia
1482 1372 1510 1397 et
1523 1369 1653 1402 libidine,
1665 1369 1798 1397 omnium
1811 1369 1851 1397 vi-

1031 1406 1138 1432 tiorum
1169 1405 1308 1439 fontibus,
1338 1408 1426 1439 atque
1443 1406 1478 1433 ab
1510 1405 1677 1433 omnimala
1698 1405 1810 1432 actione
1825 1409 1852 1432 et

1031 1441 1206 1476 cogitatione
1214 1441 1253 1476 jej
1260 1450 1275 1467 u
1282 1442 1328 1468 nat
1336 1443 1363 1468 et
1370 1441 1507 1468 abstinet.
1518 1442 1612 1476 Atque
1619 1441 1679 1468 haec
1686 1440 1851 1468 divinorum

1030 1478 1243 1512 praeceptorum
1253 1476 1453 1504 observatione
1464 1477 1648 1504 Dominicum
1656 1480 1684 1504 et
1694 1476 1853 1504 Dominicze

1031 1512 1255 1548 resurrectionis
1265 1512 1347 1548 diem
1364 1512 1434 1548 agit.

148 1546 446 1589 imperfectipropter
457 1548 724 1589 promissionesaut
734 1546 972 1589 Deimctums'gse
989 1552 1010 1585 α
1049 1547 1137 1589 Quid
1151 1556 1216 1575 vero
1230 1547 1274 1589 “2?
1290 1548 1313 1589 si
1327 1546 1446 1589 quando
1467 1547 1589 1589 aliquid,
1611 1548 1691 1589 quod.
1705 1555 1763 1575 non
1779 1546 1851 1581 vult,

151 1582 336 1616 cootineant,
353 1582 402 1611 ille
418 1582 535 1619 propter
550 1583 733 1616 charitatem,
750 1585 779 1610 et
794 1586 826 1610 ut
841 1582 894 1609 soli
911 1582 973 1619 Deo

150 1620 277 1655 placeat,
294 1619 393 1647 omnia
409 1618 511 1646 suﬂ‘ert
533 1621 561 1646 et
576 1619 711 1655 sustinet.
736 1619 763 1645 Si
794 1626 882 1653 quam
909 1618 976 1644 inde

150 1654 272 1683 laudem
288 1658 496 1690 consequatur,
509 1654 584 1682 hanc
595 1654 623 1681 in
641 1654 764 1681 aliorum
779 1662 866 1680 usum
881 1656 909 1680 et
922 1654 975 1690 uti-

150 1691 264 1719 litatem
283 1689 395 1718 derivat
406 1692 437 1717 “.
453 1691 517 1718 Alio
533 1698 650 1725 quoque
662 1690 748 1716 modo
761 1689 914 1716 continens
929 1689 974 1716 di-

151 1699 264 1719 [uatem
283 1699 395 1718 derivat
406 1699 437 1717 ι’.
453 1699 517 1718 Αιιο
533 1699 650 1752 quoque
662 1699 748 1716 mouo
761 1699 914 1716 continens
929 1699 974 1716 αι-

151 1728 243 1759 citur,
275 1727 392 1761 quando
416 1734 474 1753 non
503 1734 536 1753 so
552 1734 599 1752 um
622 1725 711 1752 animi
730 1725 974 1759 perturbationes,

152 1774 165 1787 ι‹
184 1763 264 1790 haud
283 1762 370 1789 dubie
387 1761 490 1793 malas,
504 1774 514 1786 ι
533 1761 712 1797 comprimit.
730 1761 778 1788 sed
791 1761 865 1788 bono
875 1761 974 1793 etiam,

150 1801 223 1834 puta
240 1798 364 1834 «bonos
380 1797 471 1825 animi
488 1799 595 1829 motus,
612 1797 648 1824 ob
661 1797 800 1834 majorem
817 1797 974 1831 quamdam

148 1832 399 1870 perfectionem};
416 1833 545 1870 continet
561 1835 589 1860 et
604 1832 919 1870 coercet,_ﬁrmamque
944 1840 975 1858 an:

148 1867 288 1897 stabilem
302 1869 432 1904 possidet
442 1868 569 1895 scientia:
584 1867 916 1904 magnitudinem,_unde
926 1875 974 1894 eas

149 1907 273 1945 profert,
289 1902 354 1945 quas
369 1912 403 1932 ex
419 1905 530 1945 virtute
541 1902 859 1945 ﬁuntﬂactionesltlox
882 1903 896 1929 ὁ
920 1904 973 1945 τῷν

147 1938 243 1967 ἷταιϐῶν
260 1938 344 1976 μόεὶον
359 1942 477 1976 X97115”)
485 1938 558 1966 ἀλλὰ
573 1939 616 1976 xui
633 1939 710 1974 ὁξτῶν
721 1938 825 1976 ἀγαφῶν
841 1938 974 1976 ἐγκρατής

148 1972 382 2013 γενόμεκέοςλχαὶξ
393 1972 509 2013 βεϐαίως
525 1972 694 2013 κτησάμεῖτος
710 1972 762 2013 τῆς
775 1972 928 2013 eatacta-iii“
944 1974 977 2000 τὰ

150 2009 376 2048 [incisim-1f
391 2009 427 2037 ὢν
443 2013 612 2048 καρποφορεῖ
634 2010 682 2039 τὰς
696 2011 762 2048 Δκατ’
779 2009 876 2045 ἀρετὴν
902 2009 975 2045 ἐνερ-

150 2021 297 2048 μεγαλεια.
325 2021 366 2048 ﬂ?
391 2022 427 2037 ων
443 2021 476 2037 κα
497 2021 612 2047 ποφορει
634 2021 682 2039 τας
705 2021 754 2036 κατ
779 2021 876 2045 αρετην
902 2021 974 2045 ενερ-

148 2048 234 2084 γείας.
253 2048 447 2079 Quamobrem
461 2021 513 2084 riigle
530 2050 647 2082 propter
661 2045 753 2074 solam
770 2047 974 2084 necessitatem

149 2081 290 2115 comedit,
304 2084 387 2116 bibit,
400 2081 540 2118 ducitque
553 2081 683 2116 uxorem,
701 2085 787 2116 prout
798 2085 876 2109 recta
887 2081 977 2118 dicta-

149 2121 223 2147 verit
239 2119 324 2146 ratio.
342 2120 375 2147 ]n
391 2117 500 2146 domus
511 2127 579 2146 vero
596 2117 851 2145 administratione
862 2120 890 2144 et
901 2117 977 2144 ﬁlio-

150 2164 215 2182 rum
243 2155 443 2191 procreatione
471 2153 691 2191 citrardolorem
708 2156 737 2180 et
767 2153 943 2191 voluptatem
961 2161 977 2179 a

150 2189 293 2218 charit‘ate
307 2190 356 2217 Dei
368 2198 518 2225 nunquam
528 2189 671 2223 divulsus,
684 2189 847 2225 insurgitin
860 2196 976 2216 omnem

151 2227 353 2268 tentationem.
367 2234 492 2268 ‘quaiex
503 2225 596 2268 ‘ﬁliis,
613 2224 873 2268 urere,nf'arnlulis,l
888 2227 977 2259 atque
994 2236 1015 2268 Ι)

150 2271 182 2289 ex
198 2262 293 2290 bonis.
310 2264 339 2289 et
358 2260 468 2288 divitiis
485 2261 591 2288 oboriri
607 2261 689 2288 solet.
714 2260 809 2287 leibi
825 2263 925 2287 autem
943 2268 976 2286 ac

150 2298 265 2333 virgini,
297 2298 403 2324 domus
432 2305 531 2324 curam
549 2306 605 2323 non
636 2296 754 2333 habent,
770 2304 844 2333 sirpe
869 2296 975 2333 saepius

151 2332 248 2361 evenit
263 2336 296 2360 ut
313 2342 369 2360 non
385 2335 523 2365 tentetur,
541 2336 629 2367 atque
646 2332 684 2358 ita
699 2332 781 2358 alteri
799 2332 826 2359 in
850 2332 972 2367 quihus~

151 2370 218 2396 dam
238 2369 369 2401 inferior,
387 2369 414 2395 in
429 2368 496 2395 aliis
511 2368 645 2403 superior
660 2370 714 2394 est.

189 2406 228 2432 Ad
247 2405 466 2439 suscipiendam
482 2402 567 2439 porro
578 2403 773 2439 cognitionem
787 2403 869 2439 prius
879 2402 978 2429 anima

152 2441 231 2468 varie
247 2438 373 2468 exerceri
390 2438 487 2467 debet.
503 2440 576 2467 Nam
593 2438 626 2466 ea
654 2440 763 2474 γνῶσις,
780 2438 916 2474 cognitiO,
933 2441 978 2465 est

152 2477 256 2503 animas
274 2476 408 2511 quaedam
426 2483 505 2503 mors
522 2473 685 2505 rationalis,
703 2483 765 2511 qua
777 2482 792 2500 a
805 2474 935 2501 motibus
949 2476 978 2501 et

153 2510 411 2547 pertubationibus
433 2514 578 2546 separata,
595 2513 623 2537 et
638 2513 695 2537 Deo
713 2510 766 2536 soli
791 2512 873 2547 grata
889 2513 977 2545 atque

152 2551 280 2583 accepta,
298 2548 389 2575 libere
405 2546 484 2573 vivit.
502 2547 574 2574 Tum
587 2549 684 2573 autem
702 2548 817 2583 tantum
834 2546 927 2583 abest,
946 2548 978 2572 ut

152 2592 168 2610 a
183 2581 260 2615 cibo,
278 2586 347 2619 potu
364 2585 393 2610 et
409 2584 519 2610 Venere
536 2582 665 2619 aliquam
680 2582 778 2619 capiat
798 2581 976 2619 voluptatem

152 2616 315 2653 quinetiam
333 2626 510 2650 sermonem,
528 2617 578 2652 qui
597 2617 704 2651 aliquid
722 2616 978 2653 delectationisiaf-

152 2652 225 2682 ferre
243 2657 350 2689 potest,
367 2657 536 2689 suspectum
554 2653 659 2680 habeat
671 2653 701 2679 ¹⁶.
719 2653 810 2689 Nemo
822 2653 909 2689 enim,
921 2652 977 2689 Deo

151 2693 179 2717 et
196 2688 340 2724 voluptati
359 2688 462 2724 poterit
481 2697 610 2723 unquam
628 2688 778 2716 inservire.
796 2688 849 2724 Sed
862 2688 910 2723 qui
927 2688 979 2715 Do-

151 2726 231 2753 mino
241 2723 339 2753 studet
351 2723 410 2753 fieri
425 2725 543 2757 similis,
556 2723 852 2759 is,utsitcupiditatis
864 2731 977 2758 expers,

151 2770 259 2797 magna
291 2762 315 2788 vi
334 2761 463 2789 enititur.
491 2760 544 2791 Qui
572 2762 669 2797 autem
698 2759 875 2794 concupivit,
892 2763 919 2786 et
948 2768 978 2797 se

152 2795 254 2833 postea
264 2797 421 2831 continuit,
435 2797 528 2823 instar
541 2798 585 2823 est
597 2795 701 2827 vidum,
711 2804 773 2830 quea
786 2795 979 2829 temperantia

185 2868 329 2903 "p.737.
370 2869 391 2886 ει
408 2875 437 2902 ρ.
461 2867 524 2893 738.
566 2867 708 2901 up.739.
752 2866 893 2901 nemo.
935 2866 1000 2901 “p.

151 2904 211 2941 ηρ·
226 2905 290 2931 746.
329 2904 352 2922 ²ο
365 2913 393 2940 ρ.
410 2904 472 2931 747.

1028 1583 1163 1615 videndo,
1173 1591 1203 1610 se
1210 1583 1357 1619 voluptate
1370 1584 1445 1611 afﬁci
1464 1584 1599 1615 senserit,
1609 1585 1678 1610 tunc
1686 1583 1779 1618 ipsam
1787 1591 1853 1619 con-

1028 1618 1364 1653 tinuocastigatvidendi
1378 1619 1556 1652 facultatem,
1566 1627 1597 1645 ac
1610 1618 1765 1646 hocsolum
1774 1618 1851 1653 quod

1029 1655 1063 1681 ad
1077 1663 1107 1682 se
1122 1655 1257 1689 pertinet,
1274 1655 1371 1682 videre
1387 1658 1416 1682 et
1430 1655 1532 1682 audire
1543 1654 1632 1690 cupit,
1645 1657 1732 1689 atque
1748 1654 1776 1680 in
1794 1662 1854 1681 cor-

1029 1690 1108 1725 poris
1125 1690 1180 1717 sibi
1196 1690 1300 1724 objecti
1310 1690 1529 1725 pulchritudine
1541 1699 1571 1717 se
1584 1693 1672 1717 Deum
1685 1690 1782 1717 videre
1793 1690 1853 1716 exi-

1029 1726 1139 1753 stimat.
1157 1726 1186 1753 Si
1202 1734 1236 1753 ex
1248 1726 1420 1753 necessitate
1431 1726 1510 1753 cibos
1518 1726 1708 1761 capescendo,
1718 1725 1852 1761 aliquan-

1028 1761 1124 1788 tulum
1145 1761 1283 1795 temporis
1300 1765 1463 1793 consumat,
1483 1760 1566 1797 putat
1581 1770 1597 1788 a
1613 1769 1665 1788 suo
1682 1769 1715 1797 se
1736 1760 1852 1796 negotio

1029 1797 1124 1824 avelli.
1138 1796 1333 1828 Quamobrem
1347 1797 1376 1824 in
1390 1796 1502 1824 somnis
1517 1797 1589 1824 nihil
1603 1797 1679 1830 quod
1692 1796 1782 1823 electo
1794 1803 1852 1823 non

1029 1834 1195 1866 conveniat,
1209 1832 1324 1868 aspicit.
1342 1833 1368 1860 Is
1385 1841 1470 1868 porro
1480 1833 1508 1859 in
1520 1832 1574 1860 hac
1584 1833 1642 1860 vita
1655 1834 1735 1859 totus
1746 1832 1852 1867 hospes

1029 1871 1057 1895 et
1087 1867 1259 1904 peregrinus
1274 1876 1308 1895 ea
1319 1867 1483 1896 contemnit
1498 1876 1560 1904 quae
1581 1867 1629 1895 alii
1647 1868 1802 1904 mirantur,
1819 1875 1852 1894 ac

1029 1904 1058 1931 in
1075 1903 1191 1930 civitate
1206 1906 1344 1938 tanquam
1360 1904 1388 1930 in
1406 1903 1565 1931 solitudine
1576 1903 1655 1930 vivit.
1675 1903 1735 1930 Uno
1751 1903 1850 1937 verbo,

1029 1940 1057 1966 in
1072 1940 1151 1966 omni
1168 1939 1227 1966 vita
1242 1939 1405 1966 absentiam
1423 1939 1611 1975 apostolicam
1626 1938 1738 1975 implet.

1066 1974 1137 2011 Quid
1154 1974 1238 2010 plura
1248 1975 1260 2000 '?
1272 1983 1337 2011 cum
1348 1973 1458 2010 optima
1468 1983 1589 2011 quaeque
1605 1973 1853 2011 agit,homini_bus

1029 2011 1093 2038 vult
1109 2009 1208 2041 latere.
1225 2019 1257 2038 ac
1273 2010 1327 2038 sibi
1342 2009 1524 2046 Dominoque
1541 2009 1716 2046 persuadere
1731 2018 1762 2037 sc
1773 2009 1854 2036 illius

1030 2046 1125 2073 vivere
1136 2046 1299 2086 praeceptis.
1313 2047 1454 2086 Quocirca
1466 2047 1596 2086 seipsum
1607 2054 1725 2086 semper
1736 2048 1764 2073 et
1776 2053 1852 2086 nultu-

1030 2090 1117 2116 qnam
1137 2081 1301 2117 proximum
1315 2082 1448 2116 despicit,
1459 2085 1546 2117 atque
1559 2082 1665 2109 idcirco
1675 2081 1759 2108 illum
1772 2081 1847 2108 affli<

1030 2120 1109 2144 ctum
1128 2117 1306 2151 consolatur,
1325 2117 1503 2153 indigentem
1522 2118 1590 2145 facit
1605 2125 1738 2150 suorum,
1750 2117 1774 2153 si
1788 2124 1852 2153 quin

1029 2153 1293 2185 habeat,bonorum
1312 2151 1481 2188 partiéipem
1496 2153 1571 2186 ;imo
1584 2160 1650 2180 vero
1662 2155 1690 2179 et
1706 2151 1847 2187 deinopia

1031 2197 1084 2216 sua
1100 2192 1187 2224 auget
1213 2189 1444 2216 beneﬁcentiam.
1463 2191 1536 2215 Pura
1558 2189 1679 2224 insuper
1693 2190 1721 2214 et
1735 2188 1849 2214 sincera

1033 2223 1153 2265 ornatus
1170 2225 1237 2265 fide:
1256 2233 1407 2265 pergopera
1422 2223 1850 2265 etcontomplaliopemhbvan-

1032 2260 1139 2295 gelium
1171 2258 1281 2293 laudat,
1298 2263 1325 2286 et
1339 2258 1403 2295 ipse
1429 2268 1472 2291 ea,
1492 2267 1555 2294 quae
1571 2262 1645 2286 Deus
1661 2258 1770 2292 docuit,
1798 2258 1851 2285 rite

1031 2294 1217 2331 perﬁciendo,
1245 2296 1280 2322 ab
1296 2304 1329 2322 co
1353 2294 1469 2322 laudem
1486 2294 1599 2329 arripit.
1617 2294 1677 2331 Spe
1696 2302 1762 2320 vero
1784 2301 1851 2331 pro-

1031 2329 1094 2366 pria
1117 2331 1237 2358 minime
1250 2330 1425 2364 ablactatus,
1439 2330 1576 2365 qualibet
1590 2329 1738 2357 mundana
1753 2329 1853 2356 omnia

1031 2369 1217 2401 aspernatur,
1234 2369 1261 2393 et
1278 2367 1432 2393 miseretur
1448 2373 1558 2398 eorum,
1576 2366 1625 2400 qui
1643 2367 1708 2401 post
1729 2367 1853 2392 mortem

1032 2400 1185 2437 suppliciis
1202 2402 1307 2436 affecti,
1324 2402 1415 2429 Deum
1432 2402 1617 2429 confitentur.
1636 2400 1731 2436 Ipsius
1752 2403 1850 2428 autem

1032 2441 1110 2465 recta
1126 2446 1242 2473 semper
1257 2440 1302 2465 est
1316 2437 1505 2472 conscientia,
1523 2440 1552 2464 et
1571 2438 1607 2464 ad
1628 2439 1751 2464 mortem
1773 2444 1849 2464 sem-

1032 2482 1083 2509 per
1099 2472 1228 2508 paratus,
1251 2473 1279 2500 in
1305 2473 1359 2500 hoc
1379 2473 1489 2500 mundo
1513 2475 1652 2509 tanquam
1674 2472 1850 2508 peregrinus

1031 2508 1112 2543 vivit,
1127 2517 1159 2536 ac
1176 2509 1335 2536 secundum
1360 2511 1443 2536 rectas
1459 2509 1583 2536 rationis
1611 2508 1756 2535 dictamen
1770 2516 1851 2535 com-

1031 2545 1102 2576 edit,
1131 2545 1215 2575 bibit,
1248 2552 1365 2572 uxorem
1388 2545 1469 2572 ducit
1497 2547 1526 2571 et
1553 2544 1581 2571 in
1611 2543 1724 2571 somnis
1751 2546 1854 2571 sancta

1033 2588 1147 2615 semper
1160 2581 1227 2608 facit
1244 2585 1268 2607 et
1285 2580 1393 2615 cogitat
1409 2589 1415 2607 :
1433 2582 1519 2615 atque
1537 2580 1576 2607 ita
1601 2579 1717 2615 καθαρὸς
1742 2578 1780 2609 εἷς
1811 2578 1852 2605 εὐ-

1033 2616 1086 2653 χήν
1103 2615 1227 2653 πάντοτε,
1245 2625 1360 2652 semper
1388 2616 1423 2643 ad
1443 2616 1649 2653 precationem
1666 2624 1769 2651 purus,
1786 2623 1852 2642 cum

1031 2652 1143 2683 angelis
1160 2655 1223 2680 orat
1238 2654 1266 2679 et
1282 2655 1418 2685 precatur
1430 2652 1460 2678 η.

1068 2688 1140 2715 'l‘um
1159 2696 1262 2715 rursus
1272 2688 1407 2715 Clemens
1423 2688 1507 2714 docet
1519 2687 1614 2722 qualis
1626 2686 1663 2713 sit
1677 2686 1740 2721 ejus
1756 2694 1856 2721 opera-

1034 2724 1085 2757 tio,
1111 2723 1228 2758 justilia
1244 2726 1271 2751 et
1288 2724 1425 2759 precatio,
1443 2722 1515 2758 quid
1528 2721 1558 2749 7a
1585 2722 1643 2750 Deo
1660 2721 1798 2759 postulet,
1826 2723 1855 2748 et

1034 2757 1182 2795 quomodo
1199 2757 1346 2787 Christum
1364 2757 1514 2795 vocantem
1540 2760 1712 2785 antevertat.
1728 2757 1852 2795 Planum

1034 2793 1151 2830 quoque
1178 2796 1246 2822 facit
1262 2795 1409 2830 quomodo
1425 2794 1473 2821 ille
1503 2797 1613 2829 patrem
1631 2796 1659 2820 et
1674 2795 1797 2820 matrem
1819 2793 1851 2818 πθ.

1029 2866 1092 2893 741.
1134 2865 1278 2901 ¹⁵ρ.742.
1321 2865 1462 2900 up.7i3.
1505 2864 1647 2899 "p.754.
1689 2863 1752 2897 ηρ.
1784 2862 1844 2888 745.
