4148 6202
428 250 560 307 1651

1123 247 1200 302 IN
1236 248 1684 302 CLEMENTBM
1724 247 1932 302 ALEX.
1975 249 2044 301 D.
2085 247 2176 300 LE
2215 246 2512 302 NOUBRY
2549 247 3026 304 DISSERTATIO
3061 249 3134 303 II.

3702 245 3850 300 1052

425 371 1003 446 suamqueanimam
1025 370 1170 446 _odio
1201 370 1436 446 habeat,
1469 385 1535 446 ac
1564 369 1725 424 omni
1758 369 1884 446 vita}
1917 373 2066 424 tem-
2099 380 2151 437 Α
2181 369 2442 446 veritatis
2462 369 2856 446 cognitionem
2879 385 2988 446 nos
3004 369 3265 446 addu‘cit.
3293 373 3380 425 Ex
3401 369 3626 446 divinis
3657 369 3848 441 igitur

426 462 564 518 pore
594 440 744 500 a'Dei
778 443 1070 518 mandatis
1093 447 1149 497 et
1171 458 1272 513 spe
1294 440 1464 518 plane
1496 441 2066 518 i_nsepar_abilis,_l)eo

427 512 663 588 semper
694 517 915 588 gratias
972 530 1181 588 agens,
1211 512 1440 588 omnia,
1475 513 1628 566 sicut
1655 512 1788 588 Job,
1839 513 2069 588 patien-

424 584 655 644 tissime
700 584 989 653 tolerans,
1027 584 1216 640 bonis
1250 584 1539 654 malisque
1593 584 1882 656 superior,
1942 584 2072 639 aliis

427 677 556 716 sese
599 664 766 714 caute
798 657 1292 728 accommodans,_
1324 660 1379 710 et
1411 671 1613 728 eorum
1647 655 1704 708 in
1739 672 1799 710 se
1839 661 2073 728 peccata

427 731 759 796 dimittens,
793 730 1008 800 dignus
1043 729 1162 792 ﬁat,
1198 725 1293 796 qui
1321 743 1413 800 «_a
1445 727 1639 800 seipse
1675 743 1774 797 per
1803 725 2076 800 obedien-

427 804 570 859 tiam
605 798 1251 871 accipiat—praesidium.
1279 819 1305 845 ››
1345 798 1542 871 Pergit
1575 804 1776 871 auctor
1807 805 2004 871 noster
2025 799 2069 833 ’ί

427 881 602 946 atque
627 869 1046 946 ostendit—quid
1073 869 1170 946 ille
1203 892 1228 916 ‹‹
1251 870 1574 946 gno_sticu_s,
1610 892 1635 916 ››
1661 870 1758 939 qui
1785 870 1955 946 aDeo
1978 887 2073 946 po-

425 940 545 1001 tius
575 944 774 1015 exigit,
805 959 982 1014 quam
1017 941 1182 1012 petit,
1207 957 1324 1066 (pro
1352 940 1630 994 fratribus
1663 941 1973 1022 agentibus
1999 942 2072 995 ab

425 1017 554 1066 inso
576 1020 870 1066 exnoscat.
895 1013 1188 1066 auomodo
1251 1028 1418 1066 tvmze
1444 1011 1718 1066 bonitatis
1751 1016 1828 1066 ett
1852 1016 2072 1066 instru-

425 1017 554 1088 ipso
576 1011 870 1087 exp'osca't,
895 1011 1188 1088 quomodo
1207 1011 1420 1088 divinae
1444 1011 1718 1088 bonitatis
1751 1011 1828 1066 sit
1852 1014 2072 1066 instru-

428 1083 692 1144 mentum
724 1091 779 1141 et
801 1083 1045 1157 parvum
1067 1083 1380 1157 ipsiusmet
1402 1083 1833 1157 Dei_templum,
1867 1099 1930 1157 ac
1953 1088 2073 1137 ter-

427 1159 584 1215 renis
607 1154 882 1214 omnibus
907 1154 1145 1223 relictis,
1172 1155 1374 1211 tendat
1396 1155 1465 1208 ad
1491 1154 1674 1208 Deum
1695 1154 2072 1224 cmlestiaque

425 1231 819 1287 transcendat.
849 1230 951 1293 lta,
975 1227 1168 1297 inquit
1191 1226 1456 1280 Clemens
1478 1227 1541 1291 ”,
1566 1227 1815 1295 perfecte
1848 1246 1874 1278 ι
1897 1241 2074 1296 gnos-

426 1303 610 1358 ticusu
631 1301 787 1369 vivit,
804 1315 969 1370 spem
983 1315 1116 1352 cum
1135 1299 1246 1351 ﬁde
1259 1298 1326 1351 ad
1341 1300 1676 1370 futurorum
1695 1298 2070 1370 exspectatio-

425 1391 560 1431 nem
588 1368 951 1438 commiscet,
986 1376 1160 1441 atque
1193 1369 1467 1440 operibus
1500 1368 1888 1439 cognitionem
1925 1384 2076 1441 sem-

427 1463 534 1518 per
585 1439 1088 1518 subsequentibus
1121 1439 1317 1518 divina
1345 1441 1649 1518 _mandata
1707 1439 2070 1518 exsequitur.

430 1511 602 1572 Nullo
635 1511 827 1570 autem
853 1531 989 1569 casu
1018 1511 1114 1566 ille
1136 1511 1539 1575 conturbatus,
1567 1527 1632 1565 ac
1655 1527 1954 1581 nunquam
1978 1512 2076 1580 ju-

431 1590 694 1644 cundum
727 1592 782 1642 et
807 1586 945 1640 utile
975 1583 1168 1637 divino
1191 1583 1431 1637 consilio
1455 1587 1838 1652 anteponens,
1874 1582 1937 1636 ﬁt
1958 1587 2072 1636 Deo

430 1665 728 1730 acceptus,
763 1657 1098 1730 mundoque
1131 1653 1482 1730 laudabihis.
1525 1654 1780 1730 Denique
1829 1653 1885 1730 in
1921 1653 2073 1730 bono

2183 440 2417 494 illorum
2451 440 2688 512 scriptis
2719 441 3064 512 certissimae
3087 441 3240 495 133
3273 446 3566 496 eruuntur
3594 440 3846 497 demon-

2182 512 2516 616 Ξεξνῗςιξὲηῗε,
2549 511 2725 584 atque
2758 511 2830 567 iis
2861 512 3009 568 ﬁunt
3041 512 3245 567 ﬁdeles
3273 529 3340 568 ac
3370 512 3611 584 perfecti
3643 533 3665 560 ι
3691 529 3842 585 gno-

2183 584 2402 639 Btici”.
2437 604 2463 636 ι

2254 653 2472 710 Deinde
2518 658 2721 709 auctor
2753 657 2953 709 noster
3001 658 3200 726 narrat
3231 655 3528 724 quomodo
3560 659 3618 710 et
3659 671 3845 726 quam

2184 742 2451 798 perverse
2485 726 2735 781 haeretici
2766 725 2975 780 iisdem
3008 725 3192 783 sacris
3224 727 3546 795 Scripturis
3579 725 3838 783 abutan-

2184 808 2298 867 tur,
2330 815 2394 852 ac
2428 798 2621 870 inanis
2654 798 2954 870 sapientiae
2984 798 3258 867 opinione
3292 799 3500 865 inﬂati,
3527 804 3842 870 perpetuo-

2183 886 2318 940 que,
2351 869 2450 923 sed
2487 885 2789 940 perperam
2817 868 3137 940 litigantes,
3170 885 3405 923 omnem
3440 868 3716 925 moveant
3746 870 3836 925 la-

2184 941 2403 1012 pidem,
2437 957 2510 994 ne
2565 957 2596 994 a
2626 940 2904 1012 sedesua
2935 941 3342 996 deturbentur.
3376 941 3526 996 Tum
3559 957 3694 996 vero
3739 958 3840 996 ex-

2184 1010 2361 1084 plicat
2392 1027 2569 1082 quam
2603 1010 2845 1084 difﬁcile
2875 1013 2953 1066 sit
2990 1027 3438 1084 eorumsanare
3483 1028 3733 1077 errores,
3769 1030 3839 1068 ao

2183 1081 2476 1154 quomodo
2508 1083 2746 1136 tandem
2780 1083 2850 1137 ad
2885 1081 3322 1155 veritatisviam
3356 1084 3585 1155 possint
3614 1084 3841 1140 reduci.

2181 1159 2252 1236 et
2284 1155 2785 1236 quaeasmpdsm
2811 1160 3024 1236 sentes
3067 1154 3126 1236 is
3159 1154 3550 1236 ἱεμοτιψρειο»
3583 1160 3644 1236 et.
3681 1173 3837 1236 rem

2185 1223 2455 1296 discipuli
2491 1223 2758 1297 Ecclesiae
2809 1223 3281 1297 ibecientiaﬂta
3341 1225 3424 1280 illi
3458 1225 3518 1280 in
3552 1227 3838 1297 opinione

2182 1295 2488 1352 versantur
2509 1298 2574 1352 3°.
2607 1295 2838 1351 Nullam
2871 1296 3052 1367 igitur
3109 1295 3670 1353 demonstrationem
3703 1315 3842 1354 cum

2184 1370 2361 1424 iidem
2397 1367 2648 1422 haeretici
2701 1367 2915 1423 habere
2948 1373 3194 1434 possint,
3233 1385 3362 1424 sese
3402 1369 3652 1424 invicem
3699 1370 3840 1424 irri-

2185 1384 2361 1424 uaem
2397 1384 2648 1422 haeretici
2702 1384 2915 1423 nabere
2935 1384 3194 1492 rpossunt,
3233 1385 3362 1424 sese
3402 1385 3652 1424 invicem
3699 1386 3840 1424 lt‘t‘l-

2185 1442 2343 1505 dent,
2377 1439 2709 1510 despiciunt
2737 1443 2795 1493 et
2822 1454 2928 1494 con
2978 1445 3240 1494 emnant.
3273 1439 3556 1502 Quocirca
3600 1441 3660 1495 hi
3693 1458 3841 1496 con-

2185 1513 2525 1576 tentionem,
2587 1510 2793 1582 pagani
2851 1510 3233 1582 voluptatem,
3269 1510 3473 1566 ﬁdeles
3521 1512 3838 1581 gaudium,

2185 1588 2242 1639 et
2271 1606 2298 1631 ‹‹
2333 1579 2657 1656 gnosticia
2689 1579 3021 1656 εὐφροσῷνῃζρ
3073 1587 3374 1656 sectantur
3402 1583 3467 1637 ⁸ο.
3500 1579 3653 1656 Quia
3697 1579 3843 1656 vero

2187 1651 2476 1726 magistri,
2509 1658 2572 1707 ut
2601 1651 2864 1726 Clemens
2889 1653 3479 1726 inductioneprobat,
3509 1655 3846 1725 discipulos

431 1723 622 1806 rerum
653 1723 1085 1806 mundanarum
1129 1742 1236 1780 usu
1271 1725 1384 1806 Deo
1416 1725 1636 1806 gratias
1687 1723 2079 1806 persolvithet
2109 1738 2154 1802 Β
2187 1723 2548 1806 sibisimiles
2579 1723 2862 1806 efﬁciunt,
2894 1724 3030 1778 inde
3062 1724 3470 1806 colligiteum,
3512 1726 3617 1796 qui
3651 1723 3843 1782 tradi-

430 1804 754 1858 Creatorem
780 1798 1126 1862 admiratur,
1162 1819 1189 1845 ‹‹
1223 1797 1360 1865 quia
1382 1795 1507 1865 ejus
1527 1796 1658 1850 ﬁnis
1681 1795 1782 1866 per
1810 1795 2070 1866 operatio

431 1890 564 1928 nem
597 1871 924 1943 gnorsticam
958 1885 1083 1943 quas
1114 1868 1186 1943 _ﬁt
1205 1867 1615 1943 convenienter
1641 1867 1956 1943 mandatis,
1977 1868 2078 1922 nin

429 1939 981 2014 contemplationem
1003 1939 1238 2014 desinit,
1261 1942 1436 2009 atque
1467 1939 1684 2014 idcirco
1707 1943 1835 2009 post
1855 1939 2082 2014 obitum

434 2018 506 2072 ad
592 2009 858 2070 sanctam
928 2013 1280 2066 transfertur
1336 2009 1882 2064 remunerationem.
1954 2010 2084 2064 Haec

435 2103 606 2158 porro
637 2083 1117 2158 Clemensinstar
1145 2081 1388 2158 seminis
1437 2082 1507 2136 de
1537 2104 1562 2130 «
1598 2081 1864 2158 gnostico
1898 2102 1924 2129 ››
1957 2099 1990 2137 a
2021 2098 2083 2138 se

415 2153 648 2226 Graecis
706 2172 882 2228 quam
917 2154 1260 2228 brevissime
1314 2153 1469 2228 dicta
1497 2168 1656 2228 esse
1679 2153 1958 2228 declarat,
1980 2225 1993 2228 _
2017 2169 2082 2208 ac

435 2223 741 2302 quidieum
789 2227 942 2302 inter
968 2231 1026 2281 et
1071 2225 1301 2281 ﬁdelem
1334 2223 1694 2283 discriminis
1741 2225 2082 2294 intercedat,

438 2299 641 2374 paucis
673 2299 858 2374 aperit
879 2300 944 2352 ³³.

505 2377 581 2429 At
614 2366 1136 2443 proﬁteturtamen
1153 2367 1261 2443 sibi
1288 2366 1480 2422 adhuc
1511 2366 1681 2436 longe
1705 2366 1872 2437 plura
1900 2383 1966 2443 ex_
1985 2383 2083 2422 sa-

435 2445 550 2500 cris
578 2438 1030 2516 Scripturisdeu
1066 2439 1330 2516 gnostico
1361 2461 1386 2485 »
1409 2455 1923 2516 succurrere,_quas
1957 2438 2083 2516 bre-

433 2515 632 2570 vitatis
663 2509 842 2570 causa
867 2511 997 2567 aliis
1027 2511 1369 2581 explicanda
1391 2509 1730 2581 dereliquit.
1766 2509 1955 2565 Unum
1988 2511 2082 2564 ni-

435 2587 752 2642 hilominus
784 2602 852 2640 ex
881 2588 1042 2639 sexto
1076 2580 1274 2652 prima:
1296 2580 1458 2636 Pauli
1492 2582 1561 2636 ad
1588 2580 1922 2636 Corinthios
1946 2581 2077 2652 Epi-

434 2661 596 2714 stolas
624 2659 815 2728 capite
850 2656 1041 2728 locum
1080 2651 1330 2723 profert,
1361 2669 1426 2728 ac
1455 2652 1612 2728 clara
1648 2651 2072 2722 perspicueque

431 2730 591 2785 illius
611 2723 1096 2800 interpretatione
1118 2729 1175 2779 et
1199 2723 1537 2800 paraphrasi
1554 2740 1856 2800 summam
1883 2746 1911 2773 «
1936 2739 2083 2800 gno-

431 2801 560 2857 stici
587 2824 613 2850 »
648 2794 1060 2874 perfectionem
1085 2799 1391 2874 prcsse_,_ut
1415 2794 1831 2866 ipseloquitur,
1854 2796 1954 2850 sed
1973 2794 2085 2850 ele-

432 2866 724 2945 ganter’et
752 2869 1052 2945 enucleate
1082 2866 1378 2945 describit.

506 2945 642 3000 Post
691 2945 810 2998 haec
843 2941 942 2997 ille
1001 2938 1219 3010 stylum
1253 2954 1427 2995 suum
1460 2937 1745 2993 convertit
1801 2937 2084 2993 adversus

434 3017 476 3090 _G
488 3033 664 3072 ramos
687 3016 761 3087 ph
775 3009 1075 3090 ilosophos
1087 3015 1145 3065 et
1165 3011 1421 3075 Judaaos,
1439 3009 1540 3090 qui
1559 3013 1792 3090 propter
1807 3024 2081 3090 magnam

435 3080 724 3166 bgeresum
775 3080 1204 3166 dissensionem
1251 3080 1466 3136 nomen
1509 3081 1655 3166 ﬁdei.
1685 3080 2079 3166 .reli'gionique
2111 3100 2153 3166 ρ

433 3159 778 3213 Christianae
815 3156 1076 3211 dandum
1110 3170 1239 3208 esse
1267 3153 1665 3224 pernegabant
1685 3153 1746 3206 ²⁴.
1783 3152 1942 3224 Hanc
1975 3169 2078 3206 au-

433 3235 553 3285 tem
574 3229 974 3300 opininionem
993 3223 1281 3300 eofalsam
1303 3240 1431 3278 esse
1458 3223 1682 3300 probat,
1706 3224 1860 3293 quod
1887 3223 2083 3293 plures

436 3294 666 3372 quoque
693 3300 846 3372 apud
869 3297 999 3351 illos
1032 3296 1152 3372 sint
1173 3301 1347 3372 sectae
1378 3301 1552 3372 atque
1576 3294 1826 3372 barreses
1852 3311 1864 3360 ;
1894 3310 2083 3372 neque

436 3366 633 3426 tamen
666 3366 882 3424 idcirco
917 3369 1201 3440 putabant
1230 3366 1607 3440 dogmatibus
1653 3367 1775 3440 suis
1808 3371 2082 3440 nuntium

434 3459 564 3498 esse
595 3437 1034 3496 remittendum.
1069 3438 1148 3493 De
1175 3437 1652 3508 inde’respondet
1673 3437 1942 3492 Clemens
1975 3437 2081 3492 has

439 3515 685 3568 haereses
716 3530 750 3568 a
779 3512 1007 3567 Christo
1031 3510 1212 3565 fuisse
1237 3509 1562 3581 przedictas,
1593 3513 1648 3563 et
1678 3508 2083 3581 reprehensio-

438 3601 571 3640 nem
603 3602 688 3648 ea,
722 3601 851 3656 quae
884 3583 1036 3638 bona
1064 3580 1248 3644 sunt,
1284 3580 1566 3656 subsequi
1601 3597 1613 3646 ;
1663 3585 1842 3656 atque
1875 3597 1908 3656 a
1961 3580 2083 3656 viro

440 3657 619 3728 probo
653 3651 820 3727 pacta
851 3672 958 3710 sua
981 3657 1342 3728 etconventa
1359 3651 1498 3728 ideo
1525 3669 1635 3706 non
1661 3651 1920 3728 infringi,
1945 3651 2086 3721 quia

438 3723 511 3784 ab
536 3723 1038 3799 aliisquibusdam
1062 3723 1342 3799 improbis
1358 3723 1779 3799 int'ringuntur.
1805 3723 2086 3799 Prmterea

440 3800 671 3855 etiamsi
698 3795 870 3853 varia:
901 3798 1021 3852 sint
1055 3795 1412 3851 medicorum
1459 3800 1649 3858 sectae,
1685 3795 1790 3849 hoc
1822 3812 1935 3849 non
1971 3796 2085 3848 im-

441 3871 620 3940 pedit,
663 3871 988 3941 quominus
1014 3869 1083 3922 ab
1116 3866 1286 3941 tegris
1317 3865 1587 3941 admissi,
1622 3867 1856 3941 morbos
1878 3882 2082 3920 eorum

439 3937 644 3995 curent
683 3937 756 3996 'ac
804 3939 1104 4010 depellant
1133 3937 1195 3992 πμ
1250 3938 1331 3991 Ad
1377 3937 1497 3992 haec
1529 3953 1681 4010 vero,
1714 3938 1982 4010 rhmgrcses
2015 3955 2084 3992 ex

444 4011 625 4067 nimio
655 4013 744 4064 sui
773 4009 962 4081 ipsius
993 4026 1188 4063 amore
1212 4014 1309 4062 aut
1330 4009 1682 4081 vanagloria
1709 4009 1922 4081 idcirco
1945 4014 2085 4063 orta:

443 4089 604 4146 sunt,
632 4089 695 4136 ut
725 4078 859 4137 vera
879 4082 1063 4150 pietas
1088 4096 1376 4148 verusque
1402 4079 1495 4134 Dei
1524 4078 1720 4134 cultus
1741 4080 2087 4149 diligentius

439 4154 867 4210 examinentur.
903 4157 1026 4205 Huc
1080 4151 1326 4216 accedit,
1359 4151 1514 4218 quod
1551 4168 1582 4205 a
1617 4155 1842 4204 maturo
1894 4153 2084 4206 fructu

439 4243 610 4282 nemo
643 4225 1061 4279 abstinendum
1091 4238 1218 4277 esse
1255 4225 1508 4285 censeat,
1543 4221 1681 4290 quia
1702 4221 1856 4275 alius
1895 4222 2085 4290 perni-

440 4299 636 4355 ciosus
671 4297 780 4368 ipsi
811 4299 900 4351 est
932 4293 1166 4350 similis.
1202 4293 1602 4368 Nequeetiam
1631 4295 1798 4368 regiae
1831 4293 1933 4368 vim
1956 4311 2086 4362 pro-

441 4378 640 4441 pterea
670 4363 805 4440 quis
836 4383 964 4423 sese
998 4383 1110 4441 n_on
1143 4363 1475 4441 committit,
1507 4363 1647 4441 quia
1677 4363 1805 4441 alite
1833 4365 1900 4441 ad
1941 4382 2085 4434 prze-

441 4435 705 4512 cipitium
731 4442 978 4495 ducunt.
1014 4437 1277 4512 Denique
1306 4436 1506 4512 hortos
1537 4435 1665 4490 ideo
1687 4435 1936 4512 agricola
1971 4453 2083 4491 non

441 4507 600 4579 colit,
637 4514 776 4585 quia
807 4512 998 4585 herbae
1031 4525 1164 4564 cum
1197 4507 1453 4585 oleribus
1486 4511 1826 4585 nascuntur.

513 4580 667 4640 Tum
699 4602 829 4639 vero
860 4582 1126 4638 Clemens
1158 4585 1352 4650 aperte
1386 4581 1752 4633 demonstrat
1785 4595 1959 4648 quom
1981 4580 2091 4633 odo

440 4657 774 4712 Christiana
829 4656 1044 4710 veritas
1101 4653 1173 4706 ab
1207 4651 1481 4706 omnibus
1516 4651 1940 4715 hmreticorum,
1991 4650 2089 4720 qui

439 4728 528 4781 vel
560 4729 808 4795 seipsos,
856 4726 941 4780 vel
971 4725 1116 4780 alios
1165 4722 1486 4793 decipiunt,
1519 4723 1815 4778 erroribus
1833 4739 2096 4778 secerna-

447 4804 540 4852 tur
569 4799 633 4852 '°.
669 4799 827 4852 Hanc
851 4802 1043 4852 autem
1078 4795 1218 4850 dicit
1265 4811 1333 4849 ex
1364 4811 1529 4848 sacra
1569 4795 1868 4864 Scriptura
1909 4799 1964 4848 et
1991 4810 2092 4864 an-

444 4869 615 4937 tiqua
644 4867 896 4923 Ecclesia
926 4867 1077 4932 elici,
1130 4864 1594 4936 certissimisque
1641 4863 2096 4921 demonstratio-

448 4938 647 5010 nibus
672 4939 751 4993 ita
785 4939 1036 5010 probari,
1072 4941 1135 4991 ut
1193 4937 1265 4991 ab
1297 4953 1362 4991 ea
1390 4953 1688 5010 nunquam
1752 4937 1852 4991 ulli
1905 4937 2092 4991 disce-

444 5011 580 5064 dere
612 5007 803 5065 liceat.
837 5010 1013 5064 Sacra
1043 5012 1239 5062 autem
1285 5007 1607 5077 Scriptura,
1641 5009 1721 5063 ait
1753 5013 1956 5063 auctor
1987 5024 2094 5062 no-

443 5087 582 5143 ster,
621 5082 872 5150 Deiparte
921 5078 1155 5143 similis,
1187 5079 1488 5133 veritatem
1524 5081 1695 5148 parit,
1745 5086 1919 5147 atque
1968 5079 2096 5149 ipsa

443 5168 679 5220 semper
710 5153 870 5219 virgo
894 5155 1213 5218 permanet.
1238 5151 1628 5215 Quamobrem
1657 5151 1909 5205 barretici
1931 5150 2092 5204 illam

445 5225 775 5293 repudiant,
810 5222 894 5277 vel
928 5222 985 5276 in
1020 5237 1225 5290 pravos
1259 5237 1478 5293 sensus
1519 5222 1891 5293 detorquent,
1923 5225 2095 5293 atque

443 5291 660 5350 idcirco
691 5294 748 5348 in
781 5293 970 5347 varios
1003 5307 1228 5345 errores
1259 5291 1408 5362 lapsi
1445 5296 1603 5345 sunt.
1641 5297 1712 5347 At
1743 5292 1789 5346 si
1824 5291 2093 5360 deposito

439 5383 653 5430 errore,
716 5364 932 5434 aliquis
964 5378 1093 5417 sese
1125 5362 1350 5434 veritati
1389 5362 1709 5431 permittat,
1763 5364 1915 5418 Deus
1948 5379 2090 5433 quo-

443 5438 754 5493 dammodo
788 5432 855 5490 ex
877 5436 1109 5489 homine
1135 5432 1470 5505 efﬁcitur”.
1501 5433 1760 5505 Primum
1795 5435 2089 5505 siquidem

443 5509 722 5564 doctrinae
756 5513 971 5563 nostras
993 5504 1344 5576 principium
1381 5505 1531 5559 Deus
1563 5504 1686 5576 ipse
1708 5509 1816 5573 est,
1859 5504 1958 5575 qui
1993 5523 2094 5576 per

444 5581 780 5654 prophetas,
839 5575 1247 5649 evangelistas,
1279 5581 1333 5631 et
1366 5575 1659 5647 apostolos
1709 5577 1768 5631 in
1828 5575 2091 5647 ejusdem

514 5726 552 5759 ει
601 5741 652 5775 η.
689 5723 810 5776 71s
890 5723 937 5755 η
997 5721 1208 5773 η.7-¹ι9.
1289 5720 1334 5755 ³³

441 5798 567 5855 759.
603 5779 616 5797 ‘

1003 5721 1220 5797 [δέ-’749ζ
1249 5795 1255 5797 ν
1281 5720 1334 5797 7³³
1365 5737 1417 5797 [ιζ
1452 5720 1802 5797 milii-mn.
1877 5723 2082 5797 “70:7!

2247 5725 2292 5759 ³⁵
2327 5742 2358 5787 n
2410 5725 2538 5782 754.
2595 5725 2722 5777 756.
2800 5725 2845 5759 ²⁸
2877 5724 3019 5778 ibid.
3097 5725 3140 5760 ²⁷
3197 5742 3253 5797 p.
3303 5727 3426 5780 757.
3505 5728 3549 5761 ²⁸
3629 5745 3684 5796 p.

671 5796 714 5832 ιο
744 5812 800 5868 ρ,
832 5794 958 5851 760,
1035 5795 1079 5830 ³ο
1109 5809 1166 5866 p.
1195 5793 1320 5851 761.
1396 5793 1440 5831 ⁸1
1475 5809 1528 5866 p.
1562 5794 1684 5850 762.
1762 5796 1808 5830 ³³
1840 5811 1896 5867 p.
1925 5795 2050 5853 7:53.

2203 5798 2408 5869 p.764.
2484 5797 2530 5832 δι
2559 5812 2614 5868 ρ.
2641 5797 2766 5851 765.
2845 5797 3132 5868 35p.766.

2193 1804 2278 1853 tas
2310 1815 2344 1852 a
2367 1795 2620 1870 _Domino
2651 1795 2982 1870 scripturas
3011 1802 3270 1870 secutus,
3300 1797 3411 1867 ipsi
3456 1795 3680 1852 morem
3741 1815 3845 1870 ge-

2189 1871 2286 1937 rit,
2311 1868 2381 1922 ad
2417 1867 2683 1938 magistri
2716 1868 3035 1938 imaginem
3069 1867 3190 1922 ﬁeri
3221 1870 3276 1921 in
3305 1884 3479 1922 carne
3511 1872 3717 1924 Deum.
3747 1867 3843 1925 ’Βι

2191 1956 2332 1996 sane
2363 1939 2460 1994 ille
2488 1938 2740 1994 ostendit
2768 1939 2884 1993 duo
2914 1954 3042 1994 esse
3074 1939 3294 2010 peccati
3335 1939 3642 2010 principia,
3673 1941 3840 1996 vide-

2189 2010 2842 2092 licet-ignorantiamnet
2871 2009 3351 2092 imbecillitatem.
3397 2014 3467 2092 at
3499 2009 3716 2092 prioris
3749 2028 3839 2068 re-

2192 2080 2450 2138 medium
2483 2086 2572 2136 est
2600 2080 2850 2149 cognitio
2880 2087 2939 2137 et
2967 2083 3275 2153 desumpta
3307 2097 3377 2136 ex
3399 2080 3723 2153 Scripturis
3746 2101 3844 2139 sa-

2191 2155 2304 2209 cris
2326 2154 2562 2209 evidens
2594 2153 3015 2225 demonstratio
3042 2171 3054 2219 ;
3078 2153 3416 2225 posterioris
3439 2171 3574 2208 vero
3605 2161 3699 2210 est
3728 2156 3847 2209 du-

2190 2231 2282 2281 cta
2311 2242 2377 2280 ex
2427 2225 2539 2278 ﬁde
2571 2228 2629 2278 et
2677 2223 2885 2280 timore
2942 2223 3589 2296 exercitatio.7Utraque
3637 2230 3840 2281 autem

2192 2299 2248 2352 in
2285 2297 2600 2367 perfectam
2633 2296 2844 2350 crescit
2877 2319 2904 2347 κ
2939 2297 3186 2367 gnostici
3221 2319 3248 2346 ››
3281 2295 3652 2352 charitatem.
3691 2298 3844 2352 Fieri

2193 2374 2387 2423 autem
2449 2371 2640 2436 potest
2695 2372 2759 2420 ut
2818 2367 3069 2422 haeretici
3132 2368 3252 2422 haec
3309 2367 3711 2438 intelligentes
3770 2369 3844 2423 ad

2197 2446 2371 2494 Deum
2424 2441 2842 2493 convertantur
2873 2439 2938 2493 3‘.
2977 2439 3076 2493 Sin
3109 2455 3244 2494 vero
3275 2439 3553 2494 obstinati
3588 2440 3649 2495 in
3679 2457 3849 2495 erro-

2195 2511 2359 2566 ribus
2396 2513 2778 2584 perseverent,
2811 2510 3016 2584 abillo
3049 2510 3224 2566 etiam
3243 2511 3633 2584 severioribus
3661 2528 3846 2584 quam

2195 2587 2532 2656 peccatores
2565 2580 2832 2636 catholici
2864 2581 3192 2636 afﬁcientur
3240 2582 3580 2656 suppliciis.

2265 2654 2393 2708 Haac
2425 2668 2594 2723 porro
2627 2657 2833 2707 auctor
2863 2662 3060 2708 noster
3083 2671 3116 2707 a
3145 2669 3208 2709 se
3240 2652 3520 2708 hactenus
3543 2655 3849 2723 disputata

2193 2741 2321 2780 esse
2345 2723 2659 2794 signiﬁcat,
2686 2727 2749 2777 ut
2774 2724 2974 2780 nullus
3000 2725 3059 2779 in
3079 2724 3346 2779 haeresim
3373 2723 3616 2791 incidat;
3648 2731 3776 2791 aut,
3796 2725 3848 2780 si

2193 2797 2326 2868 quis
2358 2795 2418 2850 in
2450 2794 2906 2868 eaminciderit,
2937 2797 3255 2868 possitque
3285 2796 3478 2868 adhuc
3509 2798 3736 2862 sanari,
3770 2798 3844 2852 ad

2192 2867 2494 2921 veritatem
2528 2866 2876 2924 adducatur.
2935 2866 3175 2922 Verum_
3207 2884 3276 2921 ex
3306 2869 3378 2922 iis
3412 2867 3612 2938 plures
3675 2875 3844 2932 sunt,

2195 2939 2292 3009 qui
2328 2953 2533 3010 rerum
2557 2953 2836 3010 novarum
2879 2939 3100 3010 cupidi,
3130 2938 3448 3010 voluptatis
3493 2944 3842 3003 sectatores,

2193 3011 2457 3081 falsaque
2486 3008 2670 3081 gloria
2705 3008 3174 3081 incensifsacras
3204 3008 3540 3077 Sc'ripturas
3571 3027 3842 3066 corrumv

2194 3085 2341 3153 punt
2365 3079 2430 3136 'et
2459 3079 2814 3153 adulterant.
2846 3080 3012 3137 Tales
3040 3082 3277 3136 fuerunt
3324 3082 3598 3148 Marcion,
3632 3083 3842 3138 Prodi-

2193 3150 2321 3218 cus,
2355 3157 2410 3208 et
2438 3151 2535 3224 alii
2568 3150 2815 3224 similes,
2838 3169 2972 3208 cum
3005 3154 3220 3221 quibus
3250 3153 3396 3208 bene
3425 3159 3622 3209 actum
3657 3158 3840 3224 esset,

2193 3225 2242 3278 si
2276 3241 2342 3278 ea
2391 3221 2540 3278 scire
2576 3223 2929 3294 potuissent,
2961 3240 3088 3294 qum
3123 3225 3286 3294 prius
3318 3225 3531 3280 tradita
3578 3231 3746 3280 erant
3773 3221 3842 3279 ³²ζ

2192 3295 2366 3368 Solus
2397 3309 2534 3368 ergo
2566 3316 2594 3344 «
2626 3295 2926 3368 gnosticus
2951 3297 3069 3368 ngin
3102 3295 3252 3368 ipsis
3283 3295 3603 3368 Scripturis
3628 3313 3843 3352 conse-

2195 3366 2344 3434 nuit,
2379 3365 2478 3436 qui
2537 3365 2732 3421 verbis
2779 3371 2830 3420 el
2866 3366 3032 3422 lactis
3063 3365 3431 3422 traditionem
3486 3368 3719 3423 Domini
3751 3385 3845 3424 se-

2195 3438 2419 3510 quitur,
2453 3441 2519 3510 et
2541 3438 2993 3510 quasiniisdem
3028 3439 3572 3510 quaeritScripturis
3597 3441 3849 3496 demon-

2193 3508 2475 3565 t’rationes
2507 3508 2748 3564 invenit.

2267 3580 2430 3647 Quod
2457 3579 2679 3653 siquis
2723 3580 3004 3653 objecerit
3034 3581 3456 3650 cognitionem,
3502 3585 3723 3653 γνῶσιν,
3783 3587 3853 3638 ut

2193 3653 2500 3726 Scriptura
2526 3651 2788 3726 loquitur
2829 3675 2856 3701 ι(
2889 3652 3128 3726 inflare,
3159 3676 3186 3726 ν
3235 3651 3853 3726 euctaﬁvgrespondet

2194 3723 2459 3779 Clemens
2490 3723 2597 3778 hoc
2629 3723 2802 3777 verbo
2855 3722 3173 3791 signiﬁcari
3214 3722 3588 3792 {magniﬁce
3619 3722 3678 3780 et
3718 3742 3852 3782 vere

2195 3795 2409 3851 sentire
2440 3794 2485 3827 ³³
2542 3817 2566 3843 ››
2602 3799 2676 3848 Et
2707 3795 2762 3848 id
2792 3794 3026 3863 quidem
3062 3795 3193 3850 aliis
3215 3796 3530 3866 Scriptura:
3552 3795 3698 3851 locis
3729 3804 3850 3851 sta-

2199 3867 2428 3938 bilitum
2461 3881 2589 3920 esse
2642 3865 3024 3938 demonstrat.
3060 3867 3200 3920 Cum
3263 3865 3398 3937 ergo
3431 3869 3746 3938 magniﬁca
3793 3873 3852 3923 et

2194 3954 2329 3991 vera
2362 3935 2430 3991 sit
2469 3953 2643 3992 sacrm
2677 3937 2990 4006 Scripturaa
3022 3938 3290 4008 cognitio,
3324 3935 3699 3994 nullus‘cerle
3726 3940 3851 3995 ulla

2198 4025 2462 4079 unquam
2505 4009 2576 4062 de
2607 4022 2784 4063 causa
2815 4025 3004 4078 neque
3035 4009 3192 4064 illam
3227 4011 3548 4081 depravare
3587 4019 3686 4066 aut
3721 4029 3850 4066 cor-

2197 4095 2490 4151 rumpere,
2538 4095 2727 4152 nequc
2770 4081 3103 4152 _cupiditati
3173 4098 3334 4137 vanae
3391 4081 3586 4152 gloriae
3657 4083 3848 4137 inser-

2194 4150 2425 4218 viendo,
2458 4150 2912 4207 ecclesiasticam
2944 4151 3205 4222 regulam
3241 4150 3420 4208 furari
3465 4154 3656 4209 debet.
3691 4154 3849 4217 Qua-

2197 4227 2566 4294 propternec
2595 4223 2852 4294 haeretici
2884 4223 3133 4293 hujusce
3165 4224 3433 4280 criminis
3463 4226 3707 4289 conscii,
3742 4242 3849 4280 nec

2196 4293 2293 4351 alii
2321 4295 2390 4349 ab
2418 4293 2491 4347 iis
2514 4293 2762 4363 decepti,
2793 4293 2848 4347 in
2897 4311 3140 4364 regnum
3196 4297 3500 4352 intrabunt
3540 4295 3850 4354 caelorum.

2196 4367 2319 4421 Non
2354 4365 2510 4420 enim
2546 4365 2761 4419 habent
2783 4382 2979 4420 veram
3014 4367 3330 4423 Dominicaa
3362 4369 3700 4423 traditionis
3730 4369 3852 4424 cla-

2197 4439 2337 4510 vim,
2371 4437 2470 4491 sed
2525 4437 3110 4510 quamdamfalsam,
3145 4455 3282 4510 qua,
3343 4439 3537 4496 exciso
3576 4439 3854 4495 Ecclesiae

2201 4508 2349 4564 ostio
2382 4513 2438 4561 et
2488 4509 2746 4578 perfosso
2809 4508 2966 4564 illius
3000 4508 3188 4577 muro,
3237 4512 3505 4566 veritatis
3554 4511 3856 4568 cancellos

2202 4579 2737 4650 transgrediuntur.

2275 4652 2419 4706 llinc
2449 4651 2713 4708 Clemens
2738 4652 2944 4721 probat
2963 4668 3170 4707 omnes
3191 4652 3323 4707 illos
3349 4653 3650 4708 hereticos
3668 4653 3858 4710 fuisse

2201 4739 2336 4777 vera
2367 4723 2537 4793 longe
2594 4723 2944 4778 recentiores
2974 4723 3258 4790 Ecclesia,
3291 4742 3413 4792 quae
3445 4729 3503 4778 et
3558 4724 3856 4781 catholica

2203 4801 2258 4848 et
2291 4794 2642 4866 universalis
2671 4811 2800 4849 esse
2858 4795 3050 4863 debet,
3085 4802 3143 4850 et
3169 4813 3287 4850 una
3315 4801 3546 4850 tantum
3579 4812 3709 4851 esse
3741 4813 3854 4866 po-

2202 4870 2336 4939 test.
2358 4864 2518 4920 Illius
2537 4870 2728 4920 autem
2754 4866 3076 4939 eminentia
3098 4867 3669 4939 constructionisque
3687 4864 3856 4939 prin-

2204 4936 2446 5006 cipium,
2497 4942 2702 4992 caztcra
2733 4937 2930 4991 omnia
2962 4954 3272 5006 superans,
3304 4939 3527 4994 unitate
3557 4936 3855 4995 sua—fun-

2205 5009 2379 5063 datur
2408 5011 2464 5064 et
2517 5009 2896 5064 constituitur
2922 5009 2984 5062 ⁸⁸.
3044 5009 3262 5065 Verum
3295 5010 3545 5066 haereses
3598 5029 3668 5066 ex
3722 5011 3859 5068 suis

2203 5080 2566 5154 auctoribus,
2626 5079 2791 5146 locis,
2851 5085 3064 5154 gente,
3105 5082 3501 5154 dogmatibus,
3561 5089 3664 5138 aut
3719 5099 3858 5154 per«

2202 5151 2387 5207 versis
2427 5152 2658 5224 actibus
2682 5167 2892 5224 nomen
2925 5151 3141 5206 sortitis
3173 5160 3328 5208 sunt.
3367 5152 3627 5224 Denique
3650 5151 3864 5210 auctor

2205 5227 2405 5278 noster
2435 5223 2601 5277 docet
2630 5222 2882 5277 Mosaica
2913 5224 2984 5277 de
3017 5224 3254 5279 mundis
3283 5231 3336 5280 et
3367 5222 3700 5280 immundis
3732 5227 3862 5280 ani-

2207 5294 2462 5366 malibus
2504 5293 2629 5365 lege
2659 5293 2882 5358 ﬁdeles,
2931 5294 3165 5350 Judaeos
3198 5301 3372 5366 atque
3403 5297 3710 5351 hereticos
3758 5299 3861 5353 de-

2205 5365 2424 5436 signari
2458 5386 2470 5429 ;
2505 5383 2568 5420 ac
2601 5374 2910 5440 postquam
2943 5367 3014 5421 de
3039 5368 3211 5440 modo
3244 5365 3360 5438 quo
3389 5367 3449 5422 hi
3477 5368 3612 5424 libri
3643 5369 3856 5440 scripti

2204 5442 2363 5504 sunt,
2425 5453 2748 5509 eorumque
2779 5437 2952 5492 titulo
2984 5439 3237 5494 breviter
3266 5437 3567 5506 disseruit,
3623 5437 3865 5496 huic'li-

2206 5509 2329 5574 bro,
2388 5508 2603 5585 _alium__
2628 5508 2826 5565 tamen
2886 5510 3079 5566 adhuc
3128 5511 3544 5582 promittendo,
3604 5512 3862 5585 imponit

2205 5580 2538 5635 coronidem
2562 5581 2624 5636 ³⁸.

3721 5728 3850 5795 758,
