4148 6202
286 222 427 279 1073

1549 235 1643 288 DE
1678 233 1914 290 LIBRIS
1953 237 2422 293 STROMATUM.

3557 243 3694 300 1074

282 373 310 400 «
345 350 567 430 Christi
621 368 855 425 quoque
909 355 1250 430 familiares,
1283 357 1499 428 inquit,
1543 359 1644 430 qui
1693 361 1936 415 verbum
1969 363 2021 429 Α
2053 363 2245 418 cordis
2276 363 2501 419 homini
2534 365 2749 421 mirum
2799 367 3092 424 videbitur
3141 368 3291 425 hanc
3340 370 3690 426 sententiam

281 423 774 498 pradicaver’unt,‘
799 434 1104 496 postquam
1138 429 1263 498 ipse
1294 423 1621 486 excessit'e
1667 431 1810 496 vita,
1847 432 1938 486 usi

281 499 426 581 sunt
457 496 832 581 parabolis.)
855 498 1000 581 Quid
1028 496 1222 581 autem
1243 499 1328 581 sit
1347 501 1638 581 parabole,
1663 505 1935 581 aenigma,

281 571 515 644 tropus,
539 572 595 644 et
625 567 753 622 aliis
784 567 844 644 in
871 569 1193 644 Scripturis
1223 567 1547 644 dictionum
1584 567 1936 644 liguraeﬁpse

283 637 665 707 postmodum
696 639 943 713 explicat
973 637 1036 694 τί.
1069 640 1148 696 De
1178 643 1269 696 his
1316 659 1487 713 porro
1537 637 1798 700 consule
1827 637 1933 700 au-

281 714 506 785 c_t_orem
538 712 1182 785 commentariorumiu
1217 712 1392 783 caput
1421 732 1438 769 1
1473 715 1741 770 Proverb.
1777 719 1931 785 apud

282 779 728 851 Hieronymum,
759 781 896 838 item
955 779 1364 840 Cassiodorum
1417 785 1518 841 lib.
1553 789 1624 841 De
1671 779 1930 842 scheiiiat.

281 861 333 929 et
367 855 535 920 trop.,
570 868 703 929 pag:
735 853 861 929 629,
904 859 1082 929 atque
1139 856 1315 929 etiam
1375 858 1796 924 Augustinum,
1831 859 1931 929 qui

280 922 927 1000 trOporumscientiam
949 922 1020 980 ad
1047 922 1475 998 intelligendas
1492 922 1826 1000 Scripturas
1848 922 1932 984 di-

280 995 363 1048 cit
391 1009 522 1048 esse
552 995 755 1048 utilem
780 996 844 1050 ⁸⁸.

351 1070 687 1140 Antequam
707 1065 843 1120 huic
867 1066 1236 1140 deomnibus
1250 1071 1572 1138 generatim
1610 1071 1929 1140 Scriptum

281 1151 465 1190 sacrre
495 1135 662 1209 libris
693 1137 949 1209 sermoni
1001 1140 1175 1192 linem
1229 1135 1626 1209 imponamus,
1659 1135 1928 1198 animad-

279 1208 628 1282 vertendum
647 1215 738 1282 est
759 1207 1046 1279 explicatu
1065 1207 1479 1282 difﬁcillimum
1503 1229 1631 1269 esse
1653 1214 1792 1282 quid
1815 1214 1928 1269 sibi

281 1277 556 1355 Clemens
577 1278 732 1355 velit,
757 1277 888 1334 cum
913 1281 1150 1355 scripsit
1178 1289 1428 1355 quatuor
1455 1277 1929 1355 Jerosolymitani

278 1347 485 1427 templi
519 1347 827 1427 columnas
856 1367 985 1427 esse
1015 1347 1172 1423 ἁγίας
1194 1347 1448 1424 privatim
1506 1347 1762 1427 τετράδος
1811 1352 1929 1408 δια-

280 1417 468 1484 θήκῶν
496 1417 766 1476 παλαιῶν.
801 1445 828 1471 «
855 1417 1097 1496 Signum
1123 1417 1335 1496 sanctas
1358 1417 1764 1496 quaternionis
1781 1433 1930 1483 vete-

280 1507 417 1546 rum
450 1495 929 1567 testamentorum
950 1494 1012 1548 ‘9.
1039 1517 1066 1544 »
1091 1495 1238 1560 Quid
1263 1494 1418 1552 enim
1443 1498 1566 1554 haec
1596 1516 1624 1554 s
1652 1500 1931 1567 gnilicent

281 1579 348 1617 se
383 1578 498 1638 non
533 1563 850 1638 intelligere
886 1567 1162 1638 llervetus
1193 1567 1381 1637 palam
1419 1563 1739 1638 prolitetur.
1776 1578 1850 1626 At
1880 1569 1929 1624 si

280 1634 642 1710 conjecturis
665 1634 968 1710 indulgere
987 1636 1178 1710 liceat,
1194 1634 1231 1692 a
1249 1654 1380 1710 vero
1404 1634 1516 1694 non
1544 1658 1780 1710 prorsus
1795 1641 1929 1697 alie-

283 1721 426 1798 num
452 1705 620 1761 nobis
641 1705 1127 1798 videri‘dicemu‘s'
1148 1709 1224 1798 ibi
1255 1705 1606 1798 Clementem
1633 1715 1701 1795 ad
1717 1730 1930 1798 ‘quam-
1960 1729 2004 1792 Β
2178 1705 2563 1797 δ’ίυὶῖῖρδηίδ

283 1776 421 1830 dam
447 1776 1066 1847 respexisselibrorum
1087 1779 1312 1836 Veteris
1329 1782 1683 1838 'l‘estamenti
1699 1776 1928 1840 divisio-

283 1863 578 1925 nem,_qua
594 1865 693 1925 eos
707 1850 944 1919 quidam
967 1857 1220 1925 quatuor
1235 1852 1289 1906 in
1308 1859 1520 1925 partes,
1541 1857 1745 1923 putaiu
1771 1857 1928 1925 lega-

284 1917 395 1996 les,
408 1917 742 1996 historicos,
763 1917 1141 1996 paraenefticos
1154 1927 1211 1996 et
1229 1917 1618 1996 propheticus,
1635 1927 1716 1982 vel
1733 1917 1928 1996 aliquo

284 1989 401 2044 alio
457 1991 630 2046 modo
690 1990 1121 2047 distribuebant
1173 1989 1254 2050 De
1285 1989 1391 2050 hac
1432 1989 1625 2052 autem
1679 1989 1929 2053 aliisque

285 2077 590 2136 sacrorum
623 2061 854 2136 illorum
880 2063 1244 2120 voluminum
1281 2067 1712 2136 partitionibus,
1732 2061 1926 2135 multi,

283 2147 434 2211 quos
460 2133 850 2211 facilequlvis
879 2136 1185 2211 consulere
1215 2133 1448 2211 poterit,
1481 2140 1667 2194 multa
1695 2133 1928 2211 scriptis

281 2203 769 2276 tradideruntSi
801 2206 935 2274 quis
970 2223 1138 2276 porro
1184 2203 1361 2263 aliam
1395 2212 1678 2265 veriorem
1720 2203 1925 2266 ver-bo-

281 2290 429 2349 rum
450 2274 766 2349 Clementis
799 2274 1244 2349 explicationem
1285 2296 1600 2349 suggerere
1630 2282 1784 2346 velit,
1822 2301 1926 2338 nos

281 2345 532 2402 minime
563 2347 918 2404 reluctantes
950 2347 1009 2404 in
1034 2366 1202 2404 suam
1235 2345 1587 2408 sententiam
1619 2345 1890 2408 adducet.

850 2481 1257 2539 ARTICULUS
1299 2484 1365 2539 ll.

274 2583 512 2652 Moysen
565 2594 681 2634 esse
736 2579 1100 2635 Peutateuchi
1157 2590 1454 2644 auctorem,
1485 2584 1581 2636 ubi
1610 2591 1661 2636 et
1687 2584 1752 2640 de
1779 2587 1926 2652 ejus-

387 2666 475 2704 em
508 2653 714 2721 Moysi:
742 2659 923 2722 (etate,
953 2653 1067 2706 vita
1096 2654 1377 2722 variisque
1403 2655 1760 2722 nominibus;
1793 2657 1926 2711 item

346 2721 414 2775 de
443 2723 702 2792 «Egyplio
732 2721 971 2789 homine,
1004 2738 1164 2791 quem
1192 2721 1295 2776 ille
1320 2726 1479 2779 verbo
1523 2721 1787 2781 occidis”
1834 2728 1925 2782 tli-

347 2794 498 2847 citur
518 2809 538 2852 ,·
566 2796 638 2866 de
665 2794 808 2866 miro
829 2809 932 2862 quo
955 2795 1052 2848 ille
1073 2795 1378 2862 Nechephri
1398 2795 1786 2865 ngyptiorum
1807 2801 1927 2866 regi

346 2865 616 2932 apparuit
647 2865 832 2936 modo;
855 2867 1105 2936 denaria
1133 2866 1546 2936 multiplicique
1575 2869 1731 2922 illius
1754 2865 1928 2923 scim-

347 2937 431 2989 tia
460 2944 513 3008 et
541 2935 860 3002 sapientia:
909 2935 977 2988 de
1020 2937 1140 3008 ejus
1188 2935 1322 3006 lege,
1349 2935 1513 3008 quam
1542 2937 1779 3005 benigna
1807 2943 1881 2994 sit
1905 2958 1924 3000 .·

346 3021 456 3080 quo
480 3007 609 3080 jure
629 3008 898 3061 Israelita:
919 3006 1199 3080 .‘Egypt‘ios
1229 3006 1634 3080 spoliaverunt,-
1664 3011 1924 3080 quomodo

375 3077 388 3096 ι
481 3077 490 3088 ε
845 3080 854 3088 .
1115 3077 1122 3086 .
1437 3082 1446 3090 .
1672 3077 1704 3093 -.
1820 3084 1830 3094 .
2105 3077 2125 3097 ι
2150 3077 2365 3098 υῠιυωυ
2397 3077 2438 3100 υ

346 3077 1508 3170 ᾖξ”τῗίέλὲέθθξῗὶἓζῖἳέἶΨυῗἾξξ,ξίξηθῖέῖἓῗέτ
1531 3081 1730 3170 θίῩΞίὲΨ
1748 3098 1923 3170 im":
1949 3087 1992 3154 Ο
2030 3113 2276 3169 historia
2307 3132 2443 3170 narr

345 3151 447 3240 tia.
480 3152 674 3240 noctu"
705 3149 1502 3240 Israelitajstqufmad‘motlum
1531 3149 1824 3240 'llliltiatlrs
1873 3162 1923 3208 et
1960 3149 1992 3154 ν

343 3220 722 3289 Thrasybulus
751 3236 900 3282 suos,
930 3219 1196 3282 ducendo,
1227 3225 1280 3276 et
1311 3223 1577 3290 quomodo
1613 3227 1918 3279 moriturus

337 3307 378 3345 α
405 3292 566 3346 Iosue
592 3300 643 3346 ct
668 3291 837 3346 Calcb
863 3291 1078 3361 duplex
1099 3293 1246 3346 visus
1272 3294 1466 3360 fuerit.

342 3415 421 3470 Ad
454 3415 741 3496 quosdam
773 3413 1170 3496 particulatim
1190 3431 1382 3496 sacrm
1411 3415 1717 3496 Scriptura:
1739 3417 1918 3496 libros

268 3490 333 3540 ut
359 3484 682 3557 veniamus,
707 3484 894 3557 primo
916 3486 1153 3554 quidem
1183 3484 1454 3557 Clemens
1487 3484 1700 3543 librum
1734 3492 1913 3545 Gene-

265 3571 396 3612 seos
435 3556 642 3628 Moysi,
673 3555 804 3612 vero
835 3555 996 3628 illius
1043 3556 1267 3628 auctori
1299 3557 1688 3612 disertissime
1736 3562 1916 3615 ascri-

266 3628 375 3683 bit.
404 3626 708 3700 Quoddam
768 3626 923 3700 enim
978 3627 1402 3700 testimonium,
1435 3644 1503 3683 ex
1545 3645 1610 3700 eo
1637 3631 1913 3700 deprom-

267 3705 463 3769 ptum,
480 3699 608 3773 ‘haac
631 3699 725 3753 ille
749 3699 894 3773 citat
914 3698 971 3752 in
994 3699 1196 3752 verba:
1215 3698 1914 3773 «SapieinlissimusMoy-

265 3787 364 3826 ses
392 3770 634 3841 pulchre
654 3769 1010 3842 repetitione
1056 3786 1226 3842 usus,
1255 3769 1604 3842 significavit
1655 3769 1914 3842 corporis

267 3847 326 3896 et
378 3840 590 3896 animae
649 3840 1145 3911 incorruptionem
1199 3841 1536 3897 describens
1566 3842 1624 3897 in
1660 3840 1916 3901 Rebecca

268 3912 381 3968 hoc
413 3913 586 3968 modo
612 3929 625 3966 :
658 3935 686 3962 «
709 3911 887 3981 Virgo
915 3917 1108 3966 autem
1133 3917 1256 3967 erat
1280 3913 1546 3981 pulchra,
1569 3913 1656 3968 vir
1677 3932 1792 3971 non
1815 3933 1914 3972 co-

265 3983 471 4055 gnovit
499 4001 627 4039 eam
650 3984 770 4055 ‘°._4»
794 3982 948 4037 Alibi
992 3999 1124 4038 vero
1149 4001 1162 4038 :
1214 4006 1240 4032 «
1268 3983 1493 4054 Moyses
1541 3984 1770 4041 videtur
1798 3987 1913 4044 Do-

269 4053 506 4110 minum
552 4053 848 4126 appellare
897 4059 1130 4130 pactum
1161 4069 1176 4109 :
1229 4053 1378 4110 Ecce
1397 4071 1524 4126 ego,
1557 4057 1779 4126 dicens,
1812 4076 1912 4130 pa-

264 4131 429 4182 ctum
463 4143 656 4182 meum
684 4130 875 4181 tecum
907 4126 971 4178 ⁵³.
1011 4148 1040 4174 ››

337 4198 614 4268 Ejusdem
647 4213 880 4268 quoque
899 4195 1114 4268 Moysis
1137 4196 1373 4268 nomine
1400 4199 1818 4268 transcriptum
1845 4215 1914 4256 ex

263 4266 704 4341 Denteronomii
737 4266 891 4341 libro
929 4266 1332 4341 testimonium
1365 4269 1447 4323 ita
1476 4267 1572 4341 ille
1605 4269 1740 4324 alibi
1775 4287 1909 4341 pro-

261 4339 440 4394 tulit:
480 4363 500 4389 ι
536 4339 700 4395 Unde
731 4339 816 4395 eis
837 4338 1056 4394 dictum
1077 4343 1167 4394 est
1187 4355 1220 4393 a
1241 4339 1472 4406 Moyse:
1525 4339 1641 4410 Ego
1671 4338 1909 4396 tumula-

265 4411 427 4466 tione
456 4428 558 4466 vos
589 4411 912 4482 provocabo
943 4411 1008 4480 ⁵³,
1039 4431 1063 4482 ρ
1104 4413 1236 4482 etc.
1271 4411 1417 4475 Quid
1477 4411 1653 4482 quod,
1704 4413 1906 4469 eodem

263 4482 460 4555 adhuc
490 4479 704 4555 Moysis
735 4481 973 4555 nomine
995 4479 1198 4555 'ab_illo
1251 4486 1381 4550 post
1428 4479 1754 4555 Barnabam
1796 4484 1911 4555 alia

261 4551 603 4608 laudantur'
633 4570 745 4609 non
807 4552 998 4609 solum
1061 4551 1517 4618 Deuteronomii,
1573 4555 1672 4608 sed
1731 4554 1908 4610 etiam

259 4625 441 4696 Exodi
478 4624 602 4680 loca
623 4624 713 4680 "‘I
745 4625 853 4680 Sed
882 4625 1022 4693 quid
1063 4640 1223 4696 Aopus
1270 4629 1359 4679 est
1405 4623 1667 4696 singulos
1695 4627 1908 4696 Moysis

263 4695 449 4752 libros
473 4712 832 4766 percurrere,
855 4712 990 4751 cum
1012 4694 1280 4751 Clemens
1304 4712 1438 4750 eum
1485 4694 1666 4751 totius
1699 4694 1906 4752 Penta-

262 4768 457 4823 leucbi
490 4772 790 4823 auctorem
821 4782 949 4822 esse
971 4766 1051 4821 ibi
1075 4767 1291 4821 diserte
1313 4773 1556 4830 asserat,
1581 4767 1679 4821 ubi
1715 4785 1908 4823 mora-

260 4837 348 4894 les
376 4838 554 4905 leges,
588 4855 713 4908 quae
744 4838 800 4892 in
834 4855 900 4894 eo
933 4836 1227 4906 leguntur,
1257 4838 1326 4890 ab
1358 4837 1486 4908 ipso
1519 4839 1714 4908 Moyse
1757 4839 1902 4894 scri-

260 4916 395 4981 ptas
417 4927 546 4982 esse
563 4909 776 4982 tradit:
814 4929 840 4960 ι
871 4908 1104 4964 Clarum
1126 4913 1245 4982 est,
1279 4908 1491 4980 inquit,
1525 4927 1728 4982 omnes
1759 4927 1902 4982 quo-

259 4978 378 5048 que
406 4981 552 5035 alias
584 4981 998 5050 virtutes,rquae
1026 4978 1255 5050 scriptae
1287 4978 1426 5035 sunt
1455 4983 1606 5050 apud
1643 4978 1901 5048 Moysen,

255 5052 312 5104 ul
342 5052 489 5124 παρᾶ
520 5053 599 5124 τῷ
629 5054 814 5104 Maias?
849 5049 1346 5124 ἀναγεγραμμένῳ,
1382 5049 1718 5124 praebuisse
1746 5057 1901 5107 Grin-

254 5126 340 5180 cis
375 5121 729 5195 principium
763 5121 1087 5195 totius'IOci
1120 5122 1358 5195 moralis
1380 5123 1440 5175 “.
1472 5146 1522 5195 ξ-
1557 5122 1662 5176 Ubi
1718 5124 1898 5191 enim,

2050 434 2122 488 ab
2145 435 2544 512 eruditissimo
2577 448 2812 512 auctore
2846 447 3046 496 nostro
3076 441 3549 497 constantissime
3569 459 3692 512 pro-

2048 509 2321 584 pugnari,
2352 524 2528 576 quam
2563 511 2758 565 divina
2788 512 2938 566 sacri
2973 513 3279 584 utriusque
3332 509 3688 567 Testamenti

2047 579 2415 651 auctoritate,
2446 596 2511 651 ac
2546 588 2822 651 perpetua
2872 593 2925 638 et
2971 579 3302 638 certissima
3349 590 3686 638 sanctorum

2046 647 2281 725 Patrum
2332 647 2666 725 traditione,
2700 661 2872 725 atque
2919 653 3044 722 ipso
3094 655 3269 709 etiam
3325 671 3686 725 paganorum

2045 719 2394 796 scriptorum
2417 722 2763 796 testimonio
2785 719 3072 796 aesar—tam
3093 733 3148 780 et
3173 719 3496 796 prohatavm,
3519 725 3689 796 pauci

2043 796 2271 868 tantum
2293 792 2535 868 quidam
2563 797 2910 852 recentiores
2933 792 3258 851 incredibili
3280 813 3424 868 pene
3445 792 3689 851 audacia

2044 861 2376 931 improbare
2405 865 2532 918 ausi
2564 871 2722 920 sunt.

2113 951 2413 1005 Addamus
2445 957 2665 1020 tamen,
2699 953 2746 1006 si
2779 953 2946 1021 velis,
2979 953 3220 1010 stultam
3285 953 3447 1008 illam
3498 953 3684 1008 insul-

2042 1035 2239 1096 sorum
2260 1022 2576 1096 hominum
2614 1025 2990 1092 pertinaciam
3018 1027 3108 1080 his
3127 1025 3318 1080 adhuc
3347 1027 3684 1096 expressius

2041 1092 2222 1167 relelli
2250 1091 2565 1167 Clementis
2589 1091 2780 1153 verbis
2805 1113 2818 1149 :
2845 1118 2872 1144 «
2897 1099 3147 1152 Mosaica
3169 1097 3404 1167 quidem
3423 1091 3686 1166 philoso-

2044 1161 2179 1231 phia
2211 1165 2635 1235 quadripertito
2679 1167 2984 1229 dividitur,
3015 1176 3071 1222 et
3102 1169 3158 1221 in
3186 1161 3409 1238 partem
3434 1161 3684 1223 histori-

2041 1249 2190 1308 cum,
2223 1239 2281 1288 et
2315 1250 2454 1308 eam
2499 1252 2626 1305 quas
2685 1239 2914 1308 proprie
2945 1247 3184 1294 vocatur
3239 1239 3520 1308 legitima,
3554 1255 3684 1307 qua:

2039 1304 2281 1378 quidem
2314 1304 2529 1360 fuerint
2556 1304 2810 1378 proprie
2831 1325 3058 1364 morum
3091 1304 3456 1364 tractationis
3489 1329 3502 1376 ;
3562 1304 3681 1364 ter-

2041 1375 2184 1450 tiam
2210 1380 2404 1450 autem
2428 1375 2580 1442 eam,
2606 1375 2732 1450 quis
2764 1380 3015 1450 pertinet
3064 1382 3134 1434 ad
3185 1375 3498 1445 sacrificia,
3523 1381 3678 1448 quod

2039 1445 2279 1532 quidem
2310 1449 2400 1501 est
2429 1445 2647 1530 natura:
2675 1445 3187 1532 contemplationis
3221 1469 3234 1518 ;
3284 1445 3680 1532 et‘postriemo

2038 1521 2324 1592 quartam
2366 1519 2618 1592 speciem
2677 1519 3083 1591 theologicam,
3116 1538 3243 1592 qum
3286 1519 3680 1588 est'superna

2039 1584 2533 1663 con-templatim“.
2563 1612 2590 1639 ››
2623 1584 2931 1660 Αὶηυὶὺίὶε
2962 1584 3084 1647 haec
3116 1584 3368 1663 reperies
3400 1594 3456 1646 in
3489 1584 3677 1657 libris,

2044 1659 2154 1734 nisi
2189 1660 2243 1712 in
2277 1659 2473 1734 iisqui
2519 1659 2745 1734 Moysis’
2777 1664 3012 1718 nomine
3069 1659 3352 1718 hactenus
3410 1664 3678 1734 inscripti

2637 1735 2870 1805 enique,
2905 1736 3058 1805 quod
3093 1735 3361 1789 Clemens
3412 1735 3677 1790 ethnicos

2040 1801 2422 1876 philosophos
2451 1801 3002 1876 exiisdem'Moysis
3037 1805 3223 1872 libris,
3257 1823 3383 1868 sua,
3421 1812 3481 1859 ut
3527 1807 3680 1859 iul'ra

2039 1873 2388 1940 videbimus,
2422 1875 2643 1928 veriora
2696 1873 2970 1945 dogmata
3027 1878 3297 1931 hausisse
3355 1877 3565 1931 asserit
3611 1893 3677 1929 ac

2037 1945 2450 2018 demonstrat?
2497 1947 2611 2018 Sed
2654 1947 2734 2009 id,
2765 1949 2916 2017 quod
2953 1949 3080 2018 ipsa
3112 1949 3237 2002 luce
3295 1949 3510 2001 clarius
3565 1954 3674 2011 est,

2038 2014 2306 2089 pluribus
2337 2017 2598 2089 stabilire
2630 2014 2993 2086 argumentis
3031 2035 3165 2073 cum
3198 2019 3556 2089 superﬂuum
3591 2019 3677 2071 vi-

2036 2087 2415 2159 deatur,quid
2445 2089 2515 2142 de
2539 2089 2799 2159 ipsumet
2849 2095 3043 2159 Moyse
3070 2087 3369 2159 singulare
3399 2097 3455 2143 et
3475 2093 3674 2144 obser-

2035 2162 2170 2230 vatu
2216 2158 2462 2227 dignum
2513 2158 2608 2213 ille
2657 2159 2887 2226 dixerit,
2915 2158 3038 2230 jam
3072 2178 3104 2216 a
3136 2158 3305 2216 nobis
3336 2163 3672 2216 examinan-

2036 2229 2177 2282 dum
2208 2235 2317 2282 est.

2107 2321 2188 2388 De
2217 2315 2582 2388 illiusiwlate,
2608 2318 2882 2372 omnibus
2914 2319 3144 2374 Graeciae
3177 2318 3542 2388 philosophis
3568 2337 3676 2372 sn-

2037 2387 2310 2461 tiquiore,
2345 2387 2512 2461 plura
2552 2390 2783 2457 quidem
2836 2389 3102 2445 Clemens
3152 2387 3348 2444 noster
3395 2391 3674 2461 disputat,

2037 2459 2331 2530 variisque
2359 2459 2653 2514 variorum
2688 2465 2990 2515 auctorum
3042 2461 3456 2530 chronologiis,
3489 2459 3522 2514 ἐι
3573 2459 3676 2515 no;

2038 2529 2130 2601 his
2159 2528 2312 2584 infra
2344 2537 2611 2585 accurate
2641 2532 3150 2601 repraesentandis,
3174 2528 3380 2601 probat
3407 2533 3675 2588 eumdem

2036 2600 2276 2672 Moysen
2323 2606 2379 2654 et
2427 2600 2782 2672 paganorum
2833 2603 2970 2666 diis,
2999 2607 3056 2657 et
3100 2600 3379 2658 omnibus
3436 2603 3674 2659 illorum

2036 2671 2399 2744 sapientibus
2429 2671 2918 2744 acphilosophis,
2946 2674 3323 2744 poetisatque
3371 2675 3674 2744 scriptori-

2036 2742 2146 2796 bus
2177 2759 2305 2797 esse
2339 2742 2508 2814 longe
2537 2742 2914 2799 vetustiorem
2939 2746 3001 2798 ⁵⁸.
3033 2751 3107 2798 De
3135 2742 3243 2798 hac
3275 2750 3468 2799 autem
3495 2742 3675 2800 ‘vete-

2035 2830 2171 2886 rum
2199 2816 2490 2868 sententia
2524 2817 2580 2869 in
2615 2816 2832 2870 nostris
2858 2816 2914 2869 in
2945 2815 3164 2872 Justini
3199 2815 3473 2886 martyris
3494 2823 3550 2870 et
3570 2817 3676 2871 Ta-

2033 2885 2176 2957 tiani
2226 2901 2400 2954 opera
2457 2886 2972 2942 dissertationibus
3031 2887 3197 2953 satis,
3229 2887 3313 2941 uti
3360 2885 3672 2957 putamus,

2033 2956 2399 3025 disputatum
2432 2961 2520 3011 est
2548 2957 2611 3011 ⁸⁷.

2104 3043 2365 3098 Posthtec
2396 3044 2666 3101 Clemens
2699 3045 2886 3100 multa
2915 3046 2985 3100 de
3016 3045 3228 3108 Moysis
3262 3055 3410 3113 orlu,
3441 3047 3562 3101 vita
3614 3052 3672 3103 et

2448 3121 2523 3188 at,
2549 3134 2673 3188 quae
2697 3122 2753 3172 et
2774 3133 2904 3172 cum
2929 3117 3119 3188 tribus
3144 3116 3397 3172 Philonis
3420 3117 3490 3172 de
3512 3118 3670 3188 ejus-

2193 3186 2408 3258 Moysis
2439 3187 2554 3243 vita
2571 3186 2834 3255 ‘libris,et
2863 3187 3100 3256 Josephi
3134 3189 3391 3244 secundo
3422 3186 3673 3259 Antiqui-

2029 3262 2200 3330 latum
2229 3259 2592 3330 Iudaicarum
2621 3259 2766 3314 libro
2783 3260 3132 3314 contendere
3165 3259 3384 3314 nemini
3410 3260 3666 3330 profecto

2028 3327 2234 3382 inutile
2268 3329 2390 3402 fore
2433 3331 2793 3402 arbitramur
2816 3331 3102 3402 ‘°.Neque
3162 3327 3663 3402 supervacaneum

2026 3415 2257 3470 quoque
2290 3399 2393 3454 tibi
2427 3401 2554 3467 erit,
2593 3403 2642 3456 si
2691 3402 2832 3457 velis
2864 3399 3039 3456 citata
3065 3419 3097 3456 a
3127 3399 3422 3457 Clemente
3452 3402 3496 3436 ‘9
3529 3403 3666 3456 Eze-

2025 3469 2196 3544 chieli
2231 3477 2410 3539 poeta
2442 3473 2512 3528 de
2542 3474 2756 3544 Moysis
2810 3473 3160 3544 educatione
3213 3472 3496 3537 carmina,
3529 3489 3663 3529 cum

2026 3540 2142 3614 illis
2164 3557 2522 3614 componere
2571 3540 2697 3614 quae
2729 3544 3019 3598 Eusebius
3052 3543 3241 3598 fusius
3273 3559 3377 3598 nec
3409 3544 3535 3598 sine
3565 3563 3665 3599 va-

2026 3612 2134 3694 riis
2161 3612 2513 3718 lec‘tiognibus
2544 3612 2612 3670 ei
2635 3615 2835 3671 eodem
2875 3615 3213 3670 Judteorum
3274 3621 3443 3685 poeta
3499 3621 3665 3669 tran-

2026 3699 2228 3718 “mm.

2023 3683 2261 3754 scripsit
2287 3684 2348 3737 ⁸ο.

2097 3771 2757 3828 Animadversionevero
2777 3777 2976 3828 nostra
2993 3771 3138 3827 illud
3166 3773 3662 3842 prorsusdignum

2020 3842 2433 3914 videtur,quod
2466 3844 2538 3898 de
2566 3845 2763 3914 magni
2795 3844 3039 3913 hujusce
3072 3842 3664 3913 lsraelilarumlegis-

2021 3913 2224 3969 latoris
2257 3915 2492 3970 nomine
2523 3913 2682 3970 hunc
2700 3917 2967 3971 Clemens
3010 3915 3250 3973 scripsit
3279 3915 3337 3970 in
3371 3917 3607 3971 modum
3643 3935 3656 3973 :

2021 4007 2049 4036 σε
2084 3985 2266 4059 Puero
2299 3984 2792 4059 imponitnomen
2827 3987 3044 4055 regina,
3091 3984 3340 4059 Moyses,
3373 3993 3510 4058 apta
3538 3992 3659 4059 ety-

2021 4055 2291 4128 mologia,
2325 4055 2398 4111 eo
2423 4057 2576 4126 quod
2607 4075 2740 4112 eum
2773 4075 2841 4114 ex
2867 4074 3020 4128 aqua
3051 4055 3656 4128 sustMissetIAquam

2019 4127 2175 4184 enim
2205 4143 2328 4211 may
2360 4133 2567 4211 vocant
2594 4129 2868 4211 1Egyptii,
2895 4127 2952 4183 in
2976 4145 3088 4211 qua
3113 4129 3430 4210 moriturus
3469 4127 3658 4185 fuerat

2019 4198 2343 4271 expositus.
2375 4203 2604 4270 Moysen
2633 4198 2787 4255 enim
2821 4205 3030 4255 vocant
3059 4215 3193 4254 eum
3243 4200 3343 4270 qui
3394 4216 3462 4254 ex
3505 4218 3657 4269 aqua

2019 4287 2294 4352 emersus.
2315 4271 2705 4342 respiraverit.
2729 4272 2960 4327 Clarum
2991 4275 3084 4352 est
3113 4287 3249 4352 ergo
3279 4272 3432 4340 quod
3468 4271 3652 4352 prius,

2019 4341 2368 4396 circumciso
2417 4341 2624 4412 puero,
2655 4349 2924 4412 parentes
2955 4341 3198 4412 aliquod
3224 4357 3432 4412 nomen
3465 4341 3652 4410 impo-

2017 4418 2280 4468 suerunt.
2311 4411 2857 4469 Vocabatur’autem
2891 4411 3176 4467 Joachim.
3213 4411 3427 4466 Habuit
3456 4416 3650 4466 autem

2019 4483 2258 4537 tertium
2291 4499 2524 4554 quoque
2552 4500 2761 4539 nomen
2795 4484 2850 4538 in
2883 4483 3046 4551 coelo,
3081 4486 3388 4554 postquam
3420 4499 3651 4554 assum-

2020 4559 2156 4622 ptus
2177 4559 2286 4617 est,
2312 4560 2376 4608 ut
2397 4552 2600 4608 dicunt
2631 4559 2852 4624 mystae,
2877 4569 3086 4622 nempe
3117 4552 3324 4624 Melchi
3350 4553 3451 4624 ει.»
3487 4553 3648 4615 Quod

2018 4625 2167 4680 145
2199 4625 2269 4679 de
2303 4625 2558 4696 nominis
2581 4648 2606 4674 ‹‹
2634 4623 2906 4696 Moyses»
2940 4623 3291 4696 etymologia
3318 4627 3376 4678 et
3407 4623 3648 4696 imposi-

2016 4697 2171 4751 tione
2205 4694 2469 4764 perhibet
2499 4693 2789 4760 Clemens,
2821 4695 2876 4749 id
2911 4693 3107 4764 procul
3154 4693 3333 4764 dubio
3390 4710 3457 4749 ex
3496 4693 3649 4750 ’Phi-

2011 4766 2145 4822 lone
2173 4763 2493 4821 delibatum
2526 4779 2608 4822 est
2629 4766 2696 4822 ⁶².
2723 4765 2851 4821 Haec
2881 4763 3033 4820 enim
3065 4768 3205 4819 sunt
3235 4763 3395 4819 illius
3425 4766 3600 4821 verba
3630 4782 3643 4821 :

2010 4838 2080 4892 Τὸ
2111 4835 2212 4909 γὰρ
2245 4833 2390 4907 ὕδωρ
2426 4839 2542 4909 μῷς
2573 4834 2928 4906 ὀνομάζουσιν
2970 4832 3289 4909 Αἰγύπτιοι.
3329 4837 3468 4909 Qui!)
3515 4837 3645 4909 qui-

2011 4905 2260 4980 demgsic
2292 4905 2446 4980 apud
2479 4908 2834 4980 Clementem
2867 4905 3178 4980 leguntur:
3229 4905 3302 4959 Τὸ
3327 4906 3449 4980 γὰρ
3499 4905 3646 4979 ὕδωρ

2014 4983 2118 5050 μοῦ
2151 4977 2508 5048 ὀνομάζουσιν
2543 4977 2852 5050 Αῗγῦπτιοι.
2890 4979 2997 5034 Ubi
3045 4979 3206 5033 vides
3232 4977 3478 5050 totidem
3521 4977 3650 5037 esse

2010 5049 2319 5121 utriusque
2350 5052 2540 5114 verba,
2577 5049 2688 5106 nisi
2719 5051 2872 5120 quod
2919 5066 3020 5121 pro
3073 5053 3189 5119 μῶς
3221 5049 3510 5121 Clemens,
3563 5052 3648 5106 vel

2010 5123 2204 5194 potius
2227 5120 2476 5194 ’operum
2509 5122 2636 5190 ejus
2687 5120 3078 5194 amanuenses
3109 5120 3331 5194 librarii
3366 5125 3470 5193 μοῦ
3501 5124 3648 5179 scri-

251 5192 465 5250 amabo
494 5192 718 5262 te,‘nisi
770 5194 825 5248 in
884 5193 1410 5265 Pentateucho,hzu
1471 5193 1686 5265 Moysis
1745 5195 1898 5263 leges
2007 5192 2793 5265 pseruntUtrumtamenid
2819 5209 3018 5247 eorum
3043 5192 3650 5265 oscitantitetribuen-

249 5268 488 5339 scripta:
546 5266 742 5322 sunt?
799 5270 870 5319 At
923 5264 1165 5329 nemini,
1208 5264 1290 5319 uti
1351 5264 1649 5335 putamUs,
1685 5265 1896 5320 sinceri

317 5463 363 5496 ⁸⁷
389 5461 562 5526 ibid.,

244 5535 288 5570 ⁸¹
333 5533 484 5588 lib.1
528 5534 746 5588 Strom.

242 5606 288 5642 ⁸⁸
322 5605 422 5660 lib.
455 5623 493 5670 1,
524 5621 578 5675 p.
613 5604 738 5659 354.
881 5603 928 5675 εδ
957 5605 1168 5675 Strom.
1196 5602 1303 5675 _l_ib.
1340 5619 1401 5668 ιι,

245 5693 375 5748 cap.
407 5678 465 5740 2,
499 5672 585 5748 §jt
622 5679 679 5730 et
707 5675 760 5748 8_.
872 5674 915 5708 ⁸⁸
945 5673 1160 5748 Strom.
1194 5672 1308 5748 lib._
1332 5691 1370 5742 1,

247 5741 362 5817 evi,
392 5765 444 5805 ο.
475 5741 548 5802 28
577 5749 636 5803 et
674 5746 766 5816 29,
801 5761 934 5818 pag.
967 5745 1070 5800 1137
1113 5747 1169 5800 et
1213 5744 1335 5800 444.

595 5478 652 5533 p.
681 5461 788 5515 678
817 5463 1025 5533 etseq.

782 5549 836 5602 p.
870 5532 992 5584 356.

1436 5619 1492 5672 p.
1525 5603 1629 5656 3'20
1658 5607 1715 5656 et
1744 5619 1867 5672 seq.

1405 5691 1458 5744 p.
1490 5673 1596 5726 342
1625 5681 1675 5728 et
1709 5690 1831 5744 seq.

1101 5459 1142 5494 ⁸⁸
1175 5458 1275 5513 lib.
1311 5475 1394 5528 ιιι,
1433 5463 1507 5513 De
1538 5459 1720 5514 doctr.
1753 5459 1989 5519 Christ.,
2013 5475 2043 5514 ο

1141 5531 1185 5564 ⁸³
1216 5531 1432 5585 Strom.
1465 5529 1566 5584 lib.
1603 5548 1664 5593 ιι,
1701 5549 1752 5600 p.
1786 5532 1911 5600 370,
1941 5531 2064 5585 389.

1942 5672 1986 5708 ⁸⁸
2015 5673 2229 5728 Strom.
2263 5671 2364 5726 lib.
2401 5671 2440 5736 1,

1483 5745 1526 5780 ⁶¹
1559 5749 1772 5801 Strom.
1806 5742 1907 5800 lih.
1941 5761 1981 5813 1,
2013 5761 2068 5815 p.
2101 5744 2224 5798 343.

2010 5263 2152 5320 dum
2185 5266 2282 5332 sit,
2308 5265 2465 5319 haud
2498 5264 2791 5319 immerito
2822 5263 3353 5319 dubitaveris.Nam
3386 5265 3444 5320 in
3477 5268 3651 5322 editis

2260 5460 2306 5530 Ψ
2333 5461 2544 5513 Strom.
2577 5457 2680 5512 lib.
2714 5476 2770 5524 v,
2803 5460 3015 5530 p.562.
3106 5459 3150 5494 ⁸ο
3181 5457 3282 5530 lib.
3317 5475 3392 5522 1v,
3428 5474 3484 5527 p.
3516 5458 3642 5513 539.

2213 5529 2386 5607 sane.
2422 5547 2478 5596 ν,
2513 5531 2693 5607 p.51.
2753 5529 2818 5607 et:
2855 5531 2979 5607 5:17.
3043 5600 3075 5607 _
3127 5531 3170 5607 ξι
3200 5529 3302 5607 lib.
3334 5545 3396 5607 ες,
3432 5546 3488 5598 ρ.
3516 5530 3639 5607 βρέ.

2018 5602 2071 5680 ξ’(
2111 5599 2208 5656 lib.
2245 5599 2840 5680 11__z\ppar.Ldissert:
2873 5603 2926 5680 _2_,
2961 5600 3096 5680 c..7,
3244 5618 3257 5662 ;
3317 5599 3551 5680 dissert.
3581 5600 3635 5653 5.

2385 5669 2440 5736 ‘1,
2476 5688 2528 5740 p.
2560 5672 2700 5752 344..
2795 5671 2840 5705 ⁸⁸
2874 5670 3107 5750 Euseh.,
3143 5669 3242 5722 lib.
3279 5685 3352 5732 1x,
3387 5673 3632 5738 Prosper,

2371 5742 2416 5776 ⁶²
2446 5740 2632 5806 Philo,
2663 5741 2765 5795 11h.
2802 5757 2841 5794 ιι
2886 5745 2965 5795 De
3011 5744 3128 5795 Vita
3175 5739 3382 5809 Moys.,
3413 5754 3471 5809 p.
3502 5739 3628 5793 605.
