4148 6202
311 217 448 274 1081

311 345 586 418 quintum
622 343 696 418 ab
708 344 908 418 eodem
931 343 1345 418 Davidet'uisse
1368 346 1722 418 compositos
1742 346 1959 402 diserte
1991 351 2044 416 Α

309 415 654 472 asseverant
682 417 748 470 “.
772 415 884 488 His
913 417 1238 488 adderalios
1265 415 1522 488 psalmos
1544 424 1601 472 et
1624 419 1680 471 in
1706 419 1957 473 Μωυιωί

311 488 648 560 Evangelio,
681 493 737 541 et
765 487 822 542 in
859 487 1557 560 apostolorumlActihus,
1593 489 1744 544 haud
1784 490 1961 544 dubie

307 559 595 630 tanquam
629 564 762 613 ante
785 569 1150 628 assumptam
1179 579 1209 614 a
1233 559 1466 614 Christo
1490 560 1810 616 humanam
1834 577 1960 615 car-

313 647 450 686 nem
481 633 751 700 vulgatos
774 630 940 684 citari
964 631 1055 684 “”.
1088 635 1154 685 At

314 701 812 774 manifestumque
835 716 1087 774 errorem
1105 701 1297 757 fusius
1317 702 1579 757 refellere
1593 708 1650 757 et
1664 704 1959 774 prosequi.

388 773 520 828 Alia
551 773 750 846 itaque
771 773 1002 846 Aopinio,
1037 772 1172 827 huic
1205 789 1234 828 e
1264 775 1552 828 diametro
1584 772 1878 846 opposita,
1908 780 1964 830 et

312 843 1103 917 aquamplurimis’omnium
1128 849 1362 917 aetatum
1388 843 1726 900 auctoribus
1751 863 1957 917 propu-

312 921 515 988 gnata,
541 931 746 970 omnes
768 915 1008 969 omnino
1031 915 1294 988 psalmos,
1312 916 1549 988 ipsimet
1568 915 1774 972 Davidi
1800 915 1962 972 attri-

316 987 582 1042 buendos
614 1002 742 1058 esse
771 987 1084 1058 contendit.
1111 988 1220 1041 Sed
1249 987 1319 1042 ab
1352 987 1482 1042 aliis
1514 987 1644 1042 ideo
1677 989 1961 1058 rejicitur,

315 1065 444 1113 tum
480 1059 619 1129 quia
643 1056 1075 1129 plurespsalmi
1103 1058 1258 1112 aliud
1285 1075 1460 1129 quam
1486 1056 1960 1114 Davidisnomen

315 1128 654 1202 fronti’suaS
677 1128 1025 1202 inscriptum
1050 1128 1382 1200 prmterunt,
1402 1135 1524 1184 tum
1551 1131 1802 1202 maxime
1823 1131 1963 1202 quia

312 1201 636 1256 nonnullos
667 1205 798 1271 post
825 1201 1064 1256 Davidis
1090 1205 1316 1255 aetatem
1352 1217 1453 1272 per
1483 1201 1842 1272 Babylonica:
1867 1219 1963 1257 ca-

315 1273 606 1344 ptivitatis
639 1276 903 1341 tempora
925 1276 1097 1344 atque
1129 1272 1304 1344 etiam
1347 1278 1478 1343 post
1519 1274 1804 1344 redditam
1859 1274 1962 1328 Ju-

315 1341 462 1398 daeis
484 1343 808 1398 libertatem
841 1341 1088 1413 scriptos
1119 1343 1304 1398 tuisse
1331 1341 1436 1414 pro
1455 1349 1608 1398 certe
1628 1343 1878 1399 habetur
1897 1346 1960 1399 ⁴⁸.

312 1418 679 1486 Quapropter
707 1414 1093 1485 Hieronymus
1124 1414 1191 1486 ad
1227 1417 1591 1486 Cyprianum,
1613 1416 1818 1469 scribit
1869 1417 1912 1450 ⁴⁶
1945 1433 1958 1470 :

313 1510 344 1536 α
381 1484 648 1540 Sciamus
680 1499 875 1540 errare
906 1484 1029 1549 eos,
1075 1484 1174 1556 qui
1219 1484 1422 1541 omnes
1473 1485 1732 1556 psalmos
1782 1486 1962 1541 David

314 1557 701 1625 arbitrantur,
749 1562 806 1610 et
862 1572 975 1609 non
1035 1572 1260 1622 eorum,
1319 1573 1570 1628 quorum
1622 1558 1962 1612 nominibus

315 1629 583 1700 inscripti
614 1631 773 1700 sunt.
805 1649 825 1679 ι
863 1628 914 1680 Si
950 1629 1048 1700 qui
1079 1633 1271 1683 autem
1297 1627 1680 1700 inscriptione
1701 1633 1961 1699 careant,

315 1643 583 1752 inscripti
614 1643 773 1682 sunt.
805 1649 825 1679 ι
863 1643 914 1680 δι
949 1643 1048 1750 qui
1079 1643 1271 1683 autem
1297 1643 1680 1700 inscriptione
1701 1643 1960 1699 careant,

314 1700 426 1782 nos
462 1699 500 1753 il
526 1715 558 1753 e
587 1699 668 1782 ait
698 1698 768 1780 iis
799 1715 938 1779 esse.
989 1700 1338 1782 sputa-odos,
1373 1721 1401 1749 «
1438 1716 1689 1782 quorum
1713 1701 1771 1754 in
1806 1704 1960 1782 prio-

316 1773 482 1826 ribus
514 1770 758 1840 psalmis
782 1770 1475 1824 nomina'continenturni
1501 1772 1569 1824 Et
1595 1771 1703 1825 hac
1725 1770 1962 1841 quidem

317 1844 545 1924 ratione
618 1841 1006 1924 Hieronymus
1062 1841 1299 1924 Moysen
1347 1843 1964 1924 undecimneiusmodi

316 1914 682 1986 psalmorum
701 1917 996 1986 auctorem
1015 1913 1181 1986 esseri
1193 1913 1383 1986 bidem
1405 1913 1965 1986 pronuntiat.Neque

318 1982 492 2056 porro
523 1983 579 2036 id
607 1982 702 2038 ille
733 1982 912 2056 semel
942 1985 1216 2056 asseruit,
1244 1985 1358 2056 sed
1405 1982 1463 2056 in
1499 1985 1615 2056 alia
1665 1985 1838 2039 etiam
1870 1982 1960 2040 'ad

316 2054 710 2126 Sepbronium
746 2055 1032 2126 epistola:
1067 2077 1095 2102 «
1130 2054 1413 2116 Psalmos,
1448 2055 1640 2126 inquit
1667 2058 1731 2126 ⁸⁷,
1759 2073 1963 2112 omnes

317 2143 522 2182 corum
543 2129 959 2180 testamentum
977 2127 1410 2197 auctorum,qui
1433 2132 1730 2197 ponuntur
1746 2127 1802 2182 in
1818 2127 1962 2182 titu-

321 2199 416 2264 lis,
444 2198 613 2252 David
647 2196 1133 2269 scilicetLAsaph,
1159 2203 1215 2253 et
1238 2196 1777 2269 Idithum,tiliorum
1803 2200 1962 2269 Core,

318 2271 522 2324 Emam
555 2267 856 2341 Ezrahitaa,
889 2268 1183 2341 Moysipet
1212 2268 1558 2341 Salomonis,
1606 2275 1666 2341 et
1711 2267 1964 2341 reliquo;

323 2357 478 2407 rum,
512 2355 658 2411 quos
687 2339 861 2394 Ezras
892 2339 1008 2395 uno
1038 2340 1334 2411 volumine
1364 2339 1890 2411 comprehendit»

396 2410 738 2482 Hacc’igitur
767 2411 940 2466 tertia
969 2417 1057 2466 est
1092 2412 1163 2466 de
1211 2410 1576 2465 Psalmorum
1627 2413 1964 2467 auctoribus

322 2498 440 2538 non
474 2481 664 2537 solum
699 2481 1054 2553 Hieronymi,
1078 2482 1176 2536 sed
1203 2482 1404 2537 Hilarii
1429 2499 1660 2553 quoque
1685 2484 1730 2517 ⁸⁸
1752 2489 1807 2537 et
1829 2483 1966 2537 alio-

322 2570 452 2608 rum
485 2554 796 2617 sententia,
825 2555 922 2622 qui
958 2553 1088 2608 illos
1118 2554 1190 2607 ab
1223 2555 1312 2608 bis
1344 2554 1704 2624 conscriptos
1725 2570 1853 2610 esse
1873 2571 1966 2610 vo-

321 2626 476 2692 lunt,
509 2641 758 2696 quorum
788 2624 1026 2696 nomine
1057 2625 1478 2679 inscribuntur.

400 2695 612 2750 Verum
647 2696 782 2766 quia
817 2695 1028 2766 duplex
1059 2712 1257 2750 eorum
1294 2696 1523 2760 titulus,
1576 2712 1731 2750 unus
1760 2695 1820 2750 in
1857 2697 1966 2750 lle-

326 2767 553 2833 braico,
585 2767 728 2821 alter
761 2767 816 2821 in
850 2766 1045 2822 Graeco
1077 2772 1238 2822 textu
1286 2768 1581 2834 occurrit;
1624 2768 1761 2823 inde
1805 2769 1869 2822 ﬁt
1903 2771 1967 2822 ut

323 2839 564 2908 quidam
597 2838 652 2892 in
677 2843 946 2908 quartam
973 2839 1303 2906 opinionem
1339 2839 1547 2894 abeant
1578 2844 1964 2909 asserantque

323 2927 439 2964 non
471 2911 731 2964 erroneis
763 2909 970 2974 Graeci,
1004 2911 1102 2962 sed
1139 2909 1384 2964 sinceris
1417 2914 1644 2964 tantum
1697 2910 1960 2964 Hebraici

318 2980 1036 3051 textusinscriptionibus.
1055 2997 1156 3036 nec
1180 2982 1456 3036 fortassse
1478 2986 1670 3034 tamen
1688 2982 1963 3035 omnibus

323 3053 495 3106 tidem
556 3051 909 3106 habendam.
973 3052 1248 3114 Quamvis
1308 3053 1460 3106 enim
1496 3053 1550 3104 in
1605 3053 1689 3107 eis
1748 3068 1958 3108 nomen

321 3123 542 3195 Moysis
597 3122 824 3194 psalmo
880 3139 1083 3177 Lxxinx
1142 3123 1442 3193 praefixum
1502 3123 1764 3247 legatur,
1826 3124 1963 3206 quia

327 3201 520 3247 tamen
555 3194 850 3247 Samuelis
882 3195 937 3247 in
973 3209 1039 3247 eo
1071 3195 1290 3247 mentio
1322 3195 1406 3247 tit.
1453 3196 1548 3247 oui
1597 3211 1684 3247 am
1745 3195 1962 3247 ideirco

327 3194 520 3249 tamen
555 3194 850 3249 Samuelis
882 3195 937 3247 in
973 3209 1039 3247 eo
1071 3195 1290 3249 mentio
1322 3195 1406 3259 tit,
1453 3194 1684 3262 quidam
1745 3194 1962 3251 idcirco

325 3283 445 3320 non
477 3267 694 3320 intime
726 3271 872 3337 notis
903 3265 1238 3337 scriptores,
1287 3267 1358 3319 ab
1419 3266 1776 3337 Hieronymi,
1818 3266 1962 3320 alio-

322 3353 594 3408 rumque.
631 3336 730 3408 qui
754 3336 909 3391 hunc
943 3336 1234 3408 psalmum
1268 3353 1299 3389 a
1321 3342 1537 3407 Moyse,
1566 3336 1962 3393 Israelitarum

317 3413 464 3532 «(tinea
485 3415 540 3532 3t
572 3407 924 3532 letgislatore,
949 3407 1178 3464 editum
1220 3423 1350 3464 esse
1393 3413 1621 3479 putant,
1671 3409 1963 3465 sententia

368 3494 482 3532 ιεσθ
532 3497 605 3532 un
642 3521 654 3532 .

323 3480 654 3535 discedunt.

393 3550 580 3621 Hujus
612 3552 810 3618 itaque
840 3553 1060 3621 quartis
1112 3548 1404 3620 opinionis
1457 3549 1714 3621 fautores
1760 3549 1960 3603 existi-

322 3620 781 3676 mant’Davidem
815 3620 1200 3692 psalmorum,
1232 3636 1444 3675 nomen
1479 3620 1636 3674 illius
1657 3623 1961 3692 praeferen-

310 3693 967 3764 tium,etquorumdam
996 3691 1215 3764 nullius
1240 3692 1478 3747 nomine
1496 3691 1955 3764 insculptorum,

312 3769 457 3835 puta
512 3763 714 3819 eorum
737 3763 837 3835 qui
867 3763 926 3835 in
959 3763 1466 3835 Paralipomenon,
1499 3769 1554 3818 et
1605 3763 1956 3835 apostolico-

312 3781 457 3835 puta
512 3781 714 3819 eurum
737 3781 837 3888 qlui
867 3781 926 3818 in
959 3781 1466 3844 Paralipomenon,
1499 3781 1554 3818 ei.
1605 3781 1954 3834 aposiouco-

307 3852 439 3890 rum
473 3837 728 3890 Actuum
788 3834 952 3899 ibris,
987 3839 1053 3890 ut
1084 3835 1362 3905 diximus,
1388 3835 1498 3905 ipsi
1521 3834 1954 3904 adjudicantur,

305 3921 438 3962 esse
473 3923 671 3962 revera
696 3911 1022 3962 auctorem.
1074 3907 1298 3971 Quibus
1336 3923 1468 3961 vero
1502 3923 1711 3961 nomen
1757 3905 1951 3976 Asaph

304 3979 691 4061 praeponiiur,
715 3978 822 4061 bos
853 3977 1188 4061 plerosque,
1223 3995 1335 4034 non
1379 3985 1573 4033 tamen
1620 3993 1844 4061 omnes,
1878 3978 1950 4060 ab

304 4048 686 4121 ipsoinetillo
717 4048 910 4119 Aapb
943 4048 1235 4119 profectos
1269 4064 1417 4121 esse,
1441 4053 1697 4121 censent.
1750 4053 1827 4103 Ex
1878 4049 1952 4105 iis

303 4117 462 4176 enim
497 4120 749 4192 aliquos,
782 4117 879 4174 illo
912 4117 1289 4190 posteriores,
1323 4117 1734 4192 Bobylonicam
1769 4121 1948 4192 capti-

301 4193 539 4247 vitatem
573 4191 835 4264 spectare
860 4194 1235 4248 manifestum
1262 4208 1395 4264 esse
1415 4191 1750 4264 opinantur.
1774 4191 1949 4246 Deni-

306 4281 421 4333 que
452 4261 693 4318 nomi‘na
725 4263 978 4318 ﬁliorum
1011 4265 1152 4318 Core
1183 4268 1240 4317 et
1270 4262 1527 4333 Iditbun,
1582 4261 1948 4332 aliorumque

306 4332 366 4390 re
383 4335 618 4405 quidem
651 4350 789 4388 vera
819 4335 1171 4402 quibusdam
1196 4332 1442 4405 psalmis
1470 4333 1946 4405 prmpositalegi-

305 4403 463 4471 mus;
499 4423 614 4477 non
648 4406 778 4477 ideo
805 4410 1004 4477 tamen
1038 4407 1177 4477 quia
1201 4403 1276 4459 ab
1302 4403 1420 4458 illis
1452 4404 1652 4475 scripti
1687 4406 1944 4477 fuerunt,

303 4455 569 4547 {saeuis
581 4455 1417 4546 ”ειιᾷ⁷”ι”[ἶεῑεῖ’Ῑιὲὶαῗιῐὰῦεἶήιῦὲῗ
1449 4455 1800 4547 parteseae;
1823 4455 1947 4547 figi:
1977 4455 2021 4519 D

304 4555 400 4602 tur
433 4544 651 4602 habent
681 4544 888 4617 praeter
916 4547 1186 4602 Davidem
1213 4553 1270 4602 et
1291 4544 1481 4616 Asapb
1509 4547 1600 4600 vix
1624 4546 1768 4601 alios
1792 4544 1951 4617 psal-

306 4635 534 4674 morum
557 4624 837 4690 auctores
865 4619 1154 4686 assignari
1187 4635 1376 4690 posse.
1410 4621 1483 4672 At
1532 4634 1756 4690 omnes,
1790 4635 1952 4690 pror-

303 4708 410 4745 sus
444 4689 729 4761 psalmos,
766 4706 800 4744 a
829 4688 1441 4761 quocunque—tandem
1471 4690 1708 4759 profecti
1736 4688 1952 4761 fuerint

305 4760 488 4817 divini
523 4761 778 4832 Spiritus
809 4760 1006 4816 altlatu
1041 4761 1395 4831 compositos
1427 4775 1576 4824 esse,
1611 4777 1713 4832 nec
1741 4760 1826 4832 illi
1851 4761 1952 4814 du-

306 4831 797 4898 bitaveru’nt;nec
829 4833 900 4887 ab
951 4832 1069 4886 ullo
1118 4848 1376 4903 unquam
1429 4847 1558 4884 vere
1619 4831 1951 4886 Christiano

300 4904 542 4960 homine
574 4904 632 4958 in
668 4903 910 4958 dubium
951 4903 1156 4958 merito
1178 4903 1368 4957 vocari
1404 4906 1612 4973 potest.

375 4978 438 5032 tn
473 4974 583 5030 hac
613 4975 982 5046 igiturtanta
1003 4975 1344 5046 opinionum
1372 4974 1650 5028 varietate
1675 4973 1742 5026 ad
1771 4988 1946 5046 quam

296 5049 568 5102 Clemens
604 5051 802 5102 noster
831 5045 1162 5114 accesserit,
1198 5046 1244 5100 si
1278 5061 1528 5116 quaeras,
1565 5045 1944 5116 respondebi-

300 5135 436 5174 mus
468 5118 637 5172 illum
670 5117 839 5173 nobis
869 5117 1049 5171 videri
1082 5118 1140 5172 in
1181 5115 1501 5171 sectindam
1536 5115 1724 5185 magis
1778 5115 1946 5170 incli-

1585 223 1678 276 DE
1717 224 1950 278 LIBRIS
1986 221 2225 277 STROM
2235 224 2457 277 ATUM.

1186 631 1518 702 pudetsane
1539 637 1658 686 tam
1682 632 1959 686 insanum
1981 650 1996 659 κ

3580 229 3601 280 1
3611 225 3719 280 082

2079 363 2270 403 nasse.
2304 347 2600 410 Quosdam
2630 347 2849 403 etenim
2883 348 2954 402 ab
2987 347 3088 402 illo
3118 347 3356 403 Davtdis
3389 349 3622 405 nomine
3659 356 3718 406 et

2079 419 2172 472 hic
2203 418 2339 473 alibi
2375 419 2551 473 citata
2584 420 2827 474 notavirr
2848 436 2938 489 us,
2972 436 3221 490 quorum
3258 420 3313 475 in
3366 421 3552 476 fronte
3601 439 3716 477 non

2075 490 2259 562 illius,
2292 491 2391 545 sed
2423 490 2672 545 aliorum
2709 506 2920 547 nomen
2955 492 3331 562 praeponitur.

2148 561 2384 615 Librum
2419 568 2612 616 autem
2649 561 3094 617 Proverbio’rum
3129 562 3424 617 Salomoni
3461 579 3575 616 non
3621 579 3716 616 se-

2075 632 2188 687 mel
2220 632 2490 705 Clemens
2510 633 2828 700 adiudicat.
2860 635 2942 687 Ab
2975 634 3103 705 ipso
3134 635 3346 689 etenim
3379 637 3720 690 Stromatum

2074 719 2318 775 suorum
2354 704 2520 758 initio
2555 705 2599 739 ‘9
2631 705 2715 775 sic
2745 706 2874 775 ejus
2903 704 3105 759 laudat
3136 708 3329 761 verba:
3364 728 3392 754 ‹‹
3430 706 3574 759 Dicit
3609 706 3717 758 ita-

2074 791 2186 848 que
2218 774 2539 848 Salomon:
2579 774 2684 848 Fili
2720 774 2823 842 mi,
2847 781 3176 842 susceptam
3204 775 3601 848 praeceptimei
3628 775 3719 829 di-

2073 847 2321 900 ctionem
2354 847 2511 916 apud
2545 851 2600 902 te
2633 847 3123 916 absconderis‘°,»
3147 853 3254 917 etc,
3281 847 3486 903 Postea
3504 848 3715 902 vero":

2074 938 2102 965 ‹‹
2140 918 2204 971 Et
2237 917 2415 971 bibite
2469 934 2675 987 aquam
2711 919 2782 973 de
2832 918 2985 973 vasis
3018 921 3248 985 vestris,
3309 924 3504 974 monet
3553 918 3714 973 Salo-

2073 1005 2206 1042 mon
2241 989 2305 1042 ".
2346 1012 2371 1038 ››
2405 989 2474 1044 Et
2505 1005 2710 1044 rursus
2737 989 2792 1044 in
2827 991 3029 1044 eodem
3065 990 3212 1044 libro
3245 990 3325 1044 δθε
3392 1012 3418 1043 α
3445 991 3576 1044 Jani
3620 1006 3713 1044 sa-

2072 1059 2376 1129 pientiam,
2410 1061 2602 1130 inquit
2629 1061 2924 1124 Salomon,
2958 1061 3110 1116 vallo
3140 1062 3441 1117 circumda
3471 1062 3570 1126 “,-
3600 1066 3710 1116 etc.

2071 1135 2319 1201 lnsuper
2371 1139 2567 1186 autem
2615 1133 2659 1165 ⁸⁸
2694 1148 2706 1184 :
2748 1152 2768 1177 ε
2831 1133 2996 1188 Recte
3057 1148 3192 1203 ergo
3249 1132 3517 1186 Salomon
3556 1150 3568 1188 :
3603 1131 3709 1194 Qui

2074 1203 2349 1268 seminat,
2385 1203 2596 1272 inquit,
2622 1203 2915 1272 justitiam
2939 1203 3333 1274 operatur“,»
3357 1211 3463 1258 etc.
3498 1204 3706 1258 Eodem

2071 1289 2301 1342 quoque
2327 1275 2496 1327 modo
2527 1274 2581 1326 in
2615 1274 2758 1327 libro
2791 1277 3044 1329 secundo
3070 1280 3125 1329 et
3149 1274 3286 1329 alibi
3310 1275 3463 1328 hunc
3492 1275 3706 1329 librum

2073 1344 2372 1399 Salomoni
2404 1350 2740 1399 constanter
2796 1345 3082 1399 attribuit.
3146 1346 3227 1400 lbi
3257 1346 3409 1400 enim
3444 1346 3486 1379 ⁸⁷
3544 1352 3710 1400 vetus

2073 1416 2365 1488 quoddam
2400 1415 2673 1488 adagium
2708 1417 2946 1488 aitﬁesse
2978 1418 3356 1488 desumptum
3410 1441 3436 1466 ‹‹
3471 1433 3536 1470 ex
3576 1433 3710 1472 voce

2071 1485 2426 1559 Salomonis,
2455 1485 2741 1542 dicentis:
2778 1487 2905 1553 Fili,
2938 1489 2984 1542 si
3039 1505 3138 1559 pro
3185 1485 3372 1543 amico
3425 1496 3526 1543 tuo
3570 1489 3710 1544 tide-

2063 1558 2338 1628 jusseris,
2373 1559 2568 1612 trades
2603 1575 2840 1613 manum
2876 1558 3116 1630 inimico
3148 1559 3249 1624 '3,»
3282 1566 3390 1615 etc.
3434 1563 3617 1630 Atque
3650 1566 3713 1616 ut

2070 1634 2296 1702 uetera,
2330 1644 2457 1698 quis
2489 1632 2542 1682 in
2579 1645 2698 1683 rem
2735 1629 3180 1702 apertissimam
3203 1647 3315 1685 non
3341 1635 3480 1685 sunt
3500 1629 3712 1702 conge-

2076 1700 2274 1767 renda,
2306 1705 2623 1764 taceamus,
2685 1700 2786 1754 adi
2839 1701 2886 1755 si
2946 1702 3107 1772 velis,
3171 1700 3382 1755 librum
3429 1700 3707 1772 quartum

2071 1773 2428 1837 Slromalum,
2464 1787 2529 1826 ac
2561 1772 2638 1825 ibi
2675 1773 2942 1826 eumdem
2981 1771 3196 1826 librum
3231 1771 3560 1828 Salomdnis
3606 1791 3712 1828 no-

2074 1842 2230 1895 mine
2262 1841 2452 1896 adhuc
2483 1842 2726 1897 citatum
2757 1843 3019 1898 invenies
3050 1844 3113 1898 ⁸ο.
3140 1845 3374 1898 lntcrim
3409 1859 3540 1898 vero
3573 1845 3710 1898 quid

2073 1914 2144 1968 de
2172 1913 2269 1967 illo
2302 1913 2511 1968 dixerit
2567 1914 2875 1981 Eusebius,
2928 1914 3196 1970 ausculta
3230 1932 3242 1970 :
3277 1938 3304 1964 α
3338 1915 3462 1970 Νοιι
3522 1913 3708 1970 solum

2075 1986 2200 2055 ipse
2232 1985 2665 2056 (l—legesippus).
2700 1987 2798 2039 sed
2859 1986 3034 2040 etiam
3095 1987 3345 2041 [renisus
3399 1991 3455 2040 et
3505 2003 3710 2042 omnes

2075 2056 2297 2129 antiqui
2331 2055 2640 2129 Proverbia
2672 2056 3001 2111 Salomonis
3031 2073 3233 2112 vocare
3267 2057 3454 2112 solent
3486 2057 3712 2129 sapien-

2073 2128 2214 2210 tia'in
2247 2128 2512 2210 omnium
2547 2127 2821 2210 virtutum
2849 2127 3644 2210 praeceptacontinentem‘w,
3679 2152 3706 2178 ››

2145 2198 2220 2251 Ex
2247 2197 2340 2252 bis
2370 2203 2651 2269 autemet
2696 2197 3008 2269 aliis,’qute
3036 2197 3097 2253 in
3132 2199 3239 2254 bos
3288 2204 3344 2253 et
3399 2201 3543 2255 alios
3581 2199 3709 2256 Cle-

2074 2270 2288 2323 mentis
2324 2269 2506 2323 nostri
2538 2268 2720 2324 libros
2753 2286 2785 2323 a
2807 2268 2973 2324 nobis
2999 2271 3304 2325 observata
3325 2275 3484 2337 sunt,
3518 2272 3710 2326 omni-

2078 2343 2184 2394 bus
2214 2340 2439 2410 liquido
2471 2345 2651 2411 patet,
2687 2340 2914 2394 tametsi
2948 2341 3005 2394 in
3033 2341 3147 2397 fine
3191 2342 3320 2396 libri
3369 2343 3709 2397 Proverbio-

2075 2427 2204 2464 rum
2227 2414 2493 2483 quaedam
2530 2411 2662 2466 aliis
2688 2412 3024 2466 auctoribus
3055 2428 3232 2483 quam
3267 2412 3564 2468 Salomoni
3606 2413 3710 2466 tri-

2075 2483 2346 2548 buantur,
2362 2481 2643 2539 Clementi
2662 2488 2863 2554 tamen
2883 2481 3088 2537 nostro
3106 2499 3450 2554 persuasum
3472 2484 3710 2539 omnino

2075 2555 2258 2608 fuisse
2287 2569 2489 2609 eorum
2515 2553 2776 2609 omnium
2809 2571 2875 2609 ac
2927 2553 3310 2625 posteriorum
3359 2556 3534 2608 etiam
3582 2571 3712 2625 pro-

2072 2627 2427 2691 verbiorum,
2463 2641 2588 2697 quae
2620 2625 2717 2680 alii
2778 2642 2845 2680 ex
2865 2625 3189 2681 Salomonis
3212 2626 3385 2681 dictis
3407 2626 3712 2697 collegisse

2077 2697 2366 2779 feruntur,
2400 2713 2510 2750 non
2544 2696 2928 2779 alium.plane
2961 2714 3134 2779 quam
3159 2698 3428 2779 eumdem
3452 2696 3709 2751 SalOmo-

2074 2783 2206 2822 nem
2235 2773 2531 2822 auctorem
2564 2784 2689 2822 esse
2721 2767 3052 2824 dicendum.
3089 2769 3202 2824 Nec
3233 2767 3346 2823 alia
3378 2785 3518 2823 sane
3549 2784 3710 2823 mens

2075 2839 2183 2912 t‘uit
2207 2855 2329 2912 non
2365 2840 2535 2894 modo
2560 2855 2782 2912 eorum,
2809 2857 2955 2912 quos
2988 2840 3162 2912 paulo
3191 2845 3324 2894 ante
3373 2839 3706 2912 citavimus,

2073 2909 2696 2982 nimirumHegesippi
2731 2909 3040 2982 etitrenaii;
3074 2913 3172 2966 sed
3208 2912 3379 2964 ctiam
3417 2911 3714 2966 Mclitonis

2073 2989 2122 3052 et
2140 2980 2425 3052 Origenis,
2449 2980 2550 3052 qui
2577 2980 2782 3037 in'suis
2799 2981 3077 3037 librorum
3105 2981 3330 3038 Veteris
3345 2983 3712 3037 Testamenti

2073 3051 2367 3158 adipibus
2425 3051 2718 3108 Salomoni
2753 3054 3063 3110 Proverbia
3118 3054 3439 3126 generatim
3487 3053 3714 3126 adiudi-

2080 3128 2308 3180 cantsh

2141 3195 2222 3248 Ad
2252 3193 3246 3279 Sapientia:llibeum'quodnattine't,
3295 3195 3566 3279 quamvis
3616 3194 3713 3279 ille

2071 3264 2422 3342 quandoque
2453 3267 2486 3332 ἡ
2521 3264 2634 3342 Geta
2685 3264 2938 3342 xopte,_«
2970 3268 3168 3342 divina
3193 3264 3508 3338 Sapientia,
3539 3287 3573 3342 gi
3622 3265 3713 3321 vel

2075 3335 3364 3412 _-sapientia»coetuqsimpliciteraClemente
3388 3336 3713 3412 appellatus

2071 3407 2245 3462 tuerit
2273 3411 2340 3469 ⁶²;
2366 3409 2438 3463 ab
2468 3407 2953 3463 eo'nihilominus
2979 3409 3308 3464 Salomonis
3343 3407 3577 3464 nomine
3631 3409 3714 3464 ita

2069 3480 2283 3534 alicubi
2315 3479 2588 3552 laudatur
2616 3480 2680 3535 ⁸³ε
2711 3503 2744 3552 _«
2767 3479 3064 3552 Jamivero
3085 3481 3352 3536 Salomon
3377 3482 3711 3552 gnosticum

2067 3567 2279 3605 vocans
2304 3550 2658 3622 sapientem,
2710 3550 2831 3622 hinc
2888 3551 3082 3606 dicit:
3114 3550 3407 3606 Videbunt
3465 3558 3711 3608 mortem

2068 3621 2462 3694 sapientiast
2492 3639 2604 3676 non
2668 3621 3022 3694 intelligent,
3053 3625 3207 3694 quid
3251 3624 3323 3678 de
3352 3639 3418 3678 eo
3445 3623 3512 3694 δέ,
3545 3645 3566 3672 ι
3601 3629 3710 3679 etc.

2065 3691 2178 3764 Nec
2210 3693 2392 3764 multo
2421 3698 2554 3764 post
2583 3695 2628 3728 ⁸⁸
2661 3711 2674 3748 :
2707 3716 2734 3743 «
2760 3691 2903 3748 Ecce
2935 3691 3088 3748 enim
3123 3693 3392 3750 Salomon
3424 3710 3436 3747 :
3470 3693 3717 3749 Dabitur

2064 3763 2244 3837 enim,
2267 3763 2490 3837 inquit,
2512 3765 2660 3837 _tidei
2685 3767 2896 3836 gratia,
2922 3772 2979 3820 et
3007 3782 3134 3837 sors
3157 3767 3213 3821 in
3240 3764 3456 3837 templo
3483 3766 3712 3837 Domini

2054 3835 2486 3906 jucundior“.»
2511 3835 2735 3892 Rursus
2753 3852 2906 3900 vero,
2928 3835 3282 3906 quibusdam
3298 3835 3619 3905 interjectis
3637 3838 3702 3893 οτι

2063 3905 2189 3962 ἀῡθ
2212 3905 2560 3973 cognitione,
2601 3906 2813 3977 inquit,
2871 3905 3170 3964 disserens
3229 3907 3530 3972 Salomon,
3585 3909 3706 3965 hero

2062 3977 2239 4053 dicit:
2272 3977 2438 4053 Clara
2490 3981 2603 4053 est.
2661 3983 2718 4034 et
2771 3994 2886 4034 non
2938 3980 3251 4036 marcescit
3307 3979 3616 4053 sapientia,
3649 3983 3709 4036 et

2059 4049 2228 4105 facile
2258 4049 2518 4105 cernitur
2545 4050 2611 4114 ⁸⁸,
2638 4071 2665 4098 »
2697 4054 2806 4106 etc.

2128 4121 2569 4205 Cedo,_in‘quiet.
2587 4121 2818 4205 aliquis.
2851 4125 2941 4205 At.
2982 4138 3193 4205 nonne.
3224 4127 3529 4205 propterea
3576 4121 3704 4176 Cle-

2059 4208 2226 4247 mens
2258 4194 2328 4246 ab
2359 4192 2611 4249 Eusebio
2639 4192 2964 4257 natatur“.
2991 4195 3145 4264 quod
3180 4192 3349 4249 hisce
3375 4195 3432 4248 in
3460 4193 3705 4249 Slroma-

2058 4271 2174 4318 tum
2205 4264 2375 4336 libris
2393 4287 2420 4314 ‹‹
2443 4266 2648 4319 atterat
2667 4264 3007 4320 testimonia
3028 4264 3487 4336 Scripturarum,
3521 4281 3647 4336 quae
3670 4280 3703 4317 a

2056 4335 2356 4408 nonnullis
2385 4335 2802 4408 repudiantur,
2830 4351 3042 4408 nempe
3086 4334 3172 4391 ex'
3189 4336 3488 4408 Sapientia
3534 4334 3704 4408 Salo-

2058 4407 2283 4481 monis,
2307 4403 2470 4481 ιιμᾴπὸ
2498 4410 2608 4459 τῶν
2641 4403 3073 4481 ἀντιλεγομὲξξῳγ
3104 4403 3350 4481 Γραφῶγ,
3385 4407 3491 4461 boc
3523 4410 3608 4460 est
3629 4405 3702 4459 ab

2059 4477 2153 4536 iis,
2185 4477 2476 4559 quiillam
2501 4484 2664 4559 extre
2695 4477 2934 4532 sacrUm
2963 4477 3499 4559 dixinieScripiurie
3532 4492 3701 4531 cano-

2063 4563 2194 4601 ncm
2233 4547 2591 4614 rejiciebant.
2617 4547 2830 4602 Verum
2856 4564 2986 4602 cum
3013 4549 3297 4603 Eusebius
3319 4547 3477 4602 illam
3504 4564 3530 4600 a
3553 4564 3703 4602 non-

2064 4618 2242 4690 nullis
2268 4619 2540 4690 rejectam
2577 4619 2731 4673 140
2753 4619 2985 4685 dixerit,
3011 4620 3272 4674 eamdem
3299 4618 3496 4690 procul
3523 4618 3702 4690 dubio

2062 4706 2094 4762 ιι
2127 4689 2395 4762 pluribus
2428 4696 2714 4762 receptam
2753 4690 2932 4744 fuisse
2955 4690 3267 4762 signiticet.
3294 4688 3360 4744 Et
3383 4706 3442 4744 re
3465 4688 3700 4760 quidem

2063 4759 2192 4831 ipsa
2222 4759 2483 4832 Clemens
2517 4759 2719 4832 plures
2751 4766 2806 4815 et
2837 4759 3081 4832 prmvios
3123 4761 3346 4826 habuit,
3377 4765 3434 4814 et
3479 4759 3610 4832 post
3642 4776 3704 4814 se

2062 4832 2297 4898 reliquit
2330 4831 2852 4902 hujus’sententiae’
2874 4838 3149 4902 patronos
3171 4837 3223 4886 et
3257 4831 3704 4888 defensores.Ex

2061 4903 2133 4956 iis
2165 4908 2358 4975 autem
2393 4903 2660 4957 nrnnulli
2699 4910 2761 4957 ut
2793 4903 2846 4957 id
2885 4903 3148 4975 probent.
3179 4905 3237 4958 in
3272 4903 3528 4959 medium
3573 4921 3702 4975 piro-

2061 4976 2253 5029 terunt
2278 4974 2399 5028 hEPC
2435 4991 2562 5044 qum
2593 4974 2893 5030 Barnabas
2925 4991 3033 5046 sua
3064 4975 3262 5046 refert
3292 4975 3349 5030 in
3408 4974 3654 5046 epistola
3688 4990 3702 5029 :

2059 5068 2086 5094 ‹‹
2126 5047 2448 5114 alligamus
2471 5047 2726 5115 justum,
2760 5045 3033 5116 quoniam
3058 5045 3286 5102 inutilis
3315 5047 3416 5100 ⁷ο.»
3441 5045 3550 5110 etc,
3571 5047 3706 5114 Sed,

2061 5121 2126 5171 ut
2156 5133 2355 5172 verum
2384 5118 2694 5183 t'eteamur,
2728 5117 2932 5173 istheec
2959 5118 3132 5172 verba
3164 5136 3275 5172 non
3307 5135 3371 5174 ex
3395 5118 3702 5190 Sapientiae

365 5263 415 5295 “
449 5259 656 5315 Matth.
689 5277 826 5330 xm,
860 5260 950 5326 42,
981 5260 1068 5326 43;
1101 5264 1278 5315 Marc.
1306 5277 1406 5328 xii,
1439 5260 1494 5320 3;
1528 5260 1665 5314 Luc.
1699 5276 1794 5324 xx,
1828 5261 1915 5326 142;
1949 5291 1958 5313 Α

2073 5305 2074 5310 η
2111 5278 2172 5325 ιι,
2202 5261 2274 5314 25
2304 5262 2360 5313 et
2389 5273 2512 5328 seq.
2549 5259 2621 5292 “‘
2651 5258 2857 5314 Matth.
2890 5276 3065 5326 xxvn,
3097 5261 3186 5318 35:
3220 5263 3342 5316 Act.
3378 5279 3417 5327 ι,
3463 5279 3554 5329 xx,
3590 5263 3701 5315 etc.

292 5333 338 5367 “
375 5332 534 5388 Psal.
568 5347 1273 5399 cxxxvi,cxxv,cxxxvn,
1331 5348 1490 5387 cxnv.
1547 5331 1592 5365 ⁸⁸
1625 5346 1752 5386 nov.
1811 5332 1952 5388 edit.
1986 5337 2128 5386 tom.
2191 5332 2260 5400 ll,
2293 5331 2403 5386 col.
2461 5331 2587 5384 696.
2640 5332 2682 5364 ‘7
2741 5347 2872 5387 nov.
2931 5333 3068 5387 edit.
3127 5337 3268 5390 tom.
3306 5335 3345 5394 l.
3407 5332 3515 5388 col.
3575 5333 3702 5386 835.

301 5403 349 5438 is
409 5403 574 5474 praet.
611 5402 669 5456 in
727 5401 904 5458 Psalt.
943 5403 986 5438 ‘9
1041 5402 1258 5474 Strom.
1291 5401 1331 5456 l.
1394 5419 1433 5470 i,

310 5475 356 5510 ⁸³
385 5480 602 5530 Strom.
634 5489 672 5538 ι,

312 5547 357 5581 ⁸⁸
417 5551 582 5601 Prov.
607 5561 684 5606 vr,
720 5546 770 5600 1.
829 5546 872 5578 ⁵⁹
901 5544 1089 5600 Strom
1124 5544 1163 5599 l.
1193 5563 1270 5608 IV,

1763 5401 1806 5434 80

727 5403 904 5458 Psalt.
943 5403 986 5438 ‘9
1041 5403 1258 5458 Strom.
1291 5403 1331 5456 l.
1394 5419 1433 5470 i,
1468 5420 1523 5475 p.
1581 5403 1707 5455 270.
1763 5403 1806 5434 ⁵ο
1863 5403 2030 5457 Prov.
2094 5421 2154 5469 II,
2199 5405 2250 5457 1.

709 5491 762 5542 p.
795 5474 924 5546 282.
977 5474 1021 5508 “
1053 5473 1212 5546 Prov.
1250 5491 1322 5537 iv,
1348 5475 1381 5527 8
1412 5480 1467 5528 et
1499 5489 1619 5540 seq.
1641 5474 1727 5546 ﬁ“
1756 5476 1966 5546 Slrom.
2001 5491 2040 5544 ι,
2070 5491 2105 5546 p
2158 5475 2250 5528 316

1302 5563 1359 5616 p.
1391 5547 1513 5600 477.
1565 5546 1610 5580 ⁸ο
1639 5545 1874 5604 Euseb.,
1907 5545 1943 5599 l.
1979 5543 2260 5612 iv,’tlist.,
2293 5560 2342 5599 c.
2375 5546 2465 5598 22.
2526 5545 2565 5579 ⁶¹
2600 5544 2836 5611 Euseb.,
2867 5544 2905 5599 l.
2962 5563 3015 5600 iv
3045 5547 3211 5602 Hist..
3238 5562 3287 5600 c.
3318 5547 3406 5608 26,
3468 5543 3520 5600 et
3547 5543 3584 5598 l.
3617 5562 3695 5612 VI,

2305 5403 2350 5438 ⁶¹
2409 5402 2624 5457 Strom.
2690 5400 2726 5456 Ι.
2789 5419 2827 5468 i,
2879 5419 2935 5473 p.
2996 5403 3122 5457 274.
3180 5404 3224 5438 ⁸²
3280 5403 3442 5458 Prov.
3501 5420 3556 5469 v,
3614 5405 3698 5457 15.

2158 5475 2282 5528 316.
2351 5473 2395 5509 ‘°
2426 5478 2618 5545 Prov,
2648 5489 2725 5537 xx,
2771 5475 2878 5545 21.,
2921 5475 2964 5509 ⁸⁷
3017 5479 3226 5529 Strom.
3291 5474 3326 5528 Ι.
3362 5492 3425 5537 ιι,
3483 5473 3697 5545 p._3'.~lt.

303 5635 356 5673 ο.
386 5619 480 5672 25.
508 5618 555 5652 ⁶²
612 5621 823 5671 Strom.
863 5615 900 5670 l.
935 5633 1006 5680 iv,
1042 5633 1173 5688 pag.
1225 5615 1349 5685 515;
1380 5617 1418 5672 1.
1454 5635 1508 5683 v,
1570 5634 1625 5684 p.
1661 5618 1784 5671 391.
1844 5617 1888 5651 ⁸⁸
1915 5621 1958 5670 8

2073 5634 2130 5670 n.
2157 5616 2194 5672 l.
2253 5633 2331 5678 vr,
2366 5632 2422 5684 p.
2456 5617 2578 5670 660.
2639 5616 2699 5688 δικ
2729 5616 2984 5688 Sapient.
3018 5633 3123 5688 iv:
3159 5617 3250 5688 t7,
3289 5617 3368 5688 5,_
3405 5617 3436 5663 ἶ)
3466 5621 3522 5669 et
3579 5631 3696 5684 seq.

299 5690 347 5726 ⁸⁸
376 5694 729 5772 βετοωᾋχι,
749 5688 968 5772 -ρ.“670.
1016 5689 1074 5772 ,⁸⁸
1104 5686 1247 5772 θῑειρ.¹
1272 5690 1476 5772 manu“.
1528 5689 1598 5772 ﬁ“:
1628 5692 1842 5745 Strom.
1871 5705 1953 5756 v1,

2085 5691 2207 5744 673.
2269 5689 2313 5724 ⁵³
2344 5690 2474 5762 Sap.
2509 5706 2584 5756 vi,
2648 5687 2713 5742 13
2744 5686 2964 5758 et'seq.
3013 5687 3058 5722 ⁶⁰
3088 5687 3322 5754 Euseb.,
3358 5686 3394 5741 l.
3436 5702 3489 5740 vi
3522 5689 3694 5753 Hist.,

298 5778 351 5817 c.
382 5761 472 5830 13,
506 5777 560 5831 p.
592 5759 718 5813 214.
749 5759 795 5794 ⁷ο
821 5759 1071 5815 Barnab.
1106 5759 1275 5832 epist.
1303 5762 1330 5829 §
1358 5763 1412 5830 6,
1442 5778 1497 5833 p.
1527 5761 1616 5814 20.
