4148 6202
415 261 437 313 1
447 257 552 313 087

1131 258 1205 312 IN
1240 261 1683 314 CLEMENTEM
1722 259 1932 312 ALEX.
1975 258 2038 309 D.
2079 257 2170 311 LE
2205 256 2500 311 NOURRY
2539 239 3014 316 DISSERTATIO
3050 262 3118 314 ll.

3694 261 3837 316 1088

410 379 1008 464 propheticorumque
1037 379 1318 464 librorum
1369 379 1770 464 interpretatio
1802 378 2063 464 _concin-
2092 380 2145 446 Α
2177 381 2467 464 servatum
2498 379 2682 464 est",
2739 379 3048 464 {tol‘ema'eo
3107 382 3249 464 Lagi
3301 381 3418 438 filio
3475 384 3836 464 imperante,

417 450 558 508 nata
589 452 780 515 fuerit,
816 450 1028 506 sicille
1075 451 1292 506 ibidem
1353 450 1620 520 expliCat.
1680 450 2066 521 Septuaginta

417 525 557 590 duo,
591 523 694 587 ait,
728 522 1022 589 Seniores,
1057 522 1161 576 viri
1199 522 1396 590 utique
1427 521 1777 589 doctissimi,
1801 527 1859 575 et
1876 529 2065 576 Graece

416 594 768 668 peritissimi
786 595 1094 668 _aAJudzeis,
1129 595 1240 647 sub
1264 593 1952 668 Macedonumditionem
1977 611 2064 648 re-

421 665 632 730 dactis,
652 666 723 721 ad
739 665 1186 734 Philadelphum
1204 666 1364 718 missi
1383 671 1540 718 sunt.
1557 665 1812 727 Quicum
1839 665 1905 718 ad
1932 681 2066 719 eum

423 737 831 802 accessissent,
857 741 1134 790 eteorum
1157 758 1183 784 «
1204 736 1609 806 unusquisque
1625 736 1968 806 singillatim
2001 753 2070 790 ex

418 826 526 864 sua
552 808 784 878 propria
806 808 1219 875 interpretatus
1237 813 1390 861 esset
1417 807 1741 876 prephetia,
1767 807 2068 875 conspira-

418 877 779 935 runt’om’nes
793 878 971 932 simul
993 877 1217 932 collatae
1234 877 1748 948 interpretationes
1770 885 1827 932 et
1844 883 2069 932 senten-

415 952 516 1006 tiis
537 957 592 1004 et
611 950 988 1004 dictionibus.
1019 950 1110 1004 Dei
1137 950 1290 1003 enim
1309 955 1434 1003 erat
1452 949 1742 1016 voluntas,
1767 966 1891 1019 quae
1918 949 1970 1001 id
1998 949 2066 1002 ad

417 1023 750 1078 Graecorum
775 1037 946 1075 aures
979 1020 1249 1075 consulto
1280 1027 1718 1089 comparaverat
1740 1020 1804 1074 ²².
1842 1042 1868 1068 ››
1896 1019 2072 1089 Atqui

416 1093 475 1148 id
500 1093 655 1147 hunc
678 1093 734 1145 in
770 1093 1002 1147 modum
1029 1092 1152 1145 ﬁeri
1180 1109 1290 1146 non
1319 1091 1524 1162 potuit,
1554 1091 1664 1146 nisi
1689 1093 2075 1162 Septuaginta

422 1164 691 1219 Seniores
715 1163 959 1217 diversis
983 1164 1388 1232 separatisque
1429 1163 1484 1215 in
1516 1162 1656 1217 locis
1710 1179 1910 1216 omnes
1941 1163 2072 1218 illos

424 1234 736 1304 Scriptura;
762 1251 939 1288 sacrae
970 1233 1149 1288 libros
1173 1232 1766 1304 Graeceireudiderint.
1796 1233 1856 1287 Hi
1878 1240 2072 1288 autem

423 1303 598 1361 divisi
630 1324 662 1359 a
691 1323 755 1360 se
787 1305 1028 1360 invicem
1049 1304 1159 1359 loci
1181 1322 1290 1358 non
1315 1303 1409 1358 alii
1429 1322 1558 1358 esse
1583 1306 1872 1366 videntur,
1897 1322 2073 1374 quam

420 1378 533 1432 illas
557 1376 800 1440 cellulae,
834 1392 1082 1445 quarum
1114 1375 1385 1430 Justinus
1420 1380 1662 1447 martyr,
1698 1376 1779 1429 uti
1812 1376 1950 1430 alibi
1989 1376 2071 1430 vi-

417 1450 612 1504 dimus
628 1448 693 1514 ²³,
729 1449 1083 1502 mentionem
1119 1448 1273 1502 fecit.

484 1520 700 1582 Quarto
747 1519 1024 1588 denique,
1084 1518 1350 1573 Clemens
1402 1517 1553 1588 hanc
1610 1516 1940 1572 versionem
2002 1518 2074 1571 ab

414 1589 622 1645 iisdem
656 1587 993 1644 senioribus
1028 1606 1144 1644 non
1176 1591 1300 1644 sine
1333 1587 1516 1643 divini
1545 1589 1808 1643 numinis
1868 1588 2070 1643 afﬂatu

419 1663 735 1733 perfectam
759 1677 889 1716 esse
919 1660 1174 1733 declarat
1199 1677 1212 1715 :
1251 1660 1507 1733 [Neque
1539 1676 1691 1733 vero,
1721 1659 1912 1733 pergit
1953 1660 2071 1733 ille,

2178 450 2362 526 fuisse
2392 452 2726 526 perfectam.
2762 452 3066 526 Sedillius
3095 450 3426 526 Opiiiionem
3455 450 3634 526 pauci
3699 457 3839 525 qui-

2177 521 2336 582 dam,
2353 522 2740 576 utAnatolius
2758 529 2814 576 et
2835 521 3259 588 Theodore—tus,
3283 521 3652 580 secuti’sunt.
3679 521 3839 581 Alios

2177 597 2366 663 autem
2402 593 2570 662 longe
2605 593 2890 663 plurimos
2919 596 3356 650 Aristeanorum
3384 597 3691 651 sententia:
3715 603 3838 652 suf—

2180 662 2430 732 fragium
2463 662 2674 718 tulisSe
2705 667 2819 720 alio
2850 667 2910 720 in
2943 667 3065 722 loco
3097 669 3510 722 adnotavimus
3533 669 3597 722 “.

2247 739 2328 788 De
2351 733 2464 788 alia
2496 752 2664 806 porro
2699 739 2896 791 Graeca
2955 737 3179 794 Veteris
3231 740 3592 794 Testamenti
3652 739 3836 794 inter-

2180 875 2523 946 pretatione,
2552 893 2728 944 quam
2763 877 2893 939 hac.
2927 879 2998 934 de
3027 895 3144 948 qua
3167 879 3556 948 agimusanti
3605 881 3834 935 uiorem

2180 948 2418 1005 quidam
2438 949 2832 1005 praedicabant
2848 950 2928 1004 sic
2945 955 3276 1005 loauentem
3297 897 3704 1005 Aristobufium
3723 953 3834 1005 Cle-

2180 948 2418 1019 quidam
2438 949 2832 1016 praedicabant
2848 950 2928 1004 sic
2945 955 3276 1019 loquentem
3297 948 3704 1006 Aristobulum
3723 953 3838 1006 Cle-

2181 1035 2345 1073 mens
2365 1018 2591 1073 inducit
2619 1035 2632 1073 :
2667 1043 2692 1066 ‹‹
2720 1018 3090 1076 Aristobulus
3120 1023 3179 1077 in
3216 1022 3402 1090 primo
3427 1024 3576 1077 libro
3600 1023 3673 1076 ad
3700 1023 3838 1076 Phi-

2181 1089 2484 1143 lomatrem
2518 1091 2722 1145 scribit
2752 1093 2844 1146 bis
2897 1092 3126 1148 verbis:
3188 1089 3437 1149 Secutus
3481 1100 3576 1148 est
3634 1101 3835 1148 autem

2182 1167 2414 1234 nostras
2448 1178 2678 1232 quoque
2711 1163 2865 1233 leges
2901 1164 3080 1224 Plato.
3112 1169 3170 1219 et
3199 1165 3345 1219 satis
3393 1171 3594 1234 aperte
3642 1171 3838 1219 osten-

2182 1232 2269 1285 dit
2297 1248 2359 1286 se
2389 1247 2614 1295 eorum,
2648 1232 2853 1303 quze’in
2878 1236 2961 1288 eis
2983 1235 3280 1299 dicuntur,
3308 1232 3490 1290 fuisse
3511 1237 3838 1291 admodum

2183 1304 2533 1358 studiosum.
2570 1311 2719 1358 Ante
2749 1304 3103 1360 Demetrium
3140 1315 3332 1361 autem
3369 1307 3720 1377 priusquam
3755 1325 3841 1361 re-

2185 1390 2314 1428 rum
2349 1377 2679 1443 potirentur
2711 1377 3029 1430 Alexander
3054 1384 3110 1432 et
3137 1377 3347 1443 Persea,
3383 1394 3552 1432 versa
3584 1383 3838 1443 luerent,

2184 1450 2241 1499 et
2271 1461 2402 1515 qum
2430 1447 2502 1500 ab
2536 1446 2789 1501 Hebraeis
2821 1447 3039 1502 nostris
3061 1457 3224 1518 gesta
3255 1449 3485 1503 fuerant
3507 1450 3563 1502 in
3587 1456 3751 1504 emtu
3777 1466 3844 1503 ex

2183 1520 2450 1586 Egypto.
2483 1523 2540 1571 et
2571 1535 2931 1591 quascunque
2963 1519 3047 1573 eis
3080 1519 3334 1591 insignia
3363 1524 3420 1575 et
3454 1522 3608 1574 facta
3651 1528 3843 1588 erant,

2183 1594 2240 1642 et
2271 1593 2688 1662 apparuerant,
2721 1595 2776 1643 et
2807 1589 3062 1662 regionis
3105 1589 3223 1660 perﬁ
3243 1591 3381 1662 vim,
3411 1592 3664 1661 quaesita
3713 1609 3844 1662 pos-

2184 1659 2393 1732 sessio,
2425 1664 2482 1732 et
2511 1661 2800 1732 omnium,
2834 1659 2956 1728 quas
2989 1659 3122 1716 latai.
3153 1667 3312 1728 sunt,
3371 1659 3566 1732 legum
3621 1659 3844 1717 descri-

421 1729 491 1813 ab
516 1731 909 1813 inspiratione
941 1731 1042 1787 Dei
1061 1737 1201 1813 erat
1229 1730 1515 1797 alienum,
1550 1732 1651 1813 qui
1705 1730 2071 1813 prophetiam
2107 1750 2152 1813 Β
2185 1729 2337 1813 ptiq;
2373 1731 2516 1785 adeo
2537 1736 2610 1812 .ut
2640 1731 2859 1813 clarum
2905 1733 3366 1813 sithantedictum
3421 1729 3845 1813 philosophum

423 1804 684 1869 dederat,
713 1809 774 1857 ut
797 1803 1335 1872 interpretationem
1361 1819 1596 1872 quoque
1618 1807 1897 1872 tanquam
1921 1806 2074 1856 Grae-

424 1891 551 1930 cam
580 1876 835 1930 efficeret
863 1873 1227 1945 prophetiam
1250 1875 1314 1926 ²δ.
1345 1896 1372 1922 ››

494 1946 698 2002 Utrum
731 1952 925 2000 autem
951 1946 1076 2016 ipse
1107 1945 1378 2000 Clemens
1430 1944 1580 1999 hanc
1610 1944 1945 2015 opinionem
1979 1959 2078 1999 ve-

421 2034 558 2072 ram
595 2017 926 2082 crediderit,
952 2019 1121 2086 eique
1153 2033 1352 2085 reapse
1383 2016 1820 2086 subscripserit,
1849 2016 1906 2069 in
1939 2031 2077 2068 con-

420 2088 770 2144 troversiam
809 2089 959 2142 haud
995 2089 1286 2142 immerito
1329 2088 1661 2142 adduxeris.
1699 2088 1772 2141 De
1792 2103 1858 2140 ea
1889 2088 2077 2140 enim-

421 2175 558 2214 vero
591 2159 737 2214 nihil
773 2159 941 2229 plane
971 2160 1110 2213 certi
1135 2160 1368 2213 videtur
1390 2164 1667 2226 statuere,
1703 2158 1802 2212 sed
1829 2156 2076 2212 aliorum

467 2232 619 2285 otius
643 2231 855 2286 referre
884 2231 1224 2286 sententias.
1260 2235 1328 2284 bt
1353 2246 1484 2284 vero
1510 2235 1708 2283 utrum
1741 2229 1862 2283 haec
1893 2230 2077 2283 versio

475 2301 733 2356 tolemaao
794 2301 957 2370 Lagi,
1015 2302 1100 2356 vel
1161 2300 1500 2370 Piladelpbo
1560 2307 1863 2371 regnante,
1921 2299 2080 2355 edita

425 2373 522 2442 sit,
556 2390 668 2428 non
689 2373 813 2429 leve
844 2374 995 2428 inter
1027 2372 1341 2442 scriptores
1362 2372 1674 2426 dissidiurn
1695 2371 1877 2426 fuisse
1898 2375 2079 2426 testa-

423 2449 540 2498 tur.
574 2445 698 2499 Non
757 2443 902 2499 satis
952 2450 1148 2498 autem
1209 2448 1407 2514 aperte
1465 2444 1724 2498 declarat
1781 2443 1840 2496 in
1900 2459 2077 2514 quam

422 2514 549 2586 ipse
578 2515 914 2586 opinionem
951 2515 1207 2586 inclinet.

493 2589 564 2642 At
595 2583 864 2658 quamvis
920 2584 1194 2658 Clemens
1234 2584 1355 2640 haec
1395 2583 1672 2658 historice
1709 2584 2075 2658 narraverit,

422 2656 568 2712 illud
593 2655 790 2712 tamen
817 2674 928 2712 non
948 2655 1817 2728 prohibetquominushaudita
1833 2656 2078 2728 obscure

428 2729 723 2798 significet
755 2726 1102 2800 persuasum
1134 2744 1195 2782 se
1227 2727 1504 2782 habuisse
1538 2726 1696 2800 illam
1731 2727 1951 2800 Veteris
1967 2731 2072 2800 Te-

430 2801 710 2855 stamenti
743 2798 1281 2870 interpretationem
1316 2816 1348 2852 a
1407 2799 1788 2870 Septuaginta
1844 2798 2075 2852 duobus

419 2872 766 2928 Senioribus
797 2889 926 2926 vere
955 2887 1085 2942 esse
1117 2870 1458 2942 profectam.
1507 2871 1578 2942 Et
1607 2876 1760 2942 certe
1790 2885 1923 2942 cum
1960 2885 2074 2923 non

423 2941 684 3008 aliunde,
718 2960 894 3015 quam
929 2958 997 3015 ex
1026 2939 1132 2996 illa
1157 2940 1218 3015 in
1236 2941 1360 3015 suis
1387 2941 1551 3015 libris
1575 2939 1909 3015 testimonia
1925 2945 2073 3015 Scri-

426 3020 612 3086 pturaa
646 3021 705 3070 et
731 3011 1015 3078 citaverit,
1041 3018 1096 3066 et
1118 3012 1361 3086 totidem
1389 3013 1505 3067 fere
1527 3027 1757 3086 semper
1780 3011 1970 3067 verbis
1993 3028 2074 3086 re-

423 3084 646 3152 tulerit,
683 3103 875 3141 nonne
906 3086 1016 3141 hoc
1046 3100 1152 3138 nec
1181 3084 1448 3150 obscure,
1500 3100 1604 3138 nec
1639 3084 1856 3138 incerto
1905 3085 2074 3138 nobis

428 3162 774 3227 argumento
796 3156 1061 3212 estillam
1085 3155 1407 3210 versionem
1431 3155 1541 3227 ipsi
1567 3155 1866 3227 probatam
1892 3154 2076 3227 maxi-

427 3225 521 3298 me
540 3233 598 3283 et
618 3238 914 3298 acceptam
939 3227 1142 3292 fuisse,
1169 3225 1548 3296 quantumvis
1571 3225 1838 3280 nonnulli
1887 3226 1958 3280 de
2006 3225 2074 3278 i1-

422 3297 539 3352 lius
567 3297 990 3367 disputaverint
1018 3301 1232 3353 astate?

492 3365 742 3433 Quinam
775 3374 970 3425 autem
999 3368 1095 3423 isti
1132 3367 1369 3432 fuerint,
1395 3366 1610 3423 tacitus
1651 3365 1771 3435 ille,
1805 3367 1905 3422 sed
1956 3383 2071 3422 non

421 3438 769 3511 imprudens
820 3439 1267 3508 praetermisisse
1306 3438 1544 3511 videtur
1581 3438 1645 3493 ³⁵.
1681 3438 2068 3511 Quamobrem

418 3510 490 3565 de
511 3509 595 3566 iis
626 3511 776 3566 scire
806 3511 1028 3580 aliquid
1059 3510 1316 3582 cupienti
1355 3514 1416 3563 ut
1438 3509 1723 3582 faciamus
1746 3509 1913 3582 satis,
1945 3509 2071 3582 bre-

416 3582 566 3636 viter
595 3582 922 3638 dicemus“
943 3581 1248 3648 lrenmum,
1282 3582 1453 3649 cujus
1485 3581 1661 3635 verba
1711 3582 1782 3636 ab
1823 3581 2070 3636 Eusebio

422 3653 617 3709 Graece
647 3654 906 3710 exhibita
936 3655 1157 3710 sunt”.
1186 3652 1555 3710 existimasse
1602 3651 1754 3708 hanc
1785 3650 2069 3722 interpre-

422 3726 706 3781 tationem
737 3744 770 3783 a
801 3726 1183 3798 Septuaginta
1215 3724 1581 3793 Senioribus,
1607 3724 1743 3780 utia
1774 3723 1944 3779 nobis
1973 3723 2072 3778 ob-

2185 1801 2374 1874 multa
2403 1818 2467 1874 ex
2497 1803 2582 1856 eis
2608 1803 2936 1874 sumpsisse
2961 1804 3022 1857 ³ο.
3056 1823 3080 1858 s
3113 1803 3320 1859 Utrum
3347 1801 3545 1858 autem
3569 1801 3844 1859 Clemens

2187 1873 2515 1943 pedibusin
2553 1877 2698 1927 hanc
2722 1875 3071 1931 sententiam
3121 1876 3309 1938 iverit,
3344 1875 3552 1930 merito
3613 1876 3849 1930 dubita-

2185 1944 2358 1997 veris.
2390 1944 2675 2000 Eusebius
2704 1946 2859 1999 enim
2895 1963 3008 2000 non
3045 1946 3235 2000 solum
3268 1946 3391 2001 haec
3450 1949 3658 2002 retulit
3716 1947 3844 2003 Cle-

2188 2014 2404 2069 mentis
2436 2017 2619 2069 nostri
2646 2017 2843 2081 verba,
2877 2018 2977 2071 sed
3039 2022 3225 2073 totum
3285 2017 3463 2072 etiam
3514 2017 3844 2072 Aristobuli

2185 2086 2576 2158 fragmentum
2614 2085 2783 2158 longe
2806 2089 2996 2142 fusius
3028 2105 3202 2157 quam
3235 2088 3506 2144 Clemens
3557 2090 3843 2144 transcri-

2186 2157 2538 2229 psit3*.1dem
2556 2157 2753 2228 itaque
2767 2159 3144 2229 deClemente
3157 2176 3285 2215 esse
3300 2160 3844 2229 debetjudiciumac

2186 2229 2257 2282 de
2290 2228 2562 2291 Eusebio,
2582 2244 2755 2298 quem
2781 2228 3126 2298 nullusjure
3148 2233 3356 2286 merito
3385 2228 3599 2285 dixerit
3631 2232 3692 2284 in
3717 2231 3845 2286 Cle-

2186 2299 2404 2371 mentis
2418 2301 2601 2354 nostri
2618 2305 2717 2354 etA
2730 2301 2995 2356 ristobuli
3012 2303 3140 2357 ideo
3154 2302 3484 2358 concessise
3499 2302 3842 2371 opinionem

2186 2370 2323 2444 quia
2341 2371 2648 2444 utriusque
2661 2373 2728 2426 ad
2755 2387 2818 2425 ea
2842 2389 2968 2444 qua)
2989 2374 3289 2444 probanda
3313 2370 3682 2444 susceperat,
3718 2389 3846 2444 pro-

2183 2441 2320 2496 tulit
2353 2442 2781 2514 testimonium.
2808 2441 2870 2497 1d
2899 2443 3116 2514 quippe
3141 2445 3191 2499 si
3222 2461 3420 2498 verum
3455 2441 3624 2510 foret,
3671 2441 3843 2514 quot,

2190 2515 2339 2586 Deus
2362 2514 2532 2586 bone,
2549 2513 2605 2586 in
2629 2514 2820 2569 varias
2836 2513 3152 2586 secumque
3168 2521 3494 2586 pugnantes
3516 2513 3848 2570 sententias

2183 2583 2360 2638 ivisse
2391 2585 2674 2640 dicendus
2705 2594 2854 2640 esset
2878 2583 3184 2652 Eusebius,
3209 2587 3310 2656 qui
3343 2586 3524 2641 libros
3556 2603 3704 2641 suos
3755 2586 3845 2640 in-

2185 2671 2261 2709 nu
2274 2656 2449 2710 meris
2463 2660 2790 2720 auctorum,
2809 2673 2941 2710 cum
2963 2657 3452 2723 Christianorum,
3469 2663 3596 2711 tum
3611 2657 3845 2713 Judaao-

2184 2743 2316 2801 rum
2348 2733 2410 2801 et
2431 2727 2800 2801 ethnicorum
2833 2728 3190 2801 testimoniis
3219 2735 3278 2801 et
3294 2729 3656 2801 fragmentis
3701 2745 3842 2784 con-

2184 2797 2754 2870 cinnavitlclemens
2796 2815 2966 2870 porro
2991 2799 3310 2856 Aristobuli
3359 2797 3641 2870 hominis,
3690 2804 3844 2855 teste

2185 2868 3155 2942 Eusebio",‘Hebraai,feruditique
3186 2871 3512 2942 scriptoris,
3543 2868 3634 2942 ac'
3676 2871 3841 2926 Peri-

2183 2940 2447 3010 pateticre
2481 2939 2860 3011 philosophias
2879 2939 3182 2997 sectatoris
3201 2939 3372 2996 verba
3398 2941 3841 2997 auctoritatem-

2184 3027 2297 3083 que
2328 3011 2542 3084 idcirco
2571 3013 2858 3078 adhibuit,
2892 3018 2956 3068 ut
2985 3029 3051 3068 ea
3082 3015 3378 3069 efﬁcacius
3411 3013 3688 3084 probaret
3710 3014 3843 3068 Pla-

2189 3081 2381 3155 {onem
2418 3125 2432 3149 ,
2487 3081 2752 3152 aliosque
2809 3085 3256 3154 antiquissimos
3322 3081 3713 3155 philosophos
3769 3101 3840 3140 ex

2188 3153 2404 3226 Moysis
2423 3157 2478 3209 et
2503 3155 2912 3226 prophetarum
2936 3153 3102 3210 libris
3122 3153 3346 3211 veriora
3359 3153 3637 3226 dogmata
3655 3157 3840 3211 etiam

2184 3227 2350 3295 prius
2382 3225 2650 3280 hausisse
2671 3242 2845 3296 quam
2874 3227 3256 3296 Septuaginta
3285 3227 3401 3281 duo
3421 3225 3604 3282 Senes
3635 3226 3840 3282 Greco

2182 3313 2451 3369 sermone
2481 3296 2613 3351 illos
2644 3297 2890 3352 fuissent
2922 3297 3306 3369 interpretati.
3355 3303 3427 3354 At
3455 3298 3504 3351 si
3535 3299 3673 3368 quis
3707 3315 3838 3368 per-

2181 3367 2434 3440 tinacius
2465 3371 2791 3434 contendat,
2834 3367 3124 3440 nobisque
3143 3369 3351 3425 validis
3381 3367 3680 3424 rationum
3711 3367 3839 3425 imo-

2183 3438 2396 3493 mentis
2426 3440 2779 3495 demonstret
2803 3441 2875 3494 ab
2908 3438 3044 3508 ipso
3062 3441 3380 3496 admissam
3441 3440 3628 3496 fuisse
3682 3441 3840 3495 anti-

2183 3511 2444 3580 quiorem
2474 3509 2633 3565 illam
2656 3511 2880 3566 Veteris
2895 3509 3248 3567 Testamenti
3267 3512 3836 3581 interpretationem,

2181 3581 2610 3654 huichicemus
2643 3584 2915 3654 eumdem
2940 3581 3292 3638 Clementem
3319 3588 3586 3637 nostrum
3614 3583 3839 3654 plures,

2181 3659 2248 3706 ut
2273 3652 2410 3707 alibi
2436 3653 2688 3707 vidimus
2721 3660 2785 3716 ³³,
2809 3653 3087 3709 habuisse
3145 3655 3393 3725 hujusce
3449 3652 3754 3725 opinionis
3783 3660 3839 3710 ct

2181 3729 2458 3795 patronos
2492 3731 2549 3780 et
2578 3726 2962 3781 adversarios.

1817 3998 2202 4094 CAPUT
2269 3999 2421 4096 IV.

1618 4180 1704 4240 De
1745 4179 1902 4240 Novi
1938 4179 2318 4240 Testamenti
2357 4179 2624 4260 scriptis.

913 4469 952 4522 1
968 4467 1068 4524 52
1103 4464 1507 4521 ARTICULUS
1539 4468 1579 4520 ῐ.

417 4540 491 4596 De
510 4539 690 4596 sacri:
718 4544 958 4612 quatuor
989 4539 1321 4606 Evangeliis,
1351 4554 1417 4612 ac
1446 4538 1509 4592 de
1540 4535 1830 4612 Evangelia
1873 4551 2068 4591 secun-

667 4609 804 4667 dum
839 4613 1093 4669 Hebraeos
1117 4617 1167 4666 et
1186 4609 1485 4666 secundum
1515 4610 1816 4681 Ai'gyptios.

491 4752 576 4806 Ad
608 4753 747 4807 Novi
778 4753 1136 4809 Testamenti
1161 4753 1344 4807 libros
1366 4755 1424 4806 et
1444 4753 1664 4822 scripta
1683 4751 1882 4820 utjam
1909 4766 2067 4806 acce-

419 4821 653 4885 damus,
678 4823 942 4879 Clemens
974 4831 1174 4879 noster
1204 4825 1440 4895 vulgata
1471 4829 1526 4878 et
1548 4821 1620 4878 ab
1652 4823 1929 4895 omnibus
1977 4837 2066 4876 re-

424 4899 856 4967 ceptaquatuor
877 4900 1104 4967 tantum
1131 4892 1440 4967 Evangelia
1464 4894 1782 4964 cananicis,
1799 4899 1862 4948 ut
1879 4892 2063 4960 aiunt,

422 4969 479 5016 et
507 4963 718 5018 divinae
748 4966 1115 5022 auctoritatis
1134 4963 1772 5022 libris'annumeranda
1793 4981 1920 5019 esse
1943 4980 2067 5018 cre-

418 5035 585 5087 didit.
620 5035 700 5088 De
729 5035 801 5088 iis
833 5042 1024 5090 autem
1062 5037 1199 5106 quid
1236 5039 1292 5090 in
1326 5039 1451 5091 suis
1509 5039 1578 5092 de
1635 5036 2064 5106 Hypnliposibus

417 5105 856 5176 commentariis
887 5105 1212 5176 tradiderit,
1245 5110 1326 5162 ita
1357 5115 1554 5162 narrat
1586 5105 1906 5162 EuSebius:
1950 5129 1974 5155 α
2002 5110 2060 5162 In

415 5175 506 5229 his
535 5177 703 5230 libris
733 5176 1000 5232 Clemens
1028 5180 1401 5233 traditionem
1431 5183 1744 5247 quamdam
1768 5180 1838 5230 de.
1861 5177 2064 5231 ordine

413 5248 881 5317 Evangeliorum,
936 5266 1109 5318 quam
1145 5266 1177 5302 a
1234 5251 1652 5304 vetustioribus
1711 5250 2062 5318 presbyteris

411 5329 734 5390 acceperat,
762 5322 936 5374 refert
967 5321 1024 5374 in
1063 5321 1218 5374 hunc
1250 5321 1512 5375 modum.
1550 5320 1788 5374 Dicebat
1813 5338 1879 5374 ex
1905 5322 2057 5375 Evau

481 5497 525 5532 ιι
560 5514 614 5568 ρ.
647 5498 769 5552 342.

850 5499 896 5533 2³
926 5515 1058 5569 sup.
1093 5500 1131 5553 l.
1167 5517 1230 5556 n.
1264 5498 1494 5554 dissert.
1516 5502 1573 5564 2,
1605 5515 1654 5553 c.
1687 5499 1741 5567 6,
1775 5504 1884 5554 art.
1923 5499 1978 5567 5,
2010 5517 2070 5554 ar

2182 5526 2203 5554 ι.
2281 5499 2326 5541 ει
2357 5498 2497 5553 ibid.
2577 5499 2622 5534 ²⁶
2651 5497 2884 5564 Euseb,
2915 5496 2956 5550 l.
2988 5513 3021 5550 v
3052 5495 3200 5551 Hist.
3225 5497 3349 5569 0.78.
3429 5497 3476 5532 ²⁶
3525 5503 3610 5568 Ap

2103 4465 2149 4530 D
2181 4463 2348 4535 geliis
2381 4463 2544 4534 prius
2577 4468 2774 4536 scrpta
2802 4479 2930 4519 esse
2962 4462 3082 4536 illa,
3142 4479 3270 4534 qum
3330 4461 3538 4536 seriem
3569 4465 3834 4536 _generis

2181 4533 2460 4590 Dominici
2491 4533 2807 4591 continent.
2858 4535 3031 4589 Marci
3083 4533 3275 4591 autem
3339 4533 3723 4605 Evangelium
3766 4553 3834 4591 ex

2178 4606 2517 4676 hujusmodi
2549 4607 2852 4662 occasione
2881 4607 3165 4676 scriptum
3204 4605 3421 4660 fuisse:
3453 4620 3588 4659 cum
3627 4605 3831 4661 Petrus

2176 4678 2234 4732 in
2263 4679 2405 4732 urbe
2438 4679 2622 4733 Roma
2679 4679 2918 4734 verbum
2978 4677 3076 4733 Dei
3138 4676 3370 4747 publice
3427 4677 3828 4746 praedicasset,

2177 4749 2350 4804 multi
2381 4751 2478 4819 qui
2520 4751 2763 4804 aderant
2796 4749 3050 4804 Marcum
3083 4747 3368 4803 cohortati
3403 4753 3581 4819 sunt,_
3621 4753 3830 4819 utpote

2176 4821 2271 4887 qui
2309 4817 2538 4875 Petrum
2567 4821 2920 4889 jamdudum
2955 4825 3211 4874 sectatus
3235 4819 3444 4891 fuisset
3463 4817 3828 4891 etdictaejus

2175 4892 2458 4970 memoria
2489 4888 3004 4970 tcn_eret,qut_qu&e
3061 4892 3163 4970 ab__
3192 4888 3454 4970 apostolo
3500 4888 3829 4970 praedicata

2174 4969 2340 5018 erant
2370 4965 2782 5018 conscriberet.
2815 4963 3043 5017 Marcus
3067 4959 3246 5033 igitur
3276 4959 3648 5031 Evangelium
3673 4978 3829 5018 com-

2174 5035 2387 5104 posuit,
2419 5035 2631 5105 iisque,
2653 5034 2748 5106 qui
2784 5034 2926 5089 illud
2952 5035 3023 5106 ab
3046 5033 3175 5103 ipso
3194 5033 3826 5106 rogabant,impertiit.

2173 5102 2330 5170 Quod
2366 5102 2740 5161 cum'Petr'us
2772 5102 3171 5176 comperisset,
3206 5102 3330 5176 nec
3365 5102 3671 5176 prohibuit
3700 5122 3827 5161 om-

2174 5177 2311 5232 nino
2343 5194 2462 5232 rem
2495 5179 2639 5245 fieri,
2674 5194 2776 5231 nec
2814 5181 2873 5231 ut
2911 5173 3072 5230 fieret
3102 5173 3378 5229 incitavit.
3414 5179 3487 5227 At
3539 5174 3826 5240 Joannes,

2172 5248 2435 5303 omnium
2474 5259 2794 5320 polrcmus,
2827 5265 2958 5302 cum
2991 5247 3214 5320 videret
3242 5248 3300 5300 in
3334 5246 3600 5320 aliorum
3640 5248 3824 5301 Evan-

2166 5321 2336 5391 geliis
2367 5317 2617 5390 ea,'qua3
2650 5322 2720 5375 ad
2755 5336 2970 5390 corpus
2991 5318 3213 5374 Christi
3244 5317 3561 5389 pertinent,
3587 5318 3672 5372 ita
3695 5335 3827 5374 esse

3617 5514 3746 5568 par.
3780 5497 3819 5552 l.

412 5587 471 5634 ιι,
507 5565 740 5625 dissert.
773 5571 829 5637 6,
861 5587 909 5625 c.
947 5565 1056 5638 4,'§
1084 5576 1137 5624 2.
1214 5571 1255 5604 ³⁷
1289 5569 1476 5625 Vales.
1510 5570 1570 5624 in
1601 5571 1698 5624 cit.
1730 5565 1970 5626 Euseb.
1998 5570 2106 5637 loc,
2185 5570 2230 5605 ²⁸
2265 5575 2478 5640 Appar.
2536 5587 2665 5637 sup.
2706 5572 2740 5623 Ι.
2777 5571 3012 5625 dissert.
3050 5569 3133 5636 12,
3157 5583 3206 5640 c.
3269 5568 3320 5633 1,
3351 5569 3433 5639 ἕὲ
3461 5573 3517 5625 et
3573 5565 3702 5639 seq.
3776 5571 3819 5605 ⁸⁸

408 5641 552 5696 ibid.
585 5642 630 5676 ⁸ο
660 5643 876 5698 Strom.
909 5641 948 5698 l.
983 5659 1022 5704 ι,

1056 5659 1112 5714 p.
1144 5642 1267 5697 342.
1348 5641 1391 5678 δι
1427 5641 1736 5714 Euseb.,l.
1769 5659 1868 5696 vm
1907 5643 2070 5713 Praep;

2185 5639 2379 5714 ev.,c.
2413 5643 2557 5714 6,7p.
2591 5643 2715 5708 410,
2749 5646 2805 5696 et
2847 5640 2886 5695 ι.
2909 5657 3042 5714 sui,
3075 5639 3246 5714 c._15,
3281 5656 3334 5710 p.
3366 5641 3492 5696 664.
3568 5641 3614 5675 ³³
3667 5641 3815 5696 Prm-

404 5729 528 5784 par.
557 5729 667 5784 ev.,
698 5713 737 5780 l,
770 5730 870 5782 vn,
897 5731 946 5772 c.
984 5705 1155 5786 13ξρ.
1189 5715 1314 5783 323;
1347 5732 1386 5787 ι.
1420 5730 1544 5784 νιιι,
1577 5730 1625 5770 c.
1649 5705 1715 5782 '9,
1752 5731 1808 5787 p.
1840 5715 1965 5770 375.
2031 5705 2070 5749 ’³³

2182 5730 2253 5786 ip,
2287 5705 2331 5768 Vl.
2367 5730 2429 5780 ιι,
2456 5705 2782 5778 ἀἰεεθιιι.’2,
2815 5729 2867 5769 c.
2897 5711 2952 5779 8,
2985 5705 3098 5766 art.
3131 5709 3185 5765 4.
