4130 6194
315 4501 320 4504 -
415 4464 685 4521 Ecclesia
733 4463 933 4520 saculi
981 4463 1254 4519 Patribus
1303 4463 1622 4517 secundam
1674 4463 2061 4520 sanctissima

414 195 554 251 1119

1115 201 1190 253 IN
1228 201 1672 255 CLEMENTEM
1713 199 1924 252 ALEX.
1963 198 2034 249 D.
2077 193 2169 248 LE
2205 192 2506 247 NOURRY
2545 192 3022 248 DISSERTATIO
3061 196 3131 247 11.

3699 203 3872 258 1120

412 321 728 406 ονὼοιξρςιί¹
753 321 934 406 hujus
961 323 1629 406 dogmatisndet'ensione
1673 326 1809 380 ante
1859 335 2067 406 supre-
2097 322 2152 390 Α
2182 315 2991 406 ᾲρβξιῇἱηξι.θῇφεοὶξΓΙῘΞιίαηξὲ
3013 319 3381 406 ἀρουωθηὲῖε
3401 329 3871 406 βροοωρᾷεεεθ,

413 411 580 477 Πλυω
609 393 872 477 Victoris.
891 393 1066 477 papa'
1085 395 1490 477 pontificatum
1510 393 2070 477 scripserunt..«;l_u-

413 467 663 538 stinum,
689 465 1008 538 inqurit'ille
1034 465 1101 536 ος
1125 467 1408 538 intelligo,
1432 471 1488 522 et
1510 465 1855 534 Miltiadem,
1873 471 1930 520 et
1959 465 2070 538 Ta-

410 535 666 604 tianu’m,
701 535 1165 610 et’Clementem,
1201 535 1474 610 aliosque
1495 538 1990 610 quamplurimas,
2011 537 2069 590 in

329 683 332 686 ι
415 626 670 686 quorum
703 609 971 686 omnium
1000 609 1167 665 libris
1190 609 1401 686 Christi
1422 609 1699 686 divinitas
1721 609 2067 686 astruiturls

488 681 680 738 Unum
703 695 840 752 ergo
863 685 1044 752 restat
1065 697 1098 735 a
1121 681 1291 736 nobis
1309 683 1761 748 observandum,
1787 679 2066 752 Clementi

413 753 608 810 visum
659 750 789 807 esse
834 751 1215 807 orthodoxam
1248 753 1320 808 de
1359 753 1730 808 sanctissima
1787 750 2070 806 Trinitate

415 825 740 896 doctrinam
766 827 887 878 tam
911 827 1068 878 certo
1082 823 1529 896 etperspicuein
1546 824 1728 880 sacris
1749 821 2068 896 Scripturis

421 895 736 976 declarari,
758 900 824 950 ut
852 910 980 976 eam
1013 892 1259 976 paganis
1289 892 1652 976 auctoribus,
1676 894 1776 976 qui
1808 892 1976 976 plura
2000 910 2068 974 ex

419 968 540 1023 illis
570 965 1055 1039 hauserunt,_non
1087 965 1328 1022 omnino
1360 965 1718 1039 incognitam
1743 965 1925 1039 fuisse
1946 965 2069 1039 exi-

414 1039 754 1095 stimaverit.
790 1037 870 1093 De
900 1035 1162 1093 Platone
1208 1039 1422 1094 etenim
1458 1035 1578 1093 hac
1606 1037 1704 1094 ille
1733 1035 1940 1100 scribit
1971 1037 2016 1070 ⁹²
2049 1052 2062 1090 :

416 1112 602 1167 Deum
642 1109 962 1182 «omnium
997 1125 1235 1182 causam
1268 1125 1401 1164 cum
1435 1108 1712 1182 appellat,
1737 1108 2095 1182 secundum-

417 1187 611 1238 autem
646 1180 799 1236 circa
834 1181 1112 1249 secunda,
1144 1185 1201 1236 et
1229 1180 1487 1236 tertium
1514 1180 1678 1236 circa
1723 1180 1917 1247 tertia,
1950 1196 2064 1234 non

416 1254 586 1310 aliter
614 1251 877 1324 intelligo
909 1269 1085 1324 quam
1130 1258 1396 1324 sanctam
1445 1251 1769 1324 signiﬁcari
1810 1250 2066 1324 Trinita-

417 1331 572 1396 tem;
593 1343 614 1375 υ
635 1321 734 1376 οὐκ
761 1317 950 1384 ἄὶῖλωξ
981 1317 1153 1396 ἔγωγε
1183 1321 1441 1394 ἐξακούω,
1475 1317 1527 1390 ir}.
1549 1324 1649 1396 τὴν
1681 1320 1832 1394 ἁγίαν
1861 1317 2064 1396 Τριάᾗα

421 1393 739 1468 μηνύεᾳθαι.
775 1396 913 1468 Post
941 1393 1254 1468 concilium
1287 1411 1520 1468 quoque
1551 1393 1853 1468 Nicanum
1881 1393 2066 1466 Cyril—

416 1465 513 1524 lus
544 1467 973 1523 Alexandrinus
995 1483 1062 1522 ex
1095 1465 1323 1535 eodem,
1346 1471 1402 1522 et
1433 1465 1567 1533 alio,
1589 1481 1765 1536 quem
1797 1465 2063 1536 Clemens

417 1539 877 1612 postJustinum
895 1542 1208 1612 martyrem
1229 1537 1325 1612 hic
1351 1536 1549 1593 retulit
1569 1537 1632 1606 νδ,
1656 1535 2062 1612 Platonisloco

418 1607 1068 1690 similiteeprobatmon
1091 1609 1261 1690 plane
1286 1609 1715 1690 incompertum
1733 1607 2062 1690 fgissehuic

415 1679 1259 1756 philosophorum_coryphao
1315 1679 1700 1756 sanctissima
1755 1679 2059 1756 Trinitatis
2093 1689 2138 1754 Β

415 1751 765 1824 mysterium
799 1768 812 1806 :
850 1751 1198 1824 «Tametsi,
1229 1751 1446 1822 inquit,
1478 1752 1829 1824 secundum,
1857 1755 1916 1806 et
1947 1756 2060 1806 ter-

416 1821 568 1881 tium
592 1821 859 1878 nominat
883 1823 1081 1892 Deum,
1105 1822 1260 1878 haud
1287 1821 1438 1878 recte
1463 1839 1476 1877 :
1507 1823 1608 1878 sed
1640 1822 1787 1884 suis.
1821 1825 1886 1877 ut
1914 1838 2062 1891 reor,

416 1897 542 1966 ipse
565 1909 900 1967 repugnans
914 1895 1567 1967 sententiis,Postquam
1590 1894 1743 1967 enim
1767 1909 1866 1967 eos
1881 1910 2062 1967 unum

417 1964 583 2037 dixit,
615 1964 674 2022 in
705 1964 827 2038 tres
862 1982 1070 2038 rursus
1127 1966 1354 2038 dividit,
1385 1964 1442 2021 οἳ
1469 1966 1714 2022 seorsim
1772 1964 2064 2038 singulos,

418 2039 534 2094 nisi
566 2035 719 2110 quod
753 2037 977 2092 Patrem
1009 2035 1092 2093 ait
1121 2037 1349 2108 opificis
1386 2039 1564 2094 Deum
1587 2041 1853 2109 oportere
1875 2035 2066 2093 norni-

418 2109 564 2165 nari.
599 2131 626 2158 »
659 2108 908 2178 Cyrillus
939 2110 1130 2180 itaque
1159 2111 1224 2177 ",
1249 2107 1427 2180 haud,
1456 2125 1626 2180 secus
1669 2125 1735 2164 ac
1793 2107 2063 2165 Clemens

418 2185 636 2243 noster,
670 2150 1224 2252 p'lersuasum‘plane
1254 2179 1462 2236 habuit
1495 2179 1791 2236 Platonem
1821 2181 2068 2236 sanctis-

417 2253 583 2310 sima
609 2251 938 2321 Trinitatis,
962 2251 1232 2324 quamvis
1253 2253 1570 2324 obscurius
1585 2268 1691 2308 nec
1711 2252 1944 2324 omnino
1976 2269 2065 2308 re-

418 2329 532 2391 cte,
577 2339 639 2379 re
693 2328 883 2378 tamen
945 2339 1078 2380 vera
1131 2324 1340 2380 fecisse
1397 2323 1775 2380 mentionem.
1804 2329 1879 2378 At
1927 2323 2062 2380 inde

415 2395 573 2452 haud
606 2395 827 2451 incerto
860 2395 1168 2450 conficitur
1187 2397 1451 2451 eamdem
1474 2395 1702 2466 penilus
1728 2395 1910 2451 fuisse
1939 2394 2066 2449 Cle-

411 2466 626 2539 mentis
655 2472 829 2539 atque
859 2466 1057 2539 Cyrilli
1089 2467 1160 2522 de
1189 2465 1566 2539 sanctissima
1597 2465 1882 2539 Trinitate
1930 2483 2065 2523 sen-

411 2538 678 2595 tentiam.
705 2535 920 2594 Eodem
949 2537 1164 2608 quippe
1192 2537 1453 2594 Platonis
1474 2537 1808 2594 testimonio
1834 2539 2063 2608 “,quod

414 2611 739 2667 etiamnum
764 2609 955 2665 fusius
985 2615 1044 2665 et
1073 2611 1225 2681 apud
1262 2609 1578 2665 Eusebium
1602 2611 1668 2674 ⁸⁸,
1692 2616 1748 2664 et
1779 2608 1838 2681 in
1873 2610 2064 2665 Plato-

415 2683 510 2738 nis
541 2681 820 2754 operibus
852 2682 1041 2750 legere
1065 2680 1175 2754 est,
1209 2686 1454 2754 uterque
1486 2698 1654 2754 usus,
1679 2680 1861 2754 simili
1895 2681 2064 2754 modo

418 2770 488 2810 ex
516 2752 596 2810 eo'
614 2756 1081 2823 argumentatur.
1106 2753 1211 2808 His
1243 2753 1516 2823 denique,
1548 2753 1599 2809 si
1637 2752 1820 2820 lubet,
1851 2753 2063 2823 adjun-

421 2839 632 2898 gamus
665 2841 699 2880 a
725 2823 1588 2898 Clementerursusobservari
1645 2823 1922 2898 similem,
1955 2823 2065 2898 hoc

417 2895 510 2978 est
535 2897 852 2978 obscurum
881 2895 1070 2978 Patris
1099 2900 1156 2978 et
1175 2895 1315 2978 Filii
1337 2911 1722 2978 sermonem'a
1745 2895 1929 2978 ppetis
1961 2896 2064 2978 ρε-

458 2968 586 3036 beo,
602 2967 873 3034 Homero,
888 2975 940 3040 et
954 2967 1182 3040 scenico
1197 2966 1545 3040 philosopho
1559 2966 1835 3040 Euripide
1855 2967 1977 3022 ﬁeri
1989 2968 2063 3040 79".

460 2985 586 3036 nso,
602 2985 1182 3034 nomero,eiscenico
1197 2985 1545 3040 pnuosopno
1559 2985 1694 3022 muri
1742 2985 1835 3021 ine
1855 2985 1977 3022 neri
2000 2985 2063 3021 ἰ.

415 2985 530 3096 Sed
551 3040 671 3116 hac
688 3037 1069 3116 obscuritatis
1095 2985 2060 3116 reprehensio_,quidAaliudmmabo
2091 3049 2135 3116 ρ

415 3115 493 3180 te,
528 3111 641 3166 nisi
675 3127 879 3167 sanam
912 3109 1176 3178 omnino,
1207 3115 1265 3166 et
1311 3109 1576 3166 eamdem
1632 3109 1948 3166 Clementis
1996 3126 2063 3166 ac

415 3183 669 3254 Patrum
688 3182 1054 3237 Nicanorum
1086 3181 1157 3237 de
1185 3182 1494 3254 Trinitatis
1535 3183 1814 3254 mysterio
1846 3182 2065 3237 doctri-

418 3269 556 3324 nam
589 3253 776 3324 fuisse
805 3253 1204 3308 demonstrat?
1228 3255 1410 3318 Quam
1443 3253 1784 3309 constanter
1811 3269 1981 3324 porro
2004 3253 2065 3309 in

281 3323 284 3327 ’
361 3344 364 3347 ·
418 3323 529 3378 hoc
553 3323 842 3448 praecipuo
863 3323 1200 3380 Christiana
1225 3324 1522 3409 religionis
1551 3325 1824 3396 dogmate
1857 3341 2066 3395 prapu-

419 3394 651 3448 quando
683 3393 722 3448 il
751 3410 781 3448 e
812 3397 1285 3448 perseveraverit.
1317 3398 1386 3448 iis
1431 3412 1574 3448 sane
1604 3395 1902 3448 omnibus.
1937 3412 2064 3448 una

419 3394 651 3476 gnanclo
683 3394 790 3476 ille.
812 3397 1295 3476 perseveraverit,
1317 3394 1574 3476 iis__sane
1604 3394 1922 3476 omnibust
1937 3394 2064 3476 qua

419 3483 453 3521 a
485 3464 653 3521 nobis
683 3481 751 3520 ex
777 3464 868 3538 his
886 3467 1224 3522 Stromatum
1247 3464 1305 3523 et
1326 3466 1459 3524 aliis
1480 3468 1608 3538 ejus
1631 3466 1796 3522 libris
1814 3464 2067 3523 adducta

418 3541 579 3606 sunt,
613 3536 936 3622 tam.c_lare
973 3543 1040 3622 et
1089 3539 1298 3595 invicte
1347 3536 1650 3622 probatur,
1678 3539 1885 3622 utnqui
1920 3537 2064 3622 illud

418 3624 654 3679 negare,
678 3609 764 3665 vel
798 3610 854 3665 in
888 3610 1140 3667 dubium
1163 3609 1365 3666 vocare
1394 3627 1576 3665 ausus
1609 3609 1860 3676 fuerit,is
1891 3609 2064 3666 meri-

417 3680 591 3738 diano
622 3681 731 3738 soli
757 3680 958 3739 lumen
989 3683 1248 3738 adimere
1276 3680 1421 3738 velle
1451 3683 1741 3738 videatur.

879 3823 1033 3880 168
1065 3821 1464 3880 ARTICULUS
1502 3824 1600 3879 III.

418 3910 733 3982 Singularis
761 3920 812 3966 et
859 3928 1006 3966 nova
1052 3914 1377 3967 recentiori:
1436 3912 1725 3979 cuiusdam
1779 3911 2068 3969 Sociniani

558 3992 750 4037 contra
784 3983 986 4037 Christi
1013 3982 1364 4038 divinitatem
1399 3983 1592 4054 opinio
1623 3985 1922 4056 refellitur.

489 4105 806 4175 Postquam
839 4104 961 4177 hac
1002 4121 1043 4177 _a
1068 4104 1261 4177 nobis
1291 4109 1492 4161 contra
1521 4111 1744 4162 veteres
1776 4122 2068 4177 novosque

415 4174 767 4248 Arianorum
799 4181 856 4232 et
885 4174 1333 4248 Socinianorum
1364 4191 1590 4232 errores
1639 4178 1722 4232 ita
1765 4174 2066 4248 disputata

417 4265 486 4305 ac
515 4246 774 4305 stabilita
808 4252 968 4313 sunt,
1001 4246 1160 4304 venit
1205 4246 1265 4301 in
1312 4263 1523 4303 manus
1554 4253 1785 4304 nostras
1817 4246 2065 4306 furtivus

418 4321 658 4404 quidem
695 4319 904 4404 uestio
936 4320 1107 4404 cujus
1139 4317 1446 4404 'Soclniani
1497 4318 1756 4404 hominis
1805 4318 2064 4404 libellus,

416 4387 531 4463 quo
561 4392 658 4448 ille
689 4409 757 4448 ex
787 4387 1046 4447 Platonis
1076 4387 1236 4462 Λόγῳ
1266 4391 1479 4445 factam
1515 4389 1691 4447 fuisse
1737 4408 1770 4447 a
1817 4387 2059 4448 secundi

412 4537 709 4592 Trinitatis
763 4552 1073 4606 personam
1122 4533 1476 4590 intolerabili
1525 4551 1769 4606 prorsus
1817 4535 2062 4592 audacia

416 4613 730 4665 asseverat.
755 4606 860 4664 Sed
892 4608 1028 4679 quis
1058 4625 1139 4679 os,
1162 4606 1637 4679 impurissimum
1661 4613 1718 4663 et
1747 4607 2060 4664 incredibi-

417 4680 530 4735 lem
565 4680 738 4752 plane
770 4678 1076 4751 scriptoris
1105 4678 1268 4752 illius
1299 4679 1931 4752 impudentiamiferat,
1965 4679 2063 4749 qui

416 4767 550 4823 cum
569 4750 793 4823 “negare
823 4750 937 4807 non
959 4751 1146 4823 possit
1162 4767 1458 4807 summam
1473 4750 1685 4807 Christi
1700 4751 2064 4807 divinitatem

415 4839 449 4877 a
469 4821 764 4894 Clemente
787 4821 986 4879 nostro
1012 4822 1206 4894 palam
1227 4826 1285 4877 et
1306 4826 1503 4894 aperte
1535 4823 1833 4894 pradicari
1863 4838 1931 4879 ac
1961 4824 2066 4878 de-

415 4893 606 4966 fendi:
630 4893 809 4966 stulte
839 4894 1077 4966 omnino
1110 4898 1167 4949 et
1197 4893 1421 4949 insulse
1449 4893 1634 4965 garrit
1661 4893 1830 4966 illum
1854 4911 1924 4966 ex
1946 4894 2063 4966 pri-

416 4963 529 5019 mis
569 4963 839 5020 Ecclesia
871 4965 1145 5021 Patribus
1179 4979 1304 5021 esse
1337 4963 1541 5031 unum,
1574 4964 1673 5033 qui
1707 4981 1773 5020 ex
1806 4963 2066 5022 Platonis

417 5034 618 5120 schola
676 5035 736 5090 in
793 5035 1123 5120 secretiora.
1166 5035 1509 5120 Christiana
1539 5035 1838 5120 “Ecclesia
1867 5039 2066 5120 _adxta

420 5106 530 5161 hoc
586 5121 796 5161 novum
848 5108 1058 5177 dogma
1109 5107 1346 5162 invexit.
1384 5107 1581 5177 Fingit
1637 5109 1792 5163 enim
1826 5108 1915 5163 vir
1969 5106 2066 5164 ille

422 5176 859 5233 audacissimus
907 5176 1091 5248 primo
1141 5182 1274 5247 post
1330 5176 1544 5234 Christi
1599 5186 1791 5234 ortum
1852 5179 2065 5234 saculo

420 5248 782 5305 Christianos
795 5248 1125 5317 omnes,qui
1142 5248 1381 5319 gentilis
1397 5248 1774 5319 philosophia
1792 5251 2064 5306 nuntium

423 5321 594 5394 plane
628 5321 995 5386 remiserant,
1017 5318 1229 5394 Christi
1263 5318 1900 5394 negasse‘divinitatem
1928 5340 1942 5389 ;
1973 5338 2067 5376 se-

422 5390 615 5449 cundo
644 5397 838 5448 autem
873 5390 1082 5447 saculo
1115 5392 1354 5445 ineunte
1382 5391 1679 5447 Justinum
1733 5398 2064 5462 martyrem,

419 5482 485 5522 ac
533 5469 740 5537 postea
786 5463 1143 5520 Clementem
1194 5466 1484 5530 nostrum,
1513 5461 1774 5520 Platonis
1806 5461 2066 5521 imbutos

490 5609 532 5644 ἰ
568 5607 804 5676 Euaeb.,
837 5605 875 5662 l.
909 5623 944 5661 v
975 5605 1147 5672 Hist.,
1180 5620 1229 5660 c.
1262 5604 1352 5665 28.
1389 5621 1441 5676 p.
1478 5604 1598 5659 196.

417 5682 463 5716 ⁰⁸
492 5680 530 5738 1.
565 5695 661 5735 vin
692 5683 848 5736 cont.
879 5677 1120 5742 lulian.,
1154 5695 1210 5750 p.
1241 5679 1364 5732 272.

2097 4430 2140 4493 D

1481 5606 1598 5659 196.
1765 5607 1809 5641 ⁰²
1842 5606 1940 5660 lib.
1963 5623 1996 5661 v
2027 5606 2065 5662 S

1481 5676 1529 5751 9f
1558 5676 1737 5751 Plato,
1771 5683 1814 5751 t,
1851 5679 1950 5744 Ill,
1978 5678 2065 5751 epi

2176 5621 2264 5671 .11.,
2295 5623 2348 5677 p.
2383 5607 2508 5662 598.
2678 5608 2722 5643 ⁹³
2751 5606 2996 5689 ,ἷυεῐὶην
3029 5606 3266 5660 Exhort.
3298 5606 3367 5688 ed
3399 5609 3604 5668 Grac..
3641 5625 3699 5680 p.
3731 5609 3821 5664 21.

2180 5679 2339 5751 ἆρά
2371 5679 2592 5746 Eruet,
2626 5684 2760 5749 etc.,
2794 5683 2851 5734 et
2881 5681 3055 5751 epist.
3086 5680 3122 5734 2
3147 5677 3220 5734 ad
3253 5681 3486 5750 Dionys.
3521 5679 3821 5750 “Euseb,

2182 394 2381 471 atque.
2413 404 2482 471 ex
2530 387 2630 471 llei
2691 387 2894 471 Λόγῳ,-
2932 390 3146 471 Verbo,
3187 395 3509 471 sapientia,
3557 387 3870 471 aliisque;

2178 477 2306 530 qua
2332 459 2482 514 Plato
2514 459 2714 515 divina
2740 459 3025 518 attributa
3055 459 3305 532 dicebat,
3331 459 3640 525 distinctas
3662 488 3700 526 a
3722 459 3867 529 Ded

2176 536 2366 607 Patre,
2402 532 2504 607 sed
2533 532 2796 607 ejusdem
2829 538 3052 607 natura
3083 552 3364 607 personas
3391 542 3810 600 constituisse.

2247 603 2354 658 Sed
2371 602 2504 674 quis
2518 605 2874 673 stupendum
2890 603 3035 661 illud
3053 602 3228 671 atque
3241 609 3518 667 omnibus
3541 612 3858 672 hactenus

2176 673 2522 754 inauditum
2539 676 2896 754 paradoxum
2925 675 2986 731 in
3017 676 3276 754 hominis
3295 679 3550 754 alicujus
3570 691 3850 743 mentem

2174 746 2426 819 venisse,
2463 744 2726 819 illudque
2757 749 2828 803 ab
2860 747 2988 819 ipso
3030 757 3142 804 tam
3191 744 3513 809 insolenter
3542 755 3603 810 in
3632 755 3847 814 lucem

2177 817 2440 892 proferri,
2457 822 2520 892 et
2539 817 2731 892 doceri
2755 817 3274 892 non—Obstupescat
3293 822 3320 878 ?
3350 826 3597 881 Missum
3629 830 3848 884 enim-

2173 905 2334 970 vero
2363 889 2610 970 facimus
2667 890 2790 970 hoc_
2833 889 3234 970 commentum
3267 892 3440 970 plane
3471 899 3847 970 penitusque

2176 961 2360 1040 rejici,
2380 969 2437 1040 et
2458 961 2795 1040 impugnari
2816 962 2888 1040 ab
2910 963 3197 1040 ejusdem,
3221 961 3394 1040 cujus
3425 961 3678 1040 scriptor
3715 961 3846 1027 ista

2174 1032 2506 1112 neotericus
2537 1032 2865 1112 fautores},
2899 1039 3069 1112 secta
3100 1032 3465 1112 hominibus,
3501 1032 3603 1112 qui
3631 1043 3846 1098 Justi-

2174 1120 2329 1184 nam
2336 1107 2673 1184 martyrem,
2695 1109 2754 1184 e_t_
2770 1105 3126 1184 Clementem
3145 1114 3412 1184 nostrum
3437 1105 3498 1166 in
3519 1105 3662 1169 suas
3685 1130 3844 1169 con-

2171 1179 2263 1230 tra
2290 1175 2524 1247 Christi
2555 1175 2917 1247 divinitatem
2947 1182 3144 1247 partes
3175 1179 3405 1236 trahere
3433 1184 3628 1239 conati
3661 1193 3838 1241 sunt.

2172 1251 2249 1320 Ex
2279 1246 2452 1320 solita
2480 1245 2772 1318 siquidem
2799 1245 3123 1320 errantium
3171 1249 3480 1320 hominum
3525 1257 3838 1311 contradi-

2171 1317 2362 1394 ctione
2377 1317 3138 1394 adversusinsulsissimum
3151 1317 3448 1392 opinionis
3463 1332 3805 1383 monstrum
3821 1370 3841 1394 ,

2171 1390 2326 1461 quod
2354 1388 2550 1468 seipso
2581 1395 2814 1446 corruat
2843 1407 3080 1448 necesse
3109 1388 3220 1461 est,
3253 1397 3639 1468 pugnandum
3690 1388 3838 1455 esse

2169 1477 2285 1518 non
2318 1461 2692 1516 arbitramur.

2242 1533 2405 1588 Illius
2435 1532 2634 1611 itaque
2665 1531 2978 1611 falsitatem
3011 1532 3657 1611 ex_iis_evidentissime
3689 1555 3834 1611 pro—

2167 1603 2400 1682 bamus,
2433 1603 2650 1682 quibus
2680 1603 3054 1682 doctissimos
3082 1605 3353 1682 Ecclesia
3382 1609 3610 1682 Patres,
3627 1603 3831 1682 primo

2167 1680 2224 1731 et
2243 1675 2501 1753 secundo
2533 1675 2796 1753 ejusdem
2823 1675 3089 1733 Ecclesia
3113 1678 3349 1748 saculo,
3375 1683 3552 1753 atque
3590 1675 3833 1753 ipsum-

2169 1751 2290 1822 met
2319 1746 2494 1822 etiam
2524 1746 2878 1822 Clementem
2912 1753 3180 1804 nostrum
3227 1746 3565 1822 supremam
3599 1746 3824 1808 Christi

2169 1818 2554 1892 divinitatem,
2577 1818 2893 1892 agnovisse
2917 1818 3369 1892 constanterque
3395 1823 3735 1880 vindicasse
3763 1825 3830 1880 in

2170 1890 2279 1947 hac
2310 1889 2559 1962 aliisque
2591 1889 2994 1962 superioribus
3037 1893 3255 1949 nostris
3278 1889 3829 1952 dissertationibus

2168 1962 2402 2018 abunde
2431 1961 2899 2018 demonstratum
2933 1966 3042 2019 est.

2242 2033 2462 2107 Deinde
2491 2048 2625 2089 vero
2657 2032 2967 2107 ridiculum
3019 2033 3190 2105 plane
3219 2033 3513 2107 vigilantis
3560 2035 3828 2095 hominis

2172 2105 2469 2178 somnium
2503 2109 2594 2178 est
2623 2122 2656 2160 a
2683 2104 2917 2178 .lu_s_tino
2943 2104 3219 2178 martyre,
3253 2104 3352 2162 aut
3381 2107 3652 2178 quolibet
3679 2108 3819 2177 alio,

2171 2191 2306 2247 cum
2340 2175 2636 2231 Platonica
2667 2175 3040 2247 philosophia
3086 2175 3142 2232 in
3191 2175 3592 2235 Christianam
3626 2175 3824 2236 Eccle-

2171 2246 2317 2302 siam
2339 2246 2735 2303 introductum
2753 2246 3352 2305 fuissehocdeeadem
3367 2249 3587 2306 Christi
3609 2251 3824 2307 divini-

2172 2324 2289 2374 tate
2303 2319 2743 2375 documentum.
2758 2320 2920 2384 Quod
2943 2319 3177 2389 quidem
3197 2325 3264 2376 ut
3284 2321 3527 2389 planum
3544 2323 3829 2379 omnibus

2170 2395 2228 2446 et
2262 2391 2640 2462 manifestum
2675 2391 2798 2455 ﬁat,
2829 2391 2995 2462 prius
3025 2390 3228 2447 sedulo
3259 2390 3700 2450 observandum
3737 2400 3830 2451 est

2170 2469 2331 2517 extra
2386 2461 2680 2518 nascentis
2729 2467 2786 2518 et
2831 2461 3223 2518 adolescentis
3281 2463 3550 2520 Ecclesia
3610 2465 3826 2522 limina

2171 2533 2602 2608 philosophiam
2635 2531 3038 2608 gentilem,u_ti
3061 2534 3421 2608 Socinianus
3450 2552 3694 2608 quoque
3723 2537 3825 2594 ille

2171 2605 2423 2680 scriptor
2453 2605 2666 2680 fatetur
2709 2621 2932 2680 nosque
2984 2605 3136 2662 infra
3190 2605 3822 2680 ostendemus,'procul

2171 2676 2784 2751 fuisseamandatam.
2828 2676 3044 2751 Postea
3078 2693 3212 2751 vero
3259 2677 3551 2751 Clemens,
3597 2676 3821 2751 aliique

2171 2747 2557 2821 eruditissimi
2593 2746 2862 2821 homines
2893 2749 3050 2818 quod
3083 2748 3142 2804 in
3171 2763 3242 2805 ea
3269 2749 3521 2821 aliisque
3551 2746 3822 2821 philoso-

2171 2819 2421 2902 phorum
2456 2817 2690 2944 placitis
2720 2817 2928 2901 verum
2969 2823 3116 2888 erat,
3149 2817 3530 2905 quodqueab
3552 2817 3822 2880 Hebrais

2171 2891 2388 2944 ethnici
2421 2908 2456 2944 ι)
2503 2889 2750 2944 ilosonhi
2785 2890 3126 2944 hauserant.
3152 2909 3184 2944 a
3215 2893 3568 2944 Christianis
3598 2895 3822 2944 admit-

2170 2889 2388 2948 ethnici
2421 2889 2750 2962 philosophi
2785 2890 3126 2955 hauserant,
3152 2889 3184 2946 ἐ
3215 2889 3568 2948 Christianis
3598 2895 3823 2949 admit-

2169 2964 2414 3019 tendum
2429 2978 2558 3018 esse
2578 2962 2753 3016 variis
2768 2963 3060 3018 rationum
3078 2964 3394 3020 momentis
3415 2964 3819 3022 convicerunt.

2171 3035 2280 3090 Sed
2310 3038 2439 3089 tum
2470 3033 2578 3103 illi,
2610 3033 3105 3104 quemadmodum
3137 3036 3309 3090 etiam
3339 3036 3491 3092 infra
3520 3035 3824 3094 diceturet

2172 3106 2478 3176 diligenter
2507 3105 2890 3179 animadverti
2920 3106 3108 3179 debet,
3134 3105 3334 3179 plures
3363 3123 3582 3178 eosque
3604 3109 3821 3164 acerri-

2171 3175 2300 3251 mos
2319 3175 2540 3248 experti
2567 3181 2706 3251 sunt
2723 3175 3107 3251 adversarios,
3121 3175 3243 3251 qui,
3271 3194 3406 3251 cum
3429 3175 3818 3251 idprafracts

2172 3246 2471 3322 negarent,
2489 3247 2753 3323 non_sine
2771 3246 2942 3323 longo
2973 3246 3255 3323 temporis
3275 3249 3468 3323 lapsu,
3493 3246 3716 3322 aliquid
3750 3269 3822 3307 ex

2213 3318 2535 3394 egenorum
2567 3318 2934 3394 philosophia
2955 3337 2990 3376 a
3011 3318 3230 3394 nostris
3245 3318 3725 3394 susceptum-est.
3741 3327 3822 3378 Ex

2171 3338 2532 3447 paganorum
2567 3338 2934 3391 pnuosopma
2955 3338 2990 3376 a
3011 3338 3230 3376 nosnris
3245 3338 3589 3394 susceptum
3615 3338 3725 3380 eat.
3745 3338 3818 3378 sx

2219 3393 2266 3448 is
2298 3393 2498 3464 itaque
2523 3391 2956 3464 itaAobservatis
2977 3392 3270 3448 evidenter
3291 3392 3583 3464 colligitur
3598 3395 3818 3450 falsum

2171 3461 2415 3520 omnino
2440 3479 2569 3520 esse
2600 3461 2941 3529 Clementis,
3007 3465 3312 3529 multoque
3344 3461 3543 3522 minus
3598 3466 3820 3522 Justini

2173 3535 2450 3607 martyris
2494 3537 2681 3602 atate,
2710 3551 2834 3607 qua
2884 3534 3129 3607 hujusce
3185 3534 3580 3592 altercationis
3639 3542 3818 3594 astus

2173 3605 2363 3677 major
2390 3611 2534 3675 erat,
2569 3605 2880 3679 novumde
2909 3605 3122 3679 Christi
3151 3607 3720 3679 divinitatedogma
3749 3627 3818 3665 ex

2174 3679 2428 3734 Platonis
2459 3678 2760 3751 Academia
2783 3677 2839 3731 in
2863 3677 3330 3751 Christianorum
3361 3677 3678 3751 Ecclesiam
3707 3697 3816 3751 po-

2171 3751 2356 3806 tuisse
2385 3749 2726 3821 transmitti.
2761 3752 2826 3805 In
2857 3765 2991 3805 eum
3012 3750 3329 3815 enimvero,
3361 3752 3459 3821 qui
3495 3749 3554 3805 id
3587 3749 3819 3807 tentare

2172 3820 2614 3893 aususfuisset,
2639 3826 3021 3893 omnestcerte
3052 3820 3459 3893 Christiani,ac
3490 3823 3819 3893 praesrtim

2171 3891 2408 3976 gentilis
2442 3891 2822 3976 ph‘iolosopbia
2846 3891 3074 3976 inimici
3096 3892 3268 3976 illico
3298 3891 3681 3976 involassent,
3716 3911 3822 3950 nec

2172 3962 2415 4039 impune
2441 3962 2722 4039 tulissent
2738 3964 2811 4019 ab
2843 3962 2942 4020 illo
2973 3964 3238 4039 funditus
3255 3965 3430 4022 everti
3454 3966 3826 4039 praecipuum

2174 3982 2415 4037 impune
2441 3982 2717 4020 iuussent
2738 3982 2811 4019 an
2843 3982 2942 4020 iuo
2973 3982 3238 4020 runuiius
3255 3982 3430 4022 everti
3448 3982 3823 4091 ‘pracipuum

2174 4037 2306 4092 ﬁdei
2345 4040 2552 4119 nostra
2584 4035 3054 4118 fundamentum.
3075 4035 3211 4119 .Qua
3257 4052 3436 4119 ergo”
3471 4041 3641 4093 ronte
3687 4037 3823 4119 Cle-

2173 4114 2592 4180 mensnosteri
2629 4107 2689 4162 in
2747 4106 2874 4163 suis
2929 4106 3494 4180 omnibusscriptis,
3530 4109 3824 4180 praecipue

2172 4179 2396 4251 veroin
2431 4178 2897 4251 bisUSlromamm
2943 4178 3132 4245 libris,
3184 4179 3284 4234 ubi
3331 4178 3642 4251 tantopere
3689 4178 3828 4237 vera

2173 4250 2414 4306 ethnica
2447 4249 2825 4320 philosophia
2857 4250 3209 4306 documenta
3232 4267 3266 4305 a
3287 4249 3640 4307 Christianis
3671 4252 3824 4308 reci-

2173 4322 2385 4393 pienda
2399 4338 2528 4377 esse
2550 4321 3149 4393 probat,divinitatem
3171 4321 3408 4389 Christi,
3432 4321 3516 4378 uti
3539 4323 3820 4389 vidimus,

2171 4392 2390 4465 passim
2424 4394 2679 4465 asseruit
2703 4398 2757 4449 et
2791 4392 3157 4465 vindicavit?
3194 4393 3310 4448 Cur
3347 4394 3824 4451 adversariorum

2173 4464 2415 4520 suorum
2449 4464 2695 4537 insidias
2717 4469 2775 4520 et
2797 4464 3263 4521 malevolentiam
3284 4465 3527 4520 minime
3545 4466 3824 4537 depreca-

2174 4541 2292 4604 tus,
2315 4553 2413 4592 eas
2443 4535 2671 4607 amoliri
2707 4553 2820 4592 non
2852 4537 3239 4602 conatur,imo
3257 4552 3388 4592 vero
3414 4537 3487 4591 de
3507 4537 3582 4592 iis
3613 4535 3825 4607 nequi-

2176 4609 2306 4663 dem
2341 4606 2599 4678 cogitat?
2647 4607 2759 4663 Cur
2789 4607 2897 4663 hoc
2927 4609 3162 4679 dogma,
3197 4624 3312 4663 non
3343 4624 3510 4664 secus
3562 4625 3628 4664 ac
3685 4606 3824 4673 alia,

2175 4679 2390 4751 quibus
2423 4694 2593 4734 nemo
2623 4696 2882 4750 unquam
2917 4679 3246 4750 refragatus
3275 4684 3511 4751 est,tam
3546 4687 3750 4750 aperte
3770 4687 3828 4736 et

2175 4750 2531 4822 conﬁdenter
2560 4753 2831 4822 proponit
2861 4753 3335 4822 acpropugnat?
3364 4750 3569 4807 Nonne
3599 4751 3661 4807 id
3694 4769 3827 4808 ma-

2175 4821 2747 4878 nifestissimonobis
2771 4821 2986 4877 indicio
3001 4821 3252 4878 esthanc
3273 4838 3650 4879 communem
3674 4840 3828 4879 sem-

2177 4909 2279 4966 per
2325 4891 2507 4966 fuisse
2553 4894 2819 4966 omnium
2877 4892 3349 4950 Christianorum
3398 4894 3740 4965 opinionem
3771 4900 3831 4951 et

2175 4964 2529 5022 sententiam
2546 4964 2574 5019 ?

2246 5036 2393 5100 Quid
2427 5053 2581 5104 vero,

2178 5107 2422 5173 Platoni,
2455 5111 2655 5178 utpote
2684 5107 3053 5164 Ilebraorum
3090 5106 3334 5162 scientia
3362 5106 3675 5173 instructo,
3709 5126 3824 5164 non

2177 5179 2322 5233 bene
2353 5177 2716 5248 compertum
2752 5179 2931 5234 fuisse
2961 5177 3349 5234 sanctissima
3369 5179 3678 5235 Trinitatis
3707 5198 3828 5249 my.

2177 5250 2444 5318 sterium,
2479 5257 2655 5321 atque
2682 5252 2739 5305 in
2765 5268 2830 5306 eo
2853 5249 3196 5320 exponendo
3229 5267 3261 5304 a
3299 5250 3544 5322 veritate
3568 5268 3684 5306 non
3723 5270 3826 5322 pa-

2177 5339 2306 5376 rum
2337 5323 2656 5379 descivisse
2700 5323 2727 5377 ‘I
2785 5322 2932 5386 Quid
2967 5321 3166 5389 etiam,
3198 5321 3350 5391 quod
3384 5322 3536 5377 idem
3562 5321 3829 5380 Clemens

2178 5392 2324 5449 nihil
2355 5411 2424 5449 ex
2455 5393 2572 5466 bis,
2603 5411 2729 5466 qua
2764 5394 2861 5466 ille
2905 5392 3394 5466 philosophorum
3444 5393 3614 5466 facile
3664 5395 3826 5466 prin-

2175 5481 2312 5534 ceps
2343 5467 2412 5520 de
2443 5465 2538 5520 Dei
2570 5465 2754 5539 Λόγῳ,
2787 5464 2997 5535 Verbo,
3024 5469 3082 5520 et
3113 5464 3403 5535 sapientia
3441 5464 3690 5534 dixerat,
3723 5467 3825 5523 sed

2295 5623 2348 5677 p.
2383 5607 2508 5662 598.

2615 5036 2766 5106 quod
2812 5035 2911 5090 ille
2957 5051 3075 5090 non
3124 5033 3323 5090 minus
3379 5033 3625 5106 planum
3686 5037 3830 5093 facit

2678 5608 2722 5643 ’3
2751 5605 2996 5680 Justint,
3029 5604 3266 5680 Exhort.
3298 5606 3367 5680 ed
3399 5609 3614 5680 Gram,
3641 5625 3699 5680 p.
3731 5609 3821 5664 21.

416 5751 455 5808 1.
492 5770 510 5807 ι
542 5751 784 5826 Prapar.
819 5767 930 5823 ev.,
972 5767 1022 5808 c.
1059 5749 1253 5822 16,717
1283 5753 1339 5806 et
1370 5749 1455 5806 18.
1488 5749 1531 5785 ³⁷
1562 5750 1771 5807 Strom.
1806 5750 1846 5807 l.
1872 5767 1928 5822 ν,
1961 5768 2018 5824 p.
2049 5749 2065 5805 ξ

2176 5799 2177 5807 χ
2201 5750 2322 5806 604.
