4130 6194
425 187 568 242 1143

1156 192 1226 244 ΙΝ
1269 191 1715 245 CLEMENTEM
1753 191 1963 244 ALEX.
2005 194 2072 244 D.
2112 192 2204 245 LE
2241 192 2536 246 NOURRY
2575 187 3050 244 DISBERTATIO
3085 191 3159 241 ΙΙ.

3704 187 3860 242 1144

421 310 580 364 riora
608 311 784 365 verba
804 309 1164 366 Clementem
1201 311 1272 382 de
1293 312 1479 367 sacris
1515 311 1737 367 nostris
1758 313 2072 382 mysteriis,
2104 315 2158 381 Α
2194 327 2326 366 vero
2340 311 2532 368 ofﬁcio
2552 308 3048 366 incumbit.Aiunt
3067 307 3268 382 itaque
3292 307 3462 382 illum
3478 310 3548 365 de
3569 308 3864 382 originali

421 398 650 453 pagano
669 383 896 437 homini
921 400 1036 438 non
1063 381 1509 453 patefaciendis,
1531 382 1689 452 loqui
1718 381 2073 454 pertinacius

419 454 754 524 contendat,
789 454 948 508 illius
981 461 1136 509 certe
1169 454 1435 524 Opinioni
1476 471 1591 509 non
1623 455 1944 510 admodum
1980 472 2069 510 re-

422 523 805 594 fragabimur,
840 527 1012 580 modo
1042 523 1238 581 tamen
1270 525 1366 580 ille
1398 541 1512 580 non
1547 526 1734 595 magis
1758 527 1828 580 de
1859 528 2070 580 eucha-

425 596 594 650 ristia
624 613 797 667 quam
833 598 905 652 de
934 597 1045 652 alio
1078 596 1340 668 quolibet
1373 597 1672 668 religionis
1704 602 1913 652 nostrae
1948 613 2072 668 my-

427 668 607 722 sterio
632 669 988 724 Clementem
1028 667 1648 738 intelligendumesse
1695 667 2069 724 concesserit.

425 738 505 792 Ex
537 745 785 810 utraque
813 741 1108 795 enimvero
1137 740 1542 810 explicatione,
1576 739 1634 795 id
1667 741 1822 811 quod
1854 740 1925 795 ad
1951 756 2072 795 rem

428 816 690 865 nostram
726 811 882 877 facit,
908 827 1070 881 aeque
1102 811 1341 865 omnino
1373 812 1699 876 conficitur,
1729 811 2075 867 aClemente

429 881 667 950 aliquod
719 883 957 951 agnosci
999 891 1325 952 peccatum,
1359 883 1513 952 quod
1572 883 1706 938 licet
1742 883 2074 938 involunta-

425 954 581 1006 rium
595 953 858 1019 sit,justo
875 961 1064 1009 tamen
1083 954 1370 1023 supplicio
1385 953 1890 1009 vindicatur.lllud
1909 954 2076 1024 quipo

429 1039 499 1096 pe
520 1024 928 1096 tametsi,cum
955 1025 1552 1095 a-lmittitur,propter
1565 1026 1746 1080 animi
1770 1026 2073 1096 perturba-

426 1093 644 1149 tionem
658 1094 1230 1160 sitinvoluntarium,
1249 1097 1385 1165 quia
1408 1093 1793 1152 nihilominus
1811 1096 2075 1152 volunta-

429 1166 515 1238 ria
531 1166 642 1238 fuit
656 1166 773 1220 haec
792 1167 973 1221 animi
990 1167 1594 1238 perturbatio,idcirco
1613 1167 1756 1223 illud
1775 1173 2075 1237 peccatum

430 1235 704 1309 primitus
721 1245 777 1292 et
796 1238 856 1292 in
881 1235 1005 1294 sua
1020 1256 1194 1294 causa
1225 1255 1428 1309 reapse
1462 1235 1855 1294 voluntarium
1882 1240 2008 1293 fult.

501 1310 565 1362 In
599 1308 812 1363 horum
848 1326 1016 1378 porro
1049 1308 1387 1364 ﬁrmentum
1439 1309 1581 1366 illud
1615 1311 1770 1365 haud
1823 1310 2075 1365 absurde

431 1377 644 1433 adduci
680 1377 884 1447 potest,
918 1383 1074 1450 quod
1104 1382 1371 1436 Clemens
1414 1381 1632 1437 ibidem
1672 1381 1894 1436 dixit“:
1923 1404 1949 1430 (ι
1982 1382 2078 1434 ln-

431 1454 516 1523 ter
548 1465 609 1503 se
644 1467 820 1522 prope
853 1455 970 1506 sita
999 1455 1172 1521 (esse,
1205 1459 1262 1507 et
1292 1452 1600 1523 distingui)
1647 1465 1950 1523 peccatum
1985 1453 2077 1505 in-

429 1519 780 1588 fortunium,
826 1519 1039 1588 scelus,
1073 1541 1175 1578 seu
1210 1525 1428 1592 injuste
1461 1519 1700 1588 factum,
1746 1519 2011 1592 ἀδίκημα.
2049 1544 2076 1570 ι)

430 1592 579 1647 Nam
612 1595 753 1662 quid
788 1596 1248 1665 unumquodque
1279 1610 1485 1649 eorum
1519 1595 1618 1660 sit,
1651 1595 1734 1650 ita
1765 1593 1864 1650 ille
1894 1594 2077 1664 expli-

2190 390 2434 453 peccato
2468 388 2570 438 aut
2601 400 2714 437 non
2749 382 2890 436 satis
2923 386 3054 452 apte
3084 385 3142 436 et
3175 381 3602 437 convenienter
3648 381 3848 453 loqui,

2187 459 2290 509 aut
2323 455 2394 509 de
2450 471 2516 510 eo
2567 471 2683 509 non
2741 453 2981 508 omnino
3040 468 3386 523 persuasum
3416 453 3730 524 scripsisse
3753 454 3857 507 “:

2179 548 2207 574 ‹‹
2243 525 2450 580 Dicant
2480 543 2612 595 ergo
2661 525 2828 579 nobis
2880 524 2977 578 ubi
3013 523 3334 579 fornicatus
3387 531 3476 579 est
3507 523 3705 579 infans
3737 542 3857 578 na-

2179 597 2315 669 tus?
2347 598 2455 669 vel
2483 597 2776 669 quomodo
2809 595 3080 669 sub_A_dae
3113 596 3325 650 cecidit
3354 596 3853 669 exsecrationem,

2226 666 2460 738 nilnihil
2491 666 2580 723 est
2609 673 2885 738 operatus
2907 666 2934 720 Ἰ
2967 667 3170 721 Restat
3192 682 3327 737 ergo
3359 667 3466 735 eis,
3491 675 3555 722 ut
3585 669 3854 732 videtur,

2226 685 2278 721 Ul
2317 684 2460 722 mnu
2491 684 2580 723 est
2609 684 2885 738 operatus
2909 684 2934 720 γ
2967 684 3170 721 nestat
3192 684 3327 737 ergo
3359 684 3466 735 eis,
3491 684 3555 722 ut
3585 684 3854 732 Videtur,

2179 684 2255 798 got;
2287 731 2486 805 ἔοικεν,
2518 743 2946 809 consequenter
2976 741 3042 792 ut
3072 737 3272 792 dicant
3320 738 3536 792 malam
3579 755 3713 793 esse
3754 755 3855 806 ge-

2182 812 2568 874 nerationem,
2609 808 2728 864 non
2762 808 2953 864 solum
2985 825 3112 864 eam
3154 825 3283 879 quae
3315 816 3405 864 est
3434 809 3854 880 corporis,sed

2181 883 2358 938 etiam
2381 899 2508 953 quae
2529 886 2619 936 est
2640 881 3150 953 animis,_propter
3179 897 3355 949 quam
3392 881 3569 936 etiam
3603 898 3852 950 corpus.

2181 959 2249 1007 Et
2270 951 2505 1023 quando
2537 954 2683 1007 dixit
2724 951 2902 1024 David
2930 951 2972 987 ¹⁵
3003 968 3015 1006 :
3054 973 3082 1001 «
3114 954 3178 1006 In
3214 953 3467 1024 peccatis
3519 959 3852 1024 conceptus

2183 1047 2211 1076 ‹‹
2239 1041 2370 1078 sum
2400 1030 2456 1078 et
2485 1024 2542 1077 in
2567 1023 2983 1094 iniquitatibus
3015 1023 3283 1092 concepit
3315 1039 3407 1078 me
3431 1029 3618 1079 mater
3643 1023 3802 1086 mea,
3825 1042 3852 1072 ι

2183 1095 2327 1150 dicit
2368 1096 2702 1166 prOphetice
2750 1095 2990 1165 quidem
3049 1100 3291 1149 matrem
3348 1095 3568 1166 Evam,
3599 1099 3699 1150 sed
3735 1097 3858 1150 Eva

2185 1166 2295 1220 fuit
2329 1165 2514 1221 mater
2563 1166 2920 1231 viventium;
2955 1165 3064 1220 etsi
3101 1166 3157 1219 in
3188 1166 3442 1234 peccatis
3492 1165 3604 1220 fuit
3648 1183 3861 1222 conce-

2184 1245 2342 1308 ptus.
2375 1237 2478 1291 sed
2505 1253 2616 1291 non
2639 1237 3126 1308 ipseinipeccato,
3158 1253 3348 1308 neque
3375 1254 3509 1292 vero
3551 1237 3679 1308 ipse
3719 1254 3854 1308 pec-

2185 1307 2408 1364 catum.
2448 1308 2504 1362 Si
2539 1307 2737 1364 autem
2769 1307 3107 1379 quicunque
3136 1307 3315 1362 etiam
3349 1325 3383 1362 a
3417 1307 3656 1378 peccato
3690 1307 3764 1365 ad
3781 1311 3854 1363 Ii-

2184 1381 2318 1435 dem
2349 1381 2726 1445 convertitur,
2775 1397 2808 1434 a
2857 1380 3657 1450 peccatorisconsuetudine
3719 1387 3853 1434 tan-

2185 1467 2362 1522 quam
2396 1468 2428 1504 a
2461 1458 2646 1506 matre
2672 1449 3026 1522 convertitur
3054 1451 3128 1522 ad
3158 1449 3356 1522 vitam,
3403 1452 3548 1506 feret
3578 1451 3726 1505 mihi
3764 1458 3853 1506 te-

2185 1520 2527 1579 stimonium
2555 1539 2708 1576 unus
2733 1538 2802 1576 ex
2823 1520 3131 1577 duodecim
3162 1521 3480 1591 prophetis,
3508 1523 3612 1591 qui
3650 1523 3849 1582 dixit:

2187 1617 2215 1643 ‹‹
2247 1592 2898 1675 Yideamprimogenita
2935 1609 3042 1675 pro_
3071 1591 3398 1675 impietate,
3426 1595 3683 1675 fructum
3709 1611 3854 1649 ven-

433 1670 526 1747 cat
559 1681 572 1718 :
612 1685 638 1715 σι
669 1663 1098 1746 Ρθεοᾶιιξωὲει
1124 1663 1286 1747 _ve_rbi
1317 1666 1526 1746 gratia,
1556 1666 1852 1720 luxuriose
1898 1671 1956 1720 et
1971 1663 2077 1719 in.
2110 1682 2157 1747 Β
2189 1687 2215 1714 ‹‹
2243 1667 2351 1719 tris
2385 1663 3158 1747 mei'pro‘peccatishanim‘ze
3193 1680 3329 1747 mete
3355 1664 3425 1747 εξ..
3449 1663 3636 1747 nhNon
3665 1683 3852 1747 accu-

436 1739 832 1805 temperanter
862 1738 1069 1792 vivere.
1122 1737 1513 1792 lnfortunium
1563 1745 1760 1793 autem
1806 1743 2081 1806 tanquam

442 1805 750 1880 inimicum
779 1807 1093 1880 inscienter
1121 1809 1403 1880 occidere.
1426 1808 1630 1864 Scelus
1659 1817 1750 1865 est
1779 1805 2082 1880 sepulcro-

443 1893 575 1933 rum
608 1877 840 1933 eti‘ossio
870 1885 972 1933 aut
1002 1879 1397 1945 sacrilegium.
1420 1901 1448 1929 ››

514 1952 800 2004 Praeterea
834 1949 1103 2005 Clemens
1135 1951 1270 2005 alibi
1309 1949 1613 2004 docetduo
1656 1964 1785 2003 esse
1817 1953 2085 2018 peccato-

448 2035 578 2074 rum
626 2020 935 2092 principia,
984 2021 1374 2092 ignorantiam
1405 2027 1462 2076 et
1491 2019 1915 2088 inﬁrmitatem,
1948 2037 2087 2090 qua-

449 2106 582 2144 rum
616 2091 805 2160 priore
838 2092 918 2156 ﬁt,
954 2098 1016 2146 ut
1048 2095 1193 2148 bene
1249 2095 1320 2148 de
1379 2092 1452 2147 iis
1506 2107 1633 2162 quae
1681 2092 1906 2160 agenda
1945 2096 2086 2146 sunt

451 2177 566 2216 non
593 2162 917 2231 judicetur;
948 2164 1269 2234 posteriore
1310 2168 1530 2229 autem,
1565 2166 1628 2216 ut
1656 2178 1723 2234 ea
1754 2162 1824 2218 de
1847 2163 2085 2234 quibus

449 2237 603 2304 recte
627 2234 929 2302 jurlicatur
951 2233 1072 2290 non
1109 2236 1272 2290 ﬁant.
1303 2257 1331 2284 «
1368 2238 1518 2290 Sunt
1547 2234 1661 2288 duo
1693 2233 1886 2304 inquit
1917 2234 1956 2297 ο,
1981 2251 2082 2289 cu-

437 2303 633 2378 j_usvis
666 2307 883 2375 peccati
916 2307 1226 2377 principia,
1276 2306 1562 2378 ignoratio
1610 2303 2082 2360 etimbecillitas.

445 2374 551 2448 Est
578 2374 772 2432 autem
807 2374 1125 2448 utrumque
1156 2378 1213 2431 in
1247 2374 1448 2432 nostra
1479 2380 1780 2447 potestate,
1815 2393 1947 2430 cum
1981 2394 2085 2431 nec

445 2445 691 2502 velimus
724 2449 969 2510 discere,
1005 2445 1110 2504 nec
1139 2445 1520 2518 cupiditatem
1539 2448 1856 2503 continere.
1887 2448 1959 2502 Ex
1993 2448 2084 2502 his

441 2522 635 2573 autem
669 2536 849 2591 unum
883 2520 1120 2591 quidem
1151 2527 1260 2583 est,
1291 2536 1388 2588 per
1419 2520 1571 2591 quod
1602 2535 1714 2574 non
1747 2524 1898 2574 recte
1919 2520 2084 2591 judie

443 2594 606 2656 cant;
641 2590 1060 2646 alterum’vero
1094 2607 1193 2661 per
1241 2592 1396 2661 quod
1429 2590 1544 2646 non
1576 2595 1820 2659 possunt
1847 2590 2085 2661 exsequi

442 2667 757 2731 quaerecte
804 2667 944 2718 sunt
966 2663 1259 2731 judicata.
1296 2683 1317 2711 ι

515 2730 598 2785 lbi
616 2737 809 2787 autem
838 2730 1272 2788 animadvertas
1288 2731 1483 2796 velim,
1503 2731 1796 2802 quomodo
1819 2730 2085 2788 Clemens

443 2801 600 2876 dicat
619 2807 939 2876 utrumque
963 2810 1264 2872 peccatum
1297 2807 1354 2858 et
1376 2801 1714 2874 ignorantiae
1742 2809 1806 2876 et
1837 2803 2084 2876 inlirini-

442 2873 582 2928 tatis
614 2874 673 2928 in
699 2873 899 2930 nostra
935 2892 1064 2932 esse
1099 2873 1412 2946 potestate,
1430 2878 1485 2928 et
1513 2891 1641 2929 vere
1667 2874 2083 2940 voluntarium,

446 2949 620 3016 atque
653 2946 794 3001 adeo
817 2947 954 3015 jure
986 2944 1191 3002 merito
1225 2944 1437 3016 puniri.

2191 1743 2284 1804 sat
2317 1751 2476 1804 eum,
2500 1734 2601 1807 qui
2625 1734 2770 1790 dixit
2804 1753 2816 1790 :
2851 1757 2878 1784 ‹‹
2904 1735 3158 1792 Crescite
3178 1741 3235 1790 et
3259 1734 3787 1807 multiplicamini:
3816 1761 3844 1788 ι»

2193 1808 2294 1863 sed
2323 1808 2547 1878 primas
2597 1807 2982 1879 impulsiones
3011 1811 3070 1861 et
3101 1810 3295 1879 motus
3325 1824 3392 1879 ex
3423 1809 3857 1879 generatione,

2196 1895 2298 1947 per
2324 1877 2476 1950 quos
2508 1877 2699 1933 Deum’
2721 1878 3295 1950 uongcognoscimus,
3319 1877 3854 1950 dicit’impietates.

2195 1950 2253 2021 Si
2276 1948 2406 2020 quis
2429 1961 2621 2004 autem
2648 1965 2717 2004 ea
2739 1949 2961 2005 ratione
2982 1948 3123 2003 dicit
3143 1949 3354 2004 malam
3377 1948 3854 2021 generationem,

2195 2020 2296 2076 illa
2325 2022 2496 2075 etiam
2531 2022 2759 2076 ratione
2789 2022 2962 2094 dicat
3009 2021 3220 2094 bonam
3263 2029 3560 2094 quatenus
3610 2022 3838 2094 riniipso

2195 2094 2498 2147 veritatem
2530 2092 2961 2162 cognoscimus.
2995 2113 3023 2140 «
3089 2093 3168 2145 Ex
3197 2091 3304 2147 hoc
3335 2093 3655 2148 Clementis
3688 2091 3852 2161 loco,

2197 2179 2370 2234 quem
2405 2179 2476 2247 ne
2496 2163 2634 2245 quid
2659 2162 3068 2247 dissimulasse
3085 2163 3740 2247 videamurhintegrum
3767 2183 3859 2247 rc-

2240 2235 2696 2300 rasentavimus,
2717 2235 2958 2303 quidam
2990 2239 3248 2303 arguunt
3275 2235 3760 2291 eruditissimum
3792 2236 3855 2291 il-

2220 2322 2317 2360 um
2367 2306 2554 2360 virum
2587 2306 2915 2376 autglabem
2947 2305 3164 2376 peccati
3194 2305 3500 2376 originalis
3523 2307 3702 2376 plane
3751 2325 3849 2363 ne-

2195 2325 2317 2360 ium
2367 2325 2554 2360 Virum
2587 2325 2688 2360 aut
2728 2325 2915 2360 labem
2947 2325 3164 2374 peccati
3194 2325 3500 2361 οτινιιιειιιε
3523 2325 3702 2376 plane
3751 2325 3849 2363 ne-

2194 2376 2449 2447 gavisse,
2482 2383 2583 2431 aut
2637 2374 2948 2450 saltemgad
2987 2374 3191 2450 illam,
3246 2325 3344 2432 ubi
3391 2378 3648 2450 maxime
3701 2395 3851 2450 opus

2192 2453 2318 2520 erat
2348 2464 2718 2520 nequaquam
2769 2447 3273 2520 animadvertisse,
3307 2447 3652 2520 nullamque
3687 2447 3850 2505 illius

2194 2519 2402 2574 fecisse
2425 2517 2776 2574 mentionem
2804 2517 3014 2590 Nonne
3053 2519 3233 2584 enim,
3257 2517 3570 2590 inquiunt.—
3588 2537 3849 2590 puerum

2195 2604 2398 2645 recens
2438 2594 2644 2645 natum
2673 2591 2746 2646 ab
2781 2589 2880 2645 illa
2909 2590 3142 2660 penitus
3171 2589 3533 2654 eximit,cum
3557 2589 3678 2647 ait:
3705 2616 3733 2642 «ι
3762 2593 3855 2648 Di-

2194 2665 2329 2716 cant
2357 2677 2494 2732 ergo
2525 2660 2713 2729 nobis,
2747 2663 2846 2716 ubi
2879 2662 3201 2716 fornicatus
3237 2670 3328 2717 est
3376 2662 3575 2718 infans
3621 2663 3849 2719 natus?

2193 2732 2284 2806 vel
2305 2733 2608 2806 quomodo
2639 2739 2749 2787 sub
2779 2733 2924 2806 Adae
2945 2732 3154 2806 cecidit
3194 2733 3693 2806 exsecrationem,
3750 2735 3848 2806 qui

2195 2803 2342 2858 nihil
2370 2813 2458 2859 est
2483 2808 2802 2875 operatus?
2836 2827 2856 2852 ι
2897 2804 3144 2859 Putabat
3191 2804 3370 2875 igitur
3415 2807 3692 2860 Clemens
3742 2803 3850 2862 sub

2195 2876 2652 2931 exsecrationem
2687 2875 3134 2947 Admrcecidisse
3175 2876 3498 2940 neminem,
3547 2876 3663 2932 nisi
3702 2886 3851 2947 post-

2195 2962 2374 3015 quam
2407 2946 2657 3014 aliquid,
2682 2945 2949 3001 videlicet
2981 2945 3140 3006 mali.
3163 2951 3438 3017 operatus
3457 2945 3736 3011 est.0uid
3767 2966 3852 3006 ve-

475 3084 486 3096 .
518 3013 836 3108 Utriujsque'
849 3019 1172 3100 remedium
1197 3013 1412 3108 ibidem
1437 3015 1720 3108 assignat,
1738 3013 2084 3108 egignqran-

2200 3013 2259 3072 ro
2290 3018 2443 3088 quod
2475 3013 3036 3108 Jeremiaanvernaili
3059 3040 3086 3067 «
3116 3013 3620 3108 Enecranda'dies.
3653 3019 3714 3074 in
3739 3037 3854 3092 qua

443 3088 536 3164 tias
557 3088 794 3157 quidem
811 3089 1205 3164 cognitionem
1227 3088 1668 3164 evidentemque
1686 3088 2086 3164 ex_Scripturis
2117 3088 2159 3134 ἴ*
2206 3095 2377 3144 natus
2405 3105 2536 3164 sum
2559 3108 2572 3155 ;
2592 3095 2704 3164 ‘»_c_t
2726 3090 3036 3164 Qavidis‘"
3060 3106 3074 3144 :
3095 3110 3127 3164 _«
3167 3092 3227 3144 In
3251 3092 3501 3164 peccatis
3519 3088 3852 3164 conceptus

444 3152 1040 3224 demonstrationem;
1092 3157 1449 3230 infirmitatis
1478 3152 1610 3213 vero
1639 3155 1775 3230 narycii
1804 3152 1965 3230 λόγον
1999 3174 2096 3230 ex-

460 3244 627 3283 exerc
642 3230 652 3281 i
667 3231 1101 3301 lationem,quas
1115 3248 1148 3287 a
1164 3229 1278 3286 ﬁde
1289 3235 1345 3286 et
1360 3223 1952 3301 timoremaiSaymy'ou
1963 3228 2096 3298 μένη

446 3297 781 3355 instituitur
837 3308 895 3356 et
951 3297 1211 3357 docetur.
1258 3301 1384 3356 Alio
1432 3304 1626 3355 autem
1660 3301 1718 3354 in
1762 3297 1911 3355 libro
1938 3301 1978 3335 ¹⁰
2013 3302 2100 3357 his

444 3369 676 3444 duobus
706 3371 820 3444 alia
850 3373 1041 3428 adhuc
1071 3373 1302 3428 addidit
1356 3371 1621 3426 remedia
1652 3388 1665 3426 :
1701 3393 1728 3420 «
1763 3371 2099 3444 Eleemosy-

445 3439 562 3501 nis,
643 3440 857 3515 in_quit,
897 3451 978 3515 et
1025 3445 1140 3500 ﬁde
1205 3448 1528 3515 purgantur
1577 3451 1837 3515 peccata;
1879 3439 2100 3515 timore

457 3517 652 3584 autem
687 3512 909 3567 Domini
956 3511 1266 3584 quilibet'a
1296 3511 1450 3569 malo
1498 3511 1774 3568 declinat.
1807 3535 1834 3562 ν
1870 3513 1981 3568 Sed
2031 3516 2102 3570 de

446 3581 563 3656 lida
595 3588 653 3637 et
688 3585 913 3656 timore,
944 3581 1002 3642 et
1028 3586 1159 3644 aliis
1190 3591 1564 3656 peccatorum
1595 3584 1866 3639 remediis
1899 3591 2099 3656 postea

449 3652 914 3722 disputabimus.

519 3723 690 3781 Juvat
723 3727 956 3783 interim
988 3745 1120 3784 cum
1153 3728 1356 3784 eodem
1381 3724 1680 3783 Clemente
1728 3729 1927 3782 nostro
1972 3727 2100 3782 ani-

454 3797 814 3870 madvertere
866 3807 1191 3870 peccatum,
1222 3799 1332 3854 etsi
1361 3816 1393 3852 a
1422 3797 1582 3870 vitio,
1616 3795 1798 3870 κακίᾳ,
1847 3799 2099 3870 profluat

450 3865 523 3940 ab
551 3866 647 3940 i_l_l_o
683 3865 883 3940 tamen.
906 3870 1059 3925 sicut
1091 3865 1403 3940 ah'ell'ectu
1437 3865 1945 3940 distinguiaKx'xia
1977 3869 2094 3940 μὲν,

452 3934 534 4014 ita
563 3935 662 4014 ille
709 3937 1170 4014 lp_quitqr“,_8_n’
1211 3937 1457 4014 ἅγνᾳιαν,
1489 3939 1550 3993 οὐ
1585 3934 1694 4014 μῇν
1727 3937 1934 4014 ἅγνφιαο
1971 3934 2098 4014 ἱ)γύδὲ

449 4004 648 4083 vitam
675 4004 842 4083 πάθῄ,
876 4004 999 4063 οὔτε
1028 4004 1100 4083 ea;
1125 4004 1341 4083 ἆμαρτή
1355 4031 1496 4081 ματα
1525 4004 1731 4076 adiciat,
1756 4004 1846 4064 icit
1876 4031 1961 4066 τοι
1992 4011 2098 4065 ἆπὸ

446 4074 635 4152 ἠώς-(ας
665 4074 952 4152 φερόμενα.
983 4102 1010 4129 ε(
1041 4074 1256 4136 Vitiimi
1289 4074 1526 4151 qiiidem
1558 4087 1647 4136 est
1683 4074 1915 4152 propter
1942 4084 2096 4146 igno-

449 4147 759 4211 rationem.
797 4169 907 4206 non
943 4156 1133 4207 tamen
1167 4147 1486 4222 ignoratio;
1521 4147 1710 4221 neque
1740 4147 1896 4207 enim
1927 4154 2094 4209 atfec-

449 4223 836 4346 :u‘aﬁioncq’ne
894 4228 1130 4292 peccata
1185 4221 1326 4279 sunt
1383 4221 1562 4291 vitia,
1621 4223 1730 4278 etsi
1780 4225 2096 4294 procedant

2205 3176 2361 3232 sum,
2387 3183 2414 3210 ››
2438 3160 2691 3215 mirabili
2711 3159 2881 3230 plane
2897 3176 3069 3215 sensu
3092 3159 3460 3232 interpretari
3484 3159 3747 3230 videtur}
3771 3163 3850 3218 ita

2205 3236 2271 3285 ut
2298 3231 2355 3286 in
2382 3232 2633 3302 peccatis
2668 3232 2920 3304 concipi,
2956 3248 3071 3287 non
3093 3236 3171 3286 sit
3192 3231 3424 3302 oencipi
3451 3234 3509 3289 in
3535 3240 3845 3304 parentum

2202 3309 2462 3427 peccato,
2488 3303 2642 3374 quod
2663 3303 2722 3357 in
2744 3302 2962 3387 liberos
2983 3304 3456 3386 transfundatur,
3479 3302 3581 3360 sed
3616 3305 3674 3358 in
3704 3306 3848 3376 ipsis

2247 3390 2509 3427 ominum
2534 3382 2897 3427 peccantium
2940 3379 3106 3427 lactis
3128 3381 3185 3427 et
3207 3375 3458 3427 actibus.
3486 3382 3676 3427 Atque
3708 3377 3848 3427 hanc

2247 3375 2509 3428 ominum
2534 3374 2897 3444 peccantium
2940 3375 3106 3429 factis
3128 3381 3185 3428 et
3207 3375 3458 3430 actibus.
3486 3382 3676 3444 Atque
3708 3374 3858 3431 hanc

2203 3461 2317 3499 non
2349 3445 2519 3500 modo
2549 3445 2910 3507 heterodoxi,
2933 3446 3031 3500 sed
3070 3446 3308 3515 quidam
3347 3447 3527 3501 etiam
3567 3446 3851 3503 catholici

2203 3515 2470 3570 homines
2500 3516 2862 3571 contendunt
2880 3533 3009 3572 esse
3026 3532 3221 3571 veram
3241 3517 3505 3587 quidem.
3529 3519 3633 3572 sed
3656 3519 3852 3573 minus

2203 3587 2592 3659 orthodoxam
2611 3587 2927 3659 Clementis
2965 3588 3151 3643 nostri
3201 3589 3270 3643 de
3294 3588 3516 3659 peccati
3544 3589 3852 3657 originalis

2201 3657 2932 3731 labe_opinionem.Eorum
2961 3675 3127 3731 porro
3151 3657 3405 3715 ratione
3428 3671 3484 3716 et
3501 3668 3853 3731 argumenta

2203 3729 2284 3784 ila
2304 3729 2528 3801 sincere
2545 3737 2602 3784 et
2623 3729 2871 3801 candide
2892 3747 2925 3784 a
2947 3730 3116 3785 nobis
3155 3731 3450 3801 praposita
3487 3729 3654 3796 sunt,
3677 3740 3741 3786 ut
3762 3748 3853 3787 eo-

2203 3817 2332 3855 rum
2384 3800 2606 3874 viribus
2646 3799 2869 3874 aliquid
2903 3802 3098 3874 potius
3127 3799 3418 3874 additum,
3461 3818 3643 3873 quam
3678 3803 3852 3874 quid-

2204 3888 2380 3942 quam
2416 3870 2584 3942 plane
2621 3870 2987 3927 subtractum
3017 3872 3206 3928 fuerit.

2272 3945 2342 3996 At
2374 3941 2714 4012 priusquam
2752 3942 2893 4013 quid
2917 3943 2976 3998 in
3000 3943 3072 3998 iis
3091 3943 3208 3999 veri
3229 3941 3308 3998 sit
3329 3946 3431 3999 aut
3453 3941 3584 3999 falsi
3607 3944 3854 3999 demon-

2203 4018 2481 4077 stremus,
2515 4021 2692 4082 atque
2721 4015 2974 4070 auctoris
3001 4016 3184 4070 nostri
3225 4030 3394 4070 mens
3422 4020 3479 4069 et
3508 4031 3728 4071 sensus
3762 4017 3853 4070 fa-

2202 4084 2374 4139 cilius
2424 4083 2671 4154 intelligi
2721 4085 2923 4153 possit,
2977 4085 3181 4141 sedulo
3251 4085 3853 4142 animadvertendum

2202 4161 2288 4210 est
2318 4155 2486 4210 illum
2519 4155 2597 4227 ibi
2629 4157 2931 4224 disputare
2951 4163 3158 4213 contra
3187 4158 3476 4227 quosdam
3509 4157 3847 4220 haereticos,

2202 4231 2377 4296 atque
2407 4227 2465 4281 in
2501 4226 2704 4296 primis
2721 4229 3088 4298 Cassianum,
3111 4226 3219 4296 qui
3258 4233 3316 4282 et
3348 4227 3590 4298 nuptias
3632 4229 3855 4285 diaboli

2201 4298 2525 4369 inventum,
2548 4303 2604 4352 et
2624 4300 3082 4368 generationem,
3102 4299 3221 4355 sive
3239 4301 3573 4369 quemlibet
3589 4300 3698 4354 viri
3720 4317 3856 4355 cum

519 4360 795 4460 Denicu‘c.
815 4364 1022 4420 vitium
1048 4381 1081 4419 a
1110 4365 1404 4460 CleJmente
1436 4367 1635 4419 nostro
1669 4362 1883 4460 dicitur
1905 4382 2012 4420 usu
2038 4370 2094 4422 et
2130 4397 2174 4460 Ι)
2208 4368 2426 4451 femina
2446 4360 3095 4460 concu'bitnmLmaluin:,
3130 4360 3412 4460 nefarium
3445 4375 3503 4424 et
3531 4370 3856 4454 scelestum

449 4437 876 4508 consuetudine
909 4438 1330 4508 propemodum
1366 4435 1780 4508 ingenerari”,
1814 4452 1926 4491 80«
1949 4455 2098 4508 gno-

449 4503 661 4579 sticum
697 4531 717 4557 ι
754 4524 856 4563 seu
892 4503 1217 4579 perfectum
1269 4503 1674 4563 Christianum
1718 4510 1913 4579 probe
1951 4503 2106 4564 scire

452 4577 699 4655 {solum
748 4577 955 4655 vitium
1007 4597 1136 4655 esse
1191 4579 1525 4655 inimicum,
1554 4583 1611 4634 et
1640 4578 1879 4635 exitium
1901 4581 2106 4636 aﬂerre

450 4649 525 4702 iis
558 4649 653 4719 qui
688 4651 1006 4720 proﬁciunt
1035 4652 1107 4707 ad
1140 4651 1558 4722 cognitionem.
1592 4669 1619 4702 η

1012 4747 1424 4804 ARTICULUS
1460 4747 1544 4803 IV.

627 4836 710 4887 De
734 4838 957 4906 peccato
984 4835 1281 4907 originali,
1305 4836 1403 4962 rzbi
1431 4835 1606 4891 obiter
1632 4834 1697 4892 de
1724 4835 1928 4894 Adami

1159 4923 1319 4962 vacca
1345 4923 1395 4962 ο.

1159 4923 1395 4977 peccato.

519 4997 560 5050 I
573 4995 665 5074 8!
678 4998 1303 5074 QuamrecteClemens
1318 5004 1387 5057 de
1401 5003 1767 5074 singulorum
1792 5002 2099 5061 hominum

446 5069 907 5148 peccatissentit
936 5076 994 5125 et
1025 5073 1309 5148 disputat,
1335 5080 1453 5148 tam
1489 5069 1695 5148 parum
1735 5083 2006 5131 accurate
2027 5077 2099 5133 de

447 5139 1004 5218 originalhpeccato
1048 5139 1338 5218 omnibus
1379 5139 1722 5201 hominibus
1775 5149 2095 5213 communi,

434 5209 703 5265 sensisse
738 5209 1137 5268 insimulatur.
1171 5214 1442 5276 Quinimo
1499 5233 1611 5269 non
1659 5219 1872 5271 desunt
1903 5209 2094 5272 adhuc

435 5279 686 5402 quidam
721 5279 969 5350 hujusce
1001 5284 1188 5339 atatis
1221 5286 1558 5354 scriptores,
1605 5287 1706 5355 qui
1738 5285 1902 5342 illum
1931 5289 2093 5356 ejus—

480 5365 571 5402 em
611 5352 916 5402 originalis
941 5356 1158 5402 neccaii
1194 5356 1310 5402 vim
1339 5358 1580 5402 minime
1615 5356 1974 5402 intellexisse
2003 5376 2093 5402 nn-

480 5365 571 5405 em
611 5352 916 5422 originalis
940 5356 1160 5425 peccati
1194 5356 1310 5411 vim
1338 5352 1580 5412 minime
1614 5352 1977 5413 intellexisse
2003 5376 2095 5416 ac-

435 5427 667 5497 cusent.
724 5427 929 5497 Utrum
961 5432 1155 5480 autem
1181 5426 1316 5496 jure
1349 5427 1432 5482 vel
1466 5427 1682 5497 injuria
1721 5427 1842 5482 hac
1873 5432 2089 5486 erroris

434 5491 665 5547 macula
720 5493 832 5566 ipsi
886 5491 1324 5568 inuraturfjam
1357 5499 1430 5553 ad
1460 5491 1883 5569 explorandum
1920 5501 2088 5558 nobis

507 5597 690 5678 ξιιμ,
725 5617 784 5672 p.
808 5603 930 5678 4‘87.
1043 5606 1065 5640 ο
1096 5603 1134 5659 l.
1162 5621 1267 5678 vu,
1297 5605 1422 5678 7617.
1542 5606 1585 5642 1°
1615 5603 1652 5660 l.
1687 5622 1752 5675 ιι,
1791 5623 1847 5676 p.
1895 5607 2020 5678 39l.

2132 5611 2173 5646 ¹¹
2205 5609 2242 5667 l.
2297 5629 2396 5679 vu,

2209 4440 2535 4512 esseimpie
2569 4441 2980 4510 praedicabant.
3013 4441 3080 4496 Hi
3121 4449 3315 4497 autem
3347 4442 3404 4496 in
3438 4443 3681 4512 pessimi
3704 4459 3859 4497 erro-

2215 4512 2296 4566 ris
2327 4511 2418 4566 sui
2449 4512 2848 4567 defensionem
2908 4512 3096 4568 tribus
3153 4513 3271 4568 illis
3297 4511 3586 4581 Jeremiaa,
3634 4513 3771 4568 Jobi
3800 4519 3858 4568 et

2217 4581 2436 4655 Davidii
2466 4583 2834 4655 testimoniis
2855 4583 3184 4651 abutentes,
3216 4589 3495 4655 quartum
3529 4584 3852 4649 addebant,

2215 4669 2304 4725 exn
2338 4652 2430 4708 his
2461 4653 2650 4722 quarti
2706 4653 2837 4709 libri
2896 4655 3098 4711 Esdraa
3147 4652 3483 4725 decerptum
3541 4655 3853 4710 verbis":

2214 4746 2241 4773 υ
2277 4723 2390 4796 Cur
2417 4725 2574 4779 enim
2608 4742 2722 4779 non
2745 4725 2855 4780 fuit
2877 4731 3074 4781 uterus
3096 4725 3302 4782 matris
3321 4723 3464 4781 ineas
3483 4726 3854 4796 sepulcrum.

2215 4811 2284 4868 ne
2317 4794 2572 4868 viderem
2603 4796 2980 4852 afﬂictionem
3015 4799 3194 4852 Jacob
3218 4801 3277 4853 et
3311 4794 3568 4868 laborem
3618 4798 3857 4868 generis

2213 4866 2482 4922 Israel?»
2504 4867 2893 4930 Quamobrem
2937 4868 3225 4936 Clemens,
3259 4876 3325 4923 ut
3351 4885 3419 4924 ex
3450 4866 3661 4924 iisdem
3694 4868 3859 4924 Scri-

2210 4937 2399 5018 pturis
2442 4939 2726 4993 intortum
2758 4941 2857 5018 _ab
2904 4938 3200 5018 aiat-clum
3230 4939 3857 5018 retundat,sic_c_ontra

2210 5009 2370 5077 ipsos
2401 5014 2885 5079 argumentatur:
2915 5032 2942 5060 ‹‹
2965 5009 3173 5066 Dicant
3217 5027 3351 5075 ergo
3394 5010 3564 5066 nobis
3594 5011 3694 5065 ubi
3729 5011 3855 5066 for-

2211 5082 2445 5152 nicatus
2471 5086 2559 5135 est
2589 5080 2784 5136 infans
2827 5086 3044 5152 gnatus?
3079 5083 3167 5136 vel
3217 5081 3510 5152 quomodo
3553 5082 3854 5152 sub‘Ade

2207 5150 2625 5206 execrationem
2657 5151 2884 5216 cecidit,
2927 5154 3026 5221 qui
3064 5152 3210 5207 nihil
3238 5150 3339 5208 'est
3389 5150 3706 5223 operatus?
3740 5152 3856 5208 Re-

2204 5227 2322 5294 stat
2351 5237 2487 5290 ergo
2517 5223 2622 5285 eis,
2649 5229 2714 5277 ut
2739 5223 2987 5294 videtur,
3019 5240 3386 5294 consequens
3419 5229 3485 5279 ut
3511 5224 3708 5279 dicant
3725 5241 3850 5279 ma-

2202 5292 2317 5347 lam
2362 5309 2491 5348 esse
2546 5293 3004 5361 generationem,
3057 5312 3172 5350 non
3205 5292 3394 5351 solum
3427 5310 3556 5350 eam
3587 5310 3720 5364 quas
3763 5299 3857 5350 est

2199 5365 2481 5433 corporis,
2515 5365 2610 5436 sed
2641 5365 2818 5420 etiam
2838 5381 2967 5436 quae
2986 5371 3077 5421 est
3101 5365 3332 5422 animai.
3368 5387 3396 5415 ››
3449 5367 3575 5430 Qua
3605 5366 3852 5435 quidem

2198 5435 2709 5509 argumentatione
2738 5435 3117 5509 manifestum
3148 5438 3268 5509 ipse
3305 5436 3444 5509 facit
3465 5436 3558 5492 his
3598 5435 3854 5509 rationi-

2197 5503 2307 5560 bus
2326 5510 2383 5561 et
2400 5507 2712 5577 Scriptura:
2736 5507 3114 5572 testimoniis,
3155 5503 3375 5580 quibus
3423 5507 3688 5564 haretici
3723 5524 3859 5580 pro-

2431 5613 2638 5684 p.738.
2673 5685 2680 5686 ί
2754 5615 2799 5650 η
2829 5614 2997 5680 ibid.,
3030 5631 3085 5686 p.
3117 5615 3244 5670 709.
3357 5615 3400 5651 ιι
3429 5613 3690 5686 ίδίάηίρ.
3723 5614 3854 5671 757-

510 5668 559 5756 ’ξ
583 5668 801 5756 δέεοῶο
835 5674 874 5730 Ῑ·
910 5692 986 5748 ιν,
1020 5693 1078 5749 Ρ·
1111 5668 1265 5735 468.’
1315 5678 1359 5713 ¹⁶
1394 5677 1540 5734 Psal.
1577 5694 1627 5744 L,
1658 5668 1747 5736 7."
1791 5668 1837 5714 ³⁸
1868 5677 2040 5736 Mich.
2075 5697 2085 5720 π

2200 5682 2238 5738 7.
2317 5668 2747 5754 ιτζιὸτ.η;44.
2831 5668 3085 5743 mea.
3127 5668 3263 5756 ne.
3341 5668 3853 5756 "Etidrflfiﬂc-

437 5737 494 5812 5,
525 5755 580 5812 ν,
612 5740 702 5799 35.
