4130 6194
469 191 611 245 1147

1121 263 1126 272 ν
1175 182 1258 253 IN
1294 198 1743 253 CLEMENTEM
1781 198 1995 252 ALEX.
2035 200 2103 251 ι).
2145 198 2237 252 LE
2274 198 2574 254 NOURRY
2614 197 3085 253 DISSERTATIO
3121 198 3193 249 II.

3740 198 3885 254 1148

469 323 668 396 mento
700 319 917 396 utitur?
946 321 1050 396 His
1082 321 1402 394 ipsissimis
1427 323 1688 396 Aposteli
1711 321 1903 378 verbis
1923 323 1991 376 23:
2017 325 2118 376 «Et
2145 330 2200 396 Α
2231 325 2426 378 catum
2460 335 2674 394 negare
2700 321 2952 396 videtur,
2983 322 3218 396 quando
3238 321 3335 396 sic
3363 319 3629 395 disputat
3651 325 3718 378 ’τε
3741 325 3889 382 «Job

470 390 599 465 ideo
621 390 1122 465 quemadmodum
1148 412 1250 465 per
1278 410 1460 449 unum
1477 390 1782 449 hominem
1807 399 2115 465 peccatum

470 461 807 537 ingressum
841 469 928 518 est
954 464 1012 518 in
1046 461 1360 537 mundum,
1405 482 1508 536 per
1541 461 1845 537 peccatum
1885 481 2117 537 quoque

470 551 632 613 mors
680 535 751 589 ad
789 551 1016 613 .omnes
1073 536 1342 591 homines
1391 535 1662 608 pervasit,
1722 535 1802 613 ἐφ’
1833 535 2115 607 ᾧίπάνῖεες

471 605 748 678 ἥμαρτον,
787 605 844 660 ἱη
880 623 996 678 quo
1027 623 1234 662 omnes
1264 605 1671 678 peccaverunt.
1698 632 1724 657 ››

549 679 672 742 Quo
705 682 900 734 autem
935 679 1108 734 modo
1138 696 1344 735 omnes
1387 680 1444 734 in
1476 681 1698 734 Adamo
1729 679 2116 750 peccaverint,

475 750 562 806 sic
596 750 718 821 ipse
751 754 950 822 postea
983 750 1155 822 haud,
1182 751 1395 806 obcure
1426 750 1710 822 explicare
1742 751 1986 820 videtur,
2020 750 2121 805 ubi

473 822 626 878 hanc
657 838 760 876 cur
790 821 972 876 Filius
1000 821 1099 876 Dei
1146 821 1321 877 homo
1354 821 1538 877 factus
1571 822 1668 887 sit,
1705 823 1896 878 reddit
1935 822 2120 878 ratio-

477 910 646 948 nem:
684 892 950 947 «Certum
985 899 1092 961 est,
1128 893 1321 964 inquit
1344 895 1409 961 2‘,
1435 893 1745 948 Dominum
1780 910 2012 964 quoque
2033 909 2124 948 ve-

478 966 752 1021 nisse.....
804 965 874 1018 ad
927 981 1025 1020 eos
1075 964 1466 1036 quisensibus
1511 981 1612 1020 seu
1672 965 2123 1033 cogitationibus

479 1039 910 1102 aberraverant,
944 1038 1014 1090 ad
1041 1053 1168 1104 nos,
1200 1038 1463 1108 inquam,
1491 1037 1646 1092 venit
1667 1038 1936 1108 Servator
1959 1053 1972 1103 ;
1997 1052 2124 1106 quae

480 1109 722 1180 quidem
758 1123 822 1162 ex
858 1113 1059 1163 nostra
1088 1109 1146 1162 in
1182 1107 1485 1180 praeceptis
1517 1107 1912 1163 inobedientia
1932 1124 2126 1164 corruo

482 1179 580 1252 pta
613 1181 772 1246 sunt,
806 1180 946 1252 dum
971 1179 1150 1234 nimis
1175 1179 1341 1252 avide
1365 1179 1720 1251 voluptatem
1754 1194 2127 1250 persequere-

482 1251 636 1318 inur,
656 1266 789 1305 cum
811 1251 1056 1306 forsitan
1074 1251 1467 1323 protoplastus
1487 1255 1684 1306 noster
1710 1255 1946 1323 tempus
1988 1267 2127 1322 pras-

480 1323 759 1390 venisset,
819 1327 876 1377 et
905 1339 1020 1378 non
1049 1324 1104 1376 in
1139 1322 1398 1392 tempore
1434 1322 1818 1392 ,matrimonii
1875 1325 2123 1392 gratiam

481 1395 802 1467 appetisset
833 1391 1276 1467 etaberrasset.
1307 1416 1327 1441 ιο
1387 1391 1480 1467 Εἲς
1505 1391 1636 1467 froch
1669 1391 2126 1467 πεπλαγῃμένους

479 1460 843 1540 τὰᾯοήμαῖα,
878 1464 954 1540 si;
982 1467 1152 1538 ἡμᾶς,
1187 1465 1215 1518 ὁ
1249 1465 1444 1540 Σωτὴρ
1495 1461 1799 1540 ᾀφίκετοοαᾶ
1831 1460 2002 1540 ᾳδήπέξι
2028 1467 2128 1528 τῆς

473 1540 610 1593 κατὰ
640 1531 1341 1610 ’ἐᾶςγὲνῖεολᾶςήπαρακοῆς
1393 1531 1623 1610 ἔφίθάρη,
1672 1531 2129 1610 -φιληδονλούντων

480 1613 666 1682 ἡμῶν,
697 1609 842 1698 ’ἰάχει
869 1629 974 1662 που
1031 1607 1604 1698 ⁴(τερο-λςειιτζξᾶντος’ἡμῶν
1633 1607 1748 1696 =59,
1779 1607 1968 1696 xarpov'
2024 1611 2125 1661 τοῦ

478 1678 942 1756 πρωτοπλάὀτουρ
971 1680 1057 1756 ita}.
1077 1678 1197 1751 ’πρὸ
1233 1679 1376 1756 ᾥρας
1405 1678 1504 1756 τῆς
1534 1682 1641 1756 τοῦΔ
1685 1678 2127 1756 γάμουᾲχάριτος

486 1748 1404 1827 ὀῤεῦἑναςοςῃκπιὶνδιαμάρτόίτος.
1436 1752 1586 1807 Dicit
1628 1748 1826 1827 itaque
1857 1748 2126 1827 Clemens

484 1823 1021 1883 n'os'inobedientia
1049 1823 1410 1880 aberravisse
1459 1827 1518 1878 et
1541 1823 1890 1895 peccavisse,
1945 1824 2127 1880 nimis

483 1897 651 1954 avide
680 1895 1037 1966 voluptatem
1072 1905 1187 1951 tum
1224 1896 1646 1967 persequendo,
1679 1911 1809 1950 cum
1840 1899 1974 1951 ante
2003 1900 2127 1952 sta—

485 1977 611 2026 tum
644 1973 878 2040 tempus
905 1973 961 2022 et
993 1968 1196 2022 horam
1223 1966 1622 2040 protOplastus
1651 1972 1849 2040 noster
1877 1968 2127 2035 gratiam

485 2038 848 2098 matrimonii
921 2038 1262 2111 appetisset,
1304 2044 1481 2164 atque
1512 2038 2128 2122 idcircooaberrasset.

561 2113 984 2164 Advertentum
1031 2128 1202 2164 norro
1232 2115 1321 2164 est
1349 2111 1390 2164 C
1420 2114 1708 2164 ementem
1749 2111 1829 2164 lbl
1859 2111 2128 2164 consulto

561 2109 1202 2182 Advertentum'porro
1232 2115 1321 2166 est
1349 2109 1708 2165 Clementem
1749 2109 1829 2166 ibi
1859 2111 2131 2167 consulto

491 2183 790 2241 addidisse
845 2181 988 2256 τάχα
1017 2181 1144 2248 eo»,
1179 2182 1287 2256 hoc
1343 2182 1726 2256 estforsitan,
1761 2203 1789 2232 ››
1825 2197 1942 2252 qua
1997 2182 2128 2253 qui-

490 2258 620 2312 dem
653 2271 792 2311 voce
825 2252 1025 2310 utrum
1049 2269 1246 2309 revera
1274 2253 1382 2308 hoc
1405 2252 1485 2308 sit
1513 2254 1648 2308 Adae
1670 2259 1992 2324 peccatum,
2017 2252 2133 2324 quo

489 2327 769 2398 conjugii,
801 2330 858 2380 et
886 2342 1020 2381 cum
1060 2327 1175 2380 Eva
1205 2327 1454 2398 conjuge
1475 2341 1584 2379 sua
1606 2327 1893 2398 statutum
1917 2342 2134 2382 concu-

490 2397 645 2455 bitus
682 2404 912 2468 tempus
964 2397 1343 2469 praeverterit,
1377 2397 1764 2469 nonromnino
1795 2400 2020 2469 certum
2070 2413 2133 2452 se

493 2487 623 2528 esse
643 2467 979 2526 conﬁtetur;
997 2473 1065 2523 Et
1085 2484 1227 2524 sane
1247 2468 1397 2524 hanc
1417 2468 1752 2540 opinionem
1775 2467 2134 2538 quibusdam

492 2548 746 2609 tantum,
773 2541 985 2612 iisque,
1010 2543 1095 2596 uti
1117 2540 1366 2607 videtur,
1392 2539 2138 2612 haereticisattribuit.’Qua

493 2614 731 2687 quidem
746 2630 850 2669 nec
866 2611 1080 2687 rejects.
1092 2613 1503 2687 necAadmissa,
1532 2611 1690 2687 mani
1700 2612 1913 2687 festum
1928 2611 2136 2684 utique

494 2683 636 2743 facit
661 2702 730 2740 ex
758 2701 826 2741 ea
855 2683 936 2740 ab
963 2684 1171 2756 iisdem
1204 2683 1489 2740 haereticis
1520 2684 1793 2756 concludi
1824 2701 1937 2738 non
1963 2683 2136 2756 posse

495 2758 721 2838 malam
738 2771 877 2838 esse
908 2755 1345 2838 generationem
1365 2773 1451 2838 λε(
1481 2760 1539 2837 et
1585 2755 1658 2821 εἰ,
1690 2755 1883 2838 ἱξιθμίῐ
1905 2755 1979 2838 ²,⁸,ζ
2002 2771 2136 2810 cum

493 2847 560 2886 ex
597 2828 784 2885 brutis
836 2825 1234 2884 animantibus
1265 2827 1532 2883 insidiosi
1575 2825 1804 2882 consilii
1851 2825 2136 2882 rationem

501 2901 752 2973 cepisset
781 2900 934 2955 183
967 2915 1210 2973 serpens
1239 2903 1298 2954 et
1325 2899 1737 2973 persuasisset,
1768 2899 1925 2954 dicat
1951 2899 2137 2973 Adam

501 2970 813 3030 assensum
841 2987 971 3027 esse
1001 2987 1133 3026 cum
1157 2972 1274 3026 Eva
1303 2970 1725 3040 conjunctioni,
1749 2986 1960 3041 nempe
1982 2970 2136 3041 quod

2229 399 2426 450 autem
2453 395 2651 465 justus
2677 395 2864 466 :Ipse,
2888 395 3105 466 inquit,
3134 394 3331 466 nudus
3355 394 3628 466 egressus
3652 413 3789 454 sum
3815 414 3889 454 ex

2224 470 2391 522 utero
2440 466 2649 522 matris
2679 465 2842 534 meae,
2873 470 2930 520 et
2973 465 3188 522 nudus
3219 465 3360 522 illuc
3397 465 3663 523 revertar
3698 487 3712 536 ;
3767 486 3886 526 non

2223 538 2418 592 nudus
2448 555 2480 592 a
2504 537 3004 608 possessionibus,
3040 537 3154 610 hoc
3174 537 3329 592 enim
3353 543 3443 592 est
3471 544 3528 594 et
3551 556 3806 610 parvum
3830 548 3889 597 et

2223 625 2554 684 commune,
2573 612 2678 684 sed
2708 610 2980 684 utjustus
2997 609 3214 684 recedit
3239 611 3476 684 nudusa
3503 609 3643 666 vitio
3669 618 3730 666 et
3758 629 3890 684 pec-

2223 688 2372 749 cato,
2403 684 2460 756 et
2487 682 2561 756 ab
2589 680 2827 756 informi
2860 679 3202 750 simulacro,
3236 682 3387 756 quod
3417 697 3521 756 eos
3551 679 3887 756 consequi-

2223 757 2319 807 tur
2351 752 2451 823 qui
2483 752 2698 826 injuste
2727 751 3018 826 vixerunt.
3051 757 3171 826 Hoc
3221 753 3376 826 enim
3409 753 3537 826 fuit,
3572 756 3730 826 quod
3758 751 3884 810 ’όί-

2225 824 2696 898 ctum_est:_Nisi
2752 823 3019 879 conversi
3049 823 3235 898 effecti
3284 824 3514 898 fueritis
3570 823 3636 881 ut
3666 828 3878 898 puelli,

2227 896 2433 967 mundi
2467 895 2928 967 quidemrcarne,
2946 895 3131 950 sancti
3157 911 3288 950 vero
3317 896 3534 961 anima,
3564 895 3882 967 per‘absti-
3924 899 3933 906 ’

2227 965 2489 1039 nentiam
2522 966 3088 1039 armalisoperibus,
3121 967 3439 1039 ostendens
3465 965 3620 1039 quad
3659 986 3771 1026 nos
3793 977 3886 1026 ta-

2228 1037 2310 1113 les
2330 1054 2458 1093 esse
2480 1038 2623 1113 vult.
2645 1037 2848 1110 quales
2872 1037 3047 1113 etiam
3069 1038 3272 1109 genuit
3291 1055 3361 1113 ex
3382 1037 3628 1095 matrice
3653 1058 3884 1113 aqua.»

2226 1109 2446 1185 Verum
2479 1109 2894 1185 quid,quze_so,
2929 1109 3007 1185 ib_i
3036 1116 3234 1185 contra
3264 1110 3557 1185 sinceram
3591 1114 3665 1167 de
3697 1109 3884 1185 origi-

2230 1181 2321 1254 nis
2354 1186 2586 1250 peccato
2619 1181 2947 1236 doctrinam
2971 1181 2998 1236 ?
3018 1181 3294 1254 Clemens
3325 1181 3540 1254 etenim
3569 1181 3886 1254 postquam

2230 1253 2301 1326 de
2325 1254 2578 1326 perfecta
2608 1252 3071 1326 peccatorumjn
3101 1276 3132 1326 _«
3167 1253 3486 1326 gnosticor
3535 1252 3890 1326 purgatione

2230 1324 2634 1390 disseruisset,
2679 1340 2747 1378 ex
2778 1325 2952 1378 citato
2983 1323 3114 1380 Jobi
3157 1323 3492 1381 testimonio
3526 1323 3701 1383 docét
3749 1344 3888 1384 eum

2233 1412 2265 1451 a
2295 1395 2435 1450 vitio
2465 1400 2522 1451 et
2548 1400 2783 1466 peccato
2816 1395 3137 1467 praesertim
3168 1395 3513 1453 idololatriae
3541 1415 3802 1454 vacuum
3836 1405 3892 1455 et

2233 1467 2522 1522 mundum
2541 1484 2610 1523 ex
2632 1467 2976 1542 h‘ocmuudo
2996 1467 3194 1542 egredi
3209 1468 3439 1536 debere,
3460 1473 3525 1524 ut
3541 1469 3602 1524 in
3623 1471 3890 1542 requiem

2231 1545 2286 1594 et
2317 1544 2593 1594 aeternam
2639 1538 2992 1611 felicitatem
3024 1538 3278 1611 septimo
3309 1549 3364 1595 et
3393 1545 3597 1597 octavo
3633 1538 3885 1600 nu'mero

2232 1611 2600 1681 designatam
2634 1609 3021 1682 ingrediatur.

2308 1682 2481 1737 Recte
2511 1681 2773 1753 quidem,
2802 1682 3054 1754 inquies.
3090 1681 3269 1753 Atqui
3299 1681 3570 1754 Clemens
3602 1683 3753 1740 dicit
3784 1684 3890 1741 bo-

2238 1753 2458 1808 minem
2491 1768 2558 1808 ex
2587 1758 2750 1809 utero
2785 1753 2988 1810 matris
3019 1771 3140 1810 suae
3169 1755 3253 1809 ita
3281 1753 3457 1821 exire,
3491 1755 3646 1810 sicut
3677 1772 3751 1812 ex
3783 1756 3892 1814 hoc

2237 1826 2458 1881 mundo
2487 1825 2614 1897 vitii
2641 1829 2698 1880 et
2720 1825 2957 1897 peccati,
2980 1842 3185 1897 expers
3214 1830 3271 1882 et
3293 1825 3579 1883 immunis
3609 1828 3771 1884 exire
3794 1829 3889 1884 de-

2234 1897 2353 1953 bet.
2392 1895 2625 1952 Nullam
2658 1913 2795 1969 ergo
2826 1895 3296 1969 agnbvitpeccati
3322 1897 3627 1969 originalis
3667 1899 3884 1954 labem.

2308 1969 2418 2023 Sed
2452 1969 2740 2034 animum,
2772 1969 3036 2038 obsecro,
3068 1969 3335 2024 advertas
3368 1969 3738 2026 Clementem
3769 1971 3882 2025 ibi-

2237 2040 2372 2096 dem
2405 2056 2472 2094 ex
2501 2040 2716 2095 Christi
2748 2039 3017 2110 colligere
3049 2041 3244 2096 verbis
3271 2041 3464 2111 ipsum
3497 2040 3648 2096 velle
3682 2047 3752 2097 ut
3783 2059 3886 2098 nos

2239 2128 2307 2166 ex
2330 2112 2434 2167 hoc
2454 2111 2674 2185 mundo
2688 2118 2986 2185 exeuntes,
3009 2111 3197 2168 simus
3220 2113 3414 2185 reipsa
3430 2112 3604 2185 tales,
3631 2136 3660 2162 (ι
3685 2114 3888 2185 quales

2237 2184 2414 2257 etiam
2446 2183 2650 2257 genuit
2679 2199 2747 2257 ei;
2771 2183 3007 2240 matrice
3039 2201 3279 2257 aquas,»
3311 2180 3460 2244 ὸῖὀυς
3492 2182 3583 2257 καὶ
3627 2180 3890 2257 γεῆοέννη-

2237 2272 2324 2328 κεν
2358 2252 2417 2308 ἐκ
2449 2251 2662 2326 {uirgae
2681 2251 2900 2328 ὕδᾳτος,
2933 2251 3357 2328 εαοῐιὶἐοὶιιίοθῐ
3374 2273 3531 2327 aqua
3559 2251 3892 2328 baptisma-

2240 2327 2318 2409 tis
2349 2343 2466 2409 qua
2493 2343 2695 2409 omnes
2720 2327 2904 2409 plane
2932 2326 3337 2409 quorumlibet.
3363 2326 3748 2409 peccatorum
3770 2345 3893 2409 eor-

2242 2399 2346 2470 des
2376 2398 2680 2456 eluuntur.
2714 2399 2862 2465 Quid
2891 2398 3071 2470 igitur
3099 2399 3194 2470 his
3223 2398 3416 2470 verbis
3450 2405 3660 2456 auctor
3701 2406 3897 2456 noster

2243 2469 2403 2526 aliud
2425 2470 2759 2542 innuit,nisi
2790 2487 2896 2526 nos
2920 2469 2991 2527 ex
3026 2469 3346 2542 solissacri
3377 2471 3661 2542 baptismi
3695 2473 3898 2540 undis,

2243 2557 2358 2598 non
2391 2547 2592 2597 autem
2626 2541 2701 2598 ex
2730 2542 2935 2598 matris
2974 2545 3033 2598 et
3060 2541 3360 2616 genitricis
3379 2541 3594 2599 nostra
3630 2544 3764 2601 alvo
3795 2561 3900 2616 pu-

2243 2619 2427 2686 ros_et
2455 2619 2689 2686 peccato
2717 2630 2936 2670 vacuos
2967 2615 3202 2686 prodire
3220 2614 3248 2669 τ

2314 2683 2672 2759 Nosquidem
2690 2702 2803 2742 non
2821 2686 2874 2740 fu
2883 2683 3229 2757 gitNicetam
3241 2683 3530 2759 Heraclea
3543 2686 3885 2759 metropoli-

2243 2759 2364 2810 tam
2388 2757 2444 2811 in
2473 2773 2582 2812 sua
2612 2756 2944 2812 Graecorum
2978 2759 3216 2814 Patrum
3237 2756 3296 2811 in
3334 2758 3486 2812 hunc
3505 2759 3636 2813 Jobi
3668 2756 3886 2814 librum

2243 2833 2448 2882 catena
2478 2828 2635 2883 hunc
2667 2829 2724 2883 in
2759 2830 3001 2884 modum
3033 2828 3305 2884 retulisse
3336 2828 3659 2885 Clementis
3703 2830 3886 2886 nostri

2245 2900 2478 2972 verba”
2509 2915 2523 2955 :
2561 2923 2582 2950 ι
2618 2899 2822 2955 Nudus
2846 2917 2878 2955 a
2901 2900 3036 2956 vitio
3068 2904 3123 2956 et
3155 2904 3407 2970 peccato,
3440 2901 3610 2972 quasi
3639 2917 3710 2958 ex
3736 2907 3892 2957 utero

2248 2970 2454 3026 matris
2486 2987 2515 3026 e
2543 2974 2699 3027 terra
2729 2972 2898 3026 initio
2932 2972 3212 3028 formatus
3244 2988 3401 3040 sum,
3435 2970 3635 3027 nudus
3671 2974 3735 3030 in
3771 2990 3892 3030 eam

501 3047 850 3136 haclnatura
880 3042 1026 3136 alias
1057 3042 1147 3098 usi
1166 3059 1280 3099 non
1303 3045 1502 3136 essept
1525 3041 1886 3136 protciplasti,
1909 3045 1974 3096 ut
1995 3057 2142 3136 no‘n-
2173 3068 2216 3136 α
2253 3047 2508 3098 revertar
2531 3061 2544 3109 ;
2565 3059 2708 3136 Lnon‘
2736 3048 2930 3100 autem
2967 3043 3547 3136 atpossessiopiibus,
3580 3043 3694 3100 hoc
3734 3045 3892 3136 enim

501 3116 646 3173 nulli
661 3115 1025 3183 existimant;
1044 3131 1250 3170 rursus
1274 3113 1576 3170 maledicis
1593 3113 1909 3168 incessitur
1927 3113 2142 3169 creatio

502 3195 567 3246 ut
589 3205 714 3261 quae
736 3187 982 3261 rationis
994 3186 1318 3261 expertium
1333 3184 1724 3240 animantium
1739 3188 1949 3261 natura
1962 3185 2145 3261 homi:

502 3256 622 3317 nes'
637 3259 838 3316 fecerit
852 3256 1286 3323 imbecilliores,
1303 3272 1555 3328 quorum
1570 3256 1837 3328 exempla
1849 3256 2147 3312 consecuti

504 3349 571 3389 su
582 3330 782 3400 nt,qui
797 3334 961 3385 aDeo
976 3328 1150 3400 primi
1167 3328 1399 3384 formati
1415 3328 1595 3400 fuere.
1611 3329 1712 3400 Sin
1726 3332 1922 3400 autem
1935 3331 2148 3383 natura

505 3397 743 3474 quidem
774 3417 894 3471 eos,
926 3397 1080 3474 sicut
1119 3401 1312 3466 bruta,
1346 3398 1590 3474 deduait
1621 3399 1689 3454 ad
1725 3397 1980 3455 filiorum
2011 3416 2147 3474 pro-

501 3470 857 3530 creationem
880 3470 895 3525 ':
922 3472 1062 3529 moti
1087 3476 1284 3528 autem
1310 3474 1450 3527 sunt
1472 3471 1646 3526 citius
1668 3487 1846 3542 quam
1867 3470 2146 3542 oportuit,

502 3546 708 3603 fraude
741 3545 988 3610 inducti,
1022 3559 1155 3600 cum
1185 3543 1378 3599 adhuc
1403 3547 1604 3599 essent
1627 3543 2148 3611 juvenes.justum

507 3618 749 3691 quidem
783 3620 872 3672 est
898 3617 1001 3672 Dei
1023 3615 1318 3687 judicium
1350 3615 1412 3691 in
1444 3630 1566 3681 eos,
1596 3613 1698 3685 qui
1728 3629 1844 3691 non
1877 3618 2147 3685 expecta-

504 3686 644 3746 runt
664 3686 1056 3756 voluntatem;
1078 3692 1280 3744 sancta
1297 3690 1492 3742 autem
1516 3686 1832 3757 generatio,
1855 3701 2150 3757 perquam

505 3761 774 3819 consistit
799 3761 1081 3825 mundus,
1107 3782 1135 3810 ››
1150 3763 1258 3815 etc.
1282 3757 1578 3828 Quidquid
1604 3773 1774 3829 porro
1796 3756 1906 3812 hac
1932 3756 2003 3813 de
2023 3774 2152 3814 sen-

508 3832 973 3890 tentiaClemens
988 3831 1272 3888 statuisse
1287 3829 1663 3894 dicatur,non
1679 3829 1996 3885 obscurum
2010 3845 2153 3884 sane

511 3910 602 3961 est
631 3920 765 3960 eum
801 3903 968 3959 fateri
999 3919 1106 3958 nos
1137 3903 1196 3957 in
1230 3904 1463 3974 Adamo
1484 3901 1839 3974 peccavisse,
1862 3904 2037 3972 atque
2059 3901 2151 3956 id-

514 3977 670 4032 circo
699 3974 972 4047 originali
1001 3978 1234 4047 peccato
1293 3989 1422 4047 esse
1451 3973 1816 4044 inquinatos.

585 4048 747 4112 Quod
781 4042 1022 4116 quidem
1054 4045 1188 4100 inde
1214 4045 1428 4116 adhuc,
1460 4042 1563 4100 nec
1595 4061 1836 4116 prorsus
1865 4042 2156 4116 immerito

513 4118 763 4175 stabiliri
797 4114 1006 4187 potest,
1055 4117 1207 4187 quod
1240 4115 1381 4171 alibi
1421 4117 1492 4170 ad
1525 4114 1654 4187 ipso
1684 4117 1969 4186 scriptum
2019 4114 2157 4187 legi-

514 4134 763 4175 stanmri
837 4134 1006 4182 etest,
1055 4134 1207 4187 quoa
1240 4134 1381 4171 sum
1421 4134 1492 4170 an
1525 4134 1654 4187 ipso
1684 4134 1969 4186 scriptum
2019 4134 2156 4185 legi-

514 4207 648 4247 mus
669 4190 712 4224 ²⁶
739 4207 751 4243 :
786 4134 1291 4252 Suemadmodum
1323 4187 1478 4242 Deus
1499 4207 1528 4238 ‹‹
1561 4191 1651 4242 est
1698 4191 1863 4257 pater
1891 4185 2156 4242 omnium

515 4279 619 4336 per
657 4260 1142 4336 _creationem.....
1189 4258 1273 4314 sic
1305 4275 1411 4336 nos
1443 4274 1651 4336 rursus
1697 4272 2005 4336 conversos
2033 4257 2160 4313 vult

516 4330 669 4390 effici
703 4338 766 4388 ut
798 4347 1034 4404 pueros,
1065 4345 1200 4385 eum
1234 4330 1336 4401 qui
1362 4343 1494 4404 vere
1525 4333 1692 4401 pater
1721 4331 1811 4384 est
1837 4343 2157 4404 agnoscen-

512 4411 637 4462 tes:
671 4410 736 4460 ut
767 4399 867 4475 q'ui
890 4403 1076 4459 simus
1097 4399 1418 4475 regenerati
1441 4399 1543 4475 per
1563 4416 1858 4475 aquam_,_»
1882 4399 2158 4475 nimirum

516 4457 1025 4548 baptismatissitt
1047 4457 1342 4547 quomodo
1364 4457 1488 4529 fiei‘i
1541 4457 1732 4548 potest
1764 4457 1864 4548 illa
1892 4472 2155 4527 omnium
2187 4457 2234 4523 D

516 4544 620 4622 per
674 4547 1022 4622 baptimatis
1051 4544 1696 4622 aquam_regeneratio,
1725 4544 1839 4600 nisi
1865 4560 1936 4599 ex
1974 4552 2158 4599 morte

516 4617 643 4692 quae
675 4617 947 4692 originali
981 4617 1215 4692 peccato
1247 4618 1427 4692 allata
1459 4617 1592 4692 est?

588 4685 805 4749 Verum
830 4685 1084 4764 ,inquiet
1103 4691 1340 4764 aliquis,
1361 4707 1476 4747 non
1491 4685 2015 4759 Clemensoriginis
2036 4701 2162 4758 pec-

2255 3129 2498 3186 parvum
2527 3119 2587 3186 et
2614 3115 2854 3185 vulgare
2883 3114 3062 3182 esset,
3095 3115 3196 3171 sed
3230 3133 3263 3170 a
3291 3114 3428 3170 vitio
3459 3120 3517 3171 et
3548 3121 3814 3186 peccato,
3843 3119 3898 3170 et

2257 3184 2681 3258 atenebricoso
2723 3184 2902 3256 idolo,
2937 3187 3091 3258 quod
3123 3203 3224 3242 eos
3253 3185 3488 3257 excipit,
3522 3184 3627 3258 qui
3684 3189 3898 3258 injuste

2254 3255 2541 3312 vixerunt.
2574 3279 2602 3308 »
2636 3261 2854 3314 Verum
2889 3255 3003 3314 non
3053 3259 3294 3314 omnino
3323 3255 3556 3313 constat
3584 3255 3786 3314 utrum
3835 3275 3900 3314 ex

2255 3328 2596 3400 Stromatum
2648 3328 2814 3386 libris
2847 3330 2964 3385 haec
3003 3328 3235 3386 Nicetas
3292 3329 3670 3400 excerpserit.
3731 3329 3901 3386 Plura

2257 3399 2552 3469 siquidem
2610 3402 2976 3457 continenter
3005 3417 3076 3457 ex
3128 3402 3330 3458 eodem
3360 3399 3662 3457 Clemente
3707 3407 3901 3457 nostro

2259 3472 2587 3545 subiungit,
2607 3489 2735 3544 quas
2751 3473 2987 3545 quidem
3007 3473 3328 3545 sicutunde
3345 3473 3558 3528 hausta
3574 3473 3720 3545 sint,
3737 3475 3907 3545 plane

2257 3543 2546 3598 incertum
2582 3543 2692 3612 est,
2726 3543 2808 3600 ita
2837 3543 3012 3600 etiam
3044 3544 3249 3600 isthmc
3281 3547 3337 3599 et
3367 3545 3527 3599 hisce
3558 3543 3904 3600 libris'sum-

2260 3619 2358 3685 pta
2391 3629 2504 3669 non
2537 3615 2720 3688 fuisse
2768 3616 2920 3671 haud
2949 3615 3252 3688 immerito
3282 3615 3479 3688 colligi
3512 3621 3734 3688 potest.
3768 3616 3909 3681 Quis

2257 3691 2452 3741 tamen
2486 3687 2752 3758 quaedam
2807 3704 2875 3742 ex
2907 3687 2996 3743 his
3053 3703 3181 3758 quas
3214 3687 3553 3758 retulimus,
3613 3687 3680 3742 in
3729 3704 3910 3758 supra

2259 3758 2432 3813 citato
2463 3773 2497 3811 a
2528 3758 2698 3813 nobis
2727 3757 2875 3815 libro
2893 3759 2964 3814 ad
2997 3757 3262 3828 verbum,
3293 3757 3594 3816 nonnullis
3623 3757 3905 3814 tamenin

2259 3829 2559 3900 terpositis
2571 3835 2628 3884 et
2639 3830 3580 3896 detruncatis,occurrunt,demus
3597 3829 3716 3886 alia
3728 3830 3900 3886 etiam

2260 3899 2458 3956 omnia
2489 3899 2547 3954 in
2579 3917 2652 3973 eo
2677 3901 2896 3973 scripta
2938 3901 3139 3957 fuisse.
3169 3903 3278 3956 Sed
3314 3902 3457 3973 quid
3484 3901 3645 3969 inde,
3693 3903 3901 3958 amabo

2262 3919 2458 3956 omnia
2489 3919 2547 3954 ID
2579 3919 2644 3956 eo
2677 3919 2896 3973 scripta
2938 3919 3139 3957 ruisse.
3169 3919 3278 3956 seu
3359 3919 3457 3956 uio
3484 3919 3645 3969 inae,
3693 3919 3901 3958 amano

2262 3977 2319 4028 te
2339 3974 2543 4054 contra
2573 3971 2818 4044 originis
2839 3977 3168 4055 _peccatum
3189 3973 3217 4028 ?
3249 3919 3409 4028 Nihil
3442 3989 3710 4055 prorsus.
3739 3974 3911 4029 Terra

2262 4045 2579 4116 enimvero,
2602 4061 2671 4100 ex
2696 4061 2812 4115 qua
2837 4045 3065 4100 formati
3095 4060 3327 4116 sumus,
3351 4060 3419 4100 ea
3441 4045 3574 4116 ipsa
3594 4048 3690 4100 est
3709 4061 3782 4100 ex
3803 4061 3913 4116 qua

2265 4115 2526 4172 Adamus
2555 4132 2589 4170 a
2618 4116 2734 4171 Deo
2764 4117 2954 4172 factus
2984 4121 3092 4172 est.
3127 4115 3300 4186 Atqui
3334 4115 3626 4171 Adamum
3653 4116 3733 4171 ab
3753 4115 3912 4172 omni

2264 4186 2403 4242 vitio
2432 4191 2490 4242 et
2515 4191 2748 4256 peccato
2772 4187 2994 4244 nudum
3026 4191 3083 4243 et
3099 4203 3349 4244 vacuum
3369 4203 3438 4244 ex
3456 4203 3526 4244 ea
3541 4193 3914 4258 procreatum

2265 4275 2394 4330 esse
2425 4258 2557 4328 quis
2580 4259 2910 4330 ambigat?
2954 4263 3132 4316 Porro
3190 4264 3386 4316 autem
3418 4259 3479 4314 in
3509 4257 3626 4325 his,
3660 4276 3795 4329 quae
3851 4275 3915 4315 ex

2264 4329 2536 4402 ipsismet
2565 4329 2902 4386 Str-amatum
2921 4330 3090 4386 libris
3112 4331 3622 4402 transcripsimus,
3646 4330 3916 4388 Clemen

2267 4349 2536 4402 lpSlSIDeI.
2565 4349 2902 4386 ert-amarum
2922 4349 3090 4386 llDl‘lS
3112 4349 3362 4388 transcri
3409 4349 3622 4398 simus,
3646 4349 3916 4388 uremen

2267 4400 2487 4457 nullam
2521 4417 2764 4473 prorsus
2788 4407 2954 4458 terras
2978 4403 3335 4459 mentionem
3356 4349 3521 4468 facit,
3549 4417 3619 4458 ac
3649 4403 3726 4458 de
3756 4417 3919 4459 sacra

2265 4477 2495 4558 tantum
2523 4471 2535 4473 ⁷
2555 4471 2816 4558 loquitur
2870 4474 3249 4558 baptismatis
3280 4497 3310 4524 «
3342 4490 3532 4558 aqua:
3561 4474 3846 4558 matrice,
3891 4496 3916 4522 ιο

2270 4561 2387 4615 qua
2416 4544 2591 4670 botmo
2622 4546 2694 4600 ab
2725 4546 2883 4602 omni
2912 4544 3051 4602 vitio
3083 4555 3138 4603 et
3162 4549 3398 4618 peccato
3428 4544 3580 4601 liber
3609 4550 3670 4601 et
3692 4549 3918 4602 solutus

2274 4632 2486 4670 nenera
2515 4632 2604 4670 ur.

2272 4632 2604 4688 generatur.

1887 4899 2257 4988 CAPUT
2314 4900 2546 4988 VIII.

1212 5048 1215 5050 ·
1272 5031 1362 5088 De
1391 5025 1612 5088 mundi
1641 5043 1979 5104 rerumque
2017 5024 2300 5087 omnium
2331 5025 2649 5086 creatione
2678 5027 2740 5084 et
2767 5020 3154 5102 praestantia.

1102 5229 1494 5288 ARTICULUS
1525 5231 1571 5286 Ι.

521 5330 785 5390 Mundam
815 5336 984 5385 totum
1015 5329 1205 5394 simul,
1239 5327 1392 5381 nullo
1432 5326 1715 5398 interiecto
1746 5326 2010 5397 temporis
2038 5342 2162 5398 spa-

590 5406 692 5471 tio,
726 5421 765 5458 a
797 5404 904 5458 Deo
932 5409 1212 5461 creatum;
1243 5414 1306 5453 ac
1334 5397 1398 5452 de
1429 5397 1517 5454 his
1547 5397 1722 5453 verbis
1743 5415 1763 5452 :
1791 5400 1916 5461 Quo
1947 5398 2040 5453 die
2069 5397 2164 5454 fe-

593 5476 670 5532 cit
700 5475 855 5532 Deus
885 5471 1095 5529 coelum
1128 5475 1184 5527 et
1213 5474 1454 5526 terram.

591 5599 674 5651 De
703 5592 944 5650 homine
969 5593 1270 5665 peccatore
1301 5586 1606 5643 hactenus.
1645 5589 1722 5642 De
1746 5585 1930 5642 totius
1963 5589 2164 5642 autem

592 5692 638 5726 ’³
669 5692 830 5747 Rom.
864 5708 915 5757 v,
953 5691 1037 5746 12.
1112 5690 1158 5723 ³⁵
1188 5689 1404 5744 Strom.
1441 5687 1476 5740 Ι.
1537 5702 1621 5749 ιιι,
1645 5700 1700 5757 p.
1736 5685 1859 5738 466.

1934 5684 1980 5718 π
2011 5683 2177 5752 ibid.,

2267 5229 2476 5284 mundi
2499 5244 2564 5284 ac
2585 5226 2908 5300 praesertim
2931 5224 3107 5298 primi
3128 5223 3923 5300 hominiscreatione,i_llius—

2275 5317 2389 5373 que
2435 5296 2863 5373 cum—corporis
2891 5296 3018 5373 tum
3065 5297 3274 5373 animae
3304 5296 3567 5373 dotibus,
3603 5297 3924 5373 iqu‘idCl-e-

2275 5367 2443 5428 mens
2502 5367 3248 5428 noster-animadversione
3295 5367 3536 5440 dignius
3596 5367 3923 5432 tradiderit,

2273 5459 2429 5499 nunc
2463 5446 2878 5515 expendamus.
2937 5441 3201 5512 Primum
3233 5438 3413 5515 igitur
3438 5438 3538 5496 ille
3555 5457 3710 5515 _non_
3737 5442 3919 5515 solum

2274 5520 2473 5587 aperte
2504 5512 2672 5572 d'ocet
2698 5515 2987 5571 mundum
3015 5517 3074 5587 et
3101 5512 3320 5587 omnia,
3354 5527 3487 5587 qua;
3515 5512 3596 5587 ab
3624 5512 3807 5587 initio
3836 5520 3915 5568 to-

2273 5583 2372 5644 tus
2400 5587 2527 5660 ipse
2558 5587 2818 5644 mundus
2866 5583 3388 5659 complectebatur,
3417 5583 3600 5640 simul
3644 5585 3914 5658 nulloque

2211 5701 2267 5756 p.
2329 5687 2457 5742 470.
2533 5685 2861 5759 msibid.,p.
2921 5684 3044 5740 463.
3123 5683 3408 5740 “Strom.
3462 5681 3503 5739 ι.
3538 5698 3617 5750 ιν,
3683 5701 3744 5758 q.
3802 5681 3907 5739 ΞΒ.

525 5766 569 5800 ²⁸
601 5765 797 5821 Caten.
833 5755 1012 5820 Graec.
1045 5765 1284 5818 Patrum
1318 5759 1377 5814 in
1408 5757 1542 5826 Job,
1574 5755 1729 5814 edita
1759 5774 1792 5813 a
1826 5759 1945 5812 Pet.
1977 5756 2176 5827 Junio,
2211 5755 2266 5829 p.
2299 5759 2388 5812 59.
