4130 6194
446 193 584 246 1175

1145 197 1214 246 ΙΝ
1257 197 1700 251 CLEMENTEM
1739 199 1956 251 ALEX.
1997 201 2066 251 D.
2111 200 2200 250 LE
2240 198 2532 251 NOURRY
2573 198 3040 252 DISSERTATIO
3076 201 3148 250 II.

3718 196 3860 251 H76

448 316 691 371 Lucas”
713 315 1089 388 publicanum
1116 316 1298 372 fuisse
1318 317 1732 387 perhibent.At
1749 317 1795 372 si
1821 317 1918 373 ille
1941 317 2096 373 idem
2130 319 2183 385 Α
2214 333 2346 388 cum
2376 317 2546 372 nobis
2569 317 2724 372 haud
2757 315 3010 372 multum
3039 315 3472 388 refragantibus
3495 315 3863 388 probaretur.

448 387 560 441 fuit
609 403 676 443 ac
727 387 1062 460 Mattliaaus,
1115 389 1610 458 quemadmodum
1659 389 1892 460 plurimi
1939 389 2100 444 arbi-

453 464 711 530 trantur,
742 459 814 512 de
863 475 927 513 eo
978 457 1268 525 Clemens,
1313 477 1486 530 quem
1518 478 1550 513 a
1580 457 1832 515 Mattheo
1867 463 2104 530 penitus

453 529 846 594 discriminat,
878 530 1124 599 intelligi
1162 546 1291 602 non
1333 529 1532 586 debet.
1585 529 1878 593 Quosdam
1933 548 2106 602 porro

457 603 680 657 scimus
715 617 825 655 non
861 602 1064 655 deesse
1092 600 1348 667 criticos,
1396 602 1496 672 qui
1529 604 1800 656 eumdem
1839 600 1964 657 Levii
2001 619 2108 672 pu-

457 672 758 728 blicanum
789 671 967 725 alium
1001 673 1074 725 ab
1106 673 1369 740 apostolo
1402 671 1658 727 Mattheo
1691 675 1873 728 fuisse
1904 671 2111 728 existi-

463 750 645 812 ment,
666 745 840 813 idque
874 744 963 797 his
982 744 1249 815 Origenis
1271 747 1286 778 ί
1313 745 1502 798 verbis
1527 745 1772 815 probare
1792 750 2111 801 conentur:

463 839 490 865 α
528 816 615 870 Sit
644 821 700 869 et
733 815 863 869 Levi
894 814 1288 885 publicamus,
1322 817 1421 884 qui
1469 814 1669 870 Je’sum
1721 820 1960 870 secutus
2000 820 2109 871 est.

463 887 589 942 Non
621 891 744 940 erat
774 890 970 940 tamen
1003 902 1071 939 ex
1095 887 1494 955 apostolorum
1530 903 1794 950 numero,
1821 888 2116 956 nisijuxta

469 959 734 1030 quaedam
757 957 1109 1026 exemplaria
1134 959 1456 1030 secundum
1485 959 1737 1012 Marcum
1760 959 2112 1030 Evangelii.»

467 1028 690 1094 Quibus
722 1030 1079 1100 respondent
1103 1028 1203 1082 alii
1228 1028 1371 1083 illud
1413 1030 1485 1084 ab
1525 1030 1772 1100 Origene
1797 1028 2114 1099 non'serio,

467 1101 566 1156 sed
587 1116 686 1171 per
700 1099 1136 1155 concessionem
1159 1102 1440 1155 duntaxat
1464 1099 1878 1156 Celso'datum.
1897 1105 2116 1156 Verum

465 1172 702 1225 infirma
736 1187 978 1243 prorsus
1003 1172 1239 1225 videtur
1269 1172 1390 1227 haec
1423 1173 1746 1242 responsio,
1786 1189 1891 1227 nec
1925 1173 2120 1243 Orige-

467 1243 558 1298 nis
593 1243 774 1297 textui
805 1248 1216 1297 consentanea.

543 1318 908 1384 Quapropter
922 1312 1111 1384 siquae
1134 1314 1204 1368 ad
1221 1312 1487 1384 Origenis
1511 1313 1976 1369 conﬁrmandam
2002 1313 2121 1384 Opi-

469 1384 704 1441 nionem
731 1390 1113 1456 suppeterent
1159 1389 1529 1455 argumenta,
1553 1385 1624 1438 de
1641 1384 1749 1439 hoc
1773 1385 1900 1456 Levi
1937 1385 2120 1456 expli-

472 1457 724 1512 candum
744 1455 872 1513 esse
895 1455 1233 1523 Clementis,
1259 1472 1362 1510 seu
1400 1457 1598 1526 potius
1636 1455 2011 1512 Heracleonis
2032 1455 2122 1512 lo-

2285 387 2453 443 Alius
2497 395 2692 444 tamen
2754 393 3029 459 praeterea
3089 381 3228 457 fuit:
3272 381 3710 459 ϐοὶ-Λεϐϐαῖος,
3765 394 3868 442 aut

2215 461 2608 529 Λευαῖος.νθι,
2642 469 2706 515 ut
2754 453 2996 530 quidam
3057 453 3244 528 aiunt,
3298 453 3476 527 Λὲϐης
3535 453 3865 530 cognomen

2219 533 2560 602 impositum
2596 532 2830 586 dicitur.
2865 531 2916 586 ls
2948 536 3142 586 autem
3174 531 3361 586 Judas
3393 538 3502 597 est,
3525 536 3583 586 et
3613 531 3729 586 alio
3765 547 3866 585 no-

2217 605 2377 658 mine
2405 603 2794 667 Thadaeus,de
2817 619 2931 673 quo
2949 604 3253 658 nonnulliﬁ
3271 608 3567 657 auctorem
3594 609 3863 673 nostrum

2219 673 2468 744 intelligi
2498 673 2722 728 volunt.
2754 675 2862 728 Sed
2898 691 3031 728 cum
3064 673 3175 728 hac
3223 674 3425 728 omnia
3471 673 3648 728 meris
3695 672 3868 744 plane

2221 745 2593 814 conjecturis,
2627 762 2731 800 nec
2762 745 2936 800 certis
2968 751 3144 816 atque
3165 745 3534 800 evidentibus
3562 760 3871 814 argumen-

2222 818 2298 870 tis
2337 816 2688 885 innitantur,
2721 817 2861 884 quid
2895 817 2966 871 de
2996 816 3106 872 hac
3157 817 3484 886 quaestione
3535 816 3716 870 statui
3763 817 3870 870 de-

2222 889 2358 1014 lbeat
2387 890 2458 942 ab
2489 887 2620 943 aliis
2653 890 2855 943 audire
2885 904 3063 958 quam
3086 887 3306 959 aliquid
3340 888 3724 959 pronuntiare
3743 904 3866 942 ma-

2249 975 2441 1014 umus.

2249 975 2441 1014 unius.

2298 1031 2362 1084 In
2395 1029 2650 1086 Matthaai
2695 1046 2865 1100 porro
2897 1030 3254 1084 mentionem
3315 1027 3597 1100 quoniam
3645 1027 3871 1100 incidi-

2229 1117 2383 1165 mus,
2417 1100 2681 1154 animum
2697 1099 2783 1156 ad
2818 1102 2872 1154 id
2909 1102 3179 1157 advertas
3209 1099 3402 1170 velim,
3435 1099 3590 1170 quod
3624 1099 3696 1153 de
3744 1102 3874 1168 ejus

2228 1174 2586 1228 abstinentia
2616 1174 2884 1228 Clemens
2915 1174 3164 1228 narrat“.
3197 1196 3224 1222 ‹‹
3273 1173 3609 1236 Mattheus,
3656 1171 3874 1241 inquit.

2230 1243 2534 1313 apostolus
2567 1245 2917 1310 seminibus,
2950 1245 3167 1314 haccis,
3217 1249 3274 1300 et
3319 1243 3602 1310 oleribus,
3649 1241 3875 1311 absque

2230 1314 2918 1396 carnibusuutebaturzn
2959 1315 3068 1370 Vix
3118 1316 3281 1396 _enim
3336 1314 3433 1396 qui
3491 1315 3702 1396 praeter
3754 1314 3876 1396 Cle-

2233 1391 2484 1467 mentem
2518 1384 2660 1441 illud
2694 1386 2933 1457 scriptis
2973 1384 3425 1460 consignaverit,
3473 1385 3736 1454 aliquem
3791 1386 3875 1440 in-

2230 1473 2449 1513 venias.

1887 1710 2277 1806 CAPUT
2343 1711 2456 1804 X.

1781 1863 1894 1937 De
1987 1862 2561 1940 matrimonio.

1052 2109 1450 2168 ARTICULUS
1490 2109 1534 2165 ι.

478 2224 749 2295 Quomodo
779 2220 1202 2277 matrimonium
1230 2233 1266 2295 _a
1290 2216 1562 2295 Clemente
1597 2215 1914 2295 deﬁniatur,
1963 2234 2129 2288 quam

570 2302 770 2354 bonum
800 2297 895 2364 sit,
928 2300 979 2348 et
1007 2289 1272 2362 quomodo
1301 2288 1556 2358 conjuges
1585 2302 1646 2342 eo
1668 2287 1755 2342 uti
1782 2287 2034 2344 debeant.

553 2408 653 2463 His
684 2405 741 2458 in
776 2402 1119 2458 Str-amatum
1153 2395 1321 2450 libris
1351 2412 1418 2449 eo
1451 2395 1691 2449 uberius
1709 2400 1765 2449 et
1795 2397 2128 2453 accuratius

483 2483 554 2536 de
586 2472 960 2533 matrimonio
1017 2469 1286 2525 Clemens
1331 2467 1615 2537 disputat,
1650 2483 1766 2536 quo
1798 2467 1939 2521 illud
1982 2469 2128 2523 varii

485 2559 588 2607 aeta
599 2551 674 2604 tis
687 2564 806 2602 suis
828 2540 1082 2618 haeretici
1107 2541 1524 2618 impugnarent
1541 2538 1832 2618 acrius,ac
1846 2546 2126 2618 tanquam

483 2621 796 2678 scelestum
838 2620 895 2670 et
951 2607 1236 2668 nefarium
1271 2607 1598 2663 incredibili
1628 2607 2125 2680 prorsustemeri-

485 2699 601 2750 tate
630 2707 687 2746 et
711 2684 1078 2757 impudentia
1101 2681 1614 2757 proscriberentet
1643 2681 2122 2738 condemnarent.

484 2766 592 2821 Sed
625 2780 695 2817 ex
732 2752 838 2815 hac
877 2755 1224 2826 gravissima
1264 2752 1710 2826 concertatione,
1742 2757 2025 2822 tanquam
2057 2770 2126 2808 ex

487 2836 747 2906 lapidum
782 2824 1054 2906 conflictu
1079 2830 1253 2906 atque
1273 2824 1438 2906 tritu,
1460 2824 1648 2892 major
1677 2839 1831 2878 sanae
1861 2841 2126 2897 veraeque

484 2894 761 2963 doctrinae
793 2900 946 2971 ignis
976 2915 1008 2952 a
1041 2894 1208 2971 nobis
1235 2894 1518 2971 elicietur.
1571 2967 1574 2969 _

557 2978 753 3032 Primo
785 2963 984 3040 itvaque
1013 2967 1453 3040 matrimonium
1484 2981 1523 3040 a
1553 2963 1846 3040 Clemente
1893 2967 1978 3040 sic
2022 2969 2123 3023 de-

486 3031 728 3106 finiitur‘
762 3062 774 3101 :
811 3031 990 3113 Γάξλος
1056 3035 1296 3113 μὲνΑέσλτι¹
1347 3031 1574 3113 σύνοξος
1634 3032 1828 3113 ἀνδρᾷς
1883 3037 1972 3113 καὶ
2029 3059 2122 3113 γυ-

481 3105 664 3179 vomer,
712 3119 746 3185 ἡ
795 3105 984 3186 πρώτη
1044 3105 1182 3186 xei-tat
1238 3105 1574 3186 vdpov,_é1ti
1631 3105 2124 3186 γνήσίων-τὲκνῖων

485 3178 697 3264 σπορᾷί
718 3178 751 3264 σί
775 3178 1214 3264 Μέιὶιείῐίλοηῗυω
1247 3188 1334 3263 θξι
1365 3178 1553 3264 prima
1583 3178 1654 3264 Pi
1687 3183 2008 3264 sgqundum
2043 3183 2121 3264 ‘9-

485 3249 616 3335 geui
641 3249 754 3314 'viri
788 3264 845 3312 et
875 3255 1140 3335 mulieris
1174 3251 1507 3335 conjunctio
1528 3249 1596 3304 ad
1625 3250 2017 3335 legitimorum
2051 3257 2124 3335 ﬂ:

490 3323 703 3389 iiorum
737 3327 1219 3400 procreationem.
1256 3345 1284 3371 ››
1313 3326 1392 3400 lix
1418 3323 1523 3376 hac
1543 3328 1734 3400 autem
1764 3327 2122 3400 matrimonii

489 3393 829 3459 definitione
867 3399 1050 3468 liquet
1090 3395 1261 3468 juxta
1307 3393 1622 3468 Clementis
1673 3403 1928 3468 mentem
1979 3397 2123 3453 illud

2144 2113 2194 2178 B
2224 2111 2410 2184 quit“,
2445 2113 2580 2167 data
2608 2117 2726 2184 est
2755 2111 2994 2184 ,mulisr
3037 2111 3314 2184 adjutrix.
3359 2111 3466 2166 Sed
3517 2110 3589 2166 de
3619 2109 3716 2165 his
3757 2109 3880 2180 jam

2239 2183 2408 2249 alias,
2439 2189 2498 2238 et
2527 2183 2719 2239 adhuc
2748 2183 2903 2238 infra

2307 2254 2442 2317 Quae
2473 2255 2710 2326 quidem
2742 2256 2898 2310 sicut
2927 2259 3214 2326 apertast
3241 2253 3419 2322 clara,
3449 2253 3532 2307 ita
3556 2257 3616 2307 et
3648 2266 3788 2307 vera
3817 2267 3883 2306 ac

2240 2325 2473 2396 propria
2513 2327 2868 2381 matrimonii
2904 2325 3062 2380 notio
3092 2325 3236 2380 illud
3271 2326 3514 2387 bonum,
3557 2325 3794 2396 justum
3827 2327 3884 2378 et

2237 2395 2492 2465 aai'luitati
2515 2401 2755 2452 omnino
2776 2402 3233 2452 consentaneum
3257 2413 3386 2452 esse
3407 2404 3523 2450 tam
3545 2395 3763 2449 invicte
3784 2396 3881 2449 de-

2239 2473 2547 2536 monstrat,
2583 2475 2646 2522 ut
2677 2471 2890 2523 mirum
2927 2469 3006 2523 sit
3031 2477 3240 2539 praeter
3277 2474 3560 2540 quosdam
3596 2481 3879 2540 paganos,

2238 2553 2455 2609 eosque
2488 2544 2738 2595 maxime
2785 2538 3165 2610 voluptarios,
3221 2538 3323 2610 qui
3365 2540 3421 2592 id
3455 2543 3762 2610 negarent,
3796 2538 3885 2590 in-

2237 2615 2442 2665 ventos
2466 2611 2646 2666 fuisse
2665 2609 3345 2666 honinesil’lurimorum
3371 2617 3564 2664 tamen
3590 2609 3880 2676 Clemens,

2238 2681 2320 2734 uti
2346 2681 2855 2749 Basilidianorum,
2877 2683 3104 2750 Isidori,
3122 2683 3505 2753 Carpocratis,
3535 2681 3879 2753 Epiphania,

2236 2753 2736 2819 Marcionitarum,
2767 2754 3155 2824 aliorumque,
3187 2751 3258 2808 de
3289 2753 3507 2821 quibus
3542 2753 3698 2806 intra
3729 2751 3880 2824 dice-

2239 2829 2351 2896 tur,
2385 2825 2659 2891 nefarios,
2693 2825 2908 2896 impios
2937 2842 3003 2880 ac
3035 2823 3181 2895 pene
3212 2824 3537 2895 stupendos
3569 2824 3643 2877 de
3673 2823 3876 2896 eodem

2237 2894 2336 2949 illo
2363 2896 2738 2952 matrimonio
2767 2894 2992 2952 errores
3023 2894 3556 2965 recenset,’eosque
3583 2894 3796 2950 evertit
3816 2907 3881 2947 ac

2236 2967 2521 3038 radicitus
2552 2973 2840 3038 amputat.

2308 3037 2519 3092 Omnes
2548 3035 2718 3108 porro
2748 3039 2880 3094 illas
2905 3038 3309 3093 hereticorum
3345 3036 3516 3092 falsas
3546 3035 3878 3108 opiniones,

2235 3125 2338 3164 seu
2371 3107 2562 3180 potius
2591 3110 3234 3182 opinionumrmonstra
3264 3117 3319 3164 et
3352 3108 3736 3182 portenta,a_d
3770 3107 3883 3182 duo

2235 3179 2467 3235 tantum
2501 3179 2692 3251 capita
2718 3181 2998 3250 redigit":
3025 3203 3053 3229 ‹‹
3085 3183 3202 3234 Aut
3223 3196 3402 3243 enim,
3424 3179 3756 3251 inquitille,
3776 3179 3883 3251 do-

2236 3257 2368 3306 cent
2398 3248 2799 3307 indifferenter
2847 3248 3060 3318 vivere,
3116 3273 3145 3301 »
3197 3251 3306 3306 hoc
3353 3258 3444 3306 est
3493 3248 3637 3303 nihil
3686 3251 3743 3302 in
3776 3248 3881 3303 hoc

2238 3325 2456 3377 mundo
2490 3339 2618 3378 esse
2651 3325 2782 3378 boni
2813 3325 2897 3378 vel
2933 3323 3331 3385 mali,nullum
3366 3323 3597 3384 vitium,
3624 3320 3881 3374 nullam-

2234 3411 2347 3463 que
2377 3395 2674 3460 virtutem,
2709 3396 2808 3449 sed
2843 3395 3040 3450 omnia
3069 3410 3199 3449 esse
3231 3392 3620 3449 indifferentia
3654 3410 3666 3446 :
3705 3415 3734 3440 ‹‹
3773 3395 3884 3444 Aut

488 3492 617 3532 esse
650 3489 764 3544 non
798 3463 1120 3544 quamlibet
1149 3465 1254 3519 viri
1272 3463 1623 3544 etmalieris
1639 3466 2134 3544 coniunctionem,
2168 3477 2211 3544 ο
2252 3467 2490 3544 modum
2525 3472 2848 3544 togamque
2894 3465 3240 3544 excedentes
3281 3481 3381 3536 per
3437 3465 3887 3544 impietatem-et

491 3548 590 3603 sed
625 3543 759 3598 κατὰ
785 3534 974 3612 νόμον,
1007 3562 1035 3588 ‹‹
1067 3537 1392 3612 secundum
1438 3534 1635 3612 legem.
1661 3557 1688 3584 »
1714 3538 1786 3612 ᾼι
1815 3552 2011 3612 οιιᾼιιια
2046 3534 2128 3595 Ιθέ

492 3637 622 3692 gem
659 3640 682 3669 ιο
717 3605 1020 3692 indeﬁnite
1047 3609 1283 3692 dixerit,
1306 3605 1578 3692 sonverbo
1598 3606 1840 3692 forsitan
1867 3609 2130 3692 deindu-

488 3678 634 3749 ξιτ-ιιι
667 3706 810 3744 usus
843 3689 972 3748 est;
1020 3687 1083 3736 ut
1129 3697 1196 3735 eo
1226 3678 1582 3750 signiﬁcaret
1611 3695 1722 3733 non
1757 3679 1948 3734 solum
1982 3683 2128 3738 divi-

491 3748 652 3826 nam,
679 3778 804 3830 qua:
830 3759 888 3830 in
921 3753 1105 3810 sacris
1129 3748 1340 3806 litteris
1371 3755 1429 3802 et
1460 3748 1530 3804 ab
1583 3750 1864 3830 apostolis
1905 3756 2130 3830 sancite

489 3821 712 3898 fuerat;
731 3831 831 3883 sed
864 3829 1184 3898 humanam
1217 3835 1451 3892 quoque
1490 3821 1857 3898 saecularium
1909 3825 2132 3898 scilicet

491 3895 820 3976 principum
859 3902 1063 3976 legem,
1091 3895 1261 3976 juxta
1293 3908 1468 3976 quam
1504 3895 2129 3976 conJ_ugium,_utlegi_.

488 3964 1104 4037 iimussolemn—isque
1135 3970 1474 4019 contractus
1497 3964 1684 4037 civilis
1716 3966 1814 4037 sit.
1848 3966 1920 4020 ab
1947 3964 2132 4024 omini-

491 4042 757 4102 businiri
792 4041 980 4093 debet.
1010 4035 1429 4098 _Quamobrem
1488 4035 1600 4090 alio
1650 4036 1802 4090 198
1853 4038 1910 4091 in
1945 4038 2132 4096 libro“

491 4120 598 4173 hoc
629 4120 697 4169 de
729 4113 824 4168 illo
859 4125 962 4164 nec
1002 4107 1172 4178 plura
1202 4105 1423 4159 edixit:
1461 4125 1488 4152 «
1523 4105 1939 4178 Unusquisque
1990 4127 2131 4166 nos-

490 4197 646 4245 trum
679 4185 876 4242 habet.
910 4180 958 4234 si
1006 4176 1164 4248 velit,
1210 4179 1552 4248 potestatem
1599 4176 2131 4248 uxorem—legitime

491 4257 764 4322 ducendi,
794 4249 930 4306 κατὰ
954 4249 1044 4302 τὸν
1078 4246 1246 4322 νόμρν
1275 4249 1497 4322 γαμεῖν,
1524 4246 1580 4298 in
1618 4249 1845 4317 primis,
1867 4246 2132 4322 inquam,

491 4317 858 4402 nuptiis,v'rp‘ov
892 4325 1107 4402 πρῶτον
1142 4317 1290 4402 λέγω
1318 4317 1515 4402 γάυμογ.
1553 4338 1581 4365 ››

562 4387 841 4468 Quamvis
874 4387 1067 4468 autem
1101 4387 1350 4468 utroque
1379 4389 1437 4442 iu
1472 4387 1595 4442 loco
1616 4387 2129 4468 Clemensdixerit,

492 4499 519 4529 α
554 4463 801 4546 primam
853 4463 1346 4546 conjunctionem,
1379 4475 1615 4546 smnemo
1651 4465 1846 4546 tamen
1875 4465 2132 4546 indeuia-

488 4530 638 4603 t'ei‘at
695 4530 986 4598 secundas
1017 4535 1254 4605 nuptias
1287 4533 1360 4586 ab
1389 4530 1488 4585 illo
1529 4533 1870 4605 improbari.
1910 4540 1983 4588 De
2013 4537 2132 4590 illis

488 4620 782 4674 enimvero
806 4629 938 4668 eum
963 4603 1192 4678 aquius
1216 4605 1518 4678 judicasse
1550 4603 1700 4678 intra
1731 4608 2130 4678 ostendemus.

490 4691 619 4745 Haec
679 4689 878 4754 itaque
962 4675 1134 4754 verba
1193 4679 1249 4731 in
1309 4675 1690 4754 matrimonii_
1751 4677 2133 4754 definitionne

493 4761 622 4815 ideo
655 4747 902 4814 addi-dit.
937 4753 1075 4822 quia
1109 4748 1378 4822 secundae
1412 4748 1627 4822 nuptiae
1657 4747 1747 4813 iis,
1771 4749 1880 4822 qui
1910 4765 1972 4803 se
2002 4767 2134 4804 con-

495 4833 680 4922 tinere
707 4818 1049 4897 nequibant,
1084 4820 1404 4892 apostolica
1456 4818 1821 4889 indulgentia
1851 4822 2131 4876 concede-
2165 4857 2210 4922 Β

492 4902 820 5036 baIgia‘ii'ique
869 4964 1129 5036 Clemens
1180 4961 1347 5014 docet
1401 4961 1574 5036 finem
1610 4961 1971 5036 matrimonii
2004 4979 2136 5018 esse

494 5033 820 5113 legitimam
858 5035 1111 5113 filiorum
1153 5034 1634 5113 procreationem.
1669 5033 1790 5113 Non
1827 5035 2035 5113 unicuns
2057 5041 2142 5113 ta-

496 5101 650 5177 mén,
683 5111 939 5181 ipsomet
986 5107 1242 5181 auctore.
1284 5106 1378 5181 est
1415 5101 1522 5181 ille
1571 5105 1930 5181 matrimonii
1981 5106 2136 5160 finis.

496 5171 662 5239 Aliud
698 5171 993 5250 siquidem
1021 5174 1144 5241 ipse
1176 5171 1428 5250 declarat
1458 5188 1585 5250 esse
1631 5175 1758 5250 ejus
1809 5191 2025 5250 munus
2084 5181 2141 5250 et

493 5242 910 5310 ministerium,
945 5249 1119 5313 atque
1153 5242 1332 5296 alium
1365 5243 1608 5311 proinde
1638 5242 1695 5298 et
1727 5246 1923 5306 ﬁnem.
1961 5247 2138 5300 nimi-

490 5344 616 5381 rum
644 5320 955 5392 gerendam
978 5315 1315 5392 earumdem
1346 5313 1618 5374 lilioruin,
1644 5319 2139 5392 quemadmodum

493 5385 713 5466 uxoris,
749 5398 924 5461 atque
949 5387 1124 5441 etiam
1182 5385 1393 5437 domus
1433 5399 1659 5450 curam,
1696 5407 1721 5437 (ι
1751 5395 1805 5440 et
1837 5405 2014 5458 quam
2047 5389 2140 5443 in-

561 5526 605 5561 oo
633 5524 776 5577 Luc,
815 5531 872 5572 ν,
900 5514 992 5567 27.
1076 5508 1088 5542 ¹
1121 5506 1384 5576 Origen.,
1419 5506 1456 5561 l.
1491 5524 1508 5562 ι
1543 5514 1728 5565 contr.
1762 5511 2015 5574 Celsum,
2049 5517 2091 5567 t.
2136 5511 2208 5574 Il,

2248 3537 2444 3591 odium
2483 3534 2830 3607 profitentur
2859 3534 3302 3597 continentiam,
3328 3558 3355 3584 υ
3379 3551 3482 3607 per
3500 3535 3704 3589 odium
3728 3534 3883 3607 scili-

2239 3614 2330 3662 cet
2359 3606 2666 3675 Creatoris,
2713 3624 2886 3678 quem
2944 3607 3161 3678 malum
3193 3624 3322 3662 esse
3352 3606 3600 3677 opinati,
3644 3606 3884 3676 nuptias

2240 3691 2473 3748 quoque
2505 3679 2688 3733 malas
2719 3677 2776 3735 et
2805 3677 3098 3734 diabolum
3149 3694 3349 3733 earum
3403 3684 3700 3748 auctorem
3753 3691 3884 3731 esse

2241 3747 2421 3820 impie
2452 3750 3034 3820 garriehant.Horum
3054 3755 3249 3805 autem
3275 3749 3538 3805 omnium
3571 3747 3771 3802 futiles
3787 3763 3881 3801 ra-

2238 3821 2427 3876 tiones
2458 3823 2762 3892 variasque
2791 3821 3192 3877 cavillationes
3244 3826 3406 3876 tanta
3455 3820 3873 3892 perspicuitate

2241 3892 2411 3947 diluit
2443 3909 2508 3947 ac
2541 3890 2813 3956 dest-ruit,
2843 3897 3065 3963 quanta
3114 3892 3410 3948 soliditate
3449 3898 3507 3945 et
3554 3890 3885 3963 invectissi-

2241 3966 2352 4018 mis
2394 3965 2686 4018 rationum
2739 3962 3051 4020 momentis
3092 3964 3311 4019 bonum
3353 3978 3483 4018 esse
3541 3962 3881 4033 conjugium

2241 4037 2624 4092 demonstrat.

2312 4113 2386 4160 At
2427 4106 2658 4162 tametsi
2700 4105 2843 4161 illud
2879 4106 3092 4160 bonum
3143 4121 3271 4162 esse
3332 4104 3723 4159 invictissime
3763 4101 3880 4156 Cle-

2242 4195 2410 4232 mens
2462 4178 2809 4248 probaverit,
2861 4178 2987 4248 ipse
3035 4177 3420 4248 nihilominus
3469 4175 3588 4230 ait“
3640 4191 3655 4230 :
3707 4197 3736 4225 ι(
3777 4173 3883 4248 Ne:

2241 4265 2354 4318 que
2384 4243 2475 4304 est
2509 4266 2654 4303 uxor
2683 4243 2950 4304 ducenda
2993 4247 3252 4317 cuilibet,
3307 4264 3496 4317 neque
3526 4262 3760 4315 semper
3789 4243 3883 4299 sed

2242 4327 2482 4390 tempus
2543 4336 2801 4391 quoque.
2861 4325 2952 4374 est
3010 4320 3066 4373 in
3125 4336 3241 4390 quo
3297 4320 3589 4384 convenit,
3643 4325 3701 4372 et
3759 4333 3883 4385 per-

2242 4409 2380 4446 sona
2414 4391 2504 4446 cui
2538 4391 2826 4453 convenit,
2859 4400 2918 4445 et
2959 4395 3098 4445 aetas
3148 4392 3218 4445 ad
3269 4396 3491 4446 certum
3538 4404 3729 4458 usque
3771 4395 3883 4442 ter-

2243 4465 2490 4518 minum.
2535 4462 2734 4532 Neque
2781 4478 2920 4531 ergo
2977 4468 3066 4517 est
3118 4462 3357 4517 cuilibet
3410 4477 3557 4516 uxor
3611 4459 3859 4530 quaelibs

2242 4535 2533 4606 ducenda,
2579 4549 2768 4606 neque
2825 4550 3056 4603 semper
3087 4549 3109 4606 :7
3133 4535 3232 4589 sed
3292 4549 3483 4606 neque
3539 4532 3783 4606 omnino
3833 4532 3888 4584 et

2243 4605 2620 4676 impudenter
2649 4603 2715 4660 ac
2746 4610 2984 4673 temere,
3017 4605 3117 4660 sed
3157 4606 3208 4660 ei
3241 4606 3344 4675 qui
3378 4603 3785 4676 aliquoimodo
3825 4614 3884 4655 se

2243 4673 2420 4730 habet
2447 4682 2505 4731 et
2536 4677 2748 4747 qualis,
2807 4682 2862 4730 et
2913 4676 3145 4746 quando
3190 4673 3437 4746 oportet,
3468 4673 3527 4730 et
3555 4673 3880 4747 liberorum

2245 4747 2455 4818 gratia,
2514 4745 2572 4802 et
2626 4765 2694 4802 ea
2748 4764 2873 4815 qua:
2928 4745 3014 4802 est
3069 4747 3129 4801 in
3189 4745 3468 4802 omnibus
3530 4745 3885 4818 similis,__e_t

2246 4813 2358 4873 non
2415 4819 2467 4872 vi
2527 4824 2630 4874 aut
2707 4813 3051 4873 necessitate
3120 4820 3308 4873 virum
3394 4823 3665 4872 amanten
3753 4813 3884 4870 dili-

2245 4891 2348 4960 git.
2401 4911 2432 4939 »
2493 4891 2606 4944 Nec
2649 4891 2926 4944 omnibus
2957 4891 3174 4959 itaque,
3209 4895 3273 4943 ut
3301 4897 3456 4944 recte
3479 4888 3751 4943 Clemens
3782 4887 3888 4960 do-

2246 4959 2354 5025 oet,
2408 4977 2511 5014 nec
2562 4961 2722 5016 omni
2782 4967 2965 5024 aatate,
3023 4976 3127 5014 nec
3179 4960 3441 5030 quolibet
3485 4966 3747 5028 tempore
3807 4959 3888 5012 fas

2249 5037 2338 5086 est
2361 5031 2509 5086 inire
2540 5033 2875 5102 conjugium
2904 5051 2918 5098 ;
2953 5033 3052 5086 sed
3111 5046 3391 5100 persona,
3423 5032 3514 5086 cui
3549 5031 3692 5084 illud
3747 5045 3886 5102 conf

2247 5102 2407 5158 venit
2437 5104 2604 5173 cujus
2634 5099 2774 5157 atas
2823 5103 2900 5157 sit
2942 5099 3214 5172 conjugio
3270 5107 3499 5158 matura
3540 5106 3599 5157 et
3648 5105 3790 5170 apta
3816 5099 3883 5155 ad

2249 5175 2485 5241 liberos,
2523 5180 2587 5228 ut
2617 5175 2674 5228 in
2710 5173 2824 5228 alio
2857 5191 3029 5243 opere
3060 5175 3332 5239 dixerat”,
3366 5173 3799 5242 suscipiendos,
3824 5187 3886 5225 ac

2249 5246 2420 5314 deniq
2434 5262 2503 5299 ue
2523 5245 2779 5315 conjugii
2805 5250 3037 5316 tempus
3051 5245 3731 5316 seligendum.Przsterea
3744 5259 3885 5316 uxor

2251 5318 2518 5371 ducenda
2547 5314 2724 5372 debet
2747 5317 2821 5380 ei,
2854 5314 2945 5370 cui
2999 5314 3253 5387 nuptura
3301 5321 3391 5372 est
3435 5317 3702 5379 omnino,
3754 5314 3887 5366 κατὰ

2251 5409 2433 5455 παντι,
2461 5413 2488 5437 ‹‹
2526 5390 2580 5442 in
2605 5390 2881 5444 omnibus
2906 5404 3085 5442 nesse
3106 5389 3341 5456 similis,
3367 5388 3630 5444 moribus
3646 5387 3884 5450 scilicet,

2240 5529 2298 5584 p.
2331 5514 2454 5568 427.
2533 5513 2553 5547 ²
2579 5512 2831 5585 Origen.,
2865 5511 3022 5582 praef.
3055 5511 3112 5566 in
3148 5513 3325 5585 Epist.
3367 5513 3437 5568 ad
3462 5519 3654 5585 Rom.,
3680 5530 3737 5584 p.
3760 5518 3889 5574 296·

490 5600 644 5656 Hier.
681 5610 739 5646 in
774 5585 1005 5646 Matth.,
1241 5577 1551 5657 Theodon,
1588 5587 1802 5657 quiest.
1829 5585 1895 5657 16
1927 5583 1981 5636 in
2015 5583 2126 5638 Νυι

2243 5577 2259 5638 ἶ
2325 5585 2582 5657 ³Ρι·δε‹].,
2617 5584 2654 5638 l.
2689 5601 2752 5654 ιι,
2785 5577 2833 5639 οξ
2956 5601 3012 5656 p.
3049 5585 3168 5657 148.
3193 5577 3218 5657 ’ί
3249 5587 3268 5621 ⁸
3297 5584 3569 5641 Strom.l.
3594 5577 3655 5651 u,
3760 5591 3880 5647 421-

487 5674 508 5708 ⁸
539 5671 580 5726 l.
615 5683 700 5731 ιιι,
726 5679 784 5735 p.
818 5659 946 5714 457-

483 5722 586 5820 per
615 5722 871 5802 dissert,
903 5746 951 5788 c.
983 5726 1038 5793 5,
1068 5729 1174 5782 art.
1206 5722 1260 5778 3.

1029 5654 1050 5688 ⁶
1077 5651 1243 5729 ibid...
1279 5667 1333 5722 p.
1368 5652 1470 5706 459
1501 5657 1556 5708 et
1587 5654 1710 5708 461.
1786 5655 1804 5688 ⁷
1837 5653 1875 5709 1.
1913 5671 1998 5725 ιιι,
2031 5667 2126 5726 ρ.λ

2314 5657 2334 5690 ⁸
2365 5656 2496 5726 1.11,
2525 5651 2580 5728 p.
2614 5651 2746 5711 421.⁷
2815 5657 2836 5690 ⁰
2868 5651 2973 5711 lib:
3002 5671 3065 5717 ιι.
3097 5655 3348 5729 Pedag.,
3393 5673 3521 5728 cap.
3557 5658 3645 5725 10,
3679 5651 3739 5715 et
3776 5679 3877 5718 su.
