4130 6194
291 204 433 261 1177

1563 207 1656 259 ΒΕ
1695 203 1926 259 LlBRIS
1962 201 2429 258 STROMATUM.

3565 207 3701 262 1178

302 329 541 403 ingenio
563 332 618 386 et
642 328 1023 400 professione,
1043 328 1127 385 ita
1145 332 1206 384 ut
1225 332 1518 386 amantem
1539 330 1724 386 virum
1745 329 1950 398 sponte
1980 327 2032 393 Α
2139 323 2404 403 Secundo
2437 341 2550 381 non
2575 324 2652 380 ibi
2679 325 2943 403 Clemens
2971 325 3109 403 dicit
3130 327 3187 383 in
3217 329 3474 385 secundo
3504 333 3704 386 matri-

303 402 413 460 sua
446 402 724 458 redamet.

373 473 695 530 Celebratis
752 488 924 544 porro
985 471 1230 542 nuptiis,
1269 495 1296 522 «
1351 472 1814 528 conservandum
1873 473 1962 525 est

308 543 817 609 matrimonium,»
841 543 1159 598 Clementis
1185 544 1358 598 verba
1384 551 1522 599 sunt
1544 545 1605 608 ⁸ο,
1633 568 1654 592 ι
1683 553 1958 612 tanquam

305 633 472 673 sacra
502 622 717 682 statua,
743 615 1028 687 mundum
1058 615 1128 668 ab
1157 615 1247 681 iis,
1276 632 1402 685 qua
1427 615 1727 687 polluunt;
1762 616 1962 687 utpote

305 689 406 759 qui
441 706 476 743 a
505 703 713 743 somno
745 686 987 759 quidem
1019 686 1499 759 expergiscamur
1524 703 1657 742 cum
1698 686 1960 759 Domino,

307 757 516 816 eamus
564 764 760 813 autem
795 757 1114 813 dormitum
1167 757 1300 814 cam
1343 757 1662 830 gratiarum
1710 758 1960 819 actione,

303 838 361 888 et
391 847 630 886 oremus
656 847 669 884 :

380 912 517 965 Cum
545 925 738 965 somno
768 908 1043 979 indulges,
1077 909 1180 963 lux
1207 913 1257 964 et
1287 915 1428 974 cum;
1441 909 1669 980 fulserit
1697 908 1882 968 alma;

314 992 462 1047 Tota
496 997 695 1045 nostra
717 989 840 1043 vita
871 989 1181 1043 Dominum
1213 993 1520 1056 testantes,
1545 991 1816 1060 pietatem
1841 986 1968 1058 qui-

311 1067 444 1116 dem
479 1079 544 1116 ac
579 1060 916 1127 religionem
965 1063 1162 1113 anima
1207 1061 1591 1131 possidentes,
1625 1064 1962 1130 temperan-

315 1136 462 1189 tiam
496 1139 689 1188 autem
726 1147 912 1202 usque
942 1132 1008 1184 ad
1046 1147 1260 1202 corpus
1291 1132 1670 1187 deducentes.
1699 1153 1726 1179 »

387 1204 609 1259 Deinde
661 1201 879 1258 ibidem
927 1201 1188 1257 ostendit
1227 1219 1402 1272 quam
1464 1204 1724 1257 modeste
1771 1206 1827 1255 et
1877 1201 1969 1270 pie

317 1293 468 1331 uxor
496 1291 560 1332 se
592 1291 790 1356 gerere
821 1274 1048 1339 debeat,
1082 1291 1115 1327 a
1145 1276 1480 1356 suspicione
1507 1283 1564 1328 et
1593 1273 1857 1356 crimine,
1881 1276 1967 1325 at-

315 1362 433 1418 que
464 1344 626 1418 omni
670 1346 843 1418 etiam
877 1361 1026 1399 vano
1079 1345 1497 1418 superﬂuoque
1543 1345 1702 1399 cultu
1757 1344 1967 1411 aliena,

314 1416 580 1473 assiduis
613 1416 884 1487 precibus
915 1432 1158 1482 vacans;
1193 1433 1258 1470 ac
1295 1418 1412 1471 ﬁda
1443 1417 1652 1470 domus
1682 1431 1800 1487 suae
1830 1431 1966 1469 cus-

312 1495 427 1552 tos,
451 1506 484 1541 ι
519 1486 878 1558 ευίιερθοῐυ
913 1504 1033 1551 eos,
1059 1487 1247 1558 quoad
1285 1488 1404 1542 fieri
1440 1492 1652 1558 potest,
1675 1486 1966 1554 excludat,

313 1559 687 1633 quiadeam
725 1559 1194 1633 nonpertinent.
1286 1624 1294 1632 ‘

393 1631 764 1688 Manifestum
810 1628 948 1684 alibi
975 1632 1017 1666 ιι
1052 1628 1294 1700 quoque
1318 1628 1460 1701 facit
1509 1628 1800 1701 quomodo
1831 1644 1968 1701 san-

2068 397 2263 482 mqnio
2288 411 2422 478 .esse
2455 413 2658 482 reapse
2701 399 3200 482 imperfectionem
3232 406 3333 456 aut
3363 410 3664 482 peccatum
3691 422 3702 468 ;

2069 469 2171 543 sed
2202 469 2302 539 qui
2332 471 2587 525 secundo
2629 469 3542 543 matrimoniocopulatum'hunc
3591 491 3701 528 non

2069 539 2361 614 attingere
2405 543 2873 614 commendatam
2911 542 2970 596 in
3011 539 3322 613 Evangelia
3375 561 3707 614 supremam

2070 611 2198 665 vitae
2233 611 2576 666 Christianis
2611 613 3043 684 perfectionem.

2145 684 2512 752 QuaprOpter
2529 684 2624 738 ubi
2653 684 3092 739 matrimonium
3119 684 3331 751 abillo,
3349 691 3414 740 ut
3436 686 3714 750 vidimus,

2074 753 2355 808 definitur
2379 755 2420 789 ¹⁷
2455 771 2502 808 εσ
2540 755 2728 810 Prima
2758 756 2862 809 viri
2897 764 2952 810 et
2984 756 3245 811 mulieris
3279 759 3598 812 secundum
3633 758 3714 811 le-

2073 841 2219 900 gem
2240 825 2604 900 conjunctio;
2633 826 2779 900 »__vel
2816 827 2922 900 ubi,
2944 829 3016 882 ab
3060 828 3186 897 ipso
3218 844 3448 898 quoque
3479 830 3713 900 scriptis

2077 895 2354 950 traditum
2388 901 2476 971 est
2500 897 2580 952 1°:
2612 895 3372 971 {Unusquisque—nostrum
3405 900 3578 954 habet
3602 895 3712 971 ’ρο-

2075 972 2344 1039 testatem
2405 968 2653 1023 ducendi
2713 968 2996 1032 uxorem,‘
3026 971 3348 1025 secundum
3404 968 3711 1039 legem,'in

2076 1037 2303 1110 primis,
2335 1039 2599 1108 inquam,
2635 1041 2884 1109 nuptiis;
2910 1063 2937 1090 ››
2970 1041 3055 1094 vel
3097 1042 3192 1094 ubi
3226 1037 3483 1096 tandem"
3511 1059 3712 1097 mono~

2075 1110 2330 1182 gamiam
2365 1111 2439 1182 ab
2468 1128 2533 1165 eo
2562 1111 2774 1166 dicitur
2799 1112 2840 1144 ¹⁹
2890 1113 3165 1167 constitui
3215 1113 3473 1182 Apostoli
3504 1114 3712 1170 verbis.

2075 1181 2290 1250 quibus
2325 1181 2576 1246 mulieri,
2596 1184 2719 1236 viro
2743 1199 2847 1236 suo
2879 1191 3130 1249 mortuo,
3154 1181 3358 1237 rursus
3386 1184 3444 1238 in
3468 1184 3714 1240 Domino

2077 1253 2337 1326 nubendi
2384 1256 3072 1326 potestatemﬂlacitksed
3124 1253 3170 1308 si
3220 1257 3394 1309 vidua
3444 1272 3713 1326 perman-

2078 1323 2240 1407 serit,
2299 1323 2529 1407 beatam
2564 1325 2901 1407 ‘pruadoicat;
2954 1325 3388 1407 hisuomnibus‘
3435 1323 3711 1407 loquendi

2077 1393 2464 1466 modisnihil
2527 1393 2682 1450 aliud
2742 1395 2992 1466 ipsemet
3052 1396 3202 1450 idem
3263 1402 3464 1453 auctor
3511 1393 3718 1453 'noster

2077 1464 2188 1540 sibi
2205 1464 2421 1540 voluit,
2448 1464 2902 1540 nisi_secundas
2950 1469 3210 1540 nuptias,
3244 1475 3479 1540 propter
3526 1469 3716 1524 homi-

2078 1537 2172 1610 nis
2203 1535 2711 1610 incontinentiam,
2745 1535 3062 1609 apostolica
3104 1535 3473 1610 indulgentia
3521 1546 3578 1595 et
3619 1556 3712 1596 ve-

2079 1608 2171 1663 nia
2205 1607 2385 1663 fuisse
2417 1609 2757 1682 permissas,
2781 1607 3006 1681 easque
3035 1607 3403 1682 etiamsinon
3437 1612 3558 1667 sint
3588 1628 3713 1682 pec-

314 1681 768 1784 cessisse
798 1681 983 1784 esse
1019 1681 1160 1756 θὲέέ
1183 1681 1543 1784 τορἱιᾶῦἐίίιηῖ
1554 1681 1743 1784 {his
1776 1681 1961 1766 ίιέόνί»
1998 1694 2044 1760 Β
2075 1683 2292 1784 Ξὲξξὶξῗν
2314 1681 2495 1784 .3393
2518 1681 3709 1784 εΞῌὶδηθτέηέἳρὲρὲἓὶῖἒῖ.ςέἶῖῗλίὲἱῖκὲῗ

315 1773 366 1853 si
399 1773 546 1842 viro,
568 1776 642 1853 ut
674 1771 984 1853 ’pie’vivat,
1019 1773 1368 1853 persuadere
1403 1772 1760 1853 nequiverit,
1792 1787 1966 1853 agen-

315 1845 496 1911 dum;
528 1849 586 1899 et
625 1844 854 1915 tradita
874 1845 948 1898 ab
975 1843 1252 1915 Apostolo
1283 1843 1636 1915 conjugibus
1680 1846 1966 1914 praacepta

316 1916 393 1972 ob
424 1915 690 1971 omnium
724 1913 888 1986 ponit
916 1913 1136 1986 oculos.

388 1989 472 2041 Ad
509 1987 632 2041 hac
661 1983 793 2041 vero
817 2003 870 2040 τι(
899 1985 1071 2050 Eum,
1098 1985 1290 2056 inquit
1312 1985 1378 2048 ¹²,
1400 1984 1501 2056 qui
1532 2001 1769 2040 uxorem
1799 1983 1967 2038 duxit

315 2075 427 2130 pro
457 2057 774 2130 liberorum
818 2058 1237 2130 procreatione,
1257 2072 1532 2130 exercere
1571 2060 1795 2130 oportet
1824 2071 1964 2110 con-

317 2128 660 2194 tinentiam;
693 2134 864 2200 utine
912 2143 1078 2200 suam
1134 2128 1368 2200 quidem
1418 2128 1795 2200 concupiscat
1825 2143 1966 2182 uxo-

320 2215 662 2271 rem,quam
697 2199 870 2254 debet
901 2198 1166 2271 diligere,
1189 2199 1433 2254 honesta
1463 2203 1520 2254 et
1551 2199 1848 2271 moderata
1872 2214 1968 2271 vo-

315 2269 546 2343 luptate
576 2287 812 2342 operam
846 2271 993 2325 dans
1017 2269 1735 2343 'liberisnaQuamobrem
1770 2269 1968 2343 divina

318 2341 446 2413 lege
478 2341 768 2398 statutum
802 2357 932 2396 esse
965 2342 1173 2412 probat
1193 2343 1235 2377 ³³
1255 2341 1466 2413 debere
1487 2365 1514 2391 ‹‹
1538 2341 1692 2396 viros
1723 2341 1804 2395 uti
1841 2357 1964 2395 n.0-

315 2411 519 2470 derate
551 2413 852 2478 uxoribus,
872 2417 934 2484 et
955 2411 1190 2484 propter
1213 2412 1397 2468 solam
1433 2411 1746 2468 liberorum
1770 2427 1965 2467 susce-

315 2485 596 2558 ptionem.
626 2507 654 2558 ξ)
683 2483 991 2558 Sedillum
1037 2486 1108 2538 de
1156 2484 1250 2558 bis
1291 2485 1512 2558 eodem
1544 2485 1740 2558 modo,
1790 2489 1963 2554 atque

314 2556 496 2613 etiam
531 2557 722 2612 fusius
751 2556 1140 2612 disserentem
1166 2556 1290 2625 jam
1324 2556 1657 2610 audivimus
1686 2556 1749 2608 1‘.

876 2652 1286 2709 ARTICULUS
1318 2654 1386 2708 II.

306 2737 386 2792 De
413 2733 666 2790 secundi:
711 2733 945 2804 nuptiis,
976 2750 1046 2787 un
1097 2733 1165 2787 de
1208 2733 1326 2788 illis
1373 2741 1513 2789 recte
1555 2733 1807 2789 Clemens
1835 2749 1964 2788 sen-

375 2806 538 2889 serit,
569 2813 622 2862 et
647 2805 712 2860 de
749 2805 1202 2877 patriarcharum
1243 2804 1436 2860 veteris
1466 2807 1778 2860 testamenti
1803 2805 1963 2877 poly-

374 2894 594 2950 gamza.

381 2966 551 3036 Apud
585 2964 1024 3036 Centuriatores
1066 2961 1219 3019 male
1259 2962 1424 3036 audit
1453 2962 1719 3036 Clemens
1746 2971 1961 3036 noster,

308 3034 468 3109 ειυοδ
488 3038 803 3124 secundae
826 3035 1083 3124 senties
1114 3035 1445 3124 eia-ireire,
1465 3034 1956 3124 ἐφρβεῖθίξείρρὶξρ
1991 3057 2034 3124 c

306 3106 418 3165 nec
452 3111 577 3165 sine
609 3113 846 3179 peccato
869 3122 1010 3179 esse
1039 3106 1700 3179 tradiderit.pViideamus
1727 3121 1862 3179 ergo
1885 3122 1958 3160 an

298 3182 441 3252 jure
472 3180 565 3252 vel
591 3177 808 3252 injuria
829 3178 902 3233 ab
934 3177 1072 3244 illis,
1099 3177 1350 3252 aliisque
1373 3177 1588 3252 idcirco
1613 3177 1965 3252 corripiatur

306 3248 372 3307 et
403 3248 943 3322 vapuletIPrimum
970 3256 1160 3322 autem
1189 3248 1456 3322 Clemens
1477 3249 1653 3304 citato
1687 3265 1720 3303 a
1748 3251 1961 3322 Centu-

303 3320 622 3380 riatoribus
663 3321 915 3392 librode
961 3320 1168 3392 primis
1200 3321 1594 3391 secundisque
1628 3321 1851 3392 nuptiis
1885 3321 1965 3392 ita

300 3395 569 3450 decernit
593 3393 638 3430 1⁸
669 3411 735 3448 :«
789 3391 1245 3464 Monogamiam,
1297 3395 1355 3447 et
1404 3408 1530 3464 quis
1582 3391 1854 3464 consistit
1901 3391 1962 3464 in

306 3483 430 3523 uno
461 3465 655 3536 solum
683 3460 1059 3536 matrimonio
1081 3460 1472 3536 honestatem,
1502 3461 1842 3536 μογογαμίαν
1872 3460 1962 3536 aut

301 3538 408 3604 τήν
444 3536 567 3609 περὶ
596 3534 687 3588 τὸν
731 3529 826 3587 ἕνα
865 3532 1040 3607 γάμον
1089 3534 1410 3609 σεμνότητα,
1445 3529 1962 3609 admiramur;_di-

302 3604 737 3666 centes'tamen
791 3604 1057 3676 oportere
1111 3604 1357 3661 aliorum
1412 3606 1699 3669 misereri,
1730 3612 1788 3662 et
1817 3604 1962 3658 alte-

313 3697 451 3737 rum
506 3677 747 3733 alterius
795 3693 973 3748 onera
1019 3681 1279 3748 portare;
1325 3693 1396 3731 ne
1448 3677 1578 3746 quis
1627 3693 1758 3732 cum
1811 3680 1965 3732 recte

311 3758 474 3809 stare
504 3749 789 3818 videatur,
813 3747 939 3816 ipse
969 3747 1200 3819 quoque
1229 3748 1420 3803 cadat.
1445 3752 1522 3803 De
1552 3749 1830 3803 secundis
1859 3765 1964 3803 au-

308 3829 433 3880 tem
471 3821 692 3893 nuptiis
725 3838 777 3876 :a
807 3819 865 3893 Si
899 3818 1116 3893 ureris,
1139 3819 1332 3893 inquit
1359 3819 1964 3893 Apostolus,jungere

313 3890 718 3951 matrimonio.
745 3914 774 3941 ››
805 3890 954 3954 Quid
999 3897 1194 3946 autem
1229 3891 1331 3959 ibi,
1363 3893 1521 3961 quod
1571 3891 1782 3947 divinae
1813 3895 1962 3961 Apo-

310 3965 453 4021 stoli
484 3964 761 4020 doctrina!
811 3979 926 4017 non
958 3963 1036 4018 sit
1065 3963 1304 4018 omnino
1355 3963 1708 4018 conveniens
1739 3967 1794 4016 et
1826 3979 1963 4017 con-

306 4033 700 4094 sentaneum?
727 4032 882 4088 Nihil
936 4039 1110 4105 certe.
1139 4034 1207 4088 Et
1236 4049 1368 4089 vero
1418 4033 1665 4105 ipsemet
1694 4034 1962 4089 Clemens

308 4114 520 4182 postea
543 4105 735 4162 adhuc
755 4105 1013 4182 ostendit
1035 4103 1142 4182 hoc
1165 4105 1235 4159 ab
1267 4103 1466 4182 eodem
1487 4105 1762 4182 Apostolo
1786 4105 1963 4182 fuisse

307 4175 595 4236 traditum
645 4196 657 4233 :
691 4197 712 4224 ι
765 4176 1217 4247 Monogamiam,
1270 4177 1350 4230 ait
1391 4175 1516 4247 ipse
1547 4178 1610 4242 ¹⁶,
1643 4176 1964 4231 introducit

310 4255 555 4324 propter
585 4248 902 4303 liberorum
938 4246 1398 4324 puocreationem
1423 4246 1486 4302 et
1515 4250 1726 4324 domus
1758 4263 1958 4324 curam

308 4318 736 4396 gerendam,_et
765 4334 939 4396 quam
977 4319 1117 4396 data
1142 4323 1226 4374 est
1245 4318 1454 4396 mulier
1483 4318 1840 4396 adjurtrix,_et
1869 4318 1949 4373 si-

307 4389 413 4451 ειη
441 4391 753 4471 Apostolus
775 4393 1011 4471 propter
1041 4389 1548 4471 intemperantiam
1581 4395 1645 4471 et_
1665 4390 1954 4471 ustionem

307 4483 380 4523 ex
412 4461 580 4520 venia
621 4462 946 4518 secundum
1000 4461 1266 4517 concedit
1315 4461 1776 4516 matrimonium.
1811 4461 1956 4516 Nam

307 4538 411 4594 hic
443 4550 679 4606 quoque
710 4550 823 4606 non
860 4538 1063 4606 peccat
1092 4533 1330 4606 quidem
1359 4551 1426 4588 cx
1447 4538 1817 4606 testamento,
1843 4550 1956 4588 non

307 4620 404 4665 est
433 4603 597 4663 enim
648 4622 716 4661 ex
767 4604 891 4668 lege
940 4603 1315 4674 prohibitus:
1351 4621 1464 4659 non
1516 4603 1720 4675 implet
1765 4611 1957 4660 autem

304 4693 609 4737 summam
641 4675 1431 4747 illampperfectionem.iquzs
1462 4678 1657 4747 agitur
1682 4693 1748 4730 ex
1780 4676 1958 4731 Evano

302 4751 481 4822 gelio.
507 4773 536 4799 »
567 4749 738 4822 Quid,
775 4745 1014 4822 obsecro
1049 4751 1120 4822 te,
1155 4747 1224 4801 ad
1267 4746 1490 4822 falsam
1505 4745 1763 4822 duplicis
1793 4764 1955 4822 erro-

303 4815 388 4879 ris
442 4819 758 4888 maculam,
788 4815 1069 4874 Clementi
1124 4822 1322 4873 nostro
1373 4836 1405 4873 a
1454 4815 1957 4876 Centuriatoribus

300 4902 526 4951 temere
556 4891 803 4953 illatam,
829 4889 1061 4960 penitus
1091 4888 1402 4944 eluendam
1437 4889 1530 4945 bis
1553 4890 1742 4946 verbis
1772 4892 1958 4946 efﬁca-

300 4966 433 5022 cius
463 4975 636 5034 atque
674 4959 1028 5037 expressius
1063 4960 1673 5037 desi_derar_i_potest_?_
1691 4962 1952 5018 Primum

299 5039 462 5092 enim
502 5031 762 5106 quonam
799 5031 1029 5087 olariori
1067 5031 1238 5106 modo
1284 5032 1452 5087 nobis
1484 5033 1816 5106 significare
1848 5051 1954 5106 au-

303 5117 436 5164 ctor
477 5104 675 5162 noster
725 5107 949 5175 poterat
996 5105 1285 5176 secundas
1326 5104 1794 5176 inuptiasresseua
1829 5105 1957 5161 sine

300 5183 565 5261 peccato,
595 5199 622 5226 »
655 5173 831 5261 quam
865 5191 1020 5256 cum.
1045 5173 1437 5261 disertissime
1477 5175 1690 5261 scribit
1720 5175 1849 5231 illas
1883 5177 1954 5261 ub

296 5245 600 5322 Apostolo,
631 5245 730 5322 sic
767 5263 846 5322 ex
892 5245 1063 5322 venia
1107 5246 1406 5322 concedi__:_
1430 5251 1495 5302 ut
1538 5247 1637 5318 qui
1669 5248 1946 5322 secundo

297 5314 704 5386 matrimonio,
764 5314 1015 5390 δευτέρου
1060 5317 1272 5444 adimo,
1327 5314 1604 5390 illigatur,
1633 5317 1786 5380 οὗτος
1843 5316 1951 5392 οὐχ

297 5393 619 5444 ἁμαρτάνει.
656 5415 682 5441 ‹‹
714 5390 764 5444 is
798 5407 911 5444 non
960 5389 1054 5444 I9
1158 5393 1386 5444 peccat:
1412 5414 1434 5441 ι
1472 5390 1950 5444 ouandoauidem

295 5393 619 5466 ἁμαρτάνει,
656 5415 694 5466 «_
714 5390 764 5445 is
798 5407 916 5466 non
1158 5393 1386 5459 peccat;
1412 5389 1438 5441 ἱ
1472 5389 1950 5461 quandoquidem

298 5461 453 5523 illud
490 5463 651 5520 nulla
681 5462 806 5533 lege
837 5461 1215 5517 interdictum
1250 5466 1362 5516 est.

371 5611 414 5646 ¹⁰
443 5608 482 5663 l.
517 5623 580 5672 ιῐ,
616 5622 671 5675 p.
706 5605 830 5660 424.
909 5605 950 5638 ¹¹
986 5601 1022 5656 l.
1058 5618 1132 5675 IV,
1169 5618 1224 5672 p.
1257 5603 1383 5675 525.
1464 5603 1506 5638 ¹²
1538 5601 1576 5657 l.
1613 5619 1696 5675 ni,

286 5681 342 5722 J‘
369 5678 472 5736 li'b.
507 5695 571 5734 ιιι
599 5674 838 5744 Strom.,
871 5690 1002 5746 pag.
1028 5674 1152 5730 428.
1231 5674 1274 5709 ¹⁶
1304 5674 1468 5742 ibid.,
1493 5691 1550 5745 p.
1577 5674 1698 5728 461.

285 5769 422 5826 cap.
458 5749 589 5820 ult.,
622 5766 678 5822 p.
708 5747 834 5804 211.
1709 5787 1714 5792 .

1755 5619 1811 5673 p.
1858 5602 1981 5657 450.
2061 5603 2104 5637 ¹³
2135 5602 2301 5671 ibid.,

1781 5674 1821 5710 ¹⁷
1855 5691 1909 5745 p.
1943 5674 2072 5741 421,

2074 1751 2280 1824 potuit,
2314 1754 2487 1824 tanta:
2518 1755 2718 1824 tamen
2754 1768 2865 1807 non
2898 1751 3033 1808 esse
3055 1751 3447 1822 perfectionis,
3479 1759 3714 1824 quanta:

2073 1821 3086 1948 etsttviduitatis,virginitatisque,et
3105 1829 3320 1880 sanctae
3340 1821 3711 1880 continentia:

2073 1911 2098 1948 s
2129 1910 2159 1948 a
2191 1909 2282 1948 us.

2071 1897 2282 1949 status.

2145 1969 2218 2019 At
2244 1969 2448 2020 contra
2468 1968 2664 2020 tamen
2686 1965 2953 2036 insurget
2984 1965 3220 2036 aliquis,
3242 1983 3346 2022 nec
3367 1965 3565 2036 aliqua
3587 1965 3713 2020 sine

2073 2034 2208 2108 elati
2252 2036 2430 2108 animi
2482 2034 2888 2108 concitatione,
2923 2034 3097 2092 nobis
3133 2038 3370 2106 objiciet
3417 2034 3714 2108 ipsissima

2073 2107 2393 2162 Clementis
2433 2107 2616 2161 nostri
2650 2107 2842 2170 verba,
2875 2109 3091 2177 quibus
3135 2107 3524 2163 disertissime
3555 2125 3715 2163 asse—

2075 2178 2194 2232 ruit
2226 2193 2358 2250 eum
2383 2182 2502 2250 tam
2526 2178 2808 2250 catholico
2830 2179 3067 2246 sentire,
3093 2180 3190 2250 qui
3221 2181 3292 2234 ab
3319 2197 3432 2234 uno
3453 2182 3521 2234 ad
3549 2179 3716 2249 plura

2076 2248 2454 2304 matrimonia
2494 2248 2926 2320 prolapsionem
2980 2248 3191 2304 dixerit
3220 2267 3350 2306 esse
3383 2248 3715 2305 fornicatio-

2077 2336 2234 2392 nem,
2257 2336 2434 2390 quam
2483 2320 2578 2392 ille
2609 2320 2918 2392 haereticus
2948 2325 3056 2387 est,
3091 2323 3187 2392 qui
3223 2322 3475 2391 primum
3511 2321 3714 2377 matri-

2077 2390 2340 2464 monium
2376 2391 2814 2464 fornicationem
2851 2392 3040 2447 dicere
3069 2390 3298 2464 audeat.
3327 2393 3502 2464 Atqui
3537 2392 3713 2447 forni-

2074 2463 2222 2519 catio
2255 2463 2454 2535 procul
2486 2463 2666 2535 dubio
2696 2469 2786 2519 est
2812 2469 3133 2535 peccatum.
3159 2463 3307 2535 Ergo
3339 2468 3394 2518 et
3421 2464 3713 2530 secundis,

2071 2534 2310 2605 atque'a
2343 2535 2564 2590 fortiori
2595 2534 2720 2589 alia;
2767 2534 3041 2606 deinceps
3074 2534 3288 2605 nuptiae
3321 2536 3392 2590 ab
3423 2551 3488 2590 eo
3520 2536 3712 2605 rcipsa

2071 2605 2349 2662 dicuntur
2375 2623 2504 2661 esse
2537 2613 2859 2676 peccatum.

2143 2679 2249 2731 Sed
2287 2682 2482 2732 utrum
2517 2677 2637 2733 hinc
2667 2694 2802 2732 vera
2832 2677 2909 2732 sit
2951 2677 3264 2732 Clementis
3303 2693 3462 2731 mens
3495 2681 3551 2730 et
3580 2692 3713 2731 sen-

2073 2749 2276 2812 tentia,
2311 2753 2376 2802 ut
2422 2749 2824 2819 dignoscatur,
2851 2749 3048 2803 omnia
3079 2748 3239 2803 illius
3269 2749 3444 2803 verba
3492 2747 3586 2802 hic
3618 2748 3711 2802 de-

2073 2819 2382 2902 sppibenda
2413 2825 2585 2902 sunt:
2614 2843 2640 2870 ‹‹
2675 2821 2757 2902 βό
2793 2836 2893 2902 eos
2941 2828 3155 2902 autem,
3193 2821 3384 2902 inquit
3403 2820 3713 2902 ’0,‘pudoru

2073 2890 2412 2963 afficiendos
2442 2897 2498 2946 et
2537 2892 2954 2963 reprimendos,
2991 2891 3088 2963 qui
3138 2890 3288 2946 sunt
3328 2890 3606 2962 proclives
3639 2891 3708 2944 ad

2074 2962 2364 3034 secundas
2386 2962 2644 3033 nuptias,
2668 2967 2801 3034 apte
2824 2962 3134 3033 Apostolus
3157 2963 3274 3019 alto
3298 2963 3550 3034 quodam
3577 2966 3712 3016 tono

2074 3033 2388 3104 eloquitur.
2414 3034 2611 3105 quuit
2657 3033 3028 3091 eniszcee
3059 3051 3231 3090 omne
3280 3039 3574 3104 peccatum
3625 3038 3714 3088 est

2072 3111 2232 3160 extra
2263 3122 2504 3176 corpus;
2539 3106 2641 3177 qui
2689 3110 2882 3162 autem
2937 3106 3276 3166 fornicatur,
3302 3105 3357 3160 in
3409 3105 3712 3177 proprium

2072 3193 2284 3246 corpus
2318 3182 2535 3247 peccat.
2571 3177 2627 3232 Si
2663 3179 2792 3247 quis
2825 3181 3020 3232 autem
3063 3179 3500 3233 matrimonium
3537 3177 3717 3231 audet

2072 3194 2284 3246 corpus
2357 3194 2535 3232 cecat.
2571 3194 2627 3232 δι
2663 3195 2792 3247 quis
2825 3194 3020 3232 aurem
3063 3194 3500 3233 matrimonium
3537 3194 3710 3231 auoei

2072 3248 2261 3302 dicere
2308 3194 2771 3314 fornicationem,
2808 3265 3015 3304 rursus
3063 3248 3248 3320 legem
3297 3254 3353 3303 et
3405 3248 3710 3320 Dominum

2071 3321 2387 3391 insectans,
2407 3319 2733 3375 maledictis
2768 3320 3015 3391 impetit.
3032 3319 3534 3384 Quemadmodum
3557 3319 3712 3391 enim

2072 3390 2336 3458 avaritia,
2369 3397 2427 3447 et
2459 3391 2625 3462 plura
2669 3389 2919 3446 haben—di
2953 3391 3244 3461 cupiditas
3275 3391 3491 3446 dicitur
3528 3389 3712 3445 forni-

2072 3463 2238 3531 catio,
2273 3467 2337 3517 ut
2367 3479 2493 3530 quae
2537 3464 2876 3518 adversetur
2913 3463 3316 3528 sufficientiae;
3373 3468 3429 3517 et
3479 3467 3540 3516 ut
3591 3462 3712 3516 ido-

2069 3533 2302 3589 lolatria
2331 3559 2335 3578 τ
2365 3543 2414 3588 st
2465 3551 2535 3590 ex
2584 3551 2698 3589 uno
2746 3534 2804 3589 in
2855 3533 3072 3590 multos
3122 3535 3224 3592 Dei
3271 3533 3601 3599 attributio;
3635 3532 3716 3587 ita

2072 3605 2374 3676 fornicatio
2417 3611 2503 3660 est
2533 3606 2606 3660 ab
2659 3622 2775 3661 uno
2827 3605 3201 3662 matrimonio
3249 3607 3318 3662 ad
3369 3605 3539 3676 plura
3579 3621 3713 3675 pro-

2072 3675 2278 3747 lapsio.
2332 3697 2360 3726 »
2419 3678 2489 3730 At
2551 3678 2863 3746 quomodo,
2911 3677 3018 3748 uti
3081 3681 3205 3748 jam
3273 3675 3550 3744 diximus,
3619 3691 3711 3729 se-

2073 3748 2275 3820 cunda;
2320 3749 2537 3818 nuptiae
2571 3747 2981 3820 aprpostolo,
3016 3747 3386 3820 ac’deinceps
3425 3765 3457 3802 a
3506 3751 3707 3820 nostro

2071 3819 2366 3874 Clemente
2394 3835 2462 3892 ex
2507 3818 2871 3892 indulgentia
2898 3820 3158 3892 Aconcedi
3188 3824 3246 3875 et
3294 3818 3564 3892 permetti
3609 3834 3710 3892 po-

2071 3895 2332 3998 tuerupt,
2365 3889 2422 3998 si)
2445 3907 2576 3946 vere
2605 3889 2723 3945 sint
2762 3890 3086 3961 fornicatio,
3119 3897 3175 3948 et
3203 3907 3270 3947 ea
3295 3889 3605 3947 fornicatio
3635 3890 3714 3944 sit

2071 3978 2239 3998 nam...
2278 3978 2370 3998 ..τη

2112 3966 2372 4016 eccatum
2395 3966 2414 4013 ‘2

2071 3979 2372 4088 miliarii];
2403 4003 2582 4102 igitur
2613 4033 3058 4103 expendendum
3085 4038 3173 4089 est
3203 4032 3343 4104 quid
3379 4031 3711 4104 fornicatiof

2071 4105 2163 4160 nis
2196 4101 2723 4159 nomine’Clemens
2753 4104 3124 4160 intellexerit.
3147 4101 3359 4159 Tribus
3387 4113 3603 4163 autem,
3629 4101 3712 4155 uti

2069 4176 2194 4247 ipse
2224 4176 2323 4247 ait,
2348 4175 2538 4247 modis
2571 4175 2898 4247 fornicatio,
2933 4176 3050 4231 imo
3081 4181 3136 4231 et
3166 4175 3543 4240 adulterium,
3575 4171 3610 4240 ἥ
3653 4192 3710 4225 τι

2067 4245 2312 4320 τὲορνεία,
2335 4245 2451 4320 ἤτε
2477 4245 2700 4320 μοιχεία
2723 4248 2874 4320 apud
2901 4248 3240 4320 Apostolum
3265 4247 3538 4301 sumitur.
3558 4250 3705 4300 Nam

2069 4319 2309 4392 avaritia
2339 4319 2911 4392 ab_ipso"forn_icatio
2952 4319 3314 4392 appellatur;
3348 4320 3546 4392 utpote
3578 4331 3704 4392 quae

2067 4390 2335 4463 opposita
2383 4386 2809 4463 εἱίριύταρκείᾳ,
2856 4386 3126 4462 quae-est
3172 4386 3432 4456 habitus,
3475 4387 3555 4463 ita
3606 4386 3704 4463 ille

2068 4457 2324 4532 loquitur
2345 4463 2413 4526 ’1,
2439 4485 2465 4511 «
2498 4461 2570 4516 iis
2601 4457 2818 4532 quibus
2859 4457 3105 4532 oportet,
3136 4464 3478 4532 contentus,_
3500 4462 3556 4512 et
3603 4457 3703 4527 qui

2069 4529 2170 4602 per
2189 4549 2250 4588 se
2270 4533 2519 4604 acquirit
2540 4529 2768 4604 ea,quae
2791 4533 2860 4588 ad
2886 4529 3112 4588 beatam
3141 4533 3326 4604 vitam
3343 4529 3706 4604 conferunt.»

2069 4599 2335 4659 Secundo
2361 4599 2505 4658 dicit
2533 4599 2924 4659 idololatriam
2958 4604 3030 4658 ab
3069 4603 3270 4658 eodem
3304 4599 3706 4672 Apostolo_vo-

2068 4675 2185 4730 cari
2239 4675 2702 4740 fornicationem,
2737 4675 2874 4746 quia
2904 4680 2992 4729 est
3022 4697 3049 4724 «
3084 4691 3152 4728 ex
3204 4688 3320 4727 uno
3356 4670 3426 4726 'in
3485 4670 3703 4726 multos

2070 4746 2164 4800 Dei
2199 4746 2502 4801 sttributio
2534 4762 2547 4800 ε
2577 4767 2603 4816 η
2636 4747 2754 4801 sive
2785 4747 2922 4816 quia
2955 4762 3060 4800 nos
3092 4746 3162 4799 ab
3195 4760 3310 4800 uno
3342 4751 3399 4799 et
3430 4759 3560 4797 vero
3597 4747 3706 4816 Deo

2067 4822 2358 4885 avertens,
2381 4819 2449 4872 ad
2486 4815 2701 4872 multos
2728 4813 2988 4887 adeoque
3024 4817 3200 4872 falsos
3231 4817 3368 4871 deos
3400 4813 3706 4870 convertit.

2068 4890 2276 4944 Eadem
2311 4890 2510 4958 itaque
2557 4890 2780 4944 ratione
2830 4888 3096 4944 secunda:
3127 4895 3183 4943 et
3213 4887 3334 4942 alia:
3387 4887 3600 4956 nuptize
3632 4887 3705 4958 ab

2065 4959 2165 5015 illo
2196 4957 2433 5016 tertium
2468 4977 2534 5015 ac
2573 4960 2763 5015 simile
2800 4961 3198 5016 fornicationis
3229 4975 3413 5030 genus
3444 4975 3571 5013 esse
3612 4957 3705 5011 di—

2065 5037 2307 5097 cuntur;
2339 5032 2613 5102 quoniam
2649 5031 2944 5087 hominem
2973 5033 3043 5087 ab
3076 5047 3139 5087 ea
3175 5031 3549 5103 perfectione,
3574 5045 3704 5103 quae

2066 5104 2123 5157 in
2159 5101 2755 5176 primo’matrimonio
2793 5110 2901 5172 est,
2935 5101 3189 5175 propter
3216 5105 3403 5176 ipsius
3453 5101 3704 5156 inconti-
3750 5146 3752 5149 .

2066 5175 2348 5241 nentiam,
2376 5175 2676 5230 abducunt
2697 5192 2762 5230 ac
2795 5181 3109 5232 removent.

2137 5246 2414 5301 Caeterum
2471 5247 2740 5316 quamvis
2795 5248 3058 5303 Clemens
3109 5247 3400 5302 secundas
3451 5249 3626 5315 atque
3675 5259 3710 5297 a

2066 5318 2286 5373 fortiori
2320 5317 2481 5395 alias
2521 5319 2793 5395 deinceps
2842 5319 3078 5395 nuptias
3127 5324 3323 5390 aperte
3370 5317 3704 5395 cujusdam,

2066 5393 2334 5463 argueret
2357 5387 2836 5463 imperfectionis,
2865 5407 2892 5445 a
2919 5387 3394 5463 plurium—tamen
3423 5387 3709 5463 antiquis-

2067 5458 2351 5517 simorum
2382 5458 2650 5519 Ecclesiae
2685 5458 3059 5518 Patrum'non
3094 5463 3386 5517 recederet
3415 5458 3708 5529 opinione,

2337 5622 2392 5674 p.
2428 5605 2550 5659 456.
2632 5606 2674 5639 ¹⁴
2703 5603 2945 5658 Dissert.
2999 5619 3219 5669 super.,
3275 5618 3338 5674 c.7
3377 5603 3444 5674 5,_
3479 5603 3589 5674 art.
3641 5598 3696 5654 3.

2150 5676 2190 5710 ’⁸
2223 5670 2436 5748 p.457.
2513 5678 2556 5711 ιθ
2588 5694 2639 5747 p.
2678 5677 2798 5729 459.
2880 5675 2925 5708 =0
2955 5691 3008 5744 p.
3044 5675 3164 5728 464.
3246 5675 3288 5709 ει
3324 5672 3472 5727 Paed.
3506 5670 3606 5724 lib.
3635 5685 3693 5737 ιι,
