  <div class='ocr_page' id='page_1' title='image "/cluster/home/n/w/nwhite01/storage/ocr_20150623/9/hvd.32044073501314/619.png"; bbox 0 0 4130 6194; ppageno 0'>
   <div class='ocr_carea' id='block_1_1' title="bbox 402 284 541 342">
    <p class='ocr_par' dir='ltr' id='par_1_1' title="bbox 402 284 541 342">
     <span class='ocr_line' id='line_1_1' title="bbox 402 284 541 342; baseline -0.007 -1"><span class='ocrx_word' id='word_1_1' title='bbox 402 284 541 342; x_wconf 81' lang='grc'>11⁸79</span> 
     </span>
    </p>
   </div>
   <div class='ocr_carea' id='block_1_2' title="bbox 407 413 1210 485">
    <p class='ocr_par' dir='ltr' id='par_1_2' title="bbox 407 413 1210 485">
     <span class='ocr_line' id='line_1_2' title="bbox 407 413 1210 485; baseline 0.002 -17"><span class='ocrx_word' id='word_1_2' title='bbox 407 413 478 468; x_wconf 92' lang='lat' dir='ltr'>de</span> <span class='ocrx_word' id='word_1_3' title='bbox 510 429 626 484; x_wconf 90' lang='lat' dir='ltr'>qua</span> <span class='ocrx_word' id='word_1_4' title='bbox 670 430 777 468; x_wconf 91' lang='lat' dir='ltr'>nos</span> <span class='ocrx_word' id='word_1_5' title='bbox 816 417 960 470; x_wconf 91' lang='lat' dir='ltr'>tom.</span> <span class='ocrx_word' id='word_1_6' title='bbox 998 415 1044 470; x_wconf 87' lang='lat' dir='ltr'>lI</span> <span class='ocrx_word' id='word_1_7' title='bbox 1097 415 1210 485; x_wconf 84' lang='lat' dir='ltr'>App</span> 
     </span>
    </p>
   </div>
   <div class='ocr_carea' id='block_1_3' title="bbox 405 485 2054 556">
    <p class='ocr_par' dir='ltr' id='par_1_3' title="bbox 405 485 2054 556">
     <span class='ocr_line' id='line_1_3' title="bbox 405 485 2054 556; baseline 0.002 -19"><span class='ocrx_word' id='word_1_8' title='bbox 405 485 432 553; x_wconf 88' lang='lat'>§</span> <span class='ocrx_word' id='word_1_9' title='bbox 463 485 511 538; x_wconf 82' lang='lat'>4.</span> <span class='ocrx_word' id='word_1_10' title='bbox 549 485 657 540; x_wconf 86' lang='lat' dir='ltr'>Sed</span> <span class='ocrx_word' id='word_1_11' title='bbox 689 490 897 556; x_wconf 62' lang='lat' dir='ltr'>printer</span> <span class='ocrx_word' id='word_1_12' title='bbox 928 486 1151 542; x_wconf 89' lang='lat' dir='ltr'>multos</span> <span class='ocrx_word' id='word_1_13' title='bbox 1183 503 1216 540; x_wconf 90' lang='lat' dir='ltr'>a</span> <span class='ocrx_word' id='word_1_14' title='bbox 1246 487 1419 542; x_wconf 87' lang='lat' dir='ltr'>nobis</span> <span class='ocrx_word' id='word_1_15' title='bbox 1447 486 1566 540; x_wconf 90' lang='lat' dir='ltr'>illic</span> <span class='ocrx_word' id='word_1_16' title='bbox 1596 486 1885 552; x_wconf 87' lang='lat' dir='ltr'>laudatos,</span> <span class='ocrx_word' id='word_1_17' title='bbox 1909 485 2054 540; x_wconf 83' lang='lat' dir='ltr'>alios</span> 
     </span>
    </p>
   </div>
   <div class='ocr_carea' id='block_1_4' title="bbox 407 557 2054 614">
    <p class='ocr_par' dir='ltr' id='par_1_4' title="bbox 407 557 2054 614">
     <span class='ocr_line' id='line_1_4' title="bbox 407 557 2054 614; baseline 0.001 -3"><span class='ocrx_word' id='word_1_18' title='bbox 407 574 440 611; x_wconf 87' lang='lat' dir='ltr'>a</span> <span class='ocrx_word' id='word_1_19' title='bbox 469 557 755 612; x_wconf 91' lang='lat' dir='ltr'>Cotelerio</span> <span class='ocrx_word' id='word_1_20' title='bbox 803 559 860 611; x_wconf 90' lang='lat' dir='ltr'>in</span> <span class='ocrx_word' id='word_1_21' title='bbox 896 557 1020 613; x_wconf 83' lang='lat' dir='ltr'>suis</span> <span class='ocrx_word' id='word_1_22' title='bbox 1051 559 1118 612; x_wconf 91' lang='lat' dir='ltr'>ad</span> <span class='ocrx_word' id='word_1_23' title='bbox 1153 559 1402 614; x_wconf 76' lang='lat' dir='ltr'>Pastoris</span> <span class='ocrx_word' id='word_1_24' title='bbox 1435 558 1651 613; x_wconf 91' lang='lat' dir='ltr'>librum</span> <span class='ocrx_word' id='word_1_25' title='bbox 1701 558 2054 614; x_wconf 88' lang='lat' dir='ltr'>observatio-</span> 
     </span>
    </p>
   </div>
   <div class='ocr_carea' id='block_1_5' title="bbox 406 628 1536 698">
    <p class='ocr_par' dir='ltr' id='par_1_5' title="bbox 406 628 1536 698">
     <span class='ocr_line' id='line_1_5' title="bbox 406 628 1536 698; baseline 0.003 -16"><span class='ocrx_word' id='word_1_26' title='bbox 406 629 540 683; x_wconf 92' lang='lat' dir='ltr'>bus.</span> <span class='ocrx_word' id='word_1_27' title='bbox 581 645 631 698; x_wconf 92' lang='lat' dir='ltr'>p.</span> <span class='ocrx_word' id='word_1_28' title='bbox 667 629 756 696; x_wconf 80' lang='grc'>64,</span> <span class='ocrx_word' id='word_1_29' title='bbox 790 628 983 683; x_wconf 87' lang='lat' dir='ltr'>adhuc</span> <span class='ocrx_word' id='word_1_30' title='bbox 1016 631 1224 686; x_wconf 89' lang='lat' dir='ltr'>citatos</span> <span class='ocrx_word' id='word_1_31' title='bbox 1256 630 1536 686; x_wconf 84' lang='lat' dir='ltr'>invenies.</span> 
     </span>
    </p>
   </div>
   <div class='ocr_carea' id='block_1_6' title="bbox 481 698 2054 771">
    <p class='ocr_par' dir='ltr' id='par_1_6' title="bbox 481 698 2054 771">
     <span class='ocr_line' id='line_1_6' title="bbox 481 698 2054 771; baseline 0 -17"><span class='ocrx_word' id='word_1_32' title='bbox 481 698 838 754; x_wconf 79' lang='lat' dir='ltr'>Clementem</span> <span class='ocrx_word' id='word_1_33' title='bbox 865 717 1034 770; x_wconf 91' lang='lat' dir='ltr'>porro</span> <span class='ocrx_word' id='word_1_34' title='bbox 1058 703 1128 755; x_wconf 89' lang='lat' dir='ltr'>de</span> <span class='ocrx_word' id='word_1_35' title='bbox 1151 703 1425 757; x_wconf 87' lang='lat' dir='ltr'>secundis</span> <span class='ocrx_word' id='word_1_36' title='bbox 1454 704 1581 770; x_wconf 92' lang='lat' dir='ltr'>post</span> <span class='ocrx_word' id='word_1_37' title='bbox 1611 699 1876 771; x_wconf 80' lang='lat' dir='ltr'>conjugis</span> <span class='ocrx_word' id='word_1_38' title='bbox 1902 716 2054 754; x_wconf 89' lang='lat' dir='ltr'>mor-</span> 
     </span>
    </p>
   </div>
   <div class='ocr_carea' id='block_1_7' title="bbox 409 771 2055 852">
    <p class='ocr_par' dir='ltr' id='par_1_7' title="bbox 409 771 2055 852">
     <span class='ocr_line' id='line_1_7' title="bbox 409 771 2055 852; baseline -0.001 -27"><span class='ocrx_word' id='word_1_39' title='bbox 409 774 528 852; x_wconf 82' lang='lat' dir='ltr'>tem</span> <span class='ocrx_word' id='word_1_40' title='bbox 562 771 1204 852; x_wconf 74' lang='lat' dir='ltr'>nuptiisdispulanteni</span> <span class='ocrx_word' id='word_1_41' title='bbox 1231 772 1516 852; x_wconf 79' lang='lat' dir='ltr'>hactenus</span> <span class='ocrx_word' id='word_1_42' title='bbox 1538 771 2055 852; x_wconf 78' lang='lat' dir='ltr'>audivimus.Quid</span> 
     </span>
    </p>
   </div>
   <div class='ocr_carea' id='block_1_8' title="bbox 412 842 2057 914">
    <p class='ocr_par' dir='ltr' id='par_1_8' title="bbox 412 842 2057 914">
     <span class='ocr_line' id='line_1_8' title="bbox 412 842 2057 914; baseline -0.001 -16"><span class='ocrx_word' id='word_1_43' title='bbox 412 848 608 898; x_wconf 89' lang='lat' dir='ltr'>autem</span> <span class='ocrx_word' id='word_1_44' title='bbox 645 842 739 897; x_wconf 89' lang='lat' dir='ltr'>ille</span> <span class='ocrx_word' id='word_1_45' title='bbox 764 843 834 897; x_wconf 90' lang='lat' dir='ltr'>de</span> <span class='ocrx_word' id='word_1_46' title='bbox 856 846 1065 899; x_wconf 85' lang='lat' dir='ltr'>veteris</span> <span class='ocrx_word' id='word_1_47' title='bbox 1094 845 1424 899; x_wconf 79' lang='lat' dir='ltr'>testamenti</span> <span class='ocrx_word' id='word_1_48' title='bbox 1460 843 2057 914; x_wconf 84' lang='lat' dir='ltr'>patriarcharum,qui</span> 
     </span>
    </p>
   </div>
   <div class='ocr_carea' id='block_1_9' title="bbox 415 914 2055 987">
    <p class='ocr_par' dir='ltr' id='par_1_9' title="bbox 415 914 2055 987">
     <span class='ocr_line' id='line_1_9' title="bbox 415 914 2055 987; baseline 0.001 -22"><span class='ocrx_word' id='word_1_49' title='bbox 415 914 612 987; x_wconf 82' lang='lat' dir='ltr'>plures</span> <span class='ocrx_word' id='word_1_50' title='bbox 636 914 812 987; x_wconf 86' lang='lat' dir='ltr'>simul</span> <span class='ocrx_word' id='word_1_51' title='bbox 838 931 1047 970; x_wconf 85' lang='lat' dir='ltr'>uxores</span> <span class='ocrx_word' id='word_1_52' title='bbox 1072 915 1383 980; x_wconf 84' lang='lat' dir='ltr'>habebant,</span> <span class='ocrx_word' id='word_1_53' title='bbox 1409 915 2055 987; x_wconf 84' lang='lat' dir='ltr'>polygamia,_d_ocuerit,</span> 
     </span>
    </p>
   </div>
   <div class='ocr_carea' id='block_1_10' title="bbox 414 985 2055 1057">
    <p class='ocr_par' dir='ltr' id='par_1_10' title="bbox 414 985 2055 1057">
     <span class='ocr_line' id='line_1_10' title="bbox 414 985 2055 1057; baseline -0.001 -17"><span class='ocrx_word' id='word_1_54' title='bbox 414 985 853 1057; x_wconf 79' lang='lat' dir='ltr'>strictimjuvat</span> <span class='ocrx_word' id='word_1_55' title='bbox 905 988 1206 1057; x_wconf 82' lang='lat' dir='ltr'>attingere.</span> <span class='ocrx_word' id='word_1_56' title='bbox 1239 985 1474 1042; x_wconf 81' lang='lat' dir='ltr'>Fatetur</span> <span class='ocrx_word' id='word_1_57' title='bbox 1503 985 1697 1042; x_wconf 80' lang='lat' dir='ltr'>autem</span> <span class='ocrx_word' id='word_1_58' title='bbox 1753 985 1938 1049; x_wconf 85' lang='lat' dir='ltr'>illam,</span> <span class='ocrx_word' id='word_1_59' title='bbox 1970 990 2055 1039; x_wconf 92' lang='lat' dir='ltr'>ta-</span> 
     </span>
    </p>
   </div>
   <div class='ocr_carea' id='block_1_11' title="bbox 415 1055 2056 1128">
    <p class='ocr_par' dir='ltr' id='par_1_11' title="bbox 415 1055 2056 1128">
     <span class='ocr_line' id='line_1_11' title="bbox 415 1055 2056 1128; baseline 0.002 -19"><span class='ocrx_word' id='word_1_60' title='bbox 415 1055 588 1110; x_wconf 91' lang='lat' dir='ltr'>metsi</span> <span class='ocrx_word' id='word_1_61' title='bbox 621 1056 967 1128; x_wconf 85' lang='lat' dir='ltr'>Christianis</span> <span class='ocrx_word' id='word_1_62' title='bbox 1016 1055 1252 1114; x_wconf 74' lang='lat' dir='ltr'>omnino</span> <span class='ocrx_word' id='word_1_63' title='bbox 1297 1059 1471 1114; x_wconf 90' lang='lat' dir='ltr'>vetita</span> <span class='ocrx_word' id='word_1_64' title='bbox 1530 1058 1815 1128; x_wconf 89' lang='lat' dir='ltr'>sit,justa</span> <span class='ocrx_word' id='word_1_65' title='bbox 1864 1063 2056 1112; x_wconf 87' lang='lat' dir='ltr'>tamen</span> 
     </span>
    </p>
   </div>
   <div class='ocr_carea' id='block_1_12' title="bbox 415 1127 2057 1201">
    <p class='ocr_par' dir='ltr' id='par_1_12' title="bbox 415 1127 2057 1201">
     <span class='ocr_line' id='line_1_12' title="bbox 415 1127 2057 1201; baseline 0.001 -21"><span class='ocrx_word' id='word_1_66' title='bbox 415 1143 592 1181; x_wconf 84' lang='lat' dir='ltr'>causa</span> <span class='ocrx_word' id='word_1_67' title='bbox 626 1127 805 1182; x_wconf 80' lang='lat' dir='ltr'>fuisse</span> <span class='ocrx_word' id='word_1_68' title='bbox 840 1129 1189 1196; x_wconf 87' lang='lat' dir='ltr'>patriarchis</span> <span class='ocrx_word' id='word_1_69' title='bbox 1224 1129 1337 1184; x_wconf 87' lang='lat' dir='ltr'>illis</span> <span class='ocrx_word' id='word_1_70' title='bbox 1381 1131 1452 1184; x_wconf 83' lang='lat' dir='ltr'>ab</span> <span class='ocrx_word' id='word_1_71' title='bbox 1472 1127 1735 1201; x_wconf 70' lang='lat' dir='ltr'>ipsemet</span> <span class='ocrx_word' id='word_1_72' title='bbox 1773 1128 1889 1201; x_wconf 83' lang='lat' dir='ltr'>Deo</span> <span class='ocrx_word' id='word_1_73' title='bbox 1921 1145 2057 1201; x_wconf 84' lang='lat' dir='ltr'>con-</span> 
     </span>
    </p>
   </div>
   <div class='ocr_carea' id='block_1_13' title="bbox 415 1199 2056 1271">
    <p class='ocr_par' dir='ltr' id='par_1_13' title="bbox 415 1199 2056 1271">
     <span class='ocr_line' id='line_1_13' title="bbox 415 1199 2056 1271; baseline 0.001 -19"><span class='ocrx_word' id='word_1_74' title='bbox 415 1214 662 1271; x_wconf 66' lang='lat' dir='ltr'>gessam.</span> <span class='ocrx_word' id='word_1_75' title='bbox 707 1222 732 1247; x_wconf 83' lang='lat'><strong>«</strong></span> <span class='ocrx_word' id='word_1_76' title='bbox 765 1203 924 1253; x_wconf 91' lang='lat' dir='ltr'>Tunc</span> <span class='ocrx_word' id='word_1_77' title='bbox 977 1202 1154 1269; x_wconf 82' lang='lat' dir='ltr'>enim,</span> <span class='ocrx_word' id='word_1_78' title='bbox 1208 1201 1400 1271; x_wconf 89' lang='lat' dir='ltr'>inquit</span> <span class='ocrx_word' id='word_1_79' title='bbox 1450 1199 1543 1255; x_wconf 85' lang='lat' dir='ltr'>ille</span> <span class='ocrx_word' id='word_1_80' title='bbox 1564 1202 1632 1266; x_wconf 68' lang='grc'>³³,</span> <span class='ocrx_word' id='word_1_81' title='bbox 1680 1200 1735 1254; x_wconf 89' lang='lat' dir='ltr'>id</span> <span class='ocrx_word' id='word_1_82' title='bbox 1791 1199 2056 1270; x_wconf 82' lang='lat' dir='ltr'>exigebat</span> 
     </span>
    </p>
   </div>
   <div class='ocr_carea' id='block_1_14' title="bbox 410 1269 2057 1352">
    <p class='ocr_par' dir='ltr' id='par_1_14' title="bbox 410 1269 2057 1352">
     <span class='ocr_line' id='line_1_14' title="bbox 410 1269 2057 1352; baseline 0.002 -29"><span class='ocrx_word' id='word_1_83' title='bbox 410 1269 587 1352; x_wconf 71' lang='lat' dir='ltr'>Deus,</span> <span class='ocrx_word' id='word_1_84' title='bbox 606 1271 838 1352; x_wconf 82' lang='lat' dir='ltr'>quando</span> <span class='ocrx_word' id='word_1_85' title='bbox 871 1273 1176 1352; x_wconf 66' lang='lat' dir='ltr'>eportebat</span> <span class='ocrx_word' id='word_1_86' title='bbox 1206 1269 1391 1342; x_wconf 86' lang='lat' dir='ltr'>genus</span> <span class='ocrx_word' id='word_1_87' title='bbox 1415 1272 1740 1352; x_wconf 80' lang='lat' dir='ltr'>humanum</span> <span class='ocrx_word' id='word_1_88' title='bbox 1767 1272 1962 1352; x_wconf 80' lang='lat' dir='ltr'>augeri</span> <span class='ocrx_word' id='word_1_89' title='bbox 2000 1275 2057 1326; x_wconf 88' lang='lat' dir='ltr'>et</span> 
     </span>
    </p>
   </div>
   <div class='ocr_carea' id='block_1_15' title="bbox 413 1287 2053 1412">
    <p class='ocr_par' dir='ltr' id='par_1_15' title="bbox 413 1287 2053 1412">
     <span class='ocr_line' id='line_1_15' title="bbox 413 1287 2053 1393; baseline 0.002 -70"><span class='ocrx_word' id='word_1_90' title='bbox 413 1287 838 1393; x_wconf 48' lang='lat' dir='ltr'>ueusquanao</span> <span class='ocrx_word' id='word_1_91' title='bbox 871 1287 1176 1342; x_wconf 79' lang='lat' dir='ltr'>oportebat</span> <span class='ocrx_word' id='word_1_92' title='bbox 1206 1290 1391 1342; x_wconf 88' lang='lat' dir='ltr'>genus</span> <span class='ocrx_word' id='word_1_93' title='bbox 1416 1287 1740 1327; x_wconf 87' lang='lat' dir='ltr'>numanum</span> <span class='ocrx_word' id='word_1_94' title='bbox 1767 1287 1962 1352; x_wconf 79' lang='lat' dir='ltr'>augeri</span> <span class='ocrx_word' id='word_1_95' title='bbox 2000 1287 2053 1326; x_wconf 80' lang='lat' dir='ltr'>et</span> 
     </span>
     <span class='ocr_line' id='line_1_16' title="bbox 413 1340 2053 1412; baseline 0.002 -18"><span class='ocrx_word' id='word_1_96' title='bbox 413 1340 626 1412; x_wconf 88' lang='lat' dir='ltr'>multip</span> <span class='ocrx_word' id='word_1_97' title='bbox 657 1342 848 1396; x_wconf 66' lang='lat' dir='ltr'>icari.»</span> <span class='ocrx_word' id='word_1_98' title='bbox 872 1343 950 1397; x_wconf 89' lang='lat' dir='ltr'>De</span> <span class='ocrx_word' id='word_1_99' title='bbox 982 1343 1303 1398; x_wconf 86' lang='lat' dir='ltr'>Abrahamo</span> <span class='ocrx_word' id='word_1_100' title='bbox 1343 1350 1534 1399; x_wconf 89' lang='lat' dir='ltr'>autem</span> <span class='ocrx_word' id='word_1_101' title='bbox 1581 1343 1926 1399; x_wconf 82' lang='lat' dir='ltr'>nominatim</span> <span class='ocrx_word' id='word_1_102' title='bbox 1957 1358 2053 1397; x_wconf 86' lang='lat' dir='ltr'>eo-</span> 
     </span>
    </p>
   </div>
   <div class='ocr_carea' id='block_1_16' title="bbox 413 1412 2053 1484">
    <p class='ocr_par' dir='ltr' id='par_1_16' title="bbox 413 1412 2053 1484">
     <span class='ocr_line' id='line_1_17' title="bbox 413 1412 2053 1484; baseline 0.001 -19"><span class='ocrx_word' id='word_1_103' title='bbox 413 1412 543 1466; x_wconf 81' lang='lat' dir='ltr'>dem</span> <span class='ocrx_word' id='word_1_104' title='bbox 580 1412 752 1482; x_wconf 86' lang='lat' dir='ltr'>plane</span> <span class='ocrx_word' id='word_1_105' title='bbox 785 1414 955 1468; x_wconf 92' lang='lat' dir='ltr'>modo</span> <span class='ocrx_word' id='word_1_106' title='bbox 989 1416 1328 1484; x_wconf 85' lang='lat' dir='ltr'>pronuntiat</span> <span class='ocrx_word' id='word_1_107' title='bbox 1353 1416 1397 1449; x_wconf 72' lang='grc'>³³</span> <span class='ocrx_word' id='word_1_108' title='bbox 1422 1432 1433 1468; x_wconf 90' lang='lat'>:</span> <span class='ocrx_word' id='word_1_109' title='bbox 1461 1438 1487 1463; x_wconf 82' lang='lat'><strong>«</strong></span> <span class='ocrx_word' id='word_1_110' title='bbox 1524 1415 1599 1468; x_wconf 87' lang='lat' dir='ltr'>Ex</span> <span class='ocrx_word' id='word_1_111' title='bbox 1639 1414 1827 1484; x_wconf 72' lang='lat' dir='ltr'>tribue</span> <span class='ocrx_word' id='word_1_112' title='bbox 1863 1413 2053 1467; x_wconf 88' lang='lat' dir='ltr'>uxori-</span> 
     </span>
    </p>
   </div>
   <div class='ocr_carea' id='block_1_17' title="bbox 412 1483 2053 1557">
    <p class='ocr_par' dir='ltr' id='par_1_17' title="bbox 412 1483 2053 1557">
     <span class='ocr_line' id='line_1_18' title="bbox 412 1483 2053 1557; baseline 0 -19"><span class='ocrx_word' id='word_1_113' title='bbox 412 1484 524 1557; x_wconf 79' lang='lat' dir='ltr'>bus</span> <span class='ocrx_word' id='word_1_114' title='bbox 558 1485 771 1538; x_wconf 88' lang='lat' dir='ltr'>liberos</span> <span class='ocrx_word' id='word_1_115' title='bbox 804 1483 1164 1557; x_wconf 79' lang='lat' dir='ltr'>susceperat,</span> <span class='ocrx_word' id='word_1_116' title='bbox 1189 1504 1300 1541; x_wconf 92' lang='lat' dir='ltr'>non</span> <span class='ocrx_word' id='word_1_117' title='bbox 1327 1492 1391 1540; x_wconf 91' lang='lat' dir='ltr'>ut</span> <span class='ocrx_word' id='word_1_118' title='bbox 1423 1487 1715 1541; x_wconf 78' lang='lat' dir='ltr'>frueretur</span> <span class='ocrx_word' id='word_1_119' title='bbox 1735 1483 2053 1557; x_wconf 83' lang='lat' dir='ltr'>voluptate,</span> 
     </span>
    </p>
   </div>
   <div class='ocr_carea' id='block_1_18' title="bbox 411 1555 2054 1629">
    <p class='ocr_par' dir='ltr' id='par_1_18' title="bbox 411 1555 2054 1629">
     <span class='ocr_line' id='line_1_19' title="bbox 411 1555 2054 1629; baseline 0 -20"><span class='ocrx_word' id='word_1_120' title='bbox 411 1555 697 1629; x_wconf 82' lang='lat' dir='ltr'>sedquod</span> <span class='ocrx_word' id='word_1_121' title='bbox 734 1555 1088 1629; x_wconf 76' lang='lat' dir='ltr'>speraret,ut</span> <span class='ocrx_word' id='word_1_122' title='bbox 1121 1564 1282 1628; x_wconf 90' lang='lat' dir='ltr'>puto,</span> <span class='ocrx_word' id='word_1_123' title='bbox 1303 1557 1359 1611; x_wconf 93' lang='lat' dir='ltr'>in</span> <span class='ocrx_word' id='word_1_124' title='bbox 1387 1558 1669 1629; x_wconf 89' lang='lat' dir='ltr'>principio</span> <span class='ocrx_word' id='word_1_125' title='bbox 1692 1555 2054 1629; x_wconf 26' lang='lat' dir='ltr'>genus’mul-</span> 
     </span>
    </p>
   </div>
   <div class='ocr_carea' id='block_1_19' title="bbox 412 1625 2056 1697">
    <p class='ocr_par' dir='ltr' id='par_1_19' title="bbox 412 1625 2056 1697">
     <span class='ocr_line' id='line_1_20' title="bbox 412 1625 2056 1697; baseline 0 -17"><span class='ocrx_word' id='word_1_126' title='bbox 412 1625 696 1696; x_wconf 88' lang='lat' dir='ltr'>tiplicare.</span> <span class='ocrx_word' id='word_1_127' title='bbox 725 1625 961 1690; x_wconf 13' lang='lat' dir='ltr'>niQuam</span> <span class='ocrx_word' id='word_1_128' title='bbox 997 1625 1230 1697; x_wconf 85' lang='lat' dir='ltr'>quidem</span> <span class='ocrx_word' id='word_1_129' title='bbox 1267 1625 1659 1692; x_wconf 45' lang='lat' dir='ltr'>rationemfut</span> <span class='ocrx_word' id='word_1_130' title='bbox 1692 1625 1930 1682; x_wconf 78' lang='lat' dir='ltr'>minime</span> <span class='ocrx_word' id='word_1_131' title='bbox 1953 1629 2056 1681; x_wconf 90' lang='lat' dir='ltr'>du-</span> 
     </span>
    </p>
   </div>
   <div class='ocr_carea' id='block_1_20' title="bbox 409 1697 2053 1770">
    <p class='ocr_par' dir='ltr' id='par_1_20' title="bbox 409 1697 2053 1770">
     <span class='ocr_line' id='line_1_21' title="bbox 409 1697 2053 1770; baseline 0.002 -20"><span class='ocrx_word' id='word_1_132' title='bbox 409 1697 672 1770; x_wconf 90' lang='lat' dir='ltr'>biam,ac</span> <span class='ocrx_word' id='word_1_133' title='bbox 703 1700 944 1770; x_wconf 88' lang='lat' dir='ltr'>omnino</span> <span class='ocrx_word' id='word_1_134' title='bbox 984 1704 1197 1754; x_wconf 85' lang='lat' dir='ltr'>certam</span> <span class='ocrx_word' id='word_1_135' title='bbox 1246 1701 1461 1770; x_wconf 82' lang='lat' dir='ltr'>profert</span> <span class='ocrx_word' id='word_1_136' title='bbox 1499 1699 1846 1755; x_wconf 89' lang='lat' dir='ltr'>Ambrosius</span> <span class='ocrx_word' id='word_1_137' title='bbox 1867 1700 1931 1764; x_wconf 76' lang='lat'>&quot;,</span> <span class='ocrx_word' id='word_1_138' title='bbox 1965 1700 2053 1754; x_wconf 79' lang='lat' dir='ltr'>fu-</span> 
     </span>
    </p>
   </div>
   <div class='ocr_carea' id='block_1_21' title="bbox 407 1769 2131 1849">
    <p class='ocr_par' dir='ltr' id='par_1_21' title="bbox 407 1769 2131 1849">
     <span class='ocr_line' id='line_1_22' title="bbox 407 1769 2131 1849; baseline 0.001 -26"><span class='ocrx_word' id='word_1_139' title='bbox 407 1769 654 1849; x_wconf 85' lang='lat' dir='ltr'>siusque</span> <span class='ocrx_word' id='word_1_140' title='bbox 684 1769 1224 1849; x_wconf 74' lang='lat' dir='ltr'>expl_icat.__Vi_d_esis,</span> <span class='ocrx_word' id='word_1_141' title='bbox 1253 1769 1300 1825; x_wconf 77' lang='lat' dir='ltr'>Si</span> <span class='ocrx_word' id='word_1_142' title='bbox 1330 1772 1523 1849; x_wconf 78' lang='lat' dir='ltr'>placet</span> <span class='ocrx_word' id='word_1_143' title='bbox 1545 1777 1602 1849; x_wconf 91' lang='lat' dir='ltr'>et</span> <span class='ocrx_word' id='word_1_144' title='bbox 1624 1777 1808 1849; x_wconf 85' lang='lat' dir='ltr'>vacat,</span> <span class='ocrx_word' id='word_1_145' title='bbox 1835 1787 1960 1841; x_wconf 73' lang='lat' dir='ltr'>qua:</span> <span class='ocrx_word' id='word_1_146' title='bbox 1995 1771 2052 1849; x_wconf 79' lang='lat' dir='ltr'>in</span> <span class='ocrx_word' id='word_1_147' title='bbox 2084 1784 2131 1849; x_wconf 81' lang='grc' dir='ltr'><strong>Β</strong></span> 
     </span>
    </p>
   </div>
   <div class='ocr_carea' id='block_1_22' title="bbox 405 1842 2050 1913">
    <p class='ocr_par' dir='ltr' id='par_1_22' title="bbox 405 1842 2050 1913">
     <span class='ocr_line' id='line_1_23' title="bbox 405 1842 2050 1913; baseline 0.001 -20"><span class='ocrx_word' id='word_1_148' title='bbox 405 1842 673 1913; x_wconf 82' lang='lat' dir='ltr'>ejusdem</span> <span class='ocrx_word' id='word_1_149' title='bbox 709 1842 996 1896; x_wconf 82' lang='lat' dir='ltr'>Ambrosii</span> <span class='ocrx_word' id='word_1_150' title='bbox 1044 1842 1225 1898; x_wconf 86' lang='lat' dir='ltr'>libros</span> <span class='ocrx_word' id='word_1_151' title='bbox 1255 1843 1791 1911; x_wconf 89' lang='lat' dir='ltr'>subnotavimus,et</span> <span class='ocrx_word' id='word_1_152' title='bbox 1823 1859 1948 1913; x_wconf 65' lang='lat' dir='ltr'>qua:</span> <span class='ocrx_word' id='word_1_153' title='bbox 1979 1842 2050 1896; x_wconf 92' lang='lat' dir='ltr'>de</span> 
     </span>
    </p>
   </div>
   <div class='ocr_carea' id='block_1_23' title="bbox 403 1912 2051 1984">
    <p class='ocr_par' dir='ltr' id='par_1_23' title="bbox 403 1912 2051 1984">
     <span class='ocr_line' id='line_1_24' title="bbox 403 1912 2051 1984; baseline 0.001 -19"><span class='ocrx_word' id='word_1_154' title='bbox 403 1912 722 1984; x_wconf 79' lang='lat' dir='ltr'>Abrahami</span> <span class='ocrx_word' id='word_1_155' title='bbox 775 1913 1146 1983; x_wconf 88' lang='lat' dir='ltr'>aliorumque</span> <span class='ocrx_word' id='word_1_156' title='bbox 1203 1913 1666 1984; x_wconf 87' lang='lat' dir='ltr'>patriarcharum</span> <span class='ocrx_word' id='word_1_157' title='bbox 1720 1912 2051 1984; x_wconf 80' lang='lat' dir='ltr'>polygamia</span> 
     </span>
    </p>
   </div>
   <div class='ocr_carea' id='block_1_24' title="bbox 402 1983 2046 2054">
    <p class='ocr_par' dir='ltr' id='par_1_24' title="bbox 402 1983 2046 2054">
     <span class='ocr_line' id='line_1_25' title="bbox 402 1983 2046 2054; baseline 0.001 -18"><span class='ocrx_word' id='word_1_158' title='bbox 402 1983 657 2054; x_wconf 82' lang='lat' dir='ltr'>theologi</span> <span class='ocrx_word' id='word_1_159' title='bbox 683 1983 1016 2039; x_wconf 89' lang='lat' dir='ltr'>scholastici</span> <span class='ocrx_word' id='word_1_160' title='bbox 1037 1986 1095 2040; x_wconf 91' lang='lat' dir='ltr'>in</span> <span class='ocrx_word' id='word_1_161' title='bbox 1131 2003 1185 2040; x_wconf 87' lang='grc' dir='ltr'>ιν</span> <span class='ocrx_word' id='word_1_162' title='bbox 1205 1983 1476 2052; x_wconf 62' lang='lat' dir='ltr'>Sentent,</span> <span class='ocrx_word' id='word_1_163' title='bbox 1501 1983 1760 2040; x_wconf 84' lang='lat' dir='ltr'>distinct.</span> <span class='ocrx_word' id='word_1_164' title='bbox 1787 1983 1875 2050; x_wconf 85' lang='lat'>35,</span> <span class='ocrx_word' id='word_1_165' title='bbox 1901 1990 1956 2038; x_wconf 91' lang='lat' dir='ltr'>et</span> <span class='ocrx_word' id='word_1_166' title='bbox 1989 1986 2046 2038; x_wconf 87' lang='lat' dir='ltr'>in</span> 
     </span>
    </p>
   </div>
   <div class='ocr_carea' id='block_1_25' title="bbox 409 2055 2046 2128">
    <p class='ocr_par' dir='ltr' id='par_1_25' title="bbox 409 2055 2046 2128">
     <span class='ocr_line' id='line_1_26' title="bbox 409 2055 2046 2128; baseline 0.001 -19"><span class='ocrx_word' id='word_1_167' title='bbox 409 2055 470 2109; x_wconf 90' lang='lat' dir='ltr'>D.</span> <span class='ocrx_word' id='word_1_168' title='bbox 505 2055 713 2111; x_wconf 87' lang='lat' dir='ltr'>Thom.</span> <span class='ocrx_word' id='word_1_169' title='bbox 749 2055 1040 2128; x_wconf 90' lang='lat' dir='ltr'>supplem.</span> <span class='ocrx_word' id='word_1_170' title='bbox 1071 2061 1272 2127; x_wconf 83' lang='lat' dir='ltr'>quaest.</span> <span class='ocrx_word' id='word_1_171' title='bbox 1302 2058 1392 2121; x_wconf 82' lang='lat'>65,</span> <span class='ocrx_word' id='word_1_172' title='bbox 1427 2061 1537 2114; x_wconf 90' lang='lat' dir='ltr'>art.</span> <span class='ocrx_word' id='word_1_173' title='bbox 1565 2058 1618 2126; x_wconf 98' lang='lat'>2,</span> <span class='ocrx_word' id='word_1_174' title='bbox 1650 2057 2046 2126; x_wconf 84' lang='lat' dir='ltr'>disputarunt.</span> 
     </span>
    </p>
   </div>
   <div class='ocr_carea' id='block_1_26' title="bbox 951 2153 1493 2211">
    <p class='ocr_par' dir='ltr' id='par_1_26' title="bbox 951 2153 1493 2211">
     <span class='ocr_line' id='line_1_27' title="bbox 951 2153 1493 2211; baseline 0.006 -4"><span class='ocrx_word' id='word_1_175' title='bbox 951 2153 1350 2211; x_wconf 82' lang='lat' dir='ltr'>ARTICULUS</span> <span class='ocrx_word' id='word_1_176' title='bbox 1394 2154 1493 2210; x_wconf 86' lang='lat' dir='ltr'><strong>III.</strong></span> 
     </span>
    </p>
   </div>
   <div class='ocr_carea' id='block_1_27' title="bbox 516 2240 1942 2314">
    <p class='ocr_par' dir='ltr' id='par_1_27' title="bbox 516 2240 1942 2314">
     <span class='ocr_line' id='line_1_28' title="bbox 516 2240 1942 2314; baseline 0.001 -20"><span class='ocrx_word' id='word_1_177' title='bbox 516 2241 590 2295; x_wconf 81' lang='lat' dir='ltr'>De</span> <span class='ocrx_word' id='word_1_178' title='bbox 622 2240 978 2296; x_wconf 79' lang='lat' dir='ltr'>matrimonii</span> <span class='ocrx_word' id='word_1_179' title='bbox 1006 2242 1231 2298; x_wconf 80' lang='lat' dir='ltr'>vinculo</span> <span class='ocrx_word' id='word_1_180' title='bbox 1269 2259 1556 2314; x_wconf 80' lang='lat' dir='ltr'>nunquam</span> <span class='ocrx_word' id='word_1_181' title='bbox 1584 2243 1942 2298; x_wconf 71' lang='lat' dir='ltr'>dissoluenda.</span> 
     </span>
    </p>
   </div>
   <div class='ocr_carea' id='block_1_28' title="bbox 479 2341 2049 2406">
    <p class='ocr_par' dir='ltr' id='par_1_28' title="bbox 479 2341 2049 2406">
     <span class='ocr_line' id='line_1_29' title="bbox 479 2341 2049 2406; baseline 0.001 -12"><span class='ocrx_word' id='word_1_182' title='bbox 479 2342 664 2406; x_wconf 89' lang='lat' dir='ltr'>Quam</span> <span class='ocrx_word' id='word_1_183' title='bbox 691 2346 919 2395; x_wconf 91' lang='lat' dir='ltr'>arctum</span> <span class='ocrx_word' id='word_1_184' title='bbox 943 2345 995 2396; x_wconf 90' lang='lat' dir='ltr'>et</span> <span class='ocrx_word' id='word_1_185' title='bbox 1017 2341 1425 2398; x_wconf 89' lang='lat' dir='ltr'>indissolubile</span> <span class='ocrx_word' id='word_1_186' title='bbox 1447 2342 1523 2398; x_wconf 91' lang='lat' dir='ltr'>sit</span> <span class='ocrx_word' id='word_1_187' title='bbox 1547 2342 1904 2397; x_wconf 86' lang='lat' dir='ltr'>matrimonii</span> <span class='ocrx_word' id='word_1_188' title='bbox 1927 2342 2049 2396; x_wconf 85' lang='lat' dir='ltr'>vin-</span> 
     </span>
    </p>
   </div>
   <div class='ocr_carea' id='block_1_29' title="bbox 407 2410 2048 2484">
    <p class='ocr_par' dir='ltr' id='par_1_29' title="bbox 407 2410 2048 2484">
     <span class='ocr_line' id='line_1_30' title="bbox 407 2410 2048 2484; baseline 0.002 -19"><span class='ocrx_word' id='word_1_189' title='bbox 407 2413 607 2466; x_wconf 89' lang='lat' dir='ltr'>culum</span> <span class='ocrx_word' id='word_1_190' title='bbox 633 2410 726 2466; x_wconf 89' lang='lat' dir='ltr'>bis</span> <span class='ocrx_word' id='word_1_191' title='bbox 742 2411 1008 2484; x_wconf 82' lang='lat' dir='ltr'>Clemens</span> <span class='ocrx_word' id='word_1_192' title='bbox 1034 2419 1229 2467; x_wconf 89' lang='lat' dir='ltr'>noster</span> <span class='ocrx_word' id='word_1_193' title='bbox 1251 2413 1498 2484; x_wconf 80' lang='lat' dir='ltr'>explicat</span> <span class='ocrx_word' id='word_1_194' title='bbox 1523 2414 1715 2468; x_wconf 86' lang='lat' dir='ltr'>verbis</span> <span class='ocrx_word' id='word_1_195' title='bbox 1737 2414 1782 2448; x_wconf 75' lang='grc'>³⁸</span> <span class='ocrx_word' id='word_1_196' title='bbox 1805 2432 1862 2469; x_wconf 85' lang='lat'>:«</span> <span class='ocrx_word' id='word_1_197' title='bbox 1887 2414 2048 2478; x_wconf 88' lang='lat' dir='ltr'>Quod</span> 
     </span>
    </p>
   </div>
   <div class='ocr_carea' id='block_1_30' title="bbox 408 2482 2051 2554">
    <p class='ocr_par' dir='ltr' id='par_1_30' title="bbox 408 2482 2051 2554">
     <span class='ocr_line' id='line_1_31' title="bbox 408 2482 2051 2554; baseline 0.001 -17"><span class='ocrx_word' id='word_1_198' title='bbox 408 2487 601 2538; x_wconf 89' lang='lat' dir='ltr'>autem</span> <span class='ocrx_word' id='word_1_199' title='bbox 635 2482 932 2538; x_wconf 88' lang='lat' dir='ltr'>consuluit</span> <span class='ocrx_word' id='word_1_200' title='bbox 965 2485 1262 2554; x_wconf 83' lang='lat' dir='ltr'>Scriptura</span> <span class='ocrx_word' id='word_1_201' title='bbox 1315 2482 1552 2540; x_wconf 88' lang='lat' dir='ltr'>uxorem</span> <span class='ocrx_word' id='word_1_202' title='bbox 1603 2486 1834 2550; x_wconf 90' lang='lat' dir='ltr'>ducere,</span> <span class='ocrx_word' id='word_1_203' title='bbox 1859 2491 1916 2540; x_wconf 93' lang='lat' dir='ltr'>et</span> <span class='ocrx_word' id='word_1_204' title='bbox 1949 2501 2051 2539; x_wconf 89' lang='lat' dir='ltr'>nec</span> 
     </span>
    </p>
   </div>
   <div class='ocr_carea' id='block_1_31' title="bbox 407 2555 2047 2637">
    <p class='ocr_par' dir='ltr' id='par_1_31' title="bbox 407 2555 2047 2637">
     <span class='ocr_line' id='line_1_32' title="bbox 407 2555 2047 2637; baseline 0.001 -29"><span class='ocrx_word' id='word_1_205' title='bbox 407 2571 439 2608; x_wconf 91' lang='lat' dir='ltr'>a</span> <span class='ocrx_word' id='word_1_206' title='bbox 479 2555 757 2637; x_wconf 85' lang='lat' dir='ltr'>conjugio</span> <span class='ocrx_word' id='word_1_207' title='bbox 807 2572 1078 2637; x_wconf 70' lang='lat' dir='ltr'>unquam</span> <span class='ocrx_word' id='word_1_208' title='bbox 1140 2557 1424 2637; x_wconf 66' lang='lat' dir='ltr'>permittit</span> <span class='ocrx_word' id='word_1_209' title='bbox 1481 2555 1800 2621; x_wconf 81' lang='lat' dir='ltr'>discedere,</span> <span class='ocrx_word' id='word_1_210' title='bbox 1861 2556 2047 2637; x_wconf 85' lang='lat' dir='ltr'>legem</span> 
     </span>
    </p>
   </div>
   <div class='ocr_carea' id='block_1_32' title="bbox 410 2627 2048 2699">
    <p class='ocr_par' dir='ltr' id='par_1_32' title="bbox 410 2627 2048 2699">
     <span class='ocr_line' id='line_1_33' title="bbox 410 2627 2048 2699; baseline 0.002 -20"><span class='ocrx_word' id='word_1_211' title='bbox 410 2631 606 2694; x_wconf 86' lang='lat' dir='ltr'>aperte</span> <span class='ocrx_word' id='word_1_212' title='bbox 656 2627 996 2680; x_wconf 87' lang='lat' dir='ltr'>constituit:</span> <span class='ocrx_word' id='word_1_213' title='bbox 1035 2627 1154 2684; x_wconf 84' lang='lat' dir='ltr'>Non</span> <span class='ocrx_word' id='word_1_214' title='bbox 1188 2628 1454 2682; x_wconf 87' lang='lat' dir='ltr'>dimittes</span> <span class='ocrx_word' id='word_1_215' title='bbox 1501 2644 1760 2694; x_wconf 86' lang='lat' dir='ltr'>uxorem,</span> <span class='ocrx_word' id='word_1_216' title='bbox 1813 2634 2048 2699; x_wconf 53' lang='lat' dir='ltr'>praeter-</span> 
     </span>
    </p>
   </div>
   <div class='ocr_carea' id='block_1_33' title="bbox 409 2699 2048 2768">
    <p class='ocr_par' dir='ltr' id='par_1_33' title="bbox 409 2699 2048 2768">
     <span class='ocr_line' id='line_1_34' title="bbox 409 2699 2048 2768; baseline 0.002 -18"><span class='ocrx_word' id='word_1_217' title='bbox 409 2713 587 2766; x_wconf 89' lang='lat' dir='ltr'>quam</span> <span class='ocrx_word' id='word_1_218' title='bbox 639 2702 872 2768; x_wconf 89' lang='lat' dir='ltr'>propter</span> <span class='ocrx_word' id='word_1_219' title='bbox 921 2699 1386 2754; x_wconf 77' lang='lat' dir='ltr'>fornicationem.</span> <span class='ocrx_word' id='word_1_220' title='bbox 1426 2699 1795 2754; x_wconf 88' lang='lat' dir='ltr'>Adulterium</span> <span class='ocrx_word' id='word_1_221' title='bbox 1855 2703 2048 2754; x_wconf 88' lang='lat' dir='ltr'>autem</span> 
     </span>
    </p>
   </div>
   <div class='ocr_carea' id='block_1_34' title="bbox 409 2768 2049 2841">
    <p class='ocr_par' dir='ltr' id='par_1_34' title="bbox 409 2768 2049 2841">
     <span class='ocr_line' id='line_1_35' title="bbox 409 2768 2049 2841; baseline 0.001 -19"><span class='ocrx_word' id='word_1_222' title='bbox 409 2768 704 2841; x_wconf 85' lang='lat' dir='ltr'>existimat</span> <span class='ocrx_word' id='word_1_223' title='bbox 726 2769 1003 2841; x_wconf 87' lang='lat' dir='ltr'>conjungi</span> <span class='ocrx_word' id='word_1_224' title='bbox 1027 2771 1426 2836; x_wconf 88' lang='lat' dir='ltr'>matrimonio,</span> <span class='ocrx_word' id='word_1_225' title='bbox 1447 2771 1572 2825; x_wconf 90' lang='lat' dir='ltr'>vivo</span> <span class='ocrx_word' id='word_1_226' title='bbox 1597 2769 1776 2826; x_wconf 91' lang='lat' dir='ltr'>altero</span> <span class='ocrx_word' id='word_1_227' title='bbox 1799 2786 1864 2826; x_wconf 88' lang='lat' dir='ltr'>ex</span> <span class='ocrx_word' id='word_1_228' title='bbox 1887 2788 2049 2841; x_wconf 90' lang='lat' dir='ltr'>sepa-</span> 
     </span>
    </p>
   </div>
   <div class='ocr_carea' id='block_1_35' title="bbox 409 2840 2051 2912">
    <p class='ocr_par' dir='ltr' id='par_1_35' title="bbox 409 2840 2051 2912">
     <span class='ocr_line' id='line_1_36' title="bbox 409 2840 2051 2912; baseline 0.001 -18"><span class='ocrx_word' id='word_1_229' title='bbox 409 2840 571 2912; x_wconf 79' lang='lat' dir='ltr'>ratis.</span> <span class='ocrx_word' id='word_1_230' title='bbox 601 2862 628 2888; x_wconf 87' lang='lat'>»</span> <span class='ocrx_word' id='word_1_231' title='bbox 657 2841 826 2912; x_wconf 88' lang='lat' dir='ltr'>Docet</span> <span class='ocrx_word' id='word_1_232' title='bbox 857 2840 1052 2912; x_wconf 89' lang='lat' dir='ltr'>itaque</span> <span class='ocrx_word' id='word_1_233' title='bbox 1083 2841 1376 2897; x_wconf 88' lang='lat' dir='ltr'>neminem</span> <span class='ocrx_word' id='word_1_234' title='bbox 1399 2842 1471 2898; x_wconf 89' lang='lat' dir='ltr'>ad</span> <span class='ocrx_word' id='word_1_235' title='bbox 1501 2841 1820 2897; x_wconf 89' lang='lat' dir='ltr'>ineundum</span> <span class='ocrx_word' id='word_1_236' title='bbox 1856 2840 2051 2897; x_wconf 88' lang='lat' dir='ltr'>matri-</span> 
     </span>
    </p>
   </div>
   <div class='ocr_carea' id='block_1_36' title="bbox 409 2911 2050 2984">
    <p class='ocr_par' dir='ltr' id='par_1_36' title="bbox 409 2911 2050 2984">
     <span class='ocr_line' id='line_1_37' title="bbox 409 2911 2050 2984; baseline 0.001 -19"><span class='ocrx_word' id='word_1_237' title='bbox 409 2911 670 2966; x_wconf 88' lang='lat' dir='ltr'>monium</span> <span class='ocrx_word' id='word_1_238' title='bbox 704 2911 822 2967; x_wconf 79' lang='lat' dir='ltr'>ulla</span> <span class='ocrx_word' id='word_1_239' title='bbox 865 2913 1174 2983; x_wconf 65' lang='lat' dir='ltr'>Scriptura:</span> <span class='ocrx_word' id='word_1_240' title='bbox 1207 2913 1330 2984; x_wconf 86' lang='lat' dir='ltr'>lege</span> <span class='ocrx_word' id='word_1_241' title='bbox 1362 2913 1636 2984; x_wconf 78' lang='lat' dir='ltr'>astringi;</span> <span class='ocrx_word' id='word_1_242' title='bbox 1670 2914 1770 2969; x_wconf 87' lang='lat' dir='ltr'>sed</span> <span class='ocrx_word' id='word_1_243' title='bbox 1803 2913 1900 2967; x_wconf 91' lang='lat' dir='ltr'>ubi</span> <span class='ocrx_word' id='word_1_244' title='bbox 1935 2913 2050 2967; x_wconf 90' lang='lat' dir='ltr'>ini-</span> 
     </span>
    </p>
   </div>
   <div class='ocr_carea' id='block_1_37' title="bbox 413 2984 2049 3057">
    <p class='ocr_par' dir='ltr' id='par_1_37' title="bbox 413 2984 2049 3057">
     <span class='ocr_line' id='line_1_38' title="bbox 413 2984 2049 3057; baseline 0.001 -19"><span class='ocrx_word' id='word_1_245' title='bbox 413 2987 535 3038; x_wconf 90' lang='lat' dir='ltr'>tum</span> <span class='ocrx_word' id='word_1_246' title='bbox 570 2987 676 3050; x_wconf 90' lang='lat' dir='ltr'>est,</span> <span class='ocrx_word' id='word_1_247' title='bbox 701 2988 840 3057; x_wconf 81' lang='lat' dir='ltr'>tunc</span> <span class='ocrx_word' id='word_1_248' title='bbox 872 2985 1086 3057; x_wconf 83' lang='lat' dir='ltr'>conjux</span> <span class='ocrx_word' id='word_1_249' title='bbox 1104 2984 1299 3040; x_wconf 87' lang='lat' dir='ltr'>divina</span> <span class='ocrx_word' id='word_1_250' title='bbox 1328 2985 1453 3057; x_wconf 84' lang='lat' dir='ltr'>lege</span> <span class='ocrx_word' id='word_1_251' title='bbox 1486 2990 1718 3041; x_wconf 87' lang='lat' dir='ltr'>tenetur</span> <span class='ocrx_word' id='word_1_252' title='bbox 1739 2985 2049 3057; x_wconf 86' lang='lat' dir='ltr'>conjugem</span> 
     </span>
    </p>
   </div>
   <div class='ocr_carea' id='block_1_38' title="bbox 411 3055 1063 3125">
    <p class='ocr_par' dir='ltr' id='par_1_38' title="bbox 411 3055 1063 3125">
     <span class='ocr_line' id='line_1_39' title="bbox 411 3055 1063 3125; baseline 0.003 -17"><span class='ocrx_word' id='word_1_253' title='bbox 411 3070 717 3125; x_wconf 90' lang='lat' dir='ltr'>nunquam</span> <span class='ocrx_word' id='word_1_254' title='bbox 750 3055 1063 3111; x_wconf 84' lang='lat' dir='ltr'>dimittere.</span> 
     </span>
    </p>
   </div>
   <div class='ocr_carea' id='block_1_39' title="bbox 1095 291 3114 347">
    <p class='ocr_par' dir='ltr' id='par_1_39' title="bbox 1095 291 3114 347">
     <span class='ocr_line' id='line_1_40' title="bbox 1095 291 3114 347; baseline -0 -1"><span class='ocrx_word' id='word_1_255' title='bbox 1095 293 1171 346; x_wconf 81' lang='grc' dir='ltr'>ΙΝ</span> <span class='ocrx_word' id='word_1_256' title='bbox 1209 293 1663 346; x_wconf 75' lang='lat' dir='ltr'>CLEMENNBM</span> <span class='ocrx_word' id='word_1_257' title='bbox 1703 292 1916 346; x_wconf 83' lang='lat' dir='ltr'>ALEX.</span> <span class='ocrx_word' id='word_1_258' title='bbox 1957 294 2025 344; x_wconf 90' lang='lat' dir='ltr'>D.</span> <span class='ocrx_word' id='word_1_259' title='bbox 2067 291 2158 344; x_wconf 82' lang='lat' dir='ltr'><strong>LE</strong></span> <span class='ocrx_word' id='word_1_260' title='bbox 2197 291 2494 346; x_wconf 80' lang='lat' dir='ltr'>NOURRY</span> <span class='ocrx_word' id='word_1_261' title='bbox 2530 293 3006 347; x_wconf 75' lang='lat' dir='ltr'>DISSERTATIO</span> <span class='ocrx_word' id='word_1_262' title='bbox 3041 295 3114 346; x_wconf 83' lang='lat' dir='ltr'>Il.</span> 
     </span>
    </p>
   </div>
   <div class='ocr_carea' id='block_1_40' title="bbox 1214 415 2135 486">
    <p class='ocr_par' dir='ltr' id='par_1_40' title="bbox 1214 415 2135 486">
     <span class='ocr_line' id='line_1_41' title="bbox 1214 415 2135 486; baseline -0.001 -17"><span class='ocrx_word' id='word_1_263' title='bbox 1214 420 1392 482; x_wconf 82' lang='lat' dir='ltr'>arat.,</span> <span class='ocrx_word' id='word_1_264' title='bbox 1446 415 1680 470; x_wconf 86' lang='lat' dir='ltr'>dissert.</span> <span class='ocrx_word' id='word_1_265' title='bbox 1731 415 1787 483; x_wconf 91' lang='lat'>3,</span> <span class='ocrx_word' id='word_1_266' title='bbox 1837 432 1962 486; x_wconf 87' lang='lat' dir='ltr'>cap.</span> <span class='ocrx_word' id='word_1_267' title='bbox 1995 415 2052 484; x_wconf 87' lang='grc'>5,</span> <span class='ocrx_word' id='word_1_268' title='bbox 2082 416 2135 483; x_wconf 77' lang='grc' dir='ltr'><strong>Α</strong></span> 
     </span>
    </p>
   </div>
   <div class='ocr_carea' id='block_1_41' title="bbox 3674 294 3818 348">
    <p class='ocr_par' dir='ltr' id='par_1_41' title="bbox 3674 294 3818 348">
     <span class='ocr_line' id='line_1_42' title="bbox 3674 294 3818 348; baseline 0 0"><span class='ocrx_word' id='word_1_269' title='bbox 3674 294 3818 348; x_wconf 84' lang='grc'>1180</span> 
     </span>
    </p>
   </div>
   <div class='ocr_carea' id='block_1_42' title="bbox 2169 414 3816 488">
    <p class='ocr_par' dir='ltr' id='par_1_42' title="bbox 2169 414 3816 488">
     <span class='ocr_line' id='line_1_43' title="bbox 2169 414 3816 488; baseline 0.004 -21"><span class='ocrx_word' id='word_1_270' title='bbox 2169 430 2298 488; x_wconf 83' lang='lat' dir='ltr'>rum</span> <span class='ocrx_word' id='word_1_271' title='bbox 2331 414 2633 488; x_wconf 73' lang='lat' dir='ltr'>Mosaical,</span> <span class='ocrx_word' id='word_1_272' title='bbox 2656 419 2722 470; x_wconf 87' lang='lat' dir='ltr'>ut</span> <span class='ocrx_word' id='word_1_273' title='bbox 2745 415 3032 488; x_wconf 74' lang='lat' dir='ltr'>reprimat</span> <span class='ocrx_word' id='word_1_274' title='bbox 3061 417 3133 472; x_wconf 88' lang='lat' dir='ltr'>ad</span> <span class='ocrx_word' id='word_1_275' title='bbox 3166 415 3305 472; x_wconf 90' lang='lat' dir='ltr'>vitia</span> <span class='ocrx_word' id='word_1_276' title='bbox 3337 417 3816 488; x_wconf 87' lang='lat' dir='ltr'>propensionem,</span> 
     </span>
    </p>
   </div>
   <div class='ocr_carea' id='block_1_43' title="bbox 2159 485 3817 556">
    <p class='ocr_par' dir='ltr' id='par_1_43' title="bbox 2159 485 3817 556">
     <span class='ocr_line' id='line_1_44' title="bbox 2159 485 3817 556; baseline 0.003 -17"><span class='ocrx_word' id='word_1_277' title='bbox 2159 485 2327 556; x_wconf 88' lang='lat' dir='ltr'>jubet</span> <span class='ocrx_word' id='word_1_278' title='bbox 2357 487 2426 540; x_wconf 92' lang='lat' dir='ltr'>de</span> <span class='ocrx_word' id='word_1_279' title='bbox 2461 487 2651 541; x_wconf 89' lang='lat' dir='ltr'>medio</span> <span class='ocrx_word' id='word_1_280' title='bbox 2684 485 2990 554; x_wconf 28' lang='lat' dir='ltr'>tolli’eam,</span> <span class='ocrx_word' id='word_1_281' title='bbox 3016 502 3144 556; x_wconf 65' lang='lat' dir='ltr'>quae</span> <span class='ocrx_word' id='word_1_282' title='bbox 3177 485 3526 556; x_wconf 75' lang='lat' dir='ltr'>adulterata,</span> <span class='ocrx_word' id='word_1_283' title='bbox 3556 495 3614 544; x_wconf 86' lang='lat' dir='ltr'>et</span> <span class='ocrx_word' id='word_1_284' title='bbox 3643 485 3817 544; x_wconf 56' lang='lat' dir='ltr'>adulé</span> 
     </span>
    </p>
   </div>
   <div class='ocr_carea' id='block_1_44' title="bbox 2168 557 3819 626">
    <p class='ocr_par' dir='ltr' id='par_1_44' title="bbox 2168 557 3819 626">
     <span class='ocr_line' id='line_1_45' title="bbox 2168 557 3819 626; baseline 0.004 -16"><span class='ocrx_word' id='word_1_285' title='bbox 2168 558 2291 611; x_wconf 83' lang='lat' dir='ltr'>terii</span> <span class='ocrx_word' id='word_1_286' title='bbox 2329 558 2496 612; x_wconf 83' lang='lat' dir='ltr'>fuerit</span> <span class='ocrx_word' id='word_1_287' title='bbox 2522 557 2810 626; x_wconf 84' lang='lat' dir='ltr'>convicta;</span> <span class='ocrx_word' id='word_1_288' title='bbox 2842 559 2930 613; x_wconf 86' lang='lat' dir='ltr'>sin</span> <span class='ocrx_word' id='word_1_289' title='bbox 2956 564 3152 614; x_wconf 89' lang='lat' dir='ltr'>autem</span> <span class='ocrx_word' id='word_1_290' title='bbox 3178 559 3354 614; x_wconf 80' lang='lat' dir='ltr'>fuerit</span> <span class='ocrx_word' id='word_1_291' title='bbox 3375 577 3519 614; x_wconf 86' lang='lat' dir='ltr'>uxor</span> <span class='ocrx_word' id='word_1_292' title='bbox 3540 563 3819 617; x_wconf 89' lang='lat' dir='ltr'>sacerdo-</span> 
     </span>
    </p>
   </div>
   <div class='ocr_carea' id='block_1_45' title="bbox 2167 629 3821 701">
    <p class='ocr_par' dir='ltr' id='par_1_45' title="bbox 2167 629 3821 701">
     <span class='ocr_line' id='line_1_46' title="bbox 2167 629 3821 701; baseline 0.002 -19"><span class='ocrx_word' id='word_1_293' title='bbox 2167 629 2262 693; x_wconf 91' lang='lat' dir='ltr'>tis,</span> <span class='ocrx_word' id='word_1_294' title='bbox 2288 629 2459 701; x_wconf 13' lang='lat' dir='ltr'>jubeﬁt</span> <span class='ocrx_word' id='word_1_295' title='bbox 2487 645 2614 701; x_wconf 87' lang='lat' dir='ltr'>eam</span> <span class='ocrx_word' id='word_1_296' title='bbox 2650 631 2767 701; x_wconf 88' lang='lat' dir='ltr'>igni</span> <span class='ocrx_word' id='word_1_297' title='bbox 2804 630 2993 685; x_wconf 71' lang='lat' dir='ltr'>tradi?</span> <span class='ocrx_word' id='word_1_298' title='bbox 3029 631 3310 685; x_wconf 89' lang='lat' dir='ltr'>Obruitur</span> <span class='ocrx_word' id='word_1_299' title='bbox 3349 636 3547 686; x_wconf 88' lang='lat' dir='ltr'>autem</span> <span class='ocrx_word' id='word_1_300' title='bbox 3580 633 3821 688; x_wconf 86' lang='lat' dir='ltr'>adulter</span> 
     </span>
    </p>
   </div>
   <div class='ocr_carea' id='block_1_46' title="bbox 2168 700 3818 782">
    <p class='ocr_par' dir='ltr' id='par_1_46' title="bbox 2168 700 3818 782">
     <span class='ocr_line' id='line_1_47' title="bbox 2168 700 3818 782; baseline 0.004 -28"><span class='ocrx_word' id='word_1_301' title='bbox 2168 716 2397 782; x_wconf 80' lang='lat' dir='ltr'>quoque</span> <span class='ocrx_word' id='word_1_302' title='bbox 2427 700 2746 782; x_wconf 75' lang='lat' dir='ltr'>lapidibus,</span> <span class='ocrx_word' id='word_1_303' title='bbox 2770 703 2868 756; x_wconf 83' lang='lat' dir='ltr'>sed</span> <span class='ocrx_word' id='word_1_304' title='bbox 2904 719 3017 782; x_wconf 84' lang='lat' dir='ltr'>non</span> <span class='ocrx_word' id='word_1_305' title='bbox 3050 702 3345 782; x_wconf 82' lang='lat' dir='ltr'>in_eodem</span> <span class='ocrx_word' id='word_1_306' title='bbox 3375 703 3622 782; x_wconf 41' lang='lat' dir='ltr'>loco,.ne</span> <span class='ocrx_word' id='word_1_307' title='bbox 3653 721 3818 760; x_wconf 85' lang='lat' dir='ltr'>mors</span> 
     </span>
    </p>
   </div>
   <div class='ocr_carea' id='block_1_47' title="bbox 2167 771 3816 842">
    <p class='ocr_par' dir='ltr' id='par_1_47' title="bbox 2167 771 3816 842">
     <span class='ocr_line' id='line_1_48' title="bbox 2167 771 3816 842; baseline 0.002 -17"><span class='ocrx_word' id='word_1_308' title='bbox 2167 771 2403 842; x_wconf 87' lang='lat' dir='ltr'>quidem</span> <span class='ocrx_word' id='word_1_309' title='bbox 2456 771 2533 826; x_wconf 87' lang='lat' dir='ltr'>sit</span> <span class='ocrx_word' id='word_1_310' title='bbox 2587 773 2672 826; x_wconf 88' lang='lat' dir='ltr'>eis</span> <span class='ocrx_word' id='word_1_311' title='bbox 2721 774 3075 828; x_wconf 87' lang='lat' dir='ltr'>communis.</span> <span class='ocrx_word' id='word_1_312' title='bbox 3108 773 3308 841; x_wconf 89' lang='lat' dir='ltr'>Neque</span> <span class='ocrx_word' id='word_1_313' title='bbox 3355 790 3487 828; x_wconf 90' lang='lat' dir='ltr'>vero</span> <span class='ocrx_word' id='word_1_314' title='bbox 3537 773 3628 828; x_wconf 88' lang='lat' dir='ltr'>lex</span> <span class='ocrx_word' id='word_1_315' title='bbox 3675 792 3816 830; x_wconf 91' lang='lat' dir='ltr'>cum</span> 
     </span>
    </p>
   </div>
   <div class='ocr_carea' id='block_1_48' title="bbox 2167 842 3812 925">
    <p class='ocr_par' dir='ltr' id='par_1_48' title="bbox 2167 842 3812 925">
     <span class='ocr_line' id='line_1_49' title="bbox 2167 842 3812 925; baseline 0.003 -29"><span class='ocrx_word' id='word_1_316' title='bbox 2167 842 2474 925; x_wconf 70' lang='lat' dir='ltr'>Evangelia</span> <span class='ocrx_word' id='word_1_317' title='bbox 2506 853 2746 925; x_wconf 81' lang='lat' dir='ltr'>pugnat,</span> <span class='ocrx_word' id='word_1_318' title='bbox 2773 846 2872 899; x_wconf 89' lang='lat' dir='ltr'>sed</span> <span class='ocrx_word' id='word_1_319' title='bbox 2914 844 2965 925; x_wconf 82' lang='lat' dir='ltr'>ei</span> <span class='ocrx_word' id='word_1_320' title='bbox 2994 845 3333 925; x_wconf 66' lang='lat' dir='ltr'>consentit;</span> <span class='ocrx_word' id='word_1_321' title='bbox 3368 845 3572 925; x_wconf 55' lang='lat' dir='ltr'>quidni</span> <span class='ocrx_word' id='word_1_322' title='bbox 3625 850 3812 925; x_wconf 84' lang='lat' dir='ltr'>enim,</span> 
     </span>
    </p>
   </div>
   <div class='ocr_carea' id='block_1_49' title="bbox 2166 914 3814 986">
    <p class='ocr_par' dir='ltr' id='par_1_49' title="bbox 2166 914 3814 986">
     <span class='ocr_line' id='line_1_50' title="bbox 2166 914 3814 986; baseline 0.003 -18"><span class='ocrx_word' id='word_1_323' title='bbox 2166 931 2300 986; x_wconf 10' lang='lat' dir='ltr'>cum?</span> <span class='ocrx_word' id='word_1_324' title='bbox 2317 914 2391 968; x_wconf 89' lang='lat' dir='ltr'>sit</span> <span class='ocrx_word' id='word_1_325' title='bbox 2413 914 2718 986; x_wconf 90' lang='lat' dir='ltr'>utriusque</span> <span class='ocrx_word' id='word_1_326' title='bbox 2737 917 3140 986; x_wconf 83' lang='lat' dir='ltr'>suppeditator</span> <span class='ocrx_word' id='word_1_327' title='bbox 3157 914 3480 971; x_wconf 77' lang='lat' dir='ltr'>Dominus?</span> <span class='ocrx_word' id='word_1_328' title='bbox 3499 917 3633 979; x_wconf 72' lang='lat' dir='ltr'>Quae</span> <span class='ocrx_word' id='word_1_329' title='bbox 3652 914 3814 973; x_wconf 84' lang='lat' dir='ltr'>enim</span> 
     </span>
    </p>
   </div>
   <div class='ocr_carea' id='block_1_50' title="bbox 2165 985 3819 1058">
    <p class='ocr_par' dir='ltr' id='par_1_50' title="bbox 2165 985 3819 1058">
     <span class='ocr_line' id='line_1_51' title="bbox 2165 985 3819 1058; baseline 0.002 -17"><span class='ocrx_word' id='word_1_330' title='bbox 2165 997 2249 1041; x_wconf 85' lang='lat' dir='ltr'>est</span> <span class='ocrx_word' id='word_1_331' title='bbox 2283 985 2584 1058; x_wconf 78' lang='lat' dir='ltr'>fornicata,</span> <span class='ocrx_word' id='word_1_332' title='bbox 2600 985 2738 1040; x_wconf 87' lang='lat' dir='ltr'>vivit</span> <span class='ocrx_word' id='word_1_333' title='bbox 2767 985 3004 1056; x_wconf 88' lang='lat' dir='ltr'>quidem</span> <span class='ocrx_word' id='word_1_334' title='bbox 3041 994 3298 1058; x_wconf 89' lang='lat' dir='ltr'>peccato,</span> <span class='ocrx_word' id='word_1_335' title='bbox 3327 989 3428 1042; x_wconf 89' lang='lat' dir='ltr'>sed</span> <span class='ocrx_word' id='word_1_336' title='bbox 3462 995 3696 1044; x_wconf 90' lang='lat' dir='ltr'>mortua</span> <span class='ocrx_word' id='word_1_337' title='bbox 3725 995 3819 1045; x_wconf 89' lang='lat' dir='ltr'>est</span> 
     </span>
    </p>
   </div>
   <div class='ocr_carea' id='block_1_51' title="bbox 2167 1056 3817 1139">
    <p class='ocr_par' dir='ltr' id='par_1_51' title="bbox 2167 1056 3817 1139">
     <span class='ocr_line' id='line_1_52' title="bbox 2167 1056 3817 1139; baseline 0.003 -28"><span class='ocrx_word' id='word_1_338' title='bbox 2167 1056 2489 1139; x_wconf 83' lang='lat' dir='ltr'>mandatis;</span> <span class='ocrx_word' id='word_1_339' title='bbox 2525 1074 2648 1139; x_wconf 72' lang='lat' dir='ltr'>qua:</span> <span class='ocrx_word' id='word_1_340' title='bbox 2676 1064 2868 1139; x_wconf 79' lang='lat' dir='ltr'>autem</span> <span class='ocrx_word' id='word_1_341' title='bbox 2895 1056 3069 1113; x_wconf 79' lang='lat' dir='ltr'>ducta</span> <span class='ocrx_word' id='word_1_342' title='bbox 3099 1065 3188 1113; x_wconf 91' lang='lat' dir='ltr'>est</span> <span class='ocrx_word' id='word_1_343' title='bbox 3210 1056 3572 1139; x_wconf 76' lang='lat' dir='ltr'>pmnitentia,</span> <span class='ocrx_word' id='word_1_344' title='bbox 3593 1065 3660 1139; x_wconf 82' lang='lat' dir='ltr'>ut</span> <span class='ocrx_word' id='word_1_345' title='bbox 3681 1076 3817 1139; x_wconf 78' lang='lat' dir='ltr'>quae</span> 
     </span>
    </p>
   </div>
   <div class='ocr_carea' id='block_1_52' title="bbox 2165 1129 3817 1199">
    <p class='ocr_par' dir='ltr' id='par_1_52' title="bbox 2165 1129 3817 1199">
     <span class='ocr_line' id='line_1_53' title="bbox 2165 1129 3817 1199; baseline 0.002 -17"><span class='ocrx_word' id='word_1_346' title='bbox 2165 1129 2242 1182; x_wconf 89' lang='lat' dir='ltr'>sit</span> <span class='ocrx_word' id='word_1_347' title='bbox 2274 1134 2612 1199; x_wconf 79' lang='lat' dir='ltr'>regenerata</span> <span class='ocrx_word' id='word_1_348' title='bbox 2653 1143 2755 1199; x_wconf 88' lang='lat' dir='ltr'>per</span> <span class='ocrx_word' id='word_1_349' title='bbox 2793 1129 2920 1182; x_wconf 74' lang='lat' dir='ltr'>vitae</span> <span class='ocrx_word' id='word_1_350' title='bbox 2963 1129 3422 1196; x_wconf 88' lang='lat' dir='ltr'>conversionem,</span> <span class='ocrx_word' id='word_1_351' title='bbox 3456 1129 3635 1186; x_wconf 87' lang='lat' dir='ltr'>habet</span> <span class='ocrx_word' id='word_1_352' title='bbox 3686 1129 3817 1185; x_wconf 73' lang='lat' dir='ltr'>vitae</span> 
     </span>
    </p>
   </div>
   <div class='ocr_carea' id='block_1_53' title="bbox 2165 1199 3818 1270">
    <p class='ocr_par' dir='ltr' id='par_1_53' title="bbox 2165 1199 3818 1270">
     <span class='ocr_line' id='line_1_54' title="bbox 2165 1199 3818 1270; baseline 0.002 -16"><span class='ocrx_word' id='word_1_353' title='bbox 2165 1199 2682 1270; x_wconf 84' lang='lat' dir='ltr'>regenerationem,</span> <span class='ocrx_word' id='word_1_354' title='bbox 2700 1205 2931 1255; x_wconf 88' lang='lat' dir='ltr'>mortua</span> <span class='ocrx_word' id='word_1_355' title='bbox 2952 1201 3186 1270; x_wconf 89' lang='lat' dir='ltr'>quidem</span> <span class='ocrx_word' id='word_1_356' title='bbox 3206 1206 3398 1256; x_wconf 86' lang='lat' dir='ltr'>vetere</span> <span class='ocrx_word' id='word_1_357' title='bbox 3421 1201 3818 1269; x_wconf 78' lang='lat' dir='ltr'>iornicatrice,</span> 
     </span>
    </p>
   </div>
   <div class='ocr_carea' id='block_1_54' title="bbox 2165 1269 3817 1353">
    <p class='ocr_par' dir='ltr' id='par_1_54' title="bbox 2165 1269 3817 1353">
     <span class='ocr_line' id='line_1_55' title="bbox 2165 1269 3817 1353; baseline 0.002 -29"><span class='ocrx_word' id='word_1_358' title='bbox 2165 1269 2658 1353; x_wconf 35' lang='lat' dir='ltr'>invitam-autem</span> <span class='ocrx_word' id='word_1_359' title='bbox 2687 1287 2895 1353; x_wconf 62' lang='lat' dir='ltr'>rursus</span> <span class='ocrx_word' id='word_1_360' title='bbox 2928 1269 3309 1353; x_wconf 62' lang='lat' dir='ltr'>ingressaea,</span> <span class='ocrx_word' id='word_1_361' title='bbox 3333 1279 3575 1353; x_wconf 62' lang='lat' dir='ltr'>quaeest</span> <span class='ocrx_word' id='word_1_362' title='bbox 3606 1274 3817 1353; x_wconf 83' lang='lat' dir='ltr'>genita</span> 
     </span>
    </p>
   </div>
   <div class='ocr_carea' id='block_1_55' title="bbox 2205 1342 3818 1410">
    <p class='ocr_par' dir='ltr' id='par_1_55' title="bbox 2205 1342 3818 1410">
     <span class='ocr_line' id='line_1_56' title="bbox 2205 1342 3818 1410; baseline 0.002 -13"><span class='ocrx_word' id='word_1_363' title='bbox 2205 1359 2266 1397; x_wconf 90' lang='lat' dir='ltr'>er</span> <span class='ocrx_word' id='word_1_364' title='bbox 2297 1342 2718 1410; x_wconf 63' lang='lat' dir='ltr'>paenitentiam.</span> <span class='ocrx_word' id='word_1_365' title='bbox 2744 1364 2772 1392; x_wconf 85' lang='grc'>››</span> <span class='ocrx_word' id='word_1_366' title='bbox 2797 1342 3038 1396; x_wconf 80' lang='lat' dir='ltr'>Planum</span> <span class='ocrx_word' id='word_1_367' title='bbox 3064 1343 3142 1396; x_wconf 90' lang='lat' dir='ltr'>ibi</span> <span class='ocrx_word' id='word_1_368' title='bbox 3169 1343 3431 1398; x_wconf 87' lang='lat' dir='ltr'>Clemens</span> <span class='ocrx_word' id='word_1_369' title='bbox 3454 1344 3588 1398; x_wconf 79' lang='lat' dir='ltr'>facit</span> <span class='ocrx_word' id='word_1_370' title='bbox 3615 1342 3675 1398; x_wconf 85' lang='lat' dir='ltr'>in</span> <span class='ocrx_word' id='word_1_371' title='bbox 3703 1347 3818 1400; x_wconf 91' lang='lat' dir='ltr'>boc</span> 
     </span>
    </p>
   </div>
   <div class='ocr_carea' id='block_1_56' title="bbox 2186 1413 3822 1485">
    <p class='ocr_par' dir='ltr' id='par_1_56' title="bbox 2186 1413 3822 1485">
     <span class='ocr_line' id='line_1_57' title="bbox 2186 1413 3822 1485; baseline 0.002 -17"><span class='ocrx_word' id='word_1_372' title='bbox 2186 1429 2349 1485; x_wconf 82' lang='lat' dir='ltr'>egem</span> <span class='ocrx_word' id='word_1_373' title='bbox 2382 1418 2631 1485; x_wconf 87' lang='lat' dir='ltr'>veterem</span> <span class='ocrx_word' id='word_1_374' title='bbox 2663 1430 2795 1468; x_wconf 90' lang='lat' dir='ltr'>cum</span> <span class='ocrx_word' id='word_1_375' title='bbox 2828 1413 3157 1485; x_wconf 83' lang='lat' dir='ltr'>evangelica</span> <span class='ocrx_word' id='word_1_376' title='bbox 3192 1414 3544 1479; x_wconf 88' lang='lat' dir='ltr'>consentire,</span> <span class='ocrx_word' id='word_1_377' title='bbox 3573 1422 3638 1470; x_wconf 91' lang='lat' dir='ltr'>ut</span> <span class='ocrx_word' id='word_1_378' title='bbox 3669 1433 3822 1471; x_wconf 82' lang='lat' dir='ltr'>uxor</span> 
     </span>
    </p>
   </div>
   <div class='ocr_carea' id='block_1_57' title="bbox 2165 1483 3817 1558">
    <p class='ocr_par' dir='ltr' id='par_1_57' title="bbox 2165 1483 3817 1558">
     <span class='ocr_line' id='line_1_58' title="bbox 2165 1483 3817 1558; baseline 0.002 -19"><span class='ocrx_word' id='word_1_379' title='bbox 2165 1483 2437 1558; x_wconf 85' lang='lat' dir='ltr'>adulterii</span> <span class='ocrx_word' id='word_1_380' title='bbox 2470 1485 2747 1558; x_wconf 10' lang='lat' dir='ltr'>convicta,</span> <span class='ocrx_word' id='word_1_381' title='bbox 2780 1486 2864 1558; x_wconf 82' lang='lat' dir='ltr'>de</span> <span class='ocrx_word' id='word_1_382' title='bbox 2896 1483 3090 1558; x_wconf 73' lang='lat' dir='ltr'>medio</span> <span class='ocrx_word' id='word_1_383' title='bbox 3139 1485 3406 1558; x_wconf 73' lang='lat' dir='ltr'>tollatur.</span> <span class='ocrx_word' id='word_1_384' title='bbox 3431 1485 3542 1540; x_wconf 88' lang='lat' dir='ltr'>Lex</span> <span class='ocrx_word' id='word_1_385' title='bbox 3589 1487 3817 1558; x_wconf 89' lang='lat' dir='ltr'>quippe</span> 
     </span>
    </p>
   </div>
   <div class='ocr_carea' id='block_1_58' title="bbox 2163 1556 3816 1627">
    <p class='ocr_par' dir='ltr' id='par_1_58' title="bbox 2163 1556 3816 1627">
     <span class='ocr_line' id='line_1_59' title="bbox 2163 1556 3816 1627; baseline 0.001 -17"><span class='ocrx_word' id='word_1_386' title='bbox 2163 1561 2327 1610; x_wconf 87' lang='lat' dir='ltr'>vetus</span> <span class='ocrx_word' id='word_1_387' title='bbox 2349 1556 2521 1624; x_wconf 87' lang='lat' dir='ltr'>jubet</span> <span class='ocrx_word' id='word_1_388' title='bbox 2551 1571 2678 1610; x_wconf 88' lang='lat' dir='ltr'>eam</span> <span class='ocrx_word' id='word_1_389' title='bbox 2702 1556 2867 1610; x_wconf 90' lang='lat' dir='ltr'>obrui</span> <span class='ocrx_word' id='word_1_390' title='bbox 2897 1556 3213 1627; x_wconf 88' lang='lat' dir='ltr'>lapidibus,</span> <span class='ocrx_word' id='word_1_391' title='bbox 3236 1561 3338 1611; x_wconf 89' lang='lat' dir='ltr'>aut</span> <span class='ocrx_word' id='word_1_392' title='bbox 3362 1557 3409 1612; x_wconf 89' lang='lat' dir='ltr'>si</span> <span class='ocrx_word' id='word_1_393' title='bbox 3440 1573 3586 1612; x_wconf 87' lang='lat' dir='ltr'>uxor</span> <span class='ocrx_word' id='word_1_394' title='bbox 3613 1556 3698 1612; x_wconf 86' lang='lat' dir='ltr'>sit</span> <span class='ocrx_word' id='word_1_395' title='bbox 3720 1556 3816 1612; x_wconf 75' lang='lat' dir='ltr'>sa-</span> 
     </span>
    </p>
   </div>
   <div class='ocr_carea' id='block_1_59' title="bbox 2165 1627 3815 1698">
    <p class='ocr_par' dir='ltr' id='par_1_59' title="bbox 2165 1627 3815 1698">
     <span class='ocr_line' id='line_1_60' title="bbox 2165 1627 3815 1698; baseline 0.001 -16"><span class='ocrx_word' id='word_1_396' title='bbox 2165 1627 2441 1694; x_wconf 90' lang='lat' dir='ltr'>cerdotis,</span> <span class='ocrx_word' id='word_1_397' title='bbox 2474 1627 2608 1697; x_wconf 86' lang='lat' dir='ltr'>igne</span> <span class='ocrx_word' id='word_1_398' title='bbox 2651 1627 2935 1682; x_wconf 85' lang='lat' dir='ltr'>comburi.</span> <span class='ocrx_word' id='word_1_399' title='bbox 2971 1629 3085 1683; x_wconf 86' lang='lat' dir='ltr'>Lex</span> <span class='ocrx_word' id='word_1_400' title='bbox 3116 1643 3248 1683; x_wconf 89' lang='lat' dir='ltr'>vero</span> <span class='ocrx_word' id='word_1_401' title='bbox 3279 1628 3617 1698; x_wconf 85' lang='lat' dir='ltr'>evangelica</span> <span class='ocrx_word' id='word_1_402' title='bbox 3647 1629 3815 1684; x_wconf 88' lang='lat' dir='ltr'>illam</span> 
     </span>
    </p>
   </div>
   <div class='ocr_carea' id='block_1_60' title="bbox 2165 1697 3815 1769">
    <p class='ocr_par' dir='ltr' id='par_1_60' title="bbox 2165 1697 3815 1769">
     <span class='ocr_line' id='line_1_61' title="bbox 2165 1697 3815 1769; baseline 0.002 -17"><span class='ocrx_word' id='word_1_403' title='bbox 2165 1698 2456 1752; x_wconf 88' lang='lat' dir='ltr'>mandatis</span> <span class='ocrx_word' id='word_1_404' title='bbox 2488 1703 2545 1769; x_wconf 86' lang='lat' dir='ltr'>et</span> <span class='ocrx_word' id='word_1_405' title='bbox 2575 1697 2699 1752; x_wconf 67' lang='lat' dir='ltr'>vitae</span> <span class='ocrx_word' id='word_1_406' title='bbox 2731 1698 3026 1769; x_wconf 89' lang='lat' dir='ltr'>spirituali</span> <span class='ocrx_word' id='word_1_407' title='bbox 3059 1704 3350 1754; x_wconf 82' lang='lat' dir='ltr'>mortuam</span> <span class='ocrx_word' id='word_1_408' title='bbox 3383 1697 3663 1755; x_wconf 86' lang='lat' dir='ltr'>declarat.</span> <span class='ocrx_word' id='word_1_409' title='bbox 3699 1701 3815 1755; x_wconf 80' lang='lat' dir='ltr'>Sed</span> 
     </span>
    </p>
   </div>
   <div class='ocr_carea' id='block_1_61' title="bbox 2163 1767 3816 1841">
    <p class='ocr_par' dir='ltr' id='par_1_61' title="bbox 2163 1767 3816 1841">
     <span class='ocr_line' id='line_1_62' title="bbox 2163 1767 3816 1841; baseline 0.001 -17"><span class='ocrx_word' id='word_1_410' title='bbox 2163 1769 2282 1825; x_wconf 60' lang='lat' dir='ltr'>hinc</span> <span class='ocrx_word' id='word_1_411' title='bbox 2306 1786 2454 1824; x_wconf 89' lang='lat' dir='ltr'>nova</span> <span class='ocrx_word' id='word_1_412' title='bbox 2484 1767 2736 1838; x_wconf 74' lang='lat' dir='ltr'>lex,quze</span> <span class='ocrx_word' id='word_1_413' title='bbox 2769 1767 2944 1841; x_wconf 80' lang='lat' dir='ltr'>veteri</span> <span class='ocrx_word' id='word_1_414' title='bbox 2980 1771 3144 1838; x_wconf 78' lang='lat' dir='ltr'>longe</span> <span class='ocrx_word' id='word_1_415' title='bbox 3176 1770 3495 1841; x_wconf 90' lang='lat' dir='ltr'>plurimum</span> <span class='ocrx_word' id='word_1_416' title='bbox 3530 1787 3816 1826; x_wconf 86' lang='lat' dir='ltr'>mansue-</span> 
     </span>
    </p>
   </div>
   <div class='ocr_carea' id='block_1_62' title="bbox 2159 1840 3811 1912">
    <p class='ocr_par' dir='ltr' id='par_1_62' title="bbox 2159 1840 3811 1912">
     <span class='ocr_line' id='line_1_63' title="bbox 2159 1840 3811 1912; baseline 0.001 -17"><span class='ocrx_word' id='word_1_417' title='bbox 2159 1841 2362 1895; x_wconf 90' lang='lat' dir='ltr'>tudine</span> <span class='ocrx_word' id='word_1_418' title='bbox 2394 1840 3060 1912; x_wconf 87' lang='lat' dir='ltr'>antecellit,adulteram</span> <span class='ocrx_word' id='word_1_419' title='bbox 3095 1840 3344 1897; x_wconf 84' lang='lat' dir='ltr'>interﬁci</span> <span class='ocrx_word' id='word_1_420' title='bbox 3377 1859 3490 1897; x_wconf 91' lang='lat' dir='ltr'>non</span> <span class='ocrx_word' id='word_1_421' title='bbox 3521 1843 3811 1912; x_wconf 68' lang='lat' dir='ltr'>praecipit,</span> 
     </span>
    </p>
   </div>
   <div class='ocr_carea' id='block_1_63' title="bbox 2161 1911 3816 1984">
    <p class='ocr_par' dir='ltr' id='par_1_63' title="bbox 2161 1911 3816 1984">
     <span class='ocr_line' id='line_1_64' title="bbox 2161 1911 3816 1984; baseline 0.001 -18"><span class='ocrx_word' id='word_1_422' title='bbox 2161 1915 2226 1966; x_wconf 92' lang='lat' dir='ltr'>ut</span> <span class='ocrx_word' id='word_1_423' title='bbox 2255 1913 2422 1984; x_wconf 85' lang='lat' dir='ltr'>detur</span> <span class='ocrx_word' id='word_1_424' title='bbox 2453 1912 2561 1982; x_wconf 90' lang='lat' dir='ltr'>ipsi</span> <span class='ocrx_word' id='word_1_425' title='bbox 2588 1912 2927 1984; x_wconf 78' lang='lat' dir='ltr'>paenitendi</span> <span class='ocrx_word' id='word_1_426' title='bbox 2975 1911 3164 1984; x_wconf 79' lang='lat' dir='ltr'>locus,</span> <span class='ocrx_word' id='word_1_427' title='bbox 3185 1930 3252 1968; x_wconf 89' lang='lat' dir='ltr'>ac</span> <span class='ocrx_word' id='word_1_428' title='bbox 3300 1911 3535 1968; x_wconf 14' lang='lat' dir='ltr'>sincera,</span> <span class='ocrx_word' id='word_1_429' title='bbox 3556 1929 3816 1984; x_wconf 89' lang='lat' dir='ltr'>veraque</span> 
     </span>
    </p>
   </div>
   <div class='ocr_carea' id='block_1_64' title="bbox 2157 1983 3810 2055">
    <p class='ocr_par' dir='ltr' id='par_1_64' title="bbox 2157 1983 3810 2055">
     <span class='ocr_line' id='line_1_65' title="bbox 2157 1983 3810 2055; baseline -0.001 -17"><span class='ocrx_word' id='word_1_430' title='bbox 2157 1983 2499 2054; x_wconf 78' lang='lat' dir='ltr'>pcenitentia</span> <span class='ocrx_word' id='word_1_431' title='bbox 2531 1983 2600 2038; x_wconf 90' lang='lat' dir='ltr'>ad</span> <span class='ocrx_word' id='word_1_432' title='bbox 2634 1983 3059 2055; x_wconf 22' lang='lat' dir='ltr'>vitam‘scilicet</span> <span class='ocrx_word' id='word_1_433' title='bbox 3080 1983 3446 2055; x_wconf 86' lang='lat' dir='ltr'>spiritualem</span> <span class='ocrx_word' id='word_1_434' title='bbox 3481 1983 3810 2040; x_wconf 83' lang='lat' dir='ltr'>revocetur.</span> 
     </span>
    </p>
   </div>
   <div class='ocr_carea' id='block_1_65' title="bbox 2159 2053 3813 2126">
    <p class='ocr_par' dir='ltr' id='par_1_65' title="bbox 2159 2053 3813 2126">
     <span class='ocr_line' id='line_1_66' title="bbox 2159 2053 3813 2126; baseline 0 -16"><span class='ocrx_word' id='word_1_435' title='bbox 2159 2053 2298 2111; x_wconf 85' lang='lat' dir='ltr'>Post</span> <span class='ocrx_word' id='word_1_436' title='bbox 2315 2059 2504 2110; x_wconf 90' lang='lat' dir='ltr'>actam</span> <span class='ocrx_word' id='word_1_437' title='bbox 2529 2071 2698 2126; x_wconf 84' lang='lat' dir='ltr'>porro</span> <span class='ocrx_word' id='word_1_438' title='bbox 2720 2053 2957 2111; x_wconf 84' lang='lat' dir='ltr'>sceleris</span> <span class='ocrx_word' id='word_1_439' title='bbox 2972 2056 3063 2110; x_wconf 86' lang='lat' dir='ltr'>sui</span> <span class='ocrx_word' id='word_1_440' title='bbox 3093 2053 3493 2126; x_wconf 68' lang='lat' dir='ltr'>paenitentiam</span> <span class='ocrx_word' id='word_1_441' title='bbox 3517 2058 3589 2110; x_wconf 91' lang='lat' dir='ltr'>ad</span> <span class='ocrx_word' id='word_1_442' title='bbox 3612 2057 3813 2110; x_wconf 88' lang='lat' dir='ltr'>virum</span> 
     </span>
    </p>
   </div>
   <div class='ocr_carea' id='block_1_66' title="bbox 2157 2125 3814 2210">
    <p class='ocr_par' dir='ltr' id='par_1_66' title="bbox 2157 2125 3814 2210">
     <span class='ocr_line' id='line_1_67' title="bbox 2157 2125 3814 2210; baseline 0 -28"><span class='ocrx_word' id='word_1_443' title='bbox 2157 2143 2330 2210; x_wconf 74' lang='lat' dir='ltr'>suum</span> <span class='ocrx_word' id='word_1_444' title='bbox 2363 2125 2592 2210; x_wconf 66' lang='lat' dir='ltr'>reverti,</span> <span class='ocrx_word' id='word_1_445' title='bbox 2624 2131 2680 2181; x_wconf 90' lang='lat' dir='ltr'>et</span> <span class='ocrx_word' id='word_1_446' title='bbox 2709 2128 2781 2180; x_wconf 91' lang='lat' dir='ltr'>ab</span> <span class='ocrx_word' id='word_1_447' title='bbox 2807 2127 2935 2210; x_wconf 83' lang='lat' dir='ltr'>ipso</span> <span class='ocrx_word' id='word_1_448' title='bbox 2961 2125 3183 2210; x_wconf 78' lang='lat' dir='ltr'>suscipi</span> <span class='ocrx_word' id='word_1_449' title='bbox 3219 2125 3573 2210; x_wconf 30' lang='lat' dir='ltr'>potestleqn</span> <span class='ocrx_word' id='word_1_450' title='bbox 3607 2127 3814 2210; x_wconf 74' lang='lat' dir='ltr'>existi-</span> 
     </span>
    </p>
   </div>
   <div class='ocr_carea' id='block_1_67' title="bbox 2160 2196 3815 2269">
    <p class='ocr_par' dir='ltr' id='par_1_67' title="bbox 2160 2196 3815 2269">
     <span class='ocr_line' id='line_1_68' title="bbox 2160 2196 3815 2269; baseline 0.001 -17"><span class='ocrx_word' id='word_1_451' title='bbox 2160 2198 2338 2253; x_wconf 84' lang='lat' dir='ltr'>mavit</span> <span class='ocrx_word' id='word_1_452' title='bbox 2367 2212 2503 2269; x_wconf 91' lang='lat' dir='ltr'>ergo</span> <span class='ocrx_word' id='word_1_453' title='bbox 2526 2196 2790 2253; x_wconf 86' lang='lat' dir='ltr'>Clemens</span> <span class='ocrx_word' id='word_1_454' title='bbox 2815 2196 3258 2253; x_wconf 81' lang='lat' dir='ltr'>matrimonium</span> <span class='ocrx_word' id='word_1_455' title='bbox 3291 2198 3579 2253; x_wconf 88' lang='lat' dir='ltr'>adulterio</span> <span class='ocrx_word' id='word_1_456' title='bbox 3612 2197 3694 2252; x_wconf 80' lang='lat' dir='ltr'>ita</span> <span class='ocrx_word' id='word_1_457' title='bbox 3725 2198 3815 2253; x_wconf 80' lang='lat' dir='ltr'>di-</span> 
     </span>
    </p>
   </div>
   <div class='ocr_carea' id='block_1_68' title="bbox 2159 2269 3818 2340">
    <p class='ocr_par' dir='ltr' id='par_1_68' title="bbox 2159 2269 3818 2340">
     <span class='ocr_line' id='line_1_69' title="bbox 2159 2269 3818 2340; baseline 0 -17"><span class='ocrx_word' id='word_1_458' title='bbox 2159 2269 2316 2334; x_wconf 85' lang='lat' dir='ltr'>rimi,</span> <span class='ocrx_word' id='word_1_459' title='bbox 2369 2274 2433 2324; x_wconf 91' lang='lat' dir='ltr'>ut</span> <span class='ocrx_word' id='word_1_460' title='bbox 2475 2269 2732 2340; x_wconf 90' lang='lat' dir='ltr'>secundo</span> <span class='ocrx_word' id='word_1_461' title='bbox 2785 2273 2983 2340; x_wconf 89' lang='lat' dir='ltr'>postea</span> <span class='ocrx_word' id='word_1_462' title='bbox 3018 2269 3291 2340; x_wconf 86' lang='lat' dir='ltr'>conjugio</span> <span class='ocrx_word' id='word_1_463' title='bbox 3315 2270 3490 2326; x_wconf 87' lang='lat' dir='ltr'>etiam</span> <span class='ocrx_word' id='word_1_464' title='bbox 3517 2269 3818 2325; x_wconf 85' lang='lat' dir='ltr'>innocenti</span> 
     </span>
    </p>
   </div>
   <div class='ocr_carea' id='block_1_69' title="bbox 2158 2339 3814 2410">
    <p class='ocr_par' dir='ltr' id='par_1_69' title="bbox 2158 2339 3814 2410">
     <span class='ocr_line' id='line_1_70' title="bbox 2158 2339 3814 2410; baseline 0.001 -16"><span class='ocrx_word' id='word_1_465' title='bbox 2158 2340 2393 2410; x_wconf 85' lang='lat' dir='ltr'>conjugi</span> <span class='ocrx_word' id='word_1_466' title='bbox 2434 2339 2696 2409; x_wconf 90' lang='lat' dir='ltr'>copulari</span> <span class='ocrx_word' id='word_1_467' title='bbox 2731 2339 2816 2396; x_wconf 79' lang='lat' dir='ltr'>fas</span> <span class='ocrx_word' id='word_1_468' title='bbox 2857 2341 3051 2396; x_wconf 81' lang='lat' dir='ltr'>fuerit.</span> <span class='ocrx_word' id='word_1_469' title='bbox 3084 2339 3332 2398; x_wconf 83' lang='lat' dir='ltr'>Alteram</span> <span class='ocrx_word' id='word_1_470' title='bbox 3364 2342 3520 2396; x_wconf 90' lang='lat' dir='ltr'>enim</span> <span class='ocrx_word' id='word_1_471' title='bbox 3567 2357 3814 2396; x_wconf 82' lang='lat' dir='ltr'>uxorem</span> 
     </span>
    </p>
   </div>
   <div class='ocr_carea' id='block_1_70' title="bbox 2161 2411 3815 2483">
    <p class='ocr_par' dir='ltr' id='par_1_70' title="bbox 2161 2411 3815 2483">
     <span class='ocr_line' id='line_1_71' title="bbox 2161 2411 3815 2483; baseline 0 -17"><span class='ocrx_word' id='word_1_472' title='bbox 2161 2411 2209 2466; x_wconf 90' lang='lat' dir='ltr'>si</span> <span class='ocrx_word' id='word_1_473' title='bbox 2241 2413 2328 2466; x_wconf 92' lang='lat' dir='ltr'>vir</span> <span class='ocrx_word' id='word_1_474' title='bbox 2359 2411 2642 2483; x_wconf 79' lang='lat' dir='ltr'>duxisset,</span> <span class='ocrx_word' id='word_1_475' title='bbox 2676 2428 2790 2466; x_wconf 91' lang='lat' dir='ltr'>non</span> <span class='ocrx_word' id='word_1_476' title='bbox 2824 2412 3026 2483; x_wconf 90' lang='lat' dir='ltr'>utique</span> <span class='ocrx_word' id='word_1_477' title='bbox 3057 2413 3345 2482; x_wconf 87' lang='lat' dir='ltr'>potuisset</span> <span class='ocrx_word' id='word_1_478' title='bbox 3370 2411 3631 2482; x_wconf 86' lang='lat' dir='ltr'>amplius</span> <span class='ocrx_word' id='word_1_479' title='bbox 3655 2413 3815 2483; x_wconf 83' lang='lat' dir='ltr'>prio-</span> 
     </span>
    </p>
   </div>
   <div class='ocr_carea' id='block_1_71' title="bbox 2161 2481 3814 2554">
    <p class='ocr_par' dir='ltr' id='par_1_71' title="bbox 2161 2481 3814 2554">
     <span class='ocr_line' id='line_1_72' title="bbox 2161 2481 3814 2554; baseline 0 -17"><span class='ocrx_word' id='word_1_480' title='bbox 2161 2499 2282 2537; x_wconf 91' lang='lat' dir='ltr'>rem</span> <span class='ocrx_word' id='word_1_481' title='bbox 2304 2481 2642 2554; x_wconf 87' lang='lat' dir='ltr'>adulteram</span> <span class='ocrx_word' id='word_1_482' title='bbox 2671 2481 2982 2554; x_wconf 81' lang='lat' dir='ltr'>recipere;</span> <span class='ocrx_word' id='word_1_483' title='bbox 3015 2481 3192 2554; x_wconf 87' lang='lat' dir='ltr'>quam</span> <span class='ocrx_word' id='word_1_484' title='bbox 3242 2487 3441 2538; x_wconf 90' lang='lat' dir='ltr'>tamen</span> <span class='ocrx_word' id='word_1_485' title='bbox 3478 2481 3814 2554; x_wconf 78' lang='lat' dir='ltr'>postquam</span> 
     </span>
    </p>
   </div>
   <div class='ocr_carea' id='block_1_72' title="bbox 2161 2553 3817 2626">
    <p class='ocr_par' dir='ltr' id='par_1_72' title="bbox 2161 2553 3817 2626">
     <span class='ocr_line' id='line_1_73' title="bbox 2161 2553 3817 2626; baseline 0.001 -18"><span class='ocrx_word' id='word_1_486' title='bbox 2161 2553 2562 2626; x_wconf 85' lang='lat' dir='ltr'>pcenitentiam</span> <span class='ocrx_word' id='word_1_487' title='bbox 2594 2553 2733 2623; x_wconf 83' lang='lat' dir='ltr'>egit,</span> <span class='ocrx_word' id='word_1_488' title='bbox 2766 2555 2839 2610; x_wconf 88' lang='lat' dir='ltr'>ab</span> <span class='ocrx_word' id='word_1_489' title='bbox 2881 2555 3008 2626; x_wconf 88' lang='lat' dir='ltr'>ipso</span> <span class='ocrx_word' id='word_1_490' title='bbox 3035 2553 3817 2626; x_wconf 27' lang='lat' dir='ltr'>’suscipiendam’esse’Cle-</span> 
     </span>
    </p>
   </div>
   <div class='ocr_carea' id='block_1_73' title="bbox 2163 2625 2724 2681">
    <p class='ocr_par' dir='ltr' id='par_1_73' title="bbox 2163 2625 2724 2681">
     <span class='ocr_line' id='line_1_74' title="bbox 2163 2625 2724 2681; baseline -0.005 0"><span class='ocrx_word' id='word_1_491' title='bbox 2163 2641 2325 2681; x_wconf 78' lang='lat' dir='ltr'>mens</span> <span class='ocrx_word' id='word_1_492' title='bbox 2359 2625 2724 2680; x_wconf 81' lang='lat' dir='ltr'>testificatur.</span> 
     </span>
    </p>
   </div>
   <div class='ocr_carea' id='block_1_74' title="bbox 2230 2695 3812 2766">
    <p class='ocr_par' dir='ltr' id='par_1_74' title="bbox 2230 2695 3812 2766">
     <span class='ocr_line' id='line_1_75' title="bbox 2230 2695 3812 2766; baseline -0.002 -14"><span class='ocrx_word' id='word_1_493' title='bbox 2230 2697 2344 2752; x_wconf 77' lang='lat' dir='ltr'>Nec</span> <span class='ocrx_word' id='word_1_494' title='bbox 2375 2702 2460 2750; x_wconf 87' lang='lat' dir='ltr'>est</span> <span class='ocrx_word' id='word_1_495' title='bbox 2491 2713 2650 2762; x_wconf 88' lang='lat' dir='ltr'>sane,</span> <span class='ocrx_word' id='word_1_496' title='bbox 2675 2696 2827 2766; x_wconf 88' lang='lat' dir='ltr'>quod</span> <span class='ocrx_word' id='word_1_497' title='bbox 2861 2696 2992 2766; x_wconf 87' lang='lat' dir='ltr'>quis</span> <span class='ocrx_word' id='word_1_498' title='bbox 3025 2696 3193 2751; x_wconf 90' lang='lat' dir='ltr'>nobis</span> <span class='ocrx_word' id='word_1_499' title='bbox 3224 2695 3465 2763; x_wconf 89' lang='lat' dir='ltr'>objiciat</span> <span class='ocrx_word' id='word_1_500' title='bbox 3496 2696 3812 2764; x_wconf 86' lang='lat' dir='ltr'>Clementi,</span> 
     </span>
    </p>
   </div>
   <div class='ocr_carea' id='block_1_75' title="bbox 2158 2767 3815 2849">
    <p class='ocr_par' dir='ltr' id='par_1_75' title="bbox 2158 2767 3815 2849">
     <span class='ocr_line' id='line_1_76' title="bbox 2158 2767 3815 2849; baseline 0 -27"><span class='ocrx_word' id='word_1_501' title='bbox 2158 2772 2215 2849; x_wconf 88' lang='lat' dir='ltr'>et</span> <span class='ocrx_word' id='word_1_502' title='bbox 2237 2767 2669 2849; x_wconf 67' lang='lat' dir='ltr'>antiquissimis</span> <span class='ocrx_word' id='word_1_503' title='bbox 2688 2767 2958 2849; x_wconf 67' lang='lat' dir='ltr'>Ecclesiae</span> <span class='ocrx_word' id='word_1_504' title='bbox 2977 2768 3268 2849; x_wconf 78' lang='lat' dir='ltr'>Pa_tri_bus,</span> <span class='ocrx_word' id='word_1_505' title='bbox 3287 2767 3522 2849; x_wconf 76' lang='lat' dir='ltr'>penitus</span> <span class='ocrx_word' id='word_1_506' title='bbox 3546 2768 3815 2849; x_wconf 82' lang='lat' dir='ltr'>incogni-</span> 
     </span>
    </p>
   </div>
   <div class='ocr_carea' id='block_1_76' title="bbox 2160 2838 3814 2909">
    <p class='ocr_par' dir='ltr' id='par_1_76' title="bbox 2160 2838 3814 2909">
     <span class='ocr_line' id='line_1_77' title="bbox 2160 2838 3814 2909; baseline 0 -15"><span class='ocrx_word' id='word_1_507' title='bbox 2160 2844 2281 2894; x_wconf 86' lang='lat' dir='ltr'>tam</span> <span class='ocrx_word' id='word_1_508' title='bbox 2315 2838 2496 2893; x_wconf 82' lang='lat' dir='ltr'>fuisse</span> <span class='ocrx_word' id='word_1_509' title='bbox 2518 2839 2903 2909; x_wconf 85' lang='lat' dir='ltr'>excogitatam</span> <span class='ocrx_word' id='word_1_510' title='bbox 2929 2857 2962 2893; x_wconf 92' lang='lat' dir='ltr'>a</span> <span class='ocrx_word' id='word_1_511' title='bbox 2982 2839 3349 2895; x_wconf 87' lang='lat' dir='ltr'>scholasticis</span> <span class='ocrx_word' id='word_1_512' title='bbox 3371 2838 3661 2905; x_wconf 83' lang='lat' dir='ltr'>theologis</span> <span class='ocrx_word' id='word_1_513' title='bbox 3687 2856 3814 2894; x_wconf 90' lang='lat' dir='ltr'>ma-</span> 
     </span>
    </p>
   </div>
   <div class='ocr_carea' id='block_1_77' title="bbox 2161 2909 3814 2992">
    <p class='ocr_par' dir='ltr' id='par_1_77' title="bbox 2161 2909 3814 2992">
     <span class='ocr_line' id='line_1_78' title="bbox 2161 2909 3814 2992; baseline -0.001 -26"><span class='ocrx_word' id='word_1_514' title='bbox 2161 2911 2424 2992; x_wconf 80' lang='lat' dir='ltr'>trimonii</span> <span class='ocrx_word' id='word_1_515' title='bbox 2457 2912 2644 2992; x_wconf 70' lang='lat' dir='ltr'>quoad</span> <span class='ocrx_word' id='word_1_516' title='bbox 2697 2917 2889 2992; x_wconf 81' lang='lat' dir='ltr'>torum</span> <span class='ocrx_word' id='word_1_517' title='bbox 2915 2915 2980 2992; x_wconf 78' lang='lat' dir='ltr'>et</span> <span class='ocrx_word' id='word_1_518' title='bbox 3009 2911 3200 2992; x_wconf 78' lang='lat' dir='ltr'>quoad</span> <span class='ocrx_word' id='word_1_519' title='bbox 3223 2909 3531 2992; x_wconf 29' lang='lat' dir='ltr'>Avinculum</span> <span class='ocrx_word' id='word_1_520' title='bbox 3552 2910 3814 2992; x_wconf 41' lang='lat' dir='ltr'>.disj‘un-</span> 
     </span>
    </p>
   </div>
   <div class='ocr_carea' id='block_1_78' title="bbox 2161 2981 3816 3053">
    <p class='ocr_par' dir='ltr' id='par_1_78' title="bbox 2161 2981 3816 3053">
     <span class='ocr_line' id='line_1_79' title="bbox 2161 2981 3816 3053; baseline 0.001 -17"><span class='ocrx_word' id='word_1_521' title='bbox 2161 2983 2434 3037; x_wconf 89' lang='lat' dir='ltr'>ctionem.</span> <span class='ocrx_word' id='word_1_522' title='bbox 2473 2983 2549 3036; x_wconf 90' lang='lat' dir='ltr'>Ex</span> <span class='ocrx_word' id='word_1_523' title='bbox 2581 2981 2834 3053; x_wconf 83' lang='lat' dir='ltr'>ipsemet</span> <span class='ocrx_word' id='word_1_524' title='bbox 2880 2981 3172 3052; x_wconf 88' lang='lat' dir='ltr'>siquidem</span> <span class='ocrx_word' id='word_1_525' title='bbox 3207 2981 3488 3052; x_wconf 83' lang='lat' dir='ltr'>Apostolo</span> <span class='ocrx_word' id='word_1_526' title='bbox 3519 2981 3605 3036; x_wconf 90' lang='lat' dir='ltr'>sic</span> <span class='ocrx_word' id='word_1_527' title='bbox 3651 2982 3816 3037; x_wconf 89' lang='lat' dir='ltr'>illam</span> 
     </span>
    </p>
   </div>
   <div class='ocr_carea' id='block_1_79' title="bbox 2161 3053 3819 3124">
    <p class='ocr_par' dir='ltr' id='par_1_79' title="bbox 2161 3053 3819 3124">
     <span class='ocr_line' id='line_1_80' title="bbox 2161 3053 3819 3124; baseline 0 -16"><span class='ocrx_word' id='word_1_528' title='bbox 2161 3053 2428 3108; x_wconf 87' lang='lat' dir='ltr'>Clemens</span> <span class='ocrx_word' id='word_1_529' title='bbox 2455 3053 2718 3123; x_wconf 85' lang='lat' dir='ltr'>probavit</span> <span class='ocrx_word' id='word_1_530' title='bbox 2741 3054 2783 3088; x_wconf 79' lang='grc'>³⁸</span> <span class='ocrx_word' id='word_1_531' title='bbox 2810 3069 2858 3107; x_wconf 87' lang='lat'>:«</span> <span class='ocrx_word' id='word_1_532' title='bbox 2884 3054 3045 3118; x_wconf 89' lang='lat' dir='ltr'>Quod</span> <span class='ocrx_word' id='word_1_533' title='bbox 3079 3069 3147 3108; x_wconf 86' lang='lat' dir='ltr'>ex</span> <span class='ocrx_word' id='word_1_534' title='bbox 3170 3069 3462 3108; x_wconf 87' lang='lat' dir='ltr'>consensu</span> <span class='ocrx_word' id='word_1_535' title='bbox 3486 3053 3556 3108; x_wconf 89' lang='lat' dir='ltr'>ad</span> <span class='ocrx_word' id='word_1_536' title='bbox 3582 3058 3819 3124; x_wconf 89' lang='lat' dir='ltr'>tempus</span> 
     </span>
    </p>
   </div>
   <div class='ocr_carea' id='block_1_80' title="bbox 482 3123 3813 3215">
    <p class='ocr_par' dir='ltr' id='par_1_80' title="bbox 482 3123 3813 3215">
     <span class='ocr_line' id='line_1_81' title="bbox 482 3123 3813 3215; baseline 0 -38"><span class='ocrx_word' id='word_1_537' title='bbox 482 3123 694 3208; x_wconf 72' lang='lat' dir='ltr'>Verum</span> <span class='ocrx_word' id='word_1_538' title='bbox 729 3127 962 3215; x_wconf 78' lang='lat' dir='ltr'>quidem</span> <span class='ocrx_word' id='word_1_539' title='bbox 992 3131 1105 3215; x_wconf 55' lang='lat' dir='ltr'>est,</span> <span class='ocrx_word' id='word_1_540' title='bbox 1127 3126 1397 3215; x_wconf 69' lang='lat' dir='ltr'>inquiunt</span> <span class='ocrx_word' id='word_1_541' title='bbox 1425 3125 1627 3196; x_wconf 86' lang='lat' dir='ltr'>aliqui,</span> <span class='ocrx_word' id='word_1_542' title='bbox 1654 3126 2047 3182; x_wconf 90' lang='lat' dir='ltr'>arctissimum</span> <span class='ocrx_word' id='word_1_543' title='bbox 2083 3147 2126 3215; x_wconf 64' lang='grc' dir='ltr'>α</span> <span class='ocrx_word' id='word_1_544' title='bbox 2166 3125 2413 3215; x_wconf 55' lang='lat' dir='ltr'>cretioni</span> <span class='ocrx_word' id='word_1_545' title='bbox 2437 3129 2602 3208; x_wconf 74' lang='lat' dir='ltr'>vacat</span> <span class='ocrx_word' id='word_1_546' title='bbox 2629 3123 3278 3215; x_wconf 51' lang='lat' dir='ltr'>conjugiummoctrina</span> <span class='ocrx_word' id='word_1_547' title='bbox 3306 3130 3395 3179; x_wconf 91' lang='lat' dir='ltr'>est</span> <span class='ocrx_word' id='word_1_548' title='bbox 3418 3124 3813 3207; x_wconf 65' lang='lat' dir='ltr'>continentiae.</span> 
     </span>
    </p>
   </div>
   <div class='ocr_carea' id='block_1_81' title="bbox 409 3197 2050 3269">
    <p class='ocr_par' dir='ltr' id='par_1_81' title="bbox 409 3197 2050 3269">
     <span class='ocr_line' id='line_1_82' title="bbox 409 3197 2050 3269; baseline 0.002 -20"><span class='ocrx_word' id='word_1_549' title='bbox 409 3197 671 3269; x_wconf 82' lang='lat' dir='ltr'>coniugii</span> <span class='ocrx_word' id='word_1_550' title='bbox 698 3198 997 3253; x_wconf 89' lang='lat' dir='ltr'>vinculum</span> <span class='ocrx_word' id='word_1_551' title='bbox 1027 3199 1106 3253; x_wconf 90' lang='lat' dir='ltr'>ibi</span> <span class='ocrx_word' id='word_1_552' title='bbox 1133 3215 1165 3253; x_wconf 92' lang='lat' dir='ltr'>a</span> <span class='ocrx_word' id='word_1_553' title='bbox 1186 3197 1477 3254; x_wconf 88' lang='lat' dir='ltr'>Clemente</span> <span class='ocrx_word' id='word_1_554' title='bbox 1505 3213 1875 3269; x_wconf 85' lang='lat' dir='ltr'>summopere</span> <span class='ocrx_word' id='word_1_555' title='bbox 1897 3214 2050 3269; x_wconf 83' lang='lat' dir='ltr'>com-</span> 
     </span>
    </p>
   </div>
   <div class='ocr_carea' id='block_1_82' title="bbox 412 3266 2052 3340">
    <p class='ocr_par' dir='ltr' id='par_1_82' title="bbox 412 3266 2052 3340">
     <span class='ocr_line' id='line_1_83' title="bbox 412 3266 2052 3340; baseline 0.001 -20"><span class='ocrx_word' id='word_1_556' title='bbox 412 3266 788 3340; x_wconf 83' lang='lat' dir='ltr'>mendari._At</span> <span class='ocrx_word' id='word_1_557' title='bbox 814 3271 953 3338; x_wconf 91' lang='lat' dir='ltr'>quia</span> <span class='ocrx_word' id='word_1_558' title='bbox 984 3269 1200 3325; x_wconf 90' lang='lat' dir='ltr'>ibidem</span> <span class='ocrx_word' id='word_1_559' title='bbox 1233 3270 1446 3340; x_wconf 89' lang='lat' dir='ltr'>adjecit</span> <span class='ocrx_word' id='word_1_560' title='bbox 1473 3266 1618 3336; x_wconf 83' lang='grc' dir='ltr'>πλὴν</span> <span class='ocrx_word' id='word_1_561' title='bbox 1653 3267 1697 3321; x_wconf 78' lang='grc' dir='ltr'>εἰ</span> <span class='ocrx_word' id='word_1_562' title='bbox 1733 3266 1927 3340; x_wconf 18' lang='grc' dir='ltr'>ρἡὲπὶ</span> <span class='ocrx_word' id='word_1_563' title='bbox 1959 3267 2052 3322; x_wconf 87' lang='grc' dir='ltr'>λό-</span> 
     </span>
    </p>
   </div>
   <div class='ocr_carea' id='block_1_83' title="bbox 409 3337 2047 3413">
    <p class='ocr_par' dir='ltr' id='par_1_83' title="bbox 409 3337 2047 3413">
     <span class='ocr_line' id='line_1_84' title="bbox 409 3337 2047 3413; baseline 0.003 -24"><span class='ocrx_word' id='word_1_564' title='bbox 409 3358 494 3410; x_wconf 87' lang='grc' dir='ltr'>γῳ</span> <span class='ocrx_word' id='word_1_565' title='bbox 521 3337 791 3408; x_wconf 76' lang='grc' dir='ltr'>πορνείας,</span> <span class='ocrx_word' id='word_1_566' title='bbox 811 3337 946 3413; x_wconf 80' lang='lat' dir='ltr'>inde</span> <span class='ocrx_word' id='word_1_567' title='bbox 969 3340 1238 3413; x_wconf 85' lang='lat' dir='ltr'>colligere</span> <span class='ocrx_word' id='word_1_568' title='bbox 1261 3337 1322 3397; x_wconf 87' lang='lat' dir='ltr'>se</span> <span class='ocrx_word' id='word_1_569' title='bbox 1346 3337 1746 3413; x_wconf 77' lang='lat' dir='ltr'>posseputant</span> <span class='ocrx_word' id='word_1_570' title='bbox 1769 3339 2047 3413; x_wconf 88' lang='lat' dir='ltr'>Clementi</span> 
     </span>
    </p>
   </div>
   <div class='ocr_carea' id='block_1_84' title="bbox 411 3411 2050 3481">
    <p class='ocr_par' dir='ltr' id='par_1_84' title="bbox 411 3411 2050 3481">
     <span class='ocr_line' id='line_1_85' title="bbox 411 3411 2050 3481; baseline 0.002 -19"><span class='ocrx_word' id='word_1_571' title='bbox 411 3426 759 3481; x_wconf 83' lang='lat' dir='ltr'>persuasum</span> <span class='ocrx_word' id='word_1_572' title='bbox 793 3411 972 3468; x_wconf 80' lang='lat' dir='ltr'>fuisse</span> <span class='ocrx_word' id='word_1_573' title='bbox 1003 3411 1110 3467; x_wconf 87' lang='lat' dir='ltr'>hoc</span> <span class='ocrx_word' id='word_1_574' title='bbox 1156 3413 1311 3468; x_wconf 90' lang='lat' dir='ltr'>idem</span> <span class='ocrx_word' id='word_1_575' title='bbox 1348 3411 1724 3467; x_wconf 79' lang='lat' dir='ltr'>matrimonii</span> <span class='ocrx_word' id='word_1_576' title='bbox 1755 3411 2050 3467; x_wconf 89' lang='lat' dir='ltr'>vinculum</span> 
     </span>
    </p>
   </div>
   <div class='ocr_carea' id='block_1_85' title="bbox 413 3479 2054 3554">
    <p class='ocr_par' dir='ltr' id='par_1_85' title="bbox 413 3479 2054 3554">
     <span class='ocr_line' id='line_1_86' title="bbox 413 3479 2054 3554; baseline 0.002 -20"><span class='ocrx_word' id='word_1_577' title='bbox 413 3479 699 3554; x_wconf 70' lang='lat' dir='ltr'>adulterio</span> <span class='ocrx_word' id='word_1_578' title='bbox 741 3499 936 3538; x_wconf 87' lang='lat' dir='ltr'>revera</span> <span class='ocrx_word' id='word_1_579' title='bbox 975 3488 1030 3538; x_wconf 92' lang='lat' dir='ltr'>et</span> <span class='ocrx_word' id='word_1_580' title='bbox 1074 3483 1335 3548; x_wconf 88' lang='lat' dir='ltr'>dissolvi,</span> <span class='ocrx_word' id='word_1_581' title='bbox 1365 3488 1422 3538; x_wconf 89' lang='lat' dir='ltr'>et</span> <span class='ocrx_word' id='word_1_582' title='bbox 1473 3483 1766 3537; x_wconf 88' lang='lat' dir='ltr'>innocenti</span> <span class='ocrx_word' id='word_1_583' title='bbox 1818 3483 2054 3554; x_wconf 88' lang='lat' dir='ltr'>conjugi</span> 
     </span>
    </p>
   </div>
   <div class='ocr_carea' id='block_1_86' title="bbox 411 3552 2054 3621">
    <p class='ocr_par' dir='ltr' id='par_1_86' title="bbox 411 3552 2054 3621">
     <span class='ocr_line' id='line_1_87' title="bbox 411 3552 2054 3621; baseline 0.002 -15"><span class='ocrx_word' id='word_1_584' title='bbox 411 3552 649 3608; x_wconf 90' lang='lat' dir='ltr'>licuisse</span> <span class='ocrx_word' id='word_1_585' title='bbox 672 3554 853 3620; x_wconf 91' lang='lat' dir='ltr'>aliud,</span> <span class='ocrx_word' id='word_1_586' title='bbox 879 3572 1010 3610; x_wconf 91' lang='lat' dir='ltr'>cum</span> <span class='ocrx_word' id='word_1_587' title='bbox 1034 3555 1227 3621; x_wconf 91' lang='lat' dir='ltr'>vellet,</span> <span class='ocrx_word' id='word_1_588' title='bbox 1253 3556 1398 3609; x_wconf 87' lang='lat' dir='ltr'>inire</span> <span class='ocrx_word' id='word_1_589' title='bbox 1422 3555 1882 3609; x_wconf 86' lang='lat' dir='ltr'>matrimonium.</span> <span class='ocrx_word' id='word_1_590' title='bbox 1902 3552 2054 3620; x_wconf 80' lang='lat' dir='ltr'>Quo-</span> 
     </span>
    </p>
   </div>
   <div class='ocr_carea' id='block_1_87' title="bbox 409 3624 2052 3695">
    <p class='ocr_par' dir='ltr' id='par_1_87' title="bbox 409 3624 2052 3695">
     <span class='ocr_line' id='line_1_88' title="bbox 409 3624 2052 3695; baseline 0.002 -19"><span class='ocrx_word' id='word_1_591' title='bbox 409 3624 563 3678; x_wconf 90' lang='lat' dir='ltr'>circa</span> <span class='ocrx_word' id='word_1_592' title='bbox 589 3627 739 3695; x_wconf 90' lang='lat' dir='ltr'>quod</span> <span class='ocrx_word' id='word_1_593' title='bbox 776 3628 1071 3683; x_wconf 90' lang='lat' dir='ltr'>subnectit</span> <span class='ocrx_word' id='word_1_594' title='bbox 1097 3627 1364 3682; x_wconf 88' lang='lat' dir='ltr'>Clemens</span> <span class='ocrx_word' id='word_1_595' title='bbox 1404 3625 1756 3680; x_wconf 89' lang='lat' dir='ltr'>adulterium</span> <span class='ocrx_word' id='word_1_596' title='bbox 1789 3643 1936 3695; x_wconf 90' lang='lat' dir='ltr'>esse,</span> <span class='ocrx_word' id='word_1_597' title='bbox 1970 3625 2052 3680; x_wconf 91' lang='lat' dir='ltr'>vi-</span> 
     </span>
    </p>
   </div>
   <div class='ocr_carea' id='block_1_88' title="bbox 406 3697 2054 3769">
    <p class='ocr_par' dir='ltr' id='par_1_88' title="bbox 406 3697 2054 3769">
     <span class='ocr_line' id='line_1_89' title="bbox 406 3697 2054 3769; baseline 0.002 -20"><span class='ocrx_word' id='word_1_598' title='bbox 406 3697 874 3769; x_wconf 78' lang='lat' dir='ltr'>venteconjuge,</span> <span class='ocrx_word' id='word_1_599' title='bbox 901 3698 1276 3755; x_wconf 90' lang='lat' dir='ltr'>matrimonio</span> <span class='ocrx_word' id='word_1_600' title='bbox 1301 3697 1582 3767; x_wconf 91' lang='lat' dir='ltr'>copulari,</span> <span class='ocrx_word' id='word_1_601' title='bbox 1611 3697 1687 3752; x_wconf 83' lang='lat' dir='ltr'>ibi</span> <span class='ocrx_word' id='word_1_602' title='bbox 1720 3698 1886 3753; x_wconf 90' lang='lat' dir='ltr'>aiunt</span> <span class='ocrx_word' id='word_1_603' title='bbox 1915 3698 2054 3752; x_wconf 91' lang='lat' dir='ltr'>sub-</span> 
     </span>
    </p>
   </div>
   <div class='ocr_carea' id='block_1_89' title="bbox 411 3766 2052 3840">
    <p class='ocr_par' dir='ltr' id='par_1_89' title="bbox 411 3766 2052 3840">
     <span class='ocr_line' id='line_1_90' title="bbox 411 3766 2052 3840; baseline 0.002 -19"><span class='ocrx_word' id='word_1_604' title='bbox 411 3766 621 3840; x_wconf 80' lang='lat' dir='ltr'>audiri,</span> <span class='ocrx_word' id='word_1_605' title='bbox 653 3766 888 3840; x_wconf 84' lang='lat' dir='ltr'>excepta</span> <span class='ocrx_word' id='word_1_606' title='bbox 935 3769 1341 3826; x_wconf 89' lang='lat' dir='ltr'>fornicationis</span> <span class='ocrx_word' id='word_1_607' title='bbox 1377 3766 1582 3839; x_wconf 87' lang='lat' dir='ltr'>causa;</span> <span class='ocrx_word' id='word_1_608' title='bbox 1618 3769 1690 3824; x_wconf 92' lang='lat' dir='ltr'>ob</span> <span class='ocrx_word' id='word_1_609' title='bbox 1721 3786 1852 3825; x_wconf 89' lang='lat' dir='ltr'>eam</span> <span class='ocrx_word' id='word_1_610' title='bbox 1897 3770 2052 3824; x_wconf 91' lang='lat' dir='ltr'>enim</span> 
     </span>
    </p>
   </div>
   <div class='ocr_carea' id='block_1_90' title="bbox 413 3837 2050 3912">
    <p class='ocr_par' dir='ltr' id='par_1_90' title="bbox 413 3837 2050 3912">
     <span class='ocr_line' id='line_1_91' title="bbox 413 3837 2050 3912; baseline 0.002 -20"><span class='ocrx_word' id='word_1_611' title='bbox 413 3837 598 3912; x_wconf 77' lang='lat' dir='ltr'>solam</span> <span class='ocrx_word' id='word_1_612' title='bbox 649 3837 996 3910; x_wconf 83' lang='lat' dir='ltr'>secundum,</span> <span class='ocrx_word' id='word_1_613' title='bbox 1029 3843 1250 3896; x_wconf 89' lang='lat' dir='ltr'>vivente</span> <span class='ocrx_word' id='word_1_614' title='bbox 1301 3837 1577 3912; x_wconf 82' lang='lat' dir='ltr'>conjuge,</span> <span class='ocrx_word' id='word_1_615' title='bbox 1613 3841 2050 3896; x_wconf 87' lang='lat' dir='ltr'>matrimonium</span> 
     </span>
    </p>
   </div>
   <div class='ocr_carea' id='block_1_91' title="bbox 411 3908 2053 3984">
    <p class='ocr_par' dir='ltr' id='par_1_91' title="bbox 411 3908 2053 3984">
     <span class='ocr_line' id='line_1_92' title="bbox 411 3908 2053 3984; baseline 0.004 -23"><span class='ocrx_word' id='word_1_616' title='bbox 411 3908 637 3963; x_wconf 87' lang='lat' dir='ltr'>licitum</span> <span class='ocrx_word' id='word_1_617' title='bbox 667 3927 798 3984; x_wconf 83' lang='lat' dir='ltr'>esse</span> <span class='ocrx_word' id='word_1_618' title='bbox 854 3908 1076 3984; x_wconf 84' lang='lat' dir='ltr'>putavit</span> <span class='ocrx_word' id='word_1_619' title='bbox 1107 3931 1120 3968; x_wconf 92' lang='lat'><strong>:</strong></span> <span class='ocrx_word' id='word_1_620' title='bbox 1154 3930 1270 3984; x_wconf 87' lang='lat' dir='ltr'>qua</span> <span class='ocrx_word' id='word_1_621' title='bbox 1301 3908 1539 3984; x_wconf 81' lang='lat' dir='ltr'>quidem</span> <span class='ocrx_word' id='word_1_622' title='bbox 1572 3929 1749 3968; x_wconf 89' lang='lat' dir='ltr'>causa</span> <span class='ocrx_word' id='word_1_623' title='bbox 1797 3912 2053 3980; x_wconf 87' lang='lat' dir='ltr'>sublata,</span> 
     </span>
    </p>
   </div>
   <div class='ocr_carea' id='block_1_92' title="bbox 412 3981 1200 4050">
    <p class='ocr_par' dir='ltr' id='par_1_92' title="bbox 412 3981 1200 4050">
     <span class='ocr_line' id='line_1_93' title="bbox 412 3981 1200 4050; baseline 0.003 -14"><span class='ocrx_word' id='word_1_624' title='bbox 412 3985 568 4036; x_wconf 88' lang='lat' dir='ltr'>esset</span> <span class='ocrx_word' id='word_1_625' title='bbox 601 3981 791 4050; x_wconf 90' lang='lat' dir='ltr'>reipsa</span> <span class='ocrx_word' id='word_1_626' title='bbox 822 3981 1200 4038; x_wconf 80' lang='lat' dir='ltr'>adulterium.</span> 
     </span>
    </p>
   </div>
   <div class='ocr_carea' id='block_1_93' title="bbox 483 4051 2052 4109">
    <p class='ocr_par' dir='ltr' id='par_1_93' title="bbox 483 4051 2052 4109">
     <span class='ocr_line' id='line_1_94' title="bbox 483 4051 2052 4109; baseline 0.001 -4"><span class='ocrx_word' id='word_1_627' title='bbox 483 4051 592 4106; x_wconf 89' lang='lat' dir='ltr'>Sed</span> <span class='ocrx_word' id='word_1_628' title='bbox 626 4069 897 4108; x_wconf 90' lang='lat' dir='ltr'>veremur</span> <span class='ocrx_word' id='word_1_629' title='bbox 939 4071 1011 4108; x_wconf 91' lang='lat' dir='ltr'>ne</span> <span class='ocrx_word' id='word_1_630' title='bbox 1040 4053 1100 4107; x_wconf 91' lang='lat' dir='ltr'>hi</span> <span class='ocrx_word' id='word_1_631' title='bbox 1133 4055 1445 4109; x_wconf 90' lang='lat' dir='ltr'>Clementis</span> <span class='ocrx_word' id='word_1_632' title='bbox 1498 4057 1749 4108; x_wconf 90' lang='lat' dir='ltr'>mentem</span> <span class='ocrx_word' id='word_1_633' title='bbox 1797 4053 2052 4108; x_wconf 88' lang='lat' dir='ltr'>assecuti</span> 
     </span>
    </p>
   </div>
   <div class='ocr_carea' id='block_1_94' title="bbox 413 4123 2053 4194">
    <p class='ocr_par' dir='ltr' id='par_1_94' title="bbox 413 4123 2053 4194">
     <span class='ocr_line' id='line_1_95' title="bbox 413 4123 2053 4194; baseline 0.001 -18"><span class='ocrx_word' id='word_1_634' title='bbox 413 4140 528 4178; x_wconf 91' lang='lat' dir='ltr'>non</span> <span class='ocrx_word' id='word_1_635' title='bbox 564 4123 796 4178; x_wconf 85' lang='lat' dir='ltr'>fuerint.</span> <span class='ocrx_word' id='word_1_636' title='bbox 819 4125 969 4179; x_wconf 87' lang='lat' dir='ltr'>Audi</span> <span class='ocrx_word' id='word_1_637' title='bbox 991 4124 1395 4193; x_wconf 71' lang='lat' dir='ltr'>enim,quaaso,</span> <span class='ocrx_word' id='word_1_638' title='bbox 1413 4124 1550 4194; x_wconf 89' lang='lat' dir='ltr'>quid</span> <span class='ocrx_word' id='word_1_639' title='bbox 1577 4133 1776 4194; x_wconf 88' lang='lat' dir='ltr'>postea</span> <span class='ocrx_word' id='word_1_640' title='bbox 1799 4125 1894 4179; x_wconf 83' lang='lat' dir='ltr'>ille</span> <span class='ocrx_word' id='word_1_641' title='bbox 1917 4125 2053 4178; x_wconf 90' lang='lat' dir='ltr'>sub-</span> 
     </span>
    </p>
   </div>
   <div class='ocr_carea' id='block_1_95' title="bbox 415 4195 2049 4265">
    <p class='ocr_par' dir='ltr' id='par_1_95' title="bbox 415 4195 2049 4265">
     <span class='ocr_line' id='line_1_96' title="bbox 415 4195 2049 4265; baseline 0.001 -18"><span class='ocrx_word' id='word_1_642' title='bbox 415 4195 702 4250; x_wconf 73' lang='lat' dir='ltr'>texuit“:</span> <span class='ocrx_word' id='word_1_643' title='bbox 730 4219 756 4246; x_wconf 76' lang='grc' dir='ltr'>«ι</span> <span class='ocrx_word' id='word_1_644' title='bbox 790 4196 896 4261; x_wconf 91' lang='lat' dir='ltr'>Qui</span> <span class='ocrx_word' id='word_1_645' title='bbox 942 4200 1138 4250; x_wconf 90' lang='lat' dir='ltr'>autem</span> <span class='ocrx_word' id='word_1_646' title='bbox 1171 4196 1478 4250; x_wconf 90' lang='lat' dir='ltr'>dimissam</span> <span class='ocrx_word' id='word_1_647' title='bbox 1527 4195 1738 4265; x_wconf 88' lang='lat' dir='ltr'>accipit</span> <span class='ocrx_word' id='word_1_648' title='bbox 1791 4211 2049 4262; x_wconf 87' lang='lat' dir='ltr'>uxorem,</span> 
     </span>
    </p>
   </div>
   <div class='ocr_carea' id='block_1_96' title="bbox 415 4265 2053 4339">
    <p class='ocr_par' dir='ltr' id='par_1_96' title="bbox 415 4265 2053 4339">
     <span class='ocr_line' id='line_1_97' title="bbox 415 4265 2053 4339; baseline -0.001 -18"><span class='ocrx_word' id='word_1_649' title='bbox 415 4267 979 4339; x_wconf 87' lang='lat' dir='ltr'>mcecbatur,_inquit</span> <span class='ocrx_word' id='word_1_650' title='bbox 1003 4284 1014 4322; x_wconf 93' lang='lat'><strong>:</strong></span> <span class='ocrx_word' id='word_1_651' title='bbox 1041 4267 1099 4322; x_wconf 92' lang='lat' dir='ltr'>Si</span> <span class='ocrx_word' id='word_1_652' title='bbox 1123 4267 1257 4338; x_wconf 87' lang='lat' dir='ltr'>quis</span> <span class='ocrx_word' id='word_1_653' title='bbox 1288 4265 1444 4339; x_wconf 88' lang='lat' dir='ltr'>enim</span> <span class='ocrx_word' id='word_1_654' title='bbox 1473 4265 1766 4339; x_wconf 83' lang='lat' dir='ltr'>dimiserit</span> <span class='ocrx_word' id='word_1_655' title='bbox 1794 4283 2053 4339; x_wconf 86' lang='lat' dir='ltr'>uxorem,</span> 
     </span>
    </p>
   </div>
   <div class='ocr_carea' id='block_1_97' title="bbox 414 4337 2053 4410">
    <p class='ocr_par' dir='ltr' id='par_1_97' title="bbox 414 4337 2053 4410">
     <span class='ocr_line' id='line_1_98' title="bbox 414 4337 2053 4410; baseline -0.001 -17"><span class='ocrx_word' id='word_1_656' title='bbox 414 4338 743 4394; x_wconf 73' lang='lat' dir='ltr'>moechatur</span> <span class='ocrx_word' id='word_1_657' title='bbox 769 4337 982 4410; x_wconf 88' lang='lat' dir='ltr'>ipsam,</span> <span class='ocrx_word' id='word_1_658' title='bbox 1008 4339 1114 4393; x_wconf 88' lang='lat' dir='ltr'>hoc</span> <span class='ocrx_word' id='word_1_659' title='bbox 1138 4337 1228 4395; x_wconf 85' lang='lat' dir='ltr'>est</span> <span class='ocrx_word' id='word_1_660' title='bbox 1257 4338 1411 4409; x_wconf 77' lang='lat' dir='ltr'>cogit</span> <span class='ocrx_word' id='word_1_661' title='bbox 1439 4353 1567 4392; x_wconf 90' lang='lat' dir='ltr'>eam</span> <span class='ocrx_word' id='word_1_662' title='bbox 1603 4337 1900 4393; x_wconf 75' lang='lat' dir='ltr'>mmchari.</span> <span class='ocrx_word' id='word_1_663' title='bbox 1925 4337 2053 4393; x_wconf 84' lang='lat' dir='ltr'>Non</span> 
     </span>
    </p>
   </div>
   <div class='ocr_carea' id='block_1_98' title="bbox 412 4410 2054 4482">
    <p class='ocr_par' dir='ltr' id='par_1_98' title="bbox 412 4410 2054 4482">
     <span class='ocr_line' id='line_1_99' title="bbox 412 4410 2054 4482; baseline 0.001 -18"><span class='ocrx_word' id='word_1_664' title='bbox 412 4410 602 4466; x_wconf 90' lang='lat' dir='ltr'>solum</span> <span class='ocrx_word' id='word_1_665' title='bbox 638 4416 831 4467; x_wconf 90' lang='lat' dir='ltr'>autem</span> <span class='ocrx_word' id='word_1_666' title='bbox 855 4411 956 4482; x_wconf 91' lang='lat' dir='ltr'>qui</span> <span class='ocrx_word' id='word_1_667' title='bbox 981 4411 1227 4475; x_wconf 78' lang='lat' dir='ltr'>dimisit,</span> <span class='ocrx_word' id='word_1_668' title='bbox 1251 4417 1340 4466; x_wconf 91' lang='lat' dir='ltr'>est</span> <span class='ocrx_word' id='word_1_669' title='bbox 1361 4410 1490 4482; x_wconf 83' lang='lat' dir='ltr'>ejus</span> <span class='ocrx_word' id='word_1_670' title='bbox 1518 4425 1717 4482; x_wconf 84' lang='lat' dir='ltr'>causa,</span> <span class='ocrx_word' id='word_1_671' title='bbox 1742 4411 1840 4465; x_wconf 89' lang='lat' dir='ltr'>sed</span> <span class='ocrx_word' id='word_1_672' title='bbox 1875 4411 2054 4465; x_wconf 85' lang='lat' dir='ltr'>etiam</span> 
     </span>
    </p>
   </div>
   <div class='ocr_carea' id='block_1_99' title="bbox 408 4480 2131 4574">
    <p class='ocr_par' dir='ltr' id='par_1_99' title="bbox 408 4480 2131 4574">
     <span class='ocr_line' id='line_1_100' title="bbox 408 4480 2131 4574; baseline -0.001 -37"><span class='ocrx_word' id='word_1_673' title='bbox 408 4483 505 4565; x_wconf 78' lang='lat' dir='ltr'>qui</span> <span class='ocrx_word' id='word_1_674' title='bbox 539 4499 665 4538; x_wconf 90' lang='lat' dir='ltr'>eam</span> <span class='ocrx_word' id='word_1_675' title='bbox 699 4480 968 4566; x_wconf 73' lang='lat' dir='ltr'>suscipit,</span> <span class='ocrx_word' id='word_1_676' title='bbox 1000 4485 1262 4553; x_wconf 70' lang='lat' dir='ltr'>praebens</span> <span class='ocrx_word' id='word_1_677' title='bbox 1307 4480 1540 4574; x_wconf 70' lang='lat' dir='ltr'>mulieri</span> <span class='ocrx_word' id='word_1_678' title='bbox 1573 4482 1849 4574; x_wconf 63' lang='lat' dir='ltr'>peceandi</span> <span class='ocrx_word' id='word_1_679' title='bbox 1887 4499 2052 4574; x_wconf 45' lang='lat' dir='ltr'>ojcca-</span> <span class='ocrx_word' id='word_1_680' title='bbox 2087 4511 2131 4574; x_wconf 74' lang='grc' dir='ltr'>Ι)</span> 
     </span>
    </p>
   </div>
   <div class='ocr_carea' id='block_1_100' title="bbox 409 4553 2056 4625">
    <p class='ocr_par' dir='ltr' id='par_1_100' title="bbox 409 4553 2056 4625">
     <span class='ocr_line' id='line_1_101' title="bbox 409 4553 2056 4625; baseline -0.001 -17"><span class='ocrx_word' id='word_1_681' title='bbox 409 4554 672 4619; x_wconf 88' lang='lat' dir='ltr'>sionem;</span> <span class='ocrx_word' id='word_1_682' title='bbox 706 4557 753 4611; x_wconf 90' lang='lat' dir='ltr'>si</span> <span class='ocrx_word' id='word_1_683' title='bbox 803 4553 958 4612; x_wconf 81' lang='lat' dir='ltr'>enim</span> <span class='ocrx_word' id='word_1_684' title='bbox 1010 4573 1122 4610; x_wconf 90' lang='lat' dir='ltr'>non</span> <span class='ocrx_word' id='word_1_685' title='bbox 1177 4553 1480 4625; x_wconf 89' lang='lat' dir='ltr'>suscipiat,</span> <span class='ocrx_word' id='word_1_686' title='bbox 1516 4558 1835 4608; x_wconf 89' lang='lat' dir='ltr'>revertetur</span> <span class='ocrx_word' id='word_1_687' title='bbox 1867 4554 1935 4608; x_wconf 86' lang='lat' dir='ltr'>ad</span> <span class='ocrx_word' id='word_1_688' title='bbox 1967 4553 2056 4607; x_wconf 91' lang='lat' dir='ltr'>vi-</span> 
     </span>
    </p>
   </div>
   <div class='ocr_carea' id='block_1_101' title="bbox 410 4625 2057 4692">
    <p class='ocr_par' dir='ltr' id='par_1_101' title="bbox 410 4625 2057 4692">
     <span class='ocr_line' id='line_1_102' title="bbox 410 4625 2057 4692; baseline -0.001 -12"><span class='ocrx_word' id='word_1_689' title='bbox 410 4643 562 4680; x_wconf 89' lang='lat' dir='ltr'>rum.</span> <span class='ocrx_word' id='word_1_690' title='bbox 593 4648 616 4679; x_wconf 76' lang='grc' dir='ltr'><strong><em>ι</em></strong></span> <span class='ocrx_word' id='word_1_691' title='bbox 643 4627 812 4692; x_wconf 89' lang='lat' dir='ltr'>Quid,</span> <span class='ocrx_word' id='word_1_692' title='bbox 843 4629 1084 4683; x_wconf 91' lang='lat' dir='ltr'>obsecro</span> <span class='ocrx_word' id='word_1_693' title='bbox 1132 4631 1208 4691; x_wconf 90' lang='lat' dir='ltr'>te,</span> <span class='ocrx_word' id='word_1_694' title='bbox 1251 4626 1372 4682; x_wconf 68' lang='lat' dir='ltr'>haec</span> <span class='ocrx_word' id='word_1_695' title='bbox 1420 4625 1533 4680; x_wconf 91' lang='lat' dir='ltr'>sibi</span> <span class='ocrx_word' id='word_1_696' title='bbox 1583 4625 1824 4680; x_wconf 79' lang='lat' dir='ltr'>volunt?</span> <span class='ocrx_word' id='word_1_697' title='bbox 1853 4629 2057 4681; x_wconf 87' lang='lat' dir='ltr'>Nonne</span> 
     </span>
    </p>
   </div>
   <div class='ocr_carea' id='block_1_102' title="bbox 413 4695 2055 4770">
    <p class='ocr_par' dir='ltr' id='par_1_102' title="bbox 413 4695 2055 4770">
     <span class='ocr_line' id='line_1_103' title="bbox 413 4695 2055 4770; baseline -0.002 -17"><span class='ocrx_word' id='word_1_698' title='bbox 413 4697 682 4770; x_wconf 84' lang='lat' dir='ltr'>Clemens</span> <span class='ocrx_word' id='word_1_699' title='bbox 710 4699 790 4770; x_wconf 88' lang='lat' dir='ltr'>ibi</span> <span class='ocrx_word' id='word_1_700' title='bbox 825 4699 1211 4754; x_wconf 88' lang='lat' dir='ltr'>disertissime</span> <span class='ocrx_word' id='word_1_701' title='bbox 1233 4696 1528 4770; x_wconf 79' lang='lat' dir='ltr'>significat</span> <span class='ocrx_word' id='word_1_702' title='bbox 1551 4696 1909 4770; x_wconf 86' lang='lat' dir='ltr'>matrimonii</span> <span class='ocrx_word' id='word_1_703' title='bbox 1931 4695 2055 4770; x_wconf 86' lang='lat' dir='ltr'>vin-</span> 
     </span>
    </p>
   </div>
   <div class='ocr_carea' id='block_1_103' title="bbox 415 4767 2058 4841">
    <p class='ocr_par' dir='ltr' id='par_1_103' title="bbox 415 4767 2058 4841">
     <span class='ocr_line' id='line_1_104' title="bbox 415 4767 2058 4841; baseline 0.001 -21"><span class='ocrx_word' id='word_1_704' title='bbox 415 4767 616 4822; x_wconf 88' lang='lat' dir='ltr'>culum</span> <span class='ocrx_word' id='word_1_705' title='bbox 644 4769 821 4841; x_wconf 84' lang='lat' dir='ltr'>etiam</span> <span class='ocrx_word' id='word_1_706' title='bbox 869 4771 1022 4826; x_wconf 73' lang='lat'>200</span> <span class='ocrx_word' id='word_1_707' title='bbox 1055 4767 1316 4841; x_wconf 51' lang='lat' dir='ltr'>propter&#39;</span> <span class='ocrx_word' id='word_1_708' title='bbox 1334 4769 1778 4841; x_wconf 80' lang='lat' dir='ltr'>fornicationem</span> <span class='ocrx_word' id='word_1_709' title='bbox 1831 4785 1946 4841; x_wconf 85' lang='lat' dir='ltr'>non</span> <span class='ocrx_word' id='word_1_710' title='bbox 1980 4769 2058 4841; x_wconf 90' lang='lat' dir='ltr'>ita</span> 
     </span>
    </p>
   </div>
   <div class='ocr_carea' id='block_1_104' title="bbox 417 4839 2058 4897">
    <p class='ocr_par' dir='ltr' id='par_1_104' title="bbox 417 4839 2058 4897">
     <span class='ocr_line' id='line_1_105' title="bbox 417 4839 2058 4897; baseline 0.001 -6"><span class='ocrx_word' id='word_1_711' title='bbox 417 4852 546 4892; x_wconf 90' lang='lat' dir='ltr'>esse</span> <span class='ocrx_word' id='word_1_712' title='bbox 592 4839 851 4894; x_wconf 91' lang='lat' dir='ltr'>solutum</span> <span class='ocrx_word' id='word_1_713' title='bbox 885 4845 949 4896; x_wconf 91' lang='lat' dir='ltr'>ut</span> <span class='ocrx_word' id='word_1_714' title='bbox 977 4839 1234 4897; x_wconf 64' lang='lat' dir='ltr'>dimissa</span> <span class='ocrx_word' id='word_1_715' title='bbox 1264 4840 1495 4896; x_wconf 87' lang='lat' dir='ltr'>mulieri</span> <span class='ocrx_word' id='word_1_716' title='bbox 1529 4839 1698 4895; x_wconf 91' lang='lat' dir='ltr'>liceat</span> <span class='ocrx_word' id='word_1_717' title='bbox 1727 4839 1893 4894; x_wconf 90' lang='lat' dir='ltr'>alteri</span> <span class='ocrx_word' id='word_1_718' title='bbox 1936 4840 2058 4895; x_wconf 89' lang='lat' dir='ltr'>viro</span> 
     </span>
    </p>
   </div>
   <div class='ocr_carea' id='block_1_105' title="bbox 418 4909 2060 4981">
    <p class='ocr_par' dir='ltr' id='par_1_105' title="bbox 418 4909 2060 4981">
     <span class='ocr_line' id='line_1_106' title="bbox 418 4909 2060 4981; baseline 0.002 -19"><span class='ocrx_word' id='word_1_719' title='bbox 418 4909 659 4972; x_wconf 88' lang='lat' dir='ltr'>nubere,</span> <span class='ocrx_word' id='word_1_720' title='bbox 693 4915 796 4965; x_wconf 89' lang='lat' dir='ltr'>aut</span> <span class='ocrx_word' id='word_1_721' title='bbox 841 4911 898 4965; x_wconf 92' lang='lat' dir='ltr'>in</span> <span class='ocrx_word' id='word_1_722' title='bbox 945 4929 1184 4968; x_wconf 89' lang='lat' dir='ltr'>uxorem</span> <span class='ocrx_word' id='word_1_723' title='bbox 1235 4913 1306 4966; x_wconf 86' lang='lat' dir='ltr'>ab</span> <span class='ocrx_word' id='word_1_724' title='bbox 1355 4911 1537 4968; x_wconf 89' lang='lat' dir='ltr'>altero</span> <span class='ocrx_word' id='word_1_725' title='bbox 1586 4911 1812 4981; x_wconf 85' lang='lat' dir='ltr'>accipi?</span> <span class='ocrx_word' id='word_1_726' title='bbox 1858 4911 2060 4966; x_wconf 89' lang='lat' dir='ltr'>Nonne</span> 
     </span>
    </p>
   </div>
   <div class='ocr_carea' id='block_1_106' title="bbox 417 4981 2057 5052">
    <p class='ocr_par' dir='ltr' id='par_1_106' title="bbox 417 4981 2057 5052">
     <span class='ocr_line' id='line_1_107' title="bbox 417 4981 2057 5052; baseline 0.002 -19"><span class='ocrx_word' id='word_1_727' title='bbox 417 4995 690 5049; x_wconf 85' lang='lat' dir='ltr'>expresse</span> <span class='ocrx_word' id='word_1_728' title='bbox 747 4983 921 5036; x_wconf 90' lang='lat' dir='ltr'>tradit</span> <span class='ocrx_word' id='word_1_729' title='bbox 970 4985 1088 5037; x_wconf 83' lang='lat' dir='ltr'>fore</span> <span class='ocrx_word' id='word_1_730' title='bbox 1119 4988 1184 5038; x_wconf 91' lang='lat' dir='ltr'>ut</span> <span class='ocrx_word' id='word_1_731' title='bbox 1225 4982 1345 5044; x_wconf 80' lang='lat' dir='ltr'>illa,</span> <span class='ocrx_word' id='word_1_732' title='bbox 1379 4982 1427 5038; x_wconf 90' lang='lat' dir='ltr'>si</span> <span class='ocrx_word' id='word_1_733' title='bbox 1458 4981 1601 5036; x_wconf 90' lang='lat' dir='ltr'>nulli</span> <span class='ocrx_word' id='word_1_734' title='bbox 1655 4983 1944 5052; x_wconf 84' lang='lat' dir='ltr'>nupserit.</span> <span class='ocrx_word' id='word_1_735' title='bbox 1988 4983 2057 5036; x_wconf 92' lang='lat' dir='ltr'>ad</span> 
     </span>
    </p>
   </div>
   <div class='ocr_carea' id='block_1_107' title="bbox 417 5052 2058 5123">
    <p class='ocr_par' dir='ltr' id='par_1_107' title="bbox 417 5052 2058 5123">
     <span class='ocr_line' id='line_1_108' title="bbox 417 5052 2058 5123; baseline 0.002 -19"><span class='ocrx_word' id='word_1_736' title='bbox 417 5052 606 5123; x_wconf 88' lang='lat' dir='ltr'>virum</span> <span class='ocrx_word' id='word_1_737' title='bbox 641 5054 1008 5106; x_wconf 85' lang='lat' dir='ltr'>revertatur?</span> <span class='ocrx_word' id='word_1_738' title='bbox 1054 5053 1172 5108; x_wconf 88' lang='lat' dir='ltr'>Hoc</span> <span class='ocrx_word' id='word_1_739' title='bbox 1213 5054 1394 5123; x_wconf 88' lang='lat' dir='ltr'>igitur</span> <span class='ocrx_word' id='word_1_740' title='bbox 1425 5053 1669 5107; x_wconf 89' lang='lat' dir='ltr'>divortio</span> <span class='ocrx_word' id='word_1_741' title='bbox 1718 5053 1863 5108; x_wconf 89' lang='lat' dir='ltr'>nihil</span> <span class='ocrx_word' id='word_1_742' title='bbox 1900 5053 2058 5108; x_wconf 76' lang='lat' dir='ltr'>aliud</span> 
     </span>
    </p>
   </div>
   <div class='ocr_carea' id='block_1_108' title="bbox 419 5122 2060 5193">
    <p class='ocr_par' dir='ltr' id='par_1_108' title="bbox 419 5122 2060 5193">
     <span class='ocr_line' id='line_1_109' title="bbox 419 5122 2060 5193; baseline 0.001 -16"><span class='ocrx_word' id='word_1_743' title='bbox 419 5122 706 5184; x_wconf 87' lang='lat' dir='ltr'>Clemens,</span> <span class='ocrx_word' id='word_1_744' title='bbox 743 5123 852 5177; x_wconf 90' lang='lat' dir='ltr'>nisi</span> <span class='ocrx_word' id='word_1_745' title='bbox 901 5124 1086 5178; x_wconf 88' lang='lat' dir='ltr'>solam</span> <span class='ocrx_word' id='word_1_746' title='bbox 1122 5122 1318 5179; x_wconf 87' lang='lat' dir='ltr'>uxoris</span> <span class='ocrx_word' id='word_1_747' title='bbox 1348 5141 1381 5179; x_wconf 89' lang='lat' dir='ltr'>a</span> <span class='ocrx_word' id='word_1_748' title='bbox 1409 5124 1534 5177; x_wconf 88' lang='lat' dir='ltr'>viro</span> <span class='ocrx_word' id='word_1_749' title='bbox 1578 5125 2060 5193; x_wconf 87' lang='lat' dir='ltr'>disjunctionem,</span> 
     </span>
    </p>
   </div>
   <div class='ocr_carea' id='block_1_109' title="bbox 422 5193 2062 5266">
    <p class='ocr_par' dir='ltr' id='par_1_109' title="bbox 422 5193 2062 5266">
     <span class='ocr_line' id='line_1_110' title="bbox 422 5193 2062 5266; baseline 0.002 -18"><span class='ocrx_word' id='word_1_750' title='bbox 422 5193 560 5258; x_wconf 89' lang='lat' dir='ltr'>sive,</span> <span class='ocrx_word' id='word_1_751' title='bbox 595 5199 659 5247; x_wconf 89' lang='lat' dir='ltr'>ut</span> <span class='ocrx_word' id='word_1_752' title='bbox 706 5193 958 5260; x_wconf 79' lang='lat' dir='ltr'>theologi</span> <span class='ocrx_word' id='word_1_753' title='bbox 982 5193 1348 5266; x_wconf 86' lang='lat' dir='ltr'>_loquuntur,</span> <span class='ocrx_word' id='word_1_754' title='bbox 1383 5195 1697 5266; x_wconf 84' lang='lat' dir='ltr'>conjugum</span> <span class='ocrx_word' id='word_1_755' title='bbox 1750 5197 1934 5266; x_wconf 87' lang='lat' dir='ltr'>quoad</span> <span class='ocrx_word' id='word_1_756' title='bbox 1971 5203 2062 5251; x_wconf 89' lang='lat' dir='ltr'>to-</span> 
     </span>
    </p>
   </div>
   <div class='ocr_carea' id='block_1_110' title="bbox 423 5264 2064 5388">
    <p class='ocr_par' dir='ltr' id='par_1_110' title="bbox 423 5264 2064 5388">
     <span class='ocr_line' id='line_1_111' title="bbox 423 5264 2064 5388; baseline 0.002 -70"><span class='ocrx_word' id='word_1_757' title='bbox 423 5281 575 5388; x_wconf 55' lang='lat' dir='ltr'>rudmt,</span> <span class='ocrx_word' id='word_1_758' title='bbox 598 5282 711 5319; x_wconf 91' lang='lat' dir='ltr'>non</span> <span class='ocrx_word' id='word_1_759' title='bbox 732 5267 921 5336; x_wconf 87' lang='lat' dir='ltr'>quoad</span> <span class='ocrx_word' id='word_1_760' title='bbox 944 5264 1241 5321; x_wconf 91' lang='lat' dir='ltr'>vinculum</span> <span class='ocrx_word' id='word_1_761' title='bbox 1262 5264 1686 5336; x_wconf 85' lang='lat' dir='ltr'>separationem</span> <span class='ocrx_word' id='word_1_762' title='bbox 1706 5264 2064 5322; x_wconf 85' lang='lat' dir='ltr'>intellexisse</span> 
     </span>
     <span class='ocr_line' id='line_1_112' title="bbox 423 5353 665 5388; baseline 0 0"><span class='ocrx_word' id='word_1_763' title='bbox 423 5353 468 5388; x_wconf 75' lang='lat' dir='ltr'>v1</span> <span class='ocrx_word' id='word_1_764' title='bbox 517 5353 546 5388; x_wconf 91' lang='lat' dir='ltr'>e</span> <span class='ocrx_word' id='word_1_765' title='bbox 579 5353 665 5388; x_wconf 90' lang='lat' dir='ltr'>ur.</span> 
     </span>
    </p>
   </div>
   <div class='ocr_carea' id='block_1_111' title="bbox 420 5337 665 5392">
    <p class='ocr_par' dir='ltr' id='par_1_111' title="bbox 420 5337 665 5392">
     <span class='ocr_line' id='line_1_113' title="bbox 420 5337 665 5392; baseline 0.004 -2"><span class='ocrx_word' id='word_1_766' title='bbox 420 5337 665 5392; x_wconf 87' lang='lat' dir='ltr'>videtur.</span> 
     </span>
    </p>
   </div>
   <div class='ocr_carea' id='block_1_112' title="bbox 489 5405 2064 5478">
    <p class='ocr_par' dir='ltr' id='par_1_112' title="bbox 489 5405 2064 5478">
     <span class='ocr_line' id='line_1_114' title="bbox 489 5405 2064 5478; baseline 0 -17"><span class='ocrx_word' id='word_1_767' title='bbox 489 5408 553 5461; x_wconf 84' lang='lat' dir='ltr'>Et</span> <span class='ocrx_word' id='word_1_768' title='bbox 587 5425 645 5460; x_wconf 84' lang='lat' dir='ltr'>re</span> <span class='ocrx_word' id='word_1_769' title='bbox 674 5407 910 5476; x_wconf 86' lang='lat' dir='ltr'>quidem</span> <span class='ocrx_word' id='word_1_770' title='bbox 961 5407 1092 5478; x_wconf 90' lang='lat' dir='ltr'>ipsa</span> <span class='ocrx_word' id='word_1_771' title='bbox 1135 5407 1292 5461; x_wconf 86' lang='lat' dir='ltr'>hunc</span> <span class='ocrx_word' id='word_1_772' title='bbox 1341 5422 1467 5461; x_wconf 84' lang='lat' dir='ltr'>esse</span> <span class='ocrx_word' id='word_1_773' title='bbox 1518 5405 1832 5478; x_wconf 89' lang='lat' dir='ltr'>Clementis</span> <span class='ocrx_word' id='word_1_774' title='bbox 1881 5406 2064 5463; x_wconf 89' lang='lat' dir='ltr'>nostri</span> 
     </span>
    </p>
   </div>
   <div class='ocr_carea' id='block_1_113' title="bbox 420 5477 2065 5549">
    <p class='ocr_par' dir='ltr' id='par_1_113' title="bbox 420 5477 2065 5549">
     <span class='ocr_line' id='line_1_115' title="bbox 420 5477 2065 5549; baseline 0.001 -16"><span class='ocrx_word' id='word_1_775' title='bbox 420 5494 660 5534; x_wconf 90' lang='lat' dir='ltr'>sensum</span> <span class='ocrx_word' id='word_1_776' title='bbox 687 5495 753 5533; x_wconf 90' lang='lat' dir='ltr'>ea</span> <span class='ocrx_word' id='word_1_777' title='bbox 784 5477 1135 5544; x_wconf 37' lang='lat' dir='ltr'>adhuciquaz</span> <span class='ocrx_word' id='word_1_778' title='bbox 1157 5479 1622 5549; x_wconf 90' lang='lat' dir='ltr'>subsequuntur,</span> <span class='ocrx_word' id='word_1_779' title='bbox 1642 5477 1796 5533; x_wconf 90' lang='lat' dir='ltr'>haud</span> <span class='ocrx_word' id='word_1_780' title='bbox 1820 5479 2065 5534; x_wconf 89' lang='lat' dir='ltr'>obscure</span> 
     </span>
    </p>
   </div>
   <div class='ocr_carea' id='block_1_114' title="bbox 418 5549 2064 5622">
    <p class='ocr_par' dir='ltr' id='par_1_114' title="bbox 418 5549 2064 5622">
     <span class='ocr_line' id='line_1_116' title="bbox 418 5549 2064 5622; baseline -0.001 -16"><span class='ocrx_word' id='word_1_781' title='bbox 418 5551 849 5607; x_wconf 88' lang='lat' dir='ltr'>demonstrant.</span> <span class='ocrx_word' id='word_1_782' title='bbox 878 5551 1068 5622; x_wconf 85' lang='lat' dir='ltr'>Pergit</span> <span class='ocrx_word' id='word_1_783' title='bbox 1089 5550 1244 5606; x_wconf 90' lang='lat' dir='ltr'>enim</span> <span class='ocrx_word' id='word_1_784' title='bbox 1269 5551 1314 5583; x_wconf 81' lang='grc'>²⁷</span> <span class='ocrx_word' id='word_1_785' title='bbox 1339 5565 1386 5604; x_wconf 75' lang='grc' dir='ltr'>ει</span> <span class='ocrx_word' id='word_1_786' title='bbox 1413 5550 1560 5614; x_wconf 88' lang='lat' dir='ltr'>Quid</span> <span class='ocrx_word' id='word_1_787' title='bbox 1591 5565 1726 5605; x_wconf 91' lang='lat' dir='ltr'>vero</span> <span class='ocrx_word' id='word_1_788' title='bbox 1755 5549 1839 5605; x_wconf 90' lang='lat' dir='ltr'>lex</span> <span class='ocrx_word' id='word_1_789' title='bbox 1862 5549 2064 5620; x_wconf 90' lang='lat' dir='ltr'>(nimi-</span> 
     </span>
    </p>
   </div>
   <div class='ocr_carea' id='block_1_115' title="bbox 433 5687 970 5758">
    <p class='ocr_par' dir='ltr' id='par_1_115' title="bbox 433 5687 970 5758">
     <span class='ocr_line' id='line_1_117' title="bbox 433 5687 970 5758; baseline 0 -8"><span class='ocrx_word' id='word_1_790' title='bbox 433 5687 436 5692; x_wconf 72' lang='grc'><strong>’</strong></span> <span class='ocrx_word' id='word_1_791' title='bbox 489 5697 534 5731; x_wconf 81' lang='grc'>²²</span> <span class='ocrx_word' id='word_1_792' title='bbox 563 5696 777 5750; x_wconf 85' lang='lat' dir='ltr'>Strom.</span> <span class='ocrx_word' id='word_1_793' title='bbox 814 5690 852 5746; x_wconf 92' lang='lat' dir='ltr'>l.</span> <span class='ocrx_word' id='word_1_794' title='bbox 887 5711 970 5758; x_wconf 80' lang='grc' dir='ltr'><strong>ιιι,</strong></span> 
     </span>
    </p>
   </div>
   <div class='ocr_carea' id='block_1_116' title="bbox 1007 5691 3172 5766">
    <p class='ocr_par' dir='ltr' id='par_1_116' title="bbox 1007 5691 3172 5766">
     <span class='ocr_line' id='line_1_118' title="bbox 1007 5691 3172 5766; baseline -0.001 -18"><span class='ocrx_word' id='word_1_795' title='bbox 1007 5712 1062 5766; x_wconf 91' lang='lat' dir='ltr'>p.</span> <span class='ocrx_word' id='word_1_796' title='bbox 1096 5695 1218 5749; x_wconf 75' lang='grc'><strong>461.</strong></span> <span class='ocrx_word' id='word_1_797' title='bbox 1297 5693 1343 5728; x_wconf 86' lang='grc'>²³</span> <span class='ocrx_word' id='word_1_798' title='bbox 1371 5692 1407 5749; x_wconf 92' lang='lat' dir='ltr'>l.</span> <span class='ocrx_word' id='word_1_799' title='bbox 1443 5711 1504 5760; x_wconf 81' lang='grc' dir='ltr'>ιι,</span> <span class='ocrx_word' id='word_1_800' title='bbox 1552 5711 1608 5763; x_wconf 92' lang='lat' dir='ltr'>p.</span> <span class='ocrx_word' id='word_1_801' title='bbox 1643 5692 1803 5766; x_wconf 16' lang='lat'>493.7</span> <span class='ocrx_word' id='word_1_802' title='bbox 1845 5694 1890 5728; x_wconf 74' lang='lat'><strong>&quot;</strong></span> <span class='ocrx_word' id='word_1_803' title='bbox 1918 5692 2215 5766; x_wconf 86' lang='lat' dir='ltr'>Ambros.,</span> <span class='ocrx_word' id='word_1_804' title='bbox 2248 5691 2285 5747; x_wconf 96' lang='lat' dir='ltr'>l.</span> <span class='ocrx_word' id='word_1_805' title='bbox 2325 5711 2342 5748; x_wconf 79' lang='grc' dir='ltr'>ι</span> <span class='ocrx_word' id='word_1_806' title='bbox 2393 5694 2463 5749; x_wconf 90' lang='lat' dir='ltr'>de</span> <span class='ocrx_word' id='word_1_807' title='bbox 2510 5693 2752 5766; x_wconf 73' lang='lat' dir='ltr'>Abrab.,</span> <span class='ocrx_word' id='word_1_808' title='bbox 2801 5709 2851 5766; x_wconf 7' lang='lat' dir='ltr'>cf.</span> <span class='ocrx_word' id='word_1_809' title='bbox 2906 5693 2958 5761; x_wconf 89' lang='lat'>4,</span> <span class='ocrx_word' id='word_1_810' title='bbox 3007 5694 3035 5760; x_wconf 85' lang='lat'>§</span> <span class='ocrx_word' id='word_1_811' title='bbox 3079 5691 3172 5759; x_wconf 87' lang='lat'>24,</span> 
     </span>
    </p>
   </div>
   <div class='ocr_carea' id='block_1_117' title="bbox 2163 3195 3818 3266">
    <p class='ocr_par' dir='ltr' id='par_1_117' title="bbox 2163 3195 3818 3266">
     <span class='ocr_line' id='line_1_119' title="bbox 2163 3195 3818 3266; baseline -0.001 -16"><span class='ocrx_word' id='word_1_812' title='bbox 2163 3195 2390 3266; x_wconf 90' lang='lat' dir='ltr'>Adjecit</span> <span class='ocrx_word' id='word_1_813' title='bbox 2419 3196 2574 3251; x_wconf 89' lang='lat' dir='ltr'>enim</span> <span class='ocrx_word' id='word_1_814' title='bbox 2628 3195 2766 3250; x_wconf 94' lang='lat' dir='ltr'>illud</span> <span class='ocrx_word' id='word_1_815' title='bbox 2821 3196 3082 3266; x_wconf 87' lang='lat' dir='ltr'>quidem,</span> <span class='ocrx_word' id='word_1_816' title='bbox 3116 3212 3186 3251; x_wconf 88' lang='lat' dir='ltr'>ex</span> <span class='ocrx_word' id='word_1_817' title='bbox 3217 3211 3528 3260; x_wconf 88' lang='lat' dir='ltr'>consensu,</span> <span class='ocrx_word' id='word_1_818' title='bbox 3560 3212 3632 3250; x_wconf 89' lang='lat' dir='ltr'>ne</span> <span class='ocrx_word' id='word_1_819' title='bbox 3681 3195 3818 3266; x_wconf 87' lang='lat' dir='ltr'>quis</span> 
     </span>
    </p>
   </div>
   <div class='ocr_carea' id='block_1_118' title="bbox 2159 3266 3816 3336">
    <p class='ocr_par' dir='ltr' id='par_1_118' title="bbox 2159 3266 3816 3336">
     <span class='ocr_line' id='line_1_120' title="bbox 2159 3266 3816 3336; baseline -0.001 -14"><span class='ocrx_word' id='word_1_820' title='bbox 2159 3266 2503 3322; x_wconf 90' lang='lat' dir='ltr'>dissolveret</span> <span class='ocrx_word' id='word_1_821' title='bbox 2536 3266 2997 3322; x_wconf 89' lang='lat' dir='ltr'>matrimonium.</span> <span class='ocrx_word' id='word_1_822' title='bbox 3025 3267 3107 3323; x_wconf 78' lang='lat' dir='ltr'>Ad</span> <span class='ocrx_word' id='word_1_823' title='bbox 3137 3272 3372 3336; x_wconf 91' lang='lat' dir='ltr'>tempus</span> <span class='ocrx_word' id='word_1_824' title='bbox 3405 3270 3627 3334; x_wconf 89' lang='lat' dir='ltr'>autem,</span> <span class='ocrx_word' id='word_1_825' title='bbox 3651 3283 3726 3322; x_wconf 90' lang='lat' dir='ltr'>ne</span> <span class='ocrx_word' id='word_1_826' title='bbox 3747 3283 3816 3320; x_wconf 84' lang='lat' dir='ltr'>ex</span> 
     </span>
    </p>
   </div>
   <div class='ocr_carea' id='block_1_119' title="bbox 2161 3337 3812 3407">
    <p class='ocr_par' dir='ltr' id='par_1_119' title="bbox 2161 3337 3812 3407">
     <span class='ocr_line' id='line_1_121' title="bbox 2161 3337 3812 3407; baseline -0.001 -14"><span class='ocrx_word' id='word_1_827' title='bbox 2161 3339 2508 3394; x_wconf 86' lang='lat' dir='ltr'>necessitate</span> <span class='ocrx_word' id='word_1_828' title='bbox 2559 3355 2833 3394; x_wconf 89' lang='lat' dir='ltr'>exercens</span> <span class='ocrx_word' id='word_1_829' title='bbox 2864 3338 3288 3394; x_wconf 89' lang='lat' dir='ltr'>continentiam</span> <span class='ocrx_word' id='word_1_830' title='bbox 3321 3337 3394 3404; x_wconf 89' lang='lat' dir='ltr'>is,</span> <span class='ocrx_word' id='word_1_831' title='bbox 3419 3338 3519 3407; x_wconf 90' lang='lat' dir='ltr'>qui</span> <span class='ocrx_word' id='word_1_832' title='bbox 3568 3353 3812 3392; x_wconf 88' lang='lat' dir='ltr'>uxorem</span> 
     </span>
    </p>
   </div>
   <div class='ocr_carea' id='block_1_120' title="bbox 2162 3408 3811 3480">
    <p class='ocr_par' dir='ltr' id='par_1_120' title="bbox 2162 3408 3811 3480">
     <span class='ocr_line' id='line_1_122' title="bbox 2162 3408 3811 3480; baseline -0.002 -15"><span class='ocrx_word' id='word_1_833' title='bbox 2162 3409 2414 3476; x_wconf 87' lang='lat' dir='ltr'>duxerit,</span> <span class='ocrx_word' id='word_1_834' title='bbox 2447 3410 2764 3480; x_wconf 89' lang='lat' dir='ltr'>aliquando</span> <span class='ocrx_word' id='word_1_835' title='bbox 2813 3409 3047 3465; x_wconf 89' lang='lat' dir='ltr'>labatur</span> <span class='ocrx_word' id='word_1_836' title='bbox 3078 3412 3134 3464; x_wconf 93' lang='lat' dir='ltr'>in</span> <span class='ocrx_word' id='word_1_837' title='bbox 3169 3413 3495 3480; x_wconf 88' lang='lat' dir='ltr'>peccatum,</span> <span class='ocrx_word' id='word_1_838' title='bbox 3522 3408 3719 3480; x_wconf 79' lang='lat' dir='ltr'>utqui</span> <span class='ocrx_word' id='word_1_839' title='bbox 3753 3409 3811 3463; x_wconf 92' lang='lat' dir='ltr'>in</span> 
     </span>
    </p>
   </div>
   <div class='ocr_carea' id='block_1_121' title="bbox 2164 3479 3812 3552">
    <p class='ocr_par' dir='ltr' id='par_1_121' title="bbox 2164 3479 3812 3552">
     <span class='ocr_line' id='line_1_123' title="bbox 2164 3479 3812 3552; baseline -0.002 -15"><span class='ocrx_word' id='word_1_840' title='bbox 2164 3483 2221 3538; x_wconf 91' lang='lat' dir='ltr'>id</span> <span class='ocrx_word' id='word_1_841' title='bbox 2256 3481 2492 3544; x_wconf 86' lang='lat' dir='ltr'>incidat,</span> <span class='ocrx_word' id='word_1_842' title='bbox 2520 3479 2583 3535; x_wconf 83' lang='lat' dir='ltr'>ut</span> <span class='ocrx_word' id='word_1_843' title='bbox 2606 3498 2712 3536; x_wconf 92' lang='lat' dir='ltr'>suo</span> <span class='ocrx_word' id='word_1_844' title='bbox 2736 3482 2973 3552; x_wconf 89' lang='lat' dir='ltr'>quidem</span> <span class='ocrx_word' id='word_1_845' title='bbox 3003 3479 3278 3551; x_wconf 79' lang='lat' dir='ltr'>conjugis</span> <span class='ocrx_word' id='word_1_846' title='bbox 3306 3479 3812 3552; x_wconf 76' lang='lat' dir='ltr'>parcat,_alienum</span> 
     </span>
    </p>
   </div>
   <div class='ocr_carea' id='block_1_122' title="bbox 2164 3550 3816 3622">
    <p class='ocr_par' dir='ltr' id='par_1_122' title="bbox 2164 3550 3816 3622">
     <span class='ocr_line' id='line_1_124' title="bbox 2164 3550 3816 3622; baseline -0.001 -15"><span class='ocrx_word' id='word_1_847' title='bbox 2164 3557 2358 3608; x_wconf 89' lang='lat' dir='ltr'>autem</span> <span class='ocrx_word' id='word_1_848' title='bbox 2392 3550 2786 3622; x_wconf 78' lang='lat' dir='ltr'>concupiscat.</span> <span class='ocrx_word' id='word_1_849' title='bbox 2815 3575 2841 3600; x_wconf 73' lang='grc' dir='ltr'>ι»</span> <span class='ocrx_word' id='word_1_850' title='bbox 2873 3552 3101 3608; x_wconf 87' lang='lat' dir='ltr'>Nemini</span> <span class='ocrx_word' id='word_1_851' title='bbox 3130 3550 3383 3618; x_wconf 80' lang='lat' dir='ltr'>profecto</span> <span class='ocrx_word' id='word_1_852' title='bbox 3404 3550 3652 3606; x_wconf 89' lang='lat' dir='ltr'>dubium</span> <span class='ocrx_word' id='word_1_853' title='bbox 3683 3567 3816 3606; x_wconf 86' lang='lat' dir='ltr'>esse</span> 
     </span>
    </p>
   </div>
   <div class='ocr_carea' id='block_1_123' title="bbox 2165 3622 3808 3696">
    <p class='ocr_par' dir='ltr' id='par_1_123' title="bbox 2165 3622 3808 3696">
     <span class='ocr_line' id='line_1_125' title="bbox 2165 3622 3808 3696; baseline -0.001 -18"><span class='ocrx_word' id='word_1_854' title='bbox 2165 3629 2359 3696; x_wconf 88' lang='lat' dir='ltr'>potest</span> <span class='ocrx_word' id='word_1_855' title='bbox 2389 3623 2744 3696; x_wconf 88' lang='lat' dir='ltr'>Clementem</span> <span class='ocrx_word' id='word_1_856' title='bbox 2777 3623 2856 3678; x_wconf 90' lang='lat' dir='ltr'>ibi</span> <span class='ocrx_word' id='word_1_857' title='bbox 2881 3623 3062 3696; x_wconf 78' lang='lat' dir='ltr'>loqui</span> <span class='ocrx_word' id='word_1_858' title='bbox 3109 3623 3181 3696; x_wconf 87' lang='lat' dir='ltr'>de</span> <span class='ocrx_word' id='word_1_859' title='bbox 3229 3622 3584 3696; x_wconf 85' lang='lat' dir='ltr'>conjugibus</span> <span class='ocrx_word' id='word_1_860' title='bbox 3616 3622 3808 3696; x_wconf 81' lang='lat' dir='ltr'>quoad</span> 
     </span>
    </p>
   </div>
   <div class='ocr_carea' id='block_1_124' title="bbox 2164 3693 3812 3766">
    <p class='ocr_par' dir='ltr' id='par_1_124' title="bbox 2164 3693 3812 3766">
     <span class='ocr_line' id='line_1_126' title="bbox 2164 3693 3812 3766; baseline -0.002 -15"><span class='ocrx_word' id='word_1_861' title='bbox 2164 3693 2355 3751; x_wconf 82' lang='lat' dir='ltr'>torum</span> <span class='ocrx_word' id='word_1_862' title='bbox 2390 3695 2692 3766; x_wconf 86' lang='lat' dir='ltr'>duntaxat,</span> <span class='ocrx_word' id='word_1_863' title='bbox 2727 3700 2784 3750; x_wconf 91' lang='lat' dir='ltr'>et</span> <span class='ocrx_word' id='word_1_864' title='bbox 2827 3695 2896 3749; x_wconf 90' lang='lat' dir='ltr'>ad</span> <span class='ocrx_word' id='word_1_865' title='bbox 2940 3693 3176 3766; x_wconf 79' lang='lat' dir='ltr'>aliquod</span> <span class='ocrx_word' id='word_1_866' title='bbox 3214 3694 3492 3766; x_wconf 88' lang='lat' dir='ltr'>temporis</span> <span class='ocrx_word' id='word_1_867' title='bbox 3523 3693 3812 3764; x_wconf 88' lang='lat' dir='ltr'>spatium,</span> 
     </span>
    </p>
   </div>
   <div class='ocr_carea' id='block_1_125' title="bbox 2165 3765 3818 3836">
    <p class='ocr_par' dir='ltr' id='par_1_125' title="bbox 2165 3765 3818 3836">
     <span class='ocr_line' id='line_1_127' title="bbox 2165 3765 3818 3836; baseline -0.002 -14"><span class='ocrx_word' id='word_1_868' title='bbox 2165 3772 2229 3822; x_wconf 91' lang='lat' dir='ltr'>ut</span> <span class='ocrx_word' id='word_1_869' title='bbox 2259 3765 2503 3822; x_wconf 92' lang='lat' dir='ltr'>orationi</span> <span class='ocrx_word' id='word_1_870' title='bbox 2529 3765 2760 3822; x_wconf 76' lang='lat' dir='ltr'>facilius</span> <span class='ocrx_word' id='word_1_871' title='bbox 2789 3765 3080 3832; x_wconf 82' lang='lat' dir='ltr'>vacarent,</span> <span class='ocrx_word' id='word_1_872' title='bbox 3109 3783 3143 3820; x_wconf 92' lang='lat' dir='ltr'>a</span> <span class='ocrx_word' id='word_1_873' title='bbox 3166 3781 3228 3820; x_wconf 90' lang='lat' dir='ltr'>se</span> <span class='ocrx_word' id='word_1_874' title='bbox 3250 3765 3502 3836; x_wconf 8' lang='lat' dir='ltr'>invicem,</span> <span class='ocrx_word' id='word_1_875' title='bbox 3530 3781 3818 3836; x_wconf 85' lang='lat' dir='ltr'>separan-</span> 
     </span>
    </p>
   </div>
   <div class='ocr_carea' id='block_1_126' title="bbox 2163 3835 3814 3904">
    <p class='ocr_par' dir='ltr' id='par_1_126' title="bbox 2163 3835 3814 3904">
     <span class='ocr_line' id='line_1_128' title="bbox 2163 3835 3814 3904; baseline -0.001 -10"><span class='ocrx_word' id='word_1_876' title='bbox 2163 3839 2276 3894; x_wconf 90' lang='lat' dir='ltr'>dis.</span> <span class='ocrx_word' id='word_1_877' title='bbox 2307 3840 2380 3892; x_wconf 85' lang='lat' dir='ltr'>At</span> <span class='ocrx_word' id='word_1_878' title='bbox 2408 3853 2542 3892; x_wconf 92' lang='lat' dir='ltr'>cum</span> <span class='ocrx_word' id='word_1_879' title='bbox 2576 3837 2762 3904; x_wconf 87' lang='lat' dir='ltr'>addit,</span> <span class='ocrx_word' id='word_1_880' title='bbox 2787 3859 2815 3886; x_wconf 87' lang='grc'>‹‹</span> <span class='ocrx_word' id='word_1_881' title='bbox 2849 3853 2918 3892; x_wconf 88' lang='lat' dir='ltr'>ex</span> <span class='ocrx_word' id='word_1_882' title='bbox 2957 3853 3272 3900; x_wconf 89' lang='lat' dir='ltr'>consensu,</span> <span class='ocrx_word' id='word_1_883' title='bbox 3297 3858 3324 3886; x_wconf 87' lang='grc'><strong>››</strong></span> <span class='ocrx_word' id='word_1_884' title='bbox 3364 3835 3646 3891; x_wconf 85' lang='lat' dir='ltr'>nimirum</span> <span class='ocrx_word' id='word_1_885' title='bbox 3682 3853 3814 3892; x_wconf 86' lang='lat' dir='ltr'>mu-</span> 
     </span>
    </p>
   </div>
   <div class='ocr_carea' id='block_1_127' title="bbox 2163 3907 3818 3978">
    <p class='ocr_par' dir='ltr' id='par_1_127' title="bbox 2163 3907 3818 3978">
     <span class='ocr_line' id='line_1_129' title="bbox 2163 3907 3818 3978; baseline -0.002 -13"><span class='ocrx_word' id='word_1_886' title='bbox 2163 3915 2287 3974; x_wconf 88' lang='lat' dir='ltr'>tuo,</span> <span class='ocrx_word' id='word_1_887' title='bbox 2311 3932 2338 3959; x_wconf 90' lang='grc'><strong>‹‹</strong></span> <span class='ocrx_word' id='word_1_888' title='bbox 2367 3925 2436 3963; x_wconf 92' lang='lat' dir='ltr'>ne</span> <span class='ocrx_word' id='word_1_889' title='bbox 2469 3908 2602 3978; x_wconf 88' lang='lat' dir='ltr'>quis</span> <span class='ocrx_word' id='word_1_890' title='bbox 2633 3909 2974 3963; x_wconf 87' lang='lat' dir='ltr'>dissolveret</span> <span class='ocrx_word' id='word_1_891' title='bbox 2995 3907 3504 3972; x_wconf 84' lang='lat' dir='ltr'>matrimonium,»</span> <span class='ocrx_word' id='word_1_892' title='bbox 3529 3907 3692 3962; x_wconf 88' lang='lat' dir='ltr'>aliud</span> <span class='ocrx_word' id='word_1_893' title='bbox 3717 3925 3818 3962; x_wconf 89' lang='lat' dir='ltr'>os-</span> 
     </span>
    </p>
   </div>
   <div class='ocr_carea' id='block_1_128' title="bbox 2163 3978 3819 4049">
    <p class='ocr_par' dir='ltr' id='par_1_128' title="bbox 2163 3978 3819 4049">
     <span class='ocr_line' id='line_1_130' title="bbox 2163 3978 3819 4049; baseline -0.002 -13"><span class='ocrx_word' id='word_1_894' title='bbox 2163 3981 2352 4036; x_wconf 91' lang='lat' dir='ltr'>tendit</span> <span class='ocrx_word' id='word_1_895' title='bbox 2372 3997 2500 4036; x_wconf 89' lang='lat' dir='ltr'>esse</span> <span class='ocrx_word' id='word_1_896' title='bbox 2521 3980 2984 4049; x_wconf 84' lang='lat' dir='ltr'>divortium,quo</span> <span class='ocrx_word' id='word_1_897' title='bbox 3008 3979 3369 4035; x_wconf 89' lang='lat' dir='ltr'>matrimonii</span> <span class='ocrx_word' id='word_1_898' title='bbox 3394 3978 3692 4033; x_wconf 83' lang='lat' dir='ltr'>vinculum</span> <span class='ocrx_word' id='word_1_899' title='bbox 3721 3995 3819 4049; x_wconf 88' lang='lat' dir='ltr'>pe-</span> 
     </span>
    </p>
   </div>
   <div class='ocr_carea' id='block_1_129' title="bbox 2163 4049 3818 4121">
    <p class='ocr_par' dir='ltr' id='par_1_129' title="bbox 2163 4049 3818 4121">
     <span class='ocr_line' id='line_1_131' title="bbox 2163 4049 3818 4121; baseline -0.001 -15"><span class='ocrx_word' id='word_1_900' title='bbox 2163 4053 2322 4107; x_wconf 89' lang='lat' dir='ltr'>nitus</span> <span class='ocrx_word' id='word_1_901' title='bbox 2353 4051 2697 4107; x_wconf 90' lang='lat' dir='ltr'>dissolvitur</span> <span class='ocrx_word' id='word_1_902' title='bbox 2725 4067 2790 4106; x_wconf 88' lang='lat' dir='ltr'>ac</span> <span class='ocrx_word' id='word_1_903' title='bbox 2821 4051 3140 4105; x_wconf 90' lang='lat' dir='ltr'>dirimitur.</span> <span class='ocrx_word' id='word_1_904' title='bbox 3177 4050 3325 4105; x_wconf 90' lang='lat' dir='ltr'>Illud</span> <span class='ocrx_word' id='word_1_905' title='bbox 3359 4066 3552 4121; x_wconf 87' lang='lat' dir='ltr'>porro,</span> <span class='ocrx_word' id='word_1_906' title='bbox 3587 4049 3818 4105; x_wconf 84' lang='lat' dir='ltr'>vivente</span> 
     </span>
    </p>
   </div>
   <div class='ocr_carea' id='block_1_130' title="bbox 2162 4121 3817 4195">
    <p class='ocr_par' dir='ltr' id='par_1_130' title="bbox 2162 4121 3817 4195">
     <span class='ocr_line' id='line_1_132' title="bbox 2162 4121 3817 4195; baseline -0.002 -17"><span class='ocrx_word' id='word_1_907' title='bbox 2162 4122 2590 4195; x_wconf 27' lang='lat' dir='ltr'>conjugetsolvi</span> <span class='ocrx_word' id='word_1_908' title='bbox 2617 4124 2857 4195; x_wconf 77' lang='lat' dir='ltr'>omnino</span> <span class='ocrx_word' id='word_1_909' title='bbox 2881 4139 2946 4177; x_wconf 87' lang='lat' dir='ltr'>ac</span> <span class='ocrx_word' id='word_1_910' title='bbox 2965 4121 3162 4177; x_wconf 90' lang='lat' dir='ltr'>dirimi</span> <span class='ocrx_word' id='word_1_911' title='bbox 3190 4137 3449 4195; x_wconf 85' lang='lat' dir='ltr'>unquam</span> <span class='ocrx_word' id='word_1_912' title='bbox 3474 4137 3648 4192; x_wconf 88' lang='lat' dir='ltr'>posse</span> <span class='ocrx_word' id='word_1_913' title='bbox 3671 4122 3817 4176; x_wconf 87' lang='lat' dir='ltr'>satis</span> 
     </span>
    </p>
   </div>
   <div class='ocr_carea' id='block_1_131' title="bbox 2162 4193 3816 4265">
    <p class='ocr_par' dir='ltr' id='par_1_131' title="bbox 2162 4193 3816 4265">
     <span class='ocr_line' id='line_1_133' title="bbox 2162 4193 3816 4265; baseline -0.002 -15"><span class='ocrx_word' id='word_1_914' title='bbox 2162 4193 2365 4265; x_wconf 84' lang='lat' dir='ltr'>aperte</span> <span class='ocrx_word' id='word_1_915' title='bbox 2395 4193 2674 4265; x_wconf 89' lang='lat' dir='ltr'>Clemens</span> <span class='ocrx_word' id='word_1_916' title='bbox 2711 4193 3003 4249; x_wconf 79' lang='lat' dir='ltr'>inficiatus</span> <span class='ocrx_word' id='word_1_917' title='bbox 3033 4197 3142 4248; x_wconf 84' lang='lat' dir='ltr'>est.</span> <span class='ocrx_word' id='word_1_918' title='bbox 3177 4193 3392 4247; x_wconf 81' lang='lat' dir='ltr'>Eadem</span> <span class='ocrx_word' id='word_1_919' title='bbox 3437 4209 3676 4263; x_wconf 89' lang='lat' dir='ltr'>quoque</span> <span class='ocrx_word' id='word_1_920' title='bbox 3725 4198 3816 4265; x_wconf 81' lang='lat' dir='ltr'>est</span> 
     </span>
    </p>
   </div>
   <div class='ocr_carea' id='block_1_132' title="bbox 2162 4263 3813 4335">
    <p class='ocr_par' dir='ltr' id='par_1_132' title="bbox 2162 4263 3813 4335">
     <span class='ocr_line' id='line_1_134' title="bbox 2162 4263 3813 4335; baseline -0.003 -13"><span class='ocrx_word' id='word_1_921' title='bbox 2162 4263 2454 4322; x_wconf 87' lang='lat' dir='ltr'>sententia</span> <span class='ocrx_word' id='word_1_922' title='bbox 2481 4264 2850 4331; x_wconf 90' lang='lat' dir='ltr'>Tertulliani,</span> <span class='ocrx_word' id='word_1_923' title='bbox 2876 4266 2975 4335; x_wconf 88' lang='lat' dir='ltr'>qui</span> <span class='ocrx_word' id='word_1_924' title='bbox 3025 4265 3096 4320; x_wconf 90' lang='lat' dir='ltr'>ad</span> <span class='ocrx_word' id='word_1_925' title='bbox 3153 4280 3392 4319; x_wconf 87' lang='lat' dir='ltr'>uxorem</span> <span class='ocrx_word' id='word_1_926' title='bbox 3443 4280 3612 4320; x_wconf 86' lang='lat' dir='ltr'>suam</span> <span class='ocrx_word' id='word_1_927' title='bbox 3661 4263 3813 4318; x_wconf 89' lang='lat' dir='ltr'>scri-</span> 
     </span>
    </p>
   </div>
   <div class='ocr_carea' id='block_1_133' title="bbox 2165 4335 3810 4406">
    <p class='ocr_par' dir='ltr' id='par_1_133' title="bbox 2165 4335 3810 4406">
     <span class='ocr_line' id='line_1_135' title="bbox 2165 4335 3810 4406; baseline -0.001 -14"><span class='ocrx_word' id='word_1_928' title='bbox 2165 4338 2401 4392; x_wconf 74' lang='lat' dir='ltr'>bit&quot;:«</span> <span class='ocrx_word' id='word_1_929' title='bbox 2435 4337 2584 4400; x_wconf 90' lang='lat' dir='ltr'>Quot</span> <span class='ocrx_word' id='word_1_930' title='bbox 2633 4342 2792 4402; x_wconf 91' lang='lat' dir='ltr'>sunt,</span> <span class='ocrx_word' id='word_1_931' title='bbox 2822 4336 2922 4406; x_wconf 88' lang='lat' dir='ltr'>qui</span> <span class='ocrx_word' id='word_1_932' title='bbox 2971 4336 3168 4391; x_wconf 86' lang='lat' dir='ltr'>statim</span> <span class='ocrx_word' id='word_1_933' title='bbox 3220 4352 3254 4390; x_wconf 88' lang='lat' dir='ltr'>a</span> <span class='ocrx_word' id='word_1_934' title='bbox 3297 4335 3525 4390; x_wconf 89' lang='lat' dir='ltr'>lavacro</span> <span class='ocrx_word' id='word_1_935' title='bbox 3574 4351 3810 4390; x_wconf 86' lang='lat' dir='ltr'>carnem</span> 
     </span>
    </p>
   </div>
   <div class='ocr_carea' id='block_1_134' title="bbox 2165 4406 3814 4477">
    <p class='ocr_par' dir='ltr' id='par_1_134' title="bbox 2165 4406 3814 4477">
     <span class='ocr_line' id='line_1_136' title="bbox 2165 4406 3814 4477; baseline -0.002 -12"><span class='ocrx_word' id='word_1_936' title='bbox 2165 4426 2334 4466; x_wconf 84' lang='lat' dir='ltr'>suam</span> <span class='ocrx_word' id='word_1_937' title='bbox 2362 4407 2717 4473; x_wconf 77' lang='lat' dir='ltr'>obsignant?</span> <span class='ocrx_word' id='word_1_938' title='bbox 2747 4408 2897 4472; x_wconf 91' lang='lat' dir='ltr'>Quot</span> <span class='ocrx_word' id='word_1_939' title='bbox 2925 4407 3085 4471; x_wconf 90' lang='lat' dir='ltr'>item,</span> <span class='ocrx_word' id='word_1_940' title='bbox 3112 4406 3211 4477; x_wconf 91' lang='lat' dir='ltr'>qui</span> <span class='ocrx_word' id='word_1_941' title='bbox 3236 4423 3524 4462; x_wconf 89' lang='lat' dir='ltr'>consensu</span> <span class='ocrx_word' id='word_1_942' title='bbox 3561 4406 3688 4476; x_wconf 90' lang='lat' dir='ltr'>pari</span> <span class='ocrx_word' id='word_1_943' title='bbox 3723 4408 3814 4461; x_wconf 90' lang='lat' dir='ltr'>in-</span> 
     </span>
    </p>
   </div>
   <div class='ocr_carea' id='block_1_135' title="bbox 2162 4477 3816 4537">
    <p class='ocr_par' dir='ltr' id='par_1_135' title="bbox 2162 4477 3816 4537">
     <span class='ocr_line' id='line_1_137' title="bbox 2162 4477 3816 4537; baseline -0.002 0"><span class='ocrx_word' id='word_1_944' title='bbox 2162 4486 2252 4537; x_wconf 88' lang='lat' dir='ltr'>ter</span> <span class='ocrx_word' id='word_1_945' title='bbox 2298 4496 2360 4535; x_wconf 89' lang='lat' dir='ltr'>se</span> <span class='ocrx_word' id='word_1_946' title='bbox 2421 4479 2776 4534; x_wconf 86' lang='lat' dir='ltr'>matrimonii</span> <span class='ocrx_word' id='word_1_947' title='bbox 2837 4480 3099 4533; x_wconf 90' lang='lat' dir='ltr'>debitum</span> <span class='ocrx_word' id='word_1_948' title='bbox 3156 4477 3410 4533; x_wconf 76' lang='lat' dir='ltr'>tollunt?</span> <span class='ocrx_word' id='word_1_949' title='bbox 3447 4477 3816 4533; x_wconf 88' lang='lat' dir='ltr'>Voluntariis</span> 
     </span>
    </p>
   </div>
   <div class='ocr_carea' id='block_1_136' title="bbox 2165 4547 3817 4622">
    <p class='ocr_par' dir='ltr' id='par_1_136' title="bbox 2165 4547 3817 4622">
     <span class='ocr_line' id='line_1_138' title="bbox 2165 4547 3817 4622; baseline -0.004 -14"><span class='ocrx_word' id='word_1_950' title='bbox 2165 4551 2530 4621; x_wconf 87' lang='lat' dir='ltr'>spadonibus</span> <span class='ocrx_word' id='word_1_951' title='bbox 2562 4568 2664 4622; x_wconf 91' lang='lat' dir='ltr'>pro</span> <span class='ocrx_word' id='word_1_952' title='bbox 2691 4551 3012 4622; x_wconf 88' lang='lat' dir='ltr'>cupiditate</span> <span class='ocrx_word' id='word_1_953' title='bbox 3041 4549 3284 4622; x_wconf 10' lang='lat' dir='ltr'>smilesti,</span> <span class='ocrx_word' id='word_1_954' title='bbox 3314 4547 3474 4604; x_wconf 92' lang='lat' dir='ltr'>salvo</span> <span class='ocrx_word' id='word_1_955' title='bbox 3508 4550 3817 4622; x_wconf 82' lang='lat' dir='ltr'>matrimo-</span> 
     </span>
    </p>
   </div>
   <div class='ocr_carea' id='block_1_137' title="bbox 2168 4620 3822 4685">
    <p class='ocr_par' dir='ltr' id='par_1_137' title="bbox 2168 4620 3822 4685">
     <span class='ocr_line' id='line_1_139' title="bbox 2168 4620 3822 4685; baseline -0.004 -6"><span class='ocrx_word' id='word_1_956' title='bbox 2168 4620 2286 4685; x_wconf 88' lang='lat' dir='ltr'>nio,</span> <span class='ocrx_word' id='word_1_957' title='bbox 2309 4620 2666 4678; x_wconf 83' lang='lat' dir='ltr'>abstinentia</span> <span class='ocrx_word' id='word_1_958' title='bbox 2698 4621 2998 4676; x_wconf 89' lang='lat' dir='ltr'>toleratur.</span> <span class='ocrx_word' id='word_1_959' title='bbox 3022 4643 3040 4668; x_wconf 80' lang='grc' dir='ltr'>ι</span> <span class='ocrx_word' id='word_1_960' title='bbox 3075 4621 3275 4675; x_wconf 84' lang='lat' dir='ltr'>Eidem</span> <span class='ocrx_word' id='word_1_961' title='bbox 3308 4620 3611 4675; x_wconf 63' lang='lat' dir='ltr'>sententia;</span> <span class='ocrx_word' id='word_1_962' title='bbox 3636 4621 3822 4674; x_wconf 85' lang='lat' dir='ltr'>maxi-</span> 
     </span>
    </p>
   </div>
   <div class='ocr_carea' id='block_1_138' title="bbox 2168 4691 3811 4763">
    <p class='ocr_par' dir='ltr' id='par_1_138' title="bbox 2168 4691 3811 4763">
     <span class='ocr_line' id='line_1_140' title="bbox 2168 4691 3811 4763; baseline -0.002 -13"><span class='ocrx_word' id='word_1_963' title='bbox 2168 4712 2262 4750; x_wconf 91' lang='lat' dir='ltr'>mo</span> <span class='ocrx_word' id='word_1_964' title='bbox 2294 4709 2434 4749; x_wconf 88' lang='lat' dir='ltr'>sane</span> <span class='ocrx_word' id='word_1_965' title='bbox 2467 4709 2753 4749; x_wconf 88' lang='lat' dir='ltr'>consensu</span> <span class='ocrx_word' id='word_1_966' title='bbox 2787 4694 3184 4763; x_wconf 76' lang='lat' dir='ltr'>suffragantur</span> <span class='ocrx_word' id='word_1_967' title='bbox 3212 4697 3268 4747; x_wconf 90' lang='lat' dir='ltr'>et</span> <span class='ocrx_word' id='word_1_968' title='bbox 3299 4691 3396 4747; x_wconf 89' lang='lat' dir='ltr'>alii</span> <span class='ocrx_word' id='word_1_969' title='bbox 3420 4697 3640 4756; x_wconf 82' lang='lat' dir='ltr'>Patres,</span> <span class='ocrx_word' id='word_1_970' title='bbox 3664 4708 3811 4762; x_wconf 90' lang='lat' dir='ltr'>quos</span> 
     </span>
    </p>
   </div>
   <div class='ocr_carea' id='block_1_139' title="bbox 2167 4763 3813 4835">
    <p class='ocr_par' dir='ltr' id='par_1_139' title="bbox 2167 4763 3813 4835">
     <span class='ocr_line' id='line_1_141' title="bbox 2167 4763 3813 4835; baseline -0.002 -14"><span class='ocrx_word' id='word_1_971' title='bbox 2167 4767 2226 4821; x_wconf 92' lang='lat' dir='ltr'>in</span> <span class='ocrx_word' id='word_1_972' title='bbox 2262 4781 2320 4820; x_wconf 91' lang='lat' dir='ltr'>re</span> <span class='ocrx_word' id='word_1_973' title='bbox 2350 4764 2678 4820; x_wconf 88' lang='lat' dir='ltr'>certissima</span> <span class='ocrx_word' id='word_1_974' title='bbox 2707 4764 3048 4820; x_wconf 88' lang='lat' dir='ltr'>nominibus</span> <span class='ocrx_word' id='word_1_975' title='bbox 3081 4763 3376 4835; x_wconf 88' lang='lat' dir='ltr'>appellare</span> <span class='ocrx_word' id='word_1_976' title='bbox 3425 4763 3554 4818; x_wconf 88' lang='lat' dir='ltr'>suis</span> <span class='ocrx_word' id='word_1_977' title='bbox 3605 4779 3813 4834; x_wconf 83' lang='lat' dir='ltr'>super—</span> 
     </span>
    </p>
   </div>
   <div class='ocr_carea' id='block_1_140' title="bbox 2169 4836 2813 4893">
    <p class='ocr_par' dir='ltr' id='par_1_140' title="bbox 2169 4836 2813 4893">
     <span class='ocr_line' id='line_1_142' title="bbox 2169 4836 2813 4893; baseline -0.005 0"><span class='ocrx_word' id='word_1_978' title='bbox 2169 4853 2483 4893; x_wconf 82' lang='lat' dir='ltr'>vacaneum</span> <span class='ocrx_word' id='word_1_979' title='bbox 2516 4836 2813 4891; x_wconf 90' lang='lat' dir='ltr'>duximus.</span> 
     </span>
    </p>
   </div>
   <div class='ocr_carea' id='block_1_141' title="bbox 2241 4903 3820 4976">
    <p class='ocr_par' dir='ltr' id='par_1_141' title="bbox 2241 4903 3820 4976">
     <span class='ocr_line' id='line_1_143' title="bbox 2241 4903 3820 4976; baseline -0.002 -13"><span class='ocrx_word' id='word_1_980' title='bbox 2241 4909 2417 4963; x_wconf 89' lang='lat' dir='ltr'>Porro</span> <span class='ocrx_word' id='word_1_981' title='bbox 2448 4913 2643 4963; x_wconf 90' lang='lat' dir='ltr'>autem</span> <span class='ocrx_word' id='word_1_982' title='bbox 2679 4923 2810 4962; x_wconf 92' lang='lat' dir='ltr'>cum</span> <span class='ocrx_word' id='word_1_983' title='bbox 2845 4921 2914 4961; x_wconf 90' lang='lat' dir='ltr'>ex</span> <span class='ocrx_word' id='word_1_984' title='bbox 2945 4903 3223 4976; x_wconf 88' lang='lat' dir='ltr'>Apostolo</span> <span class='ocrx_word' id='word_1_985' title='bbox 3253 4903 3524 4976; x_wconf 86' lang='lat' dir='ltr'>Clemens</span> <span class='ocrx_word' id='word_1_986' title='bbox 3554 4903 3820 4960; x_wconf 85' lang='lat' dir='ltr'>docuerit</span> 
     </span>
    </p>
   </div>
   <div class='ocr_carea' id='block_1_142' title="bbox 2171 4975 3819 5103">
    <p class='ocr_par' dir='ltr' id='par_1_142' title="bbox 2171 4975 3819 5103">
     <span class='ocr_line' id='line_1_144' title="bbox 2171 4975 3819 5103; baseline -0.002 -68"><span class='ocrx_word' id='word_1_987' title='bbox 2171 4981 2450 5060; x_wconf 80' lang='lat' dir='ltr'>conjuges</span> <span class='ocrx_word' id='word_1_988' title='bbox 2471 4995 2651 5103; x_wconf 47' lang='lat' dir='ltr'>(posse</span> <span class='ocrx_word' id='word_1_989' title='bbox 2681 4978 2920 5049; x_wconf 88' lang='lat' dir='ltr'>quidem</span> <span class='ocrx_word' id='word_1_990' title='bbox 2945 4994 2977 5032; x_wconf 89' lang='lat' dir='ltr'>a</span> <span class='ocrx_word' id='word_1_991' title='bbox 2996 4975 3061 5032; x_wconf 86' lang='lat' dir='ltr'>se</span> <span class='ocrx_word' id='word_1_992' title='bbox 3089 4976 3336 5032; x_wconf 90' lang='lat' dir='ltr'>invicem</span> <span class='ocrx_word' id='word_1_993' title='bbox 3367 4975 3434 5030; x_wconf 89' lang='lat' dir='ltr'>ad</span> <span class='ocrx_word' id='word_1_994' title='bbox 3462 4980 3696 5043; x_wconf 89' lang='lat' dir='ltr'>tempus</span> <span class='ocrx_word' id='word_1_995' title='bbox 3726 4992 3819 5031; x_wconf 89' lang='lat' dir='ltr'>se-</span> 
     </span>
     <span class='ocr_line' id='line_1_145' title="bbox 2171 5047 3819 5103; baseline -0.001 0"><span class='ocrx_word' id='word_1_996' title='bbox 2171 5067 2465 5103; x_wconf 77' lang='lat' dir='ltr'>Dararl.se</span> <span class='ocrx_word' id='word_1_997' title='bbox 2529 5054 2757 5103; x_wconf 88' lang='lat' dir='ltr'>tantum</span> <span class='ocrx_word' id='word_1_998' title='bbox 2782 5067 2850 5103; x_wconf 88' lang='lat' dir='ltr'>ex</span> <span class='ocrx_word' id='word_1_999' title='bbox 2881 5053 3086 5103; x_wconf 89' lang='lat' dir='ltr'>mutuo</span> <span class='ocrx_word' id='word_1_1000' title='bbox 3109 5070 3139 5098; x_wconf 76' lang='grc' dir='ltr'><strong>α</strong></span> <span class='ocrx_word' id='word_1_1001' title='bbox 3170 5063 3521 5103; x_wconf 53' lang='lat' dir='ltr'>consensu»</span> <span class='ocrx_word' id='word_1_1002' title='bbox 3549 5047 3819 5102; x_wconf 84' lang='lat' dir='ltr'>animad-</span> 
     </span>
    </p>
   </div>
   <div class='ocr_carea' id='block_1_143' title="bbox 2171 5047 3823 5123">
    <p class='ocr_par' dir='ltr' id='par_1_143' title="bbox 2171 5047 3823 5123">
     <span class='ocr_line' id='line_1_146' title="bbox 2171 5047 3823 5123; baseline -0.002 -17"><span class='ocrx_word' id='word_1_1003' title='bbox 2171 5047 2386 5123; x_wconf 76' lang='lat' dir='ltr'>parari,</span> <span class='ocrx_word' id='word_1_1004' title='bbox 2403 5047 2502 5106; x_wconf 86' lang='lat' dir='ltr'>sed</span> <span class='ocrx_word' id='word_1_1005' title='bbox 2529 5047 2757 5105; x_wconf 83' lang='lat' dir='ltr'>tantum</span> <span class='ocrx_word' id='word_1_1006' title='bbox 2782 5067 2850 5105; x_wconf 89' lang='lat' dir='ltr'>ex</span> <span class='ocrx_word' id='word_1_1007' title='bbox 2881 5053 3086 5123; x_wconf 87' lang='lat' dir='ltr'>mutuo</span> <span class='ocrx_word' id='word_1_1008' title='bbox 3109 5070 3139 5098; x_wconf 75' lang='grc' dir='ltr'><strong>α</strong></span> <span class='ocrx_word' id='word_1_1009' title='bbox 3170 5063 3521 5123; x_wconf 76' lang='lat' dir='ltr'>_consensu,-</span> <span class='ocrx_word' id='word_1_1010' title='bbox 3549 5047 3823 5123; x_wconf 73' lang='lat' dir='ltr'>animad-</span> 
     </span>
    </p>
   </div>
   <div class='ocr_carea' id='block_1_144' title="bbox 2172 5117 3821 5194">
    <p class='ocr_par' dir='ltr' id='par_1_144' title="bbox 2172 5117 3821 5194">
     <span class='ocr_line' id='line_1_147' title="bbox 2172 5117 3821 5194; baseline -0.001 -18"><span class='ocrx_word' id='word_1_1011' title='bbox 2172 5117 2348 5188; x_wconf 76' lang='lat' dir='ltr'>verte,</span> <span class='ocrx_word' id='word_1_1012' title='bbox 2370 5138 2586 5194; x_wconf 70' lang='lat' dir='ltr'>quasso.</span> <span class='ocrx_word' id='word_1_1013' title='bbox 2611 5139 2682 5176; x_wconf 92' lang='lat' dir='ltr'>an</span> <span class='ocrx_word' id='word_1_1014' title='bbox 2715 5123 2850 5176; x_wconf 89' lang='lat' dir='ltr'>inde</span> <span class='ocrx_word' id='word_1_1015' title='bbox 2874 5121 3008 5189; x_wconf 88' lang='lat' dir='ltr'>jure</span> <span class='ocrx_word' id='word_1_1016' title='bbox 3040 5119 3248 5194; x_wconf 81' lang='lat' dir='ltr'>merito</span> <span class='ocrx_word' id='word_1_1017' title='bbox 3280 5119 3469 5190; x_wconf 89' lang='lat' dir='ltr'>possit</span> <span class='ocrx_word' id='word_1_1018' title='bbox 3498 5117 3695 5190; x_wconf 90' lang='lat' dir='ltr'>colligi</span> <span class='ocrx_word' id='word_1_1019' title='bbox 3729 5135 3821 5194; x_wconf 81' lang='lat' dir='ltr'>so-</span> 
     </span>
    </p>
   </div>
   <div class='ocr_carea' id='block_1_145' title="bbox 2175 5191 3824 5260">
    <p class='ocr_par' dir='ltr' id='par_1_145' title="bbox 2175 5191 3824 5260">
     <span class='ocr_line' id='line_1_148' title="bbox 2175 5191 3824 5260; baseline -0.002 -10"><span class='ocrx_word' id='word_1_1020' title='bbox 2175 5195 2290 5250; x_wconf 87' lang='lat' dir='ltr'>lam</span> <span class='ocrx_word' id='word_1_1021' title='bbox 2355 5191 2754 5249; x_wconf 82' lang='lat' dir='ltr'>fornicationis</span> <span class='ocrx_word' id='word_1_1022' title='bbox 2805 5209 3042 5248; x_wconf 90' lang='lat' dir='ltr'>causam</span> <span class='ocrx_word' id='word_1_1023' title='bbox 3093 5192 3162 5246; x_wconf 88' lang='lat' dir='ltr'>ad</span> <span class='ocrx_word' id='word_1_1024' title='bbox 3209 5206 3444 5246; x_wconf 91' lang='lat' dir='ltr'>uxorem</span> <span class='ocrx_word' id='word_1_1025' title='bbox 3495 5191 3824 5260; x_wconf 84' lang='lat' dir='ltr'>quomodo-</span> 
     </span>
    </p>
   </div>
   <div class='ocr_carea' id='block_1_146' title="bbox 2173 5261 3822 5338">
    <p class='ocr_par' dir='ltr' id='par_1_146' title="bbox 2173 5261 3822 5338">
     <span class='ocr_line' id='line_1_149' title="bbox 2173 5261 3822 5338; baseline -0.003 -17"><span class='ocrx_word' id='word_1_1026' title='bbox 2173 5283 2405 5338; x_wconf 86' lang='lat' dir='ltr'>cunque</span> <span class='ocrx_word' id='word_1_1027' title='bbox 2437 5265 2852 5338; x_wconf 80' lang='lat' dir='ltr'>dimittendum</span> <span class='ocrx_word' id='word_1_1028' title='bbox 2886 5264 2943 5338; x_wconf 89' lang='lat' dir='ltr'>in</span> <span class='ocrx_word' id='word_1_1029' title='bbox 2967 5261 3279 5335; x_wconf 87' lang='lat' dir='ltr'>Evangelio</span> <span class='ocrx_word' id='word_1_1030' title='bbox 3309 5262 3438 5319; x_wconf 88' lang='lat' dir='ltr'>ideo</span> <span class='ocrx_word' id='word_1_1031' title='bbox 3473 5263 3822 5338; x_wconf 74' lang='lat' dir='ltr'>memorari;</span> 
     </span>
    </p>
   </div>
   <div class='ocr_carea' id='block_1_147' title="bbox 2173 5333 3822 5408">
    <p class='ocr_par' dir='ltr' id='par_1_147' title="bbox 2173 5333 3822 5408">
     <span class='ocr_line' id='line_1_150' title="bbox 2173 5333 3822 5408; baseline -0.003 -16"><span class='ocrx_word' id='word_1_1032' title='bbox 2173 5333 2324 5408; x_wconf 71' lang='lat' dir='ltr'>quia</span> <span class='ocrx_word' id='word_1_1033' title='bbox 2343 5337 2414 5393; x_wconf 92' lang='lat' dir='ltr'>ob</span> <span class='ocrx_word' id='word_1_1034' title='bbox 2456 5353 2584 5392; x_wconf 90' lang='lat' dir='ltr'>eam</span> <span class='ocrx_word' id='word_1_1035' title='bbox 2634 5335 2820 5392; x_wconf 91' lang='lat' dir='ltr'>solam</span> <span class='ocrx_word' id='word_1_1036' title='bbox 2869 5335 2957 5390; x_wconf 87' lang='lat' dir='ltr'>vir</span> <span class='ocrx_word' id='word_1_1037' title='bbox 3004 5333 3243 5408; x_wconf 66' lang='lat' dir='ltr'>uxorem</span> <span class='ocrx_word' id='word_1_1038' title='bbox 3297 5350 3490 5398; x_wconf 89' lang='lat' dir='ltr'>suam,</span> <span class='ocrx_word' id='word_1_1039' title='bbox 3525 5333 3822 5402; x_wconf 87' lang='lat' dir='ltr'>adulterii,</span> 
     </span>
    </p>
   </div>
   <div class='ocr_carea' id='block_1_148' title="bbox 2174 5405 3823 5476">
    <p class='ocr_par' dir='ltr' id='par_1_148' title="bbox 2174 5405 3823 5476">
     <span class='ocr_line' id='line_1_151' title="bbox 2174 5405 3823 5476; baseline -0.002 -12"><span class='ocrx_word' id='word_1_1040' title='bbox 2174 5405 2357 5470; x_wconf 86' lang='lat' dir='ltr'>ream,</span> <span class='ocrx_word' id='word_1_1041' title='bbox 2379 5408 2552 5464; x_wconf 85' lang='lat' dir='ltr'>etiam</span> <span class='ocrx_word' id='word_1_1042' title='bbox 2576 5408 3014 5472; x_wconf 88' lang='lat' dir='ltr'>reclamantem,</span> <span class='ocrx_word' id='word_1_1043' title='bbox 3038 5405 3284 5460; x_wconf 88' lang='lat' dir='ltr'>invitam</span> <span class='ocrx_word' id='word_1_1044' title='bbox 3312 5411 3369 5459; x_wconf 88' lang='lat' dir='ltr'>et</span> <span class='ocrx_word' id='word_1_1045' title='bbox 3393 5413 3823 5476; x_wconf 83' lang='lat' dir='ltr'>repugnantem</span> 
     </span>
    </p>
   </div>
   <div class='ocr_carea' id='block_1_149' title="bbox 2173 5476 3825 5551">
    <p class='ocr_par' dir='ltr' id='par_1_149' title="bbox 2173 5476 3825 5551">
     <span class='ocr_line' id='line_1_152' title="bbox 2173 5476 3825 5551; baseline -0.002 -16"><span class='ocrx_word' id='word_1_1046' title='bbox 2173 5481 2471 5535; x_wconf 89' lang='lat' dir='ltr'>dimittere</span> <span class='ocrx_word' id='word_1_1047' title='bbox 2504 5484 2750 5551; x_wconf 89' lang='lat' dir='ltr'>poterat.</span> <span class='ocrx_word' id='word_1_1048' title='bbox 2783 5480 2886 5535; x_wconf 91' lang='lat' dir='ltr'>Sed</span> <span class='ocrx_word' id='word_1_1049' title='bbox 2918 5480 2988 5534; x_wconf 92' lang='lat' dir='ltr'>de</span> <span class='ocrx_word' id='word_1_1050' title='bbox 3025 5478 3135 5534; x_wconf 88' lang='lat' dir='ltr'>hac</span> <span class='ocrx_word' id='word_1_1051' title='bbox 3174 5476 3494 5548; x_wconf 61' lang='lat' dir='ltr'>quaestione</span> <span class='ocrx_word' id='word_1_1052' title='bbox 3525 5476 3668 5533; x_wconf 89' lang='lat' dir='ltr'>alibi</span> <span class='ocrx_word' id='word_1_1053' title='bbox 3701 5478 3825 5532; x_wconf 88' lang='lat' dir='ltr'>dis-</span> 
     </span>
    </p>
   </div>
   <div class='ocr_carea' id='block_1_150' title="bbox 2177 5553 2610 5624">
    <p class='ocr_par' dir='ltr' id='par_1_150' title="bbox 2177 5553 2610 5624">
     <span class='ocr_line' id='line_1_153' title="bbox 2177 5553 2610 5624; baseline 0 -17"><span class='ocrx_word' id='word_1_1054' title='bbox 2177 5553 2514 5624; x_wconf 88' lang='lat' dir='ltr'>putavimus</span> <span class='ocrx_word' id='word_1_1055' title='bbox 2545 5553 2610 5607; x_wconf 82' lang='grc' dir='ltr'>³ο.</span> 
     </span>
    </p>
   </div>
   <div class='ocr_carea' id='block_1_151' title="bbox 3228 5689 3824 5764">
    <p class='ocr_par' dir='ltr' id='par_1_151' title="bbox 3228 5689 3824 5764">
     <span class='ocr_line' id='line_1_154' title="bbox 3228 5689 3824 5764; baseline 0.003 -20"><span class='ocrx_word' id='word_1_1056' title='bbox 3228 5707 3284 5764; x_wconf 89' lang='lat' dir='ltr'>p.</span> <span class='ocrx_word' id='word_1_1057' title='bbox 3329 5689 3458 5764; x_wconf 54' lang='lat'>29},</span> <span class='ocrx_word' id='word_1_1058' title='bbox 3535 5691 3824 5746; x_wconf 66' lang='lat' dir='ltr'>“Strom.</span> 
     </span>
    </p>
   </div>
   <div class='ocr_carea' id='block_1_152' title="bbox 419 5761 2053 5836">
    <p class='ocr_par' dir='ltr' id='par_1_152' title="bbox 419 5761 2048 5836">
     <span class='ocr_line' id='line_1_155' title="bbox 419 5761 2048 5836; baseline -0.001 -12"><span class='ocrx_word' id='word_1_1059' title='bbox 419 5768 456 5825; x_wconf 93' lang='lat' dir='ltr'>l.</span> <span class='ocrx_word' id='word_1_1060' title='bbox 493 5787 555 5832; x_wconf 81' lang='grc' dir='ltr'>ιι,</span> <span class='ocrx_word' id='word_1_1061' title='bbox 591 5785 646 5836; x_wconf 92' lang='lat' dir='ltr'>p.</span> <span class='ocrx_word' id='word_1_1062' title='bbox 681 5767 802 5820; x_wconf 88' lang='lat'>424.</span> <span class='ocrx_word' id='word_1_1063' title='bbox 881 5767 925 5802; x_wconf 83' lang='grc'>²⁶</span> <span class='ocrx_word' id='word_1_1064' title='bbox 957 5761 1098 5823; x_wconf 80' lang='lat' dir='ltr'>ibid.</span> <span class='ocrx_word' id='word_1_1065' title='bbox 1173 5768 1216 5801; x_wconf 73' lang='grc'>³⁷</span> <span class='ocrx_word' id='word_1_1066' title='bbox 1247 5767 1390 5823; x_wconf 91' lang='lat' dir='ltr'>ibid.</span> <span class='ocrx_word' id='word_1_1067' title='bbox 1471 5767 1514 5802; x_wconf 71' lang='grc'>³⁸</span> <span class='ocrx_word' id='word_1_1068' title='bbox 1543 5761 1758 5824; x_wconf 88' lang='lat' dir='ltr'>Strom.</span> <span class='ocrx_word' id='word_1_1069' title='bbox 1792 5765 1832 5825; x_wconf 91' lang='lat' dir='ltr'>l.</span> <span class='ocrx_word' id='word_1_1070' title='bbox 1866 5783 1949 5835; x_wconf 80' lang='grc' dir='ltr'>ιιι,</span> <span class='ocrx_word' id='word_1_1071' title='bbox 1995 5782 2048 5836; x_wconf 87' lang='lat' dir='ltr'>p.</span> 
     </span>
    </p>
   </div>
   <div class='ocr_carea' id='block_1_153' title="bbox 2167 5761 3825 5836">
    <p class='ocr_par' dir='ltr' id='par_1_153' title="bbox 2167 5761 3825 5835">
     <span class='ocr_line' id='line_1_156' title="bbox 2167 5761 3825 5835; baseline -0.002 -16"><span class='ocrx_word' id='word_1_1072' title='bbox 2167 5765 2207 5822; x_wconf 80' lang='lat'>3.</span> <span class='ocrx_word' id='word_1_1073' title='bbox 2285 5765 2330 5800; x_wconf 76' lang='grc'>²⁹</span> <span class='ocrx_word' id='word_1_1074' title='bbox 2361 5765 2607 5833; x_wconf 90' lang='lat' dir='ltr'>Tertul.,</span> <span class='ocrx_word' id='word_1_1075' title='bbox 2641 5765 2678 5822; x_wconf 95' lang='lat' dir='ltr'>l.</span> <span class='ocrx_word' id='word_1_1076' title='bbox 2714 5783 2731 5820; x_wconf 80' lang='grc' dir='ltr'>ι</span> <span class='ocrx_word' id='word_1_1077' title='bbox 2765 5765 2848 5819; x_wconf 85' lang='lat' dir='ltr'>Ad</span> <span class='ocrx_word' id='word_1_1078' title='bbox 2885 5781 3072 5830; x_wconf 89' lang='lat' dir='ltr'>uxor.,</span> <span class='ocrx_word' id='word_1_1079' title='bbox 3106 5779 3155 5820; x_wconf 90' lang='lat' dir='ltr'>c.</span> <span class='ocrx_word' id='word_1_1080' title='bbox 3188 5761 3247 5818; x_wconf 72' lang='grc' dir='ltr'>ϋῖ</span> <span class='ocrx_word' id='word_1_1081' title='bbox 3321 5763 3366 5799; x_wconf 85' lang='grc' dir='ltr'>³ο</span> <span class='ocrx_word' id='word_1_1082' title='bbox 3398 5761 3500 5818; x_wconf 88' lang='lat' dir='ltr'>lib.</span> <span class='ocrx_word' id='word_1_1083' title='bbox 3532 5779 3552 5818; x_wconf 79' lang='grc' dir='ltr'><strong>ι</strong></span> <span class='ocrx_word' id='word_1_1084' title='bbox 3581 5767 3825 5835; x_wconf 79' lang='lat' dir='ltr'>Appar.,</span> 
     </span>
    </p>
   </div>
   <div class='ocr_carea' id='block_1_154' title="bbox 414 5839 1000 5910">
    <p class='ocr_par' dir='ltr' id='par_1_154' title="bbox 414 5839 1000 5910">
     <span class='ocr_line' id='line_1_157' title="bbox 414 5839 1000 5910; baseline -0.003 -12"><span class='ocrx_word' id='word_1_1085' title='bbox 414 5841 650 5902; x_wconf 89' lang='lat' dir='ltr'>dissert.</span> <span class='ocrx_word' id='word_1_1086' title='bbox 683 5839 736 5910; x_wconf 86' lang='lat'>4,</span> <span class='ocrx_word' id='word_1_1087' title='bbox 767 5843 878 5896; x_wconf 91' lang='lat' dir='ltr'>art.</span> <span class='ocrx_word' id='word_1_1088' title='bbox 911 5839 1000 5896; x_wconf 87' lang='grc'>24.</span> 
     </span>
    </p>
   </div>
  </div>
