4130 6194
320 282 452 337 1181

888 405 1143 463 ARTICU
1152 409 1280 462 LUS
1300 407 1389 463 ιν.

390 513 470 564 De
520 514 782 580 perpetuo
837 505 1184 632 virginitati:
1213 510 1266 561 et
1311 507 1662 563 continentiae
1714 512 1862 563 statu
1916 517 1967 563 et

1070 594 1136 632 vo
1165 594 1214 632 ο.

1070 594 1214 633 υοιο.

389 698 688 766 Perpetuis
723 693 1091 749 continentiae
1109 698 1166 749 et
1183 697 1240 749 et
1270 693 1558 766 castitatis
1578 709 1643 766 ac
1669 693 1966 749 caelibatus

316 765 542 822 statum
569 782 684 820 non
710 767 908 820 minus
930 782 1104 836 quam
1125 765 1844 837 matrimoniumClemens
1865 784 1965 837 ap-

315 839 531 910 probat
555 842 612 892 et
643 835 1037 910 commendat.
1068 837 1201 892 Jam
1226 837 1382 891 enim
1407 837 1478 891 ab
1511 835 1608 910 illo
1631 835 1966 910 audivimus

317 908 764 980 matrimonium
797 908 1108 980 Scriptura:
1135 925 1309 980 sacra:
1342 909 1685 964 auctoritate
1715 908 1962 964 consuli.

315 985 389 1036 At
416 982 468 1036 si
500 981 572 1034 ab
605 979 706 1034 illa
736 979 968 1052 tantum
1003 979 1336 1052 consulitur
1366 983 1423 1034 et
1455 996 1567 1034 non
1602 979 1964 1052 praecipitur,

315 1068 435 1108 non
471 1052 668 1106 minus
701 1051 1058 1123 virginitatis
1085 1057 1143 1106 et
1164 1051 1468 1106 celibatus
1501 1051 1676 1121 quam
1707 1051 1964 1123 conjugii

312 1123 741 1196 professionem
776 1122 1051 1196 amplecti
1085 1123 1649 1196 cuilibetintegrum
1685 1122 1965 1196 piumque

315 1194 552 1251 est.Sed
579 1195 945 1265 argumentis
969 1194 1212 1248 minime
1237 1194 1966 1265 indigemus,quandoqui-

311 1267 474 1330 dem,
507 1265 608 1320 ubi
638 1265 908 1320 Clemens
957 1265 1348 1320 disertissime
1378 1266 1781 1336 pronuntiavit
1832 1267 1965 1320 uni-

315 1337 535 1407 cuique
566 1337 623 1391 in
655 1352 743 1404 eo,
777 1353 950 1407 quem
983 1337 1163 1406 eligit,
1197 1337 1318 1391 sive
1350 1336 1628 1408 conjugii,
1663 1337 1784 1391 sive
1811 1337 1964 1392 caeli-

317 1408 498 1480 batus
530 1412 680 1462 statu
715 1424 840 1463 esse
872 1409 1366 1480 perseverandum
1390 1408 1431 1442 ³¹
1461 1423 1474 1462 :
1513 1433 1532 1454 ι
1571 1408 1962 1480 Propositum,

316 1479 535 1549 inquit,
599 1479 914 1550 uniusque,
945 1484 1064 1533 tam
1125 1480 1254 1548 ejus
1294 1480 1393 1550 qui
1454 1495 1514 1534 se
1572 1479 1852 1534 castravit
1909 1483 1966 1534 et

317 1552 423 1621 qui
476 1567 687 1605 rursus
718 1556 953 1622 propter
1001 1550 1322 1605 liberorum
1364 1550 1826 1622 procreationem
1872 1567 1965 1605 se-

317 1623 518 1693 ipsum
581 1621 885 1692 conjunxit
913 1622 1312 1684 matrimonio,
1341 1621 1514 1677 debet
1551 1638 1964 1693 perseverare,

319 1692 704 1765 nongcedens
748 1700 804 1748 et
853 1692 1566 1765 acquiescenseihquod
1628 1700 1714 1748 est
1771 1692 1966 1748 minus

321 1781 389 1820 ac
451 1763 718 1819 interius.
753 1786 782 1814 »
843 1751 958 1819 Nec
1013 1763 1193 1819 semel
1254 1763 1309 1817 id
1338 1751 1575 1818 'dixisse
1634 1751 2047 1828 contentus,B

318 1836 480 1918 idem
516 1835 689 1918 paulo
733 1842 1008 1918 postpon
1043 1836 1239 1914 minus
1288 1835 1595 1918 perspicue
1627 1835 1835 1907 repetit
1872 1836 1919 1870 ³³
1952 1852 1966 1892 :

326 1928 356 1957 ι(
389 1905 608 1962 Omnes
661 1905 944 1978 Ap’ostoli,
993 1905 1303 1977 inquiens,
1344 1905 1617 1978 Epistolas
1779 1949 1791 1962 .
1837 1947 1849 1959 .
1895 1948 1906 1960 .
1954 1947 1969 1962 .

320 1983 646 2048 utrumque
679 1976 1030 2043 admittunt,
1062 1976 1119 2032 et
1149 1993 1284 2032 eum
1311 1978 1414 2048 qui
1449 1976 1563 2032 Deo
1586 1979 1811 2047 agendo
1843 1993 1972 2048 gra-

320 2048 440 2120 tias
471 2049 772 2120 moderate
822 2048 1007 2104 utitur
1050 2049 1443 2120 matrimonio,
1479 2052 1534 2102 et
1577 2065 1708 2120 eum
1744 2051 1864 2120 qui,
1910 2053 1973 2103 ut

322 2118 455 2174 vult
485 2119 792 2187 Dominus,
823 2120 969 2175 vivit
999 2120 1056 2175 in
1079 2121 1366 2187 castitate,
1390 2118 1669 2190 εὐνουχίᾳ,
1692 2118 1975 2190 quemad-

329 2137 455 2174 vuu.
485 2137 792 2187 uominus,
823 2137 969 2175 vivnt
999 2137 1056 2175 in
1079 2137 1366 2187 castitate,
1390 2137 1669 2245 ευνουῖῗιᾳ,
1692 2137 1975 2190 quemad-

329 2191 582 2264 modum
611 2195 852 2248 vocatus
886 2197 975 2247 est
1007 2191 1548 2262 unusquisque,ino
1598 2208 1735 2246 ense
1771 2196 1827 2248 et
1857 2208 1978 2264 per-

327 2265 479 2334 fecte
511 2261 759 2334 eligens.
794 2284 821 2310 ››

403 2331 858 2404 Visne—aliquid
929 2333 1267 2404 expressius
1311 2332 1338 2386 ?
1391 2331 1694 2404 Ausculta,
1753 2348 1974 2404 quaeso,

321 2403 441 2471 ipsi
482 2405 674 2476 adhuc
706 2403 775 2460 ex
821 2403 1085 2476 ejusdem
1119 2404 1430 2476 scripturis
1462 2403 1805 2459 auctoritate
1853 2403 1973 2458 dis-

324 2475 562 2546 putanti
587 2476 662 2530 3':
685 2499 713 2525 ‹‹
735 2476 962 2531 Rursus
977 2475 1119 2530 dicit
1145 2475 1432 2530 Dominus
1453 2491 1466 2530 :
1490 2476 1592 2539 Qui
1616 2491 1853 2531 uxorem
1873 2476 1975 2530 du-

323 2546 434 2619 xit,
491 2563 562 2619 ne
593 2546 880 2619 expellat;
915 2552 974 2619 et
1032 2547 1363 2619 nonduxit,
1407 2562 1480 2619 ne
1537 2547 1732 2602 ducat.
1765 2546 1826 2602 Ὁ
1877 2565 1975 2600 κα-

323 2615 396 2692 ιξά
425 2615 683 2692 πρόβεσιῦ
718 2616 1006 2692 εὐγουχίας
1035 2615 1388 2692 ὁμολογήσας
1419 2618 1498 2692 μή
1529 2623 1732 2692 γῆμαι,
1765 2619 1974 2692 ἄγαμος

325 2686 652 2759 διαμενέτω.
687 2690 797 2756 Qui
827 2686 1980 2761 ex'propOsito'castitatis'professus'est

323 2777 566 2816 uxorem
598 2778 711 2817 non
737 2763 973 2828 ducere,
999 2767 1233 2815 maneat
1253 2761 1481 2816 caelebs.
1517 2784 1545 2810 ››
1572 2761 1816 2816 Videant
1838 2776 1979 2816 sano

322 2838 596 2887 votorum
647 2832 940 2888 castitatis
972 2837 1029 2887 et
1082 2832 1474 2898 continentiae,
1511 2849 1544 2886 a
1575 2831 1878 2887 monachis
1926 2837 1980 2887 et

326 2903 624 2974 religiosis
656 2903 795 2959 viris
818 2903 1194 2973 amissorum,
1219 2920 1420 2960 osores
1443 2903 1584 2974 quid
1609 2909 1810 2959 contra
1830 2903 1981 2958 hanc

325 2973 551 3030 claram
586 2979 643 3030 et
689 2980 953 3045 apertam
988 2974 1309 3030 Clementis
1349 2973 1531 3031 nostri
1580 2974 1976 3030 definitionem

325 3045 416 3102 vel
450 3045 773 3116 obgannire
801 3046 893 3101 vel
923 3045 1137 3101 latrare
1169 3045 1423 3102 valeant.
1445 3045 1591 3110 Quid
1627 3046 1780 3116 enim
1821 3047 1980 3116 inter

1585 285 1680 338 DE
1719 284 1954 340 LIBRIS
1988 284 2458 340 STROMATUM.

3585 283 3726 337 1182

1991 411 2044 478 Α
2079 408 2322 493 tionem,
2355 425 2486 492 quae
2516 409 2756 493 aﬁ'crtuﬁr
2787 427 2888 493 per
2917 408 3361 493 ﬁlios.uxo‘rem,
3393 411 3450 465 et
3480 407 3729 493 famulos

2084 485 2142 538 et
2174 482 2602 555 possessiones.
2639 506 2666 531 ››
2699 482 2808 546 Qui
2841 499 2978 555 ergo
3011 482 3303 555 connubio
3341 482 3586 555 junctus
3619 487 3728 555 est,

2081 562 2133 609 et
2175 551 2567 636 insurgentes
2619 555 2878 636 undique
2907 551 2974 609 ex
3023 554 3182 636 ﬁliis,
3216 571 3426 636 uxore,
3468 551 3727 633 famulis,

2085 623 2563 696 possessionibus
2596 623 2974 690 tentationes,
2996 644 3029 680 a
3057 626 3158 681 Dei
3184 625 3467 680 charitate
3492 623 3732 696 minime

2081 694 2352 751 divulsus
2381 706 2435 752 et
2469 697 2812 766 distractus,
2847 698 3165 766 superavit,
3209 697 3256 750 is
3290 696 3458 750 alteri
3487 695 3728 765 virgini-

2081 773 2260 824 tatem
2310 768 2763 839 czslibatumque
2798 766 3090 840 profitenti
3143 785 3175 823 a
3207 766 3499 822 Clemente
3530 773 3729 821 nostro

2079 841 2474 910 anteponitur.

2152 908 2262 966 Sed
2297 911 2397 982 qui
2432 912 2510 966 ita
2542 909 3073 982 argumentabitur,
3107 908 3204 964 ille
3232 909 3498 982 animum
3530 908 3600 962 ad
3659 922 3728 982 ea

2079 978 2341 1064 advertat
2371 999 2497 1064 ques
2529 978 2796 1038 Clemens
2829 982 3192 1064 continenter
3223 980 3566 1064 subjunxit:
3603 1000 3630 1025 ‹‹
3664 978 3726 1032 Εἰ

2080 1057 2276 1108 autem
2311 1052 2411 1124 qui
2434 1054 2677 1108 domum
2712 1069 2825 1107 non
2861 1052 3058 1122 habet,
3084 1069 3299 1123 magna
3321 1068 3386 1105 ex
3413 1055 3575 1124 parte
3598 1066 3726 1104 eve-

2081 1124 2188 1189 nit,
2226 1132 2289 1178 ut
2321 1121 2437 1178 non
2469 1130 2744 1180 tentetur.
2779 1125 2884 1187 Qui
2918 1141 3054 1195 ergo
3085 1121 3590 1178 suiisolum’modo
3621 1137 3727 1195 cu—

2082 1212 2205 1276 ram
2238 1195 2411 1276 gerit,
2440 1195 2694 1250 vincitur
2716 1197 2788 1276 ab
2823 1212 2910 1262 eo,
2935 1193 3029 1276 qui
3064 1211 3192 1250 cum
3222 1196 3298 1276 sit
3328 1193 3728 1276 inferior‘qu‘i-

2080 1261 2302 1338 dem,in
2337 1261 2556 1338 iisquae
2588 1267 2880 1338 pertinent
2900 1261 2971 1321 ad
2995 1283 3163 1320 suam
3193 1267 3437 1338 salutem
3471 1261 3606 1316 κατὰ
3625 1263 3724 1338 τὴν

2080 1337 2271 1412 ἑαυτοῦ
2331 1336 2625 1412 σωτῂρίᾳρ,
2686 1339 2953 1412 superior
3001 1342 3197 1412 autem
3227 1337 3286 1390 in
3345 1337 3437 1402 iis,
3472 1352 3596 1406 qua:
3649 1336 3721 1389 ad

2077 1409 2206 1464 vitae
2237 1409 2504 1481 spectant.
2529 1409 3054 1480 dispensationem,
3088 1409 3353 1481 exiguam
3379 1423 3728 1481 reveraeon-

2080 1478 2644 1551 servat'imaginem,
2677 1481 2938 1536 veritatis
2972 1478 3353 1551 providentia.
3386 1499 3410 1530 ι
3448 1478 3719 1551 Caelibem

2079 1551 2264 1623 igitur
2301 1552 2357 1606 in
2392 1550 2464 1607 iis
2495 1555 2750 1617 tantum,
2787 1569 2912 1622 qua:
2945 1550 3012 1606 ad
3047 1554 3197 1617 vitae,
3232 1551 3340 1605 hoc
3371 1557 3481 1617 est,
3514 1550 3725 1623 domus

2079 1622 2137 1678 et
2215 1623 2450 1678 familia:
2564 1623 3066 1694 dispensationem
3155 1629 3443 1694 spectant,
3519 1622 3721 1694 conju-

2078 1694 2253 1764 gibus
2312 1693 2672 1750 inferiorcm’
2710 1711 2838 1749 esse
2866 1695 3143 1748 afﬁrmat.
3197 1693 3277 1748 At
3311 1693 3466 1747 hunc
3519 1693 3721 1764 ipsum

2081 1762 2507 1820 tentationibus
2563 1766 2761 1820 minus
2833 1765 3175 1831 obnoxium,
3233 1770 3408 1834 atque
3463 1763 3607 1816 adeo
3663 1762 3720 1815 in

2079 1838 2174 1904 iis,
2233 1854 2362 1906 quae
2393 1837 2462 1892 ad
2497 1836 2746 1891 salutem
2781 1837 3053 1901 attinent,
3086 1835 3440 1906 conjugibus
3485 1837 3723 1888 conten-

2082 1909 2167 1963 dit
2186 1924 2315 1962 esse
2345 1909 2730 1980 superiorem.
2762 1907 2940 1962 Nemo
2959 1913 3169 1980 autem
3203 1907 3272 1960 de
3304 1906 3399 1980 iis,
3433 1922 3558 1980 qua;
3591 1909 3722 1958 ten-

2085 1981 2362 2036 tationem
2421 1975 2722 2034 removent
2753 1978 3032 2048 pericula,
3064 1985 3120 2033 et
3176 1995 3302 2048 quae
3335 1978 3406 2032 ad
3453 1975 3720 2031 salutem

2084 2051 2274 2116 magis
2331 2051 2688 2115 conducunt,
2728 2056 2860 2105 vota
2914 2051 3036 2105 ﬁeri
3072 2066 3238 2120 posse
3288 2050 3425 2119 jure
3458 2062 3725 2119 unquam

2084 2122 2291 2176 merito
2324 2121 2581 2192 negabit.

2156 2187 2624 2264 Urgebis'tamen
2657 2190 3016 2264 Clementem
3049 2190 3161 2264 alio
3193 2191 3252 2246 in
3287 2191 3457 2264 libro,
3491 2187 3730 2264 ubivir-

2083 2257 2278 2336 ginem
2312 2280 2443 2318 cum
2475 2264 2653 2336 vidua
2683 2261 3004 2336 componit,
3038 2262 3258 2336 dixisse
3283 2262 3327 2296 ³⁸
3351 2277 3382 2336 :_
3410 2257 3553 2329 Ἤδη
3585 2257 3728 2316 τινὲς

2083 2331 2174 2407 ἰαὶ
2227 2339 2325 2402 τῆς
2375 2331 2643 2407 παρθένου
2694 2331 3032 2407 {qv—X1591»;
3093 2331 3168 2394 εἷς
3226 2331 3727 2407 ἐγκράτειαν-προ-

2082 2400 2377 2481 ιιτιὶίνουαι,Δ
2437 2400 3134 2481 ἑαταμεγαλοφέᾶἧῆσασαγ
3228 2400 3724 2481 ἧξξμῗῖεπείρᾴται

2084 2473 2312 2546 ἡδονῆς.
2344 2476 2504 2541 Quod
2535 2473 3087 2548 interpres‘Latinus
3119 2477 3198 2531 ita
3221 2475 3509 2548 reddidit:
3547 2473 3725 2548 «dum

2086 2545 2356 2604 nonnulli
2387 2566 2620 2674 quoque
2672 2545 2986 2620 prml‘erunt
3013 2548 3251 2603 viduam
3284 2547 3520 2618 virgini,
3571 2545 3727 2612 quod

2088 2620 2298 2674 attinet
2353 2638 2385 2674 a
2477 2621 2924 2674 continentiam.
2989 2624 3050 2672 ut
3079 2637 3203 2674 uuis
3259 2635 3434 2674 uuam
3491 2620 3727 2674 exncrta

2088 2620 2298 2676 attinet
2353 2620 2423 2674 ad
2477 2621 2924 2688 continentiam,
2989 2624 3050 2672 ut
3079 2637 3203 2687 quis
3259 2635 3434 2688 quam
3491 2620 3732 2685 experta

2087 2697 2176 2747 est
2206 2691 2601 2774 voluptatem,
2641 2708 2854 2774 magno
2881 2700 2941 2774 et
2970 2691 3197 2745 excelso
3229 2692 3424 2774 animo
3471 2695 3733 2766 contem-

2088 2763 2290 2836 pserit.
2327 2761 2360 2811 ›ἱ
2388 2763 2554 2833 Ergo,
2589 2761 2846 2836 inquies,
2877 2762 3146 2836 Clemens
3197 2761 3457 2836 viduam,
3492 2776 3618 2836 qua:
3650 2761 3737 2836 vi-

2089 2831 2221 2890 rum
2283 2831 2540 2906 experta,
2598 2831 2810 2906 virgini
2837 2832 3152 2906 praetulit.
3199 2831 3396 2906 Neque
3432 2831 3740 2906 patienter

2089 2908 2238 2962 teres
2296 2900 2400 2960 tibi
2461 2900 2801 2976 responderi
2835 2900 2895 2960 in
2939 2900 3364 2976 posterioribus
3421 2900 3736 2976 Clementi-

2090 2993 2300 3054 norum
2329 2972 2582 3054 operum
2613 2972 2977 3054 editionibus
3004 2994 3106 3047 pro
3131 2975 3275 3054 _illis
3304 2975 3522 3054 verbis,
3558 2997 3584 3054 ε(
3621 2972 3739 3054 vir-

2095 3048 2241 3121 gini,
2275 3045 2429 3121 quod
2477 3048 2690 3121 attinet
2721 3049 2792 3121 ad
2826 3045 3267 3121 continentiam,
3309 3047 3508 3121 {shaec
3557 3045 3741 3121 luisse

323 3114 557 3201 votum"
593 3117 907 3201 castitatis.
942 3123 1378 3201 nuncupantem
1415 3124 1491 3201 Oet.
1537 3115 1671 3201 and
1715 3114 1980 3201 πρέρ-εσιν
2015 3118 2056 3186 ρ
2095 3114 2439 3201 ξυδεῑὶὶριει.
2490 3144 2516 3170 ‹‹
2547 3119 3226 3201 virgini_incontinenti._
3255 3139 3278 3168 ι
3313 3117 3470 3200 Nihil
3521 3117 3739 3201 quippe

326 3187 626 3261 εὐνουχζας
651 3188 1078 3261 ὁμολογήσαντα
1101 3187 1463 3261 discriminis
1479 3187 1986 3261 intercedit?Nun-

317 3277 355 3332 q
376 3251 872 3332 uidfCIeménteni
897 3251 978 3332 de
1009 3277 1204 3316 errore
1237 3260 1433 3331 aliquo
1466 3260 1888 3332 postulabunt?
1917 3263 1990 3316 At

317 3331 410 3385 ibi
472 3331 572 3385 ille
653 3340 859 3387 contra
926 3331 1233 3387 haereticos
1304 3347 1371 3386 ex
1423 3331 1721 3386 cemmuni
1795 3338 1852 3386 et
1899 3348 1986 3387 re-

315 3405 502 3472 cepto
562 3402 840 3458 Ecclesia
875 3419 1040 3458 more
1069 3410 1125 3458 et
1153 3419 1264 3458 usu
1295 3403 1558 3458 dimicat.
1617 3403 1726 3459 Sed
1759 3403 1830 3458 de
1879 3402 1987 3458 hoc

317 3474 707 3546 continentiae
745 3479 801 3530 et
829 3474 1127 3546 virginum
1173 3477 1309 3546 voto
1341 3491 1375 3546 a
1407 3474 1576 3530 nobis
1619 3476 1741 3546 jam
1790 3479 1987 3531 actum

319 3549 422 3601 est
451 3543 750 3617 innostra
785 3546 856 3601 ad
889 3543 1182 3602 A‘mbrosii
1215 3547 1290 3602 De
1317 3543 1637 3617 virginibus
1658 3545 1838 3601 libros
1887 3547 1986 3601 ad-

321 3615 653 3672 monitione
686 3617 751 3674 ⁸⁸.

394 3686 800 3760 veruntamen
857 3685 1078 3760 aliquis
1108 3687 1365 3760 forsitan
1397 3686 1637 3757 objiciet
1665 3691 1890 3760 votum,
1926 3692 1990 3743 ut

317 3757 582 3830 theologi
640 3759 831 3822 aiunt,
869 3757 987 3814 non
1051 3775 1224 3830 posse
1257 3759 1368 3814 nisi
1402 3764 1642 3830 propter
1689 3759 1902 3814 melius
1934 3763 1990 3814 et

320 3830 644 3912 perfeetius
660 3831 966 3912 quoddam
989 3830 1218 3912 bonnm
1254 3847 1286 3885 a
1317 3831 1987 3912 qqequamnuncupari.

321 3900 507 3972 Atqui
535 3900 809 3958 Clemens
828 3902 1274 3957 matrimonium
1297 3900 1563 3957 caelibatu
1579 3910 1632 3957 et
1653 3900 1989 3971 virginitate

315 3973 698 4046 praestantius
757 3978 943 4046 atque
1003 3972 1382 4046 excellentius
1415 3973 1889 4046 essedecernit
1921 3974 1986 4026 ⁸⁸.

317 4043 348 4094 ἱ(
386 4044 495 4108 Qui
556 4045 713 4116 enim
773 4043 961 4116 fuerit
995 4045 1309 4116 perfectus,
1342 4067 1370 4094 ››
1411 4045 1488 4099 ita
1547 4044 1645 4098 ille
1701 4043 1984 4115 loquitur,

318 4136 349 4166 ι
382 4114 652 4186 exempla
687 4115 864 4171 habet
903 4114 1220 4183 apostolos,
1255 4121 1542 4186 etrevera
1559 4116 1650 4170 vir
1682 4114 1988 4186 probatur,

315 4203 440 4242 non
477 4187 535 4240 in
564 4185 635 4259 eo
669 4187 814 4259 201
857 4189 1042 4259 quod,
1070 4188 1248 4242 vitam
1282 4185 1524 4259 elegerit
1556 4185 1944 4259 monasticam
1972 4205 1986 4255 ;

314 4273 527 4312 verum
562 4258 662 4312 ille
693 4258 856 4330 viros
876 4257 1096 4328 'vincit,
1129 4259 1228 4330 qui
1265 4259 1321 4313 in
1358 4257 1733 4314 matrimonio
1765 4264 1821 4313 et
1851 4258 1992 4314 lihe-

318 4345 524 4384 rorum
560 4329 996 4402 procreatione,
1028 4335 1097 4402 et
1113 4329 1325 4385 demus
1348 4347 1488 4384 cura
1511 4347 1576 4384 ac
1603 4330 1990 4402 providentia,

318 4345 524 4384 rorum
560 4345 996 4453 procreauone,
1029 4345 1085 4384 et
1113 4345 1325 4385 oomus
1348 4347 1488 4384 cura
1511 4347 1576 4384 ac
1603 4345 1988 4402 provmenua,

316 4403 561 4472 citrarvo
591 4405 855 4472 uptatem
898 4405 956 4456 et
1009 4400 1265 4457 dolorem
1301 4418 1362 4457 se
1394 4407 1646 4466 exercet,
1678 4406 1733 4457 et
1764 4419 1895 4457 cum
1931 4402 1988 4456 in

2092 3195 2288 3246 Graeco
2318 3188 2845 3247 Clementis'textui
2878 3193 3068 3264 magis
3099 3189 3455 3246 contrarium
3489 3188 3735 3260 proferri

2137 3267 2340 3318 oterat.

2095 3281 2340 3336 peierat.

2165 3333 2445 3397 Quocirca
2467 3332 2703 3388 difﬁteri
2728 3334 2964 3404 quidem
2980 3350 3094 3388 non
3117 3347 3437 3404 possumus
3456 3330 3610 3404 hanc
3626 3327 3736 3404 _ho-

2096 3404 2343 3473 minum,
2376 3409 2601 3460 textum
2635 3399 2891 3460 auctoris
2921 3404 3011 3458 sui
3045 3399 3161 3458 tam
3196 3416 3466 3475 perverse
3507 3399 3737 3475 adulte—

2095 3472 2380 3546 rantium,
2411 3481 2512 3531 aut
2542 3475 2859 3541 inscitiam,
2879 3481 2980 3530 aut
3012 3472 3298 3538 fraudem,
3321 3475 3660 3546 malamque
3682 3472 3744 3524 (i-

2094 3549 2224 3602 dem
2257 3565 2290 3602 a
2320 3544 2554 3603 nemine
2587 3564 2754 3618 posse
2790 3563 3049 3617 unquam
3083 3547 3368 3618 excusari.
3403 3545 3512 3601 Sed
3543 3544 3744 3618 hi,ne-

2096 3635 2204 3686 que
2235 3619 2459 3690 primus
2475 3615 2649 3674 etiam
2675 3615 2917 3674 Latinus
2941 3618 3252 3690 interpres,
3275 3615 3589 3690 Clementis
3613 3631 3742 3690 sen-

2095 3687 2586 3766 sum'percepere.
2622 3691 2801 3766 Nobis
2823 3690 2977 3766 enim
3003 3687 3244 3766 hieesse
3264 3688 3530 3766 videtur:
3559 3687 3738 3766 «dam

2096 3777 2228 3816 vero
2265 3760 2554 3816 'nonnulli
2614 3762 2848 3816 viduam
2881 3763 2949 3816 ad
3009 3760 3254 3833 virginis
3313 3760 3732 3816 continentiam

2094 3833 2438 3896 extendunt,
2490 3838 2665 3903 utope
2696 3850 2822 3902 quas
2853 3833 3235 3903 voluptatem,
3268 3847 3447 3903 quam
3496 3833 3735 3903 experta

2096 3908 2204 3975 est,
2258 3919 2486 3958 summe
2543 3899 2850 3974 despiciat.
2886 3928 2913 3952 ››
2948 3899 3145 3975 Neque
3178 3899 3320 3975 sane
3351 3902 3528 3958 aliam
3560 3899 3743 3955 fuisse

2096 3973 2260 4030 illius
2315 3979 2592 4046 mentem,
2627 3973 2763 4031 inde
2815 3973 3078 4046 profecto
3111 3974 3356 4046 probare
3394 3988 3740 4046 possumus,

2097 4047 2251 4118 quod
2286 4046 2356 4100 ab
2416 4045 2512 4118 illo
2547 4045 2681 4101 alibi
2715 4039 2998 4118 scriptum
3025 4039 3241 4117 legitur
3271 4047 3354 4118 '7:
3389 4039 3449 4102 Ὁ
3480 4043 3583 4118 γὰρ
3627 4039 3744 4118 ἐπι-

2097 4115 2368 4192 ῥυ-μήσας,
2425 4116 2513 4192 καὶ
2572 4115 2863 4192 καεασχὼῆ
2918 4115 3133 4192 tamen,
3178 4117 3430 4192 ξαθοὶπερΔ
3479 4115 3513 4183 ἡ
3557 4115 3744 4186 χήρα,

2097 4185 2574 4262 διᾶξάωφροσύντος
2607 4185 2786 4252 abere"
2809 4189 3088 4261 παρθένος.
3119 4213 3145 4239 ‹‹
3179 4190 3284 4253 Qui
3341 4185 3497 4262 enim
3531 4185 3744 4240 concu-

2098 4260 2245 4332 pivit
2276 4259 2331 4316 et
2382 4261 2643 4333 seipeum
2675 4259 2986 4330 continuit,
3037 4263 3225 4333 instar
3255 4266 3344 4316 est
3372 4259 3581 4324 viduae,
3612 4273 3740 4333 qua:

2097 4326 2189 4388 est
2247 4326 2645 4406 rursus'virgo
2693 4351 2796 4406 per
2822 4326 3295 4406 temperantiam.
3356 4353 3382 4380 ›τ
3414 4333 3485 4385 At
3546 4326 3745 4406 nullus

2099 4407 2251 4458 certe
2284 4405 2410 4476 sani
2474 4399 2887 4476 capitis'hc-mo
2919 4399 3060 4476 inde
3116 4399 3745 4476 unquam_concludct

319 4471 564 4558 familiae
597 4470 864 4558 versetur
896 4473 1201 4558 curatione
1225 4471 1603 4558 ;jndivulsus
1627 4478 1821 4558 tamen
1845 4477 1934 4558 est
1955 4491 1988 4529 a
2017 4493 2064 4558 Ι)
2097 4478 2319 4558 statum
2345 4470 2700 4558 virginitatis
2725 4475 3103 4558 matrimonio
3135 4470 3236 4530 aut
3259 4472 3526 4528 viduitati
3549 4470 3619 4524 ab
3645 4485 3744 4524 au-

311 4543 416 4600 Dei
450 4543 757 4614 charitale,
792 4543 1172 4616 insurgitque
1203 4545 1486 4601 adversus
1518 4561 1752 4602 omnem
1789 4550 1985 4602 tenta-

2097 4550 2252 4603 ctore
2287 4551 2487 4603 nostro
2519 4548 2698 4603 fuisse
2732 4546 3143 4619 postpositum.

1709 4665 2110 4827 CAPIi-T
2168 4733 2327 4826 x1.

939 4877 1027 4934 De
1052 4873 1424 4936 Christianis
1453 4875 1734 4948 virtibus,
1769 4881 1831 4936 et
1861 4876 2235 4955 quibusdam
2267 4875 2764 4937 Christianorum
2799 4873 3098 4935 moribus.

901 5071 1312 5128 ARTICULUS
1346 5074 1387 5128 Ι.

313 5164 390 5219 De
417 5159 844 5226 cardinadibus,
879 5161 964 5233 uti
991 5160 1174 5222 aiunt,
1207 5162 1525 5226 virtutibus,
1559 5170 1722 5233 atque
1751 5163 1813 5217 in
1842 5178 1966 5233 prt-

385 5235 492 5288 mi:
520 5233 588 5287 de
642 5232 986 5308 continentia
1014 5235 1288 5308 servanda
1317 5238 1367 5290 et
1397 5232 1775 5305 impugnanda
1820 5232 1971 5290 volu-

387 5311 568 5377 ptale,
601 5304 904 5376 mortisque
934 5305 1308 5372 meditatione,

378 5429 465 5484 Ad
523 5445 874 5484 communes
905 5428 1180 5484 omnibus
1239 5428 1591 5485 Christianis
1621 5429 1868 5486 virtutes
1903 5437 1968 5487 ut

293 5501 428 5572 jam
508 5501 810 5572 venianus,
870 5501 1088 5572 primo,
1143 5501 1545 5555 adnotandum
1606 5507 1699 5572 est
1775 5503 1962 5557 virtu-

304 5571 426 5628 tem
461 5589 494 5626 a
524 5571 824 5627 Clemente
877 5571 1093 5627 alicubi
1126 5572 1357 5628 deliniri
1389 5573 1433 5607 ³⁸
1477 5588 1490 5628 :
1522 5572 1583 5628 ἸΙ
1616 5571 1780 5646 ἀρετή
1813 5573 1956 5641 αὐτή

386 5698 428 5733 δι
464 5696 502 5751 ι.
539 5713 620 5762 ιιι,
657 5715 712 5769 ρ.
747 5696 871 5770 459.
934 5697 995 5770 ξι
1059 5696 1239 5770 ibid.,_
1301 5715 1356 5770 p.
1397 5699 1520 5753 462.
1603 5699 1648 5734 ει
1689 5698 1860 5764 ibid.,

304 5767 416 5824 lib.
477 5785 578 5834 vn,
613 5767 672 5838 pi
723 5769 850 5824 741.
928 5769 973 5804 ³⁸
1003 5773 1194 5824 Strom
1227 5768 1266 5825 l;
1296 5767 1397 5838 iv,

1932 5715 1988 5768 p.
2025 5699 2148 5753 467.
2229 5701 2274 5734 ³⁸
2307 5704 2448 5755 tom.
2517 5701 2564 5754 ll
2597 5700 2791 5760 Amb.,

1458 5787 1514 5841 p.
1555 5771 1682 5825 469.
1762 5770 1804 5804 ³⁷
1859 5771 2074 5826 Strom.
2111 5771 2148 5824 l.
2183 5787 2283 5840 vn,

2084 5071 2321 5156 ξιάθεσξς
2374 5071 2706 5156 genitali];
2768 5073 3067 5156 σῷμφωνος
3100 5072 3202 5156 ὑτξρ
3232 5076 3330 5156 τοῦ
3387 5070 3558 5156 λόγου
3659 5091 3757 5156 περ

2083 5143 2216 5220 δλον
2245 5146 2336 5199 τὸν
2374 5145 2515 5220 βίον.
2536 5143 2573 5199 ’‹‹
2601 5143 2739 5217 ipsa
2765 5143 2952 5202 virtus
2984 5150 3076 5201 est
3107 5146 3338 5201 affectio
3392 5143 3604 5201 animae
3636 5143 3746 5198 sub

2087 5218 2337 5345 ἰαιβοὲἱο
2370 5218 2614 5275 rationis
2643 5237 2743 5292 per
2775 5225 2953 5275 totam
2989 5221 3168 5274 vitam
3201 5234 3536 5274 consonans
3567 5223 3622 5272 et
3655 5233 3752 5271 re-

2087 5307 2231 5345 snon
2281 5308 2466 5345 ens.»

2085 5307 2466 5346 εοοηαοηε.»

2120 5308 2564 5417 pgigiiiilsauiem
2600 5363 2672 5416 de
2692 5362 3017 5416 virtutibus
3043 5359 3384 5431 singulatim
3420 5358 3518 5412 ille
3539 5360 3754 5431 pertra-

2100 5439 2217 5487 ctat
2238 5434 2302 5493 3',
2336 5451 2460 5501 qua:
2494 5433 2730 5503 quidem
2783 5451 2913 5488 cum
2951 5429 3312 5492 facilia‘sint,
3346 5431 3418 5482 iis
3451 5429 3747 5503 explican-

2099 5504 2193 5558 dis
2252 5497 2395 5558 nihil
2432 5497 2668 5560 necesse
2699 5511 2782 5559 est
2819 5521 2922 5557 nos
2955 5504 3052 5557 diu
3088 5503 3408 5556 immorari.
3471 5497 3748 5554 Prmclare

2093 5574 2387 5646 siquidem
2413 5581 2466 5632 et
2499 5582 2769 5632 accurate
2792 5575 2996 5630 definit
3017 5582 3068 5628 et
3101 5573 3349 5643 explicat
3371 5571 3508 5642 quid
3530 5569 3604 5624 sit
3628 5569 3747 5640 pie-

2826 5715 2882 5769 p.
2948 5697 3056 5769 7142
3104 5701 3161 5751 et
3226 5713 3350 5766 seq.
3383 5765 3393 5769 _
3428 5693 3474 5728 ³⁸
3529 5696 3742 5769 Strom.

2340 5789 2395 5842 p.
2430 5772 2554 5824 742.
2635 5771 2676 5805 ³⁸
2737 5764 2910 5842 Pard,
2945 5768 2984 5823 l.
3024 5785 3132 5842 vii,
3156 5785 3282 5838 cap.
3311 5764 3468 5834 _ult.,
3528 5781 3584 5834 p.
3624 5764 3745 5816 136.

305 5841 356 5876 ⁸⁹
384 5840 602 5897 Strom.
637 5839 678 5895 l.
712 5856 776 5909 ιι,
811 5857 866 5913 p.
899 5839 1005 5895 304
1035 5845 1092 5896 et
1121 5847 1262 5912 seq:
1305 5839 1353 5896 l.
1394 5839 1475 5913 vr,
1509 5858 1567 5914 p.
1600 5841 1726 5908 662,
1761 5845 1817 5899 et
1848 5842 1886 5897 l.
1919 5857 2016 5913 vn,
2050 5857 2106 5912 p.
2140 5841 2248 5897 709
2269 5839 2492 5913 et—seq.
2527 5846 2583 5898 et
2613 5841 2756 5910 738;
2789 5841 2826 5896 ι.
2863 5857 2924 5910 ιι,
2951 5857 3009 5912 ρ.
3042 5839 3143 5893 397
3177 5843 3234 5894 et
3264 5853 3387 5906 seq.
