4130 6194
285 242 312 298 1
323 241 429 296 209

1560 244 1657 298 DE
1693 244 1926 300 LIBRIS
1963 245 2432 302 STBOMATUM.

3561 247 3700 302 1110

283 369 465 442 noctu
491 364 553 420 in
584 362 854 442 somniis,
885 359 1136 442 ἡδοναῖς,
1157 368 1276 442 sui;
1307 384 1367 420 τε
1394 361 1558 442 iterem,
1589 369 1708 427 ταῖς
1747 385 1808 420 τι
1862 362 1932 442 δι’

2051 369 2388 437 inconsciis,
2466 367 2886 442 concretiones
2942 370 3252 442 egerantur
3287 441 3294 442 ί
3327 369 3631 426 obscaena.
3668 394 3696 421 ››

287 435 940 509 ὀνειράτωνλειθοὶἁωιῐ,
999 435 1304 508 gnosticus
1361 435 1647 507 cohibeat,
1701 455 1806 495 nec
1861 441 1934 495 iis

2047 442 2251 497 Nonne
2284 457 2414 496 vero
2457 444 2513 497 et
2567 457 2742 496 suum
2801 439 3006 497 eidem‘
3047 441 3348 496 sententiae
3407 442 3696 498 calculum

286 507 581 584 flectatur,
612 507 696 562 ita
738 507 1026 584 Clemens
1051 509 1438 584 edisserit”:
1491 511 1721 584 ci'le‘enui
1779 512 1936 568 enim
2044 513 2258 584 adjecit
2287 513 2546 569 Joannes
2576 513 2891 581 Climacus,
2925 512 3032 584 qui,
3053 514 3122 569 de
3152 512 3420 568 castitate
3476 518 3534 570 et
3592 531 3696 583 pu-

285 582 495 647 diietaa,
527 596 655 650 quae
689 584 753 634 ut
783 579 983 650 paucis
1014 581 1091 635 sit
1121 585 1453 648 contentus,
1486 582 1683 652 efﬁcit,
1735 599 1934 638 assue-

287 654 504 717 factus,
533 655 623 706 est
652 655 989 724 temperans
1019 658 1076 707 et
1108 653 1448 724 moderatus
1477 669 1611 708 cum
1654 655 1939 724 gravitate

278 725 704 796 ethonestate,
738 723 1041 796 paucisad
1074 723 1252 778 vitam
1272 725 1620 780 necessariis
1642 723 1938 796 indigens,

281 795 431 850 nihil
456 810 723 866 quaerens
741 795 891 866 quod
912 794 989 850 sit
1005 811 1502 866 supervacaneum
1527 813 1539 850 :
1567 797 1667 851 sed
1689 794 1798 852 nec
1821 797 1940 852 haec

282 865 754 940 utepri’ncipalia,
782 866 885 940 sed
927 883 996 922 ex
1026 865 1155 940 vitae
1176 868 1623 940 consuetudine,
1655 873 1722 923 ut
1771 885 1940 940 pere-

284 937 609 1010 grinationi
633 937 1190 1012 carpis‘necessaria
1219 939 1562 994 admittens.
1596 960 1624 988 »
1648 937 1941 1012 Praecipue

289 1008 495 1082 autem
522 1012 684 1082 totus
713 1008 812 1082 ille
833 1008 1124 1065 incumbit
1153 1012 1495 1082 cognitioni,
1528 1027 1674 1082 quae,
1707 1017 1773 1066 ut
1811 1008 1940 1067 Cle-

285 1098 460 1158 mens
484 1080 938 1158 loquitur”,erﬁc
959 1083 1143 1154 ψυχῆς
1158 1080 1334 1158 1·ρόφὴ
1365 1083 1400 1150 ἡ
1431 1080 1649 1158 γνῶὰις,
1683 1104 1710 1134 α
1735 1084 1941 1139 animae

286 1151 719 1208 nutrimentum
749 1156 858 1208 est.
888 1175 916 1202 ››

351 1223 573 1278 Verum
603 1222 1218 1305 praeiereangnosticus
1250 1223 1448 1305 magni
1472 1223 1526 1278 vi
1552 1225 1856 1305 contendit
1878 1230 1942 1280 ut

273 1293 415 1366 ipsa
431 1293 846 1376 exercitatione
869 1293 971 1376 ﬁat
991 1295 1338 1376 cupiditatis
1356 1293 1570 1376 :expers
1593 1314 1606 1350 :
1630 1320 1662 1376 _«
1686 1297 1941 1376 Quicun-

275 1382 398 1437 que
430 1371 648 1438 autem,
682 1367 765 1422 ait
787 1366 886 1422 ille
906 1366 970 1431 “,
998 1368 1240 1438 student
1262 1366 1942 1438 assimilaricharacteri,

277 1439 384 1509 qui
421 1455 455 1492 a
483 1437 731 1509 Domino
763 1438 936 1493 datus
968 1443 1076 1507 est,
1109 1437 1505 1508 ἀνεπιθῦμητοι
1552 1437 1604 1508 ἐξ
1663 1437 1940 1508 ἀσκήσεως

274 1508 863 1634 γενέσθαιίξιάζονται,
898 1525 1113 1592 magna
1140 1511 1196 1565 vi
1224 1511 1588 1566 contendunt
1619 1517 1682 1566 ut
1724 1512 1940 1568 exerci-

274 1581 510 1634 tatione
584 1587 685 1634 ant
714 1581 1060 1634 cupiditatis
1090 1586 1374 1634 expertes.
1399 1601 1425 1632 ι

274 1581 510 1637 tatione
541 1581 685 1636 ﬁant
714 1581 1060 1653 cupiditatis
1090 1586 1374 1653 expertes.
1399 1601 1425 1632 ι

352 1656 432 1735 at
461 1669 636 1735 porro
669 1669 738 1708 ex
767 1652 861 1708 his
893 1668 1023 1724 quae
1054 1652 1334 1735 diximus,
1377 1652 1508 1735 quis
1566 1655 1766 1735 aperte
1826 1671 1942 1735 non

273 1723 480 1779 videat
508 1739 684 1795 quam
718 1723 1066 1796 persuasum
1085 1725 1355 1796 Clemens
1386 1723 1658 1779 habuerit
1679 1725 1942 1796 corporis

272 1794 897 1868 castigationes’omni
929 1794 1258 1868 Christiano
1284 1795 1463 1868 etiam
1509 1794 1940 1868 perfectissimo

268 1883 410 1923 esse
441 1866 683 1922 Omnino
716 1867 1081 1922 necessarias
1102 1867 1129 1921 ‘I
1152 1867 1295 1930 Quis
1324 1866 1672 1924 etiam'inde
1707 1885 1821 1924 non
1857 1870 1939 1925 fa-

272 1937 828 2011 cillimeiintelligat
859 1938 991 1994 illas
1048 1939 1364 2011 aperfecto
1423 1940 1829 2011 mysticorum,
1885 1946 1948 1995 ut

275 2011 489 2083 aiunt,
517 2010 828 2083 hominum
860 2013 1014 2083 statu
1049 2010 1375 2083 abigendas
1432 2010 1947 2083 excludendasque

280 2082 389 2152 qui
434 2081 669 2146 dixerit,
731 2082 885 2137 hunc
942 2081 1260 2152 Clementis
1318 2082 1503 2137 nostri
1553 2081 1945 2138 doctrinae'ct

281 2151 443 2208 veris
476 2152 741 2209 Ecclesiae
779 2151 1076 2209 catholicas
1131 2153 1504 2210 documentis
1555 2153 1725 2225 plane
1785 2155 1946 2225 peni-

281 2229 508 2296 tusque
535 2225 813 2297 refragari
837 2225 864 2280 ?
1889 2262 1892 2265 -

869 2349 1266 2405 ARTICULUS
1298 2353 1367 2404 V.

530 2457 601 2512 De
628 2457 796 2513 casti:
823 2458 1141 2528 sanctisque
1179 2455 1424 2526 ρηοδιἱεὶ
1449 2458 1706 2513 somniis.

350 2580 675 2637 Gnosticus
706 2597 920 2654 corpus
952 2597 1150 2654 suum,
1185 2582 1680 2654 quemadmodum
1713 2599 1746 2639 a
1778 2583 1947 2641 nobis

276 2653 510 2729 dictum
542 2657 654 2723 est,
686 2669 920 2729 semper
948 2653 1287 2729 affligendo,
1321 2660 1378 2729 et
1407 2653 1667 2729 animam
1725 2655 1945 2729 γνώσει,

276 2723 1014 2809 οοεηξῑίοηςλίῖᾳωςοὶζῃξξ
1073 2723 1246 2809 piane
1279 2725 1608 2809 spiritualis
1665 2723 1774 2796 est,
1834 2723 1945 2809 pa;

276 2796 528 2868 scendo,
561 2795 742 2851 efficit
769 2799 834 2850 ut
864 2795 1020 2868 nihil
1043 2795 1383 2868 voluptatis,
1411 2819 1438 2848 «
1465 2813 1592 2868 quae
1611 2814 1726 2853 non
1759 2795 1946 2855 Solum

274 2867 544 2941 interdiu
565 2868 776 2941 ‘(verba
801 2872 946 2941 sunt
967 2867 1285 2924 Clementis
1302 2868 1392 2941 “),
1425 2867 1527 2941 sed
1560 2868 1734 2941 etiam
1768 2876 1943 2927 noctu

275 2937 338 3012 in
378 2938 528 3012 ipsis
562 2937 1007 3012 insomniisnos
1054 2955 1198 3012 cum
1238 2937 1570 3012 praestigiis
1626 2939 1942 2998 inescando

277 3010 606 3065 insidiatur
633 3015 692 3066 et
723 3011 969 3082 mordet,
998 3030 1024 3061 ι
1049 3010 1109 3065 in
1142 3010 1353 3066 iisdem
1386 3010 1532 3082 ipsis
1563 3012 1811 3068 somniis
1842 3030 1940 3069 ca-

279 3082 429 3153 piat,
453 3103 482 3131 «
502 3096 607 3154 nec
629 3081 1421 3154 somnium‘quidemvideat,
1443 3083 1596 3154 quod
1625 3101 1739 3139 non
1757 3084 1939 3141 electo

280 3151 566 3209 convenit
582 3154 684 3206 ⁸⁵.»
713 3156 781 3207 Et
814 3151 986 3225 paulo
1019 3157 1151 3225 post
1169 3153 1252 3225 “A:
1278 3176 1306 3203 «
1331 3151 1663 3220 Quinetiam
1708 3157 1940 3213 somnia

278 3225 600 3300 aspiciens,
628 3223 834 3300 sancta
865 3223 1088 3280 facit—et
1100 3223 1346 3300 _co_gitat,
1369 3241 1436 3281 ea
1467 3226 1694 3300 ratione
1710 3243 1942 3300 semper

276 3295 548 3352 mundus
579 3297 650 3350 ad
679 3295 1061 3352 orationem.»
1099 3297 1266 3352 Prius
1312 3301 1504 3352 autem
1538 3297 1600 3352 in
1646 3297 1759 3354 alio
1792 3295 1940 3357 libro

277 3367 612 3440 dixeratf:
647 3389 675 3416 «
704 3366 1048 3439 Principalis
1083 3385 1217 3440 pars
1257 3368 1466 3440 animai
1516 3385 1764 3426 manens
1824 3389 1939 3428 non

276 3437 632 3510 alterabilis,
664 3437 1360 3511 non‘ass'umit'aliquam
1400 3439 1661 3496 visorum
1694 3443 1942 3500 diversi-

275 3509 642 3580 tatem,quas
657 3525 726 3565 ex
747 3509 977 3566 diurnis
992 3509 1250 3566 motibus
1265 3510 1436 3580 fiunt,
1451 3511 1769 3568 simulacra
1782 3531 1940 3571 som-

275 3583 478 3639 nians.
511 3581 795 3636 Pristerea
824 3586 979 3657 certe
1010 3581 1299 3657 Dominus
1346 3583 1610 3656 praecipit
1656 3585 1937 3657 vigilare;

274 3660 344 3710 ut
378 3670 487 3709 nec
515 3660 716 3708 nostra
746 3652 988 3725 quidem
1021 3653 1080 3707 in
1105 3652 1620 3725 somnis’unquam
1641 3652 1942 3713 moveatur

278 3726 488 3782 anima
545 3724 1090 3796 perturbationibus
1147 3725 1368 3794 animi,
1430 3724 1530 3782 sed
1592 3732 1940 3786 nocturnam

277 3811 525 3869 quoque
550 3795 683 3850 vitae
716 3795 1178 3869 institutionem,
1207 3800 1495 3869 tanquam
1523 3814 1652 3868 quae
1684 3799 1940 3856 interdiu

277 3867 583 3996 (ἐρεῖ-θίαν,
616 3883 825 3938 puram
859 3872 916 3923 et
946 3867 1388 3926 immaculatum
1439 3867 1690 3940 imperat
1745 3877 1940 3929 custo-

326 3957 436 3995 ire.
464 3962 492 3988 ››

326 3957 436 3995 ire.
464 3962 492 3988 ))

352 4016 554 4092 Neque
605 4007 1269 4092 porro_illud“videtur
1303 4009 1628 4092 singulare
1685 4013 1942 4092 aucturis

279 4080 474 4138 nostri
505 4080 948 4153 docementum.
986 4080 1131 4153 Nam
1166 4082 1334 4153 apud,
1371 4081 1722 4138 Cassianum
1757 4085 1939 4142 abbas

277 4155 648 4227 Chaeremon,
680 4151 768 4206 vel
801 4152 998 4227 potius
1027 4151 1221 4227 hujus
1247 4152 1482 4227 abbatis
1512 4155 1750 4210 nomine
1783 4155 1940 4227 ipse-

277 4232 407 4281 met
436 4223 776 4288 Cassianus,
825 4223 1174 4296 ubi_varios
1228 4224 1520 4280 castitatis
1578 4223 1937 4296 gradus're-

277 4300 506 4364 censet,
537 4300 735 4352 sextus
766 4298 823 4350 et
854 4293 1098 4350 ultimus
1130 4296 1201 4350 ab
1235 4312 1301 4351 eo
1333 4296 1418 4351 sic
1468 4293 1934 4355 memoratur":

282 4391 309 4418 α
326 4369 545 4441 Sextus
564 4365 922 4441 castimonia
945 4367 1165 4441 gradus
1178 4371 1286 4441 est,
1303 4383 1373 4422 ne
1387 4367 1745 4441 illecebrosis
1761 4370 1939 4441 phan-

276 4439 638 4495 tasmatibus
697 4437 1050 4493 feminarum
1081 4439 1168 4492 vel
1220 4439 1521 4494 dormiens
1568 4437 1870 4496 illudatur.
1907 4464 1934 4493 »

277 4511 547 4566 Suismet
578 4512 774 4566 autem
809 4526 925 4564 non
958 4509 1205 4564 aliorum
1238 4510 1430 4566 verbis
1463 4510 1597 4566 huic
1631 4513 1936 4569 sententiae

274 4582 364 4638 ita
387 4583 540 4656 idem
565 4580 692 4656 ipse
713 4579 1032 4656 Cassianus
1054 4580 1194 4656 alibi
1223 4581 1576 4656 subscripsit
1596 4584 1640 4656 ‘9
1663 4600 1674 4638 :
1702 4607 1729 4632 «
1758 4585 1938 4656 Cujus

324 4653 561 4737 usitatis
593 4651 701 4737 hec
732 4656 857 4737 eset
884 4651 1121 4734 evidens
1153 4652 1436 4737 indicium
1463 4651 1540 4709 ac
1582 4655 1752 4737 plena
1783 4651 1940 4737 “pro-

275 4671 561 4781 puritatis
594 4671 701 4708 006
732 4671 857 4706 erat
884 4671 1121 4734 CVIGBDS
1153 4671 1436 4709 IDOICIUID
1473 4671 1540 4709 8.0
1582 4671 1752 4737 plena
1811 4673 1937 4727 pPO-

321 4725 465 4790 atio,
494 4724 542 4780 si
574 4723 659 4796 vel
694 4721 859 4778 nulla
889 4739 1084 4796 imago
1125 4724 1439 4796 decipiens
1497 4728 1937 4796 quiescentibus

277 4797 455 4852 nobis
487 4800 544 4850 et
570 4794 632 4850 in
663 4809 930 4866 soporem
960 4794 1171 4866 laxatis
1222 4794 1628 4866 oecurrat,_vel
1662 4803 1816 4853 certe
1848 4799 1936 4853 in-

277 4866 602 4940 terpellans
636 4865 831 4940 nullos
863 4865 1352 4940 concupiscentiae
1389 4865 1581 4940 motus
1612 4869 1800 4926 valeat
1840 4886 1938 4925 ex-

276 4937 482 4995 citare.
517 4938 671 4994 Licet
696 4937 854 5010 enim
879 4939 946 4993 ad
983 4937 1215 5009 plenam
1249 4939 1468 5010 peccati
1531 4957 1741 4996 noxam
1801 4943 1936 4998 talis

276 5009 599 5084 commotio
632 5008 1471 5084 minimereputeturftamen
1525 5014 1773 5068 necdum
1808 5030 1933 5084 per-

273 5083 440 5139 fecta:
475 5080 690 5154 mentis
722 5080 1007 5154 indicium
1041 5086 1151 5152 est,
1187 5097 1291 5154 nec
1324 5083 1395 5137 ad
1438 5099 1652 5154 purum
1713 5080 1934 5140 excocti

271 5154 401 5227 vitii
435 5151 854 5227 manifestatio.
880 5168 1151 5227 sumper
1181 5153 1414 5227 salaces
1439 5151 1764 5227 'imagines
1821 5154 1934 5211 hu-

262 5225 536 5308 jusmodi
561 5228 848 5308 operatur
877 5222 1151 5308 illusio.__»
1181 5223 1437 5308 liursum
1471 5222 1839 5308 vero'postea
1861 5228 1928 5283 δίε

268 5320 300 5371 ς(
325 5298 533 5371 Itaque
561 5295 776 5371 hic_est
807 5295 1166 5371 integritatis
1193 5297 1340 5371 finis
1378 5313 1442 5371 se
1485 5295 1743 5371 perlecta
1800 5315 1930 5371 pro-

268 5367 454 5435 batio,
489 5369 537 5424 si
571 5367 1018 5440 quiescentibus
1070 5367 1241 5424 nobis
1300 5367 1555 5425 titillatio
1615 5367 1931 5440 voluptatis

271 5440 439 5498 nulla
468 5439 854 5511 subrepserit,
889 5455 955 5494 ac
985 5455 1089 5510 pro
1115 5441 1463 5497 necessitate
1487 5446 1732 5510 naturae,
1759 5439 1932 5498 nobis

853 5596 908 5650 p.
941 5580 1066 5636 654.

346 5583 392 5617 ⁸³
423 5581 642 5638 Strom.
674 5579 713 5635 1.
747 5597 824 5646 Vl,
853 5596 908 5650 p.
941 5580 1066 5636 654.
1146 5583 1192 5617 ⁸³
1222 5581 1261 5637 l.
1294 5599 1390 5651 vn,

269 5656 316 5691 ⁸⁸
349 5653 390 5708 1.
426 5670 496 5718 iv,

1723 5585 1770 5619 46
1798 5584 1876 5619 {lxi

531 5597 642 5638 om.
674 5584 713 5635 1.
747 5597 824 5646 vr,
853 5596 908 5650 p.
941 5584 1066 5636 654.
1146 5584 1192 5617 ⁴³
1222 5584 1261 5637 l.
1294 5599 1390 5651 vn,
1453 5600 1510 5654 p.
1542 5584 1649 5638 742
1723 5584 1942 5640 “ibid.
2020 5587 2067 5621 “
2095 5586 2133 5642 l.
2170 5606 2230 5656 ii,
2286 5605 2344 5660 p.
2377 5589 2500 5644 412.
2580 5589 2624 5623 ⁴⁶
2655 5587 2695 5642 l.
2729 5604 2826 5643 vn.
2890 5604 2944 5658 p,
2978 5587 3102 5642 745.

531 5670 588 5725 p.
621 5653 747 5707 530.
825 5652 870 5725 ξ’
896 5651 1094 5725 eollat.
1130 5654 1300 5725 12,70.
1330 5657 1385 5710 7.
1463 5655 1508 5691 ⁸ο
1537 5654 1575 5710 l.
1608 5673 1664 5710 VI
1697 5657 1770 5711 De
1802 5657 2026 5713 cmnob.
2063 5660 2273 5722 instit.,
2307 5677 2355 5715 c.
2395 5661 2480 5714 10.
2559 5661 2601 5695 ⁵¹
2638 5659 2805 5725 ibid.,
2837 5675 2886 5711 c.
2921 5658 3011 5709 20.
3111 5659 3156 5725 F2

2047 583 2250 640 dicitia
2280 585 2364 640 sic
2395 585 2660 656 disputat
2685 584 2778 638 ητ
2833 583 3133 640 «Castitas
3193 590 3285 640 est
3344 584 3696 656 incorporeas

2049 662 2269 712 naturae
2290 655 2678 712 familiaritas.
2714 697 2727 710 .
2764 697 2777 710 .
2814 698 2827 710 .
2864 697 2878 711 .
2913 656 3201 712 Pudicitia
3226 655 3495 727 generale
3518 657 3697 712 virtu-

2046 733 2174 784 tum
2205 744 2528 800 cognomen
2562 728 2826 800 omnium
2857 732 2966 783 est.
2999 728 3263 800 Pudicus
3307 732 3398 783 est
3426 728 3544 791 ille,
3595 729 3696 799 qui

2047 801 2107 856 in
2135 799 2359 857 somnis
2393 800 2629 872 quidem
2645 799 2872 872 nullum
2897 803 3122 872 motum
3146 799 3484 872 nullamque
3505 804 3697 855 status

2049 873 2142 927 sui
2171 871 2550 928 mutationem
2583 871 2782 926 sentit.
2815 871 3070 926 Pudicus
3101 877 3198 943 est
3236 871 3353 935 ille,
3389 871 3490 943 qui
3547 879 3604 926 et
3637 873 3694 926 in

2051 945 2272 1000 somnis
2303 943 2542 1014 quidem
2573 943 2887 1014 perfectam
2919 959 3152 1013 semper
3189 942 3702 998 insensibilitatem

2050 1015 2110 1070 in
2143 1031 2454 1087 corporum
2485 1016 2690 1087 specie
2709 1020 2767 1070 et
2813 1015 3088 1070 varietate
3113 1015 3393 1084 possedit.
3429 1014 3558 1069 Haec
3615 1031 3702 1070 re-

2051 1087 2190 1158 gula
2221 1086 2562 1157 h’ujusmodi
2595 1086 2729 1141 ﬁnis
2760 1090 2851 1142 est
2882 1087 3141 1156 perfectae
3165 1091 3705 1158 consummateeque

2051 1157 2364 1224 castitatis,
2399 1163 2463 1212 ut
2495 1158 2575 1213 ita
2605 1159 2868 1214 animata
2898 1158 3054 1213 sicut
3098 1157 3426 1213 inanimata
3477 1157 3706 1212 intuea-

2052 1247 2206 1302 mur,
2241 1235 2416 1302 atque
2448 1229 2527 1284 ita
2560 1230 2967 1302 rationalibus,
3005 1235 3067 1284 ut
3116 1229 3302 1302 brutis
3360 1229 3706 1302 corporibus

2053 1300 2403 1357 efﬁciamur.
2431 1301 2569 1372 »AEt
2609 1300 2782 1372 paulo
2841 1305 3008 1372 post:
3071 1322 3097 1348 ‹‹
3125 1301 3182 1355 Si
3244 1301 3444 1372 istud,
3489 1300 3703 1372 inquit,

2050 1389 2197 1428 versa
2231 1370 2517 1428 castitatis
2542 1370 2766 1427 certum
2798 1370 3216 1443 argumentum
3261 1375 3369 1436 est,
3431 1370 3707 1427 immobi-

2053 1443 2168 1500 lem
2202 1443 2258 1498 in
2291 1443 2376 1499 eis
2408 1443 2947 1515 phantasmatibus,
2981 1459 3107 1515 quae
3141 1459 3241 1515 per
3280 1458 3559 1515 somnum
3616 1444 3708 1515 vi-

2053 1517 2262 1596 demus
2296 1513 2632 1596 persistere;
2666 1519 2717 1570 is
2753 1513 3284 1596 profecto‘iuxurizs
3307 1513 3623 1596 eratnfinis,
3653 1513 3701 1567 si

2051 1583 2312 1658 vigilans
2333 1586 2626 1658 quispiam
2657 1603 2726 1642 ex
2753 1583 3081 1642 immundis
3113 1583 3564 1656 cogitationibus
3593 1585 3701 1639 Ilu-

2053 1676 2191 1741 xum
2216 1658 2510 1741 patiatur:
2525 1680 2553 1706 »

2125 1726 2272 1801 Quid
2303 1745 2464 1801 ergo,
2496 1727 2721 1799 inquiet
2779 1726 3016 1800 aliquis,
3064 1743 3268 1801 nonne
3326 1726 3446 1781 haec
3504 1726 3702 1797 opinio

2056 1799 2388 1873 apostolicae
2417 1801 2693 1857 doctrinae
2725 1799 2965 1873 omnino
3011 1799 3352 1873 adversatur
3410 1814 3475 1873 ac
3524 1814 3703 1873 repu-

2055 1868 2244 1943 gnat?
2274 1873 2415 1939 Quis
2446 1873 2601 1927 enim
2643 1871 2822 1943 Paulo
2882 1869 3145 1940 apostolo
3196 1869 3504 1943 perfectior
3522 1868 3563 1943 ?_
3600 1873 3704 1923 Fa-

2056 1940 2211 2000 tetur
2240 1949 2432 1999 tamen
2465 1943 2700 1998 divinus
2733 1942 2829 1998 ille
2859 1943 2946 1996 vir
2976 1943 3177 1996 datum
3201 1940 3321 1996 sibi
3347 1958 3476 1996 esse
3495 1940 3705 1995 stimu-

2053 2015 2438 2094 lumcarnis,
2482 2015 2584 2094 qui
2642 2029 2778 2094 eum
2807 2035 2860 2094 _«
2886 2011 3208 2094 colaphizet
3231 2014 3294 2067 ⁸³.
3321 2033 3378 2094 nn
3410 2010 3707 2094 Flebiliter

2056 2087 2195 2142 alibi
2228 2082 2582 2141 lamentatur
2603 2089 2660 2140 et
2691 2084 2954 2155 deplorat
2983 2082 3176 2138 videre
3210 2100 3272 2139 se
3303 2082 3481 2138 aliam
3513 2082 3702 2154 legem

2055 2158 2117 2213 in
2145 2157 2426 2213 membris
2455 2158 2602 2224 suis,
2635 2155 2748 2227 legi
2808 2155 3022 2210 mentis
3081 2171 3204 2227 suae
3251 2161 3700 2227 repugnantem,

2057 2251 2086 2280 ι(
2119 2234 2176 2284 et
2205 2228 2590 2300 captivantem
2622 2226 2855 2298 in’lege
2877 2228 3132 2300 _pecca_ti
3155 2226 3220 2281 ⁸⁸.
3254 2248 3281 2276 ››
3336 2226 3488 2300 Quid
3540 2242 3702 2300 vero,

2057 2301 2213 2372 quod
2240 2295 2606 2382 Augustique
2635 2295 2840 2382 contra
2868 2295 3116 2382 Juliani.
3146 2302 3204 2353 et
3259 2295 3554 2379 Pelagiani
3613 2313 3702 2351 er-

2058 2368 2218 2428 rores
2249 2368 2487 2442 scripsit
2501 2372 2580 2425 ’δε
2614 2393 2642 2420 ‹‹
2675 2368 3218 2442 Concupiscentiam
3247 2384 3378 2423 vero
3403 2369 3535 2438 quis
3579 2384 3704 2422 am-

2056 2442 2306 2514 bigatin
2341 2439 2449 2499 hac
2499 2442 2616 2497 vita
2673 2457 2843 2514 posse
2877 2439 3111 2514 imisui,
3162 2457 3276 2495 non
3323 2456 3505 2514 posse
3560 2455 3702 2514 con-

2056 2509 2312 2571 enini?»
2340 2513 2501 2579 Quod
2535 2509 2772 2584 quidem
2807 2513 2900 2582 ipe
2957 2509 3102 2584 alibi
3156 2509 3385 2584 repetit,
3447 2515 3503 2564 et
3559 2509 3703 2564 alio-

2055 2603 2186 2642 rum
2221 2585 2490 2642 Ecclesiae
2519 2581 2761 2641 Patrum
2787 2581 3143 2642 auctoritate
3191 2581 3404 2638 asserit
3457 2586 3513 2636 et
3575 2597 3703 2652 pro.

2098 2662 2298 2722 ugnaL

2057 2675 2328 2786 Ρυῖἓὲἒζθ
2348 2744 2484 2800 ergo
2517 2726 2611 2783 hic
2643 2725 3116 2800 Pelagianorum,
3149 2723 3382 2800 urgebit
3413 2722 3700 2794 quispiam

2053 2817 2216 2855 error
2243 2804 2354 2868 est,
2386 2796 2443 2855 et
2473 2799 2749 2854 doctrina;
2782 2797 3048 2868 Origenis
3080 2796 3472 2862 ramusculus,
3526 2812 3701 2866 quem

2052 2871 2440 2944 Hieronymus
2471 2887 2706 2943 quoque
2765 2869 3024 2944 eosdem,
3083 2873 3282 2944 atque
3312 2869 3699 2944 Augustinus,

2052 2939 2506 3014 Pelagianorum
2529 2939 2755 2998 errores
2787 2941 3210 3014 impugnanda,
3268 2939 3362 2994 his
3414 2939 3704 3014 ’resecavit

2051 3011 2244 3071 verbis
2261 3015 2304 3050 ³⁸
2331 3033 2343 3070 :
2377 3014 2708 3070 «Doctrina
2739 3018 2839 3069 tua
2870 3011 3138 3084 Origenis
3170 3011 3543 3068 ramusculus
3588 3016 3696 3084 est.

2052 3086 2115 3141 In
2147 3104 2212 3143 eo
2244 3087 2401 3142 enim
2433 3085 2681 3158 psalmo,
2716 3084 2815 3140 ubi
2835 3083 3118 3158 scriptum
3148 3090 3256 3154 est,
3290 3084 3455 3158 ut_de
3477 3083 3695 3138 caeteris

2051 3161 2271 3214 taceam
2301 3175 2314 3226 ;
2347 3153 2573 3230 Insuper
2595 3163 2647 3214 et
2680 3173 2848 3230 usque
2877 3153 3187 3212 act—noctem
3243 3153 3564 3230 erudierunt
3610 3170 3697 3209 me

2048 3245 2209 3285 renes
2239 3230 2350 3285 mei
2378 3229 2443 3294 ⁵⁸³,
2475 3228 2686 3285 asserit
2741 3229 2928 3283 virum
2991 3233 3254 3284 sanctum
3317 3228 3385 3282 de
3445 3243 3695 3297 quorum

2048 3301 2317 3356 videlicet
2348 3306 2404 3356 et
2433 3305 2494 3356 tu
2519 3317 2762 3356 numero
2792 3317 2874 3367 cs,
2911 3316 3044 3356 cum
3076 3300 3148 3356 ad
3171 3298 3454 3354 virtutum
3478 3299 3700 3354 venerit

2051 3373 2480 3443 summitatem,
2514 3389 2584 3428 ne
2615 3373 2673 3428 in
2707 3376 2875 3428 nocte
2898 3372 3131 3443 quidem
3167 3387 3233 3427 ea
3265 3372 3403 3443 pati,
3438 3387 3561 3442 qua».
3594 3370 3698 3443 ho-

2052 3444 2276 3500 minum
2309 3442 2470 3512 sunt,
2505 3461 2608 3500 nec
2638 3442 2988 3514 cogitatione
3017 3443 3292 3499 vitiorum
3325 3442 3523 3514 aliqua
3552 3442 3698 3496 titil-

2052 3461 2276 3500 minum
2309 3461 2470 3512 sunt,
2505 3461 2608 3500 nec
2638 3461 2703 3500 co
2745 3461 2988 3500 itatione
3017 3461 3292 3499 Vitiorum
3325 3461 3523 3514 aiiqua
3552 3461 3695 3496 mu-

2049 3515 2179 3573 lari.
2213 3516 2328 3572 Nec
2351 3517 2664 3572 erubescas
2695 3461 2764 3571 fe
2819 3516 3096 3571 societate
3154 3514 3383 3578 talium,
3443 3530 3695 3569 renuens

2048 3604 2250 3644 eorum
2291 3589 2549 3658 nomina,
2609 3603 2860 3658 quorum
2918 3586 3302 3658 blasphemiis
3343 3585 3695 3658 jungeris._»

2047 3661 2157 3714 Sed
2190 3663 2468 3714 Erasmus
2495 3656 2553 3714 in
2595 3656 2720 3715 suis
2753 3659 2819 3714 ad
2877 3658 3028 3714 hanc
3052 3656 3392 3729 epistolam
3441 3656 3692 3712 scholiis

2050 3730 2473 3802 animadvertite
2497 3729 2830 3802 opinionem
2863 3729 3047 3802 illam,
3076 3729 3150 3802 ab
3200 3729 3549 3800 Hieronymo
3604 3744 3696 3784 er-

2051 3801 2204 3882 roris
2235 3802 2390 3882 baud
2425 3800 2593 3872 plane
2627 3803 2833 3882 merito
2865 3800 3072 3882 notari.
3103 3801 3252 3882 _Nam
3312 3804 3692 3882 praeterquam

2051 3875 2208 3945 quod
2239 3871 2464 3928 Pliniuis
2493 3874 2748 3945 quadam
2782 3871 2962 3927 herba
2993 3872 3116 3945 ﬁeri
3149 3871 3606 3945 posse’credidit,
3633 3875 3699 3925 ut

2052 3943 2185 4014 quis
2217 3943 2750 4000 obscmnasomnia
2780 3960 2893 3998 non
2929 3943 3164 4006 sentiat,
3199 3945 3350 3999 216
3377 3943 3700 4014 ipsummet

2047 4016 2466 4088 Hieronymum
2504 4015 2615 4088 sibi
2651 4015 2791 4088 satis
2823 4031 2934 4069 non
2964 4015 3300 4088 constitisse
3347 4017 3572 4088 arguit.
3633 4016 3696 4068 In

2046 4086 2397 4157 virginitatis
2427 4087 2644 4160 quippe
2674 4087 2878 4142 laudes
2911 4087 3130 4160 eﬂ‘usus
3163 4087 3316 4141 idem
3343 4086 3468 4159 ipse
3494 4088 3698 4141 Hiero-

2051 4175 2261 4241 nymus
2293 4177 2392 4216 eos
2423 4159 2594 4241 plane
2617 4160 2911 4241 praedicat,
2936 4160 3056 4241 qui
3078 4159 3493 4241 in‘carnesine
3523 4173 3697 4241 carne

2048 4230 2327 4297 viventes,
2361 4230 2686 4302 angelicam
2719 4230 2900 4286 vitam
2933 4230 3258 4302 imitantur.
3307 4231 3374 4286 Et
3432 4246 3565 4302 vero
3623 4230 3694 4302 ad

2051 4303 2430 4358 Eustochium
2444 4300 2521 4357 de
2543 4302 2812 4358 custodia
2835 4302 3183 4373 virginitatis
3205 4301 3434 4356 bacillo
3463 4300 3698 4370 scripsit

2055 4395 2082 4424 ‹‹
2102 4374 2313 4428 Statim
2349 4379 2412 4429 ut
2442 4374 2624 4429 Filius
2661 4373 2757 4428 Dei
2788 4374 3094 4444 ingressus
3125 4377 3214 4428 est
3243 4389 3421 4444 super
3453 4376 3694 4444 terram,

2050 4461 2256 4500 novam
2291 4446 2400 4500 sibi
2437 4445 2720 4500 familiam
2755 4441 3048 4510 instituit;
3085 4448 3150 4498 ut
3180 4443 3278 4513 qui
3323 4441 3410 4498 fab
3469 4441 3694 4511 angelis

2048 4516 2405 4572 adorabatur
2432 4516 2490 4570 in
2519 4515 2686 4580 cmlo,
2719 4515 2958 4570 haberet
2982 4514 3222 4584 angelos
3261 4518 3318 4569 et
3349 4515 3407 4568 in
3437 4513 3628 4568 terris.
3663 4534 3692 4562 ››

2048 4587 2270 4642 Deinde
2298 4603 2430 4643 vero
2459 4588 2530 4643 ad
2561 4603 2784 4650 eorum,
2818 4602 2945 4656 qua:
2979 4602 3046 4641 ex
3073 4584 3257 4640 Plinio
3289 4585 3569 4640 Erasmus
3602 4601 3693 4639 re-

2050 4660 2178 4726 fert,
2204 4659 2709 4714 conﬁrmationem
2743 4657 2799 4711 id
2834 4656 3078 4728 proferri
3141 4661 3351 4762 potest,
3412 4658 3565 4726 quod
3623 4656 3693 4711 de

2053 4729 2285 4762 οιηιηηο
2333 4731 2528 4762 ρῖηηπη
2579 4728 2790 4762 unum.
2851 4728 3138 4762 innatans
3185 4744 3198 4757 ο
3259 4749 3285 4762 ,ι
3318 4728 3481 4762 ιιιιιοι
3534 4725 3693 4762 ῡ1ο4η

2047 4729 2287 4786 Platone
2333 4731 2529 4786 Cicero
2579 4728 2792 4784 litteris
2837 4725 3092 4783 tradidit
3118 4725 3198 4782 5°:
3258 4725 3484 4783 «lubet
3534 4725 3694 4783 Plato

2047 4801 2130 4856 sic
2164 4802 2232 4856 ad
2271 4818 2544 4857 somnum
2597 4799 2884 4872 proficisci
2915 4799 3286 4872 corporibus
3336 4799 3581 4872 affectis,
3633 4808 3697 4853 ut

2049 4872 2194 4927 nihil
2230 4874 2328 4940 sit,
2361 4873 2511 4943 quod
2547 4871 2803 4928 errorem
2833 4871 3047 4926 animis
3107 4871 3696 4942 pertubationemque

2045 4945 2266 4999 afferat.
2330 4945 2410 4999 Ex
2466 4961 2581 5015 quo
2640 4943 2812 4998 etiam
2864 4943 3262 5015 Pythagoricis
3315 4944 3691 5015 interdietum

2044 5022 2305 5086 putatur,
2340 5033 2409 5071 ne
2441 5013 2573 5071 faba
2593 5013 3003 5078 vescerentur;
3030 5017 3184 5087 quod
3233 5015 3406 5070 habet
3463 5013 3693 5070 inﬂam-

2045 5087 2361 5160 mationem
2397 5104 2671 5160 magnam
2695 5087 2744 5143 is
2777 5087 2964 5160 cibus,
2997 5087 3406 5159 tranquillitati
3457 5088 3693 5156 mentis,

2043 5159 2325 5228 quaerenti
2384 5159 2540 5223 vera,
2602 5159 3028 5215 contrariam.»
3092 5161 3294 5215 Postea
3336 5175 3512 5214 vero:
3567 5181 3590 5206 α
3627 5161 3693 5216 Ut

2044 5230 2222 5302 igitur
2253 5230 2352 5304 qui
2386 5248 2446 5286 se
2477 5231 2675 5304 tradite
2709 5230 2800 5304 ita
2851 5231 3028 5303 quieti
3093 5235 3414 5304 praeparato
3452 5231 3690 5304 animo,

2042 5306 2168 5357 tum
2220 5303 2389 5358 bonis
2444 5303 2919 5373 cogitationibus,
2981 5303 3106 5359 tum
3168 5304 3344 5358 rebus
3397 5303 3468 5357 ad
3527 5308 3690 5356 tran-

2042 5375 2394 5458 quillitatem
2428 5375 2908 5443 accommodatis,
2943 5381 3098 5432 certa
3143 5380 3200 5430 et
3225 5391 3360 5430 vera
3413 5373 3600 5429 cernit
3631 5373 3690 5428 in

2041 5462 2310 5502 somniis.
2349 5469 2369 5495 |

2286 5605 2344 5660 p.
2377 5589 2500 5644 412.
2580 5589 2624 5623 ⁴⁶
2655 5587 2695 5660 l.
2729 5604 2826 5643 vn.
2890 5604 2944 5658 p,
2970 5587 3151 5660 7115.77
3183 5587 3223 5620 ‘7
3257 5585 3525 5660 ibid.,_p.
3558 5586 3681 5660 746.

3189 5658 3373 5727 gradu
3408 5657 3493 5723 15,
3556 5657 3680 5727 init.

270 5729 319 5801 ff
353 5725 404 5801 l_l
438 5723 563 5801 Cor.
596 5740 698 5801 xn_.
728 5723 872 5801 7._:"‘_
895 5723 1060 5801 Rom.
1093 5723 1310 5801 vri,23.
1389 5727 1432 5761 ⁵³⁵
1463 5727 1588 5801 i.v1
1621 5733 1819 5784 contra
1851 5727 2102 5800 Julian.,
2135 5747 2183 5786 c.
2222 5732 2309 5801 16,
2345 5734 2372 5801 §
2403 5733 2492 5786 49.
2569 5731 2614 5766 ⁸⁸
2645 5723 2817 5799 epist.
2879 5730 2946 5782 ad
2975 5723 3233 5798 Clesiph'.
3295 5729 3422 5782 adv.
3488 5726 3678 5797 Pelag.

271 5791 318 5833 ⁵⁷
354 5795 505 5852 Psal.
537 5812 633 5864 xv,
657 5797 712 5848 7.
789 5794 833 5830 ⁵⁸
857 5794 895 5849 l.
931 5813 997 5850 iii
1028 5799 1101 5852 De
1132 5795 1335 5863 divin.,
1369 5815 1423 5869 p.
1455 5800 1580 5853 266.
