4130 6194
481 223 611 280 1211

1187 230 1262 282 ΙΝ
1300 229 1744 284 CLEMENTEM
1784 229 1997 282 ALEX.
2037 229 2106 280 D.
2148 227 2235 279 LE
2277 223 2574 280 NOURRY
2610 226 3078 282 DISSERTATIO
3115 227 3186 280 II.

3747 231 3897 286 1212

545 351 655 405 Sed
689 349 1040 431 nuilihplane
1064 351 1602 431 d_ubitamus,_quin_
1631 352 1980 431 Hieronymi.
2017 351 2119 431 de-
2145 349 2200 416 Α
2229 363 2296 404 ac
2326 347 2646 431 ipeiusmet
2667 348 2918 431 gnostici
2949 348 3302 431 perfectione
3339 350 3553 431 tradita
3584 352 3770 410 fuisse
3791 355 3892 412 vel

476 421 738 494 fensores
772 421 1056 478 inﬂictam
1093 423 1209 494 ipsi
1266 421 1492 480 erroris
1511 428 1612 479 aut
1639 421 2119 494 contradictionis

475 492 768 564 maculam
800 495 1075 550 facillime
1105 492 1334 564 possint
1355 496 1571 550 eluere.
1627 496 1902 560 Quamvis
1959 493 2118 549 enim

471 563 914 621 eruditissimus
939 565 1034 620 ille
1066 563 1318 637 scriptor
1347 567 1558 621 dixerit
1587 565 1858 621 homines
1898 564 2118 637 angeli-

475 652 602 707 cam
630 637 808 690 vitam
842 637 1057 692 imitari
1092 635 1204 692 non
1241 638 1465 707 putavit
1495 643 1691 692 tamen
1722 655 1822 693 eos
1871 635 2119 707 velan-

474 706 740 778 gelorum
773 709 980 778 instar,
1013 709 1190 763 nullis
1221 706 1492 764 humana:
1523 708 1716 764 carnis
1759 706 2120 763 inﬁrmitati-

475 779 587 850 bus
619 778 874 850 amplius
907 796 1031 835 esse
1061 780 1362 847 obnoxios,
1390 780 1478 835 vel
1501 781 1570 835 ad
1595 795 1722 835 eam
1751 779 1944 850 venire
1964 794 2123 832 sum-

475 849 737 922 mitatem
771 851 1071 922 virtutum,
1106 858 1168 906 ut
1195 851 1252 906 in
1287 857 1454 908 nocte
1485 867 1789 922 nunquam
1846 849 2120 921 deinceps

471 935 539 974 ea
559 937 686 990 quae
709 921 964 994 hominis
994 929 1134 977 sunt
1154 923 1472 994 patiantur.
1500 921 1693 992 Neque
1721 921 1949 994 Plinius
1971 937 2120 991 quo-

474 1007 589 1064 que
629 992 867 1063 scripsit
899 992 1169 1064 aliquam“
1186 1010 1314 1049 esse
1339 995 1604 1062 herbam,
1637 1010 1753 1064 qua
1782 992 1955 1064 homo
1989 1007 2121 1064 pos-

473 1063 551 1116 sit
579 1078 730 1135 eam,
765 1079 941 1132 quam
973 1063 1200 1135 dicunt,
1235 1067 1550 1121 maximam
1586 1063 1867 1134 consequi
1927 1063 2122 1119 carnis

475 1134 850 1206 munditiem.
884 1140 956 1190 Et
983 1152 1123 1191 sane
1154 1134 1384 1192 tametsi
1417 1136 1472 1190 id
1516 1135 1902 1206 jurejurando
1961 1150 2120 1190 asse-

476 1204 719 1269 ruisset,
749 1207 884 1276 quis
914 1207 964 1261 ei
995 1207 1166 1263 vellet
1195 1208 1369 1262 ﬁdem
1403 1204 1663 1263 habere?

543 1305 627 1378 A_d
653 1303 996 1378 Cassianum
1030 1323 1164 1362 vero
1195 1307 1348 1376 quod
1371 1311 1616 1378 spectat,
1650 1304 1885 1378 etiamsi
1927 1304 2120 1360 citatis

476 1374 536 1429 in
563 1375 713 1449 locis
745 1375 801 1449 in
829 1376 1080 1449 aliquem
1109 1374 1636 1449 Pelagiani'erroris
1664 1377 1970 1449 incidisset
2000 1393 2123 1430 sco-

519 1445 705 1513 ulum,
747 1446 806 1501 id
868 1445 1013 1502 nulli
1073 1445 1517 1504 admirationem
1578 1464 1806 1503 movere
1861 1448 2118 1502 deberet.

515 1517 680 1573 ciunt
707 1519 863 1573 enim
896 1535 1100 1574 omnes
1133 1537 1268 1575 eum
1285 1523 1356 1575 ab
1390 1521 1494 1575 hae
1526 1519 1656 1574 labe
1688 1536 1801 1574 non
1833 1534 1965 1573 esse
1993 1534 2119 1572 om-

474 1588 613 1673 nino
640 1605 876 1672 purum,
911 1590 1198 1673 illiusque.
1221 1595 1391 1662 plane
1421 1595 1736 1673 expertem.
1756 1590 1880 1670 an
1904 1589 2121 1673 denunt

474 1664 693 1728 tamen,
726 1661 824 1732 qui
859 1663 1055 1732 ipsum
1090 1660 1322 1726 iisdem,
1356 1663 1452 1731 qui
1484 1660 1758 1726 citantur,
1795 1663 1850 1714 in
1912 1660 2054 1716 locis
2084 1677 2118 1715 a

474 1677 693 1728 tamen,
726 1677 824 1786 (iiut
859 1677 1055 1732 ipsum
1090 1677 1322 1726 Iisdem,
1356 1679 1452 1731 qui
1484 1677 1758 1726 citantur,
1795 1677 1850 1714 in
1912 1677 2054 1716 IOOlS
2084 1677 2117 1715 a

470 1747 613 1804 sana
643 1737 732 1786 ort
779 1733 1080 1804 odoxaque
1109 1733 1408 1789 catholicae
1440 1734 1571 1788 ﬁdei
1604 1733 1869 1787 doctrina
1889 1748 2005 1804 non
2034 1747 2117 1786 re-

469 1801 718 1858 cessisse
747 1801 1087 1858 existiment
1114 1805 1179 1859 ⁸9.
1211 1806 1388 1860 Aiunt
1425 1805 1714 1874 siquidem
1741 1803 1812 1858 ab
1844 1802 1964 1870 illo,
1999 1819 2115 1859 non

474 1889 646 1946 secus
669 1879 846 1945 atque
875 1875 948 1928 ab
981 1877 1274 1946 Apostolo,
1300 1875 1439 1931 alibi
1473 1876 1733 1946 agnitam
1791 1879 2118 1930 assertam—

472 1961 585 2015 que
618 1945 1110 2018 fuisseicarnis’et
1130 1947 1373 2018 spiritus
1395 1947 1453 2002 in
1477 1945 1752 2018 omnibus
1776 1946 2118 2002 hominibus

473 2016 944 2098 repugnantiam.
977 2016 1255 2098 Cassiane
1285 2018 1491 2098 itaque.
1514 2034 1626 2073 non
1677 2016 1812 2098 tilia,
1864 2021 2118 2087 pergunt

472 2085 779 2158 illi,mens
811 2096 865 2142 et
895 2090 1185 2144 sententia
1217 2089 1348 2157 fuit,
1382 2085 1494 2144 nisi
1525 2088 1807 2158 quosdam
1833 2085 1962 2143 esse
1989 2085 2118 2156 per-

473 2157 829 2231 fectissimos
858 2158 1151 2229 homines,
1184 2159 1374 2231 qualis
1407 2162 1478 2216 ab
1508 2157 1573 2214 eo
1604 2159 1958 2231 describitur
2013 2164 2116 2214 Se-

472 2245 650 2303 renus
681 2230 946 2303 abbas“,
979 2231 1032 2286 in
1069 2230 1284 2302 quibus
1313 2232 1524 2286 divinas
1582 2230 1778 2303 gratiae
1837 2231 2116 2286 beneficio

475 2301 650 2373 plane
681 2300 966 2373 singulari
997 2319 1064 2357 ac
1087 2300 1390 2358 rarissimo
1417 2300 1687 2358 funestus
1709 2317 1994 2373 perversa:
2013 2317 2115 2356 cu-

468 2371 732 2454 piditatis
762 2371 916 2454 igpis
947 2374 1344 2454 refrigeratus,
1377 2375 1608 2454 sopitus
1623 2371 1800 2443 atque
1817 2373 1991 2454 etiem
2014 2388 2116 2454 ex-

469 2443 724 2516 stinctus
753 2443 1104 2516 videbaturﬁ
1124 2445 1385 2516 Denique
1415 2443 1473 2499 in
1505 2461 1574 2499 ea
1594 2443 1891 2516 ipsa.qu:e
1912 2443 2118 2516 lauda-

469 2519 586 2582 tur,
621 2513 777 2570 illius
810 2515 1119 2572 collatione
1152 2513 1303 2571 haud
1338 2531 1488 2586 aegre
1527 2513 1789 2570 concedit
1837 2515 2116 2586 homines

470 2587 757 2656 perfectos
790 2588 1145 2643 dormientes
1175 2588 1370 2642 carnis
1395 2585 1658 2642 motibus
1711 2585 1848 2641 cieri
1879 2591 1933 2640 et
1991 2585 2114 2656 agi-

467 2655 603 2720 tari,
639 2657 739 2712 sed
773 2659 908 2712 inde
941 2660 1074 2729 quid
1126 2675 1260 2713 uam
1311 2659 1381 2714 de
1421 2658 1705 2713 castitatis
1762 2655 2115 2728 perfectione

469 2727 655 2782 minui
691 2733 792 2783 aut
823 2729 1050 2785 detrahi
1082 2675 1298 2785 itidem
1323 2729 1636 2785 inﬁciatur.
1663 2730 1839 2784 Suam
1865 2729 2019 2783 enim
2044 2729 2115 2783 de

469 2727 655 2782 minui
691 2733 792 2783 aut
823 2727 1050 2785 detrahi
1082 2727 1298 2785 ibidem
1323 2729 1636 2785 inﬁciatur.
1663 2727 1839 2784 Suam
1865 2729 2019 2783 enim
2044 2729 2115 2783 de

469 2798 736 2855 castitate
767 2801 1224 2873 disputationem
1258 2801 1343 2873 sic
1374 2800 1470 2856 ille
1519 2800 1766 2873 absolvit
1788 2801 1828 2834 ⁸⁸
1859 2816 1872 2853 :
1923 2821 1951 2848 «
1985 2799 2116 2855 Hmc

466 2875 554 2924 est
583 2871 1012 2927 consummatio
1043 2872 1354 2937 castitatis,
1388 2877 1453 2926 ut
1508 2871 1846 2941 vigilantem
1905 2887 2112 2926 mona-

467 2941 644 2997 chum
666 2943 976 2999 oblectatio
998 2943 1264 2999 libidinis
1288 2943 1449 3015 nulla
1471 2944 1848 3015 perstringat,
1874 2947 1937 3015 nt
1957 2941 2116 3012 quieo

465 3018 718 3069 scentem
753 3015 1112 3072 somniorum
1144 3031 1258 3070 non
1301 3013 1487 3070 fallat'
1524 3013 1757 3070 illusio:
1817 3013 1913 3068 sed
1974 3028 2107 3068 cum

465 3085 774 3140 dormienti
797 3091 1026 3142 tantum
1061 3102 1163 3157 per
1190 3087 1390 3156 sopitae
1410 3086 1624 3141 mentis
1644 3085 1928 3157 incuriam
1946 3099 2107 3157 com-
2141 3072 2185 3140 C

467 3157 871 3240 motio‘carnis
899 3155 1768 3240 obrepserit,quemadmodum
1816 3155 1942 3240 sine
1990 3155 2112 3210 ulla

465 3226 804 3300 titillatione
828 3225 1151 3300 voluptatis
1181 3225 1425 3283 excitata
1443 3233 1551 3297 est,
1579 3228 1656 3283 ita
1680 3227 1806 3282 sine
1830 3225 1948 3281 ullo
1973 3243 2109 3298 pru-

466 3298 583 3352 ritu
614 3299 873 3369 corporis
906 3298 1300 3372 conquiescat.
1326 3322 1354 3349 »

537 3385 599 3440 In
623 3386 894 3458 eumdem
915 3403 1153 3444 sensum
1175 3388 1469 3444 Climacus
1489 3390 1617 3458 post
1636 3385 1757 3458 illa,
1773 3401 1899 3458 quae
1913 3385 2110 3440 retuli-

465 3471 620 3538 mns,
644 3456 831 3538 ipsius
862 3459 1056 3538 verba,
1089 3459 1368 3538 continue
1397 3456 1516 3513 haec
1546 3457 1822 3538 adiecit”
1847 3473 1901 3538 ξι
1927 3461 2108 3538 riemo

461 3543 529 3599 ex
557 3527 647 3583 bis
678 3529 776 3599 qui
803 3545 864 3585 se
895 3531 1089 3587 studio
1119 3530 1404 3586 castitatis
1435 3534 1725 3597 exercent,
1775 3527 1901 3584 suis
1958 3527 2110 3585 hanc

461 3597 763 3656 laboribus
794 3606 895 3656 aut
926 3619 1034 3658 sua
1063 3601 1357 3658 industria
1393 3617 1455 3656 se
1512 3599 1864 3672 acquisiisse
1921 3605 2105 3670 putet.

459 3675 605 3744 Nam
639 3672 918 3743 possibile
948 3691 1060 3730 non
1095 3681 1205 3742 est,
1240 3678 1304 3729 ut
1333 3671 1626 3744 quispiam
1651 3676 2108 3744 natursmsuam

461 3741 654 3798 vincat
681 3761 694 3810 ;
722 3745 818 3800 ubi
842 3746 1094 3818 denique
1120 3741 1331 3802 natura
1349 3741 1624 3815 superata
1644 3748 1753 3812 est,
1777 3741 1896 3798 illic
1924 3742 1972 3798 is
2004 3741 2106 3869 qui

461 3829 642 3869 sunra
672 3821 943 3869 naturam
993 3822 1102 3869 est.
1153 3817 1455 3869 advenisse
1514 3816 1905 3869 cognoscitur.
1933 3834 1960 3862 »
2050 3813 2106 3869 bi

461 3829 642 3882 supra
672 3821 943 3888 naturam
993 3815 1102 3888 est,
1153 3817 1455 3872 advenisse
1514 3816 1960 3888 cognoscitur.»
1998 3815 2106 3888 _Ibi

463 3889 616 3969 certe
647 3890 705 3940 et
730 3887 1004 3969 deinceps
1026 3887 1123 3969 ille
1153 3893 1376 3969 quanta
1407 3888 1484 3969 sit
1503 3885 1726 3969 naturae
1751 3891 1960 3942 nostra
1992 3885 2104 3969 fra-

464 3953 663 4028 gilitas
685 3953 1055 4028 apertissime
1087 3953 1384 4026 declarat;
1421 3959 1634 4013 tacitus
1678 3975 1810 4013 vero
1871 3962 2106 4028 preter-

462 4025 642 4080 mittit
667 4025 740 4081 an
769 4035 1054 4100 stupeant
1087 4046 1214 4085 raro
1233 4029 1448 4100 aliquis
1471 4029 1820 4100 inveniatur,
1844 4025 2018 4099 quem
2047 4027 2106 4100 in

461 4112 667 4153 somno
697 4098 785 4153 vel
820 4099 1020 4170 nullus
1050 4100 1237 4170 turpis
1270 4098 1485 4170 imago,
1517 4101 1603 4155 vel
1657 4098 1875 4154 nullus,
1915 4098 2109 4154 carnis

463 4173 657 4241 motus
689 4169 944 4240 amplius
976 4169 1286 4241 moveatet
1313 4169 1528 4224 titillet.
1563 4172 1671 4225 Sed
1731 4171 1800 4224 de
1858 4174 2108 4241 utroque

455 4237 558 4295 illo
582 4237 817 4298 auctore
849 4241 1000 4297 alius
1033 4241 1141 4296 erit
1175 4240 1344 4312 plura
1367 4241 1593 4296 dicendi
1619 4241 1802 4298 locus.

529 4339 611 4394 Ad
633 4338 994 4412 Clementem
1027 4339 1210 4412 igitur
1240 4343 1531 4412 nostrum,
1563 4339 1633 4395 de
1666 4355 1780 4410 quo
1795 4355 1956 4412 nunc
1981 4339 2107 4412 tan-

457 4412 763 4467 tummodo
795 4411 1038 4479 quzestio
1056 4409 1176 4476 est,
1208 4415 1273 4466 ut
1301 4409 1624 4475 veniamus.
1657 4409 1809 4481 quod
1847 4409 1942 4465 ille
1965 4409 2110 4465 dixit

456 4481 640 4537 Deum
661 4482 1008 4539 Christianis
1029 4483 1306 4539 omnibus
1329 4487 1395 4537 ut
1416 4481 1739 4554 vigilarent,
1766 4482 2109 4552 praacepisse

463 4570 538 4628 ne
565 4554 762 4610 anima
780 4556 917 4611 ullis
938 4555 1494 4628 perturbationibus,
1523 4571 1592 4610 ne
1609 4555 1847 4628 quidem
1875 4554 1931 4607 in
1956 4569 2108 4608 som-

459 4625 576 4678 niis
605 4625 1067 4691 moveaturfhoc
1094 4628 1345 4694 benigna
1395 4626 1876 4696 interpretatione
1927 4640 2104 4695 expo-

461 4696 858 4770 nendumiest,
891 4700 1084 4770 quoad
1118 4699 1342 4754 scilicet
1372 4697 1492 4752 ﬁeri
1521 4702 1730 4768 potest,
1760 4702 1816 4752 et
1836 4698 2102 4770 humanm

461 4771 680 4840 natura;
712 4767 1010 4837 fragilitati
1041 4777 1129 4825 est
1160 4771 1386 4826 datum.
1419 4767 1549 4823 Pari
1574 4786 1804 4840 quoque
1836 4767 2102 4838 benigni-

463 4839 577 4910 tate
607 4837 745 4892 illud
779 4842 1207 4910 accipiendum,
1243 4841 1396 4909 quod
1421 4841 1493 4896 ab
1521 4837 1647 4909 ipso
1669 4837 1932 4906 docetur,
1967 4837 2106 4909 gno-

461 4906 695 4986 sticum.
722 4906 1077 4986 abstinentia
1106 4916 1162 4967 et
1191 4906 1384 4968 inedia
1428 4906 1780 4986 confectum,
1841 4911 1898 4986 in
1943 4906 2100 4966 som-

461 4978 598 5040 niis.
633 4995 744 5033 non
779 4982 1018 5049 quidem
1042 4999 1294 5050 semper,
1317 4988 1374 5038 et
1397 5000 1493 5052 per
1519 4983 1813 5052 reliquum
1834 4983 1960 5038 vitae
1984 4997 2103 5038 suae

459 5052 713 5118 tempus,
746 5053 846 5106 sed
879 5069 1032 5121 saepe
1061 5054 1500 5125 saepius,_atque
1522 5063 1580 5109 ut
1613 5052 2106 5125 plurimumisan-

460 5125 554 5173 cta
584 5125 642 5174 et
674 5136 843 5188 agere
875 5128 931 5177 et
959 5123 1234 5188 cogitare.
1267 5123 1490 5179 Nostras
1517 5123 1813 5180 enimvero
1861 5124 2105 5180 inﬁrmi-

458 5190 597 5245 tatis
628 5192 1140 5265 optimeconscius
1155 5195 1441 5258 Clemens,
1468 5213 1583 5251 non
1613 5197 1840 5250 videtur
1862 5195 2104 5265 quidem

461 5277 792 5337 asseverare
809 5262 1168 5337 Christianos
1199 5265 1350 5320 hanc
1380 5266 1574 5337 reipsa
1603 5262 1895 5337 attigisse'
1919 5267 2104 5337 perfe-

460 5334 734 5397 ctionem,
765 5334 865 5388 sed
901 5333 1121 5403 potius,
1156 5341 1222 5389 ut
1249 5337 1318 5390 ad
1351 5333 1483 5391 eam
1512 5333 1890 5402 contendant,
1919 5333 2103 5391 'exci-

460 5408 583 5460 tare
612 5409 668 5478 et
698 5404 1020 5478 adhortari.
1052 5405 1121 5460 Et
1142 5404 1195 5460 id
1231 5407 1485 5478 profecto
1517 5409 1587 5462 iis
1619 5407 1848 5478 probari
1895 5412 2105 5478 potest,

458 5492 585 5547 quae
616 5477 689 5532 ab
711 5475 810 5533 illo
834 5477 905 5533 de
926 5493 1160 5533 summa
1179 5475 1394 5534 Christi
1419 5475 1677 5548 Domini,
1705 5475 2104 5550 apostolorum

2228 419 2502 502 superius
2519 419 2811 502 “vidimus,
2833 419 2924 502 vei
2944 419 3114 490 paulo
3133 425 3286 502 _post_
3307 425 3704 480 ostendemus.

2229 490 2356 563 Non
2388 507 2488 546 eos
2517 491 2715 561 itaque
2746 491 3004 563 amplius
3035 490 3362 548 audiendos
3390 509 3522 550 esse
3543 511 3888 563 censemus,

2229 562 2330 634 qui
2363 563 2433 618 ad
2466 565 2715 634 gentiles
2743 562 3145 636 philosophos,
3170 564 3362 620 inanis
3392 565 3588 636 glorias
3643 562 3890 624 venata?

2229 651 2342 699 res,
2360 649 2668 710 proyocare
2692 651 2797 710 nos
2812 634 3544 710 voluerint.§cimus_énim
3571 638 3890 710 Epicurum

2229 720 2291 759 se
2322 705 2678 760 venditasse.
2701 729 2727 754 ‹(
2755 705 2814 760 in
2846 706 3070 761 somnis
3093 706 3205 762 sibi
3229 707 3484 763 similem
3512 705 3887 765 luturuni‘i'.»

2229 776 2418 848 Nescii
2441 793 2674 848 quoque
2706 793 2819 848 non
2868 793 3076 832 sumus
3124 777 3422 834 Platonem
3482 780 3756 836 docuisse
3784 783 3835 817 “
3869 801 3885 838 :

2229 869 2257 924 ε(
2291 847 2435 924 Cum
2462 848 2679 918 aliquis
2711 847 2934 924 salubri
2973 853 3030 903 et
3061 849 3206 904 bene
3238 854 3574 924 temperato,
3612 854 3885 924 corporis

2229 918 2430 996 habitu
2467 936 2673 996 somno
2697 936 2757 974 se
2788 919 2983 996 tradit,
3016 925 3071 974 et
3102 936 3189 996 ea_
3210 937 3344 991 pars
3366 918 3602 996 animi,
3652 918 3730 978 in'
3768 941 3888 996 qua

2230 990 2375 1066 ratio
2399 990 2758 1066 dominatur,
2792 991 3049 1066 a_seipsa
3070 990 3320 1046 excitata
3339 999 3448 1066 est,
3472 990 3885 1066 bonarumque

2229 1061 2644 1138 cogitationum
2677 1061 3096 1138 quasiepulas,
3145 1064 3664 1134 contemplationis
3696 1061 3880 1138 atq-ue

2230 1132 2624 1208 intelligentiae
2669 1133 2792 1187 acie
2824 1133 3196 1208 _in‘seipsam
3260 1132 3545 1208 revocata,
3607 1132 3889 1208 apposuit

2229 1203 2381 1259 sibi:
2414 1221 2483 1259 ea
2511 1208 2711 1259 autem
2733 1203 2924 1279 animi
2959 1221 3111 1276 pars.
3148 1205 3208 1259 in
3229 1205 3567 1279 quainsunt
3591 1203 3884 1279 cupidita-

2229 1279 2333 1357 tes,
2369 1275 2786 1357 neque-inopia
2817 1275 3040 1357 pressa,
3075 1291 3266 1347 neque
3316 1278 3579 1357 ubertate
3641 1275 3886 1357 exsatu-

2229 1349 2376 1420 rata,
2409 1345 2660 1417 qniescit
2692 1345 3186 1420 maxime,_neque
3235 1350 3539 1418 perturbat
3593 1352 3882 1420 optimam

2228 1417 2391 1473 illam
2427 1423 2648 1489 partem
2681 1423 2783 1472 aut
2821 1418 3056 1489 gaudio,
3117 1417 3536 1483 autimcerore.
3587 1417 3690 1476 sed
3743 1422 3889 1478 sinit

2229 1505 2355 1544 eam
2385 1488 2493 1571 per
2522 1489 2779 1571 seipsam
2807 1488 3083 1571 solam_et
3113 1505 3319 1571 puram
3369 1490 3772 1571 considerare,
3829 1504 3889 1571 et

2229 1559 2522 1630 appetere,
2553 1559 2849 1632 et’sentire
2880 1559 3167 1630 quidquid
3199 1562 3284 1616 vel
3327 1559 3766 1632 praeteritorum
3795 1568 3885 1621 vel

2230 1633 2604 1707 praesentium
2640 1631 2726 1686 vel
2755 1631 3086 1707 futurorum
3121 1631 3585 1707 noratzleodem
3645 1652 3885 1707 quoque.

2152 1711 2195 1775 Β
2228 1701 2397 1775 modo
2429 1719 2561 1757 cum
2599 1719 2732 1773 pars
2764 1701 3094 1775 illaanimi.
3125 1701 3182 1758 in
3203 1719 3320 1774 qua
3350 1703 3435 1760 ira
3456 1701 3884 1769 sedem'hahet,

2225 1774 2370 1830 adeo
2403 1778 2606 1844 pacata
2636 1778 2691 1828 et
2737 1773 3016 1830 restincta
3071 1780 3181 1840 est,
3222 1773 3307 1830 fut
3363 1777 3589 1832 nemini
3650 1778 3887 1834 infensa

2227 1845 2639 1920 conquiescat;
2673 1861 2739 1900 ac
2785 1845 3030 1920 proinde
3089 1845 3320 1920 duabus
3365 1847 3551 1920 animi
3606 1850 3884 1920 partibus

2225 1915 2482 2000 huncin.
2510 1915 3022 2000 modumnsedatis,
3053 1917 3420 2000 ethte-rtiahin
3482 1915 3626 2000 qua_
3654 1921 3847 2000 intelli

2225 1987 2401 2113 gandi
2431 1987 2517 2042 vis
2549 1987 2702 2043 inest
2731 1986 2974 2069 liberius
3005 1988 3280 2069 excitata,
3309 1986 3555 2071 ita-quis
3585 1993 3768 2062 quieti
3819 2009 3886 2048 se

2269 2064 2368 2113 at:
2397 2062 2538 2113 tunc
2587 2059 2825 2113 demum
2893 2057 3159 2113 videlicet
3215 2076 3265 2113 ts
3322 2077 3520 2113 animo
3580 2064 3886 2113 moderate

2269 2062 2538 2126 at;tunc
2587 2059 2825 2114 demum
2893 2057 3159 2115 videlicet
3215 2059 3265 2114 is
3322 2057 3520 2117 animo
3580 2057 3886 2118 moderate

2225 2130 2574 2205 composito,
2605 2131 2905 2205 veritatem
2937 2130 3190 2205 maxime
3219 2131 3656 2205 complectitur,
3687 2151 3886 2205 nequc

2226 2149 2574 2201 composito,
2605 2149 2905 2186 veritatem
2937 2149 3190 2184 maxime
3219 2149 3656 2256 compiecutur,
3687 2151 3885 2205 nequc

2226 2200 2450 2256 nefaria
2482 2201 2908 2276 insomniorum
2938 2201 3062 2276 visa
3088 2199 3284 2256 animo
3337 2202 3355 2256 i
3383 2201 3499 2276 lius
3540 2219 3850 2276 Arepraisen
3871 2239 3885 2247 ο

2225 2277 2444 2328 tantur.
2470 2296 2491 2325 ι
2531 2271 2711 2327 Nobis
2740 2271 2917 2328 etiam
2949 2271 3377 2343 incompertum
3410 2273 3558 2330 illud
3595 2271 3712 2332 nbn
3771 2287 3882 2338 est,

2225 2344 2379 2416 quod
2401 2343 2741 2416 Aristoteies
2765 2342 3064 2416 tradidit,“
3088 2360 3100 2399 :
3126 2342 3180 2416 jx
3202 2343 3311 2409 Qui
3340 2345 3614 2401 instructi
3648 2348 3885 2404 virtuti-

2225 2413 2337 2491 iius
2367 2420 2526 2481 sunt,
2545 2414 2802 2491 _meliora
2829 2413 3059 2491 sompia
3087 2413 3308 2482 vident,
3339 2417 3497 2491 quod
3528 2418 3710 2473 etiam
3743 2421 3881 2491 vigi-

2223 2485 2412 2541 lantes
2451 2484 2695 2541 meliora
2749 2486 3240 2542 animadvertunt.
3274 2508 3302 2536 υ
3354 2484 3483 2542 Haec
3539 2491 3761 2545 etenim
3803 2484 3882 2544 'ct

2223 2557 2358 2632 alia,
2393 2557 2600 2632 signa
2621 2557 3018 2632 proferantur,
3070 2555 3319 2632 aliorum
3381 2558 3876 2632 philosophorum

2223 2629 2379 2684 dicta
2411 2628 2552 2711 nihil
2584 2627 2741 2711 aliud
2763 2629 3047 2711 probant,
3082 2627 3193 2711 nisi
3213 2645 3348 2710 eum
3373 2627 3474 2711 qui
3497 2627 3696 2711 anith
3725 2641 3881 2688 recte.

2223 2700 2568 2782 compositoz
2581 2699 3048 2782 .virtut’ibusque‘
3064 2699 3298 2782 pptime_
3315 2699 3602 2757 instructo
3626 2703 3879 2782 ad_som-

2224 2770 2370 2852 num
2399 2770 2642 2836 accedit,
2667 2771 2864 2857 ipsius
2896 2772 3078 2826 menti
3105 2770 3163 2825 in
3195 2771 3397 2857 eodem
3431 2789 3642 2857 somno
3697 2773 3878 2857 longe

2266 2843 2488 2898 uriores
2519 2842 2962 2914 sanctioresque
2990 2858 3220 2898 versare
3251 2843 3653 2914 cogitationes.
3681 2848 3756 2901 At
3804 2842 3873 2901 il-

2247 2931 2344 2969 um
2363 2921 2578 2987 _s_ancta
2607 2918 2664 2969 et
2689 2918 2848 2987 casta
2876 2913 3415 2987 deincepsusemper
3461 2915 3722 2987 cogitare
3775 2934 3876 2973 ne-

2221 3002 2331 3055 que
2363 2984 2481 3057 hic,
2512 2989 2614 3057 aut
2631 2983 2876 3057 quilibet
2895 2984 3047 3057 alius
3067 2983 3453 3057 philosophus
3475 2983 3755 3054 asseruit,
3782 3007 3879 3044 nc-

2223 3072 2336 3127 que
2357 3055 2461 3110 ulli
2496 3055 2670 3127 plane
2701 3055 3073 3127 philosopho,
3099 3056 3147 3110 si
3174 3056 3231 3111 id
3255 3055 3510 3126 unquam
3540 3059 3878 3117 afﬁrmasse

2224 3126 2522 3201 probetur,
2558 3126 2676 3201 ullo
2700 3126 2872 3183 modo
2899 3126 3276 3201 credendum.
3301 3128 3475 3201 _Cerla
3499 3129 3794 3201 siquidem
3818 3139 3877 3187 et

2218 3197 2520 3273 communi
2549 3197 2810 3273 virorum
2841 3198 3014 3273 etiam
3042 3197 3877 3273 sanctissimorumexperien-

2220 3270 2300 3326 tia
2329 3269 2840 3342 constat,inullum
2875 3268 2986 3342 nisi
3016 3269 3302 3342 singulari
3359 3287 3605 3342 prorsus
3649 3268 3874 3329 'divinac

2217 3339 2756 3413 omnipotentisque
2784 3340 2984 3412 gratias
3017 3339 3322 3409 beneﬁcio,
3357 3339 3511 3411 Quod
3547 3343 3750 3413 Paulo,
3785 3347 3869 3399 uti

2217 3413 2494 3480 vidimus,
2529 3429 2640 3468 non
2667 3412 2775 3468 fuit
2803 3428 3170 3478 concessum,
3201 3413 3272 3468 ab
3303 3413 3460 3468 omni
3481 3415 3681 3470 carnis
3705 3412 3871 3472 motu

2218 3485 2359 3556 217
2398 3488 2454 3538 et
2483 3483 2834 3556 titillatione,
2867 3483 2987 3540 sive
3009 3482 3323 3556 vigilando,
3351 3483 3472 3540 sive
3497 3485 3869 3556 dormienda,

2217 3572 2320 3627 per
2338 3555 2577 3626 longum
2601 3555 2733 3610 vitae
2753 3571 2871 3611 sua:
2897 3554 3130 3627 tempus
3153 3554 3331 3611 fuisse
3356 3554 3594 3613 omnino
3617 3554 3868 3616 liberum

2215 3630 2272 3683 et
2303 3626 2652 3682 immunem.

2779 3721 3180 3778 ARTICULUS
3212 3722 3307 3777 Vl.

2254 3816 2330 3867 De
2383 3810 2706 3880 theologiris
2759 3810 2996 3935 gnosti‘ci
3035 3810 3388 3937 pii-tatibus,
3449 3812 3574 3882 ﬁde,
3634 3830 3732 3884 τρο
3786 3825 3840 3873 et

2888 3898 2917 3937 ο
2956 3898 3044 3937 an
3074 3899 3103 3936 a
3131 3898 3180 3936 e.

2888 3898 3180 3938 cnamtate.

2286 3979 2369 4061 Ad
2401 3978 2760 4061 theologicns
2791 3979 3039 4061 virtutes
3069 3979 3225 4061 quod
3255 3983 3505 4061 spectat,
3549 3980 3669 4061 fide
3729 3999 3872 4061 gno:

2218 4049 2775 4127 st_icum_consistere
2805 4049 3372 4127 Clemene'perhibet
3399 4051 3442 4086 ⁸⁸
3498 4049 3754 4127 πέπηγεῦ
3784 4059 3869 4127 cf.

2216 4123 2394 4176 πίστει
2428 4122 2454 4176 ὁ
2495 4121 2819 4195 Αγνωστικός.
2879 4123 2958 4195 Ex
3013 4121 3123 4195 illis
3167 4127 3362 4177 autem
3421 4139 3551 4192 quae
3612 4121 3873 4181 a'nobi's

2217 4196 2287 4250 de
2321 4197 2426 4250 hac
2457 4193 2666 4249 virtute
2694 4194 2968 4265 superius
2999 4193 3299 4265 disputata
3330 4201 3493 4265 sunt,
3517 4195 3741 4250 nemini
3774 4198 3874 4253 ob-

2216 4282 2455 4322 scurum
2487 4281 2614 4321 esse
2647 4263 2841 4336 potest
2871 4263 3651 4336 Clemen'temhexistimasse
3704 4267 3868 4324 illam

2218 4355 2332 4393 non
2363 4336 2554 4410 solum
2585 4334 2885 4410 gnosticis,
2911 4335 3064 4410 sicut
3084 4339 3150 4410 et
3194 4334 3328 4410 eiiis
3349 4335 3725 4410 Christianis,
3748 4357 3874 4396 esse

2218 4408 2456 4465 omnino
2491 4406 2908 4475 necessariam,
2941 4407 3040 4479 sed
3081 4406 3140 4462 in
3191 4406 3334 4479 illis_
3367 4423 3602 4479 quoque
3661 4406 3873 4467 debere

2218 4497 2347 4536 esse
2381 4480 2908 4551 perfectiorcm.De
2940 4478 3046 4534 hoc
3079 4481 3272 4551 autem
3307 4477 3438 4534 ﬁdei
3481 4477 3543 4534 in
3603 4484 3874 4551 gnosticn

2218 4557 2274 4608 et
2293 4549 2637 4606 Christianis
2671 4550 2860 4622 magis
2891 4551 3164 4622 perfectis
3197 4549 3555 4622 incremento
3582 4549 3643 4606 et
3684 4553 3872 4609 excel-

2214 4622 2394 4678 lentia
2421 4623 2541 4677 haac
2573 4623 2646 4677 ab
2678 4619 3027 4678 illo'dic’tata
3057 4619 3308 4692 legimus
3330 4621 3374 4655 ⁸⁷
3401 4637 3414 4676 :
3449 4645 3474 4670 ‹‹
3499 4624 3642 4686 Quae
3671 4631 3872 4681 autem

2214 4693 2426 4749 eximie
2443 4692 2965 4764 superaediﬁcatur,
2994 4691 3150 4747 ﬁdeli
3173 4697 3644 4764 consummatur,
3662 4700 3722 4751 et
3744 4713 3873 4752 rur-

2215 4783 2318 4821 sus
2352 4763 2651 4836 perficitur
2682 4780 2784 4836 per
2813 4779 3124 4836 eam,iquaa
3156 4763 3380 4836 accedit
3407 4779 3477 4818 ex
3517 4765 3792 4824 doctrina
3819 4775 3876 4822 et

2215 4834 2441 4910 ratione
2473 4834 2786 4910 peragendi
2820 4835 3121 4910 mandata,
3156 4834 3360 4906 quales
3392 4841 3561 4890 erant
3599 4838 3872 4910 apostoli,

2214 4908 2285 4964 de
2316 4905 2534 4978 quibus
2565 4905 2788 4978 dictum
2823 4910 2911 4962 est
2941 4905 3115 4978 ﬁdem
3167 4905 3401 4978 montes
3461 4905 3874 4967 transmovere

2214 4986 2269 5034 et
2301 4976 2540 5035 arbores
2573 4977 3022 5050 transplantare.
3055 4976 3219 5050 Unde
3241 4994 3376 5033 cum
3396 4978 3729 5037 sensissent
3751 4999 3871 5038 ma-

2257 5051 2585 5106 nitudinem
2619 5049 2950 5122 potestatis,
2983 5049 3269 5122 rogabant
3301 5058 3360 5104 ut
3409 5050 3732 5108 adderetur
3786 5067 3870 5108 ets

2257 5069 2585 5106 nuunnnem
2619 5069 2950 5122 pOLBSIauS,
2983 5069 3269 5120 rogabant
3301 5069 3360 5104 υι
3409 5069 3732 5108 acueretur
3786 5069 3870 5108 ets

2214 5069 2384 5189 ﬁdes,
2431 5137 2557 5192 quae
2613 5128 2676 5178 ut
2732 5136 2984 5192 granum
3015 5119 3235 5191 sinapis
3296 5122 3588 5177 morderet
3647 5124 3871 5182 utiliter

2215 5195 2496 5262 animam,
2520 5197 2577 5249 et
2605 5193 2664 5248 in
2696 5192 2826 5266 ipsa
2854 5193 3000 5266 adeo
3027 5195 3334 5266 cresceret,
3366 5197 3430 5266 ut
3469 5192 3530 5247 in
3590 5193 3720 5266 ipsa
3781 5212 3869 5253 re-

2215 5266 2584 5336 quiescerent
2615 5266 2685 5320 dc
2708 5262 2884 5319 rebus
2913 5262 3271 5318 sublimibus
3300 5263 3580 5336 rationes,
3617 5262 3645 5314 ἰ)

2285 5336 2396 5419 Sed
2423 5336 2580 5419 hanc
2612 5336 3089 5419 fidemcum-spe
3119 5334 3423 5419 gnosticus
3453 5335 3525 5391 ad
3559 5335 3744 5419 fizturi
3776 5353 3871 5419 ex-

2215 5409 2636 5491 spectationem
2671 5409 2980 5478 conjungit
3008 5410 3066 5460 et
3109 5409 3455 5488 permiscet}
3516 5429 3544 5455 ει
3567 5409 3870 5480 Serpente,

2217 5483 2299 5535 att
2321 5478 2588 5536 Clemens
2603 5479 2893 5550 “,juncto
2911 5493 3044 5534 cum
3078 5475 3372 5547 columba,
3400 5479 3578 5534 Simul
3615 5481 3871 5552 perfecte

529 5622 574 5656 ⁵⁹
601 5622 787 5687 Cass.,
821 5621 1018 5678 collat.
1053 5639 1105 5678 Iv
1129 5625 1186 5678 et
1213 5639 1372 5677 χχιιι.
1448 5622 1494 5656 θο
1523 5621 1656 5677 coll.
1688 5639 1788 5686 vn,
1821 5638 1871 5676 c.
1905 5623 1956 5677 1.
2030 5623 2073 5658 ⁶¹
2111 5641 2112 5646 η

2227 5663 2278 5689 η.,
2308 5639 2358 5677 c.
2396 5622 2500 5677 ult.
2533 5623 2578 5657 ⁶²
2607 5622 2716 5679 loc.
2751 5621 2850 5678 cit.
2927 5620 2971 5656 ⁸³
3003 5620 3191 5676 Laert.
3225 5619 3263 5674 l.
3295 5637 3330 5675 x
3359 5620 3416 5676 in
3439 5620 3572 5677 Vita
3604 5623 3858 5689 Epicuri,

454 5694 900 5822 ἕ41ἐ1.”οἷιὲἶέξ
929 5695 1290 5822 Ige7rfgubln
1328 5693 1454 5750 init.
1493 5711 1509 5750 1
1543 5693 1610 5764 ll,
1644 5712 1700 5767 p.
1733 5694 1833 5750 571
1869 5701 1922 5750 et
1957 5709 2075 5766 seq.
2152 5694 2246 5762 “§
2276 5694 2347 5750 30
2377 5693 2640 5766 problem
2673 5692 2780 5750 ult.
2856 5693 2901 5728 ⁶⁶
2932 5694 3150 5748 Strom.
3173 5691 3212 5748 l.
3241 5709 3301 5760 ιι,
3321 5708 3376 5765 p.
3409 5691 3536 5750 372.
3568 5695 3613 5729 ⁸⁷
3649 5691 3689 5750 Ῐ.
3726 5714 3776 5764 v,
3807 5712 3859 5768 p.

493 5767 581 5834 45,
657 5765 702 5802 ⁸⁸
732 5765 771 5823 1.
798 5783 900 5840 vn,
934 5783 990 5840 p.
1018 5766 1144 5824 749.
