4130 6194
265 245 412 302 1213

262 373 430 437 vivit,
460 374 518 428 et
545 387 680 428 cum
711 371 867 428 bona
895 372 1255 431 conscientia
1285 389 1448 437 spem
1483 372 1597 428 ﬁde
1637 373 1917 430 commis-

265 460 413 500 cens
444 444 514 516 ad
541 444 975 516 exspectionem
1010 446 1214 500 futuri.
1246 465 1280 516 ii
1310 444 1544 500 Certum
1579 449 1669 500 est
1700 451 1919 514 autem,

269 522 335 573 et
365 532 436 571 ex
464 515 537 570 iis
567 515 693 583 quas
721 516 1078 572 antecedunt
1108 520 1165 572 et
1194 515 1662 586 subsequuntur,
1693 523 1926 572 constat

270 589 350 643 de
381 587 633 657 perfecto
654 588 923 658 gnostico
946 588 1027 658 ibi
1058 603 1391 642 sermonem
1415 604 1448 642 a
1467 587 1760 643 Clemente
1779 588 1924 643 ﬁeri.

193 712 203 718 .
274 665 632 714 Persuasum
665 657 802 730 ergo
836 658 947 730 ipsi
981 657 1092 713 fuit
1115 658 1270 714 hunc
1301 659 1633 729 gnosticum
1668 675 1780 713 non
1817 661 1928 714 iide

273 730 494 798 solum,
520 730 619 785 sed
643 729 823 802 etiam
839 729 910 785 ad
936 730 1116 785 futuri
1144 731 1636 802 exspectationem
1662 747 1764 799 spe
1785 747 1925 802 pra:-

273 803 468 856 ditum
501 816 630 856 esse
675 801 906 857 debere.
940 802 1330 865 Quamobrem
1363 801 1503 856 alibi
1535 803 1606 856 de
1651 801 1927 869 martyre,

275 873 384 928 hoc
415 878 507 928 est
551 872 622 927 de
655 872 1106 943 perfectissimo,
1152 880 1216 928 ut
1246 872 1369 942 ipse
1424 877 1611 942 putat,
1661 873 1928 942 gnostico

277 959 520 999 rursum
553 945 763 999 scribit
784 944 829 978 δ’
865 961 878 1000 :
913 966 940 992 (ι
976 951 1184 1000 Annon
1217 948 1304 998 est
1331 959 1470 1000 ergo
1497 944 1582 998 eis
1616 945 1930 998 manifesta

273 1032 416 1088 spes
448 1014 579 1069 ﬁdei
617 1021 750 1088 post
779 1019 1053 1088 mortem,
1079 1014 1170 1088 ﬁp’
1191 1012 1266 1088 of»
1297 1012 1580 1088 πρόδηλος
1599 1015 1665 1082 ἦν
1694 1015 1728 1082 ἡ
1753 1013 1931 1088 πίστις

272 1081 462 1145 αὐτοῖς
490 1090 592 1152 τῆς
617 1081 764 1155 ’μετὰ
794 1085 1018 1148 θάνατον
1075 1081 1318 1155 ἐλπίδος,
1342 1081 1663 1157 qui-etlam
1697 1081 1754 1141 in
1803 1087 1931 1157 ipso

277 1165 546 1228 tempore
577 1167 1010 1214 tormentorum
1037 1157 1153 1213 Deo
1185 1162 1367 1229 agunt
1398 1157 1640 1227 gratias.
1677 1158 1932 1214 Firmam

273 1235 337 1285 et
361 1234 756 1298 constantem,
791 1234 854 1284 ut
877 1231 1105 1300 opinor,
1128 1230 1300 1284 tidem
1335 1231 1736 1299 possidebant,
1755 1244 1932 1300 quam

277 1300 486 1356 ﬁdeles
516 1315 752 1371 quoque
780 1299 1299 1370 consequebantur
1314 1301 1703 1371 operationes.
1733 1323 1760 1349 ››
1785 1299 1932 1364 Quid

279 1389 442 1433 vero,
475 1371 627 1442 quod
665 1372 960 1442 perfectus
985 1371 1285 1442 gnosticus
1316 1373 1389 1426 ab
1415 1372 1616 1427 eodem
1641 1372 1937 1426 Clemente

280 1443 570 1514 dicitur"0
595 1465 622 1490 «
645 1459 832 1514 essea
862 1459 1012 1514 spe»
1043 1443 1539 1514 quemadmodum
1564 1464 1594 1514 _»
1613 1442 1750 1514 aDei
1771 1459 1937 1514 [Dan

281 1509 914 1586 datouinseperabilis,"
949 1509 1262 1586 ἀχώριστος
1293 1509 1366 1566 ὣν
1419 1519 1518 1581 τῆς
1560 1510 1788 1586 ἐντολῆς
1845 1509 1936 1586 xui

277 1581 672 1657 cici-Antaee.
709 1590 820 1640 Deo
853 1581 1087 1654 semper
1115 1585 1338 1657 gratias
1369 1601 1571 1657 agens,
1604 1584 1759 1640 sicut
1807 1585 1938 1640 ani-

285 1655 474 1729 malia
530 1655 940 1729 gloriﬁcantia,
972 1655 1466 1729 quaa'allegorice
1518 1657 1793 1711 dicuntur
1840 1671 1940 1729 per

284 1726 586 1825 Isaiamﬂi
609 1726 807 1825 N‘eque
839 1726 1302 1825 ve‘roignosticu‘s
1333 1734 1563 1825 tantum
1595 1732 1811 1825 spernat,
1837 1727 1933 1782 sed
1972 1761 2018 1825 Β

283 1801 466 1856 etiam
491 1803 656 1870 optat
675 1813 845 1854 suam
866 1805 924 1852 et
945 1799 1193 1853 aliorum
1211 1804 1485 1854 aeternam
1511 1799 1938 1854 beatitudinem

284 1894 315 1921 ‹‹
351 1869 620 1940 ΙίίειοίιὶιιῑρΔ
639 1869 914 1939 (ipsemet
944 1870 1204 1926 auctoris
1228 1871 1409 1924 nostri
1433 1871 1608 1925 verba
1635 1870 1796 1940 sunt)
1821 1885 1936 1940 non

284 1935 533 2013 quidem
553 1935 792 2013 sufﬁci,
824 1940 1053 2013 optabit
1080 1945 1207 2008 (seu
1254 1941 1608 2010 precabitur)
1656 1935 1938 2010 consequi

285 2011 358 2068 ea
391 2028 520 2083 qua
551 2012 646 2066 hic
677 2016 839 2076 sunt,
862 2011 954 2065 cui
988 2028 1332 2082 persuasum
1365 2017 1457 2068 est
1488 2013 1608 2067 fore
1641 2017 1706 2066 ut
1735 2027 1941 2066 conse-

282 2089 509 2154 quatur
563 2099 632 2138 ea
687 2098 817 2154 qua
874 2083 1024 2138 bona
1054 2088 1232 2150 sunt;
1293 2098 1522 2153 semper
1568 2083 1794 2152 optabit
1844 2096 1942 2136 re-

284 2161 452 2212 ctum
485 2158 545 2210 et
600 2169 664 2209 se
720 2158 1022 2224 gerentem
1055 2157 1252 2209 tenere
1310 2154 1521 2222 ﬁdem;
1574 2161 1631 2209 et
1663 2158 1944 2224 presteres.

286 2223 768 2297 quamplurimos
827 2224 947 2280 ﬁeri
981 2224 1095 2280 sibi
1129 2223 1354 2297 similes
1411 2225 1480 2280 ad
1517 2224 1618 2297 Dei
1666 2223 1942 2297 gloriam,

290 2293 424 2370 qua
477 2293 931 2370 consummatur
983 2312 1084 2368 per
1113 2296 1531 2368 cognitionem,
1564 2296 1599 2365 ἢ
1648 2293 1764 2349 κᾶτ’
1824 2293 1944 2348 ἐπί-

289 2364 496 2443 ἧνωσιν
523 2364 851 2443 τιλθᾼιοβται.

375 2439 717 2510 Degnostici
751 2454 921 2510 porro
959 2437 1242 2510 charitate
1273 2436 1425 2510 nihil
1445 2453 1681 2510 necesse
1698 2442 1809 2502 est,
1842 2453 1949 2492 cur

307 2529 344 2565 a
371 2508 544 2566 nobis
565 2508 807 2580 longum
838 2513 896 2565 et
918 2509 1156 2564 uberius
1183 2508 1464 2565 orationis
1489 2508 1946 2580 ﬁlumducatur.

305 2583 612 2638 Noverunt
642 2579 798 2637 enim
829 2598 1056 2648 omnes,
1090 2582 1188 2651 qui
1222 2581 1308 2636 vel
1338 2581 1636 2636 levissime
1665 2579 1772 2636 hos
1789 2584 1949 2636 Stro-

301 2657 525 2710 matum
553 2654 735 2709 libros
765 2651 1117 2714 evolverunt,
1139 2651 1282 2706 nihil
1318 2654 1376 2706 in
1410 2651 1526 2706 illis
1557 2651 1886 2707 studiosius
1916 2667 1952 2706 a

307 2725 609 2780 Clemente
639 2724 1058 2790 commendari,
1094 2723 1360 2793 nihilque
1391 2723 1508 2778 fere
1530 2722 1586 2776 in
1610 2723 1816 2778 iisdem
1846 2723 1953 2793 fre-

303 2795 587 2878 quentius
619 2810 941 2878 occurrere,
973 2791 1538 2878 quamlmultiplices
1559 2791 1950 2878 variasqueil-

302 2865 424 2922 lin
457 2867 890 2923 cohortationes
947 2873 1005 2920 et
1037 2865 1436 2931 incitamenta,
1471 2865 1688 2936 quibus
1746 2879 1952 2921 omnes

304 2937 974 3010 prorsusChristianos,
1006 2937 1178 3010 etiam
1217 2936 1644 3010 sanctissimos,
1672 2936 1741 2990 ad
1788 2951 1953 3010 sum-

313 3007 472 3065 mam
505 3008 665 3064 illius
709 3008 1012 3063 charitatis
1045 3007 1458 3078 perfectionem
1493 3007 1952 3078 comparandam

309 3081 550 3148 excitat,
582 3080 811 3135 exacuit
841 3084 896 3134 et
927 3077 1197 3150 impellit.
1229 3079 1407 3150 Nobis
1438 3077 1733 3150 anteme:
1769 3077 1952 3150 pluri-

305 3123 1006 3222 ἷιῇἔῖἑὲεἷῖἒῦἓςὲἱςίέ
1017 3123 1206 3221 ’ῥὶὶίἶὲ
1229 3123 1642 3222 ἷὲιῖέέιῇἶιᾶἷιῐ
1665 3123 1953 3222 ᾗῑυέἷβὶίτ
1984 3123 2026 3190 C

303 3220 473 3279 mum
498 3221 815 3280 Clementis
863 3220 1102 3276 effatum
1135 3220 1388 3276 occurrit
1407 3221 1454 3288 7’
1481 3245 1496 3285 ;
1527 3220 1627 3275 Διὰ
1671 3221 1888 3274 πάντων
1920 3220 1956 3288 ἡ

304 3293 489 3368 ἆγᾲπη
547 3295 627 3368 τῷ
686 3295 988 3368 χνωστικῷ
1073 3292 1345 3368 πέπεικρν,
1401 3285 1494 3368 ἓνςι
1551 3290 1680 3346 Θεὸν
1767 3285 1954 3368 εξδόῖιξ

313 3362 655 3421 σ’ϐηοειὶὸο
685 3362 871 3421 Deum
906 3365 1284 3436 cognoscenti
1315 3363 1516 3420 omnia
1546 3363 1832 3436 persuasit
1864 3362 1958 3419 di-

310 3437 508 3493 lectio.
542 3457 571 3485 ι»

386 3508 496 3564 Ubi
527 3521 659 3562 vero
691 3504 844 3562 idem
870 3504 996 3576 ipse
1025 3509 1229 3560 auctor
1258 3507 1458 3560 noster
1496 3504 1866 3576 probandum
1897 3503 1958 3576 in

313 3595 382 3636 se
411 3576 662 3650 suspicit
686 3577 880 3650 solum
902 3575 1400 3650 'gnosticumjere
1434 3575 1611 3650 Deum
1635 3577 1845 3643 colere,
1873 3575 1961 3650 ibi

315 3651 477 3707 hunc
503 3647 724 3704 cultum
751 3648 832 3702 ita
852 3647 1057 3704 deﬁnit
1080 3649 1126 3682 ⁷³
1151 3664 1163 3703 :
1191 3671 1218 3699 «ι
1239 3647 1338 3702 Dei
1363 3647 1556 3702 cultus
1585 3653 1675 3703 est
1695 3647 1962 3718 gnostico

313 3721 598 3778 continua
627 3720 836 3775 animis
869 3736 1030 3787 cura,
1063 3724 1121 3776 et
1148 3719 1278 3789 ejus
1310 3725 1591 3789 perpetua
1622 3720 1679 3774 in
1727 3721 1837 3774 Deo
1865 3735 1960 3774 oc-

323 3793 702 3865 cupatioper
729 3790 1100 3865 ch_ari_tatem,
1135 3807 1262 3865 quae
1294 3806 1596 3865 nunquam
1624 3789 1961 3865 intermitti-

313 3857 440 3932 tur',
469 3857 732 3930 κατᾶτὴν
757 3857 1106 3916 ἀδιάλιιπτον
1135 3857 1372 3934 ἆγάπην.
1398 3857 1620 3934 {Talis
1649 3867 1738 3934 est
1768 3862 1964 3934 itaque

315 3931 573 4005 gnOstici
633 3950 767 4005 erga
803 3939 982 3988 Deum
1040 3931 1260 4005 cultus,
1291 3932 1484 4003 qualis
1514 3933 1644 4003 ejus
1683 3931 1961 4005 charitas.

319 4003 860 4078 Quapropter'quia
885 4005 1014 4078 ejus
1035 4004 1290 4060 charitas
1315 4021 1616 4078 nunquam
1644 4004 1803 4060 nullo
1825 4003 1964 4058 vitio

315 4085 422 4135 aut
453 4074 704 4149 graviori
738 4074 970 4146 peccato
1000 4074 1469 4200 interrumpitur,
1505 4074 1718 4130 idcirco
1741 4090 1969 4145 semper

317 4151 509 4200 Deum
541 4149 702 4200 colit.
734 4152 793 4200 et
825 4151 1104 4200 nernetua
1133 4153 1222 4200 est
1253 4146 1288 4200 il
1323 4148 1412 4200 ius
1435 4146 1614 4200 inDeo
1637 4146 1964 4200 occunatio.

316 4146 509 4207 Deum
541 4149 702 4215 colit,
734 4152 793 4202 et
823 4151 1104 4219 perpetua
1133 4153 1222 4203 est
1253 4146 1412 4219 illius
1435 4146 1614 4219 inDeo
1637 4146 1964 4219 occupatio.

1537 250 1630 302 DE
1667 249 1901 303 LIBRIS
1939 249 2413 305 STROMATUM.

3538 247 3673 302 1214

1950 379 1998 448 Α
2034 375 2224 448 denda
2254 379 2344 432 est
2370 375 2532 432 illius
2562 376 2635 432 de
2665 391 2832 447 puro,
2865 378 2931 432 ut
2974 373 3159 445 aiunt,
3193 372 3293 428 Dei
3323 389 3524 430 amore
3552 389 3681 430 sen-

2033 447 2235 504 tentia.

2574 544 2974 601 ARTICULUS
3024 544 3146 600 VII.

2179 634 2250 688 De
2277 648 2417 706 puro
2444 635 2677 705 gnosli'ci
2697 634 2754 688 in
2779 635 2947 689 Deum
2973 649 3158 689 amore
3176 637 3228 689 et
3250 631 3539 688 charitale.

2105 731 2306 786 Visum
2338 732 2697 803 quibusdam
2731 749 2862 788 esse
2893 733 3116 788 scimus
3162 731 3318 803 hanc
3347 731 3528 803 fuisse
3558 728 3684 783 Cle-

2040 804 2254 858 mentis
2287 801 2470 859 nostri
2502 804 2862 875 opinionem,
2916 805 3234 875 perl’ecium
3265 801 3684 875 Christianum,

2037 889 2134 929 seu
2193 871 2556 945 gnosticum,
2584 877 2655 930 ad
2715 871 2854 930 eum,
2883 871 3197 944 aliquando
3249 871 3687 945 perfectissisz

2038 943 2344 1001 cbaritatis
2375 964 2490 1001 non
2524 947 2696 1001 modo
2717 954 2937 1012 actum,
2963 943 3062 1002 scd
3096 943 3478 1006 babitualem,
3501 950 3564 997 ut
3590 960 3686 997 vo-

2040 1024 2195 1081 cant,
2244 1022 2464 1072 statum
2501 1016 2820 1088 pervenire,
2876 1034 2991 1088 quo
3023 1023 3228 1082 Deum,
3262 1014 3426 1070 nulla
3463 1014 3680 1068 habita.

2040 1103 2231 1158 neque
2261 1089 2582 1156 cujuslibet
2615 1089 2858 1144 alterius
2895 1089 3051 1153 boni,
3085 1089 3200 1143 imo
3242 1101 3429 1158 neque
3459 1092 3685 1139 aeternis

2041 1156 2160 1214 suae
2184 1160 2564 1215 beatitudinis
2589 1160 2811 1215 ratione
2835 1159 3310 1215 constantissime
3331 1156 3558 1227 diligat.
3579 1158 3682 1210 At-

2043 1245 2156 1302 que
2189 1229 2346 1284 hunc
2378 1232 2507 1302 puri
2542 1231 2758 1286 amoris
2789 1231 3055 1286 habitum
3089 1237 3147 1302 et
3177 1235 3392 1285 statum
3425 1229 3554 1282 ideo
3585 1243 3685 1298 ap-

2045 1301 2265 1384 pellare
2295 1301 2507 1384 solent,
2539 1303 2676 1384 quia
2704 1302 2857 1384 Deus
2890 1303 3014 1384 ipse
3046 1301 3232 1384 solus,
3265 1317 3329 1355 ac
3357 1315 3598 1382 summae
3630 1302 3686 1384 et

2042 1372 2292 1444 inﬁnitae
2321 1372 2482 1428 illius
2532 1372 2927 1444 perfectiones“
2969 1375 3219 1443 hujusce
3249 1373 3466 1444 amoris
3521 1373 3681 1433 sunt,

2045 1444 2127 1499 uti
2161 1441 2505 1513 loquuntur,
2533 1441 2848 1514 motivum,
2881 1461 2982 1500 seu
3017 1441 3216 1511 causa,
3249 1443 3396 1498 ratio
3421 1448 3478 1498 et
3508 1457 3683 1508 argu-

2047 1519 2332 1569 mentum.

2118 1584 2396 1650 Quamvis
2425 1585 2582 1640 enim
2614 1591 2797 1642 Deum
2823 1590 3032 1640 natura
3061 1602 3170 1640 sua
3198 1585 3681 1656 ipsamnostram

2048 1657 2613 1726 beatitudinem,seu
2647 1656 3046 1727 utiinquiunt,
3067 1655 3448 1727 beatitudinis
3471 1658 3686 1727 nostrae

2049 1729 2341 1800 objectum
2379 1744 2506 1784 esse
2539 1725 2943 1800 proﬁteantur,
2993 1729 3265 1800 eumdem
3299 1725 3688 1800 nihilominus

2049 1795 2230 1855 Deum
2250 1795 2754 1872 propterséipsum
2770 1800 2984 1867 solum,
2999 1800 3120 1872 sive
3132 1799 3253 1872 solo
3271 1795 3688 1872 perfectionum
3787 1805 3790 1808 ‘

2053 1869 2294 1926 suarum
2329 1869 2545 1926 motivo
2578 1869 2658 1926 ita
2687 1888 2837 1942 saepe
2869 1890 2902 1926 a
2932 1870 3195 1943 gnostico
3226 1869 3391 1943 diligi
3441 1869 3688 1943 conten-

2049 1943 2216 2026 dunt,
2251 1947 2316 1997 ut
2344 1943 2454 1998 hoc
2495 1943 2670 2026 etiam
2701 1937 2836 2026 puri
2889 1937 3108 2026 amoris
3141 1948 3268 2026 actu
3321 1937 3441 2026 sive
3484 1937 3688 2026 habitu

2050 2017 2327 2068 teternam
2360 2029 2526 2068 suam
2561 2010 2900 2069 felicitatem
2944 2014 3016 2068 ab
3049 2029 3114 2069 eo
3155 2012 3470 2083 aliquando
3513 2010 3696 2083 velint

2050 2100 2180 2140 esse
2201 2084 2389 2168 reipsa
2409 2085 2712 2168 “tandem.
2735 2085 2966 2168 Durum
2991 2084 3164 2168 plane
3186 2079 3566 2168 sacriﬁcium,
3589 2079 3691 2135 sed

2052 2172 2168 2226 quo
2199 2160 2396 2227 tamen
2430 2155 2575 2227 nith
2611 2157 2872 2227 penitus,
2906 2155 3017 2210 nisi
3051 2156 3201 2227 quod
3236 2160 3570 2210 nostrarum
3606 2165 3696 2205 re-

2053 2225 2185 2282 rum
2218 2225 2481 2294 interest,
2523 2225 2639 2282 Deo
2672 2227 2826 2282 litari
2859 2225 3238 2281 arbitrantur.
3274 2229 3448 2280 Porro
3497 2226 3693 2279 autem

2053 2297 2171 2374 hac
2193 2297 2264 2352 de
2294 2315 2476 2374 ‘puro,
2511 2303 2578 2353 ut
2607 2315 2754 2374 cum
2790 2297 2862 2352 iis
2893 2296 3452 2374 ad_h_uc_loqu_a_mur,
3477 2309 3696 2374 ‘amore

2055 2367 2366 2434 sententia,
2393 2375 2572 2440 atque
2603 2370 2713 2425 ista
2739 2369 2892 2424 inter
2919 2367 3216 2436 objectum
3249 2367 3410 2440 illius
3440 2369 3496 2420 et
3523 2367 3694 2440 moti-

2059 2456 2191 2514 vum
2211 2436 2588 2514 distinctione
2609 2440 2946 2514 existimant
2968 2444 3152 2514 totum
3178 2436 3700 2514 miysticaaspiritua

2064 2511 2274 2581 lisque,
2307 2513 2392 2566 uti
2421 2527 2546 2586 eam
2593 2511 2916 2586 appellant,
2977 2506 3481 2586 vel_ut_Clemens
3537 2506 3698 2586 loqui

2058 2584 2520 2654 amat,gnosticze
2554 2582 2688 2638 vitae
2714 2582 3026 2638 aediﬁcium
3062 2582 3294 2654 fundari
3325 2585 3384 2635 et
3412 2582 3694 2654 construi.

2131 2649 2303 2708 Plura
2335 2660 2530 2710 autem
2564 2654 2621 2708 in
2657 2655 2905 2726 hujusce
2933 2653 3225 2726 opinionis
3254 2669 3372 2726 suae
3405 2649 3699 2726 defensio-

2060 2739 2192 2796 nem
2254 2727 2560 2796 prolerunt
2605 2721 2922 2781 Clementis
2953 2721 3136 2780 nostri
3169 2721 3529 2796 testimonia,
3572 2735 3698 2789 qua:

2061 2795 2324 2866 quidem,
2359 2813 2432 2852 ne
2462 2797 2601 2866 quid
2637 2797 3014 2852 dissimulare
3044 2797 3368 2860 videamur,
3412 2795 3702 2866 integras

2062 2862 2232 2921 nobis
2295 2862 2734 2924 transcribenda
2792 2875 2969 2938 atque
2999 2873 3268 2923 accurate
3310 2862 3702 2938 examinanda

2061 2944 2222 3010 sunt.
2274 2939 2537 2994 Primum
2570 2941 2767 3010 itaque
2795 2934 3105 3009 eiquarto
3158 2943 3503 2995 Stromatum
3551 2934 3702 2988 libro

2063 3009 2335 3080 petitum,
2364 3010 2457 3066 his
2481 3009 3111 3081 verbis’concipitur":
3146 3033 3172 3060 ι(
3206 3009 3484 3081 Existimo
3506 3011 3702 3081 autem

2065 3077 2332 3149 oportere
2364 3098 2554 3154 neque
2585 3082 2737 3138 218
2773 3077 3006 3154 propter
3038 3087 3257 3154 metum
3292 3077 3588 3149 supplicii,
3613 3091 3706 3130 ne-

2065 3167 2177 3223 que
2211 3151 2468 3224 propter
2497 3151 2926 3223 aliquam—doni
2963 3151 3430 3222 promissionem,
3463 3165 3526 3224 se
3568 3163 3703 3218 pro-

2066 3219 2192 3300 pter
2212 3219 2434 3293 'ips'um
2466 3219 2682 3300 bonum
2713 3219 2988 3281 accedere
3018 3225 3110 3300 adA
3141 3225 3384 3300 verbum
3425 3219 3702 3300 salutare.

2065 3293 2172 3359 Qui
2199 3300 2395 3350 autem
2443 3297 2592 3352 tales
2621 3302 2783 3361 sunt,
2831 3302 2990 3352 stant
3017 3314 3049 3350 a
3079 3295 3298 3351 dextris
3348 3293 3697 3348 sanctuarii.

2064 3365 2170 3429 Qui
2202 3373 2396 3437 autem
2428 3383 2532 3437 pro
2563 3367 2878 3423 donatione
2907 3383 3136 3433 eorum,
3160 3367 3218 3421 in
3243 3381 3371 3437 qua
3395 3363 3550 3417 cadit
3580 3376 3708 3437 cor-

2065 3436 2260 3508 ruptio
2278 3445 2336 3493 et
2368 3436 2659 3504 interitus,
2691 3438 3030 3494 existimant
3058 3454 3122 3492 se
3142 3436 3402 3493 vicissim
3436 3436 3705 3508 acceptu-

2066 3500 2160 3563 ros
2197 3500 2724 3584 incorruptionem,
2755 3510 2813 3584 in
2861 3511 3112 3584 duorum
3146 3511 3394 3584 fratrum
3429 3500 3708 3584 parabela

2063 3579 2248 3635 vocati
2296 3573 2873 3637 sunt'mercenarii.»
2921 3580 3134 3636 Verum
3165 3579 3204 3634 ii
3239 3577 3340 3650 qui
3370 3573 3490 3650 haec
3543 3573 3709 3650 nobis

2065 3651 2384 3726 gbjectant,
2445 3668 2560 3707 non
2593 3651 3109 3726 satisudiligenter
3167 3647 3711 3726 animadverterunt

2065 3721 2725 3799 Clementemnostrum
2759 3721 2938 3799 ibide
2973 3726 3221 3799 martyre
3249 3721 3574 3799 disputare,
3607 3721 3710 3799 qui

2067 3791 2248 3847 nullis
2309 3793 2486 3849 minis
2517 3800 2618 3849 aut
2671 3794 2972 3864 suppliciis
2993 3795 3064 3849 ad
3093 3787 3437 3862 ejurandam
3454 3787 3712 3864 “Christi

2070 3865 2242 3940 lidem
2274 3865 2400 3934 cogi
2454 3859 3139 3940 potest._Mart_yr_autem’
3183 3864 3300 3929 ille,
3333 3866 3397 3917 ut
3434 3859 3714 3940 Clemens

2071 3931 2555 4007 ait,gpersuasum
2599 3937 2800 4007 utique
2831 3931 3006 3992 liabet
3037 3953 3099 3992 se
3141 3953 3258 4007 non
3282 3937 3519 4006 prepter
3548 3931 3708 4007 boni,

2069 4001 2296 4062 scilicet
2331 4009 2543 4062 terreni
2575 4014 2634 4063 et
2679 4001 3046 4078 temporalis,
3080 4001 3556 4077 promissionem,
3608 4001 3710 4078 sed

2114 4083 2308 4153 ξορίθν
2337 4079 2533 4153 ipsum
2566 4071 3312 4153 bonum,‘_1rpoce)iq'l00évai
3339 4079 3420 4146 τῷ
3451 4071 3712 4153 σωτηρίῳ

2111 4147 2243 4222 όγῲ,
2279 4171 2308 4201 α
2338 4147 2612 4222 accedere
2630 4152 2700 4206 ad
2726 4147 2967 4206 verbum
3000 4147 3279 4212 salutare,
3316 4173 3343 4198 »
3362 4165 3476 4220 quo
3498 4147 3713 4222 sempi-

391 4215 1124 4305 HacpharitateT‘Iomnia
1173 4218 1395 4305 suﬁ‘ert,
1429 4217 1628 4305 omnia
1667 4215 1967 4305 sustinet;
2072 4215 2240 4305 terna
2283 4221 2581 4305 beatitudo
2614 4223 2686 4278 iis
2716 4223 2817 4294 qui
2850 4226 3309 4305 persecutionem
3344 4215 3584 4305 propter
3602 4215 3712 4305 liti:

314 4296 499 4362 atque
528 4291 877 4365 ignominia,
910 4289 1193 4345 bonorum
1228 4288 1645 4365 publicatione,
1669 4289 1882 4365 exsilio
1913 4293 1970 4365 et
2074 4293 2299 4347 stitiam
2335 4294 2638 4364 patiuntur
2681 4286 2969 4365 promissa
3015 4301 3124 4349 est.
3157 4286 3520 4365 Quapropter
3557 4286 3714 4365 hunc

316 4359 509 4419 morte
538 4359 666 4433 ipsa
689 4361 957 4428 aﬁ‘ectus,
986 4359 1290 4433 nunquam
1316 4361 1388 4433 ab_
1406 4359 1506 4414 illa
1523 4359 1810 4433 charitate
1840 4359 1968 4415 ani-

313 4435 520 4505 mique
550 4431 822 4505 libertate
843 4433 1196 4505 sejungitur.
1222 4431 1432 4505 Omnia
1451 4436 1646 4505 autem
1672 4431 1803 4505 torti
1828 4447 1962 4486 con-

2075 4355 2399 4448 martyrem
2421 4365 2469 4419 ei
2504 4355 2874 4448 o_pponit,qui
2911 4355 3248 4448 pro_caduoi
3280 4355 3336 4416 et

2067 4435 2170 4504 jus
2199 4433 2336 4489 boni
2367 4433 2682 4490 donatione
2712 4433 3209 4505 incorruptionem
3243 4449 3304 4487 se
3333 4433 3712 4505 accepturum

317 4484 625 4574 mina;
641 4484 1254 4576 amoenissimas
1279 4484 1748 4576 arisgiiirgai
1770 4484 1964 4557 niueo
1999 4484 2042 4550 D
2067 4484 2679 4561 ’ὲῖὖίῐιῖοῖὶιῖνιῖιίὶῖιὲ
2711 4484 3377 4576 ἰῖὲᾇιὶὸὲὧὲἑῑόῖαῶοῆ
3398 4484 3515 4576 i_11é,
3538 4511 3714 4576 quem

317 4573 551 4648 placet:
591 4599 611 4626 ι
640 4575 1014 4648 Quanquam,
1047 4576 1130 4629 ait
1158 4573 1424 4648 Clemens
1455 4574 1520 4639 ⁷⁵,
1569 4589 1966 4648 θυωᾼᾳυοςιυθ

317 4645 451 4704 laus
482 4647 756 4717 sequitur
807 4646 1458 4718 per-consequentiam,
1513 4661 1626 4699 non
1660 4645 1730 4700 ad
1800 4661 1965 4718 suam

320 4716 662 4783 utilitatem,
695 4716 895 4772 sed'ad
928 4716 1312 4788 imitationem
1333 4721 1402 4788 et
1428 4733 1600 4788 usum
1633 4733 1834 4771 eorum
1869 4717 1969 4788 qui

319 4791 589 4847 laudant.
627 4811 655 4839 »
703 4790 787 4844 Ab
819 4787 1098 4843 humanis
1131 4803 1299 4854 porro
1329 4786 1607 4842 laudibus
1638 4788 1719 4842 ita
1767 4786 1968 4844 averso

321 4863 425 4918 ille
455 4868 545 4917 est
569 4860 792 4928 animo,
827 4865 890 4914 ut
939 4858 1084 4914 nihil
1119 4864 1326 4930 praeter
1352 4857 1557 4923 Deum,
1589 4875 1765 4930 quem
1817 4859 1875 4913 in
1906 4875 1968 4915 se

315 4933 788 5006 requiescentem
841 4930 1033 5006 habet,
1066 4929 1323 5006 amplius
1372 4929 1766 5006 concupiscat.
1811 4934 1964 4997 Qua-

315 4999 562 5077 propter
581 5003 888 5074 proﬁtetur
909 4999 1180 5077 Clemens
1199 5001 1351 5077 hanc
1368 4999 1708 5057 charitatem
1734 5007 1968 5077 propter

312 5072 400 5143 se,
429 5072 487 5131 et
522 5072 634 5130 non
669 5077 904 5145 propter
922 5072 1144 5143 aliquid
1176 5072 1337 5145 aliud
1361 5088 1489 5128 esse
1519 5073 1902 5145 expetendam
1923 5073 1967 5109 ⁷⁸

388 5147 523 5202 Alia
555 5145 731 5216 longe
763 5144 1018 5216 plurima
1049 5145 1120 5216 de
1147 5144 1399 5213 perfecta
1417 5144 1664 5214 gnostici
1690 5145 1749 5198 in
1786 5146 1964 5200 Deum

311 5219 604 5275 cbaritate
635 5215 902 5273 Clemens
959 5215 1180 5286 passim
1225 5216 1510 5286 congerit,
1545 5217 1643 5270 sed
1703 5232 1835 5270 cum
1895 5232 1966 5272 ea

309 5290 594 5346 omnibus
625 5289 745 5344 sint
770 5287 942 5344 obvia
971 5293 1029 5342 et
1059 5285 1274 5351 facilia,
1321 5285 1407 5339 vel
1439 5287 1488 5341 si
1521 5287 1661 5357 quid
1714 5287 1967 5343 habeant

311 5361 706 5426 difﬁcultatis,
739 5377 772 5414 a
804 5359 974 5414 nobis
1001 5358 1058 5413 in
1091 5358 1496 5429 superioribus
1518 5358 1965 5429 etsubsequen-

312 5433 478 5490 tibus
519 5430 785 5488 articulis
834 5430 1185 5497 enodentur,
1236 5446 1392 5485 nunc
1444 5433 1713 5486 accurate
1757 5446 1968 5501 expen-

394 5715 442 5751 "
471 5713 760 5786 Strom._l.
794 5731 894 5782 vn,
955 5731 1010 5786 p.
1043 5712 1169 5786 735.
1195 5711 1303 5786 ff"
1321 5711 1464 5786 ibid.

1507 5728 1563 5784 p.
1594 5713 1721 5768 747.
1797 5713 1842 5750 τί
1874 5711 1916 5770 l.
1949 5729 2025 5784 vr,

2076 4593 2289 4648 purum
2319 4582 2550 4648 vocant,
2583 4578 2675 4632 his
2706 4572 3020 4632 Clementis
3052 4575 3234 4631 nostri
3265 4572 3456 4648 verbis
3487 4574 3715 4626 astrua-

2077 4643 2192 4720 tur,
2229 4647 2370 4718 quin
2406 4648 2600 4716 potius
2631 4649 2896 4720 videatur
2927 4649 3193 4720 funditus
3223 4643 3421 4720 everti.
3475 4712 3495 4720 _
3565 4710 3574 4720 ⁸

2149 4711 2350 4789 Neque
2381 4711 2451 4774 ad
2482 4734 2616 4774 eum
2649 4717 3068 4774 stabiliendum
3121 4718 3219 4773 illa
3251 4715 3437 4783 magis
3471 4711 3715 4772 faciunt,

2077 4807 2204 4860 qua:
2236 4807 2269 4844 a
2296 4789 2556 4862 mysticae
2587 4789 2713 4844 vita:
2739 4789 3000 4861 patronis
3031 4807 3100 4844 ex
3122 4789 3332 4862 eodem
3357 4790 3592 4841 auctore
3613 4797 3718 4862 no:

2077 4867 2202 4916 stro
2257 4861 2438 4916 citata
2493 4862 2860 4936 siclegimus
2909 4862 2998 4936 7‘;
3033 4884 3060 4911 «
3096 4861 3196 4916 Est
3238 4861 3720 4936 autem-gnostici

2076 4949 2225 5003 Opus
2257 4949 2370 4988 non
2403 4951 2433 4988 a
2468 4931 2639 4988 malis
2665 4925 3062 4999 abstinentia;
3097 4949 3162 4987 ea
3221 4936 3310 4986 est
3358 4925 3524 5003 enim
3556 4925 3718 5003 basis

2077 4993 2330 5060 maxime
2362 5004 2655 5075 profectus
2681 5026 2694 5062 ;
2729 5005 2829 5078 sed
2853 5020 2957 5059 nec
2979 4993 3198 5078 aliquid
3234 5001 3369 5078 boni
3400 5001 3609 5078 facere,
3631 4993 3721 5049 vel

2078 5080 2316 5147 pr0pter
2346 5070 2567 5132 metum
2590 5119 2604 5142 ,
2638 5076 2923 5145 scriptum
2954 5081 3043 5131 est
3083 5070 3240 5147 enim
3277 5077 3434 5143 τοαο
3477 5070 3718 5147 fugiam,

2074 5145 2124 5203 et
2154 5145 2250 5202 ubi
2285 5147 2586 5202 abscondar
2614 5167 2655 5203 α
2683 5149 2828 5214 facie
2857 5157 3071 5203 tua.....
3122 5146 3231 5202 Sed
3267 5159 3455 5214 neque
3487 5145 3723 5214 propter

2075 5235 2237 5287 spem
2276 5219 2547 5287 promissi
2607 5212 2886 5286 honoris;
2920 5218 3143 5274 dictum
3207 5223 3296 5272 est
3327 5212 3481 5270 enim
3530 5229 3542 5266 :
3579 5212 3724 5265 Ecce

2079 5291 2343 5346 Dominus
2372 5300 2422 5346 et
2451 5307 2656 5346 merces
2687 5294 2804 5357 eius
2833 5292 2990 5346 τευ...
3025 5290 3161 5345 Sola
3196 5294 3390 5344 autem
3425 5302 3554 5355 quae
3587 5297 3719 5357 pro-

2076 5368 2202 5432 pter
2232 5362 2576 5418 charitatem
2603 5363 2667 5417 ﬁt
2691 5353 3092 5426 beneﬁcentia,
3118 5365 3369 5432 propter
3393 5353 3721 5432 ipsumho—

2076 5425 2307 5489 heslum
2335 5439 2424 5490 est
2463 5435 2732 5506 gnostico
2761 5425 3167 5506 expetendaf»
3201 5425 3310 5487 Sed
3359 5425 3512 5484 idem
3546 5425 3722 5499 plane

2085 5730 2142 5787 p.
2173 5715 2300 5787 653.
2376 5714 2423 5787 7?
2456 5715 2492 5770 l.
2538 5731 2599 5782 ιι,
2659 5713 2787 5787 383.
2866 5711 2984 5787 7f]:
3015 5729 3114 5784 vn,
3174 5731 3230 5787 p.
3265 5713 3388 5787 700.
3467 5713 3512 5749 7‘
3544 5711 3583 5768 l.
3643 5726 3721 5784 ιν,

319 5804 380 5862 p.
417 5787 543 5843 ωδ.
619 5787 665 5822 τι
693 5783 735 5843 l.
767 5801 868 5858 vn,
901 5783 1117 5858 p.748.
1193 5783 1238 5820 ’⁸⁸
1268 5783 1434 5849 ibid.,
1467 5783 1526 5857 pl
1559 5784 1688 5840 738.
1722 5785 1766 5820 ⁷⁷
1795 5801 1854 5858 p.
1886 5785 1949 5842 48

2087 5783 2132 5822 ⁷⁸
2162 5786 2380 5845 Strom.
2411 5786 2451 5842 l.
2486 5803 2564 5856 1v,
2595 5801 2653 5857 p.
2685 5785 2808 5842 528.
2889 5785 2934 5819 7°
2963 5783 3074 5841 Isa.
3102 5783 3207 5858 mf,
3243 5786 3328 5843 10.
