4130 6194
483 246 623 300 1215

1191 253 1265 304 IN
1305 252 1751 306 CLEMENTEM
1790 253 2002 306 ALEX.
2040 255 2108 306 D.
2151 253 2242 306 LE
2280 252 2576 306 NOURRY
2615 249 3086 304 DJSSERTATXO
3122 251 3193 300 ll.

3751 246 3910 313 1216

478 378 568 431 est
597 374 808 431 horum
842 377 1017 446 atque
1037 375 1418 448 superiorum
1467 375 1781 448 Clementis
1824 379 2133 433 verborum
2164 383 2217 448 Α
2249 377 2409 442 dam,
2443 393 2570 447 quae
2602 376 2777 431 ﬁdem
2822 391 2924 446 per
2977 373 3320 448 charitatem
3365 373 3438 429 ad
3478 374 3905 448 cognitionem

480 463 715 503 sensus.
745 449 957 520 Aperte
999 447 1292 520 siquidem
1325 448 1422 501 ille
1451 447 1592 502 dicit
1625 449 1955 520 gnosticum
2009 466 2123 503 non

479 523 718 591 propter
747 518 1025 590 promissi
1057 519 1296 591 honoris
1323 535 1507 587 spem,
1540 518 1650 574 sed
1674 526 1910 591 propter
1939 520 2120 576 solam

475 589 824 645 charitatem
855 606 1060 659 agere;
1098 589 1234 661 quia
1265 591 1560 661 Deusipse
1588 589 1803 646 aeterna
1829 593 1954 661 ejus
1975 608 2124 646 mer-

476 678 574 716 ces
621 666 678 716 et
708 661 955 716 felicitas
986 668 1093 716 est.
1143 661 1274 734 Haec
1303 661 1503 731 itaque
1544 662 1798 734 charitas
1846 662 2122 734 promissi

476 734 892 788 tantummodo
941 733 1159 787 terreni
1209 734 1519 803 cujusdam
1562 733 2122 799 honorisfminime

474 821 608 860 vero
640 803 1023 859 beatitudinis
1053 809 1279 859 aeterna
1307 821 1467 875 spem
1501 805 1776 860 excludit.
1811 805 1882 858 Et
1907 805 1962 859 id
1996 806 2123 874 qui-

479 877 610 931 dem
639 892 708 930 ex
739 875 833 941 iis,
869 893 996 945 quae
1029 877 1399 932 continenter
1429 875 1692 932 Clemens
1740 877 2040 931 subtexuit
2066 881 2121 932 et

471 965 506 1002 a
539 946 803 1016 mysticis
834 947 1056 1002 omissa
1085 953 1246 1013 sunt,
1277 948 1716 1002 evidentissima
1755 948 2118 1003 demonstra-

469 1022 604 1074 tur:
640 1040 667 1068 «
698 1022 828 1090 Jam
861 1035 1016 1086 vero,
1052 1019 1247 1088 inquit
1274 1020 1417 1090 ipse,
1451 1035 1518 1074 ex
1561 1036 1804 1089 persona
1864 1021 1960 1074 Dei
2010 1024 2118 1074 Do-

472 1091 633 1144 mino
667 1089 887 1161 dictum
914 1095 1036 1145 est:
1096 1095 1223 1144 Pete
1277 1089 1310 1144 α
1366 1107 1474 1157 me,
1528 1094 1580 1145 et
1633 1091 1768 1146 dabo
1800 1091 1901 1146 tibi
1929 1097 2118 1161 gentes

467 1160 1082 1234 Ιιιϊνεςίἰιηιθτηίμαηιδο.
1107 1161 1314 1234 Petitio
1341 1162 1592 1216 maxime
1613 1160 2117 1234 regia,iquaedocet

468 1230 782 1287 hominum
816 1232 1070 1286 salutem
1102 1233 1220 1303 peti
1253 1233 1378 1287 sine
1411 1230 1706 1299 mercede,
1735 1255 1762 1282 ›>
1796 1230 1952 1288 haud
2012 1235 2118 1287 du-

468 1304 562 1358 bie
593 1309 820 1358 terrena
853 1309 907 1358 et
939 1303 1216 1360 humana.
1243 1304 1464 1358 Ibidem
1491 1306 1707 1375 quippe
1731 1304 1829 1358 ille
1853 1305 2110 1359 addidit:

470 1398 496 1425 ‹‹
527 1379 598 1429 Ut
615 1392 720 1429 nos
737 1375 927 1430 simus
946 1375 1221 1443 baeredcs,
1237 1382 1294 1430 et
1312 1375 1718 1446 possideamus
1733 1376 2064 1430 Dominum.
2081 1397 2110 1425 »

467 1446 676 1529 _Nescio
709 1462 850 1529 sane
894 1453 1093 1501 utrum
1145 1448 1215 1501 ad
1261 1447 1680 1529 destruendam
1729 1446 2111 1529 mysticoru‘m

466 1519 776 1572 hominum
808 1519 879 1571 de
911 1534 1053 1588 puro
1085 1534 1281 1572 amore
1312 1517 1648 1588 opinionem
1698 1517 1949 1574 validius
2006 1518 2110 1573 ali-

468 1589 610 1661 quid
642 1594 700 1643 et
719 1589 1018 1644 efﬁcacius
1049 1589 1294 1661 proferri
1325 1595 1520 1660 queat.

542 1660 761 1731 Urgent
820 1659 1123 1730 tamen,*et
1156 1663 1517 1716 contendunt
1545 1682 1573 1710 «
1633 1676 1841 1731 purum
1876 1681 1905 1708 »
1939 1659 2107 1715 illum

467 1732 564 1785 Dei
611 1747 876 1819 amorem
912 1731 1002 1819 his
1059 1731 1355 1819 evidenter
1386 1732 1616 1815 probari
1668 1733 1930 1819 ejusdem
1981 1731 2106 1819 Cle-
2140 1757 2186 1819 Β

465 1803 683 1857 mentis
717 1803 1008 1874 verbis“;
1077 1804 1189 1874 «rSi
1219 1819 1354 1874 ergo
1387 1801 1580 1858 omnis
1636 1801 1990 1873 co’njunctio,
2023 1801 2107 1855 οἰ-

463 1873 679 1957 κείῳσις
713 1873 1148 1957 (familiaritas),
1178 1873 1307 1957 quae
1338 1891 1470 1957 cum
1503 1876 1596 1941 iis,
1630 1892 1755 1944 qua
1785 1875 2108 1957 suntnbona

465 1952 524 2000 et
557 1942 824 2010 honeSta,
879 1945 945 1998 τὰ
997 1942 1160 2013 καλὰ,
1193 1942 1395 2012 initur,
1432 1947 1494 2000 ﬁt
1537 1942 1670 2000 cum
1728 1947 2105 2016 appetitione,

463 2017 758 2089 quomodo
783 2021 973 2088 potest
993 2033 1121 2072 esse
1144 2019 1269 2072 sine
1299 2017 1674 2088 passionibus
1697 2017 1746 2072 is
1770 2016 1870 2088 qui
1893 2034 1960 2072 ea
1977 2034 2108 2089 quae

461 2093 602 2145 sunt
631 2088 874 2144 honesta
903 2089 1163 2159 expetit?
1193 2090 1299 2144 Sed
1334 2089 1415 2159 hi,
1450 2095 1514 2144 ut
1543 2089 1794 2157 videtur,
1829 2090 2106 2144 nesciunt

463 2159 828 2215 divinitatem
890 2159 1212 2215 charitatis.
1266 2160 1390 2215 Non
1419 2165 1508 2216 est
1537 2162 1693 2215 enim
1737 2161 1940 2231 utique
1968 2161 2106 2216 cha-

465 2233 608 2286 ritas
638 2234 788 2300 ejus,
837 2232 935 2300 qui
985 2231 1200 2302 diligit,
1233 2231 1535 2302 appetitio,
1561 2233 1666 2302 sed
1697 2237 1787 2286 est
1828 2232 2107 2287 benevola

463 2308 520 2357 et
552 2304 721 2375 tirma
743 2301 1406 2375 οοηάιιηφιὶοίστερδὲτὶκὴ
1433 2301 1841 2373 οἷκείωσις(εθυ
1867 2304 2104 2358 amandi

460 2375 511 2428 vi
536 2374 782 2445 praedita
805 2374 1220 2445 familiaritas),
1242 2375 1298 2428 in
1324 2376 1610 2430 unitatem
1631 2375 1764 2429 fidei
1789 2375 2105 2430 restituens

458 2447 814 2517 gnosticum,
840 2445 1032 2517 locoet
1060 2451 1317 2515 tempore
1333 2445 2102 2517 minimeindigentem.Qui

457 2516 653 2573 autem
686 2533 790 2588 per
820 2516 1306 2586 charitalemjam
1340 2518 1516 2573 fuerit
1547 2518 1603 2571 in
1638 2516 1985 2588 iis,’quibus
2014 2523 2106 2572 est

456 2590 717 2655 futurus,
744 2594 807 2642 ut
832 2589 932 2658 qui
965 2603 1131 2658 spem
1166 2591 1485 2660 perceperit
1533 2605 1635 2658 per
1683 2588 2101 2658 cognitionem,

461 2660 609 2715 nihil
633 2660 866 2729 expetit,
895 2663 956 2714 ut
987 2659 1108 2731 qui,
1133 2661 1324 2730 quoad
1343 2659 1486 2730 ejus
1510 2661 1635 2715 fieri
1663 2665 1876 2730 potest,
1897 2661 2106 2716 habeat

463 2732 620 2802 quod
654 2731 1202 2802 estexpetendum.
1236 2731 1437 2787 Merito
1482 2748 1618 2798 ergo
1651 2736 1852 2786 manet
1882 2732 1941 2786 in
1987 2749 2103 2788 uno

457 2801 820 2876 immutabili
854 2801 1091 2876 habitu,
1126 2801 1476 2876 diligensex
1509 2804 1862 2876 cognitione.
1907 2803 2104 2876 Neque

463 2891 601 2946 ergo
631 2874 961 2930 vehementi
995 2873 1609 2946 ardebit’desiderio,‘
1651 2879 1716 2929 ut
1746 2873 2106 2930 assimiletur

458 2945 652 3014 bonis,
707 2962 842 3001 cum
904 2946 1111 3001 habeat
1145 2962 1247 3016 per
1275 2945 1558 3001 charitem
1593 2946 1651 3000 id
1683 2947 1837 3017 quod
1889 2950 1978 3001 est
2007 2947 2107 3001 bo-

456 3036 595 3074 num
629 3035 660 3073 e
692 3017 1022 3089 honestum.
1053 3017 1422 3073 Conﬁdentia
1452 3023 1649 3073 autem
1698 3023 1754 3072 et
1785 3017 2103 3089 cupiditate

455 3091 598 3188 quid
630 3089 680 3145 ei
707 3088 902 3188 Iadhuc
932 3093 1021 3188 ecst
1051 3089 1321 3188 opum-qui
1356 3105 1492 3144 cum
1527 3093 1638 3144 Deo
1670 3089 2100 3188 npllispafsie-
2133 3120 2176 3188 α

459 3159 634 3216 nibus
667 3160 914 3216 obnoxio
956 3159 1418 3232 familiaritatem
1451 3160 1737 3232 acceperit
1778 3159 1889 3231 per
1908 3160 2100 3215 chari-

457 3237 660 3301 tatem,
694 3239 751 3286 et
778 3247 880 3302 per
908 3247 1037 3285 eam
1071 3246 1133 3287 se
1179 3230 1235 3284 in
1270 3232 1398 3302 ejus
1428 3230 1752 3286 amicorum
1780 3230 2099 3288 numerum

457 3301 821 3374 ascripserit.
851 3323 879 3352 »
904 3302 1118 3356 Verum
1143 3301 1308 3372 quid,
1332 3303 1540 3358 amabo
1555 3319 1674 3374 vos,
1697 3301 1833 3374 inde
1855 3303 1925 3356 ad
1946 3325 1977 3374 ις
2000 3320 2103 3374 ρυτ

457 3390 590 3428 rum
619 3372 654 3423 Β)
688 3372 785 3444 Dei
818 3389 1074 3444 amorem
1108 3375 1491 3429 asserendum
1525 3372 1720 3444 colligi
1748 3372 2102 3444 potest‘Hbi

460 3445 620 3500 enim
658 3443 924 3498 Clemens
956 3443 1220 3514 loquitur
1243 3446 1314 3499 de
1363 3444 1650 3514 gnostico,
1673 3443 1785 3514 qui
1817 3444 2012 3499 adhuc
2042 3445 2100 3499 in

461 3516 572 3570 hac
602 3516 716 3570 vita
747 3514 1096 3587 constitutus
1131 3521 1333 3584 Deum,
1369 3516 1558 3586 quoad
1580 3517 1708 3585 ejus
1738 3516 1864 3571 ﬂeri
1890 3520 2099 3587 potest,

461 3589 718 3659 perfecta
759 3585 1042 3659 charitate
1094 3585 1577 3658 possidethtqui
1631 3587 1787 3642 idem
1832 3585 2101 3643 Clemens

459 3658 718 3714 declarat
741 3658 887 3713 nihil
919 3660 992 3714 ab
1024 3673 1090 3714 eo
1117 3659 1331 3729 expeti,
1356 3659 1638 3713 caducum
1662 3659 1885 3714 scilicet
1913 3663 1970 3713 et
1993 3668 2104 3713 ter-

460 3737 667 3797 restre,
699 3731 855 3801 quod
879 3730 1076 3800 ipsum
1108 3747 1141 3785 a
1167 3736 1302 3796 Deo,
1336 3729 1429 3784 cui
1453 3729 1732 3785 charitate
1751 3733 2102 3802 conjunctus

460 3806 827 3874 est‘,_avertat
882 3806 984 3874 aut
1041 3807 1288 3874 separet.
1325 3802 1716 3874 Quamobrem
1748 3803 1874 3874 ipse
1915 3802 2099 3874 dixit:

459 3868 599 3927 Οὐδὲ
650 3871 884 3938 ζηλώσει
943 3868 1347 3942 ἐξομοὶωθῆναι
1403 3877 1524 3934 τοῖς
1551 3868 1833 3940 καλοῖςξι(
1888 3873 2019 3928 aliis
2069 3890 2102 3928 a

459 3949 576 3999 Deo
599 3943 766 3998 bonis
785 3942 1099 3997 assimilari
1119 3945 1446 3999 vehementi
1463 3944 1657 4000 studio
1682 3962 1794 4000 non
1818 3945 2102 4001 ardebit.»

461 4016 571 4070 Sed
608 4013 878 4083 nunquid
912 4013 1018 4068 hoc
1049 4016 1295 4083 impedit
1325 4017 1645 4086 quominus
1670 4021 1947 4071 aeternam
1977 4015 2101 4071 feli-

462 4088 700 4142 citatem
757 4090 974 4157 speret,
1005 4089 1163 4154 optet
1221 4089 1278 4157 et
1306 4088 1646 4156 exspectet?
1685 4087 1927 4142 Minime
1971 4087 2102 4157 qui-

462 4159 615 4213 dem.
653 4157 718 4211 Et
745 4171 881 4210 vero
921 4154 979 4209 id
1012 4171 1126 4209 non
1169 4156 1359 4209 solum
1389 4154 1458 4210 ex
1489 4158 1640 4211 infra
1688 4157 1952 4212 dicendis
1984 4154 2102 4212 evi-

461 4229 808 4285 dentissime
840 4226 1094 4296 patebit:
1130 4227 1231 4280 sed
1263 4225 1511 4296 ipsemet
1532 4231 1734 4283 auctor
1764 4233 1962 4283 noster
1993 4228 2103 4284 hoc

458 4303 590 4374 ipso
618 4300 743 4356 loco
775 4297 987 4374 asserit
1015 4297 1381 4374 gnosticum,
1416 4299 1676 4374 perfecta
1697 4299 1979 4374 charitate
2011 4301 2103 4374 in-

462 4367 780 4436 structum,
831 4371 961 4440 ideo
1022 4367 1176 4424 nihil
1223 4367 1537 4439 expetere;
1581 4371 1719 4440 quia
1767 4370 1866 4436 τήν
1910 4367 2103 4424 ἐλπίδα

459 4443 817 4520 προειληφὼς
862 4438 965 4520 ,8ιᾴ
991 4446 1090 4520 ῖῆς
1142 4438 1486 4520 χνώσεωςκς(
1521 4438 1624 4513 per
1683 4443 2096 4520 epgnitionem.

461 4513 625 4587 spem
659 4540 686 4567 ››
721 4516 881 4571 haud
929 4514 1105 4569 dubie
1137 4513 1522 4587 fulturaagvitze
1561 4534 1588 4563 ι(
1615 4513 2042 4585 anticipaverit,
2075 4537 2102 4566 »

466 4585 745 4644 nimirum
772 4588 911 4659 quia
931 4602 1020 4652 ea,
1044 4603 1161 4657 qua
1192 4586 1306 4659 Deo
1334 4585 1583 4659 fruitur,
1615 4587 1984 4656 possessione
2015 4587 2114 4643 de-

462 4660 628 4715 licias
659 4657 916 4731 speratae
938 4663 1162 4712 aeternae
1195 4657 1491 4731 felicitatis
1521 4663 1859 4731 praegustet.

536 4728 749 4786 Potio'ri
782 4729 1023 4786 forsitan
1049 4731 1184 4799 jure
1215 4728 1594 4800 recentiores
1622 4730 1851 4800 mystici
1884 4730 1944 4784 in
1993 4745 2110 4784 suae

467 4801 539 4854 de
575 4817 712 4871 puro
745 4817 942 4856 amore
989 4798 1284 4871 opinionis
1315 4798 1703 4869 patrocinium
1737 4801 1848 4856 alia
1879 4802 1936 4856 in
1988 4817 2109 4856 me-

466 4872 628 4926 dium
683 4872 1001 4938 adducunt,
1035 4872 1250 4941 quibus
1301 4871 1694 4927 disertissime
1735 4890 1768 4928 a
1817 4873 2112 4928 Clemente

467 4943 848 5017 constitutum
883 4947 990 5010 est,
1025 4944 1178 5011 quod
1214 4943 1261 4998 si
1297 4942 1396 5017 Dei
1426 4946 1623 5017 γνῶσις
1657 4943 1729 4998 ab
1764 4949 2109 5017 aaternaisa-

465 5014 584 5085 lute
612 5017 807 5084 posset
839 5029 1102 5085 unquam
1134 5014 1415 5083 separari,
1441 5014 1587 5070 tunc
1612 5017 1916 5085 gnostieus
1947 5016 2108 5071 illam

466 5083 676 5158 eligere
712 5083 1095 5158 omninounon
1131 5085 1428 5158 dubitaret
1456 5103 1467 5140 :
1503 5107 1539 5158 «ν
1565 5083 1779 5155 Siquis
1805 5105 1906 5158 per
1928 5087 2110 5158 hypo-

465 5153 677 5229 tbesim
713 5155 911 5224 (verba
941 5153 1257 5229 Clementis
1289 5161 1446 5229 sunt
1476 5157 1569 5229 φ),
1603 5153 1868 5227 gnostico
1901 5153 2111 5229 propo-

467 5227 651 5280 suerit
700 5223 899 5297 utrum
932 5223 1100 5278 malit
1129 5225 1228 5280 Dei
1285 5223 1700 5297 cognitionem,
1734 5247 1807 5283 an
1858 5223 2111 5285 salutem

464 5302 777 5362 :eternam;
811 5296 933 5351 sint
953 5301 1148 5350 autem
1174 5312 1239 5350 ea
1263 5303 1548 5366 separata,
1575 5296 1708 5353 cum
1733 5300 1852 5355 sint
1873 5301 2112 5356 omnino

465 5370 668 5442 eadem
697 5386 710 5435 ;
744 5367 890 5422 nihil
925 5367 1161 5442 penitus
1185 5367 1466 5442 dubitans
1498 5369 1738 5439 elegerit
1775 5371 1875 5426 Dei
1908 5372 2111 5442 cogni-

468 5441 708 5502 tionem,
738 5445 978 5511 prepter
1006 5453 1069 5493 se
1091 5438 1371 5513 judicans
1393 5455 1522 5513 esse
1543 5445 1928 5513 expetendam
1960 5438 2110 5513 e'am,

471 5530 599 5587 quas
632 5510 808 5568 fidem
839 5510 1404 5587 transcenderitper
1435 5510 1782 5587 charitatem
1817 5515 1886 5569 ad
1913 5510 2112 5587 cogni;

464 5579 709 5652 tionem,
771 5583 1126 5655 proprietam
1187 5579 1503 5657 (vel—paulo
1561 5582 1797 5656 clarius,
1832 5579 2114 5657 quiavju-

467 5657 624 5712 dicat
680 5653 808 5711 eam
859 5653 988 5712 esse
1044 5653 1399 5728 proprietam
1456 5660 1693 5727 propter
1723 5653 1792 5714 se
1837 5653 2112 5729 expeten-

2247 445 2654 516 transcendit).
2718 445 2859 502 Cum
2919 452 3111 501 autem
3163 445 3518 515 judicaverit
3573 447 3901 516 pulchrum

2236 535 2365 575 esse
2393 526 2450 575 et
2479 520 2794 574 honestum
2828 519 2884 572 id
2917 519 3067 587 quod
3102 518 3325 572 bonum
3357 523 3447 572 est
3478 519 3686 582 facere,
3711 519 3902 573 vehe-

2237 597 2464 647 menter
2491 590 2734 646 incitata
2764 588 3024 661 operatio
3056 589 3113 643 in
3133 589 3420 661 omnibus
3439 587 3633 661 reipsa
3653 589 3808 644 bene
3835 607 3903 644 se

2232 664 2403 733 gerit,
2439 679 2550 718 non
2584 662 2642 716 in
2684 660 2882 731 aliquo
2931 661 3170 733 quidem
3204 665 3378 733 recte,
3413 660 3471 714 in
3504 660 3700 728 aliquo
3748 678 3898 717 vero

2234 731 2348 788 non
2377 752 2388 799 ;
2423 737 2522 788 sed
2555 733 2613 787 in
2650 732 3050 787 benefaciendi
3079 731 3286 786 habitu
3321 733 3667 798 constituta,
3694 749 3900 800 neque

2230 811 2510 876 praeterea
2567 809 2805 875 propter
2833 804 3104 875 gloriam,
3140 808 3262 868 aut,
3297 807 3362 856 ut
3408 802 3753 876 philosOphi
3797 805 3898 858 di-

2231 875 2395 945 eunt,
2429 877 2647 932 famam
2681 876 2997 940 illustrem,
3044 891 3235 944 neque
3266 880 3502 944 propter
3533 875 3898 941 mercedem,

2231 954 2332 1003 aut
2362 948 2433 1002 ab
2469 947 2831 1013 hominibus,
2864 951 2963 1001 aut
2997 963 3028 1000 a
3086 950 3220 1012 Deo,
3254 946 3325 999 ad
3364 945 3680 1016 imaginem
3713 952 3772 1000 et
3803 946 3892 1001 si-

2229 1019 2628 1074 militudinem
2659 1018 2888 1073 Domini
2945 1019 3126 1072 vitam
3163 1018 3468 1086 peregerit.
3504 1038 3531 1065 »
3562 1017 3736 1084 Quid,
3799 1019 3899 1070 in-

2229 1091 2540 1161 quiunt,ad
2567 1106 2778 1161 purum
2814 1088 2915 1143 Dei
2945 1087 3661 1161 amorem‘deelarandum
3694 1095 3751 1143 et
3783 1105 3890 1143 as-

2225 1159 2538 1217 serendum
2567 1159 2785 1216 elarius
2804 1167 2861 1214 et
2881 1159 3234 1214 dilucidius?
3259 1159 3565 1214 Enimvero
3587 1160 3895 1227 Clemens,

2268 1239 2480 1303 ergunt
2522 1232 2627 1298 illi,
2661 1232 2740 1286 ibi
2773 1230 3067 1300 expressis
3105 1231 3298 1303 verbis
3327 1231 3498 1286 docet
3541 1233 3893 1302 gnosticum

2277 1302 2751 1372 eicoguitionem
2785 1303 3008 1357 caateris
3031 1302 3310 1357 omnibus
3338 1303 3422 1357 sic
3454 1303 3893 1373 praat'erre,sive

2224 1380 2406 1431 Deum
2442 1376 2523 1429 ita
2555 1391 2772 1439 amare,
2809 1379 2873 1428 ut
2903 1373 3072 1428 illum
3107 1389 3297 1444 neque
3330 1379 3572 1444 prepter
3602 1373 3891 1444 gloriam,

2223 1463 2416 1517 neque
2476 1452 2717 1518 propter
2761 1445 2928 1518 famas
2959 1443 3393 1518 celebritatem,
3423 1443 3893 1518 neque’pmpter

2224 1516 2707 1586 mercedem,_aut
2735 1516 2807 1570 ab
2830 1517 3195 1583 hominibus,
3221 1521 3324 1571 aut
3345 1516 3417 1570 ab
3442 1517 3565 1587 ipso
3592 1521 3706 1570 Deo
3730 1516 3892 1571 acci-

2222 1591 2522 1660 piendam,
2539 1591 2637 1645 sed
2665 1591 2906 1660 propter
2927 1588 3096 1642 illum
3120 1590 3441 1658 ipsummet
3461 1587 3894 1660 solumdiligat

2221 1658 2367 1726 Quid
2401 1676 2558 1728 vero,
2610 1658 2764 1731 quod
2797 1658 2980 1714 Deum
3016 1663 3367 1731 inmoratam
3401 1676 3548 1728 puro
3580 1658 3893 1731 diligit’ut

2220 1733 2356 1789 huic
2387 1729 2641 1788 salutem
2673 1736 2973 1797 aeternam,
3008 1731 3058 1785 si
3089 1733 3161 1786 ab
3192 1729 3292 1785 illo
3325 1737 3527 1802 posset
3557 1729 3886 1802 aliquando

2218 1805 2511 1875 separari,
2536 1803 2707 1874 longe
2732 1807 3085 1875 postponere
3116 1802 3287 1875 nullo,
3313 1801 3486 1875 plane
3518 1803 3695 1875 modo
3714 1803 3887 1857 hesi-

2215 1873 2724 1946 taret,malletque
2747 1878 2966 1929 aeterna
2987 1873 3180 1946 salute
3201 1873 3446 1945 privari,
3471 1890 3657 1944 quam
3683 1874 3887 1945 ipsum

2217 1963 2331 2002 non
2363 1945 2682 2018 agnoscere
2711 1951 2769 2018 et
2799 1945 3043 2018 amare?

2284 2014 2644 2074 Sed'sedulo
2691 2017 3136 2092 Aobservandum
3168 2014 3312 2092 illud
3363 2018 3473 2092 est,
3522 2015 3680 2092 quod
3729 2014 3883 2092 dixlt

2216 2088 2486 2145 Clemens
2545 2112 2572 2138 ‹‹
2600 2088 3154 2160 Βϐἱίροεηὶιὶοηγϐῐη,
3207 2087 3306 2153 τὴν
3335 2091 3534 2160 γνῶσιγ
3583 2087 3879 2160 10595013,

2215 2165 2273 2216 et
2305 2167 2588 2216 aeternam
2649 2156 2926 2230 salutem,
2983 2159 3081 2224 τήν
3137 2156 3409 2230 σῳτηρίὰν
3449 2158 3563 2230 ’τὴν
3627 2156 3878 2230 ᾳξώνιον,

2216 2248 2345 2288 esse
2402 2233 2600 2288 omnio
2663 2226 2920 2296 eademp
2949 2231 3160 2290 πάντως
3192 2228 3242 2283 ἐν
3275 2226 3590 2298 γ’ταυτότητν.
3644 2226 3796 2283 ὄντα.
3845 2253 3874 2278 κ

2213 2303 2394 2374 Atqui
2427 2303 2477 2359 si
2537 2303 2660 2358 haec
2693 2303 2816 2357 sint
2846 2303 3085 2374 penitus
3111 2303 3341 2368 eadem,
3372 2308 3596 2374 certeis
3624 2317 3688 2356 se
3722 2302 3878 2356 invi-

2214 2373 2340 2430 cem
2373 2376 2631 2447 separari
2666 2373 2972 2447 nunquam
3009 2374 3160 2447 219
3195 2383 3464 2447 possunt.
3502 2373 3629 2447 Non
3679 2377 3878 2447 potest

2212 2463 2350 2518 ergo
2385 2445 2532 2503 Deus
2562 2445 2893 2517 agnosci’et
2923 2445 3140 2512 amari,
3171 2445 3315 2516 quin
3347 2445 3506 2500 illico
3545 2445 3679 2515 ipsa
3706 2445 3874 2499 salus

2212 2524 2428 2574 aeterna
2458 2522 2817 2589 agnoscatur
2846 2523 2918 2589 ενιΔ
2933 2521 3180 2589 ametur.

2282 2593 2372 2659 At,
2407 2586 2662 2662 inq‘uies,
2694 2588 2744 2644 si
2776 2605 2878 2660 per
2908 2587 3284 2662 hypothesim
3311 2589 3553 2656 possent
3575 2586 3873 2655 separari,

2210 2658 2688 2731 tunc’gno—sticus
2723 2658 2923 2726 Deum,
2957 2658 3022 2714 ut
3051 2660 3135 2712 ait
3163 2658 3463 2731 Clemens,
3489 2663 3735 2731 propter
3772 2673 3870 2731 se-

2212 2727 2413 2803 ipsurﬁ
2439 2733 2628 2788 solum
2662 2748 2861 2787 revera
2882 2731 3176 2803 diligeret.
3210 2729 3425 2784 Verum
3451 2727 3573 2783 haec
3588 2729 3876 2803 hypothe—

2213 2799 2319 2869 sis,
2372 2803 2546 2858 sicuti
2580 2803 2848 2858 Clemens
2893 2799 3128 2874 qudque
3161 2802 3398 2865 fatetur,
3435 2804 3523 2874 est
3575 2799 3871 2874 reiplane

2212 2874 2626 2945 impossibilis,
2652 2870 3303 2944 etqutenullo'unquam
3329 2870 3715 2945 modomagis
3740 2871 3869 2926 ﬁeri

2214 2943 2454 3016 poterit,
2487 2962 2665 3017 quam
2700 2943 2764 2999 ut
2795 2953 2950 3001 Deus
2979 2945 3108 3017 ipse
3143 2947 3293 3017 Deus
3315 2959 3442 3017 non
3472 2943 3569 3017 sit.
3592 2943 3706 3017 _Die
3729 2958 3870 3013 ergo

2211 3013 2478 3087 bbsecro,
2504 3013 2764 3088 putasne
2789 3013 3112 3088 exitictitiis
3143 3021 3202 3071 et
3231 3013 3875 3088 ehimtericisbujusce-

2216 3088 2373 3144 modi
2389 3087 3179 3160 hypethesibusClemenlem
3197 3087 3708 3196 quamdamDeum
3723 3101 3874 3196 pure

2217 3162 2451 3196 nmnndi
2507 3160 2769 3196 parvulam
2813 3159 3192 3196 nnnutitninnn
3269 3159 3564 3196 Cannnuna
3594 3173 3650 3196 In
3705 3155 3874 3196 ἱῖιηα

2215 3156 2485 3216 ατηεπιᾱῖ
2507 3160 2772 3231 regulam
2813 3156 3238 3231 constituisse?
3269 3159 3565 3213 Censesne
3594 3156 3654 3211 in
3705 3156 3876 3231 illius

2212 3233 2446 3288 venisse
2478 3230 2736 3286 mentem
2768 3230 3050 3303 gnostico,
3084 3231 3350 3303 utDAeum
3385 3245 3532 3300 puro
3549 3230 3873 3303 amoredi-

2212 3303 2378 3374 ligat,
2411 3304 2749 3373 fingendam
2771 3298 2914 3358 csse
2944 3303 3026 3358 rei
3066 3298 3731 3374 omnino__impossibilis
3761 3298 3872 3374 hy-

2215 3371 2562 3446 pdthesim?
2592 3375 2862 3444 Nunquid
2897 3374 3282 3446 doctissimus
3313 3371 3408 3446 ille
3437 3372 3529 3446 vir
3557 3371 3874 3446 ignorabat

2215 3443 3088 3518 quemadmodumexiabsurdo
3109 3443 3255 3518 nihil
3273 3443 3382 3518 nisi
3409 3443 3767 3511 absurdum,
3787 3443 3874 3518 ita

2215 3514 2282 3574 ex
2305 3517 2660 3588 impossibili
2685 3516 2831 3571 nihil
2855 3515 2968 3572 nisi
2986 3515 3354 3587 impossibile
3375 3514 3876 3588 posseconsequi?

2289 3585 2605 3643 Clementis
2646 3588 2847 3654 itaque
2876 3604 3045 3643 mens
3075 3585 3134 3641 et
3163 3601 3377 3641 sensus
3407 3591 3498 3640 est
3527 3585 3628 3640 Dei
3667 3585 3872 3656 cogni-

2213 3659 2435 3714 tionem
2463 3663 2521 3714 et
2549 3676 2828 3727 amorem,
2853 3666 3031 3730 atque
3063 3657 3314 3730 salutem
3339 3666 3618 3712 mlernam
3635 3657 3724 3730 ita
3740 3673 3874 3730 esse

2216 3733 2443 3793 eadem,
2480 3735 2543 3785 ut
2573 3748 2756 3786 unum
2789 3731 2918 3787 sine
2936 3728 3126 3784 altero
3147 3729 3314 3800 diligi
3333 3733 3610 3799 nequeat.
3633 3728 3875 3784 Gnosti-

2215 3817 2322 3856 cus
2353 3801 2536 3872 igitur
2589 3820 2654 3858 eo
2712 3804 2842 3873 ipso
2875 3801 3132 3873 salutem"
3187 3805 3482 3873 aeternam
3515 3808 3693 3862 amat,
3755 3816 3874 3873 quo

2217 3871 2403 3928 Deum
2423 3890 2536 3928 non
2561 3871 2797 3944 propter
2816 3873 3086 3944 gloriam,
3114 3872 3350 3938 famam,
3390 3871 3723 3944 ethujusce
3743 3872 3878 3944 vita

2217 3950 2274 3999 et
2303 3942 2590 4015 temporis
2643 3942 2994 4008 mercedem,
3027 3945 3126 3998 sed
3160 3949 3398 4015 propter
3442 3943 3642 4014 ipsum
3674 3942 3873 3998 solum

2218 4017 2557 4072 castissimo
2584 4034 2783 4072 amore
2813 4015 3212 4087 prosequitur.

2288 4089 2412 4160 Cur,
2448 4104 2605 4160 ergo,
2637 4083 2895 4160 inquies,
2944 4083 3094 4142 hanc
3126 4087 3233 4160 reip
3257 4085 3426 4160 plane
3477 4083 3874 4160 impossibilis

2217 4154 2590 4230 hypothesim
2623 4154 2892 4215 Clemens
2920 4157 3239 4230 proponit?
3257 4157 3381 4230 Non
3402 4154 3805 4230 enim’temere
3818 4162 3875 4212 et

2217 4228 2650 4286 insonsiderate
2701 4247 2830 4286 eam
2864 4228 3241 4301 proposuisse
3287 4228 3574 4301 dicendus
3621 4232 3732 4301 est.
3767 4228 3876 4284 Re-

2219 4303 2500 4371 spondem
2514 4320 2581 4358 us
2603 4302 2754 4357 hanc
2777 4298 3089 4372 proposita:
3103 4303 3173 4356 ab
3187 4316 3253 4356 eo
3269 4301 3517 4372 hujusce
3529 4298 3879 4370 hypothesis

2217 4373 2403 4428 fuisse
2433 4375 2743 4441 rationem,
2777 4371 2843 4428 ut
2871 4371 3089 4429 clarius
3121 4377 3176 4428 et
3206 4371 3506 4426 efﬁcacius
3537 4372 3877 4426 ostenderet

2217 4461 2393 4515 quam
2423 4462 2627 4514 purus,
2661 4451 2863 4500 castus
2894 4450 2948 4500 et
2979 4444 3050 4499 ab
3085 4443 3244 4499 omni
3295 4442 3623 4513 cupiditate
3641 4442 3872 4498 alienus

2215 4531 2346 4570 esse
2378 4517 2587 4572 debeat
2620 4517 2858 4588 perfecti
2891 4515 3141 4588 gnostici
3177 4515 3234 4569 in
3269 4518 3678 4588 Deum_am_or.
3711 4515 3870 4588 ejus-

2227 4604 2340 4657 que
2371 4585 2650 4643 charitas.
2685 4593 2760 4643 At
2789 4585 2924 4643 data
2957 4604 3134 4658 opera
3163 4591 3220 4640 et
3269 4585 3727 4658 consultoihanc
3770 4586 3875 4656 by-

2220 4658 2507 4732 pothesim
2540 4659 2636 4714 ille
2683 4659 3107 4732 impossibilem
3139 4673 3268 4713 esse
3306 4657 3629 4732 confestim
3672 4657 3874 4732 admo-

2221 4729 2369 4797 nuit,
2395 4735 2594 4786 utnon
2620 4728 2830 4787 minori
2854 4730 3146 4786 evidentia
3162 4729 3514 4801 patefaceret
3535 4728 3874 4799 gnosticum

2221 4806 2337 4856 tam
2370 4808 2528 4858 caste
2558 4807 2615 4857 et
2647 4819 2789 4874 pure
2815 4805 2992 4858 Deum
3016 4801 3291 4874 amando,
3318 4815 3488 4874 suam
3514 4815 3758 4874 quoque
3780 4815 3874 4874 ne:

2222 4875 2477 4928 cessaria
2526 4870 2763 4930 omnino
2808 4873 3240 4941 consecutione,
3271 4871 3382 4936 vel,
3414 4875 3479 4925 ut
3528 4870 3873 4926 scholastici

2222 4945 2408 5012 aiunt,
2438 4946 2788 5002 secundario
2813 4946 3064 5002 salutem
3095 4959 3327 5015 semper
3347 4942 3582 5015 velleiet
3603 4943 3873 5013 diligere.

2296 5017 2863 5089 Ejusdempenitus
2923 5013 3276 5089 generisest
3329 5013 3444 5089 alia
3504 5014 3873 5089 hypothesis,

2221 5105 2424 5143 rursus
2457 5106 2489 5142 a
2543 5085 2838 5145 Clemente
2896 5085 3096 5144 nostro
3123 5085 3216 5142 his
3249 5086 3516 5156 exposita
3545 5086 3746 5140 verbis
3774 5086 3818 5119 ⁸³
3855 5102 3869 5138 :

2223 5180 2251 5209 ‹‹
2285 5159 2343 5214 Si
2376 5160 2448 5215 ab
2481 5161 2700 5229 injuria
2757 5160 3024 5216 facienda
3053 5156 3406 5215 abstinuerit
3438 5161 3680 5226 propter
3709 5173 3876 5228 spem

2223 5232 2718 5288 remunerationis
2769 5251 2803 5288 a
2850 5232 2964 5288 Deo
3013 5229 3436 5300 consequentiae
3489 5229 3562 5284 ob
3597 5244 3687 5292 ea,
3749 5245 3876 5298 qua:

2223 5303 2377 5368 iuste
2437 5303 2656 5370 fecerit,
2691 5321 2761 5359 ne
2793 5303 2876 5359 sic
2904 5302 3140 5374 quidem
3175 5319 3284 5374 sua
3317 5304 3525 5371 sponte
3555 5305 3613 5354 et
3662 5301 3874 5356 bonus.

2221 5374 2387 5451 _Sicut
2413 5375 2590 5451 enim
2619 5375 2802 5451 illum
2823 5372 3042 5451 metus,
3073 5375 3160 5428 sic
3197 5372 3356 5451 hunc
3390 5387 3629 5451 quoque
3659 5387 3882 5451 merces

2217 5446 2450 5516 justum
2484 5445 2739 5503 facit.....
2772 5448 2877 5510 Qui
2913 5443 3108 5502 autem
3141 5445 3310 5500 nudas
3329 5443 3648 5516 vocationi,
3673 5448 3880 5514 quate-

2223 5515 2336 5572 nus
2367 5523 2607 5574 vocatus
2640 5524 2748 5584 est,
2781 5519 2998 5577 obedit.
3032 5517 3082 5572 is
3115 5531 3301 5587 neque
3335 5519 3575 5587 propter
3608 5515 3881 5587 timorem

2223 5605 2414 5662 neque
2455 5595 2690 5662 propter
2748 5590 3075 5662 voluptates
3093 5586 3296 5662 tendit
3330 5586 3434 5662 ad__
3459 5586 3881 5662 cognitionem:

2225 5656 2347 5717 Non
2384 5661 2534 5717 enim
2563 5656 2904 5718 considerat
2930 5680 3001 5718 an
3053 5659 3288 5732 aliquod
3330 5656 3473 5715 utile
3502 5656 3770 5730 lucrum,
3800 5656 3880 5713 vel

534 5803 578 5837 ⁸ο
608 5801 758 5859 Psal.
793 5804 930 5873 11,8.
965 5803 1007 5840 εί
1042 5802 1256 5860 Strom.
1290 5801 1330 5861 l.
1362 5820 1441 5870 v1,
1475 5820 1533 5875 p.
1567 5805 1692 5860 651.
1770 5806 1814 5842 ⁸²
1843 5804 1882 5862 l.
1916 5823 1994 5873 1v,
2028 5822 2086 5877 p.
2113 5806 2242 5863 529.
2318 5808 2362 5842 ⁸³
2392 5806 2560 5876 ibid.,
2595 5825 2655 5879 p.
2683 5809 2810 5863 532.
