4130 6194
279 211 422 265 1217

1549 216 1642 267 DE
1682 215 1916 269 LIBRIS
1954 214 2426 268 STROMATUM.

3554 219 3691 273 1218

271 336 585 412 delectatio
633 333 996 412 extrinsecus
1045 339 1587 412 trunsequatur,s_ed
1641 343 1929 412 tractus-ta}
1961 348 2011 409 Α
2115 339 2388 401 Quaedam
2420 337 2612 392 adhuc
2664 337 2777 412 alia
2811 338 3364 412 necminimigsane
3417 344 3692 412 ponderis

271 409 588 463 dilectione
636 408 784 476 ejus,
838 408 938 477 qui
990 421 1122 460 vere
1169 411 1258 460 est
1309 408 1606 475 amabilis,
1640 416 1696 463 et
1747 410 1817 463 ad
1871 409 1927 463 id

321 480 436 535 uod
470 479 594 534 ﬁeri
625 483 855 549 oportet
894 479 1208 546 adductus,
1245 477 1378 547 pius
1427 484 1516 534 est
1568 480 1666 535 Dei
1717 480 1928 535 cultor.

321 497 436 535 uon
470 497 594 534 neri
625 497 855 549 oportet
894 497 1208 546 adauctus,
1245 497 1378 547 pius
1427 497 1516 534 eet
1568 497 1666 535 UBI
1717 497 1928 535 CUILOI‘.

272 497 444 606 ῧηάθ
477 567 579 606 nec
609 550 658 604 si
695 566 795 622 per
822 549 1195 622 hypothesim
1229 566 1262 603 a
1295 549 1406 605 Deo
1441 553 1734 622 acceperit
1762 557 1928 622 pote-

273 628 494 678 statem
525 621 773 677 faciendi
805 621 1023 691 eaquae
1051 626 1191 674 sunt
1224 622 1542 690 prohibita,
1567 621 1717 677 citra
1749 621 1931 677 ullam

274 709 546 766 poenam:
581 709 770 762 neque
800 693 847 747 si
896 697 1200 766 propterea
1243 694 1548 748 beatorum
1583 696 1736 750 bona
1767 711 1932 750 acce-

273 763 522 838 pturum
553 780 686 838 eum
720 780 851 838 esse
879 764 928 838 ei
961 763 1319 838 promissum
1354 767 1528 820 fuerit
1560 783 1573 819 :
1607 768 1709 820 sed
1745 783 1848 821 nec
1881 766 1932 821 si

274 835 631 909 persuasum
664 835 942 909 habuerit
977 836 1098 909 fore
1131 840 1194 889 ut
1229 837 1407 890 Deum
1439 839 1657 892 lateant
1685 854 1773 903 ea,
1803 854 1930 908 quae

272 906 426 981 gerit
446 908 626 981 (quod
651 909 890 978 quidem
912 906 1036 961 fieri
1061 922 1175 981 non
1199 913 1428 981 potest),
1451 909 1506 962 in
1532 910 1798 963 animum
1821 906 1934 963 un-

275 977 460 1052 quam
483 977 572 1033 est
598 977 695 1033 ind
709 986 974 1052 ucturus,
992 983 1055 1032 ut
1079 977 1300 1048 aliquid
1327 984 1463 1051 agat
1485 986 1691 1051 praeter
1713 985 1931 1035 rectam

275 1049 594 1114 rationem,
645 1065 779 1104 cum
811 1049 869 1103 id
902 1051 1057 1120 quod
1090 1065 1221 1104 vere
1268 1049 1743 1117 estvho‘nestum,
1778 1055 1834 1106 et
1863 1067 1933 1105 ex

277 1124 480 1195 seipso
509 1122 866 1195 eligendum,
891 1126 949 1175 et
971 1137 1040 1176 ea
1061 1121 1286 1195 ratione
1305 1125 1691 1192 expetendum
1727 1140 1931 1177 aman-

274 1191 541 1263 dufnque
571 1191 752 1248 semel
783 1192 1042 1263 elegerit.
1070 1215 1097 1241 ι»
1123 1193 1206 1247 Ibi
1231 1191 1500 1248 Clemens
1525 1201 1723 1249 noster
1743 1195 1933 1265 dupli-

275 1282 407 1321 cem
441 1265 632 1319 adhuc
683 1265 1054 1336 hypotbesim
1091 1265 1384 1334 proponit,
1418 1282 1669 1335 quarum
1721 1273 1933 1321 neutra

278 1337 410 1392 fieri
442 1351 700 1409 unquam
749 1341 960 1409 potest,
995 1342 1170 1407 atque
1223 1338 1538 1409 secundam
1569 1338 1930 1409 exponendo,

279 1410 449 1463 illam
473 1424 602 1461 esse
631 1407 1058 1476 impossibilem
1089 1407 1526 1464 consultissime
1549 1407 1657 1464 nos
1679 1424 1934 1464 commo-

281 1479 526 1535 nefacit.
552 1479 789 1532 Illarum
815 1479 995 1550 igitur
1013 1484 1188 1550 atque
1209 1480 1530 1550 superioris
1553 1482 1753 1534 eadem
1787 1483 1933 1535 ratio

281 1556 394 1606 est.
447 1550 547 1604 His
595 1551 806 1622 itaque
851 1549 1117 1605 Clemens
1174 1549 1368 1622 potius
1426 1552 1683 1606 ostendit
1739 1551 1932 1622 qualis

278 1623 586 1694 gnosticus
633 1621 834 1694 animi?
864 1621 1189 1694 cordisque,
1227 1623 1317 1677 sui
1369 1621 1766 1694 dispositione
1807 1639 1935 1678 esse

2044 415 2394 479 argumenta
2433 415 2638 464 contra
2679 410 2841 465 illam
2897 411 2968 465 de
3018 411 3150 480 puri
3198 410 3256 464 in
3311 410 3497 466 Deum
3530 429 3692 470 amo-

2042 481 2366 554 rishabitu
2417 481 2753 554 opinionem
2791 482 2973 554 nobis
3015 483 3285 538 Clemens
3335 485 3691 554 suppeditat.

2039 553 2148 606 Sed
2181 569 2250 607 ex
2290 553 2360 608 iis
2401 552 2527 621 jam
2578 552 2866 608 nonnulla
2914 554 2970 608 in
3028 552 3517 610 antecedentibus
3550 573 3695 624 prte-

2043 625 2337 691 misimus,
2384 625 2499 678 alia
2547 624 2606 696 in
2651 625 3060 696 sequentibus,
3133 641 3197 679 ac
3246 627 3569 696 praesertim
3625 629 3696 681 de

2041 696 2294 766 gnostici
2339 695 2675 765 precatione
2710 693 2767 749 et
2798 693 3024 765 ἀπαθείᾳ
3047 693 3345 762 articulis,
3382 714 3450 753 ne
3490 698 3695 754 eadem

2041 768 2256 838 saepius
2289 773 2646 838 repetamus,
2681 766 2958 839 deinceps
2991 767 3485 839 explanabuntur.

2470 894 2624 949 220
2662 893 3069 950 ARTICULUS
3109 894 3262 950 VIII.

2345 1001 2421 1055 Dc
2449 1001 2626 1055 vocali
2653 1003 3028 1067 gnosticorum
3055 1002 3392 1072 precatione.

2114 1122 2539 1188 Precationem,
2575 1123 2693 1177 sive
2726 1123 2920 1187 malis,
2951 1123 3275 1178 orationem
3307 1125 3392 1178 sic
3424 1123 3694 1182 Clemens

2042 1193 2248 1268 deﬁnit
2266 1195 2347 1248 87:
2396 1192 2536 1268 ἔστιν
2588 1191 2783 1268 ὁμιλία
2815 1194 2950 1267 πρὸς
2999 1195 3126 1268 Θᾷρν
3166 1196 3200 1262 ἡ
3235 1193 3395 1268 εὐχή,
3429 1219 3455 1246 ‹‹
3495 1213 3696 1268 preca-

2042 1265 2121 1318 tio
2152 1270 2242 1319 est
2279 1280 2413 1319 cum
2465 1267 2578 1320 Deo
2627 1265 2954 1321 collocatio.
2983 1290 3005 1317 ι
3044 1267 3160 1320 Nos
3220 1265 3417 1322 tamen
3472 1265 3692 1324 ibidem

2043 1336 2518 1408 admonetrhanc
2567 1340 2962 1408 precationem
3002 1338 3165 1391 l'undi
3219 1355 3251 1392 a
3299 1339 3470 1393 nobis
3525 1357 3695 1408 posse

2043 1407 2169 1462 sine
2199 1407 2414 1474 verbis,
2447 1407 2752 1463 nec'labiu
2803 1409 3190 1472 moventibus,
3227 1411 3368 1464 dum
3404 1411 3472 1465 ad
3512 1407 3695 1467 Deum

2044 1480 2206 1553 intus
2237 1479 2588 1553 clamamus.
2622 1480 2802 1542 Quam
2851 1481 3088 1553 quidem
3123 1479 3460 1536 interiorem
3497 1500 3696 1553 preca-

2042 1551 2260 1604 tionem
2301 1567 2333 1603 a
2367 1551 2481 1604 Deo
2513 1567 2746 1622 semper
2775 1551 3036 1622 exaudiri
3071 1560 3385 1606 asseverat.
3413 1551 3548 1607 Eam
3582 1555 3697 1610 ala-

2043 1624 2248 1694 critate
2281 1622 2524 1692 spiritus
2575 1617 2776 1689 νοὴτὴν
2832 1617 3085 1694 eiiciam,“
3123 1623 3551 1694 intelligibilem
3604 1643 3699 1680 es-

279 1691 514 1757 debeat,
538 1708 712 1766 quam
739 1693 877 1763 quid
902 1691 1251 1766 quotidiano
1284 1710 1392 1748 usu
1413 1691 1484 1766 et—
1509 1693 1682 1750 solita
1705 1694 1936 1765 pietatis
1969 1698 2014 1763 Β
2045 1691 2331 1766 sentiam,
2356 1713 2384 1741 ››
2417 1699 2825 1763 assequentes,
2857 1702 2913 1749 et
2945 1691 3116 1766 λόγῳ,
3143 1691 3387 1763 ratione,
3419 1711 3632 1765 corpus
3665 1714 3698 1751 a

276 1783 347 1820 ac
379 1763 818 1838 perfectissimae
863 1763 1094 1819 virtutis
1126 1765 1539 1821 exercitatione
1590 1763 1720 1838 ipsi
1738 1783 1937 1822 revera

282 1837 583 1908 agendum
617 1836 714 1889 sit.

359 1911 478 1978 Age
506 1923 664 1980 vero,
686 1910 743 1960 et
773 1905 914 1976 quid
949 1908 1152 1980 auctor
1173 1913 1367 1962 noster
1388 1905 1482 1962 his
1511 1907 1938 1980 hypothesibus

282 1979 658 2050 probandum
698 1979 1049 2050 susceperit,
1099 1983 1322 2033 attente
1374 1979 1702 2035 considera.
1736 1981 1938 2034 Nonne

285 2048 456 2105 vides
487 2049 635 2104 nihil
657 2048 817 2102 aliud
849 2050 985 2104 inde
1016 2050 1087 2102 ab
1118 2049 1218 2103 illo
1250 2051 1480 2115 conﬁci,
1507 2051 1617 2106 nisi
1650 2051 1936 2106 Christia-

285 2139 434 2176 num
467 2121 790 2192 perfectum
813 2120 961 2194 nihil
988 2136 1246 2191 unquam
1273 2127 1482 2194 praeter
1504 2123 1813 2192 rationem,
1840 2139 1937 2178 ne-

283 2210 414 2265 que
436 2197 670 2264 propter
701 2193 1051 2260 mercedem,
1088 2208 1275 2262 neque
1306 2199 1542 2265 propter
1573 2195 1803 2250 lucrum
1835 2197 1938 2249 aut

283 2264 634 2327 utilitatem,
658 2279 848 2333 neque
880 2269 1117 2337 propter
1145 2264 1441 2337 externam
1473 2265 1728 2337 aliquam
1763 2271 1938 2336 atque

284 2337 657 2390 extrinsecus
704 2335 1106 2390 advenientem
1139 2335 1622 2404 delectationem;
1655 2339 1754 2392 sed
1789 2335 1938 2392 inte-

285 2407 426 2461 riori
453 2406 839 2462 delectatione
862 2411 1176 2478 attractum
1204 2407 1451 2478 id,quod
1478 2407 1792 2464 honestum
1827 2416 1936 2475 est,

286 2493 528 2551 semper
583 2480 790 2545 eligere
809 2481 836 2551 ?_
885 2477 1153 2551 Clemens
1201 2477 1336 2550 ergo
1384 2486 1582 2551 aperte
1632 2481 1941 2551 proﬁtetur

287 2549 618 2621 quemlibet
647 2549 978 2620 gnosticum
1013 2550 1073 2602 in
1102 2549 1308 2620 quavis
1347 2549 1789 2621 perfectissimae
1820 2552 1937 2605 vir-

284 2621 436 2676 tutis
468 2625 525 2674 et
550 2621 860 2693 charitatis
905 2621 1131 2693 actione
1163 2635 1392 2691 semper
1418 2622 1614 2693 aliqua
1662 2623 1940 2678 interiore

286 2691 678 2747 delectatione
708 2690 862 2746 trahi
901 2697 960 2746 et
990 2691 1165 2746 allici.
1199 2690 1300 2746 Adi
1321 2693 1443 2748 haec
1489 2690 1644 2759 vero,
1668 2695 1939 2749 Clemens

335 2764 470 2818 aulo
522 2767 654 2834 post
700 2763 970 2818 scribit“
1002 2779 1014 2816 ε
1052 2784 1075 2814 α
1111 2764 1206 2818 Sic
1257 2780 1390 2834 ergo
1418 2765 1694 2820 videntur
1741 2782 1940 2820 revera

335 2781 470 2818 auio
522 2781 654 2834 post
700 2781 970 2818 SOPIDIL"
1002 2781 1014 2816 :
1052 2784 1075 2814 α
1111 2781 1206 2818 διο
1257 2781 1390 2834 ergo
1418 2781 1694 2820 Videntur
1741 2782 1937 2820 revera

288 2781 543 2890 genesta
572 2849 702 2889 esse
743 2835 1204 2905 jucundissima,
1236 2840 1293 2889 et
1322 2852 1390 2890 ex
1416 2853 1478 2891 se
1509 2838 1762 2907 praebere
1803 2853 1937 2892 eum

288 2923 470 2979 quem
502 2907 836 2979 desiderant
855 2908 1130 2972 fructum,
1148 2922 1354 2979 nempe
1376 2909 1588 2963 anima:
1610 2908 1940 2979 tranquilli-

285 2975 496 3051 tatem.
525 2999 546 3026 υ
581 2981 654 3032 At
684 2975 732 3030 si
765 2977 1191 3051 honestasunt
1211 2975 1674 3051 jucundissima,
1698 2975 1935 3051 ac'gno-

2045 1765 2548 1837 terra_abducer_e
2605 1771 2904 1830 conantes,
2945 1765 3259 1837 carnisque
3308 1766 3698 1837 despicientes

2043 1834 2368 1909 vinculum,
2401 1835 2667 1909 cogimus
2722 1837 3002 1903 animam,
3033 1839 3112 1904 τῷ
3143 1834 3298 1906 τὲόθῳ
3346 1834 3695 1909 κρὲιττόνων,

2047 1928 2075 1956 ι(
2136 1905 2448 1961 meliorum
2527 1908 2910 1969 desiderio,»
2973 1905 3307 1974 sublatam,
3363 1905 3432 1963 ad
3495 1905 3699 1964 sancta

2045 1978 2338 2050 progredi.
2391 1980 2702 2033 Gnosticus
2752 1979 3069 2047 enimvero,
3133 1985 3195 2033 ut
3243 1979 3360 2033 Deo
3410 1997 3472 2035 se
3521 1997 3694 2050 quam

2045 2051 2378 2122 proximum
2430 2050 2692 2122 futurum
2725 2050 3015 2114 exhibeat,
3050 2054 3232 2104 totum
3284 2052 3571 2106 mundum
3604 2052 3694 2106 lu-

2045 2121 2249 2176 benter
2294 2121 2678 2175 transcendit.
2713 2123 3102 2184 Quamobrem
3126 2121 3170 2153 ⁸⁸
3202 2125 3259 2175 et
3290 2139 3392 2191 per
3439 2128 3694 2178 statutas

2044 2192 2320 2248 omnibus
2351 2191 2698 2246 Christianis
2747 2194 3024 2262 precandi
3072 2192 3247 2247 horas
3280 2193 3536 2264 tertiam,
3561 2212 3694 2251 sex-

2046 2269 2163 2319 tam
2195 2280 2261 2317 ac
2293 2279 2530 2329 nonam,
2563 2267 2620 2317 et
2668 2279 2769 2334 per
2793 2269 2984 2335 totam
3015 2264 3195 2319 vitam
3246 2265 3524 2335 precibus
3569 2266 3695 2322 suis

2045 2337 2245 2390 studet
2273 2351 2404 2389 cum
2437 2335 2553 2389 Deo
2587 2334 2824 2390 versari.

2116 2411 2402 2461 Praeterea
2448 2408 2697 2476 ipsemet
2739 2406 3028 2474 Clemens,
3055 2408 3120 2460 ut
3145 2406 3422 2473 vidimus,
3476 2406 3693 2464 diserte

2046 2479 2256 2532 asserit
2287 2478 2556 2532 eumdem
2589 2479 2915 2548 gnosticum
2949 2494 3061 2532 non
3098 2478 3268 2532 modo
3301 2494 3430 2532 cum
3467 2479 3690 2548 probis,

2044 2555 2100 2604 et
2130 2566 2262 2604 cum
2296 2549 2368 2602 iis
2413 2549 2514 2620 qui
2545 2551 2838 2604 recentius
2880 2549 3274 2615 crediderunt,
3299 2550 3470 2603 sicuti
3503 2551 3688 2616 decet,

2045 2622 2270 2691 precari
2308 2637 2320 2674 :
2353 2621 2462 2692 sed
2485 2637 2617 2675 eum
2666 2637 2900 2692 quoque
2952 2622 3241 2692 sumendo
3273 2622 3400 2674 cibo
3434 2621 3690 2692 prtemit-

2044 2699 2166 2746 tere
2200 2707 2419 2762 preces,
2453 2691 2656 2746 laudes
2685 2691 2741 2747 et
2767 2709 3068 2747 sacrarum
3116 2691 3394 2746 lectiones
3425 2693 3686 2762 Scriptu-

2043 2763 2348 2829 rarum”;
2395 2763 2536 2817 dum
2586 2764 2752 2818 cibus
2798 2779 2934 2819 vero
2985 2764 3263 2832 sumitur,
3320 2764 3580 2833 psalmos
3633 2769 3692 2819 et

2047 2835 2295 2906 hymnos
2323 2851 2559 2902 canere;
2582 2851 2648 2888 ac
2671 2837 2907 2890 tandem
2943 2840 3261 2904 antequam
3291 2841 3380 2888 est
3401 2835 3688 2902 cubitum,

2046 2908 2117 2961 ad
2152 2911 2322 2960 noctu
2356 2908 2531 2960 etiam
2558 2921 2758 2976 preces
2790 2906 3054 2970 fundere,
3079 2906 3296 2976 quibus
3329 2927 3356 2954 ‹‹
3382 2907 3440 2960 in
3474 2923 3690 2961 memo-

2046 2979 2144 3032 riae
2197 2981 2423 3030 aeternae
2481 2976 2973 3048 contemplatione
3038 2976 3269 3047 positus
3296 2977 3358 3045 9°,
3409 2998 3439 3026 »
3489 2978 3687 3033 divino

284 3050 477 3124 sticus
510 3064 814 3119 nunquam
864 3050 992 3104 sine
1020 3047 1298 3124 interiore
1329 3049 1736 3124 delectatione
1765 3047 1934 3124 quid—
1966 3056 2010 3124 (ς
2050 3049 2230 3124 choro
2261 3063 2390 3102 sese
2420 3047 2708 3124 adiungit.

286 3122 448 3194 piam
482 3126 636 3194 agat,
670 3136 976 3194 nunquam
1019 3121 1348 3194 certesine
1396 3121 1742 3191 hujusmodi
1783 3121 1936 3177 inte-

281 3191 440 3248 riore
468 3191 850 3263 delectatione
883 3197 1064 3247 Deum
1097 3191 1339 3262 diligere
1373 3193 1605 3263 poterit.

355 3264 570 3335 Nonne
593 3267 788 3335 autem
818 3262 932 3318 hazc
962 3264 1165 3318 eadem
1188 3268 1278 3318 est
1299 3262 1414 3318 non
1443 3264 1636 3320 solum
1665 3263 1936 3335 antiquo-

282 3351 420 3407 rum
442 3333 714 3407 Ecclesiae
737 3334 997 3407 Patrum,
1021 3335 1121 3389 sed
1147 3335 1300 3389 inter
1319 3336 1586 3407 ethnicos
1608 3337 1783 3391 etiam
1811 3333 1934 3407 phi-

280 3405 566 3478 losophos
588 3405 1129 3478 eruditissimorum
1150 3406 1476 3462 sententia?
1505 3407 1650 3462 Nam
1673 3405 1872 3463 Cicero
1893 3407 1938 3441 ⁸⁵

282 3477 386 3533 ubi
420 3475 488 3532 ex
519 3477 728 3531 horum
773 3475 1046 3548 opinione
1077 3477 1317 3548 planum
1346 3478 1485 3533 facit
1532 3480 1718 3535 solam
1751 3479 1935 3534 hone-

281 3552 500 3604 statem
532 3552 771 3620 propter
799 3565 864 3603 se
905 3564 1034 3603 esse
1077 3551 1483 3620 expetendam,
1507 3556 1564 3605 et
1597 3551 1936 3619 utilitatem,

279 3621 331 3675 si
367 3636 504 3674 cum
535 3618 656 3674 illa
673 3626 1067 3690 comparetur,
1097 3618 1291 3690 jacere
1340 3621 1579 3689 debere;
1616 3622 1712 3676 ille
1740 3618 1936 3676 tamen

277 3691 503 3764 ibidem
537 3707 668 3764 cum
702 3690 950 3746 Panaetio
971 3692 1240 3764 observat
1271 3691 1417 3745 nihil
1447 3709 1577 3748 esse
1609 3693 1934 3764 utile,quod

288 3779 411 3818 non
442 3763 598 3817 idem
632 3762 942 3817 honestum
977 3763 1070 3817 sit.
1103 3763 1451 3818 Ambrosius
1481 3781 1614 3819 vero
1635 3765 1700 3830 ⁸⁸,
1734 3762 1812 3817 ut
1831 3779 1938 3818 suo

284 3835 418 3958 Ιοοὲ
450 3832 886 3902 adnotavimus,
911 3833 1204 3890 Ciceronis
1234 3833 1498 3905 opinioni
1530 3834 1852 3890 subscribit
1884 3841 1941 3891 et

291 3923 359 3958 su
417 3911 674 3958 raeatur.

291 3911 674 3961 suffragatur.

358 3921 839 4047 Ιὲἓέἱέῑὲῐξίριὶυε
856 3975 1171 4031 dicendum
1196 3979 1284 4030 est
1305 3975 1465 4030 illam
1492 3976 1938 4032 delectationem

285 4047 414 4102 sive
449 4048 758 4102 utilitatem
804 4064 917 4101 non
969 4063 1098 4102 esse
1138 4051 1420 4102 motivum
1467 4064 1572 4102 cur
1619 4053 1720 4102 aut
1765 4063 1938 4118 expe~

285 4124 452 4173 tatur
481 4118 778 4186 honestas,
814 4125 914 4173 aut
945 4118 1099 4190 Deus
1152 4135 1297 4190 puro
1350 4135 1568 4187 amore,
1597 4136 1662 4173 ac
1705 4127 1941 4190 propter

291 4191 682 4261 semetipsum
719 4191 909 4243 solum
965 4188 1264 4254 diligatur.
1301 4191 1576 4254 Quamvis
1627 4188 1782 4245 enim
1818 4188 1940 4245 Vdo-

289 4261 545 4317 ctissimi
585 4261 669 4315 illi
705 4261 1021 4331 scriptores
1053 4261 1442 4316 disertissime
1486 4264 1785 4315 at’lirment
1833 4263 1941 4316 bo-

287 4337 580 4387 nestatem
629 4339 864 4403 propter
893 4349 954 4387 se
986 4332 1171 4386 solam
1215 4332 1401 4402 diligi,
1438 4333 1695 4386 fatentur
1742 4337 1939 4387 tamen

2123 3121 2240 3174 l-luc
2284 3120 2525 3184 accedit,
2558 3120 2714 3189 quod
2763 3119 3032 3174 Clemens
3079 3122 3150 3174 de
3196 3119 3496 3173 vocalibus
3547 3135 3692 3189 gno-

2044 3191 2176 3246 stici
2211 3191 2820 3262 precibus'subtexuit
2847 3207 2860 3244 :
2887 3191 3050 3246 «Sed
3079 3207 3184 3245 nec
3211 3207 3298 3257 ea,
3322 3206 3448 3261 quae
3479 3191 3542 3244 ﬁt
3571 3208 3689 3257 ore,

2047 3257 2235 3317 utitur
2280 3261 2544 3334 verbosa,
2577 3257 2902 3334 πολυλόγῳ,
2939 3264 3304 3334 precatione;
3339 3257 3404 3316 ut
3434 3263 3534 3332 qui
3566 3279 3693 3332 qua:

2086 3340 2241 3388 etere
2271 3351 2303 3386 a
2338 3333 2580 3388 Domino
2621 3333 2908 3404 oporteat,
2941 3333 3234 3389 didicerit.
3271 3335 3329 3387 In
3364 3333 3521 3388 omni
3555 3349 3691 3404 ergo

2067 3422 2170 3460 oco
2209 3404 2419 3472 orabit,
2453 3407 2551 3476 sed
2607 3421 2719 3459 non
2771 3411 2835 3459 ut
2882 3411 3083 3474 aperte
3130 3405 3346 3476 populo
3392 3411 3690 3475 appareat.

2045 3476 2193 3540 Quin
2225 3491 2361 3530 vero
2408 3480 2467 3530 et
2516 3475 2669 3530 inter
2699 3474 3150 3542 ambulandum,
3182 3474 3239 3531 et
3288 3474 3347 3528 in
3397 3474 3694 3541 sermone,

2045 3554 2103 3604 et
2135 3547 2351 3618 quiete,
2383 3553 2439 3600 et
2469 3545 2736 3613 lectione,
2771 3553 2828 3601 et
2867 3563 2934 3602 ex
2981 3546 3054 3618 iis
3103 3563 3254 3618 quae
3280 3547 3433 3600 ﬁunt
3479 3563 3548 3601 ex
3597 3563 3694 3600 ra-

2043 3616 2204 3674 tione
2235 3618 2573 3673 omnimodo
2620 3623 2906 3689 precatur.
2945 3617 3090 3683 Quin
3127 3616 3192 3689 si
3240 3616 3300 3670 in
3349 3618 3538 3689 ipsius
3569 3617 3694 3672 ani-

2045 3707 2153 3745 mae
2186 3689 2581 3758 penetralibus
2621 3688 2811 3745 solum
2845 3688 3208 3760 cogitaverit,
3243 3688 3698 3760 atquedinenar-

2051 3761 2336 3816 rabilibus
2367 3761 2684 3832 gemitibus
2716 3758 2943 3815 Patrem
2986 3759 3359 3829 invocaverit,
3391 3758 3491 3815 ille
3518 3775 3699 3832 prope

2052 3834 2237 3901 adest,
2282 3833 2475 3902 adhuc
2529 3848 2595 3886 eo
2646 3831 2942 3902 loquente.
2978 3853 3006 3880 ››
3039 3832 3216 3886 Vides
3271 3847 3411 3902 sane
3463 3831 3696 3885 tantum

2052 3905 2278 3968 abesse,
2313 3908 2378 3958 ut
2414 3901 2680 3956 Clemens
2725 3901 3085 3958 a’continua
3133 3901 3383 3972 gnostici
3431 3907 3699 3957 contem-

2048 3975 2307 4046 platione
2338 3990 2537 4046 preces
2569 3991 2666 4029 ore
2699 3975 2857 4046 fusas
2901 3973 3232 4046 excluserit,
3266 3978 3330 4026 ut
3362 3974 3489 4038 has,
3513 3975 3696 4046 modo

2049 4045 2162 4101 non
2211 4046 2332 4099 sint
2378 4045 2627 4099 nimium
2663 4045 2936 4108 verbosas,
2973 4045 3474 4115 quemadmodum
3511 4045 3694 4114 illam,

2049 4135 2081 4174 a
2113 4118 2375 4188 gnostico
2407 4116 2733 4188 saepissime
2763 4118 2886 4171 ﬁeri
2919 4123 3117 4187 aperte
3145 4117 3512 4188 profiteatur.

2119 4186 2350 4244 Scimus
2378 4188 2616 4259 quidem
2649 4187 3005 4259 Clementem
3039 4186 3258 4259 dixisse
3293 4186 3540 4256 gnostici
3575 4202 3698 4259 pre-

2052 4260 2339 4314 cationem
2373 4257 2410 4314 εἰ
2437 4259 2552 4314 Deo
2585 4258 2884 4324 anteverti,
2922 4265 3118 4328 utpote
3148 4258 3250 4329 qui
3281 4259 3472 4323 illum,
3499 4257 3697 4325 prius-

2051 4349 2226 4402 quam
2264 4331 2512 4400 petierit,
2546 4331 2825 4385 exaudiat
2858 4347 2913 4384 :«
2951 4331 3136 4402 Hujus
3169 4346 3387 4402 vocem,
3423 4329 3696 4402 inquit“,

289 4405 522 4492 eoqipso
555 4397 784 4492 qu'ousic
828 4403 1115 4484 diligitur,
1150 4397 1360 4485 hab-ere
1391 4397 1852 4492 delectatipper‘n
1887 4409 1942 4458 et
1974 4429 2018 4492 υ
2051 4397 2107 4455 in
2139 4397 2497 4492 precatique
2521 4473 2531 4484 .
2555 4419 2666 4455 non
2723 4397 3370 4492 exspectat'gominusj,
3404 4403 3558 4492 I:ete,
3591 4397 3697 4492 (in;

286 4474 602 4530 utilitatem
636 4474 748 4529 sibi
784 4475 1110 4529 necessario
1141 4477 1483 4544 conjunctas
1515 4482 1570 4528 et
1604 4475 1941 4531 individuus

289 4549 560 4602 comites.
586 4546 977 4609 Quamobrem
1018 4547 1248 4600 etiamsi
1288 4545 1596 4600 delectatio
1626 4551 1684 4600 et
1714 4547 1938 4601 utilitas

287 4619 511 4672 amoris
542 4624 598 4672 et
628 4617 951 4683 cbaritatis,
984 4623 1158 4687 atque
1189 4620 1360 4672 etiam
1392 4619 1728 4688 expetendae
1759 4617 1939 4671 hone-

289 4689 466 4744 statis
524 4689 894 4760 primarium,
929 4693 992 4743 ut
1050 4689 1559 4760 aiunt,motivum
1620 4689 1937 4759 aliquando

284 4776 420 4815 esse
452 4759 567 4814 non
601 4760 929 4827 videantur,
955 4759 1367 4814 sncundarium
1396 4759 1782 4814 nihilominus
1810 4777 1940 4814 mo-

281 4831 502 4900 tivum,
526 4837 646 4897 aut,
683 4831 730 4886 si
761 4831 928 4899 velis,
959 4831 1201 4886 eﬂ‘ectus
1233 4832 1280 4885 ei
1317 4848 1620 4902 nunquam
1655 4849 1769 4888 non
1799 4847 1938 4886 con-

279 4904 552 4975 junctus,
582 4919 813 4971 semper
842 4902 937 4966 sit,
971 4903 1210 4975 omnino
1243 4905 1490 4972 oportet.

363 4974 623 5044 Denique
649 4990 783 5028 cum
813 4973 1163 5044 propositas,
1183 4975 1269 5028 uti
1293 4974 1615 5039 diximus,a
1641 4973 1940 5027 Clemente

281 5043 648 5115 hypotheses
672 5063 747 5099 nu
762 5043 981 5116 nquam,
1009 5047 1201 5116 reipsa
1221 5045 1342 5099 ﬁeri
1369 5061 1539 5115 posse
1562 5047 1936 5102 concedatur.

284 5132 462 5188 nemo
504 5121 659 5171 certe
709 5117 820 5170 nisi
874 5115 1157 5188 malesani
1219 5117 1426 5188 capitis
1485 5116 1660 5169 homo
1717 5133 1814 5170 eas
1858 5117 1935 5188 ad

282 5187 474 5241 Deum
524 5204 666 5258 pure
696 5187 1017 5241 amandum
1053 5187 1580 5257 {ingere’unquam
1615 5188 1806 5242 debet.
1838 5187 1936 5241 Ja-

283 5265 458 5312 ceant
489 5259 669 5329 igitur
694 5259 780 5312 hae
813 5258 1333 5330 hypotheses,qua2
1365 5275 1668 5328 nunquam
1705 5265 1846 5330 sunt
1877 5258 1935 5312 in

282 5346 420 5394 usu,
458 5347 562 5384 nec
594 5347 720 5385 esse
769 5329 1026 5400 unquam
1063 5331 1306 5396 debent;
1362 5335 1462 5384 aut
1492 5331 1539 5384 si
1575 5330 1712 5400 quid
1750 5329 1938 5383 valere

281 5402 536 5472 possint,
575 5403 645 5455 ad
679 5402 860 5455 animi
889 5401 1094 5466 Deum,
1121 5418 1295 5472 quam
1330 5401 1451 5455 fieri
1485 5405 1693 5469 potest,
1726 5402 1938 5472 castis-

277 5471 433 5528 sime
463 5473 764 5544 diligentis
805 5471 1269 5543 patefaciendam
1315 5471 1940 5544 dispositionem,»mi-

277 5545 442 5600 nime
464 5542 599 5600 vero
621 5547 688 5599 ad
715 5542 900 5600 Deum
927 5560 1120 5600 revera
1141 5544 1461 5600 amandum
1487 5544 1703 5598 debent
1723 5542 1935 5598 valere-

346 5689 396 5723 ⁸⁸
427 5688 646 5744 Strom.
682 5687 851 5755 ibid.,
885 5705 940 5760 p.
964 5688 1098 5760 75374.
1195 5688 1240 5724 ⁸⁵
1270 5687 1311 5760 1.
1345 5704 1407 5744 ιιι
1447 5687 1528 5743 De
1559 5687 1739 5756 ofﬁc.,

1774 5687 1962 5759 p.392
1993 5693 2047 5741 et
2072 5687 2201 5759 403.

2051 4468 2284 4544 quiens,
2316 4479 2374 4527 et
2425 4468 2910 4544 l'acian'i;ranimo
2962 4473 3171 4538 cogita,
3226 4476 3282 4523 et
3331 4470 3558 4524 dabo.»
3590 4468 3696 4521 Sed

2047 4543 2112 4600 eo
2144 4546 2270 4613 ipso
2301 4560 2417 4614 quo
2449 4543 2546 4596 ille
2586 4543 2727 4597 dixit
2761 4543 2941 4596 Deum
2975 4545 3104 4614 ejus
3136 4557 3336 4614 vocem
3392 4547 3449 4595 et
3499 4552 3697 4614 preces

2049 4610 2384 4686 praevenire,
2434 4614 2672 4686 planum
2727 4615 2929 4683 utique
2975 4611 3112 4666 facit
3156 4612 3428 4686 eumdem
3459 4610 3696 4686 gnosti-

2048 4681 2180 4742 cum
2216 4703 2249 4740 a
2296 4681 2688 4755 Deo'aliquid
2740 4681 2876 4739 voce
2923 4692 2978 4738 et
3033 4683 3304 4754 precibus
3336 4681 3599 4754 ﬂagitare
3631 4698 3696 4737 ac

2048 4757 2370 4830 postulare.

2122 4833 2181 4884 In
2251 4829 2518 4882 eumdem
2588 4825 2760 4896 plane
2805 4840 3069 4896 sensum
3141 4823 3305 4896 prius
3385 4823 3699 4896 scripserat

2047 4900 2380 4969 gnosticum
2428 4892 2602 4953 orare
2651 4920 2679 4947 ‹‹
2739 4895 2915 4952 etiam
2958 4892 3336 4969 cogitatione,
3372 4918 3399 4944 ››
3430 4893 3518 4969 κᾳὶ
3560 4892 3698 4947 κατὰ

2047 4966 2143 5039 λεήν
2186 4966 2412 5025 ἔννοιαν.
2446 4974 2517 5024 At
2568 4969 2707 5038 quid
2763 4969 2904 5030 ὺωο,
2937 4984 3156 5037 quaeso,
3191 4968 3320 5039 ejus
3372 4968 3543 5021 verba
3588 4983 3694 5039 rso-

2048 5038 2210 5108 nant,
2247 5042 2361 5096 nisi
2394 5041 2730 5111 gnosticum
2765 5057 2878 5094 non
2914 5039 3107 5094 solum
3143 5038 3356 5111 _an_imo
3387 5043 3444 5092 et
3473 5038 3693 5111 cogita:

2049 5107 2338 5179 tione,sed
2373 5107 2520 5182 stupe
2550 5113 2726 5166 etiam
2755 5127 2890 5165 voce
2917 5117 2975 5164 et
2996 5109 3190 5164 verbis
3217 5109 3401 5163 Deum
3427 5107 3700 5182 precari?

2049 5187 2172 5240 Imo
2202 5203 2335 5239 vero
2367 5181 2561 5238 nonne
2593 5184 2714 5238 haec
2745 5183 3082 5253 signiﬁcant
3113 5197 3248 5253 eum
3285 5181 3482 5253 verbis
3506 5181 3698 5253 potius

2048 5274 2226 5336 quam
2265 5255 2620 5336 cogitatione
2651 5251 2853 5336 vacare
2904 5252 3212 5336 precibus?
3247 5253 3367 5336 _Sed
3425 5251 3523 5336 ille
3567 5251 3694 5331 Cle-

2049 5321 2263 5383 mentis
2291 5321 2453 5381 Iocus
2484 5327 2710 5397 integer
2732 5321 3151 5380 describendus
3175 5328 3292 5397 est;
3325 5321 3696 5397 quandoqui-

2047 5401 2177 5454 dem
2236 5400 2487 5467 ipsemet
2530 5393 2921 5454 ibivostendit
2979 5413 3094 5451 non
3153 5393 3342 5467 solum
3405 5393 3698 5467 quomodo

2047 5465 2354 5542 gnosticus
2402 5475 2546 5537 oret,
2581 5470 2682 5542 sed
2732 5470 2872 5539 quid
2905 5468 3081 5542 etiam
3116 5483 3148 5519 a
3180 5466 3306 5542 Deo.
3350 5472 3554 5542 petere
3596 5465 3698 5517 de-

2045 5535 2180 5598 beat
2212 5559 2225 5596 :
2261 5566 2286 5591 «
2325 5542 2463 5597 Orat
2492 5535 2796 5613 gnosticus
2849 5539 3024 5594 etiam
3072 5535 3446 5606 cogitatione,
3481 5536 3565 5588 ait.
3595 5551 3703 5589 au-

2296 5685 2341 5720 ⁸⁶
2378 5685 2415 5739 1.
2452 5703 2490 5739 u
2527 5684 2608 5741 De
2639 5683 2817 5749 ofﬁc.,
2849 5697 2899 5735 c.
2931 5680 2987 5742 5,
3020 5677 3047 5749 Ξ
3086 5677 3186 5740 25;
3221 5676 3258 5749 l.
3289 5693 3375 5746 ul,
3410 5694 3458 5732 c.
3491 5678 3556 5749 5,
3581 5677 3608 5749 ᾗ
3637 5675 3708 5729 29

275 5763 337 5821 et
366 5761 462 5830 3i,
489 5764 617 5817 etc.
652 5760 705 5830 4,
738 5760 766 5830 §
798 5747 902 5816 1'9:
957 5759 1002 5796 ⁸⁷
1034 5759 1250 5817 Strom.
1281 5759 1320 5817 l.
1353 5776 1453 5832 v11,
1477 5777 1536 5834 p.
1566 5760 1672 5816 727
1704 5747 1916 5833 etseq.
1993 5759 2037 5795 ⁸⁸
2068 5757 2210 5814 ibid.
2289 5757 2334 5794 ³9
2365 5756 2531 5825 ibid.,
2565 5771 2622 5828 p.
2652 5747 2812 5810 728(
2858 5752 2902 5789 ⁹⁰
2931 5747 3074 5806 ibid.
3151 5749 3194 5786 ⁹ί
3226 5748 3266 5805 l.
3299 5765 3378 5820 v1,
3410 5765 3468 5821 p.
3500 5748 3626 5804 633.
