4130 6194
475 196 618 254 1263

1034 316 1442 372 ARTICULUS
1491 317 1562 372 ΙΙ.

480 419 770 477 Contraria
799 416 926 472 huic
955 418 1591 559 opz'niouiuargumenta
1639 418 1927 473 solvuntur
1955 419 2005 471 et
2034 432 2122 470 re-

1180 505 1207 543 e
1258 499 1448 543 untur.

1180 499 1448 543 'ellunlur.

552 605 830 671 Quamvis
861 602 1176 658 Clementis
1225 603 1536 671 sententia,
1592 619 1626 659 a
1682 604 1852 659 nobis
1904 603 2127 659 sincere

481 680 770 750 exposita,
824 677 1054 750 hisque,
1115 692 1286 750 quos
1320 677 1677 750 notavimus,
1710 675 2129 750 circumcripta

481 747 700 806 ﬁnibus
731 755 786 804 et
817 747 1108 815 terminis,
1143 747 1288 801 nihil
1324 749 1491 816 plane
1523 748 1636 802 nisi
1667 747 2040 803 verissimum
2071 753 2130 801 et

483 822 760 879 omnibus
812 818 979 874 facile
1026 819 1393 889 probandum
1437 819 1892 890 complectatur,
1929 820 2128 890 plures

486 902 683 950 tamen
719 891 876 946 illius
907 897 1170 962 tempore
1209 908 1323 945 non
1356 890 1543 946 infimi
1576 889 1730 962 apud
1765 889 2130 946 Christianos

501 964 757 1021 nominis
790 963 1153 1018 adversarios
1185 962 1457 1016 habuit“.
1511 964 1793 1027 Quocirca
1841 962 1998 1017 varia
2034 978 2131 1016 eo-

488 1053 618 1092 rum
652 1039 1000 1107 argumenta
1027 1033 1296 1107 Clemens
1330 1040 1492 1089 tanto
1535 1033 1821 1105 integrius
1870 1033 2130 1089 candidi-

489 1124 677 1178 usque
708 1106 1005 1178 proponit,
1039 1106 1232 1176 iisque
1290 1109 1452 1160 tanto
1513 1107 2135 1178 accuratiusrespon-

491 1176 628 1236 dere
673 1176 731 1234 et
779 1176 1120 1233 satisfacere
1152 1181 1421 1245 conatur,
1456 1183 1676 1248 quanto
1719 1177 1952 1248 gravior
1979 1181 2037 1231 et
2067 1176 2136 1230 il-

488 1251 730 1308 lustrior
755 1250 1065 1306 videbatur
1094 1264 1224 1305 esse
1250 1248 1484 1303 illorum
1514 1248 1571 1302 in
1602 1249 1864 1304 Ecclesia
1885 1248 2136 1304 auctori-

490 1331 584 1380 tas
601 1324 666 1378 “.

566 1396 646 1450 Ex
676 1393 768 1448 his
796 1396 988 1448 autem
1019 1389 1203 1460 aliqui
1225 1389 1583 1460 objiciebant
1617 1389 2049 1461 philosophiam
2075 1388 2135 1443 in

493 1467 800 1522 hominum
837 1461 1154 1534 perniciem
1183 1467 1358 1532 atque
1388 1461 1628 1534 exitium
1663 1478 1774 1517 non
1803 1479 1835 1515 a
1865 1462 2001 1528 Deo,
2035 1461 2136 1516 sed

498 1557 530 1594 a
553 1538 708 1592 malo
739 1532 976 1590 auctore
1006 1538 1063 1588 et
1109 1533 1362 1602 ipsemet
1405 1532 1646 1604 diabolo
1697 1534 2041 1604 profectam.
2069 1535 2141 1604 At

497 1624 753 1681 quonam
788 1607 979 1681 modo,
1011 1605 1328 1681 respondet
1347 1603 1624 1681 _Clemens
1641 1602 1712 1681 ff,
1731 1602 2138 1681 philosophis:

1191 199 1263 251 IN
1301 195 1739 251 CLEMENTEM
1781 197 1992 248 ALEX.
2034 195 2098 248 D.
2142 195 2234 248 LE
2272 192 2569 248 NOURRY
2605 194 3080 248 DISSERTATIO
3118 196 3190 248 Π.

3742 196 3877 252 1264

2091 385 2103 398 ο
2151 327 2206 395 Α
2237 312 2595 398 ιιξὶιξῐειὶθξῐι.Δ
2630 318 2699 370 Et
2732 331 2877 398 ivero
2900 315 3027 398 sive
3057 313 3357 398 diabolus,
3399 315 3530 398 sive.
3563 316 3702 398 falsi
3753 334 3884 398 prof

2240 386 2640 458 phetaafurto
2692 386 2917 458 aliquid
2977 387 3234 442 Hebraeis
3277 387 3625 458 eripuerint,
3655 386 3887 447 constat

2235 456 2372 512 sime
2404 456 2536 512 illos
2566 457 2737 542 uobis
2763 456 2901 540 vera
2932 459 3191 542 quaedam
3228 456 3538 542 reliquisse
3564 462 3882 542 documen:

2232 534 2311 598 ta,
2345 545 2542 633 quae“:
2563 529 2910 585 Christianis
2940 530 3136 600 aliquo
3169 547 3282 586 non
3315 529 3442 587 sine
3473 532 3668 588 fructu
3701 533 3884 606 excipi

2278 601 2562 656 ossunt”.

2235 618 2525 746 péilseiﬂtt'n
2550 643 2754 727 contra
2776 671 2967 727 adhuc
2999 673 3304 746 urgebant,
3327 673 3434 729 etsi
3466 673 3616 730 Deus
3634 676 3884 746 alicujus

2241 743 2622 816 philosophiae
2665 749 2823 799 sator
2869 743 3310 816 seminatorque
3349 745 3582 814 fuisset,
3626 743 3884 802 divinam

2242 815 2632 888 nihilominus
2658 832 2838 886 super
2863 815 3022 888 iilius
3055 821 3314 887 segetem
3346 819 3694 888 pestiferum
3728 835 3889 875 erro-

2240 888 2321 941 ris
2346 895 2520 957 atque
2547 887 3098 962 impietatislolium
3122 894 3189 962 _et
3212 887 3481 962 _zizania,
3518 890 3739 962 quibus
3793 890 3890 945 illa

2244 964 2543 1033 perempta
2604 967 2695 1033 est
2742 959 2962 1029 impius
2993 959 3264 1033 agricola
3294 959 3563 1033 diabolus
3593 962 3814 1033 sparsit
3837 969 3894 1017 et

2243 1031 2670 1084 disseminavit.
2709 1035 2796 1102 At,
2843 1030 3033 1102 inquit
3061 1031 3415 1098 Clemens“,
3466 1030 3644 1088 idem'
3674 1034 3889 1088 erroris

2243 1107 2294 1157 et
2328 1102 2648 1173 impietatis
2693 1101 2891 1156 lolium
2933 1101 3131 1173 super
3185 1103 3489 1158 verissima
3545 1105 3892 1160 Christiane

2244 1172 2545 1247 religionis
2572 1174 2805 1228 decreta
2825 1174 2903 1247 ab
2935 1172 3226 1230 haereticis
3255 1190 3525 1247 sparsum
3559 1181 3671 1231 est.
3724 1177 3889 1231 Nun-

2245 1245 2387 1316 quid
2418 1261 2554 1317 ergo
2605 1260 2730 1317 eam
2783 1246 2869 1317 ob,
2909 1261 3146 1317 causam
3180 1245 3600 1317 proscribenda
3656 1253 3750 1303 est
3800 1265 3890 1303 ea-

2245 1315 2377 1371 dem
2409 1315 2739 1371 Christiana
2769 1315 3024 1386 religio?
3075 1315 3217 1383 Quis
3248 1317 3366 1373 nisi
3415 1319 3563 1374 male
3607 1320 3742 1375 sani
3796 1336 3888 1375 ca-

2247 1388 2387 1460 pitis
2438 1387 2713 1460 homoiid
2770 1404 3026 1460 unquam
3079 1389 3446 1444 somniavit?
3495 1390 3893 1454 Quamobrem

2249 1458 2748 1533 quemadmodum
2800 1458 2948 1514 falsa
2978 1465 3036 1515 et
3067 1461 3326 1533 absurda
3374 1460 3890 1533 philosophorum,

2249 1533 2404 1587 244
2438 1531 2517 1585 uti
2552 1531 2992 1604 Epicureorum,
3028 1532 3124 1604 ide
3171 1531 3486 1604 voluptate,
3517 1542 3571 1588 et
3603 1531 3726 1589 alia
3754 1551 3894 1590 con-

2249 1609 2358 1676 tra_
2392 1602 2967 1676 rectam_rationemi
3006 1602 3381 1676 documenta,
3439 1619 3564 1674 qua;
3619 1607 3694 1660 ab
3754 1608 3896 1676 Apo-

495 1672 554 1758 (ᾖ
582 1677 897 1758 dialectica:
930 1672 1200 1758 inventor
1222 1676 1360 1758 ‘dici
1406 1679 1600 1758 potest
1629 1672 1917 1758 diabolus,
1950 1672 2136 1758 quem
2173 1696 2216 1758 Β
2249 1674 2431 1758 διοιοη
2461 1696 2488 1724 ‹‹
2525 1672 2841 1758 sapientia
2870 1673 3050 1758 hujus
3106 1674 3376 1758 saeculi-ii
3425 1672 3896 1758 vagiam-ruga},

496 1751 786 1812 Christus,
819 1764 952 1803 cum
1000 1747 1071 1801 ab
1121 1763 1185 1818 eo
1216 1751 1562 1818 tentaretur,
1593 1748 1888 1818 sapienter
1915 1746 2136 1802 elusit?

499 1823 648 1887 Quid
680 1826 900 1888 autem,
924 1818 1078 1888 quod
1111 1817 1382 1873 diabolus
1400 1817 1718 1889 aliquando
1739 1820 1797 1874 in
1823 1817 1971 1874 lucis
1988 1834 2139 1873 com-

499 1898 767 1948 mutatur
787 1890 1079 1962 angelum,
1101 1889 1201 1962 qui
1241 1907 1374 1944 vera
1417 1890 1682 1960 quindam
1715 1897 1770 1944 et
1801 1889 2141 1962 hominibus

500 1964 671 2020 utilia
697 1961 1048 2018 annuntiat?
1077 1961 1243 2016 Tunc
1265 1967 1462 2016 autem
1484 1963 1893 2016 tantummodo
1925 1961 2144 2032 decipit

500 2036 791 2100 homines,
815 2049 947 2088 cum
976 2049 1079 2102 per
1099 2049 1251 2097 vera,
1294 2049 1420 2102 quae
1441 2034 1602 2098 dicit,
1631 2033 1764 2088 illos
1804 2032 2060 2088 traducit
2082 2035 2140 2088 in

500 2122 758 2162 errorem
791 2111 847 2160 et
879 2104 1368 2158 mendacium.De
1389 2120 1456 2159 ea
1478 2111 1672 2160 autem
1705 2105 1991 2159 duntaxat
2021 2104 2144 2176 phi-

497 2178 763 2250 losophia
786 2175 1168 2250 quaestionem
1201 2192 1329 2250 esse
1359 2176 1651 2250 diximus,
1672 2175 2062 2250 qiuzesincera
2088 2179 2146 2230 et

503 2247 680 2317 certa,
715 2247 996 2319 nullaque
1037 2247 1252 2303 erroris
1283 2252 1339 2302 et
1371 2247 1527 2302 falsm
1560 2247 1857 2319 opinionis
1901 2247 2146 2318 fuligine

500 2327 798 2393 corrupta,
853 2319 1215 2390 sempiternae
1273 2319 1535 2376 veritatis
1593 2324 1944 2375 documenta
1975 2319 2145 2374 nobis

495 2392 760 2450 tradidit.

571 2467 658 2518 Ad
700 2465 807 2518 hac
837 2477 996 2527 vero,
1030 2460 1262 2516 etiamsi
1295 2459 1581 2516 nonnulla
1611 2461 1682 2515 ab
1730 2461 1927 2531 aliquo
1957 2460 2142 2532 impe-

500 2538 610 2592 rite
625 2536 918 2602 dicantur,
944 2549 1009 2587 ea
1031 2538 1227 2587 tamen
1252 2532 1466 2587 idcirco
1490 2549 1603 2587 non
1627 2533 1920 2600 damnari,
1943 2534 2042 2588 sed
2071 2548 2144 2586 an

499 2608 728 2664 veritati
751 2610 1144 2661 consentanea
1157 2605 1296 2668 sint,
1324 2609 1545 2659 attente
1566 2604 1887 2660 examinari
1909 2604 2143 2660 debent.

501 2683 804 2736 Postremo
835 2691 964 2732 cum
999 2676 1176 2731 Graeci
1217 2675 1550 2746 philosophi
1597 2691 1684 2738 ea,
1731 2678 1812 2730 uti
1867 2675 2144 2743 vidimus,

503 2769 632 2824 qua:
659 2767 797 2805 vera
823 2751 1170 2824 docuerunt,
1194 2763 1260 2801 ex
1289 2747 1547 2824 Hebraeis
1577 2747 1982 2817 delibaverint,
2007 2747 2054 2802 si
2079 2763 2149 2824 ea

501 2817 590 2880 vel
625 2826 832 2894 sponte
861 2836 990 2894 sua,
1032 2818 1119 2874 vel
1180 2823 1335 2873 metu
1388 2817 1585 2894 aliquo
1634 2822 2149 2894 contemnantaut

506 2889 805 2966 respuant,
838 2891 1008 2966 nobis
1039 2896 1193 2966 certe
1215 2907 1326 2944 non
1363 2889 1560 2946 minus
1593 2890 1757 2945 utilia
1775 2898 1948 2961 atque
1970 2890 2144 2945 etiam

505 2961 836 3022 necessaria
856 2980 923 3017 ac
945 2961 1596 3016 divinitustransmissa
1616 2968 1914 3017 sunt.Htec
1929 2967 2146 3030 autem,

506 3041 658 3094 sicut
681 3037 807 3107 jam
850 3034 1130 3107 diximus,
1182 3033 1282 3107 ilia
1327 3038 1417 3088 est
1464 3036 1653 3088 Graeca
1689 3033 2083 3107 philosophia,
2117 3049 2150 3087 a

505 3103 857 3165 Christianis
889 3104 1312 3176 amplectenda,
1346 3121 1410 3158 ac
1443 3110 1656 3160 nostra;
1690 3103 1878 3160 etiam
1913 3103 2148 3176 religio-

509 3181 600 3236 nis
633 3175 1083 3233 fundamentum
1103 3175 1166 3228 ⁸⁵.

582 3252 807 3305 Rursus
840 3250 1039 3318 itaque
1079 3246 1348 3301 Clemens
1387 3250 1585 3316 postea
1625 3247 1879 3302 ostendit
1898 3248 1941 3282 ⁸⁷
1972 3263 2086 3302 non
2117 3263 2152 3301 a

508 3321 763 3385 diabolo,
798 3319 898 3373 sed
933 3335 965 3373 a
1000 3320 1109 3372 Deo
1147 3319 1273 3388 ipso
1306 3334 1504 3372 revera
1525 3322 1713 3372 ortam
1737 3335 1868 3374 esse
1900 3318 2152 3388 philoso-

506 3393 729 3465 phiam,
762 3395 826 3465 ut_
856 3396 985 3460 pote
1017 3389 1430 3465 quazhomines
1464 3390 1667 3465 reddat
1703 3389 2151 3465 virtute_pr_azdi-

505 3459 617 3531 tos,
651 3468 708 3519 et
737 3459 907 3532 cujus
939 3477 1082 3514 usus
1115 3459 1446 3532 Graecorum
1468 3461 1761 3532 omnium
1810 3459 2047 3532 optimis
2094 3465 2153 3516 et

506 3531 984 3609 prmtantissimis
1015 3533 1188 3586 datus
1217 3531 1784 3609 fuerit._Quinetiam
1809 3531 2153 3609 gradatione

507 3603 738 3674 facta“,
767 3604 863 3659 ille
893 3606 1252 3659 demonstrat
1282 3603 1740 3673 omnipotentem
1784 3603 1964 3659 Deum
2003 3603 2150 3659 divi-

508 3695 769 3750 numque
792 3677 952 3750 illius
975 3676 1241 3750 verbum,
1266 3689 1393 3729 esse
1419 3676 1673 3745 primum
1697 3676 1960 3731 veritatis
1983 3692 2152 3731 verae-

509 3769 623 3823 que
647 3745 924 3805 doctrinae
953 3745 1297 3823 magistrum
1331 3753 1388 3823 et
1421 3752 1856 3823 praieeptorem.

578 3823 787 3876 Contra
808 3835 939 3873 vero
969 3819 1013 3852 6°
1043 3819 1368 3886 arguebant
1399 3818 1576 3890 aliqui
1607 3823 1863 3872 Graecam
1897 3817 2152 3887 philoso-

507 3893 707 3962 phiam
742 3913 769 3940 »
798 3906 934 3962 casu
972 3894 1270 3962 utcunque
1292 3893 1347 3940 et
1375 3890 1605 3962 exiliter
1625 3892 1982 3945 veritatem»
2015 3907 2152 3962 con-

507 3961 707 4032 sequi;
739 3961 824 4015 vel
851 3961 895 4014 si
924 3977 1049 4032 quae
1073 3975 1205 4012 vera
1233 3961 1454 4024 doceat,
1482 3961 1600 4014 haec
1626 3962 1805 4016 fuisse
1835 3963 1986 4015 furto
2011 3961 2152 4016 sub-

508 4031 647 4088 lata.
682 4037 752 4086 At
781 4047 953 4086 omne
979 4031 1196 4082 furtum
1253 4046 1383 4082 cum
1447 4032 1660 4084 malum
1727 4034 1805 4086 sit
1861 4032 1999 4085 illud
2036 4049 2150 4087 non

513 4110 621 4160 Deo
652 4109 754 4158 aut
783 4103 911 4172 ejus
947 4100 1266 4170 prophetis,
1301 4101 1399 4153 sed
1434 4102 1664 4156 diabolo
1716 4111 1811 4156 aut
1860 4103 2150 4158 inferiori-

509 4178 620 4231 bus
654 4171 1034 4246 potestatibus
1069 4172 1271 4241 utique
1303 4171 1714 4246 ascribendum
1757 4176 1862 4246 est.
1902 4176 1980 4246 _At
2016 4191 2155 4229 sane

510 4243 1228 4318 utruinqueaClemente
1285 4247 1482 4318 nostro
1541 4243 1711 4318 faciie
1770 4243 2032 4301 solvitur.
2063 4248 2147 4300 Ad

508 4314 760 4392 primum
823 4314 1523 4392 quippenrespondetif:
1558 4336 1590 4392 «ς
1619 4315 1674 4369 Si
1727 4332 1853 4392 non
1883 4332 2147 4392 compre-

2251 1745 2529 1801 omnibus
2561 1745 2845 1817 proscribi
2875 1750 2934 1817 et
2963 1745 3256 1817 repudiari
3286 1747 3504 1802 debent
3543 1748 3610 1814 ⁷⁸,
3643 1748 3728 1803 ita
3775 1747 3896 1803 sin-

2251 1817 2437 1888 gulari
2471 1832 2705 1890 quoque
2737 1816 2823 1871 illi
2856 1816 3239 1890 philosophiae
3291 1818 3712 1884 insistendum,
3765 1837 3894 1890 qua

2253 1906 2381 1943 vera
2412 1888 2591 1942 tradit
2648 1889 2910 1959 perfectae
2970 1889 3228 1943 scientias
3275 1890 3585 1957 elementa,
3618 1895 3679 1946 et
3708 1888 3893 1958 iniis,

2253 1976 2378 2031 quae
2409 1959 2735 2032 spiritualia
2757 1966 2813 2014 et
2843 1966 3057 2014 aeterna
3087 1967 3245 2025 sunt,
3279 1977 3513 2032 semper
3542 1970 3835 2017 versatur.

2326 2033 2448 2086 Non
2468 2031 2626 2104 sinit
2655 2046 2792 2102 ergo
2811 2033 3090 2104 Clemens
3121 2032 3232 2087 sibi
3265 2031 3525 2104 amplius
3555 2034 3734 2104 objici
3771 2033 3897 2104 phi—

2253 2102 2577 2174 losophiam
2613 2104 2684 2156 ab
2712 2102 3664 2229 ipsismetpaganisphilosophis
3706 2102 3900 2188 “fuisse

2253 2174 2622 2229 inventam".
2660 2176 3048 2229 Ouantumws
3077 2190 3233 2229 enim
3265 2191 3278 2227 1
3313 2176 3422 2229 lam
3453 2178 3523 2229 ab
3555 2177 3900 2229 hominibus

2252 2173 2622 2230 inventam".
2660 2173 3048 2239 Quantumvis
3077 2173 3233 2229 enim
3265 2173 3422 2230 illam
3453 2173 3902 2232 ab'hominibus

2253 2245 2704 2318 accepissemus,
2734 2247 2806 2300 ab
2827 2262 2896 2301 ea
2917 2243 3305 2318 nihilominus
3335 2253 3392 2302 et
3416 2247 3653 2303 Domini
3685 2247 3901 2318 imbui-

2253 2334 2388 2372 mur
2425 2317 2773 2386 doctrina;et
2807 2333 2934 2388 quae
2969 2317 3232 2372 facienda
3275 2336 3310 2374 a
3352 2319 3521 2375 nobis
3538 2317 3906 2376 suntedoce-

2254 2389 2691 2462 mur.P_raeterea
2721 2391 2894 2444 variis
2927 2405 3227 2445 sacrorum
3258 2392 3619 2462 scriptorum
3646 2393 3907 2448 testimo-

2251 2460 2687 2536 niis__Clemens
2738 2465 2934 2536 procat
2993 2461 3188 2536 omnis
3257 2460 3529 2536 humanae
3599 2464 3905 2536 sapientia

2255 2531 2654 2606 intelligentia:
2685 2533 2969 2603 originem
3002 2532 3061 2586 in
3094 2536 3272 2588 Deum
3306 2535 3502 2606 ipsum
3533 2531 3907 2591 esse'refun-

2255 2605 2362 2660 den
2373 2605 2529 2658 dam.

2327 2675 2478 2750 Quid
2507 2689 2678 2750 ergo,
2700 2674 3002 2750 instabant
3042 2674 3140 2750 alii
3173 2691 3366 2750 nonne
3414 2676 3486 2750 ab
3518 2677 3817 2750 Apostolo
3847 2675 3903 2733 in

2257 2747 2382 2818 suis
2438 2745 2716 2817 Epistolis
2773 2745 3142 2818 philosophia
3211 2745 3904 2805 Christianis-omnibus

2258 2816 2430 2892 piane
2463 2816 2812 2892 penitusque
2842 2816 3596 2892 interdictaprohibitaque
3625 2822 3784 2876 fuit?
3810 2820 3906 2876 lli-

2258 2890 2416 2963 nime
2447 2889 2732 2960 gentium,
2766 2891 3081 2963 respondet
3117 2889 3384 2947 Clemens
3428 2889 3700 2948 “.‘Falsa
3725 2894 3903 2963 siqui-

2259 2961 2414 3027 dem,
2451 2975 2709 3036 _erronea
2739 2967 2798 3036 et
2827 2961 3012 3036 impia
3059 2967 3286 3036 tantum
3342 2963 3730 3036 philosophiae
3762 2961 3902 3036 dog-

2261 3036 2418 3086 mata
2450 3030 2663 3086 Paulus
2694 3033 2885 3103 rejicit
2914 3030 2971 3086 et
3017 3034 3306 3103 repudiat.
3342 3030 3694 3100 'Quineti'am
3745 3030 3901 3090 idem

2267 3123 2289 3177 ci
2322 3103 2654 3177 Apostolus,
2688 3103 3280 3177 ut_alibi"_°fClemens
3311 3104 3594 3177 loquitur,
3647 3123 3765 3162 non
3812 3108 3899 3160 vi-

2259 3175 2430 3230 detur
2460 3174 3344 3250 reprehenderephilosophiam
3373 3174 3406 3250 ξ
3431 3179 3532 3233 sed
3581 3195 3740 3250 eum,
3798 3177 3900 3250 qui

2258 3251 2348 3320 est
2374 3245 2666 3317 particeps
2703 3245 3036 3320 altitudinis
3066 3245 3440 3320 cognitionis,
3475 3265 3589 3306 non
3617 3249 3745 3305 vult
3772 3245 3904 3304 ain-

2298 3316 2742 3391 liu’s‘recurrere
2772 3319 2842 3374 ad
2875 3316 3620 3391 Graecam'philosophiam,
3649 3338 3782 3376 eam
3814 3320 3905 3376 al-

2299 3334 2412 3372 nus
2445 3334 2742 3373 recurrere
2772 3334 2842 3374 au
2875 3334 3132 3374 uraacam
3163 3334 3620 3391 philosophiam,
3649 3338 3782 3376 eam
3814 3334 3905 3376 at-

2258 3334 2507 3474 regorice
2536 3405 2752 3474 vocans
2778 3390 2985 3474 mundi
3013 3390 3329 3474 elemeuty
3359 3399 3428 3474 ut
3457 3408 3585 3474 qua:
3613 3393 3906 3448 elementa

2261 3461 2692 3535 quodammodo
2722 3460 2946 3525 doceat,
2976 3466 3032 3516 et
3054 3462 3106 3535 _si
3138 3460 3648 3535 velutidisciplina
3681 3479 3904 3535 prece-

2259 3533 2402 3605 deus
2433 3532 2757 3605 veritatem.
2793 3536 3021 3605 »_Vetat
3051 3533 3248 3605 itaque
3277 3532 3564 3605 Clemens,
3613 3532 3699 3590 ne'
3723 3551 3900 3605 gnos-

2258 3603 2357 3678 tici
2402 3608 2459 3658 et
2505 3604 2739 3678 perfecti
2789 3603 3100 3678 Christiani
3149 3603 3218 3678 ad
3269 3604 3477 3660 Graecae
3517 3603 3906 3678 philosophia:

2258 3676 2547 3730 elementa
2602 3676 2862 3744 redeant,
2919 3675 3136 3746 quibus
3169 3677 3209 3733 ii
3239 3680 3469 3733 tantum
3517 3675 3770 3734 studere
3804 3679 3906 3733 de-

2260 3747 2419 3815 bent,
2450 3747 2548 3821 qui
2577 3747 2850 3821 nondum
2881 3748 3171 3821 cognitam
3205 3749 3514 3821 veritatem
3536 3749 3910 3821 inquirentes

2259 3818 2743 3892 contendunt__ad
2792 3818 3140 3874 Christianae
3183 3820 3554 3892 perfectionis
3602 3818 3909 3892 pervenire

2262 3889 2583 3962 fastigium.
2615 3889 3030 3962 Verumtamen
3062 3889 3329 3962 gnostico
3377 3889 3908 3948 alicubi'Clemens

2261 3959 2524 4035 indulget
2543 3961 2608 4035 i9,
2644 3963 2699 4035 _si
2733 3961 2784 4016 ei
2816 3977 2916 4035 per
2945 3959 3128 4035 otium
3164 3967 3221 4018 et
3251 3969 3486 4035 tempus
3529 3964 3726 4031 liceat,
3757 3963 3908 4020 rela-

2259 4033 2434 4086 xandi
2472 4032 2670 4106 animi
2716 4033 2916 4102 gratia,
2967 4033 3221 4089 Graecam
3273 4032 3714 4106 philosophiam
3777 4043 3910 4091 tan-

2261 4121 2439 4179 quam
2471 4103 2778 4179 bellarium
2813 4108 2942 4179 post
2971 4103 3529 4179 caenamidegustaré
3561 4113 3619 4162 et
3643 4107 3911 4178 attinge-

2261 4177 2442 4250 re._At
2471 4176 2744 4250 omnibus
2777 4176 3239 4250 palamedicit“?
3268 4176 3368 4235 eos
3390 4179 3681 4234 rationum
3713 4176 3913 4250 pefse-

2261 4245 2362 4316 qui
2417 4247 2680 4320 umbras,
2739 4245 2836 4320 qui
2898 4247 3284 4320 philosophia
3339 4251 3669 4316 studentes,
3713 4245 3913 4306 rebus

2261 4318 2710 4389 supervacaneis
2738 4318 3076 4391 dolosisque
3115 4318 3582 4390 sbphismatibus
3619 4338 3916 4393 occupan-

506 4368 1346 4458 hendit-‘Crazcaphilosophia
1369 4368 2146 4458 veritatis"magnitudinis—ni,
2187 4368 2227 4432 ἶ)

502 4473 559 4520 et
587 4469 676 4520 est
715 4463 906 4518 adhuc
957 4459 1244 4513 imbecilla
1294 4458 1363 4511 ad
1417 4459 1692 4513 mandata
1723 4458 1952 4515 Domini
1984 4475 2146 4516 exse-

503 4537 759 4607 quenda,
793 4538 852 4589 at
902 4531 1080 4603 regali
1113 4531 1346 4607 quidem
1403 4531 1654 4586 maxime
1685 4531 1960 4607 doctrina:
1989 4533 2144 4607 viam

500 4602 803 4679 praeparat,
839 4602 1146 4679 utcunque
1186 4602 1482 4679 castigans
1529 4607 1587 4679 et
1638 4619 1826 4658 mores
1859 4604 2022 4679 prius
2055 4604 2143 4657 in-

499 4674 779 4739 forn'ians,
803 4681 861 4731 et
893 4676 962 4730 ad
991 4674 1427 4744 suscipiendam
1458 4674 1763 4729 veritatem
1787 4675 2144 4730 confirmans

497 4765 654 4813 eum,
688 4747 789 4818 qui
829 4747 1103 4816 opinatur
1147 4747 1269 4815 (seu
1299 4745 1616 4816 existimat)
1667 4763 1793 4800 esse
1834 4747 2140 4818 providen-

499 4821 662 4872 tiam.
699 4841 724 4867 ››
756 4819 836 4871 Ad
871 4818 1194 4872 secundum
1242 4833 1374 4872 vero
1409 4833 1421 4870 :
1458 4839 1484 4866 ι(
1518 4818 1810 4886 Aliquam,
1864 4818 2142 4888 inquit“,

501 4889 814 4942 utilitatem
849 4888 1054 4942 habuit
1081 4889 1324 4954 furtum,
1376 4888 1528 4957 quod
1573 4889 1800 4943 redibat
1832 4891 1903 4943 ad
1956 4889 2142 4944 homi-

503 4977 622 5025 nes,
656 4976 768 5031 non
803 4959 956 5031 quod
992 4959 1041 5010 is
1065 4959 1162 5026 qui
1196 4959 1496 5031 subripuit
1538 4959 1679 5012 utile
1710 4961 1820 5015 sibi
1855 4977 2143 5031 propone-

499 5037 606 5099 ret,
640 5030 737 5083 sed
774 5030 1138 5098 providentia
1170 5030 1240 5082 ad
1276 5030 1414 5084 utile
1447 5030 1725 5100 dirigeret
1757 5030 1998 5087 audacis
2029 5050 2141 5088 cce-

500 5103 579 5173 pti
615 5107 954 5155 eventum.»
981 5100 1547 5173 Quoscunqueenim
1578 5119 1721 5156 verae
1755 5102 2141 5173 philosophiae

501 5171 780 5245 dogmata
811 5173 1030 5224 furatos
1062 5187 1189 5245 esse
1213 5171 1708 5245 dixeris,ccrteiex
1738 5171 1935 5228 eorum
1965 5171 2140 5245 furto,

500 5240 653 5315 quod
690 5243 804 5315 Deo
838 5259 948 5296 non
982 5240 1220 5310 quidem
1253 5247 1514 5315 auctore,
1537 5243 1636 5298 sed
1677 5261 1788 5299 non
1823 5240 2141 5315 prohibeo-1

500 5313 577 5386 te,
602 5314 929 5372 admissum
952 5317 1062 5382 est,
1086 5319 1336 5383 possunt
1361 5313 1628 5370 homines
1652 5313 1910 5386 aliquam
1935 5333 2142 5388 capere

2328 4461 2524 4530 Neque
2555 4465 2748 4515 tamen
2777 4460 2922 4536 his},
2957 4462 3055 4532 qui
3087 4484 3116 4512 «
3149 4462 3403 4518 Griecam
3439 4464 3912 4536 philosophiam,

2257 4548 2368 4586 non
2393 4548 2563 4587 secus
2595 4548 2660 4586 ac
2685 4533 2843 4602 pueri
2875 4533 3062 4588 larvas
3085 4533 3459 4602 verebantur,
3485 4561 3505 4583 ι
3543 4536 3635 4591 bis
3657 4533 3913 4592 rationi-

2254 4603 2365 4674 bus
2395 4603 2567 4674 plane
2587 4603 2780 4658 adhuc
2803 4604 2937 4659 victi
2968 4605 3246 4661 Clementi
3268 4611 3470 4662 nostro
3493 4608 3687 4663 adhuc
3708 4624 3913 4664 exem-

2255 4673 2350 4750 pla_
2390 4673 2763 4750 Objectabant
2800 4675 3218 4750 prophetarum
3260 4683 3438 4749 atque
3469 4680 3908 4750 apostolorum,

2253 4746 2352 4815 qui
2383 4745 2573 4802 nullas
2616 4745 2998 4817 philosophia
3048 4752 3203 4804 artes
3256 4745 3362 4806 nec
3423 4745 3751 4807 didicerant
3803 4767 3915 4808 nec

2254 4823 2549 4872 noverant.
2585 4819 2692 4872 Sed
2729 4818 3091 4874 levissimum
3126 4819 3270 4874 illud
3296 4821 3479 4877 telum
3514 4824 3587 4877 ab
3617 4838 3686 4877 eo
3736 4822 3912 4878 facile

2253 4889 2663 4962 retunditur“).
2703 4891 2798 4944 His
2841 4892 3058 4962 quippe
3105 4892 3331 4947 artibus
3361 4897 3420 4947 et
3448 4893 3662 4950 studiis
3696 4893 3787 4948 illi
3823 4895 3910 4949 id-

2253 4961 2416 5037 circo
2445 4977 2556 5037 non
2607 4961 2930 5037 indignere,
2952 4961 3100 5037 quia
3131 4963 3341 5037 divino
3372 4965 3609 5020 afﬂante
3656 4966 3912 5037 Spiritu,

2251 5032 2581 5105 cognitione
2627 5032 3010 5104 doctrinaque
3042 5034 3209 5105 plane
3241 5034 3496 5091 cmlestis
3541 5032 3755 5091 imbuti
3793 5032 3912 5093 fue-

2253 5109 2410 5158 runt.
2444 5103 2857 5176 Caeterosergo
2888 5103 3092 5160 eodem
3124 5105 3322 5163 divino
3360 5123 3605 5164 munere
3649 5125 3770 5164 non
3805 5110 3914 5164 do-

2253 5176 2543 5252 natos,_ad
2579 5174 2956 5252 intelligenda
2985 5181 3044 5233 et
3064 5180 3438 5252 assequenda
3467 5195 3603 5236 vera
3636 5179 3910 5252 philoso-

2251 5247 2401 5326 phias
2431 5247 2823 5326 documenta,
2843 5249 3041 5326 labore
3069 5255 3126 5305 et
3159 5247 3457 5309 industria
3499 5247 3655 5326 opus
3683 5254 3908 5311 habere

2252 5317 2452 5374 nullus
2484 5319 2692 5374 merito
2726 5320 3104 5375 inficiabitur.

560 5529 606 5564 αθ
635 5529 849 5583 Strom.
884 5525 984 5580 lib.
1016 5542 1055 5594 ι,
1091 5526 1302 5596 p.278.
1398 5525 1444 5560 ει
1475 5526 1640 5594 ibid.,
1675 5543 1732 5597 p.
1764 5528 1886 5581 292.

1233 5528 1302 5579 r8.
1398 5528 1444 5560 εδ
1475 5528 1640 5594 ibid.,
1675 5543 1732 5597 p.
1764 5528 1886 5581 292.
1992 5528 2107 5584 "1.
2139 5546 2196 5584 v1
2229 5547 2283 5601 p.
2314 5531 2421 5586 647
2453 5534 2509 5586 et
2539 5547 2663 5603 seq.

1233 5614 1289 5668 p.
1331 5599 1420 5651 70.
1498 5598 1542 5632 ⁵⁸
1572 5599 1608 5654 Ι.
1641 5616 1720 5668 v1,
1756 5615 1811 5671 p.
1843 5600 1969 5665 644,
2053 5602 2099 5636 σθ
2128 5599 2169 5655 1.
2199 5618 2239 5668 1,
2275 5619 2331 5671 p.
2365 5604 2471 5657 309
2500 5607 2556 5658 et
2586 5620 2663 5659 set

2766 5533 2810 5570 σα
2845 5533 3015 5607 ibid.,
3049 5551 3104 5606 p.
3137 5535 3245 5591 eis
3275 5540 3332 5592 et
3359 5537 3483 5592 671.
3562 5537 3609 5573 ιτ
3643 5537 3822 5607 ibid.,
3853 5556 3907 5607 ρ.

491 5598 912 5679 δίιὲνβάδιέθδ
941 5602 998 5679 at
1018 5598 1200 5679 1-.an
1233 5614 1289 5668 P-
1309 5599 1420 5679 ἕρ·
1498 5598 1542 5679 ῗῗ
1572 5599 1608 5679 ις
1641 5616 1720 5679 1n,
1756 5615 1811 5671 ρ·
1843 5600 1969 5679 64.4.
2022 5599 2142 5679 ἐζ]

2275 5604 2471 5679 ρηῑςοε)
2500 5598 2710 5679 etseq.
2750 5598 3012 5679 __7°_‘ibid.'
3037 5598 3140 5679 ᾖτε
3173 5606 3343 5678 ibid.,
3377 5624 3433 5679 p.
3465 5608 3593 5663 310.
3691 5611 3737 5645 τ’
3767 5598 3902 5668 ista.

493 5691 549 5746 p.
581 5673 862 5752 3112Λῖξ12Γ
941 5671 984 5704 ⁷³
1016 5669 1182 5752 ibid.,
1214 5687 1270 5740 p.
1303 5671 1550 5752 6-48.“:lt
1581 5678 1603 5727 Ι
1635 5669 1857 5752 ρος-ξιιμ
1890 5674 1943 5727 6.

2256 5669 2321 5752 τί...
2348 5669 2704 5752 μ-νιηδῖῷς-
2749 5676 2796 5711 τε
2825 5675 2993 5752 ibid.,
3023 5678 3151 5748 646,
3183 5684 3242 5736 et
3272 5669 3449 5752 ρζδὶδί
3486 5685 3543 5736 et
3575 5697 3706 5752 seq.
3803 5680 3898 5738 τη.

492 5741 555 5816 ii,
587 5761 644 5818 p.
675 5745 782 5799 295
811 5747 868 5799 et
896 5758 1018 5814 seq.
1095 5742 1138 5777 ⁷⁸
1169 5741 1206 5796 l.
1240 5757 1315 5813 v1,
1347 5759 1406 5816 p.
1438 5743 1561 5799 645.
1641 5746 1685 5780 79
1714 5744 1884 5811 ibid.,
1923 5762 1976 5818 p.
2008 5745 2133 5802 695.

2256 5765 2257 5772 ι
2286 5745 2428 5801 ibid.
2484 5741 2549 5783 νει
2587 5746 2756 5819 ibid.,
2787 5765 2846 5820 p.
2878 5741 2987 5805 655
3015 5754 3072 5807 et
3101 5741 3227 5824 s'eq.
3272 5741 3349 5786 ’δ’
3379 5750 3419 5807 1.
3453 5768 3493 5824 ι,
3522 5768 3584 5825 p.
3614 5741 3750 5813 292.
