4130 6194
290 228 434 299 1309

1563 233 1659 284 DE
1694 233 1926 286 LIBRIS
1960 232 2426 288 BTROMATUM.

286 354 551 430 neratim_
573 353 1030 430 Lacedzsmoniis
1059 352 1234 430 verba
1267 352 1516 430 legimus
1541 355 1584 387 ³³
1613 357 1676 407 ;“‹‹
1714 355 1946 430 Sparta:

2066 353 2192 430 Alia
2221 360 2388 430 erant
2418 373 2544 427 quae
2578 356 2922 430 nominabat
2960 354 3268 430 ἐξωτερικαὶ,
3302 357 3410 415 alia
3441 373 3568 429 qum
3599 375 3704 430 ap-

287 443 505 482 norum
538 425 628 480 lex
671 425 922 479 multam
973 425 1199 496 statuit,
1250 426 1652 496 primamtnon
1715 425 1950 480 ducenti

289 514 558 562 uxorem,
593 496 839 550 alteram
871 512 1008 550 vero
1038 495 1296 565 ducenti,
1323 498 1556 551 tertiam
1589 502 1647 551 et
1681 497 1954 566 gravissi-

295 585 453 624 mam
492 568 576 639 illi
608 567 708 638 qui
737 567 953 621 malam
989 567 1240 621 duxerit.
1281 587 1304 616 ιι
1342 568 1526 622 Locus
1555 585 1724 639 porro
1773 568 1959 622 Plato-

287 641 385 696 nis
418 657 450 694 a
481 638 781 695 Clemente
813 640 1026 692 citatus
1085 639 1338 692 occurrit
1393 644 1535 692 tom.
1559 638 1647 706 'lI,
1681 639 1780 694 lih.
1816 657 1855 694 ιι
1888 641 1961 692 De

288 711 490 780 legib.,
527 727 582 781 p.
617 711 743 765 774.
779 709 1009 782 Legesis
1061 718 1338 781 praeterea
1391 710 1666 782 Cragium
1728 710 1833 764 lib.
1889 727 1957 766 ιιι

285 787 369 840 De
397 783 616 855 republ.
653 781 1069 849 Laudem-am,
1101 783 1220 836 tab.
1259 782 1308 835 4.

846 877 1253 934 ARTICULUS
1295 878 1388 934 IV.

286 969 469 1024 Multa
496 969 668 1037 fuisse
701 967 975 1038 occultata
999 984 1032 1020 τι
1048 967 1396 1038 philosophis
1424 967 1808 1037 Pythagoreis,
1831 970 1961 1024 Pla-

365 1046 492 1094 tone
511 1044 561 1094 et
592 1038 849 1110 Epicuro,
879 1037 978 1093 ubi
1004 1038 1069 1092 de
1097 1037 1320 1106 sumptu.
1343 1040 1411 1093 ab
1436 1039 1744 1110 Hipparcho
1768 1057 1959 1107 paena;

363 1114 434 1166 de
465 1109 763 1166 interdicta
797 1112 1170 1180 quorumdam
1202 1112 1434 1166 Zenonis
1464 1111 1735 1165 librorum
1768 1112 1959 1167 lectio-

360 1197 461 1248 ne;
495 1183 560 1235 de
607 1182 786 1252 vario,
813 1181 1296 1236 Aristotelicorum
1344 1184 1669 1250 scriptorum
1717 1199 1956 1252 genere:

359 1254 428 1307 dc
457 1253 669 1318 fabulis
690 1251 896 1322 quibus
925 1252 1239 1323 philosophi
1271 1269 1378 1307 sua
1428 1251 1759 1308 documenta
1810 1255 1957 1309 vela-

361 1325 516 1385 bant,
551 1339 613 1377 ac
633 1323 699 1378 de
719 1323 1054 1378 mulieribus
1074 1325 1413 1393 philosophis
1431 1326 1664 1388 Theano,
1690 1326 1956 1380 Themisto

357 1401 412 1451 et
443 1397 688 1467 quinque
718 1395 954 1467 Diodori
981 1395 1246 1464 ﬁliabus;
1270 1397 1342 1450 de
1377 1396 1745 1467 Hippurchia,
1771 1398 1954 1464 Arato,

361 1466 687 1532 Last/lenia,
719 1465 990 1521 Axiothea
1018 1473 1070 1523 et
1099 1467 1350 1538 Aspasia.

359 1563 659 1669 Οιιιλιιιιςῖινι4
675 1562 934 1645 publicas
963 1567 1182 1669 essentl
1202 1564 1688 1669 philosqphgrqin
1723 1564 1953 1669 scholis:

285 1657 318 1684 α
355 1652 472 1690 non
503 1634 610 1690 soli
639 1637 756 1689 tam
777 1651 870 1701 en,
903 1635 1097 1706 inquit
1125 1634 1392 1690 Clemens
1413 1634 1477 1694 9‘.

286 1779 564 1847 quasdam
597 1793 727 1832 esse
759 1777 916 1849 apud
967 1794 1030 1833 se
1079 1794 1313 1845 arcana,
1345 1786 1404 1834 et
1441 1777 1557 1833 neu
1611 1780 1945 1849 permittere

287 1849 575 1930 omnibus
603 1919 615 1930 _
640 1853 704 1904 ut
760 1865 828 1930 ea
886 1849 1106 1930 scripta
1143 1849 1353 1930 legant.
1386 1872 1414 1899 »
1460 1850 1540 1904 De
1571 1851 1948 1930 Pythagoreis

288 1922 564 1991 quaedam
591 1919 718 1990 jam
750 1919 1167 1975 adnotavimus
1188 1921 1251 1975 ⁸⁵.
1287 1920 1470 1983 Quam
1505 1919 1700 1976 severe
1750 1919 1945 1976 autem

288 1991 354 2064 in
386 1991 640 2064 hujusce
673 1991 1046 2064 Pythagoreas
1070 1993 1140 2046 de
1159 1992 1526 2048 oceultandis
1555 1993 1681 2048 suis
1704 1994 1950 2064 dogma-

286 2063 458 2136 tibus
489 2063 638 2136 legis
672 2063 1146 2136 praevaricatores
1170 2064 1752 2136 animadverteretur.
1788 2063 1950 2136 patet

288 2133 613 2215 Hipparchi
645 2133 1142 2215 exemplo,"quod
1192 2152 1234 2215 _a
1287 2134 1584 2215 Clemente
1617 2135 1708 2189 his
1756 2133 1946 2190 verbis

288 2204 534 2276 ponitur
555 2205 598 2244 ⁸⁸
629 2221 641 2258 :
675 2227 700 2257 ι
721 2204 907 2260 Aiunt
937 2204 1334 2276 Hipparchum
1378 2205 1798 2276 Pythagoreum
1842 2223 1942 2260 ac-

287 2277 752 2350 cusatumquod
781 2280 980 2350 aperte
1011 2277 1362 2350 scripsisset,
1382 2278 1615 2350 decreta
1660 2278 1946 2350 Pythago-

283 2364 390 2412 ra,
422 2327 737 2419 expulsum
775 2327 960 2419 furisse
992 2365 1024 2402 a
1056 2327 1276 2416 schola,
1310 2327 1366 2403 et
1395 2349 1466 2402 ob
1501 2349 1557 2402 id
1591 2327 1788 2418 ipstim
1825 2327 1948 2403 tan-

286 2435 472 2490 quam
501 2417 740 2472 mortuo
772 2417 1112 2490 impositam
1147 2420 1480 2474 columnam
1527 2417 1725 2475 fuisse.
1755 2441 1782 2468 »ι
1833 2420 1947 2474 Nec

287 2490 518 2545 mirum
553 2490 999 2561 sane.Etenim,
1035 2497 1099 2544 ut
1131 2493 1210 2545 ait
1240 2491 1573 2561 Origenes"
1606 2507 1618 2544 :
1657 2513 1684 2539 ι(
1735 2491 1950 2561 Pytha-

288 2576 604 2633 goreorum
637 2560 880 2633 quidem
925 2563 1250 2616 veneranda
1299 2560 1498 2617 schola
1534 2560 1794 2633 ponebat
1832 2578 1948 2616 cce-

294 2632 582 2700 notaphia
639 2631 964 2702 disciplinas
1021 2649 1138 2688 suae
1197 2631 1616 2700 desertoribus,
1666 2633 1948 2687 nimirum

297 2703 454 2775 quod
476 2702 898 2775 haberent”er
931 2720 1032 2775 pro
1067 2707 1334 2758 mortuis.
1368 2727 1395 2754 »
1432 2707 1501 2758 At
1523 2706 1593 2759 de
1617 2703 1948 2775 Hipparcho

296 2773 521 2847 videsis
555 2773 808 2847 Menagii
854 2773 1255 2830 intacrtium
1291 2776 1361 2830 de
1404 2775 1536 2830 Vita
1587 2773 1946 2847 Pythagoras,

302 2845 333 2918 §
364 2846 491 2907 358,
519 2845 980 2918 observationes.

371 2919 684 2989 Secundus
715 2921 846 2988 post
881 2917 1263 2989 Pythagoreos
1289 2933 1321 2970 a
1345 2916 1642 2973 Clemente
1666 2917 1825 2972 Plato
1848 2934 1949 2988 ap-

299 2987 553 3058 pellatur
574 2988 639 3053 ⁸⁸,
673 2987 848 3058 quem
882 2987 1246 3059 ainigmatice
1275 2993 1330 3042 et
1376 2989 1726 3058 parabolice,
1779 2987 1951 3059 atque

288 3059 510 3130 idcirco
541 3059 917 3114 obscuritatis
944 3059 1184 3114 latebris
1210 3060 1812 3130 quasdamoceultasse
1835 3077 1947 3114 non

297 3129 493 3184 solum
528 3130 643 3203 hic,
678 3130 985 3203 sedrpauln
1015 3137 1150 3203 ante
1179 3129 1456 3203 ostendit.
1499 3131 1658 3192 Quod
1707 3131 1945 3203 quidem

302 3217 372 3256 ex
405 3219 536 3256 mox
569 3202 832 3256 dicendis
864 3202 1244 3257 manifestum
1277 3202 1468 3257 adhuc
1501 3203 1615 3256 fiet.

365 3273 811 3355 AdﬂEpicurum
850 3289 1038 3355 _porro
1096 3273 1254 3355 quod
1305 3273 1948 3355 attineblaertiusin

297 3345 428 3413 eius
458 3344 588 3400 Vita
621 3348 820 3398 narrat
848 3344 1043 3416 ipsum
1079 3344 1358 3399 dixisse"
1389 3359 1402 3398 :
1429 3367 1456 3392 «
1488 3344 1757 3416 scholam
1785 3344 1948 3398 habi-

293 3420 527 3487 turum,
546 3432 660 3469 non
681 3430 822 3469 sane
845 3414 910 3470 ut
934 3415 1230 3487 ingentem
1252 3414 1643 3486 frequentiam
1667 3421 1948 3487 cogat,re-

294 3486 740 3558 citaturumque
768 3487 828 3540 in
863 3486 1263 3552 multitudine,
1295 3488 1393 3542 sed
1430 3504 1544 3541 non
1587 3486 1812 3556 sponte.
1851 3509 1876 3536 ››

378 3557 588 3612 Utrum
637 3557 835 3612 autem
885 3575 950 3613 eo
983 3558 1250 3612 Clemens
1282 3559 1631 3624 collinearit,
1665 3559 1947 3628 expende,

297 3644 525 3701 quaeso,
559 3633 616 3701 et
662 3629 1001 3701 pronuntia,
1051 3638 1358 3701 postquam
1408 3629 1615 3699 legeris
1666 3629 1951 3684 Gassendi

289 3698 550 3774 in_bun_c
584 3698 799 3774 Laertii
833 3698 1226 3771 locum,‘tom'.
1288 3701 1353 3772 ν,
1408 3698 1484 3774 ρ(
1517 3701 1642 3768 418,
1694 3705 1864 3757 notas
1895 3705 1952 3756 et

277 3770 721 3826 animadversio
749 3787 877 3826 nes.

356 3843 687 3914 Auctorem
713 3859 856 3898 vero
892 3846 1157 3897 nostrum
1192 3859 1543 3914 sequamur:
1568 3842 1951 3908 «Quinetiam

283 3913 500 3985 Stoici,
530 3913 808 3984 inquit",
853 3914 1060 3969 dicunt
1091 3931 1124 3968 a
1159 3913 1386 3968 ZenOne
1435 3914 1654 3985 primo
1684 3915 1952 3984 qumdam

282 3983 874 4057 fuissecon’scripta,
922 4002 1050 4056 qua:
1105 4002 1219 4040 non
1266 3983 1450 4040 facile
1475 3983 1821 4055 permittunt
1874 3985 1953 4040 le-

280 4071 426 4139 gere
457 4055 1034 4139 dicipulis‘quorum
1060 4072 1177 4112 non
1210 4057 1375 4139 prius
1407 4057 1583 4138 fuerit
1615 4057 1830 4139 factum
1880 4058 1952 4111 ab

280 4127 440 4201 ipsis
474 4127 830 4198 periculum,
864 4144 937 4183 an
999 4127 1275 4201 germane
1323 4136 1375 4183 et
1425 4127 1652 4183 sincere
1701 4128 1954 4198 philoso-

282 4197 568 4269 pbsntur.
608 4219 635 4248 ›)

345 4267 651 4341 Duplicem
674 4268 1025 4341 scriptorum
1047 4267 1662 4340 Zennoriscatalogum
1691 4269 1958 4323 Laertius

274 4346 663 4412 repraesentat
685 4341 728 4376 ⁹¹
755 4358 770 4412 ί
796 4341 899 4396 sed
932 4357 1193 4412 quorum
1230 4341 1540 4412 lectionem
1574 4341 1750 4395 Stoici
1782 4341 1957 4412 disci-

283 4411 446 4483 pulis
477 4412 624 4481 ejus,
662 4411 776 4466 nisi
803 4411 968 4482 prius
989 4413 1270 4483 probatis,
1308 4411 1473 4466 facile
1507 4429 1620 4483 non
1657 4411 1938 4481 permise-

285 1657 318 1684 α
355 1652 472 1690 non
503 1636 610 1690 soli
639 1637 756 1689 tarn
777 1651 870 1701 en,
903 1636 1097 1706 inquit
1125 1636 1392 1690 Clemens
1413 1636 1477 1694 9‘.
1527 1636 1871 1708 Pythagorei
1899 1641 1956 1692 et
2058 1640 2252 1692 tamen
2287 1637 2600 1708 allegorice
2631 1636 2806 1691 sensu
2866 1636 3232 1706 exponendo,
3276 1636 3570 1710 dogmata
3599 1655 3708 1693 sua

285 1707 460 1786 Plato
490 1706 679 1761 multa
709 1706 1209 1786 occult_abant,sed
1243 1708 1419 1762 etiam
1444 1707 1711 1778 Epicurei
1745 1708 1952 1786 dicunt
1981 1721 2028 1786 Β
2059 1708 2334 1763 velabant
2363 1710 2798 1786 tegebantque‘!
2829 1709 2902 1763 Ex
2936 1708 3026 1786 his
3049 1716 3243 1786 autem
3267 1711 3554 1786 quasdam
3581 1709 3706 1786 Cle-
3807 1717 3812 1724 '

2065 427 2299 515 pellalat
2333 427 3419 515 dXPOTC‘thd‘."EEthPtXé‘dlcebaDiuP!
3454 427 3582 500 quas
3631 427 3704 511 ad

2063 497 2383 573 rhetoricas
2403 497 2838 573 meditationes,
2867 497 3196 556 facultatem
3231 497 3591 573 argutiarum
3624 501 3704 573 οἱτ

2061 569 2377 640 viliumque
2405 587 2594 626 rerum
2623 572 2887 626 notitiam
2924 569 3349 627 conducebant-
3382 571 3706 642 Ἀκροατικά

2064 646 2261 715 autem
2290 643 2668 708 vocabantur,
2703 645 2758 697 in
2793 643 3008 712 quibus
3035 645 3408 715 philosophia
3427 644 3705 699 remotior

2064 712 2452 785 subtiliorque
2469 715 2821 784 agitabatur,
2840 731 3086 785 qumque
3105 716 3172 769 ad
3206 712 3423 770 natura:
3445 725 3704 769 contem-

2064 783 2914 856 plationesidisceptationesve
2945 783 3278 841 dialecticas
3310 787 3701 852 pertinebant.

2063 854 2209 908 Huic
2241 854 2588 930 disciplinis,
2631 872 2838 930 quam,
2868 856 3014 911 dixit
3059 856 3408 930 ἀκροατεκήν,
3469 863 3703 930 tempus

2063 928 2392 980 exercendas
2425 928 2597 982 dabat
2627 929 2684 981 in
2709 928 2880 998 Lycio
2908 928 3299 995 matutinum;
3335 945 3438 983 nec
3469 929 3539 982 ad
3572 944 3703 983 eam

2065 1011 2419 1070 quemquam
2452 1003 2667 1053 temere
2718 999 3081 1067 admittebat,
3118 1000 3228 1053 nisi
3285 1016 3535 1070 quorum
3570 1005 3706 1054 ante

2062 1067 2362 1142 ingenium
2397 1075 2452 1124 et
2483 1071 2832 1142 eruditionis
2889 1070 3200 1136 elementa,
3261 1067 3542 1142 atquein
3577 1070 3705 1124 dis-

2061 1141 2245 1212 cendo
2277 1142 2537 1194 studium
2570 1141 2949 1212 laboremque
2993 1141 3376 1212 explorasset.
3411 1141 3541 1196 Illas
3571 1156 3708 1195 vero

2063 1208 2380 1283 ἐξῳτερικάς
2409 1213 2737 1267 auditiones
2764 1208 3220 1283 exercitiumque
3253 1213 3483 1268 dicendi
3507 1213 3706 1267 eodem

2062 1282 2119 1356 in
2153 1281 2534 1356 loc_o_vesperi
2591 1283 2861 1356 faciebat,
2887 1281 3142 1356 gensque
3174 1284 3344 1356 vulgo
3387 1283 3707 1356 juvenibus

2061 1353 2189 1407 sine
2221 1353 2445 1408 delectu
2479 1354 2788 1422 praebebat.
2827 1377 2849 1404 ο
2885 1354 3114 1409 Videsis
3142 1353 3437 1410 variorum
3475 1353 3704 1408 huncin

2060 1423 2276 1498 locum,
2309 1430 2367 1498 et
2399 1425 2457 1478 in
2494 1424 2704 1480 Laertii
2737 1425 2868 1480 libr.
2911 1442 2942 1478 v
2968 1425 3239 1498 Menagii,
3268 1431 3295 1494 §
3328 1428 3425 1480 197
3469 1433 3526 1483 et
3557 1441 3706 1495 seq.,

2059 1496 2513 1550 observationes.

2132 1567 2278 1632 Quid
2312 1582 2447 1638 vero
2474 1567 2626 1636 quod
2664 1565 2993 1638 philosophi
3038 1568 3287 1637 fabulas,
3338 1585 3452 1623 non
3501 1583 3707 1622 omnes

2058 1640 2252 1710 tamen
2287 1637 2600 1708 allegorice
2631 1653 2806 1691 sensu
2835 1637 3232 1710 irexponendo,
3291 1640 3570 1710 dogmata
3597 1655 3708 1710 sua

2060 1796 2228 1835 mens
2257 1781 2605 1847 recenset",
2655 1797 2782 1851 quae
2836 1781 2987 1850 apud
3052 1782 3345 1835 Platonem
3407 1781 3708 1850 leguntur,

2053 1851 2186 1906 Heri
2222 1851 2500 1913 Armenii,
2547 1852 2616 1905 de
2648 1869 2762 1922 qua
2794 1851 2891 1905 ille
2922 1852 3144 1917 tom.II,
3179 1852 3328 1906 libro
3357 1868 3389 1906 x
3423 1855 3494 1906 De
3541 1866 3710 1922 repu-

2053 1923 2152 1985 bl.,
2188 1923 2405 1994 p.214;
2439 1923 2593 1977 [Eaci
2629 1929 2686 1977 et
2723 1922 3108 1994 Rhadamanti
3143 1928 3285 1978 tom.
3314 1923 3360 1977 Il
3395 1924 3451 1977 in
3486 1922 3707 1994 Gorgia,

2052 1993 2198 2064 pag.
2220 1994 2348 2056 523,
2381 2000 2437 2047 et
2464 1994 2609 2060 524;
2664 1995 2881 2048 Tartari
2926 1993 3009 2064 in
3049 1994 3312 2050 Phaedone
3345 2003 3382 2047 ι.
3419 1995 3462 2061 I,
3496 1993 3710 2064 pagina

2053 2063 2157 2118 112
2187 2068 2244 2120 et
2277 2065 2413 2126 113;
2446 2063 2772 2119 Promethei
2825 2069 2882 2118 et
2912 2063 3238 2134 Epimethei
3290 2065 3347 2118 in
3400 2063 3710 2132 Protagora

2052 2141 2095 2190 t.
2130 2138 2177 2190 II
2213 2152 2342 2206 pag.
2375 2136 2480 2190 320
2511 2140 2567 2190 et
2598 2151 2720 2204 seq.
2749 2154 2764 2200 ;
2797 2135 3046 2206 denique
3077 2137 3212 2191 belli
3265 2135 3418 2191 inter
3464 2135 3709 2190 Atlanti-

2052 2222 2160 2261 nos
2217 2205 2720 2279 et:Athenienses
2752 2207 2807 2260 in
2841 2205 3131 2263 Atlantico
3211 2207 3358 2279 gesti
3418 2211 3562 2264 tom.
3601 2207 3703 2275 III,

2053 2293 2185 2349 pag.
2218 2278 2322 2331 112
2350 2282 2409 2332 et
2439 2293 2564 2349 seq.

2124 2355 2455 2418 Antequam
2507 2347 2644 2402 huic
2674 2348 2744 2401 de
2774 2348 2986 2420 Grecis
3034 2348 3402 2420 philosophis
3447 2347 3706 2403 sermoni

2055 2419 2229 2475 fidem
2266 2421 2663 2490 imponamus,
2698 2435 2830 2474 cum
2866 2419 3160 2474 Clemente
3192 2419 3388 2474 nostro
3419 2421 3705 2475 adnotan-

2054 2492 2197 2545 dum
2234 2496 2292 2544 et
2323 2507 2439 2546 non
2472 2490 2660 2545 solum
2694 2490 2871 2556 viros,
2899 2492 2996 2545 sed
3033 2490 3205 2545 etiam
3231 2491 3508 2545 mulieres
3527 2505 3698 2545 suam

2055 2561 2388 2617 contulisse
2444 2562 2502 2616 in
2566 2560 3000 2632 philosophicas
3059 2561 3402 2632 disciplinas
3443 2577 3703 2632 operam.

2057 2653 2083 2681 «
2114 2633 2392 2704 Didymus
2414 2631 2591 2692 enim.
2626 2633 2779 2687 sicut
2800 2634 2954 2687 idem
2975 2631 3235 2688 Clemens
3268 2633 3429 2701 ait“,
3461 2631 3518 2687 in
3552 2631 3702 2687 libro

2053 2705 2128 2759 De
2169 2704 2526 2774 philosophia
2583 2704 2952 2775 Pythagorica
3011 2704 3186 2759 refert
3215 2705 3454 2775 Theano
3503 2704 3708 2775 Croto-

2055 2775 2331 2830 niatidem
2382 2774 2639 2844 primam
2661 2792 2729 2830 ex
2763 2776 3105 2831 mulieribus
3140 2791 3272 2830 esse
3324 2774 3705 2846 philosopha-

2053 2852 2173 2902 tam
2204 2851 2262 2901 et
2293 2846 2605 2917 scripsisse
2627 2853 2950 2918 poemata.»
2976 2849 3110 2911 Quae
3145 2847 3383 2917 quidem
3417 2847 3702 2918 Hervetus

2056 2924 2229 2988 negat
2273 2918 2412 2972 alibi
2441 2917 2764 2986 occurrere,
2814 2919 2933 2972 imo
2981 2935 3108 2972 vero
3133 2923 3450 2989 utrumque
3484 2917 3702 2989 falsum

2054 2987 2182 3044 esse
2215 2989 2520 3062 Menagius
2539 2990 2815 3062 audacter
2834 2989 3104 3044 affirmat.
3140 2993 3210 3043 At
3240 2987 3533 3062 quomodo
3557 2987 3706 3062 illud

2065 3065 2225 3116 tanta
2247 3061 2600 3115 confidentia
2625 3061 2734 3113 dici
2771 3066 2961 3128 potest
2993 3078 3106 3116 non
3141 3060 3273 3115 esse
3292 3077 3517 3124 verum,
3549 3060 3701 3130 quod

2060 3149 2092 3186 a
2123 3133 2304 3186 Suida
2336 3139 2454 3186 tam
2479 3131 2692 3186 diserte
2712 3132 2802 3186 his
2833 3131 3024 3186 verbis
3055 3132 3338 3186 asseritur
3366 3149 3377 3185 :
3405 3154 3432 3181 ‹‹
3463 3131 3702 3185 Theano

2055 3203 2283 3271 Cressa,
2315 3204 2434 3257 sive
2482 3204 2796 3271 Cretensis,
2858 3203 3229 3274 phi'osopha,
3289 3203 3407 3256 ﬁlia
3459 3203 3699 3273 quidem

2057 3245 2452 3344 Pythodaetis,
2491 3290 2634 3328 uxor
2663 3247 2798 3328 verr;
2830 3245 3072 3344 niajoris
3096 3245 3552 3346 rIJ’ythagoraa,‘16x
3584 3288 3700 3344 quo

2056 3347 2315 3429 suscepit
2347 3345 2681 3429 Telangem,
2715 3351 2772 3399 et
2802 3345 3232 3429 Mnesarchum,
3271 3352 3328 3400 et
3359 3345 3594 3429 itiyiam,
3647 3349 3707 3399 et

2057 3417 2420 3487 Arignotem.
2461 3417 2709 3480 Quidam
2740 3432 2876 3471 vero
2907 3417 3111 3471 dicunt
3141 3417 3331 3486 ipsam
3356 3417 3535 3472 fuisse
3558 3432 3707 3470 uxo-

2056 3503 2179 3541 rem
2219 3487 2437 3542 Cratini
2494 3487 2773 3543 Scribant
2804 3492 2997 3543 autem
3031 3504 3154 3542 eam
3191 3488 3369 3542 fuisse
3401 3487 3702 3542 Crotonia-

2056 3560 2209 3611 dem.
2246 3558 2492 3629 Scripsit
2513 3559 2966 3614 commentarios
2999 3559 3455 3629 philosophicos,
3482 3563 3538 3612 et
3568 3573 3704 3629 apo-

2059 3628 2462 3701 phthegmata,
2496 3637 2552 3683 et
2587 3647 2790 3698 poema
2839 3628 3133 3701 quoddam
3189 3631 3477 3684 versibus.
3514 3650 3542 3676 »
3573 3628 3700 3682 Non

2058 3700 2488 3772 philosophicos
2519 3707 2712 3755 autem
2745 3700 2971 3756 tantum
3002 3701 3179 3756 libros
3210 3717 3530 3772 poemaque
3561 3715 3699 3754 con-

2056 3772 2314 3842 scripsit,
2334 3789 2530 3827 verum
2551 3773 2724 3827 etiam
2745 3795 2773 3822 «
2797 3772 3134 3843 Pythagorae
3171 3772 3456 3837 scholam,
3489 3787 3555 3826 eo
3595 3772 3701 3843 de-

2058 3845 2278 3910 functo,
2313 3843 2395 3898 ait
2443 3842 2934 3910 Theodoretus”,
2977 3842 3121 3897 Uxor
3155 3843 3393 3898 Theano
3425 3859 3557 3898 cum
3590 3842 3703 3898 Te-

2059 3915 2228 3985 lange
2251 3930 2314 3968 ac
2346 3914 2690 3969 Mnesarcho
2730 3915 2885 3981 ﬁliis,
2914 3915 3228 3984 regendam
3252 3915 3515 3985 suscepit
3565 3935 3598 3985 _»
3630 3915 3702 3985 At

2058 3983 2223 4040 facile
2255 3985 2939 4056 concedimus,inquient
2956 3985 3164 4056 aliqui,
3196 3983 3443 4041 Theano
3465 3983 3701 4056 scriptis

2059 4062 2117 4112 et
2163 4073 2321 4119 voee,
2354 4062 2529 4127 atque
2583 4055 2762 4111 etiam
2792 4055 3133 4127 publicis’in
3166 4056 3383 4112 scholis
3430 4055 3702 4111 docuisse

2061 4127 2492 4198 philosophiam
2520 4145 2533 4183 :
2561 4129 2657 4182 sed
2684 4144 2810 4182 eam
2836 4129 3100 4183 omnium
3117 4127 3427 4183 mulierum
3447 4128 3699 4198 primam

2061 4197 2244 4254 fuisse
2289 4198 2761 4270 philosophatam
2809 4199 2978 4270 plane
3010 4217 3142 4255 cum
3177 4197 3699 4269 Menagio’inﬁcia-

2062 4287 2213 4324 mur.
2246 4271 2519 4325 Cedimus
2570 4275 2627 4325 et
2686 4287 2787 4325 nos
2836 4271 2882 4324 si
2935 4270 3129 4334 aliam,
3165 4288 3291 4339 quis
3326 4270 3487 4340 prius
3521 4283 3699 4340 quam

2061 4343 2295 4396 Theano
2328 4341 2743 4412 philosOphata
2801 4341 2994 4405 fuerit,
3057 4341 3224 4396 nobis
3279 4339 3697 4409 designaveris.

2063 4415 2274 4468 Eodem
2311 4428 2545 4480 quoque
2569 4411 2748 4466 modo
2780 4412 2849 4467 de
2882 4412 3248 4482 poematibus
3279 4411 3698 4480 argumentan-

277 4459 422 4547 i’int,
449 4459 661 4538 tacitus
693 4459 1143 4554 praiermihit”.
1198 4459 1321 4540 Non
1367 4459 1691 4554 difﬁziliterr
1743 4487 1937 4537 autem
1973 4459 2016 4523 D
2050 4485 2186 4537 dum
2221 4459 2666 4554 estlcaiterum
2695 4459 2962 4536 Cleme'ns
2984 4483 3168 4554 nonid
3195 4459 3431 4554 quidgm
3470 4495 3700 4554 asseve-

278 4555 642 4636 26?_nobis
676 4552 1063 4636 persuadebis
1093 4556 1580 4636 eosfuisse‘quos‘
1603 4552 1700 4636 ille
1742 4557 1940 4625 poste-

279 4624 418 4678 riori
449 4624 576 4679 loco
610 4630 893 4690 recenset,
926 4626 1150 4681 scilicet
1179 4627 1249 4682 de
1278 4624 1498 4695 nuptiis
1528 4629 1586 4679 et
1633 4625 1703 4678 de
1747 4624 1938 4679 ’amo-

283 4695 472 4767 ribus,
529 4695 613 4751 vel
675 4697 747 4751 De
795 4697 1077 4767 republica
1108 4697 1310 4762 libros,
1361 4711 1626 4766 quosque
1675 4696 1938 4750 Laertius

280 4782 420 4820 eum
456 4766 512 4820 in
550 4768 737 4822 cauda
768 4766 953 4835 canis,
985 4769 1211 4824 Tullius
1264 4773 1459 4823 autem
1522 4768 1717 4822 minus
1775 4783 1936 4820 vere-

281 4836 478 4891 cunde
507 4839 819 4908 scripsisse
847 4841 1262 4896 testilicantur.

355 4928 383 4982 ξ(
413 4907 1021 4982 Aristoteleiquoque,
1051 4911 1239 4982 pergit
1257 4909 1525 4982 Clemens
1541 4908 1604 4982 9’,
1641 4909 1848 4982 dicunt
1871 4924 1939 4962 ex

275 4979 407 5051 suis
439 4981 676 5051 scriptis
709 4978 822 5036 alia
855 4978 1091 5050 quidem
1125 4978 1252 5037 esse
1311 4978 1628 5050 ἐσωτερικά,
1685 4979 1934 5051 interna,

273 5049 396 5104 alia
428 5049 576 5105 vero
594 5049 931 5107 communia
981 5059 1040 5106 et
1093 5059 1352 5108 externa.
1388 5075 1414 5100 ιι
1447 5049 1557 5106 Sed
1599 5053 1718 5106 hac
1761 5049 1936 5121 paulo

276 5121 451 5194 aliter
480 5126 537 5176 et
567 5122 757 5177 fusius
787 5124 860 5178 ab
891 5122 1025 5178 Aul.
1084 5124 1268 5180 Gellio
1322 5123 1404 5179 sic
1459 5121 1830 5194 explicantur
1848 5123 1931 5194 θέε

274 5192 854 5276 Commentationum
881 5210 1156 5276 suarum_
1185 5192 1545 5276 artiumque,
1590 5209 1738 5276 quas
1759 5192 1934 5275 disci-

281 5262 438 5338 pulis
470 5265 595 5338 suis
628 5265 900 5338 tradebat
945 5265 1304 5338 Aristoteles
1339 5262 1749 5338 philosophus,
1784 5263 1937 5338 regis

275 5333 598 5390 Alexandri
629 5336 932 5408 magister,
966 5337 1118 5393 duas
1153 5333 1354 5409 specie
1385 5333 1662 5393 habuisse
1695 5335 1934 5390 dicitur.

350 5476 395 5510 ³³
425 5493 604 5532 serm.
636 5477 728 5542 64,
764 5493 892 5548 pag.
930 5479 1055 5534 412.
1131 5480 1176 5514 ⁸⁸
1205 5483 1413 5534 Strom.
1450 5478 1550 5532 lib.
1586 5495 1640 5541 ν,
1679 5492 1806 5545 pag.
1841 5477 1946 5529 575

350 5551 482 5602 intr.
517 5547 693 5614 Cels.,
727 5566 857 5619 pag.
891 5550 1016 5604 454.
1133 5551 1176 5585 ⁸⁸
1207 5555 1418 5605 Strom.
1457 5549 1492 5603 l.
1526 5567 1576 5607 ν.
1612 5566 1666 5617 p.
1697 5548 1823 5600 572.
1945 5570 1946 5575 η

2061 5477 2088 5511 ‘5
2119 5493 2250 5546 sup.
2285 5492 2410 5546 cap.
2441 5474 2529 5539 H,
2558 5479 2666 5529 art.
2701 5477 2754 5530 3.
2833 5477 2878 5510 ⁸⁸
2911 5476 3077 5542 ibid.,

2094 5565 2126 5602 x
2158 5549 2215 5603 in
2247 5547 2378 5602 Vita
2410 5546 2666 5619 Epicur,
2701 5547 2881 5619 §l_21.
2993 5547 3077 5619 θοι

278 5547 482 5620 Contr.
517 5547 693 5614 Cels.,
727 5547 857 5620 pag.
891 5550 1016 5604 454.
1133 5551 1176 5585 ⁸⁸
1207 5555 1418 5605 Strom.
1457 5549 1492 5603 l.
1526 5567 1576 5607 ν.
1612 5566 1666 5617 p.
1697 5548 1823 5600 572.

277 5620 320 5654 ⁹¹
354 5619 395 5672 1.
428 5635 511 5672 vn
543 5620 598 5673 in
626 5619 759 5676 Vita
788 5621 1085 5689 Zenon.,§
1124 5623 1146 5676 ’1
1181 5625 1236 5676 et
1265 5623 1350 5676 36.

283 5689 328 5764 l_.
360 5706 504 5764 vap.
537 5691 665 5744 575.
736 5763 746 5764 ί
779 5693 1044 5749 “Strom.
1078 5692 1115 5747 l.
1154 5711 1193 5760 ι,
1223 5711 1278 5764 p.
1312 5694 1434 5747 301).

289 5759 530 5828 viibhd,
567 5763 780 5833 p.522.

1461 5623 1504 5655 θ’
1534 5620 1674 5693 ibid.
1734 5620 2042 5693 _‘[3_Strom.
2077 5637 2130 5688 v,
2167 5637 2220 5688 p.
2254 5621 2378 5673 575.
2485 5620 2530 5652 9‘
2560 5620 2600 5672 l.
2637 5635 2694 5693 si

1550 5692 1592 5725 “7
1627 5695 1664 5744 t.
1703 5689 1776 5744 IV
1809 5690 1888 5744 De
1911 5692 2088 5747 Graec.
2133 5694 2322 5747 affect.
2375 5707 2523 5756 cur.,
2556 5707 2590 5759 p
2650 5690 2770 5741 489.

2050 4559 2246 4608 ranter
2277 4552 2550 4619 affirmat,
2585 4555 2683 4606 sed
2717 4559 2926 4606 testem
2964 4552 3105 4605 citat
3152 4550 3491 4622 Didymum,
3526 4550 3697 4618 cujus

2049 4626 2194 4679 ﬁdes
2223 4628 2277 4678 et
2310 4624 2626 4678 auctoritas
2660 4640 2688 4677 a
2721 4623 2953 4677 nemine
2980 4623 3282 4677 hactenus
3315 4622 3538 4678 elevata
3584 4624 3694 4676 est.

2120 4695 2390 4761 Quaedam
2425 4709 2658 4764 quoque
2689 4695 2955 4748 Clemens
2976 4711 3044 4748 ex
3069 4694 3313 4764 hujusce
3351 4691 3547 4764 procul
3577 4692 3697 4764 du:

2049 4762 2456 4821 bioThcanus
2498 4762 3116 4829 commentationibus,
3147 4762 3396 4835 perinde
3444 4781 3507 4818 ac
3541 4763 3586 4817 si
3624 4762 3697 4816 ad

2051 4854 2290 4892 manum
2328 4837 2456 4891 illas
2493 4836 2822 4898 habuisset,
2871 4837 2943 4891 de
2996 4837 3205 4890 animze
3256 4835 3700 4890 immortalitate

2047 4911 2216 4982 verba
2249 4909 2332 4963 sic
2367 4909 2600 4982 rfl‘ert98
2636 4923 2648 4962 :
2685 4907 3168 4982 SCrlbltLYPiQSL,
3200 4908 3438 4982 Theano
3477 4905 3698 4982 Pytha-

2048 4981 2242 5051 goriea
2278 4996 2289 5032 :
2327 4999 2354 5027 ‹‹
2387 4979 2781 5051 Essetrevera
2816 4978 2997 5034 malis
3017 4978 3134 5035 vita
3164 4979 3404 5051 epulum
3462 4979 3698 5051 quipo-

2053 5048 2354 5121 istquam
2416 5050 2614 5104 omnia
2681 5051 3106 5106 commiserunt
3194 5048 3436 5115 scelera,
3481 5048 3700 5121 deinde

2050 5144 2078 5172 ‹‹
2112 5119 2465 5176 moriuntur.
2505 5122 2569 5175 Et
2600 5122 2648 5174 si
2681 5138 2797 5176 non
2847 5128 3006 5177 esset
3061 5121 3258 5177 anima
3316 5119 3694 5187 immortalis,

2051 5217 2072 5242 ι
2111 5209 2268 5248 mors
2299 5197 2454 5247 esset
2479 5191 2733 5246 lucrum.
2779 5214 2804 5240 »ι

2118 5267 2300 5329 Quam
2350 5262 2618 5332 pudicam
2655 5279 2848 5334 porro,
2882 5263 3256 5334 philosophia
3291 5263 3480 5334 duce,
3513 5261 3696 5334 vitam

2045 5333 2147 5390 illa
2177 5335 2428 5402 duxerit,
2455 5332 2696 5405 planum
2719 5332 2990 5392 Clemens
3012 5332 3230 5400 facit”,
3253 5332 3428 5390 sicuti
3455 5348 3524 5387 ex
3546 5332 3698 5386 duo-

3113 5494 3242 5546 pag.
3274 5477 3403 5529 574.
3479 5474 3522 5512 ⁸⁷
3556 5472 3701 5546 lari:

2993 5547 3036 5580 9°
3067 5544 3282 5600 Sirom.
3318 5546 3355 5600 l.
3389 5562 3445 5609 ν,
3480 5561 3532 5611 p.
3565 5544 3691 5599 575.

2485 5620 2530 5652 9‘
2560 5618 2600 5672 l.
2637 5635 2705 5670 xx
2741 5617 2905 5671 Noct.
2939 5617 3134 5684 Attic.,
3169 5634 3216 5672 c.
3245 5619 3300 5672 5.
3405 5616 3449 5650 9⁸
3476 5618 3691 5684 Strom.

2167 5637 2220 5688 p.
2254 5621 2378 5673 575.

2883 5687 2926 5720 ⁸³
2959 5683 3172 5743 Strom.
3233 5689 3272 5744 l.
3333 5704 3406 5754 ιν,
3455 5703 3511 5756 p.
3567 5683 3692 5741 492.

3561 236 3702 294 1310
3801 301 3806 316 ι
