4152 6188
470 235 608 291 1359

1170 240 1244 290 ΙΝ
1283 237 1727 293 CLEMENTEM
1765 239 1977 291 ALEX.
2018 239 2086 289 D.
2127 236 2216 289 LE
2255 235 2552 290 NOURRY
2589 232 3064 289 DISSERTATIO
3099 235 3169 286 II.

3737 228 3884 283 1360

544 359 955 414 Verumtamen
996 357 1252 427 aliquem
1284 358 1488 413 audire
1519 359 1687 413 nobis
1716 358 1985 414 videmur
2012 357 2115 412 ob-
2144 359 2196 425 Α
2229 356 2288 410 in
2319 357 2559 412 modum
2595 357 2640 391 ¹⁸
2670 372 2682 410 :
2717 355 2868 411 Olim
2908 353 3245 427 tragoediam
3282 351 3717 427 priusquidem
3752 352 3891 406 cho-

464 431 765 502 jicientem
789 428 1023 502 aliquod
1049 430 1372 502 fortassein
1397 430 1709 502 Clementis
1741 429 1922 484 nostri
1957 433 2114 483 textu

475 501 605 558 esse
637 501 938 566 mendum,
972 516 1037 555 ac
1089 516 1192 571 pro
1240 501 1576 555 Phanothea
1625 501 1940 571 legendum
1991 515 2121 554 esse

475 576 826 630 Phemonoe.
853 571 1017 627 Illius
1039 572 1330 642 siquidem
1357 589 1469 626 non
1499 571 1690 628 solum
1715 573 1884 643 longe
1907 571 2121 626 clarius

474 645 883 714 celebriusque
900 658 1076 713 quam
1101 643 1440 699 Phanotheaz
1471 643 1579 697 fuit
1601 659 1812 698 nomen
1839 661 1851 697 ε
1878 643 2122 713 sedipsa

477 734 706 788 quoque
739 715 926 788 prima
959 716 1360 788 hexametrum
1411 731 1668 784 carmen,
1702 714 1940 770 oracula
1988 715 2120 788 tun:

475 782 688 857 dendo,
723 782 756 843 εἰ
799 785 1186 857 scriptoribus
1222 786 1517 858 plerisque
1549 782 1825 841 omnibus
1858 782 2123 840 unanimi

478 875 768 915 consensu
801 858 1060 912 edidisse
1081 859 1307 912 dicetur
1329 859 1368 912 ‘.
1401 859 1518 912 Huc
1551 859 1774 912 accedit
1800 859 1952 928 quod
1989 861 2125 910 Por—

477 929 902 1003 phyriusillam
931 946 1047 984 non
1072 929 1258 1003 Icarii,
1285 930 1384 1003 sed
1404 929 1615 1003 Delphi
1641 930 1818 1003 tiliam
1849 928 2121 1003 appellet.

477 1001 679 1072 Itaque
708 1001 965 1067 illorum,
1000 1001 1095 1070 qui
1133 1001 1249 1056 hec
1281 1001 1448 1054 nobis
1495 1001 1793 1070 objicient,
1827 1002 2124 1072 conjecto:

478 1069 602 1129 ram
622 1069 1069 1144 improbabilem
1095 1073 1333 1126 omnino
1355 1087 1612 1126 essenon
1639 1069 2125 1142 putaremus,nisi

478 1162 656 1200 manu
675 1145 1026 1215 scriptorum
1043 1144 1636 1215 codicumauctoritas
1650 1144 1700 1197 ei
1717 1145 1947 1214 penitus
1964 1158 2130 1215 repu-

480 1222 708 1289 gnaret.
732 1213 841 1289 Sed
867 1216 936 1269 de
962 1214 1049 1289 bis
1070 1214 1315 1270 diversis
1335 1213 1849 1289 opinionibusjam
1869 1213 2130 1289 satis‘su-

481 1282 699 1360 perque
737 1287 1192 1360 disputavimus,
1216 1282 1393 1360 atque
1424 1300 1490 1338 eo
1524 1282 1795 1360 magrime,
1822 1286 1974 1360 quod
1995 1282 2132 1360 Cle-

486 1355 653 1415 mens
666 1360 724 1412 in
739 1355 915 1429 quam
932 1357 1119 1428 magis
1138 1358 1491 1429 propendeat
1504 1357 1672 1410 nobis
1688 1373 1800 1429 non
1817 1355 2128 1429 signiticet.

559 1436 636 1485 De
665 1426 900 1485 Theano
932 1426 1185 1497 denique
1215 1444 1391 1498 quam
1419 1427 1684 1482 Clemens
1714 1428 1734 1460 ⁵
1765 1426 1994 1498 Didymi
2027 1443 2132 1480 au-

486 1503 755 1560 ctoritate
789 1502 992 1564 fretus,
1025 1521 1050 1546 ‹‹
1086 1499 1334 1569 primam
1367 1521 1394 1546 »
1445 1499 1704 1569 quidem,
1737 1499 1836 1553 sed
1869 1502 2132 1569 tantum-

489 1575 662 1628 modo
694 1591 720 1622 α
751 1589 818 1625 ex
852 1568 1200 1625 mulieribus
1235 1592 1255 1617 ι)
1293 1569 1443 1624 sicut
1465 1568 1501 1618 l<
1536 1569 2028 1639 philosophatum,
2055 1568 2135 1622 ita

487 1651 544 1700 et
575 1649 841 1715 poemata
873 1640 1180 1715 scripsisse
1212 1662 1240 1688 ››
1267 1639 1656 1710 tradit,pau]o
1688 1641 1957 1712 superius
1985 1656 2017 1694 a
2038 1655 2136 1694 uo-

491 1713 592 1771 bis
616 1719 813 1768 actum
845 1718 934 1767 est
961 1713 1004 1766 ⁶.

563 1787 926 1855 Quapropter
955 1783 1022 1855 ad
1050 1781 1407 1855 tragoediam
1458 1785 1515 1834 et
1563 1780 2137 1855 commdiam_venia-

494 1873 649 1923 mus,
675 1852 745 1909 de
767 1852 983 1926 quibus
1010 1853 1164 1926 idem
1198 1858 1399 1906 auctor
1429 1856 1625 1908 noster
1651 1853 1839 1924 magis
1862 1852 2054 1926 adhuc
2075 1869 2142 1906 ex

493 1923 864 1993 aliorum,'ut
902 1924 1138 1989 assolet,
1173 1941 1345 1993 quam
1400 1941 1467 1977 ex
1517 1940 1624 1978 sua
1673 1923 1986 1992 sententia,
2021 1923 2142 1976 haec

495 1997 837 2054 constituit1
865 2013 876 2050 :
905 2018 932 2046 «
960 1997 1027 2050 Et
1056 1996 1400 2067 tragoediam
1435 1995 1670 2066 quidem
1705 1996 1948 2067 Thespis
1975 1995 2142 2067 Athe-

495 2069 1106 2134 niensis,comcediam
1144 2066 1336 2122 autem
1369 2067 1628 2121 Sisarion
1664 2066 1936 2122 Icarieus.
1971 2066 2143 2120 Tem-

493 2157 637 2212 pora
680 2155 882 2194 eorum
938 2139 1185 2212 tradunt
1219 2137 1626 2212 grammatici.
1664 2160 1706 2212 »_
1741 2139 1856 2212 Nos
1907 2137 2141 2212 quidem

496 2208 786 2268 Hervetus
833 2213 1105 2265 admonet
1154 2210 1306 2264 292
1361 2209 1631 2279 Tbespim
1659 2209 1730 2263 ab
1764 2209 1998 2264 Horatio
2030 2208 2141 2262 diei

497 2284 792 2355 tragoedia:
822 2281 1184 2355 inventorem
1220 2298 1232 2337 :
1269 2281 1366 2335 sed
1397 2280 1544 2334 nihil
1578 2282 1647 2335 de
1679 2279 2142 2355 Sisarione_lca-

497 2351 666 2412 rieoa
697 2371 758 2409 se
789 2353 954 2408 ullibi
987 2353 1305 2422 quidquam
1339 2357 1656 2421 repertum.
1687 2352 1928 2406 Eosdem
1964 2351 2143 2422 Hora-

495 2427 559 2483 tii
589 2441 788 2481 versus
816 2426 956 2479 citat
986 2422 1267 2488 Donatus,
1296 2427 1360 2477 ut
1403 2422 1680 2477 similiter
1711 2423 1913 2494 probet
1945 2429 2143 2477 aucto-

499 2515 616 2554 rem
642 2496 938 2565 tragoediae
960 2496 1232 2550 eumdem
1255 2510 1383 2548 esse
1405 2495 1680 2565 Thespin)
1707 2510 1720 2548 :
1743 2517 1769 2543 «
1785 2494 2142 2548 Comoediam

500 2575 719 2634 autem,
743 2568 936 2639 inquit
969 2567 1066 2622 ille
1095 2566 1134 2631 ³,
1171 2568 1325 2636 apud
1357 2565 1584 2620 Graecos
1616 2566 1856 2639 dubium
1891 2569 1980 2639 est
2010 2565 2144 2636 quis

501 2636 998 2709 invenerit,'apud
1031 2639 1269 2693 Latinos
1300 2642 1525 2709 certum
1559 2642 1666 2691 est.
1701 2636 2054 2692 Commdiam
2090 2640 2146 2690 et

498 2711 840 2783 tragoediam
867 2707 1132 2783 togatam
1165 2709 1350 2779 primo
1383 2707 1576 2762 Livius
1597 2709 1958 2783 Andronicus
1992 2724 2148 2783 repe-

498 2779 650 2838 rit?»
677 2779 1000 2836 Evanthius
1031 2785 1225 2836 autem
1264 2784 1479 2834 Donato
1505 2795 1728 2834 coaevus
1755 2796 1767 2833 :
1791 2802 1817 2827 ‹‹
1844 2779 2144 2847 Quamvis,

499 2855 581 2910 ait
611 2855 652 2919 θ,
688 2858 841 2907 retro
877 2853 1067 2923 prisca
1097 2851 1486 2914 volventibus,
1520 2851 1846 2923 reperiatur
1898 2851 2146 2923 Thespis

495 2926 791 2996 tragoediae
825 2921 1052 2995 primus
1081 2923 1379 2996 inventor;
1404 2922 1776 2996 etcomoediaa
1801 2921 2008 2996 veteris
2043 2939 2146 2993 pa-

494 2993 976 3074 ter‘Eupoliscum
991 2994 1222 3074 Cratino
1239 2994 1738 3074 Aristophaneque
1751 3009 1880 3074 esse
1894 2993 2142 3074 dicatur;

496 3065 784 3124 Homerus
806 3073 1028 3132 tamen,
1053 3068 1150 3138 qui
1176 3068 1292 3138 fere
1313 3065 1752 3138 omnispoeticae
1771 3065 2140 3138 largissimus

498 3141 626 3195 fons
651 3144 757 3203 est,
782 3139 956 3193 etiam
983 3136 1084 3192 his
1104 3137 1462 3192 carminibus
1493 3136 1758 3207 exempla
1792 3136 2054 3206 praebuit,
2084 3140 2141 3190 et

499 3212 657 3265 velut
687 3210 944 3280 quadam
968 3225 1208 3264 suorum
1241 3224 1478 3280 operum
1497 3207 1631 3280 lege
1654 3207 2140 3280 praescripsit,qui

498 3278 736 3336 Iliadem
798 3282 985 3334 instar
1049 3278 1366 3350 tragoediae,
1424 3278 1724 3349 Odyslseam
1791 3278 2138 3350 adAimagi-

502 3368 635 3406 nem
663 3351 959 3405 comoediae
1011 3347 1216 3406 fecisse
1267 3347 1646 3405 monstratur.
1685 3373 1711 3397 n
1744 3349 1850 3404 Sed
1886 3347 2038 3404 hanc
2059 3347 2142 3404 de

500 3423 733 3477 Homeri
766 3424 1065 3494 operibus,
1097 3425 1164 3477 ad
1201 3423 1497 3494 comoediae
1529 3425 1584 3494 et
1614 3421 1908 3494 tragoediae
1955 3419 2144 3494 instar

500 3494 740 3561 effectis,
801 3491 1134 3565 opinionem
1189 3493 1443 3563 Scaliger
1477 3491 1704 3565 refellit
1738 3493 1822 3565 _‘°.
1879 3492 2144 3565 Castigat

498 3583 732 3638 quoque
781 3563 1030 3634 Siculos,
1065 3565 1162 3636 qui
1194 3570 1256 3617 ut
1289 3563 1606 3638 majoribus
1660 3563 1785 3638 suis
1844 3563 2143 3638 comaidige

497 3634 664 3692 initia
697 3639 1044 3705 tribuerent,
1074 3634 1134 3691 se
1165 3635 1597 3707 Megarensium
1650 3634 1888 3707 colonos
1922 3639 1978 3688 et
2009 3634 2144 3706 Epi-

498 3711 804 3764 charmum
857 3710 1037 3763 civem
1086 3706 1282 3763 suum,
1307 3708 1484 3762 fuisse
1519 3706 1913 3760 venditabant.
1949 3707 2142 3776 Ipsius

499 3798 632 3835 vero
666 3779 862 3849 opinio
885 3786 974 3835 est
996 3779 1359 3843 comoediam,
1392 3785 1455 3834 ut
1477 3779 1532 3832 in
1568 3777 1790 3832 caeteris
1825 3794 1930 3831 usu
1962 3777 2141 3842 venit,

499 3869 531 3904 a
567 3853 760 3920 parvis
792 3851 1000 3919 initiis,
1023 3852 1303 3904 nimirum
1340 3867 1372 3904 a
1403 3851 1652 3912 lusibus,
1689 3853 1819 3919 post
1843 3865 2066 3904 comam
2088 3852 2144 3902 et

504 3928 620 3992 tota
644 3927 812 3975 nocte
838 3922 958 3975 fieri
983 3921 1406 3992 solitis,postea
1425 3922 1598 3976 certis
1629 3922 1980 3991 quibusdam
2003 3936 2141 3992 pau-

499 3991 663 4046 latim
687 3993 986 4047 astrictam
1011 3991 1314 4058 regulis,et
1327 3997 1447 4046 arte
1471 3992 1989 4062 perfectam,atque
2011 3991 2144 4062 Epi-

498 4063 718 4117 charmi
741 4062 972 4133 ingenio
997 4063 1206 4116 factam
1235 4063 1412 4116 fuisse
1443 4063 2139 4132 cultiorem.’l'ragmdiam

493 4151 626 4188 vero
641 4151 769 4190 esse
787 4149 904 4187 rem
921 4133 1534 4203 antiquam,comcedia
1548 4139 1728 4186 tamen
1747 4150 1855 4187 nou
1872 4133 2144 4187 vetustio-

496 4223 638 4260 rem.
675 4205 756 4259 Ad
789 4205 994 4259 Thesei
1025 4209 1181 4258 enim
1215 4203 1541 4274 sepulcrum
1590 4203 1841 4272 legimus
1888 4209 2141 4260 certasse

492 4279 764 4350 tragicos.
790 4276 991 4350 Neque
1008 4275 1079 4350 ab
1100 4275 1208 4350 hac
1239 4275 1510 4350 opinione
1540 4275 1774 4344 longius
1795 4274 2141 4350 discessisse

492 4345 814 4405 videntura
837 4345 1006 4402 nobis
1028 4348 1153 4417 jam
1189 4346 1407 4401 laudati
1439 4346 1697 4400 Donatus
1719 4354 1771 4400 et
1795 4345 2136 4401 Evantbius.

563 4421 736 4477 Porro
771 4428 960 4475 autem
997 4419 1332 4475 Aristoteles
1363 4418 1568 4474 scribit
1599 4418 1638 4452 ¹¹
1682 4418 1871 4473 varias
1905 4427 2140 4488 propter

2231 444 2324 481 ros
2359 427 2518 482 solus
2549 429 2758 498 agebat
2784 445 2796 483 :
2857 423 3230 498 postmodum
3255 423 3387 498 vero
3414 423 3666 498 Thespis
3694 437 3887 478 unum

2229 499 2449 554 invenit
2481 495 2930 564 histrionem—ut
2956 498 3168 552 chorus
3199 497 3496 550 interdum
3527 495 3887 566 quiesceret,

2230 571 2554 625 secundum
2590 579 2793 640 postea
2822 569 3128 641 Esebylus
3161 568 3396 638 adjecit,
3418 567 3746 641 et_t_ertium
3782 567 3889 622 So-

2231 642 2502 713 phocles;
2528 638 2702 714 atque
2734 642 2789 695 in
2827 638 3253 714 hunc'modum
3289 638 3888 714 tragmdiaconsum-

2233 710 2389 767 inata
2420 710 2529 767 est.
2567 710 3038 768 {Verumtamen
3071 712 3194 766 haec
3226 726 3340 764 non
3376 710 3699 780 impediunt
3732 726 3888 780 quo-

2233 785 2431 840 minus
2453 783 2718 840 Clemens
2737 789 2936 838 noster
2953 782 3424 854 quamplurimos
3447 786 3655 854 nactus
3673 782 3750 837 sit
3765 798 3888 836 sua!

2234 858 2304 911 de
2351 856 2563 926 Thespi
2635 855 2938 910 sententiae
2970 851 3282 926 'patronos
3330 859 3389 926 et
3443 851 3887 926 astipulatores,

2235 925 2740 999 quamvis’Suidas
2767 925 3314 999 quoque’quosdam
3335 925 3384 979 ei
3411 925 3733 999 refragatus
3755 941 3893 999 esse

2237 995 2581 1054 testificetur
2614 999 2675 1054 ‘5.
2712 995 2942 1053 Videsis
2973 997 3268 1052 variorum
3303 996 3359 1052 in
3393 995 3637 1051 citatum
3671 995 3891 1051 Laertii

2237 1072 2426 1126 locum
2459 1070 2894 1124 observationes
2925 1072 2982 1124 et
3012 1074 3200 1124 notas.

2307 1141 2480 1196 Solus
2527 1141 2706 1212 igitur
2753 1145 2936 1196 restat
2977 1140 3258 1212 Sisarion,
3296 1142 3351 1212 et
3378 1143 3441 1192 ut
3467 1138 3525 1193 in
3558 1137 3896 1212 manuscri-

2237 1217 2336 1295 pto
2386 1207 2594 1295 nostro.
2630 1213 2852 1295 codice.
2877 1211 3116 1295 legitur,
3146 1207 3656 1295 anaptmv,.cuj’us
3716 1210 3896 1281 longe

2240 1281 2670 1353 infrequentior
2703 1283 2854 1354 apud
2889 1281 3203 1354 scriptores
3235 1281 3538 1337 memoria.
3573 1285 3716 1335 Cum
3753 1297 3895 1354 eum

2240 1361 2437 1411 autem
2515 1353 2791 1409 Icarieum
2868 1353 3140 1409 Clemens
3214 1354 3524 1424 vocaverit,
3601 1353 3894 1424 expende,

2241 1443 2461 1498 quaeso,
2483 1431 2691 1498 utrum
2754 1426 2904 1498 ejus,
2931 1425 3130 1498 opinio
3168 1423 3642 1498 hisconfirmari
3683 1423 3900 1495 possit

2243 1495 2496 1552 Athenaei
2511 1497 2703 1552 verbis
2727 1497 2769 1531 ¹⁶
2789 1495 2806 1551 ξ
2840 1517 2860 1544 α
2877 1495 3178 1552 Οθῐὴοεάίω
3202 1495 3642 1566 primaquidem
3659 1498 3826 1566 origo
3840 1499 3900 1550 et

2242 1568 2535 1639 tragcediae
2596 1568 2706 1623 fuit
2746 1584 2814 1623 ex
2859 1569 3291 1639 compotatione
3337 1572 3395 1639 et
3441 1567 3798 1622 temulantia
3832 1568 3893 1622 in

2246 1636 2426 1722 Icario
2457 1639 2656 1694 Attica:
2702 1655 2873 1722 pago,
2901 1637 2978 1722 ξν.
2997 1636 3216 1722 Ἷκᾳρίῳ
3243 1644 3344 1720 τῆς
3374 1636 3654 1722 ’ᾼτεςικῆςρ
3688 1639 3900 1693 vinde-

2169 1742 2216 1806 Β
2247 1712 2374 1806 {piae
2407 1721 2687 1806 tempqre,
2723 1711 2877 1806 uride
2903 1710 3215 1806 t’rigodiam
3249 1710 3646 1806 principiohet
3677 1726 3902 1764 comm-

2246 1783 2402 1865 diam
2430 1781 2824 1865 appellarunt.
2852 1803 2879 1831 »
2903 1781 3179 1865 Verum‘si
3205 1781 3338 1865 quis
3371 1798 3516 1865 curri
3540 1781 3787 1865 Herveto
3805 1797 3900 1836 ve-

2247 1853 2312 1907 lit
2334 1853 2442 1908 sibi
2478 1853 2813 1908 Susarionis
2846 1869 3054 1908 nomen
3080 1853 3152 1908 ab
3175 1852 3365 1923 aliquo
3397 1852 3722 1907 indicatum
3760 1868 3901 1923 pro-

2247 1925 2409 1989 ferri,
2442 1924 2493 1978 is
2523 1926 2693 1980 adeat
2723 1925 3081 1991 Diomedem,
3129 1931 3186 1978 et
3236 1941 3370 1979 eum
3421 1924 3506 1978 sic
3553 1924 3903 1994 loquentem

2249 1995 2449 2050 audiat
2473 1997 2550 2049 ¹⁷ε
2589 2019 2616 2047 ‹‹
2641 2000 2824 2051 Poetae
2850 1997 3016 2067 primi
3051 1997 3256 2051 comici
3292 1997 3527 2050 fuerunt
3555 1995 3903 2067 Sussarion,

2246 2067 2456 2121 Nullus
2486 2067 2596 2136 (vel
2631 2072 2694 2121 ut
2727 2067 2823 2121 alii
2851 2065 3232 2122 scribendum
3266 2070 3524 2131 censent,
3561 2065 3825 2133 Mullus),
3846 2070 3906 2121 et

2249 2139 2509 2205 Magnes.
2538 2161 2565 2186 »
2598 2139 2772 2193 Plura
2802 2139 2873 2193 de
2906 2138 3193 2193 comoedia
3224 2142 3280 2194 et
3310 2137 3593 2209 tragoedia
3620 2138 3777 2192 scire
3797 2136 3902 2208 qui

2248 2209 2511 2280 cupierit,
2537 2209 2634 2264 ille
2668 2214 2870 2278 praeter
2890 2211 3096 2264 citatos
3119 2227 3151 2264 a
3173 2209 3342 2265 nobis
3365 2217 3651 2274 auctores,
3675 2225 3903 2263 consu-

2248 2282 2332 2336 lat
2360 2280 2573 2335 Lilium
2609 2282 2949 2351 Gregorium
2984 2281 3314 2347 Giraldum,
3341 2280 3562 2335 Julium
3614 2281 3912 2335 Caesarem

2247 2353 2629 2422 Scaligerum,
2660 2353 2942 2408 Joannem
2971 2351 3295 2418 Casalium,
3327 2353 3399 2407 De
3429 2353 3704 2422 tragat’dia
3737 2357 3791 2406 et
3819 2367 3912 2407 co-

2247 2423 2453 2480 maedz‘a
2477 2423 2538 2490 ιθ,
2564 2440 2790 2478 necnon
2821 2429 2878 2478 et
2909 2422 3640 2496 Polydorum7Vergilium,
3669 2428 3727 2477 et
3760 2422 3910 2478 alio-

2250 2512 2381 2550 rum
2406 2496 2475 2549 de
2497 2499 2763 2565 utraque,
2789 2512 2852 2549 ac
2886 2496 2956 2550 de
2987 2494 3234 2558 caeteris,
3259 2495 3330 2549 de
3362 2494 3579 2567 quibus
3611 2494 3908 2550 hactenus

2250 2567 2662 2630 disseruimus,
2697 2581 2892 2621 rerum
2946 2567 3349 2621 inventoribus
3383 2566 3614 2632 libros,
3644 2571 3704 2622 et
3737 2583 3906 2622 com-

2252 2638 2591 2704 mentarios,
2627 2636 2888 2708 aliasque
2920 2637 3379 2693 lucubrationes.

2324 2709 2403 2763 De
2435 2707 2822 2780 ipsorumme’t
2853 2726 3023 2780 porro
3057 2710 3337 2764 librorum
3383 2707 3817 2780 conscriptione
3848 2713 3908 2764 et

2253 2778 2722 2852 promulgatione
2749 2778 2872 2852 haec
2895 2786 3096 2835 narrat
3117 2780 3585 2852 Clemens”:«7Et
3608 2778 3904 2852 Alcmaeon

2252 2850 2515 2922 quidem,
2548 2851 2809 2906 Perinthi
2843 2852 3019 2918 ﬁlius,
3051 2851 3649 2922 Crotoniata,primus
3680 2850 3904 2906 librum

2253 2923 2588 2994 scripsitde
2620 2928 2849 2978 natura.
2884 2923 2994 2977 Alii
3025 2928 3221 2978 autem
3253 2925 3682 2994 Anaxagoram,
3719 2923 3905 2993 Hege-

2253 2992 2429 3048 sibuli
2444 2992 3356 3065 filiumClazomenium,primum
3374 2992 3590 3048 librum
3611 2992 3906 3065 scriptum

2252 3065 2507 3120 edidisse
2531 3066 2810 3136 referunt.
2837 3088 2863 3114 ››
2889 3066 3168 3121 Hervetus
3191 3070 3388 3120 autem
3413 3065 3507 3120 hic
3528 3065 3908 3136 adnotatpri-

2253 3153 2423 3209 mum
2447 3135 2681 3209 nullibi,
2710 3138 3032 3209 secundum
3067 3153 3200 3192 vero
3231 3138 3387 3209 apud
3422 3137 3708 3209 Laertium
3743 3135 3905 3209 repe-

2252 3208 2374 3263 riri.
2410 3207 2712 3262 Miraberis
2743 3208 2945 3279 procul
2973 3209 3151 3263 dubio
3182 3206 3498 3262 Heivetum
3533 3224 3645 3262 non
3669 3206 3904 3279 legisse

2251 3279 2372 3334 haec
2404 3280 2669 3350 ejusdem
2703 3278 2915 3334 Laertii
2942 3280 3113 3334 verba
3140 3280 3198 3334 in
3232 3279 3582 3335 brevissima
3619 3278 3902 3334 Alcmeo-

2250 3350 2621 3423 nishistoria
2639 3351 2722 3423 ’f:
2755 3351 3038 3423 (Videtur
3060 3351 3286 3423 primus
3319 3351 3644 3423 dematura;
3672 3350 3902 3423 ratione

2251 3421 2561 3498 scripsisse
2595 3439 2606 3477 :
2655 3417 2814 3498 δοκεῖΔ
2843 3417 3313 3498 πρῶτᾳξφυὲσιξςᾷν
3346 3417 3510 3495 λόγον
3541 3420 3902 3498 trgum-{pays-

2250 3512 2356 3556 ναι,
2382 3499 2446 3547 ut
2467 3493 3489 3549 Favorinusinomnimbdabistoria.
3516 3515 3543 3543 ››
3571 3493 3764 3548 Minus
3789 3493 3906 3548 for-

2250 3569 2408 3619 tasse
2441 3564 2855 3634 miran_dum,si
2893 3567 2947 3620 id
2981 3565 3051 3620 de
3081 3566 3443 3620 Theodoreto
3465 3563 3903 3634 dixisset,aquo

2251 3635 2349 3707 ille
2395 3652 2508 3707 non
2559 3632 2898 3706 Ἀλκμαίων,
2932 3637 3030 3691 sed
3082 3634 3324 3707 Ἀλκμάν
3366 3641 3625 3692 vocatur.
3656 3632 3905 3707 Scriptis

2250 3706 2407 3761 enim
2443 3706 2560 3760 haec
2591 3706 2686 3762 ille
2720 3707 2963 3763 tradidit
2987 3709 3029 3744 ²¹
3066 3725 3079 3763 :
3132 3731 3159 3755 ‹‹
3191 3706 3433 3764 Alcman
3474 3707 3678 3762 Piritbi
3712 3706 3898 3773 filius,

2251 3777 2646 3844 Crotoniades,
2681 3779 2780 3848 qui
2814 3780 3038 3849 primus
3090 3780 3270 3834 fertur
3320 3781 3390 3835 de
3433 3784 3644 3834 natura
3702 3795 3904 3836 rerum

2251 3849 2580 3918 scripsisse.
2619 3872 2646 3898 »
2678 3852 2788 3906 Sed
2825 3850 2979 3905 hunc
3012 3849 3398 3906 nihilominus
3430 3852 3704 3905 eumdem
3749 3865 3903 3919 esse,

2250 3937 2316 3975 ac
2347 3937 2504 3987 eum,
2528 3920 3041 3994 dequoCIemens
3069 3923 3328 3994 disserit,
3361 3923 3515 3977 haud
3549 3922 3904 3994 ambiguum

2251 3995 2338 4046 est
2370 4009 2382 4046 :
2419 3992 2899 4063 quandoquidem
2933 3994 3082 4047 idem
3111 3993 3448 4049 Memacenis
3469 4009 3570 4049 seu
3597 3992 3900 4050 Alcmanis

2252 4067 2434 4138 pater,
2465 4064 2668 4118 eadem
2700 4065 2907 4138 patria,
2942 4069 2998 4118 et
3037 4065 3174 4138 libri
3229 4065 3468 4138 scriptio
3522 4067 3594 4120 ab
3645 4070 3902 4137 utroque

2250 4135 2541 4207 Clemente
2572 4152 2637 4189 ac
2668 4135 3040 4207 Theodoreto
3060 4135 3415 4207 assignatur.

2316 4205 2733 4262 Verumtamen
2766 4206 3121 4262 Themistius
3169 4205 3323 4263 haud
3375 4207 3710 4263 haesitanter
3751 4207 3900 4263 illud

2247 4276 2703 4350 Anaximandro,
2745 4279 3005 4350 Thaletis
3055 4279 3493 4350 idiscipulo.isic
3543 4278 3781 4334 ascribit
3840 4284 3901 4334 et

2247 4347 2508 4420 vindicat
2529 4348 2613 4402 2‘t’:
2650 4371 2675 4398 ‹‹
2714 4349 2875 4405 [llius
2907 4347 3436 4420 (Thaletisfstudia
3466 4367 3532 4404 ac
3563 4350 3895 4405 doctrinam

2248 4418 2555 4474 aemulatus
2587 4418 3043 4486 Anaximander,
3081 4421 3374 4476 Praxiadis
3409 4422 3587 4486 ﬁlius,
3622 4439 3740 4476 non
3763 4438 3894 4476 om-

491 4494 747 4548 rationes
801 4493 1140 4557 Homerum,
1173 4488 1540 4561 Sophoclem,
1575 4477 2030 4561 Aristophanem
2080 4495 2136 4562 et
2246 4491 2342 4544 nia
2367 4495 2561 4545 tamen
2596 4491 2861 4547 imitatus
2884 4497 3007 4559 est;
3031 4477 3142 4548 sed
3174 4493 3279 4548 hoc
3304 4477 3636 4548 immutavit
3667 4492 3894 4562 statim,

486 4564 902 4633 Epicharmum
937 4563 1046 4619 sibi
1080 4560 1421 4617 comoediam
1457 4560 1918 4632 tragmdiamqtie
1941 4561 2128 4615 vindi-
2161 4560 2199 4590 λ

484 4651 635 4703 care,
667 4643 723 4689 et
762 4641 1071 4706 utramque
1127 4635 1362 4705 quidem
1423 4633 1749 4706 Dorienses,
1783 4634 2128 4704 tragmdiam

484 4722 616 4778 vero
651 4705 1142 4778 Peloponne’nses,
1169 4712 1346 4777 atque
1381 4705 1732 4778 comoediam
1765 4710 2128 4778 1lttegiirenses

486 4780 542 4829 et
570 4775 816 4830 Siculos.
853 4781 1215 4846 Quapropter
1255 4775 1510 4832 Solinus
1547 4777 1643 4831 ubi
1679 4778 1749 4830 de
1780 4775 1977 4830 Sicilia
2005 4791 2130 4830 ser-

486 4862 714 4918 monem
749 4847 921 4901 facit:
958 4871 984 4896 ‹‹
1013 4849 1110 4902 [lic
1142 4849 1423 4918 primum,
1449 4847 1635 4918 inquit
1670 4849 1733 4913 1’,
1771 4847 2004 4902 inventa
2037 4862 2129 4902 co-

486 4917 718 4970 moedia.
747 4939 773 4965 »
801 4920 981 4986 Atque
1012 4917 1328 4989 inde’patet
1354 4917 1815 4988 quam’obscura
1857 4920 1978 4973 sint
2026 4935 2126 4973 ca-

483 5003 637 5053 rum,
671 5004 735 5040 ac
768 4989 1086 5054 praesertim
1148 4991 1464 5056 comoediae,
1499 4993 1562 5043 ut
1600 4991 1750 5045 idem
1783 4989 2125 5044 Aristoteles

480 5060 822 5131 testatur”,
855 5063 912 5112 et
945 5059 1262 5131 primordia
1294 5067 1351 5115 et
1382 5062 1563 5126 origo.
1597 5062 1664 5114 Et
1693 5077 1825 5116 vero
1857 5061 2124 5131 quamvis

479 5129 742 5198 plerique
764 5145 968 5183 omnes
999 5129 1273 5199 Thespim
1309 5148 1440 5185 cum
1472 5131 1766 5186 Clemente
1792 5129 1988 5186 nostro
2012 5137 2124 5186 tra-

477 5199 677 5270 gcediae
737 5205 1032 5254 auctorem
1104 5217 1231 5255 esse
1311 5203 1647 5268 fateantur;
1715 5203 1972 5258 Laertius
2031 5209 2121 5257 ta-

478 5288 608 5329 men
639 5288 816 5326 unam
851 5276 1080 5326 tantum
1117 5271 1272 5327 illius
1316 5278 1540 5343 partem
1598 5275 1649 5328 ei
1707 5274 1864 5328 hunc
1919 5274 2123 5329 tribuit

545 5419 567 5452 ⁴
599 5417 777 5486 Apud.
811 5415 996 5481 Stob,
1029 5431 1206 5470 serm.
1238 5415 1327 5478 2|,
1360 5431 1416 5484 p.
1451 5416 1571 5470 185.
1678 5417 1698 5451 ⁸
1729 5416 1831 5470 lib.
1861 5433 1878 5470 ι
1911 5418 2142 5485 Strom.,

469 5557 806 5616 commrLet
837 5560 1102 5629 tragmd..
1137 5575 1185 5614 c.
1227 5563 1274 5612 l.
1353 5557 1393 5591 ¹¹
1429 5561 1501 5612 De
1532 5563 1638 5612 art.

470 5563 714 5616 commd.
751 5566 806 5613 et
837 5562 1102 5629 trained.
1137 5575 1185 5614 c.
1227 5563 1274 5612 1.
1353 5562 1393 5591 “
1429 5562 1501 5612 De
1532 5563 1638 5612 art.
1678 5562 1852 5630 poet.,
1887 5576 1934 5613 c.
1968 5576 2050 5613 In.

470 5635 666 5705 degm.
718 5631 928 5702 philos.
961 5631 1019 5705 in
1055 5631 1164 5705 Vit.
1207 5629 1466 5705 Platon),
1491 5630 1517 5699 Ξ
1545 5631 1634 5684 56.
1677 5701 1685 5705 Α
1750 5631 1906 5705 “ﬁAd
1940 5630 2050 5685 verl

545 5419 567 5452 ⁴
599 5418 777 5486 Apud.
811 5418 996 5481 Stob,
1029 5431 1206 5470 serm.
1238 5418 1327 5478 2|,
1360 5431 1416 5484 p.
1451 5418 1571 5470 185.
1678 5418 1698 5451 ⁵
1729 5418 1831 5470 lib.
1861 5433 1878 5470 ι
1911 5418 2142 5485 Strom.,
2178 5418 2390 5488 p.309.

472 5490 493 5524 ³
522 5491 591 5544 de
625 5490 866 5559 tragced.
900 5492 956 5541 et
985 5488 1231 5541 commd.
1267 5487 1547 5559 Thesaur.
1584 5488 1856 5558 antiquit.
1889 5489 2068 5558 Graec,
2099 5489 2209 5543 vol.
2244 5488 2394 5544 Vlll.

2143 5563 2188 5633 “f
2217 5560 2436 5633 Polyb.,
2471 5579 2519 5615 c.
2552 5560 2609 5616 νζ

1750 5631 1794 5663 ¹⁶
1828 5631 1906 5684 Ad
1940 5630 2094 5685 verb.
2128 5629 2340 5693 Θὲσπιςξ

467 5701 866 5773 grammatica.
900 5706 926 5771 ς
955 5704 1042 5756 83.
1124 5703 1166 5738 ιε
1198 5708 1339 5756 tom.
1373 5701 1519 5764 Vlll,
1555 5701 1750 5772 Antiq.
1786 5704 1962 5757 Graec.
2045 5703 2087 5738 ¹⁹
2118 5703 2154 5756 l.
2191 5722 2205 5757 ι
2236 5710 2450 5760 Strom.

2241 4568 2418 4633 atque
2439 4563 2510 4617 ab
2535 4563 2750 4618 usitata
2774 4565 2997 4619 ratione
3023 4562 3278 4629 deﬂexit,
3300 4566 3454 4635 quod
3488 4567 3715 4635 primus
3737 4566 3896 4619 Cra:-

2239 4650 2463 4701 eorum,
2495 4650 2644 4704 quos
2687 4636 2932 4699 scimus,
2964 4651 3147 4690 ausus
3177 4644 3263 4692 est
3295 4636 3505 4690 horum
3556 4637 3628 4692 de
3679 4641 3896 4692 natura

2239 4705 2521 4776 scriptum
2544 4723 2574 4758 a
2599 4722 2661 4777 se
2683 4706 2740 4760 in
2767 4706 3067 4777 publicum
3105 4707 3377 4777 proferre.
3402 4709 3615 4762 Contra
3634 4707 3794 4762 enim
3825 4707 3893 4762 li-

2239 4778 2385 4851 bros‘
2403 4776 2780 4832 conscribere
2807 4776 3268 4848 ignominiosum
3316 4778 3662 4851 habebatur,
3695 4796 3893 4851 neque

2235 4848 2388 4917 apud
2411 4851 2632 4922 veteres
2660 4851 2889 4905 Graecos
2921 4865 3118 4922 usuae
3140 4849 3563 4906 consuetudine
3585 4848 3892 4922 receptum

2234 4923 2377 4991 erat.
2410 4919 2557 4974 Nam
2587 4923 2986 4991 Anaxagoram
3021 4920 3456 4977 Clazomenium
3489 4919 3776 4978 omittoh

2305 4990 2384 5045 De
2435 4991 2540 5045 hoc
2579 4995 2774 5046 autem
2797 4990 3156 5064 ’Anaxagora
3192 4993 3452 5064 Laertius
3493 4993 3726 5058 eadem,
3757 5009 3891 5064 qua

2231 5061 2498 5116 Clemens
2549 5067 2770 5131 noster,
2801 5063 2884 5118 ita
2932 5061 3189 5133 scripsit,
3225 5069 3287 5118 ut
3316 5080 3384 5118 ex
3415 5063 3542 5134 ipso
3575 5061 3892 5119 videantur

2232 5148 2358 5208 esse
2407 5133 2766 5208 desumpta:
2821 5158 2847 5185 «
2885 5135 3132 5208 Primus,
3185 5134 3374 5208 inquit
3406 5133 3890 5208 “,Anaxagoras

2232 5203 2446 5278 librum
2473 5222 2504 5259 a
2527 5221 2588 5260 se
2611 5203 2898 5278 scriptum
2933 5205 3137 5278 edidit.
3166 5229 3192 5278 ξι
3221 5203 3337 5261 Nos
3369 5206 3606 5278 quidem
3642 5203 3761 5263 non
3793 5207 3888 5261 fu-

2231 5275 2316 5347 git
2349 5276 2452 5331 hoc
2485 5278 2555 5331 ab
2579 5275 2935 5333 Aulo’Gellio
2967 5276 3182 5333 alicubi
3217 5275 3401 5334 fuisse
3431 5278 3644 5334 litteris
3674 5282 3734 5334 et
3763 5293 3887 5334 me-

2502 5420 2523 5493 ἕ
2553 5436 2684 5492 sup.
2715 5437 2764 5475 c.
2791 5421 2875 5476 49.
2914 5428 3020 5477 art.
3055 5423 3108 5476 4.
3200 5423 3241 5493 ί⁷
3273 5423 3309 5477 l.
3345 5441 3362 5478 ι
3393 5423 3631 5488 Strom.,
3661 5440 3718 5493 p.
3751 5421 3879 5478 308.

2508 5492 2529 5526 θ
2561 5493 2710 5562 apud
2749 5497 2979 5559 nonat,
3013 5493 3123 5548 loc.
3158 5492 3260 5548 cit.
3377 5495 3420 5529 1°
3445 5492 3775 5549 Comment.
3807 5495 3881 5548 de

2508 5602 2519 5615 .
2552 5580 2609 5616 v.
2717 5563 2900 5620 ¹³100.
2935 5565 3054 5620 cit..
3089 5582 3138 5620 c.
3170 5565 3223 5618 5.
3330 5565 3374 5600 ¹⁴
3404 5564 3442 5619 l.
3476 5582 3541 5620 m
3573 5565 3657 5620 De
3687 5566 3790 5620 vit.
3824 5570 3882 5619 et

2456 5605 2636 5688 ιῖἰῖἰι
2670 5605 2900 5705 ῡθξρἷπῗξ
2930 5605 3281 5705 "lJK/io.
3396 5605 3442 5671 ii
3471 5605 3878 5692 ῐῗιῖῗυέἓτῖἑ

2485 5706 2713 5780 p._30t}_._
2776 5708 2822 5741 ²⁰
2847 5707 2885 5763 l.
2917 5725 3016 5763 VIII
3045 5709 3125 5763 De
3155 5707 3291 5780 vitis
3322 5707 3606 5780 etAdogm.
3641 5708 3877 5780 philos,

466 5779 493 5843 ἓ
523 5777 612 5833 83.
689 5779 731 5812 τί
770 5781 898 5831 tem.
935 5777 1026 5840 ιν,
1064 5789 1240 5830 serm.
1276 5776 1326 5845 1,
1362 5790 1416 5848 p.
1448 5775 1570 5832 468.
1651 5775 1694 5809 ²²
1719 5774 1874 5831 Orat.
1907 5776 1996 5842 26,
2031 5791 2086 5848 p.
2120 5775 2135 5832 ξ

2322 5775 2365 5810 ³³
2395 5775 2434 5832 l.
2467 5774 2509 5832 ii
2541 5776 2620 5834 De
2649 5777 2764 5835 Vit.
2795 5786 2853 5839 et
2882 5781 3081 5852 degm.
3116 5778 3352 5851 philos,
3385 5777 3416 5853 §
3442 5774 3528 5836 tf.
