4152 6188
311 159 460 214 1385

312 282 388 339 ab
421 281 680 338 humano
705 277 962 350 ingenio,
995 276 1236 350 minime
1266 282 1465 350 autem
1516 293 1549 331 a
1585 279 1826 335 veritate
1857 280 1962 334 do-

312 351 562 411 centur?
587 348 1026 418 Quamiinﬁrmi
1056 349 1271 404 etenim
1296 348 1559 420 levisque
1585 351 1868 406 momenti
1890 352 1967 406 sit

316 427 441 482 haec
473 422 743 493 objectio,
776 421 914 476 hinc
946 419 1072 490 ipsc
1102 420 1395 493 convincit
1423 419 1490 491 ⁷⁷,
1524 421 1665 491 quia
1700 422 1971 479 homines

311 497 500 552 libero
547 492 779 564 praediti
825 493 1116 548 libertatis
1161 492 1424 558 arbitrio,
1463 498 1713 559 possunt
1761 493 1971 549 huma-

315 584 455 624 nam
498 563 830 621 doctrinam
887 569 1152 619 sanctam
1199 563 1450 628 eflicero,
1496 585 1523 612 ‹‹
1558 564 1793 619 etiamsi
1841 581 1969 620 eam

315 637 652 716 acceperint
683 635 1100 716 per‘homines.
1128 657 1167 716 λ»
1199 640 1263 714 Et
1293 635 1351 716 id
1378 650 1520 716 sane
1551 636 1632 716 ab
1655 634 1754 690 illo
1786 636 1970 716 plurif

317 705 817 780 bus-ipsiusmet
866 706 1096 780 divinae
1127 705 1460 780 Scripturaeﬁ
1501 705 1858 761 testimoniis
1916 711 1974 762 et

316 775 563 838 Abrahae
594 777 860 849 exemplo
900 776 1204 849 stabilitur
1233 775 1289 832 et
1318 775 1720 832 confirmatur.

394 854 676 908 Praeterea
715 847 848 906 vero
897 848 995 903 ille
1047 847 1378 904 luculenter
1427 849 1792 904 demonstrat
1822 849 1865 884 ⁷³
1897 849 1970 904 ab

319 940 389 980 eo
421 923 523 995 qui
555 939 722 977 veras
753 923 1084 995 Graicorum
1127 920 1250 975 sive
1293 935 1680 995 paganorum‘
1707 920 1970 995 discipli-

317 991 514 1051 nas'et
544 1000 700 1049 artes
731 991 936 1054 coluit,
967 1007 1177 1046 aurum
1231 991 1477 1060 probum
1509 993 1582 1047 ab
1615 992 1970 1058 adulterino,

319 1069 380 1122 id
413 1074 522 1131 est,
557 1080 757 1120 verum
792 1080 826 1119 a
857 1063 1026 1126 falso,
1058 1063 1442 1132 sophisticam
1494 1069 1682 1119 artem
1713 1081 1747 1118 a
1779 1063 1972 1133 philo-

319 1138 533 1209 sophia
589 1142 765 1206 atque
821 1136 893 1190 ab
949 1133 1275 1209 orthodoxa
1323 1134 1586 1209 veritate,
1620 1135 1867 1209 haereses
1917 1139 1975 1191 et

320 1205 550 1267 errores
581 1205 752 1262 caute
783 1221 850 1262 ac
881 1205 1198 1277 prudenter
1230 1205 1451 1277 secerni
1484 1221 1548 1260 ac
1581 1206 1862 1277 separari'

397 1282 763 1351 Quapropter
784 1275 905 1351 non
943 1275 1301 1351 imperfectis
1350 1275 1756 1351 tantummodo
1803 1276 1974 1351 Chri-

321 1347 556 1416 stianis,
589 1347 691 1405 sed
721 1349 898 1404 etiam
949 1347 1403 1420 perfectissimo,
1434 1364 1558 1414 seu,
1595 1353 1662 1404 ut
1714 1349 1840 1420 ipse
1887 1347 1973 1403 lo-

371 1423 530 1478 uitur
549 1422 614 1488 7‘,
639 1421 906 1492 gnostico
941 1418 1043 1490 per
1072 1418 1388 1492 eumlicet,
1423 1425 1488 1474 ut
1515 1418 1974 1492 exiunaquaque

371 1490 1049 1566 isciplina'illudsumat
1079 1490 1235 1561 quod
1267 1491 1608 1566 conl'ert__ad
1639 1492 1970 1566 veritatem.

320 1561 604 1629 Quinimo
636 1564 792 1620 brevi
826 1562 1166 1617 inductione
1213 1561 1472 1633 ostendit
1500 1562 1544 1596 ⁷⁵
1575 1562 1716 1633 quid
1748 1578 1818 1618 ex
1847 1562 1976 1618 sin-

325 1637 472 1709 gula
500 1650 732 1709 quaque
764 1633 1079 1709 disciplina
1108 1634 1182 1688 ab
1214 1631 1314 1686 illo
1344 1633 1574 1709 decerpi
1592 1631 1816 1709 debeat
1841 1650 1855 1699 ;
1909 1647 1976 1688 ea

321 1703 689 1778 tamen'lege,
716 1710 780 1759 ut
802 1705 874 1759 iis
896 1703 1012 1778 non
1037 1708 1323 1778 tanquam
1354 1703 1670 1778 virtutibus,
1705 1706 1804 1760 sed
1850 1710 1983 1759 tan-

323 1783 456 1835 tum
489 1778 560 1833 ad
593 1775 764 1847 asseq
775 1777 1027 1832 uendam
1049 1775 1349 1847 veritatem
1370 1775 1738 1847 adjutrieibus
1759 1781 1981 1831 utatur.

325 1849 582 1907 Cuilibet
611 1846 810 1904 tamen
849 1846 1184 1904 Christiano
1217 1846 1498 1918 praecipit,
1531 1852 1594 1902 ut
1622 1848 1684 1902 in
1714 1847 1833 1903 illis
1867 1863 1983 1918 non

326 1923 698 2000 immoratur,
723 1925 782 1974 et
812 1918 1277 2000 permaneans'cd
1313 1917 1628 2000 poetquam
1667 1935 1794 2000 qua:
1817 1918 1886 2000 in
1909 1917 1984 2000 iis

330 1995 490 2050 bona
538 1997 597 2048 et
642 2008 776 2047 vera
823 1997 963 2046 sunt
1007 1989 1266 2060 elegerit,
1300 1990 1372 2044 ad
1403 2005 1620 2058 veram,
1652 1989 1774 2046 sive
1812 1990 1989 2046 Chri-

331 2065 587 2146 stianam
620 2062 1056 2146 philosophiam
1086 2066 1430 2146 revertatur.

404 2131 640 2191 Nemini
680 2131 1024 2206 porrojhaec
1081 2132 1415 2206 Clementis
1453 2131 1661 2206 nostri
1692 2131 1986 2186 sententia

329 2206 522 2264 ullam
583 2203 1034 2260 admirationem
1095 2219 1327 2258 movere
1385 2203 1577 2258 debet.
1628 2203 1984 2258 Persuasum

328 2277 628 2350 siquidem
651 2275 1077 2350 illehabuitin
1113 2275 1557 2350 om_nibus,rnor_1
1591 2273 1781 2350 solum
1816 2273 1987 2329 disci-

329 2345 538 2423 plinis,
567 2349 667 2404 sed
697 2347 878 2423 etiam
909 2346 1136 2423 artibus
1166 2345 1555 2423 aliquid_boni
1588 2346 1801 2414 inesse,
1829 2353 1983 2423 quod

327 2416 405 2478 ab
427 2421 679 2491 ipsomet
697 2419 813 2474 Deo
838 2419 1157 2491 profectum
1181 2423 1268 2472 est
1295 2435 1362 2491 :_«
1381 2416 1409 2472 J
1419 2433 1513 2472 am
1537 2434 1668 2491 vero
1693 2434 1760 2472 ea
1778 2419 1984 2491 etiam,

329 2485 532 2562 inquit
553 2492 769 2562 “,quaa
801 2485 952 2562 bona
974 2490 1195 2562 suntin
1221 2489 1469 2562 artibus,
1491 2495 1555 2562 ut
1573 2489 1630 2562 in
1660 2490 1909 2562 artibus,
1932 2485 1982 2562 ἐν

326 2559 576 2637 τέχξναις,
609 2559 683 2622 ὡέ
721 2559 774 2615 ἐν
818 2560 1062 2633 τέχναις,
1093 2560 1310 2616 habent
1364 2560 1721 2632 principium
1772 2559 1988 2614 divini-

333 2641 458 2692 tus.
493 2657 522 2684 »

411 2706 526 2761 Nos
559 2708 756 2760 tamen
789 2702 888 2760 ille
909 2703 973 2771 ⁷⁷,
999 2717 1102 2757 nec
1124 2702 1325 2769 semel,
1358 2717 1463 2757 nec
1494 2701 1752 2772 segniter
1799 2700 1990 2772 moni-

333 2784 430 2834 tos
456 2792 588 2832 esse
614 2774 761 2841 vult,
786 2775 1064 2830 omnibus
1095 2771 1654 2844 Christianis,atque
1685 2774 1745 2828 in
1781 2771 1988 2844 primis

332 2849 627 2921 gnostico,
650 2863 752 2921 seu
777 2847 1118 2921 eorumdem
1147 2843 1614 2921 Christianorum
1637 2843 1990 2921 perfectissi-

335 2916 459 2986 fno,
482 2918 788 2975 vitandum
819 2935 949 2973 esse
978 2919 1229 2972 multum
1255 2923 1310 2971 et
1341 2917 1609 2971 inutilem
1641 2916 1989 2986 disciplina-

335 2985 471 3048 rum
503 2993 775 3046 abusum.
801 2989 1138 3044 Conﬁrlnari
1171 2993 1368 3043 autem
1402 2987 1458 3042 id
1497 2993 1680 3058 potest
1708 2985 1834 3057 ipso
1867 2985 1987 3041 Pla-

1586 159 1683 211 DE
1721 158 1956 213 LIBRIB
1989 161 2459 217 STROMATUM.

2012 1669 2059 1734 B

3587 166 3725 221 1386

1993 301 2048 366 Α
2080 283 2177 337 nia
2204 284 2400 366 refert.
2427 283 2499 339 ad
2547 285 2890 366 veritatem;
2948 286 3093 366 adeo
3126 289 3191 340 ut
3221 289 3636 366 engeometria
3674 297 3734 366 et

2081 355 2332 430 musica,
2353 359 2410 410 et
2428 370 2496 430 ex
2514 355 2934 430 grammatica,
2960 362 3018 430 et
3051 356 3185 430 ipsa
3208 355 3582 430 phii030phia
3610 361 3732 416 col-

2081 425 2267 503 ligens
2306 427 2478 503 “quod
2521 425 2621 482 est
2669 426 3050 503 utile,‘null_is
3076 425 3312 503 insidiis
3343 425 3731 503 interceptam

2081 497 2532 572 servetpﬁdem.»
2553 503 2760 572 Censet
2786 499 2968 572 igitur
2984 500 3384 556 Christianum
3407 497 3731 572 homihem,

2081 569 2332 636 singulis
2365 570 2522 624 hisce
2553 569 2885 645 disciplinis
2911 571 3232 627 liberaliter
3255 569 3734 645 ornatum,posse

2081 655 2286 694 earum
2309 656 2418 710 ope
2433 645 2490 696 et
2513 643 2785 716 praesidio
2807 643 3218 716 haereticorum
3243 643 3609 716 aliorumque
3632 662 3736 716 pa-

2082 726 2369 781 ganorum
2392 715 2449 766 et
2467 712 2784 767 errantium
2807 711 3114 768 hominum
3143 715 3391 771 insidias
3413 733 3480 771 ac
3500 711 3736 772 dolosas

2081 781 2481 838 cavillationes
2514 784 2596 838 ita
2627 784 2943 851 declinare,
2979 792 3041 840 ut
3067 786 3352 841 illibatam
3387 788 3734 843 Christiana;

2082 851 2382 922 religionis
2414 855 2741 910 doctrinam
2760 859 2816 911 et
2834 855 3012 912 nullis
3036 857 3199 912 falsis
3231 858 3459 915 artibus
3481 860 3735 914 interce-

2082 930 2245 995 ptam
2277 924 2452 980 ﬁdem
2485 931 2810 982 conservet.

2152 1001 2295 1076 Cum
2350 1002 2545 1052 autem
2604 997 2991 1076 grammatica
3039 997 3096 1076 in
3147 999 3340 1076 verbis
3388 1005 3446 1056 et
3493 1000 3738 1076 vocibus

2083 1068 2464 1138 potissimum
2487 1068 2774 1136 versetur,
2801 1070 2936 1124 inde
2955 1075 3110 1124 certe
3141 1069 3412 1126 Clemens
3444 1079 3602 1128 recte
3625 1071 3742 1126 col-

2083 1138 2212 1210 ligit
2242 1140 2476 1213 eamad
2509 1139 2924 1213 intelligendas
2955 1157 3153 1196 sacras
3188 1142 3496 1213 utriusque
3530 1144 3739 1198 Testa-

2085 1209 2265 1264 menti
2286 1209 2768 1289 Scripturasesse
2794 1211 2998 1266 utilem
3027 1228 3040 1265 :
3065 1233 3092 1261 «
3118 1209 3740 1289 Quomod6,_in_quit",

2085 1297 2201 1336 non
2221 1286 2312 1358 est
2334 1283 2496 1358 utile,
2519 1283 2773 1358 dividere
2794 1299 2988 1358 voces,
3013 1299 3140 1353 qua:
3165 1289 3305 1358 sunt
3337 1283 3646 1358 ancipites,
3679 1283 3742 1347 et

2084 1368 2214 1425 quae
2248 1352 2306 1406 in
2338 1353 2728 1410 Testamentis
2750 1352 3074 1409 afferuntur
3090 1356 3429 1425 aaquivoce?
3453 1352 3490 1405 ›ἷ
3507 1359 3574 1412 Et
3603 1352 3740 1418 vero

2085 1423 2230 1478 artis
2261 1425 2660 1494 grammaticae
2719 1425 3057 1494 utilitatem,
3086 1423 3204 1482 imo
3239 1432 3296 1481 et
3327 1431 3740 1488 necessitatem

2087 1495 2268 1570 probe
2299 1500 2683 1570 cognoscunt,
2715 1497 3100 1570 qui_eos_dem
3157 1513 3356 1553 sacros
3414 1499 3618 1570 libros,
3649 1503 3740 1560 vel

2089 1566 2474 1647 primoribus,
2603 1565 2790 1649 aiunt,
2833 1565 3008 1649 labiis
3037 1572 3367 1649 gustavere,
3399 1575 3574 1642 atque
3601 1565 3643 1627 ii
3679 1575 3739 1629 in

2093 1635 2322 1708 primis,
2356 1637 2457 1708 qui
2518 1636 2651 1693 illos
2698 1635 3088 1715 interpretari,
3119 1655 3438 1715 e_xponere_,_
3459 1635 3743 1715 verosque

2091 1723 2293 1790 eorum
2343 1724 2556 1790 sensus
2580 1709 2932 1790 ‘perscutari
2974 1711 3167 1764 conati
3196 1709 3357 1790 sunt.
3393 1713 3509 1790 r198
3529 1709 3740 1790 tamen

2089 1778 2376 1847 Clemens,
2421 1780 2504 1834 uti
2565 1778 2844 1845 diximus,
2895 1781 3347 1837 commonefacit
3405 1782 3744 1844 Christiano

2091 1867 2206 1929 non
2240 1850 2475 1929 insolis
2505 1851 2941 1929 nominibuset
2964 1852 3181 1929 verbis,
3211 1854 3315 1908 sed
3365 1855 3542 1929 rebus
3592 1857 3741 1929 ipsis

2090 1928 2148 2048 fit
2215 1922 2466 1988 veritati,
2527 1939 2656 1993 quae
2724 1938 2793 1978 ex
2857 1922 2975 1978 illis
3041 1923 3358 1981 eliciuntur
3415 1922 3742 1986 immoran-

2137 2009 2258 2048 um.

2137 2009 2258 2048 um.

2162 2062 2477 2141 Dialectica
2525 2066 2720 2117 autem
2747 2084 2783 2141 ρ.
2811 2062 3384 2141 Clemente__dicitur
3412 2068 3457 2102 ⁸³
3498 2085 3748 2141 respon-

2090 2135 2268 2189 dendi
2300 2141 2358 2188 et
2388 2134 2786 2204 interrogandi
2813 2134 3080 2190 scientia.
3111 2135 3225 2191 Nec
3253 2139 3326 2192 ab
3360 2139 3465 2194 hac
3497 2134 3747 2198 scientia

2093 2206 2266 2282 lo_nge
2326 2205 2541 2282 absunt
2571 2205 3324 2282 ii,_de__quibusA_Laertius
3381 2211 3689 2282 scripsit“
3722 2230 3736 2269 :

2100 2297 2120 2325 ι
2142 2275 2513 2332 Dialecticam
2536 2280 2692 2331 recte
2721 2276 3050 2332 disserendi
3084 2279 3390 2335 scientiam
3427 2275 3582 2337 cir'ca
3610 2300 3744 2338 ora-

2094 2348 2334 2422 tionem,
2372 2347 2988 2422 quaeinterrogatione
3035 2353 3101 2422 et
3139 2351 3521 2422 responsione
3552 2354 3746 2410 consi-

2093 2420 2213 2487 stit,
2247 2419 2467 2474 versari
2492 2419 3030 2491 dicun_t.iQuocirca
3089 2419 3279 2491 ipsam
3310 2422 3392 2478 ita
3421 2423 3740 2491 deﬁniunt,

2093 2491 2402 2564 scientiam
2437 2490 2576 2557 veri,
2598 2489 2860 2564 ialsique
2888 2496 2945 2546 et
2976 2489 3273 2564 neutriusi
3297 2515 3324 2542 ››
3375 2496 3566 2564 Atque
3595 2489 3746 2551 hanc

2093 2563 2301 2687 alibtilf;
2331 2578 2506 2687 cuum
2537 2578 2571 2617 a
2595 2562 2824 2618 Zenone
2853 2564 3048 2618 Eleate
3079 2563 3383 2620 exordium
3417 2562 3749 2638 sumpsisse

2093 2651 2197 2687 ner
2247 2651 2259 2687 1
2309 2650 2338 2687 e
2373 2674 2385 2687 .

2135 2634 2385 2690 erhibet.

2093 2651 2418 2759 Ρθὸἓιὶῗῧϊε
2436 2705 2636 2775 itaque
2652 2703 2905 2758 utilitate
2918 2704 3036 2759 haec
3047 2704 3317 2761 Clemens
3331 2710 3530 2762 noster
3552 2707 3744 2762 tradi-

2096 2777 2183 2832 dit
2205 2776 2249 2810 ³⁸
2281 2792 2294 2830 :
2336 2799 2355 2824 ι
2383 2775 2780 2846 Perspicuitas
2811 2791 2980 2846 opem
3006 2776 3115 2831 fert
3133 2779 3202 2832 ad
3226 2778 3572 2834 tradendam
3594 2779 3749 2834 veri-

2095 2852 2298 2914 tatem,
2321 2850 2379 2902 et
2401 2846 2727 2912 dialectica,
2756 2863 2826 2901 ne
2848 2850 3294 2917 prosternamur
3320 2851 3393 2905 ab
3417 2851 3742 2906 haeresibus

2096 2937 2221 2990 quae
2252 2918 2472 2973 faciunt
2505 2917 2891 2990 incursiones.
2932 2940 2960 2967 ››
2984 2920 3126 2983 Quis
3159 2925 3353 2976 autem
3384 2920 3746 2977 inﬁciabitur

2097 2989 2213 3045 non
2247 2990 2557 3044 minimum
2590 3006 2720 3044 esse
2752 2989 3006 3044 fructum
3038 2999 3092 3045 et
3118 2991 3584 3048 emolumentum
3617 2994 3747 3048 dia-

336 3035 1525 3135 {assignatas"genesi;1134’
1534 3035 1988 3135 signinis.
2017 3035 2060 3101 c
2099 3035 3746 3135 ίεὶῑίῶῖάῖεξῖςᾱεῑῑυῖρῖιςἰῑεξῖιεῑῑεῖξίῑδῑίῑιὶῑῑῖδῑέᾱίιῑ,

336 3133 587 3206 protulit
617 3133 770 3206 306
801 3125 1121 3206 inmodum
1143 3131 1225 3206 7°_:
1250 3125 1404 3206 filii-st
1437 3130 1564 3203 γὰρ,
1593 3131 1770 3206 ρξμᾳμι)
1793 3126 1990 3206 ᾡςᾷρα

336 3197 452 3275 ςἤδη
484 3201 783 3275 πολυμαθῆ
816 3201 940 3275 νόον
975 3199 1091 3275 ἔχει
1119 3217 1132 3232 ·
1184 3197 1485 3275 ’ὀᾼδιδάσκέι
1514 3197 1661 3254 ’καίν’
1700 3197 1988 3274 Ἡράκλει-

337 3272 454 3333 iovi
512 3298 541 3326 ‹‹
573 3272 802 3331 Sciebat
845 3272 1042 3342 enim,
1063 3277 1128 3329 ut
1155 3272 1446 3340 existimo,
1479 3289 1614 3329 eum
1673 3272 1992 3329 multarum

342 3364 541 3407 rerum
575 3348 858 3405 scientem
883 3347 1008 3416 jam
1045 3345 1260 3400 habere
1288 3351 1566 3409 mentem,
1601 3345 1755 3415 quod
1802 3345 1991 3412 docet,

342 3427 410 3478 ut
432 3424 524 3476 est
543 3418 821 3476 Heracliti
852 3417 1164 3472 sententia.
1191 3439 1218 3466 η
1249 3418 1356 3472 Sed
1392 3417 1499 3487 hoc
1534 3416 1834 3487 Menagius
1857 3433 1994 3470 cen-

344 3496 437 3550 set
494 3491 574 3546 ita
620 3506 759 3560 esse
814 3488 1226 3560 corrigendum
1259 3503 1282 3560 ί
1321 3483 1476 3560 ςῌδει
1522 3487 1661 3560 γὰρ.
1700 3483 1993 3560 omnium

343 3565 451 3636 ἄρα
474 3557 890 3636 ἡνᾼπολυμάρεια
917 3553 1037 3614 νόῦν
1081 3556 1211 3636 οὐχὶ
1250 3553 1498 3636 dieidie-aet
1535 3553 1662 3636 ’χείρ’
1694 3553 1997 3636 *Ἡράκλει-

344 3630 464 3688 τὸν.
503 3634 568 3688 Et
606 3648 748 3688 sane
791 3631 942 3686 hanc
990 3630 1460 3685 emendationem
1505 3632 1712 3701 probat
1763 3630 2000 3701 praeter-

351 3705 541 3762 missa
561 3705 633 3759 ab
667 3707 900 3758 auctore
933 3706 1132 3757 nostro
1160 3703 1468 3773 sententia,
1493 3719 1620 3773 quae
1647 3703 1798 3773 apud
1826 3703 1998 3773 haer-

346 3778 502 3833 tium
561 3775 647 3831 sic
695 3775 918 3846 legitur
958 3775 1017 3846 Α⁷¹
1071 3789 1086 3828 :
1147 3769 1787 3846 ιιολυμαθίηίνόονοὺ
1845 3769 1998 3826 διδά-

347 3866 489 3915 σκει,
520 3865 552 3898 «ι
584 3844 786 3901 multa
801 3844 1010 3916 peritia
1040 3848 1292 3900 mentem
1323 3861 1436 3916 non
1468 3845 1654 3900 docet.
1686 3865 1712 3896 υ

422 3918 550 3974 Non
584 3917 756 3972 aliter
785 3915 985 3987 itaque
1014 3916 1117 3972 has
1148 3915 1514 3987 disciplinas,
1549 3933 1676 3987 quae
1728 3915 2002 3971 utilitatis

349 3989 582 4061 aliquid
616 3989 852 4057 habent,
879 3988 1292 4061 apChristianis
1323 3988 1688 4061 adhibendas
1719 4005 1848 4061 esse
1877 3987 2004 4061 Cle-

354 4057 529 4118 mens
550 4061 860 4132 opinatur;
883 4059 996 4132 nisi
1021 4057 1502 4132 velutiquasdam
1526 4058 2007 4132 praexercitatio-

353 4149 483 4201 nes,
521 4130 737 4203 quibus
766 4130 1110 4203 etcaptiosa
1139 4130 1604 4203 adversariorum
1639 4130 2008 4203 s0phism_ata

353 4200 604 4270 diluere,
639 4209 697 4258 et
724 4200 986 4257 veritatis
1017 4201 1410 4274 cognitionem
1460 4200 1731 4274 assequi:
1757 4200 2004 4274 possint.

352 4275 621 4345 Denique
653 4279 793 4329 tunc
823 4290 921 4329 eas
952 4290 1068 4328 non
1095 4271 1292 4328 'modo
1342 4271 1603 4338 inutiles,
1636 4273 1751 4345 sed
1801 4271 2006 4345 perni-

351 4342 550 4403 ciosas
594 4362 724 4402 esse
772 4345 1005 4411 asserit,
1037 4345 1273 4416 quando
1303 4360 1437 4399 cum
1469 4359 1604 4398 vera
1633 4342 2008 4416 philosophia

352 4402 690 4487 conjuncta
716 4434 830 4472 non
865 4402 1084 4472 fuerint
1127 4433 1140 4472 :
1193 4439 1220 4466 ‹‹
1248 4421 1438 4481 Artes,
1471 4402 1665 4487 inquit
1692 4416 1758 4478 ⁸ο,
1791 4415 1841 4470 si
1872 4402 2005 4487 cum
2039 4402 2084 4465 D

351 4485 731 4562 philosOphia
751 4489 1078 4562 conjunctae
1100 4504 1212 4542 non
1241 4486 1724 4562 fueri_nt,_cuilibet
1744 4485 2006 4562 exitiales

352 4558 549 4617 erunt.
577 4558 606 4609 εἰ
625 4561 735 4615 Sed
770 4560 892 4615 haec
923 4559 1121 4614 omnia
1149 4575 1218 4613 ex
1245 4558 1320 4614 iis
1349 4558 1600 4614 clariora
1629 4565 1686 4613 et
1717 4559 2008 4629 apertiora

351 4633 634 4760 pmpibus
668 4633 978 4703 fiunt,qu:e
1008 4631 1284 4702 superius
1307 4631 1376 4686 de
1399 4629 1769 4702 philosophia
1799 4630 2009 4702 dispu-

383 4721 636 4760 av1mus.

919 4797 1322 4854 ARTICULUS
1381 4797 1445 4851 V.

356 4893 437 4946 De
485 4889 877 4957 grammatica,
907 4886 1222 4954 dialectica,
1271 4885 1646 4954 arithmetica,
1680 4894 1730 4942 et
1777 4888 2008 4957 quibus~

428 4959 557 5015 dam
586 4961 854 5026 numeris,
888 4958 954 5014 de
982 4959 1224 5028 musica,
1255 4959 1585 5030 geometria,
1616 4958 2009 5027 architectura,

427 5032 798 5103 agricultura,
830 5032 1059 5086 nautica
1087 5039 1139 5086 et
1168 5029 1528 5086 astronomia.

427 5128 788 5185 Clementem
821 5133 1116 5192 nostrum,
1151 5128 1222 5182 de
1254 5126 1507 5199 singulis
1539 5126 1850 5197 discipulis
1881 5127 2014 5199 dis-

351 5205 680 5267 serentem,
711 5200 762 5256 si
792 5215 1138 5270 sequamur,
1171 5199 1242 5254 ab
1273 5198 1403 5270 ipso
1437 5199 1558 5254 haec
1588 5200 1903 5254 audiemus
1925 5198 1970 5234 ⁸⁷
2001 5214 2014 5255 :

354 5294 384 5323 ‹‹
412 5272 560 5328 Eum
588 5272 737 5328 bene
767 5277 826 5327 et
857 5269 1080 5327 utiliter
1106 5269 1406 5327 eruditum
1437 5269 1733 5340 existimo,
1765 5270 1868 5342 qui
1899 5286 2022 5326 om-

423 5415 470 5450 ⁷³
497 5433 554 5488 p.
583 5416 711 5471 656.
788 5416 833 5450 ⁷³
863 5415 902 5472 l.
936 5432 978 5482 1,
1010 5431 1065 5485 p.
1098 5415 1199 5470 29t
1235 5419 1292 5470 et
1321 5431 1446 5486 seq.
1540 5415 1586 5449 ⁷⁸
1614 5414 1654 5469 1.
1685 5430 1762 5476 vr,
1797 5430 1853 5485 p.
1885 5414 2010 5470 654.

423 5503 489 5543 .2.
520 5488 645 5543 656.
723 5487 767 5522 ⁷⁸
799 5486 836 5540 l.
870 5504 910 5543 1.
938 5502 995 5543 n.
1028 5487 1153 5540 315.
1252 5487 1297 5521 ⁷³
1327 5486 1367 5542 l.
1400 5503 1454 5542 1x
1485 5485 1545 5540 in
1575 5486 1709 5541 Vita
1740 5485 2010 5543 Herac..§

350 5503 489 5559 pag.
520 5502 645 5543 uno.
731 5502 767 5522 ιο
799 5502 836 5540 ι.
870 5504 910 5555 1,
938 5502 995 5555 p.
1028 5502 1153 5540 διο.
1260 5502 1297 5521 ’ν
1329 5502 1367 5542 1.
1400 5503 1454 5542 1x
1485 5503 1545 5540 1n
1586 5502 1709 5541 vna
1741 5502 1862 5540 uer:

341 5575 410 5666 ξ).
437 5559 566 5614 292.
645 5558 690 5593 ⁸³
719 5558 864 5641 ibid.
939 5557 986 5593 ⁸⁸
1015 5555 1054 5614 l.
1087 5574 1165 5612 v11
1194 5558 1254 5613 in
1287 5559 1418 5613 Vita
1446 5558 1687 5622 Zenon.,
1718 5558 1745 5623 §
1775 5557 1862 5646 42.

368 5640 392 5672 9
424 5635 564 5672 tnm,
605 5629 673 5672 ΠΔ
707 5630 789 5672 11h
842 5646 916 5672 vn
954 5634 1030 5672 ne
1062 5631 1248 5672 rnnnh
1325 5630 1508 5672 11,2?“
1548 5633 1605 5672 Al.
1636 5645 1753 5672 εαξη-

424 5629 808 5711 tom.ﬁl_l,_lib.
842 5646 919 5685 vn
951 5631 1293 5711 De_r_epub.,
1325 5647 1381 5702 p.
1414 5630 1513 5685 351
1548 5633 1606 5684 et
1636 5645 1754 5699 seq.

345 5703 379 5776 ξ
419 5703 509 5756 17.
587 5701 631 5737 οε
662 5701 764 5758 lib.
798 5718 876 5771 v1,
911 5701 1128 5772 p.651.

648 5820 916 5881 Panos.
965 5816 1074 5878 Gn.
1123 5817 1230 5879 IX.

1252 5487 1297 5521 7°
1327 5486 1367 5542 l.
1400 5485 1454 5542 ix
1485 5485 1545 5540 in
1575 5486 1709 5541 Vita
1740 5485 1970 5548 Herac.,
1996 5487 2024 5552 §
2054 5490 2100 5542 1.

1968 5557 2014 5592 ⁸⁸
2044 5558 2102 5612 in
2134 5563 2408 5624 Promm.,
2435 5560 2462 5625 §
2489 5559 2572 5611 18.

1861 5627 1905 5664 ⁹⁰
1935 5628 2152 5685 Strom.
2185 5629 2292 5686 lib.
2323 5647 2404 5696 v1,
2438 5645 2496 5700 p.
2528 5629 2657 5684 692.
2743 5629 2786 5664 οι
2830 5628 3001 5700 ibid.,
3032 5644 3088 5700 p.
3121 5628 3247 5684 655.

2099 3140 2156 3188 et
2172 3149 2351 3188 vanas
2380 3148 2581 3186 eorum
2615 3132 2874 3206 argutias
2905 3137 2963 3186 et
2991 3133 3388 3206 cavillationes
3418 3132 3742 3206 diluamus,

2101 3205 2471 3260 confutemus
2503 3208 2560 3257 et
2589 3203 2973 3272 explodamus
2993 3203 3021 3256 ‘I

2174 3275 2552 3348 Nec_mirum
2600 3289 2760 3328 sane.
2789 3274 2935 3348 Nam
2988 3273 3313 3339 dialectica,
3347 3280 3413 3331 ut
3444 3277 3540 3333 ille
3570 3277 3652 3333 ait
3681 3277 3750 3348 ⁸⁷,

2095 3345 2558 3429 juxtal’latonis
2589 3344 2961 3411 sententiam,
2996 3368 3025 3429 «f
3057 3352 3146 3428 est
3175 3348 3443 3429 quaedam
3484 3344 3754 3429 scientia

2102 3417 2392 3488 inventrix
2440 3433 2666 3488 eorum,
2716 3421 3033 3488 quaesunt
3079 3417 3551 3488 significationis.
3590 3443 3619 3470 »
3649 3425 3750 3488 τῆς

2101 3493 2209 3542 τῶν
2239 3484 2406 3562 ὄντων
2469 3484 2790 3562 δηλῴσξωξ-
2825 3485 3070 3562 superius
3123 3484 3209 3562 ἧς
3244 3488 3399 3562 ἐστὶν
3444 3484 3748 3562 ἑπιστήμή.

2106 3561 2329 3631 Duplex
2359 3577 2532 3632 porro
2557 3559 2895 3632 dialectica
2919 3561 2992 3614 ab
3022 3576 3089 3615 eo
3119 3561 3526 3632 distinguitur.
3559 3559 3756 3618 Prima

2105 3633 2165 3687 in
2200 3630 2372 3704 rebus
2402 3630 2748 3704 sophisticis
2763 3635 3052 3696 versatur,
3073 3653 3101 3680 ‹‹
3128 3630 3431 3704 etaliquid
3466 3633 3629 3703 dicit,
3661 3633 3753 3688 vel

2108 3703 2248 3758 facit
2277 3719 2505 3770 eorum,
2537 3719 2664 3772 quae
2694 3702 2995 3768 dicuntur,
3029 3708 3130 3756 aut
3179 3702 3329 3758 ﬁunt
3377 3705 3449 3760 ab
3497 3702 3754 3760 homini-

2110 3777 2221 3830 bus
2250 3774 2318 3840 ⁸⁸,
2352 3796 2379 3824 ››
2421 3779 2591 3842 atque
2624 3775 2743 3827 haec
2775 3773 2973 3844 procul
3006 3774 3323 3844 rejicienda
3352 3781 3462 3832 est.
3499 3776 3693 3831 Altera
3725 3793 3759 3832 a

2111 3848 2262 3901 bono
2291 3849 2348 3900 et
2372 3845 2675 3918 moderato
2699 3844 2818 3899 viro
2850 3846 3230 3915 acquirenda,
3278 3870 3307 3897 «
3343 3852 3409 3904 ut
3443 3847 3627 3918 possit
3673 3849 3758 3902 fa-

2111 3933 2239 3973 cere
2269 3921 2325 3971 et
2354 3916 2545 3971 dicere
2571 3932 2795 3990 eaquae
2818 3921 2939 3990 peo
2991 3924 3153 3988 grata
3202 3923 3361 3986 sunt,
3396 3916 3575 3990 idque
3621 3919 3760 3974 uni-

2113 4003 2348 4045 versum
2401 4005 2503 4056 pro
2534 3987 2779 4042 viribus.
2816 3987 3009 4042 Docet"
3046 3995 3242 4044 autem
3291 3987 3556 4046 Clemens
3607 3991 3760 4046 hanc

2113 4076 2252 4133 esse
2267 4059 2670 4133 prudentiam,
2699 4075 2828 4133 quae
2849 4075 2918 4114 ea
2939 4059 3168 4129 dividit,
3192 4078 3319 4131 quas
3352 4062 3762 4133 percipiuntur

2116 4129 2524 4201 intelligentia,
2558 4146 2682 4200 quae
2715 4131 2784 4184 ad
2816 4147 3012 4185 veram
3073 4129 3423 4202 sapientiam
3456 4129 3560 4188 nos
3589 4131 3760 4202 quasi

2117 4219 2294 4257 manu
2329 4202 2508 4268 ducit,
2543 4218 2672 4272 quae
2703 4202 2773 4256 ad
2809 4202 3134 4273 ipsummet
3161 4204 3342 4258 etiam
3373 4205 3558 4259 Deum
3583 4204 3762 4257 audet

2118 4272 2412 4345 progredi,
2445 4289 2588 4345 quae
2628 4272 2866 4327 tandem
2924 4273 3259 4345 divinorum
3317 4275 3760 4343 cmlestiumque

2119 4343 2423 4400 scientiam
2457 4343 2782 4414 profitetur.
2817 4347 3006 4413 Atque
3036 4343 3158 4399 haec
3187 4347 3383 4400 omnia
3413 4363 3482 4400 ex
3512 4346 3761 4413 septimo

2116 4415 2378 4470 Platonis
2408 4416 2482 4469 De
2513 4415 2795 4484 republica
2839 4414 2989 4469 libro
3020 4414 3249 4470 videtur
3280 4417 3550 4472 hausisse
3579 4417 3644 4470 ⁸⁷.
3676 4415 3761 4470 Ad

2117 4487 2236 4541 haec
2255 4501 2390 4540 vero
2413 4485 2740 4549 dialectica,
2766 4486 3266 4554 quemadmodum
3299 4487 3396 4542 ille
3427 4486 3567 4543 alibi
3599 4487 3680 4541 alt
3699 4487 3764 4555 9°,

2117 4575 2242 4628 quae
2262 4556 2560 4628 intellectu
2596 4561 2870 4627 percepta
2900 4557 3154 4623 fuerunt,
3181 4559 3308 4612 fuse
3323 4566 3377 4613 et
3401 4558 3768 4614 rationabili-

2118 4627 2228 4695 ter,
2251 4645 2316 4683 ac
2341 4645 2473 4682 cum
2507 4627 2791 4682 electione
2822 4633 2878 4682 et
2907 4644 3152 4683 assensu
3195 4629 3465 4700 explicat.
3497 4633 3632 4695 Quae
3663 4646 3771 4684 au-

2119 4707 2234 4755 tem
2258 4715 2388 4754 vere
2415 4700 2578 4773 dicta
2601 4706 2758 4764 sunt,
2791 4700 3120 4773 conﬁnmat,
3147 4699 3532 4773 dissolvitque
3552 4699 3772 4773 dubita-

2119 4774 2296 4827 tiones
2326 4775 2383 4826 et
2413 4770 2782 4842 sophismata
2817 4786 2830 4825 :
2884 4792 2920 4842 a
2954 4771 3052 4826 Est
3101 4771 3285 4842 enim,
3341 4770 3516 4828 sicuti
3575 4772 3772 4828 adhuc

2121 4842 2361 4914 scripsit
2380 4843 2446 4914 91,
2473 4841 2780 4898 dialectica
2807 4841 3196 4914 velutivallus
3225 4841 3490 4914 quidam,
3520 4861 3592 4900 ne
3621 4843 3775 4899 veri-

2121 4920 2213 4969 tas
2243 4913 2619 4986 conculcetur
2639 4931 2672 4986 a
2695 4913 3056 4986 sophisticis.
3080 4937 3108 4966 ι)
3144 4913 3355 4981 Quidni
3387 4915 3561 4971 vero?
3589 4931 3778 4986 quan-

2125 4985 2446 5056 doquidem
2483 5004 2504 5033 ι
2541 4983 2856 5052 dialectici,
2889 4985 3084 5056 inquit
3128 4986 3396 5043 Laertius
3420 4988 3485 5050 9',
3517 5004 3551 5041 a
3583 4983 3780 5042 disse-

2124 5057 2305 5130 rendo
2335 5056 2523 5111 vocati
2571 5061 2733 5130 sunt,
2770 5056 2826 5110 hi
2875 5057 3181 5126 nimirum,
3214 5059 3315 5130 qui
3363 5061 3679 5114 verborum
3710 5072 3778 5113 ac

2125 5129 2422 5183 rationum
2451 5128 2724 5184 acumine
2755 5134 3039 5199 pugnant.
3075 5150 3103 5179 ››

2197 5199 2588 5255 Arithmeticze
2623 5199 3195 5271 quoquegutilitatem
3247 5217 3315 5256 eo
3361 5201 3630 5256 Clemens
3663 5199 3779 5271 de-

2127 5276 2420 5328 monstrat
2441 5269 2670 5342 ”,quod
2689 5269 2990 5342 gnosticus
3003 5287 3106 5328 seu
3132 5269 3782 5344 perfectissimus,sicut

2114 5416 2159 5450 ⁷⁵
2190 5431 2247 5484 p.
2279 5415 2408 5486 655,
2433 5415 2561 5471 659.
2665 5415 2710 5449 ⁷⁸
2828 5414 2959 5469 694.
3061 5416 3106 5450 ⁷⁷
3139 5415 3178 5471 l.
3211 5432 3276 5479 11,
3304 5432 3360 5485 p.
3393 5415 3519 5483 339,
3551 5414 3782 5496 etlam,

2201 5487 2245 5521 so
2275 5485 2290 5521 1
2350 5504 2367 5521 τ
2424 5503 2459 5521 η
2511 5487 2618 5521 om
2771 5489 2786 5521 1
2818 5487 3007 5521 ριηηηη
3067 5485 3082 5521 1
3153 5503 3193 5521 η
3250 5503 3285 5521 η
3333 5487 3462 5521 901.
3538 5487 3584 5521 ss
3614 5486 3734 5521 ιιπιιι

2201 5487 2245 5522 ³ο
2275 5485 2315 5541 1.
2350 5485 2397 5552 1,
2424 5503 2478 5557 p.
2511 5487 2639 5542 289.
2743 5485 2786 5522 ⁸⁷
2818 5487 3031 5542 Strom.
3067 5485 3105 5540 l.
3153 5503 3216 5547 ιι.
3250 5503 3307 5558 p.
3333 5487 3462 5541 291·
3538 5487 3584 5521 ⁸³
3614 5485 3787 5557 ibid.,

2201 5574 2408 5613 'omm..
2435 5559 2572 5613 $18.
2668 5558 2712 5592 ⁸⁸
2736 5557 2775 5611 1.
2813 5574 2853 5613 1.
2887 5573 2941 5613 υ.
2976 5558 3100 5611 319.
3177 5558 3219 5592 ⁸⁷
3253 5574 3307 5613 n.
3340 5559 3469 5613 354.
3544 5557 3587 5592 ⁸⁸
3615 5556 3787 5613 ibid..

2764 5599 2775 5610 .
2813 5574 2853 5619 1,
2887 5573 2941 5626 p.
2976 5573 3100 5611 διν.
3177 5573 3216 5592 οι
3253 5574 3307 5629 p.
3340 5573 3469 5613 una.
3544 5573 3788 5628 "1010.,

2772 5631 2786 5664 ι
2830 5628 3001 5700 ibid.,
3032 5644 3088 5700 p.
3121 5628 3247 5684 655.
3347 5631 3392 5666 θ²
3424 5631 3483 5686 in
3515 5629 3791 5701 Promm.,

3426 5821 3506 5879 44
