4152 6188
321 215 462 271 1437

1477 216 1575 269 DE
1611 214 1800 269 ALIIS
1833 216 2050 270 CLEM.
2092 217 2306 270 ALEX.
2346 217 2557 271 OPER.

3594 217 3736 273 1438

1113 406 2208 543 DlSSEBTATIO
2330 411 2924 543 TERTIA

320 672 414 729 De
442 672 592 728 aliis
651 670 986 729 Clementis
1041 669 1478 727 Alexandrini
1508 668 1825 744 Operibus,

1910 671 2039 725 sive
2085 671 2408 735 veris,sive
2461 670 2870 744 falsis,editis
2928 678 2988 727 et
3063 671 3344 740 ineditis,
3406 690 3480 732 ac
3539 672 3617 730 de
3655 675 3736 729 iis

487 769 624 829 qua
647 753 754 811 ille
779 755 1176 827 scripturum
1200 768 1262 808 se
1291 768 1416 808 esse
1437 753 1846 826 promiserat,
1879 755 1940 804 et
1965 747 2045 805 de
2071 752 2272 807 variis
2298 748 2733 828 chronologiis
2777 749 2855 809 ab
2913 752 3027 811 illo
3070 758 3562 828 repraesentatis.

1561 1113 1946 1209 CAPUT
2014 1115 2508 1212 PRIMUM

1252 1381 1339 1439 De
1370 1377 1533 1440 libro
1563 1379 1672 1458 qui
1700 1384 1960 1442 octavus
1989 1378 2383 1438 Stromatum
2414 1376 2800 1439 inscribitur.

1991 1590 2064 1604 —

806 1716 961 1772 333
998 1715 1400 1772 ARTICULUS
1447 1716 1491 1772 I.

838 1815 1098 1887 Analysis
1131 1815 1297 1887 hujus
1329 1815 1481 1870 libri.

405 1932 628 1984 Auctor
655 1929 845 2000 hujus
873 1929 1009 1985 libri
1043 1931 1422 1986 manifestum
1452 1930 1730 1986 omnibus
1762 1929 1899 1985 facit
1941 1930 1986 1966 ³⁵

332 2001 1987 2073 antiquissimosphilosOpbos,quemadmodumChristia-

329 2088 468 2144 nos,
493 2089 684 2127 veram
726 2073 1162 2144 philosophiam
1188 2076 1546 2144 proﬁtentes,
1570 2075 1642 2127 ab
1667 2075 1825 2128 omni
1850 2089 1983 2127 con-

325 2143 588 2199 tentione
616 2151 672 2198 et
705 2143 1096 2217 dubitatione,
1129 2143 1247 2198 sive
1284 2161 1339 2217 Aa
1367 2144 1639 2217 Alitigiosi
1692 2161 1758 2199 ac
1818 2145 1982 2217 dubii

327 2215 968 2286 semperqueaucipitis
990 2217 1171 2270 animi
1196 2215 1334 2270 vitio
1359 2214 1542 2271 fuisse
1572 2231 1815 2286 prorsus
1838 2214 1983 2270 alie-

324 2301 454 2341 nos.
489 2288 706 2341 Contra
744 2302 878 2341 vero
909 2287 1202 2357 juniores,
1222 2288 1304 2340 uti
1331 2287 1426 2341 ille
1449 2288 1532 2342 ait
1552 2286 1616 2350 ’3,
1646 2286 1981 2357 phiIOSOphi

324 2373 476 2411 vana
505 2357 700 2429 laudis
721 2359 1050 2429 recpiditate
1086 2357 1331 2429 inducti,
1395 2358 1466 2412 ad
1502 2357 1739 2412 inutiles
1790 2374 1981 2429 nugas

324 2431 449 2499 tam
480 2428 626 2484 alios
659 2428 910 2484 fallendo
940 2445 1113 2499 quam
1159 2427 1536 2498 digladiando
1591 2427 1986 2488 feruntur.‘At

331 2498 674 2565 Christiani,
709 2503 927 2568 rejecta
948 2498 1108 2555 Omni
1143 2501 1536 2567 contentione,
1564 2501 1872 2554 veritatem
1916 2516 1985 2554 ex

333 2574 520 2625 sacris
551 2572 891 2643 scripturis,
953 2571 1369 2642 interrogando
1428 2578 1486 2626 et
1545 2572 1981 2643 respondendo,

332 2647 573 2713 propter
604 2642 918 2697 honestum
951 2643 1129 2696 ﬁnem
1160 2651 1509 2712 quaerentes,
1544 2642 1659 2698 non
1690 2659 1821 2698 eam
1855 2648 1982 2698 tan-

333 2715 663 2778 tummodo,
697 2715 794 2768 sed
829 2718 886 2768 et
911 2713 1220 2768 scientiam
1254 2721 1720 2784 consequuntur.

406 2785 557 2838 Tum
591 2786 803 2839 deinde
833 2791 1037 2838 auctor
1068 2792 1269 2840 noster
1292 2787 1492 2854 paucis
1549 2785 1820 2854 explicat,
1870 2801 1987 2854 qua

343 2857 574 2910 ratione
605 2862 662 2910 et
689 2856 964 2911 methodo
995 2857 1064 2911 ad
1101 2872 1294 2910 veram
1328 2857 1478 2925 ejus,
1503 2859 1656 2925 quod
1682 2857 1988 2926 quaaritur,

340 2926 909 2982 demonstrationem
942 2927 1243 2996 pervenire
1275 2929 1595 2997 possimus.
1649 2929 1841 2982 Primo
1887 2927 1996 2980 ita-

344 3012 455 3078 que
485 3000 658 3078 scire,
691 2999 886 3068 inquit
914 2998 1030 3064 ille,
1057 2999 1756 3078 debemusquidnomeu
1789 3002 1845 3078 et
1865 3014 1992 3078 οξε-

2007 1713 2062 1780 Α
2103 1715 2272 1772 ritate
2303 1733 2436 1773 esse
2469 1717 2680 1772 debere
2730 1733 2956 1784 curam,
3018 1715 3261 1772 minime
3316 1733 3448 1772 vero
3506 1714 3578 1769 de
3635 1731 3736 1769 no-

2097 1791 2379 1852 minibus.
2416 1789 2596 1844 Veras
2652 1798 2850 1844 autem
2908 1789 3082 1845 debet
3139 1804 3372 1857 semper
3430 1801 3735 1842 assumere

2094 1860 2578 1940 propositiones,“
2605 1866 2663 1940 et
2717 1866 3173 1940 consequentem
3206 1856 3284 1914 ex,
3305 1859 3376 1940 iis
3407 1856 3734 1940 conclusio-

2094 1929 2228 1994 nem
2258 1933 2490 1987 elicere.
2540 1932 2827 1987 Caeterum
2889 1929 3024 1986 ante
3083 1931 3163 1994 id,
3219 1931 3372 2001 quod
3433 1929 3736 2001 quaeritur,

2094 2015 2185 2066 est
2216 2003 2439 2073 aliquid
2475 2003 2659 2071 prius,
2695 2002 2996 2073 quodsiue
3031 2003 3148 2056 ulla
3178 2003 3438 2056 creditur
3494 2002 3741 2055 demon-

2094 2072 2403 2138 stratione,
2436 2079 2494 2127 et
2526 2073 2661 2127 inde
2694 2075 2763 2128 ad
2783 2072 3029 2128 aliorum
3056 2073 3506 2144 inquisitionem
3538 2087 3740 2144 proce-

2093 2149 2356 2208 dendum
2391 2153 2500 2198 est.

2165 2224 2355 2288 Atque
2387 2222 2452 2269 ut
2482 2214 2554 2269 ab
2585 2214 2864 2288 omnibus
2897 2213 3115 2268 clarius
3163 2213 3549 2288 intelligatur_
3586 2229 3733 2282 quo-

2095 2283 2276 2347 modo
2292 2287 2671 2342 observandae
2692 2286 2813 2340 sint
2837 2286 2922 2339 hae
2941 2302 3145 2340 omnes
3168 2283 3737 2340 demonstrationum

2096 2361 2464 2434 regulis,_eas
2522 2361 2727 2434 auctor
2785 2364 3006 2434 uoster_
3047 2357 3117 2410 ad
3171 2355 3320 2409 hanc
3384 2355 3736 2434 propositiof

2096 2424 2268 2490 ne‘m:
2303 2424 2564 2484 «Utrum
2625 2429 2796 2494 fetus,
2849 2429 2947 2497 qui
2994 2427 3053 2481 in
3115 2434 3280 2481 utero
3339 2430 3625 2497 gestetur,
3659 2424 3738 2497 sit

2096 2501 2342 2566 animal,
2377 2523 2403 2548 ››
2435 2495 2956 2570 demonstrandam
2990 2495 3613 2570 singulatimﬁadhibet
3668 2495 3734 2570 δέ.

2095 2580 2165 2634 Et
2204 2577 2261 2629 id
2323 2571 2557 2642 quidem
2616 2569 2714 2624 ille
2773 2577 2906 2642 post
2962 2567 3114 2624 fuse'
3147 2575 3494 2641 prosecutus
3525 2571 3637 2642 est
3666 2567 3735 2634 3',

2095 2649 2233 2704 inde
2263 2639 2559 2699 concludit
2587 2639 3164 2697 demonstrationem
3205 2655 3334 2694 esse
3391 2639 3736 2702 orationem,

2097 2737 2225 2791 quae
2257 2732 2444 2791 unum
2481 2715 2685 2791 probat
2715 2730 2783 2767 ex
2814 2713 2966 2775 aliis,
2994 2729 3252 2791 quorum
3289 2711 3638 2791 principium
3666 2709 3738 2761 il-

2095 2781 2197 2846 l'ud
2234 2781 2494 2858 ponitur,
2530 2784 2686 2854 quod
2720 2800 2897 2858 sensu
2953 2781 3034 2858 eti
3068 2782 3458 2858 intelligentia
3484 2781 3742 2836 evidens

2106 2868 2215 2918 est.
2236 2855 2330 2913 Ex
2363 2857 2454 2909 bis
2486 2872 2721 2925 quoque
2745 2857 2935 2926 prima
2964 2855 3393 2926 demonstratio
3418 2855 3504 2916 fit,
3564 2857 3742 2926 atque

2107 2933 2232 2988 alias
2264 2923 2560 2997 deinceps,
2593 2923 2721 2995 quae
2745 2923 2960 2998 'prima
3015 2925 3440 2981 demonstratio
3489 2923 3743 2994 amplius

2107 3003 2222 3058 dici
2259 3017 2370 3055 non
2410 3004 2677 3069 possunt.

336 3064 441 3135 tio,
469 3086 571 3150 seu
604 3070 676 3124 de
705 3064 1122 3150 re'qumrenda
1139 3064 1467 3150 propositio
1499 3070 1851 3150 significent.
1885 3068 1984 3150 Se:
2017 3081 2062 3145 Β
2169 3064 2486 3150 Postquam
2510 3075 2716 3150 autem
2748 3067 2795 3101 ³³
2839 3065 2936 3150 ille
2983 3067 3131 3150 dixit
3186 3083 3302 3150 non
3363 3065 3532 3137 plura
3563 3064 3741 3120 unius

340 3141 532 3196 cnndo
566 3143 945 3212 quaerendum
980 3157 1052 3194 au
1089 3141 1234 3195 illud
1263 3140 1494 3194 revera
1523 3141 1788 3207 exsistat,
1822 3140 1976 3212 quod

334 3211 720 3266 sermoneseu
755 3213 1153 3284 propositione
1181 3213 1543 3266 enuntiatur.
1589 3212 1783 3266 Tertio
1816 3212 1859 3244 ³⁷
1884 3211 1976 3284 in-

335 3282 974 3354 vestigandum'qualis
1004 3284 1084 3337 sit
1111 3285 1242 3353 ejus
1275 3289 1502 3346 uatura,
1520 3288 1591 3354 et
1625 3289 1820 3354 utrum
1871 3283 1976 3354 da-

342 3361 465 3408 tum
495 3353 734 3425 Superat
756 3353 1048 3408 ordinem.
1080 3355 1138 3408 Si
1186 3361 1384 3409 autem
1435 3353 1598 3409 nulla
1641 3358 1720 3408 sit
1767 3353 1838 3408 de
1887 3353 1977 3407 bis

339 3427 755 3488 controversia,
801 3426 901 3480 sed
962 3426 1256 3480 unanimis
1314 3425 1579 3480 omnium
1628 3441 1976 3488 consensus,

332 3494 477 3550 illud
510 3497 788 3552 constitui
814 3497 984 3550 debet
1040 3496 1320 3550 doctrinas
1376 3496 1753 3567 principium.
1814 3495 1976 3558 Quod

340 3569 579 3638 quidem
613 3568 710 3622 ille
738 3567 1034 3638 proposito
1066 3567 1210 3622 solis
1266 3566 1531 3639 exemplo
1592 3566 1824 3638 planius
1875 3568 1974 3622 de-

338 3648 672 3694 monstrare
703 3644 967 3693 conatur.

405 3712 714 3782 Duplicem
745 3725 879 3763 vero
908 3709 1052 3782 dicit
1080 3724 1210 3782 esse
1237 3709 1391 3764 sicut
1440 3709 1637 3775 ﬁdem,
1694 3708 1980 3778 cognitio-

335 3779 599 3845 nem,’ac
632 3781 1083 3850 praescientiam,
1139 3779 1224 3834 ita
1281 3786 1338 3835 ct
1394 3781 1975 3836 demonstrationem.

332 3851 465 3910 Una
498 3853 792 3924 siquidem
822 3857 1055 3906 tantum
1085 3857 1176 3924 est
1205 3868 1274 3924 ex
1307 3868 1410 3921 spe
1440 3859 1496 3906 et
1526 3852 1802 3924 opinione
1835 3869 1849 3914 ;
1893 3853 1978 3924 al-

331 3937 455 3984 tera
486 3921 620 3978 vero
652 3941 722 3978 ex
751 3924 996 3978 scientia
1028 3922 1283 3991 profluit.
1318 3930 1491 3988 atque
1526 3921 1743 3976 idcirco
1795 3921 1978 3976 stabi-

334 4001 410 4056 lis
439 4001 548 4061 est,
585 3995 754 4049 firma
784 4011 851 4048 ac
883 3993 1114 4064 proprie
1147 3995 1304 4047 dicta
1326 3995 1772 4047 demonstratio.
1833 3995 1976 4046 Cum

335 4075 531 4126 autem
564 4066 843 4121 iudicatio
872 4071 929 4119 et
955 4064 1335 4135 syllogismus
1367 4064 1473 4119 hoc
1504 4064 1658 4118 inter
1715 4080 1778 4117 se
1809 4064 1974 4116 diile-

336 4146 471 4197 rant
486 4138 713 4208 ",quod
733 4137 1010 4191 iudicatio
1027 4151 1209 4190 unum
1250 4136 1660 4208 tantummodo
1715 4135 1974 4208 denotet,

334 4205 716 4285 syllogismus
740 4224 871 4285 vero
893 4224 961 4261 ex
983 4208 1214 4285 dnabus
1237 4206 1551 4285 praemissis
1576 4205 1980 4285 propositioni-

336 4276 449 4340 b'us
481 4276 715 4335 tertiam
751 4279 984 4341 inferat,
1018 4277 1152 4332 hinc
1184 4293 1326 4332 sane
1359 4278 1442 4340 fit,
1477 4283 1542 4331 ut
1567 4276 1899 4331 sibaacertze
1923 4282 1979 4330 et

333 4371 480 4410 veras
512 4352 750 4414 fuerint,
781 4355 922 4403 tunc
951 4349 1030 4402 sit
1085 4349 1509 4404 demonstratio
1545 4365 1556 4402 :
1620 4364 1789 4402 secus
1847 4364 1977 4401 vero

338 4421 708 4482 ratiocinatio
740 4421 1028 4475 duntaxat
1056 4421 1189 4474 erit.

413 4497 562 4560 Quia
592 4500 787 4547 tamen
821 4491 1153 4563 philosophi
1177 4491 1527 4560 profitentur
1549 4505 1678 4563 esse
1718 4490 1987 4563 quaedam

341 4559 652 4640 principia,
685 4559 1243 4640 quaa'nonpossuut
1273 4559 1851 4640 deiuonstrari,.inde
1884 4576 1987 4640 au:

339 4631 465 4694 ctor
495 4631 1020 4692 noster—concludit
1049 4649 1283 4687 omnem
1317 4632 1879 4687 demonstrationem
1917 4631 1987 4684 ad

343 4710 706 4777 ﬁdem,quaa
761 4705 1155 4777 demonstrari
1216 4704 1442 4777 nequit,
1503 4719 1732 4777 reapse
1766 4703 1986 4777 reduci.

343 4782 453 4836 Sed
505 4774 652 4851 post
693 4777 815 4830 haec
855 4776 970 4831 alia
1019 4780 1178 4838 sunt,
1237 4776 1319 4829 ait
1377 4775 1497 4839 ille,
1551 4774 1836 4851 principia
1892 4774 1991 4851 de-

341 4845 864 4911 monstrationum,
927 4863 1056 4917 quas
1113 4862 1183 4900 ex
1248 4863 1427 4902 sensu
1486 4845 1561 4900 et
1599 4845 1993 4916 intelligentia

341 4923 647 4978 evidenter
702 4923 1040 4989 apparent.
1089 4918 1374 4981 Quocirca
1431 4917 1479 4970 si
1510 4933 1636 4986 quae
1708 4917 1895 4971 oratio
1926 4933 1994 4970 ex

340 4994 440 5059 iis,
472 4988 1131 5065 quasunt’credibilia,
1168 4989 1353 5065 possit
1397 5003 1485 5065 ea,
1545 5005 1680 5065 quae
1730 4990 1989 5065 nondum

341 5056 866 5135 suntprobabilia,
902 5065 1055 5135 recte
1085 5056 1352 5135 prebare,
1415 5056 1576 5135 hanc
1627 5057 1826 5135 esset
1857 5056 1991 5110 ἁπο-

343 5131 583 5204 δείξεώς,
646 5157 666 5182 α
703 5132 1026 5204 θεεθηιὶοω
1076 5131 1655 5204 demonstrationis»
1716 5131 1992 5204 dicimus,

341 5203 590 5273 Quando
620 5221 754 5259 vero
786 5220 854 5258 ex
885 5203 958 5258 iis
989 5203 1202 5272 ",quze
1221 5203 1809 5273 demonstratasunt,
1831 5203 1902 5256 ad
1926 5218 1994 5256 ea

344 5272 474 5350 quin
495 5294 608 5350 per
629 5293 690 5332 se
723 5273 1199 5350 suntcredibilia
1255 5279 1432 5350 atque
1474 5272 1880 5350 intelligentia
1935 5279 1992 5350 et

341 5343 522 5407 sensu
556 5348 730 5420 plane
754 5345 1047 5401 evidentia
1067 5347 1609 5409 recurrimus,tuno
1634 5344 1687 5397 id
1712 5343 1990 5398 resolutio

339 5429 608 5478 vocatur.

410 5495 492 5549 Ex
520 5492 739 5562 quibus
771 5489 975 5562 auctor
1006 5502 1212 5562 rursus
1243 5485 1464 5562 colligit
1496 5485 1571 5550 ei,
1605 5485 1706 5562 qui
1764 5483 1989 5556 aliquid

341 5555 748 5621 demonstrare
776 5557 924 5628 vult,
960 5557 1276 5613 maximam
1307 5555 1988 5628 de’propositionum’ve-

2093 3149 2349 3218 generis,
2365 3142 2464 3218 sed
2490 3141 2858 3218 dive_rsor_um
2873 3141 3291 3218 tantummndn
3305 3152 3589 3218 generum
3614 3151 3744 3191 esse

2093 3209 2406 3288 principia,
2432 3217 2570 3266 tunc
2608 3209 3079 3288 Pyrrhonioru_m_
3109 3209 3323 3288 refellit
3380 3209 3738 3288 opinionem,

2090 3279 2210 3358 qua
2242 3279 2315 3340 ab
2335 3285 2419 3338 eis
2441 3279 2666 3358 statuta
2687 3288 2812 3336 erat
2832 3279 3013 3358 ἐποχῇ
3029 3282 3122 3358 ,_id
3156 3286 3247 3335 est
3271 3279 3635 3335 assensionis
3659 3295 3745 3358 re:

2089 3350 2300 3421 t'eutio,
2325 3371 2426 3410 seu
2458 3353 2555 3408 ille
2585 3370 2766 3415 error,
2798 3369 2914 3422 quo
2939 3350 3085 3407 nihil
3116 3369 3361 3424 prorsus
3384 3350 3739 3424 cerlnm,sed

2089 3429 2292 3486 omnia
2312 3443 2441 3480 esse
2471 3425 2652 3479 dubia
2672 3432 2728 3478 et
2751 3424 2974 3478 incerta
3000 3422 3465 3478 somniaverant.
3501 3422 3744 3476 Fatetur

2088 3501 2415 3556 nihilonius
2449 3511 2874 3565 nonnunquam
2908 3496 3316 3550 assensionem
3381 3494 3593 3548 merito
3644 3508 3742 3565 re-

2087 3572 2286 3633 tineri,
2319 3576 2424 3624 aut
2453 3574 2688 3638 propter
2721 3564 2936 3638 mentis
2967 3565 3458 3638 imbecillitatem,
3507 3568 3608 3638 ant
3629 3564 3734 3617 ob-

2087 3643 2429 3698 scuritatem
2455 3634 2774 3708 ipsiusmet
2830 3636 2933 3700 rei,
2993 3642 3094 3690 aut
3153 3637 3311 3708 paris
3369 3634 3736 3708 aequalisque

2089 3713 2316 3769 roboris
2348 3704 2712 3779 argumenta.
2747 3708 3030 3778 Atqueibi
3055 3709 3113 3762 in
3137 3704 3735 3779 Graeco-Latinisglef

2090 3775 2487 3840 mentinorum
2515 3775 3149 3852 Operumeditiouibus
3177 3781 3366 3850 prima
3393 3778 3575 3846 hujus
3599 3775 3734 3830 libri

2089 3873 2228 3928 pars
2259 3854 2502 3908 desinit.

2162 3929 2224 3980 ln
2261 3931 2421 3992 parte
2452 3939 2492 3977 ιι
2524 3927 2728 3976 auctor
2748 3921 2989 3991 exponit
3017 3922 3064 3956 ³³
3094 3921 3235 3992 quid
3269 3924 3406 3976 ante
3436 3917 3742 3992 definitio:

2089 4015 2214 4061 nes,
2252 3988 2624 4054 divisionem,
2640 3988 3178 4048 demonstrationes
3201 3993 3323 4046 ﬁeri
3349 3993 3579 4054 debeat,
3601 3988 3742 4059 quid

2088 4071 2160 4124 ad
2196 4068 2326 4121 illas
2358 4068 2618 4120 conterat
2645 4064 2930 4126 inductio,
2978 4065 3274 4133 quomodo
3335 4080 3402 4116 ex
3459 4061 3745 4133 divisione

2088 4141 2190 4194 fiat
2221 4137 2510 4196 deﬁnitio.
2543 4152 2609 4189 ac
2635 4152 2734 4205 per
2766 4132 3171 4190 inductionem
3230 4151 3302 4188 ex
3333 4132 3741 4205 singularibus

2089 4210 2423 4265 universale
2457 4201 2794 4276 colligatur.
2827 4206 3048 4261 Dehinc
3107 4205 3208 4259 ille
3267 4201 3543 4276 patefacit
3598 4201 3740 4276 quid

2089 4282 2377 4343 inductio,
2438 4273 2671 4341 divisio,
2719 4276 3141 4332 demonstratio
3191 4281 3246 4330 et
3294 4274 3555 4328 deﬁnitio
3613 4273 3739 4325 effi-

2090 4355 2266 4408 ciant.
2301 4350 2589 4415 Quoniam
2618 4353 2813 4402 autem
2849 4349 3099 4402 scientia
3129 4351 3237 4410 est,
3271 4362 3405 4398 cum
3441 4346 3517 4397 rei
3562 4357 3741 4395 causa

2020 4424 2489 4513 ccognoscitur,
2523 4421 2743 4502 idcirco
2794 4417 3236 4513 quadruplinpein
3296 4416 3555 4513 ostendit
3613 4428 3743 4513 esse

2099 4486 2363 4557 causam,
2400 4491 2683 4546 nimirum
2711 4486 3040 4555 materiam,
3069 4487 3443 4554 efficientem,
3470 4486 3743 4551 formam,

2102 4572 2158 4621 et
2191 4565 2388 4620 ﬁnem.

2170 4639 2488 4704 Assumpto
2519 4631 2772 4704 subinde
2799 4631 2844 4664 ³⁸
2868 4628 3125 4704 hominis
3145 4625 3446 4704 _exemplo,
3507 4625 3746 4704 planum

2102 4707 2201 4762 ille
2232 4707 2372 4761 facit
2393 4695 2801 4759 definitionem
2837 4717 2905 4755 ex
2936 4701 3016 4754 rei
3046 4699 3237 4770 ipsius
3267 4695 3522 4770 genere,‘
3551 4702 3607 4751 et
3662 4695 3747 4749 ul—

2101 4778 2246 4833 tima
2277 4777 2436 4831 illius
2465 4773 2796 4828 diﬂ‘ereutia
2833 4769 3136 4826 constitUi.
3198 4769 3555 4825 Divisiouem
3613 4781 3747 4820 vero

2102 4850 2147 4885 ³⁵
2177 4865 2306 4905 esse
2335 4846 2652 4916 triplicem,
2683 4843 2914 4919 generis
2941 4843 3000 4896 in
3032 4841 3278 4919 species,
3310 4841 3493 4919 totius
3520 4841 3582 4919 in
3613 4855 3748 4919 par-

2103 4925 2214 4984 tes,
2248 4937 2314 4975 ac
2345 4912 2582 4972 tandem
2617 4912 2709 4971 rei
2756 4914 3069 4984 ipsiusmet
3123 4913 3182 4966 in
3238 4930 3345 4967 sua
3377 4912 3701 4984 accidentia
3732 4926 3744 4973 ;

2105 4981 2210 5047 sed
2242 4991 2492 5062 primam
2529 4992 2757 5041 tantum
2782 4981 2922 5039 esse
2943 4984 3188 5062 proprie
3234 4985 3452 5062 dictam
3507 4981 3748 5062 divisio-

2103 5051 2262 5118 nem:
2296 5062 2576 5124 Quamvis
2608 5063 2806 5112 autem
2837 5051 3006 5110 varia:
3039 5057 3160 5110 int
3189 5054 3436 5126 species,
3479 5060 3583 5126 aut
3615 5051 3743 5122 plu-

2106 5135 2271 5189 ribus
2303 5145 2668 5197 communes,
2702 5136 2803 5183 aut
2827 5129 2983 5182 334
3013 5125 3372 5197 quibusdam
3405 5125 3594 5192 magis
3622 5138 3750 5191 pro-

2104 5205 2263 5277 prias;
2296 5217 2662 5273 unaquaeque
2690 5206 2884 5277 tamen
2920 5197 3001 5254 rei
3025 5199 3328 5277 constituit
3349 5198 3746 5277 characterem

2104 5266 2160 5331 et
2185 5266 2478 5338 naturam,
2512 5266 2634 5338 aut,
2661 5275 2725 5326 ut
2754 5271 2944 5337 aiunt,
2976 5271 3315 5326 essentiam.
3357 5266 3746 5338 Quamobrem

2147 5348 2202 5402 ui
2239 5335 2491 5414 alicujus
2524 5335 2630 5399 rei,
2659 5343 2835 5397 habet
2882 5335 3214 5404 scientiam,
3275 5338 3452 5414 illius.
3495 5335 3664 5414 dabit
3692 5339 3750 5388 et

2147 5365 2202 5402 111
2239 5365 2491 5414 ᾶιιοιῃυε
2524 5365 2605 5399 Γθι
2659 5365 2835 5397 (lauet.
2882 5365 3214 5404 Βῦιϐῐηιιιω,
3276 5365 3433 5392 unus
3495 5365 3664 5388 υιιυιιι
3692 5365 3746 5388 ou

2103 5365 2506 5474 definitionem
2537 5433 2575 5490 :_
2603 5415 2726 5469 vice
2776 5430 2908 5476 vero
2955 5429 3142 5476 versa,
3194 5409 3296 5490 qni
3343 5405 3746 5490 deﬁnitionem

2104 5491 2186 5546 rei
2217 5489 2530 5561 cujusdam
2561 5487 2816 5561 ignorat,
2849 5499 3156 5561 nunquam
3215 5479 3376 5561 iliius
3436 5479 3745 5561 scientiam

2107 5545 2365 5619 habebit.
2397 5563 2471 5616 At
2498 5559 2559 5613 iu
2584 5545 3037 5613 definitionibus
3079 5549 3398 5622 singularis
3428 5545 3748 5618 cujuslibet

410 5688 456 5722 "
478 5690 689 5742 Strom.
727 5683 929 5756 Livm,
955 5697 1011 5752 p.
1288 5697 1343 5752 p.
1535 5681 1579 5715 ²⁷
1611 5697 1667 5752 p.
1698 5677 1826 5736 770.
1857 5680 1900 5716 ³⁸
1932 5698 1987 5754 p.
2021 5683 2146 5740 771.
2223 5686 2267 5720 ³ο
2299 5703 2353 5756 p.
2386 5682 2564 5736 '772.’0
2595 5697 2651 5750 p.
2681 5679 2790 5733 773
2817 5680 2874 5732 et
2903 5692 3027 5747 seq.
3103 5674 3148 5711 πί
3183 5690 3240 5745 p.
3262 5673 3388 5729 775.
3465 5671 3511 5707 ³³
3543 5689 3600 5744 p.
3631 5670 3740 5724 776

341 5763 399 5815 et
425 5775 543 5830 seq.
579 5757 624 5792 ⁸³
649 5774 704 5828 p.
735 5753 862 5808 778.
891 5754 937 5788 3‘
968 5770 1025 5825 p.
1057 5752 1182 5805 779.
1215 5752 1260 5786 ³⁸
1292 5769 1346 5824 p.
1376 5752 1503 5806 780.
