4152 6188
398 182 537 240 1443

1072 181 1146 233 IN
1183 179 1632 235 CLEMENTEM
1671 181 1880 234 ALEX.
1920 183 1986 233 Ι).
2028 180 2118 233 LE
2158 179 2454 234 NOURRY
2492 176 2966 234 DIBSERTATIO
2999 180 3099 230 Ill.

3678 171 3829 232 1444

399 308 737 372 obsecutus,
773 319 884 359 non
918 303 1240 372 redarguit,
1274 302 1376 356 sed
1410 302 1548 358 colit
1587 321 1621 358 a
1679 302 1890 374 diligit.
1940 301 2050 356 Ve-
2082 305 2136 370 Α
2167 306 2315 357 trem
2343 301 2530 374 magis
2562 299 3072 374 quamichristum
3096 314 3213 354 non
3242 298 3428 366 timet,
3469 314 3580 354 nec
3638 298 3729 374 illi
3757 298 3822 354 in

405 383 738 434 rumtamen
767 390 901 429 eum
931 374 1122 428 adhuc
1169 375 1567 443 imperfectum
1617 391 1745 429 esse
1795 390 2053 444 pronun-

409 451 547 517 tiat;
583 453 784 516 utpote
815 447 917 516 qui
949 453 1176 517 aeterna:
1201 448 1328 517 vitis
1361 447 1519 500 curis
1563 446 1776 500 fuisset
1805 446 2055 512 otiosus,

404 527 580 591 atque
611 519 680 574 ad
711 518 857 591 legis
890 516 1152 591 Mosaicae
1176 516 1612 591 plenitudinem
1647 522 1706 571 et
1748 517 2055 591 perfectio-

408 587 565 655 nein,
600 587 883 644 nimirum
915 587 1130 642 Christi
1155 589 1355 649 fidem,
1380 590 1642 642 nondum
1673 588 2050 656 pervenisset.

405 664 761 732 Quapropter
796 659 1062 732 Christus
1093 660 1146 732 ei
1179 661 1521 729 respondit:
1566 681 1592 707 ‹‹
1628 659 1686 713 Si
1718 661 1804 714 vis
1863 661 2052 728 perfe-

408 731 545 788 ctus
571 731 720 796 esse,
755 754 782 780 ››
823 731 879 784 id
910 738 1021 796 est,
1055 731 1103 784 si
1137 735 1196 783 tu
1230 732 1354 799 qui,
1396 732 1552 784 sicut
1599 735 1804 785 auctor
1859 739 2057 784 noster

408 807 671 874 loquitur
698 804 764 866 ⁸ο,
795 801 1112 874 voluntatis
1143 802 1385 855 arbitrio
1415 801 1692 871 praeditus
1718 819 1780 857 es
1804 803 2052 866 sincero,

410 873 649 944 totoque
678 874 849 928 corde
880 873 1018 926 Veiis
1048 889 1176 927 esse
1211 875 1517 943 perfectus,
1566 874 1717 927 hanc
1775 888 2057 943 asseque-

415 948 493 1002 ris
527 945 963 1018 perfectionem.
999 944 1370 1018 Sedquiaid
1403 952 1523 1018 toto
1552 946 1752 1018 animo
1786 962 1898 998 non
1957 961 2056 1018 vo-

411 1015 588 1081 lebat,
622 1017 840 1070 auditis
871 1015 1255 1084 sequentibus
1284 1016 1497 1071 Christi
1518 1017 1714 1071 verbis
1741 1033 1753 1069 :
1810 1036 1833 1063 ι
1876 1017 2057 1081 Vade,

412 1090 597 1144 vende
628 1104 754 1158 quas
791 1087 989 1149 habes,
1027 1108 1054 1135 ››
1091 1087 1276 1140 tristis
1307 1087 1471 1140 abiit.

482 1163 554 1214 At
582 1155 664 1213 ibi
693 1160 736 1192 δι
772 1164 973 1212 auctor
997 1162 1194 1211 uoster
1242 1159 1500 1212 ostendit
1527 1174 1595 1212 ea
1642 1174 1758 1212 non
1820 1155 2057 1210 litterali

411 1247 589 1286 sensu
614 1235 671 1284 et
694 1230 863 1284 obvio
895 1230 1140 1296 intelligi
1163 1229 1391 1292 debere,
1427 1230 1508 1283 ita
1541 1234 1603 1282 ut
1636 1230 1728 1282 his
1759 1228 2057 1298 significe-

412 1310 508 1357 tur
537 1302 749 1356 divites
783 1304 963 1354 teneri
987 1301 1266 1353 omnibus
1291 1300 1458 1354 bonis
1476 1300 1936 1367 suis,opibus,ac
1953 1315 2056 1366 pa-

411 1372 1110 1438 trimonie,quemadmod
1123 1375 1614 1440 umAnaxagoras,
1627 1370 1989 1424 Democritus
2003 1374 2060 1424 et

412 1445 630 1514 Crates,
664 1443 750 1498 vel
778 1460 839 1497 se
862 1441 1156 1504 abdicare,
1189 1442 1274 1495 vel
1307 1459 1374 1496 ea
1404 1449 1507 1495 aut
1537 1442 1684 1507 suis,
1713 1447 1818 1514 aut
1868 1441 2057 1514 primo

413 1512 734 1586 occupanti
755 1513 1085 1583 relinquere
1111 1530 1123 1572 :
1153 1514 1257 1586 sed
1290 1518 1518 1566 tantum
1556 1513 1810 1586 praecipi,
1866 1515 1928 1566 ut
1974 1512 2057 1586 ef-

413 1583 594 1642 frenis
624 1585 938 1651 divitarum
973 1585 1261 1654 cupiditas
1290 1590 1347 1638 et
1372 1586 1627 1638 avaritize
1691 1583 1853 1636 labes
1899 1583 2055 1636 radi-

413 1660 566 1713 citus
595 1656 884 1712 avellatur
939 1655 1020 1706 ⁶²ε
1074 1655 1526 1725 θῑιιυθνθεθοὶει,
1585 1655 1946 1725 pauperibus
2001 1658 2058 1725 et

417 1729 820 1799 indigentibus
868 1741 1036 1799 opem
1093 1723 1365 1799 ferendo,
1414 1723 1850 1799 beneiOpibus.
1910 1723 2056 1799 divi-

416 1801 515 1854 tiis
546 1795 931 1866 'caeterisque
1013 1795 1186 1850 bonis
1230 1799 1366 1850 suis
1413 1796 1735 1866 locupletes
1800 1795 2068 1851 homines

415 1879 682 1994 “armis
714 1936 932 1991 etenim
957 1934 1053 1989 ille
1085 1935 1222 1990 facit
1250 1936 1295 1970 ⁶³
1324 1936 1557 1992 divitias
1591 1953 1704 1992 non
1737 1953 1801 1991 ex
1833 1935 2069 2007 seipsis,

413 2011 514 2065 sed
574 2025 643 2064 ex
703 2023 901 2062 earum
957 2024 1067 2061 usu
1131 2011 1231 2061 aut
1292 2008 1474 2063 malas
1531 2025 1680 2070 esse,
1707 2015 1808 2063 aut
1860 2009 2066 2064 bonas.

411 2085 602 2152 Atque
642 2080 779 2134 inde
822 2077 1046 2152 colligit
1093 2079 1359 2152 iduquod
1415 2080 1702 2152 Christus
1738 2079 2066 2152 dixithillas

360 2163 362 2166 '
413 2150 544 2208 esse
574 2151 929 2217 vendendas,
989 2152 1064 2221 de
1116 2150 1424 2205 affectibus
1485 2150 2066 2221 perturbationibus-

414 2240 526 2294 qus
559 2222 739 2278 animi
772 2239 902 2276 esse
933 2219 1401 2294 intelligendum.
1461 2219 1606 2276 Nam
1667 2223 1936 2294 relictis,
1967 2231 2066 2276 aut

415 2293 694 2366 projectis
726 2295 960 2363 opibus.
997 2293 1368 2366 potestquis,
1402 2294 1509 2366 etsi
1543 2309 1783 2364 egenus,
1816 2293 1976 2366 vitiis
2008 2301 2067 2366 et

414 2364 720 2421 ufl'ectibus
767 2379 898 2418 esse
945 2366 1127 2418 dives.
1181 2364 1305 2418 Non
1361 2364 1533 2419 utiles
1574 2367 1771 2435 itaque
1843 2364 1907 2431 “,
1961 2365 2060 2418 sed

413 2437 619 2492 noxias
649 2435 904 2503 divitias,
939 2451 1052 2490 non
1085 2451 1254 2489 secus
1277 2442 1452 2506 atque
1485 2435 1662 2490 animi
1700 2436 1863 2494 vitia.
1897 2435 2062 2504 ελεγ-ἱ-

409 2510 647 2563 tudines
678 2513 735 2561 et
756 2507 1272 2578 alfectus,rquibus
1306 2509 1457 2562 male
1507 2509 1692 2578 copiis
1749 2522 1806 2561 et
1849 2509 2062 2576 Opibus

409 2580 656 2643 utimur,
691 2578 863 2649 plane
906 2577 1258 2647 penitusque
1306 2577 1592 2636 tollenda
1622 2583 1680 2633 et
1739 2579 2061 2648 rejicienda

407 2667 535 2706 esse
570 2647 776 2704 rursus
808 2647 905 2702 ille
935 2649 1256 2703 contendit.

480 2721 582 2776 llis
613 2736 783 2791 porro
811 2719 1010 2774 anima
1041 2723 1284 2774 omnino
1314 2735 1496 2778 Vacua
1536 2723 1593 2774 et
1647 2721 1808 2772 nuda
1862 2718 2061 2774 Chris-

411 2800 558 2858 tum,
593 2791 697 2861 qui
729 2807 830 2846 cor
858 2807 1068 2860 purum
1102 2791 1338 2845 habenti
1368 2791 1461 2844 via
1491 2797 1600 2856 est,
1643 2791 1809 2860 sequi
1868 2791 2058 2845 debet.

408 2863 650 2934 lmpura
682 2869 880 2916 autem
911 2867 1003 2916 est
1029 2861 1192 2934 illius
1244 2861 1464 2934 anima,
1499 2862 1625 2934 qui,
1661 2862 1855 2930 pravis
1884 2862 2062 2934 desi-

407 2932 584 2989 der‘iis
617 2941 705 2988 est
739 2935 921 2988 dives.
955 2933 1120 2988 Veris
1151 2933 1441 3002 siquidem
1493 2933 1783 3002 bonisque
1841 2932 2061 2987 divitiis

405 3005 480 3060 iis
514 3011 741 3060 tantum
787 3004 1078 3069 abundat,
1122 3007 1221 3075 qui
1253 3021 1352 3058 eas
1402 3021 1529 3059 esse
1578 3003 1678 3058 Dei
1730 3006 1904 3070 dona,
1955 3020 2060 3058 nec

407 3083 528 3132 tam
553 3076 664 3142 sui,
699 3092 878 3146 quam
913 3077 1160 3130 fratrum
1189 3076 1488 3146 egentium
1521 3091 1731 3131 causas
1758 3091 1820 3130 se
1865 3075 2055 3144 possi-

407 3150 546 3202 dere
577 3146 862 3219 agnoscit.
896 3146 1290 3219 Quamobrem
1321 3147 1408 3200 vir
1441 3148 1513 3200 iis
1543 3147 1785 3219 minime
1834 3146 2056 3200 manci—

401 3217 933 3302 patusfjacturam
968 3217 1202 3302 illarum
1258 3234 1421 3288 siquo
1459 3217 1831 3302 rfert‘animo,
1857 3226 2056 3302 "atque

400 3288 622 3344 idcirco
651 3289 861 3360 spiritu
894 3304 1029 3343 vere
1059 3294 1148 3360 est
1178 3305 1420 3360 pauper.
1455 3289 1665 3343 Contra
1696 3305 1827 3343 vero
1856 3288 1901 3322 ⁸⁵
1951 3291 2054 3360 qui

399 3363 640 3430 easdem
669 3375 809 3429 opes
836 3359 948 3413 fert
979 3359 1197 3422 animo,
1248 3359 1313 3413 et
1353 3360 1609 3430 quotidie
1637 3374 1842 3427 augere
1898 3359 2052 3430 cogi-

398 3436 510 3497 tat,
544 3429 642 3483 ille
669 3430 871 3483 mundi
908 3429 1171 3485 irretitus
1195 3435 1284 3485 est
1313 3429 1564 3502 laqueis.
1587 3431 1672 3502 Ex
1695 3431 1913 3500 quibus
1938 3429 2052 3502 diu-

403 3502 607 3571 plicem
635 3507 840 3556 auctor
871 3506 1072 3556 noster
1093 3500 1522 3556 conclusionem
1550 3500 1708 3556 elicit
1733 3518 1745 3554 :
1767 3518 1832 3556 ac
1863 3501 2052 3573 primo

401 3574 636 3644 quidem
658 3573 894 3627 divitias
925 3589 995 3628 ex
1023 3589 1223 3628 eorum
1258 3591 1370 3628 usu
1405 3579 1505 3630 aut
1531 3574 1715 3628 bonas
1744 3589 1895 3638 esse,
1953 3578 2054 3627 aut

398 3650 605 3701 malas.
643 3644 858 3699 Deinde
879 3661 1012 3699 vero
1037 3645 1082 3678 ⁶⁶
1115 3645 1236 3699 base
1267 3644 1482 3699 Christi
1541 3646 1714 3699 verba
1757 3661 1769 3699 :
1804 3667 1831 3693 α
1893 3644 2052 3699 llivi-

400 3727 489 3773 tes
524 3719 581 3771 in
620 3732 867 3785 regnum
902 3716 1003 3772 Dei
1034 3715 1275 3770 difﬁcile
1305 3715 1656 3778 introibunt,
1688 3735 1715 3766 ιι
1747 3732 1859 3769 non
1891 3715 2048 3769 litte-

399 3788 505 3867 rali
537 3789 640 3843 sed
676 3788 981 3867 subtiliori
1008 3805 1183 3843 sensu
1219 3791 1722 3867 esseaceipienda.
1752 3787 1874 3867 Non
1895 3789 2049 3867 enim

397 3859 456 3930 iu
484 3875 688 3914 earum
726 3860 1124 3928 possessione,
1158 3860 1241 3914 uti
1273 3858 1535 3930 corporis
1557 3859 1824 3930 exemplo
1858 3858 2053 3928 palam

401 3929 505 4001 ille
536 3930 700 4001 facit,
735 3929 898 4001 salus
933 3936 1132 3983 nostra
1167 3935 1360 4001 posita
1385 3929 1500 3986 est.

477 3999 621 4062 Quis
652 3999 968 4053 virtutibus
999 3999 1182 4068 igitur
1224 4005 1430 4068 fretus,
1465 4002 1547 4055 uti
1607 4000 1706 4054 ille
1757 4002 1948 4070 pergit
1985 4000 2049 4066 ‘7,

405 4070 646 4125 fortuna
675 4087 781 4123 sua
812 4086 923 4122 non
958 4071 1175 4137 absque
1205 4074 1318 4126 fide
1365 4080 1422 4128 et
1479 4073 1788 4127 sanctitate
1845 4072 2050 4138 utitur,

403 4141 454 4196 is
486 4141 706 4195 mundo
737 4139 911 4194 corde
937 4145 1046 4203 est,
1077 4147 1135 4194 et
1164 4142 1222 4195 in
1258 4157 1501 4208 regnum
1537 4141 1638 4196 Dei
1667 4142 2051 4209 ingredietur.

398 4212 643 4278 Quando
687 4227 821 4266 vero
872 4209 1038 4265 diviti
1068 4211 1334 4266 Christus
1365 4213 1548 4266 dixit:
1583 4235 1610 4260 «
1671 4212 1867 4268 Vende
1924 4230 2053 4282 quas

397 4285 605 4353 habes,
639 4305 668 4333 »
721 4299 836 4366 non
868 4299 935 4338 eo
977 4298 1157 4363 sensu
1215 4283 1268 4336 id
1305 4283 1356 4337 ei
1392 4283 1711 4366 praecepit,_
1747 4288 1809 4337 ut
1852 4284 2053 4366 vendi-

395 4363 589 4413 torum
617 4354 966 4426 praediorum
1017 4356 1266 4416 pretium
1302 4354 1580 4426 recipiat;
1615 4355 1718 4426 sed
1750 4359 1814 4407 ut
1865 4355 2052 4408 bones

395 4424 750 4498 sanctosque
778 4425 960 4481 animi
992 4427 1256 4487 affectus.
1303 4428 1404 4497 qui
1430 4424 1792 4497 spirituales
1840 4425 2053 4481 divitiis

394 4506 555 4562 sunt,
585 4500 850 4570 acquirat
878 4504 935 4570 et
965 4506 1379 4569 consequatur.

469 4568 863 4627 Verum‘dives
894 4569 1002 4624 iste
1031 4569 1096 4633 ⁸⁸,
1143 4568 1245 4641 qui
1297 4569 1594 4625 Christum
1652 4568 2051 4633 interrogave-

393 4649 504 4706 rat,
537 4642 786 4709 hujusce
823 4643 1228 4710 responsionis
1259 4658 1503 4697 sensum
1539 4657 1653 4695 non
1691 4641 2043 4711 percipiens,

392 4713 582 4766 tristis
621 4713 784 4775 abiit,
843 4719 1018 4781 atque
1072 4713 1192 4777 ille,
1252 4730 1368 4768 non
1428 4729 1600 4768 secus
1659 4727 1726 4766 ac
1776 4713 2042 4780 ejusdem

395 4782 613 4836 Christi
647 4783 1021 4852 discipuli,in
1081 4785 1210 4853 ejus
1271 4785 1553 4840 familiam
1608 4799 1794 4851 nuper
1851 4782 2042 4847 asciti,

399 4853 664 4926 futuram
693 4853 953 4926 divitum
1003 4854 1255 4926 salutem
1314 4857 1716 4926 desperavere.
1774 4854 2044 4910 Christus

399 4923 669 5002 autem}?
691 4922 762 5002 iis
793 4925 1095 5002 respondit
1126 4922 1441 5002 hominem
1463 4943 1578 4981 non
1611 4942 1740 4986 sua.
1799 4926 1900 4981 sed
1937 4927 2046 5002 _di-

396 4994 534 5075 vina
567 4994 961 5075 yirtute,_cum
995 4996 1270 5075 vitiorum
1302 4998 1738 5075 atl'ectuumque
1786 4997 2043 5075 vacuita-

393 5070 510 5138 tem
537 5063 760 5138 sincere
778 5063 1158 5138 desiderabit,
1175 5083 1346 5136 posse
1366 5069 1558 5138 reipsa
1579 5063 1854 5124 infernam
1891 5068 2043 5124 hanc

393 5135 645 5193 salutem
672 5134 960 5189 obtinere.

463 5208 585 5273 Quo
604 5206 835 5276 quidem
861 5209 1064 5259 Petrus
1085 5205 1286 5260 audito
1307 5207 1371 5270 7°,
1403 5207 1626 5263 dixitse
1651 5209 1933 5274 omnia,id
1953 5215 2046 5266 est

392 5277 578 5335 animi
600 5277 744 5350 vitia
760 5283 821 5350 et
839 5276 1243 5350 aegritudines,
1267 5286 1327 5331 ut
1351 5277 1651 5334 Christum
1673 5289 2042 5350 sequeretur,

391 5350 630 5422 penitus
666 5348 1002 5422 reliquisse.
1037 5350 1082 5402 A
1112 5347 1552 5422 Christoautem
1577 5347 1930 5422 respousum
1955 5371 2039 5410 ac-

391 5419 545 5495 cepit
573 5438 731 5492 eum,
765 5421 866 5493 qui
900 5423 1130 5493 patrem
1163 5419 1490 5492 reliquerit,
1525 5421 1630 5477 hoc
1652 5419 1762 5491 est,
1813 5424 1915 5496 qui
1949 5442 2045 5497 pa.

460 5548 506 5583 σο
562 5547 590 5620 Ξ
640 5548 722 5602 l0.
826 5547 868 5582 δι
931 5547 959 5618 ξ
1014 5547 1098 5603 lt.
1174 5547 1220 5582 ω
1281 5547 1404 5610 s12

386 5619 432 5657 ου
483 5619 530 5692 ,§,
575 5621 679 5692 2t.
720 5619 838 5692 Z°A§
893 5619 1077 5692 2set
1131 5619 1202 5676 23
1274 5619 1318 5656 τι
1379 5621 1404 5692 §

386 5695 445 5750 et
473 5691 564 5747 33.
640 5691 684 5728 το
713 5689 744 5765 §
773 5690 841 5746 34
873 5692 930 5746 et
956 5689 1044 5748 35.

826 5543 964 5624 Ἓξ
1014 5546 1098 5603 Μ·
1135 5547 1220 5624 ,ξ’
1275 5546 1404 5624 ἑίὲ
1461 5545 1842 5624 9E'3;_f"-§
1893 5550 1978 5624 1_’!-
2023 5621 2042 5624 _

2188 5553 2450 5609 i5et16.
2526 5553 2625 5620 σεξ
2704 5553 2792 5609 17.
2869 5552 2915 5589 εδ
2971 5553 3110 5624 ἕ18.
3185 5554 3230 5588 ⁸⁷
3289 5553 3319 5624 ἒ

1459 5619 1548 5674 25,
1625 5617 1728 5687 τις
1768 5607 1856 5674 26,
1917 5620 1961 5656 τι
2018 5621 2046 5697 Ξ

2170 5607 2518 5697 isses.
2595 5607 2696 5696 ῖιδ
2769 5607 2861 5682 29.
2938 5607 3208 5696 70'”§"3o.
3285 5607 3503 5700 figat.
3580 5607 3817 5691 1I"§32

2166 377 2271 440 eis,
2305 370 2642 444 quaa'saluti
2679 373 2968 438 officiunt,
3023 372 3408 444 obtemperat,
3464 370 3819 444 centuplum

2163 443 2554 515 recepturum.
2590 445 2752 508 Quod
2785 443 3163 515 certeeodem
3189 443 3359 514 plane
3389 443 3563 497 modo
3586 443 3659 495 de
3694 459 3823 497 ma—

2162 524 2270 581 tre,
2301 514 2495 582 fratre,
2530 533 2750 583 sorore,
2784 521 2841 568 et
2862 514 2995 570 aliis
3023 515 3387 584 parentibus,
3420 521 3596 585 atque
3636 515 3818 569 etiam

2162 591 2233 642 de
2263 589 2482 642 divitiis
2515 587 2961 658 intelligendum
2996 592 3085 639 est
3104 587 3168 638 τί.

2233 659 2380 722 Quia
2409 676 2541 713 vero
2572 655 2841 712 Christus
2873 658 3118 721 addidit,
3161 679 3189 704 ‹‹
3215 672 3350 710 cum
3390 655 3820 726 persecutioni-

2163 731 2297 793 bus,
2325 752 2352 780 »
2387 731 2682 799 duplicem
2706 735 2911 784 auctor
2944 734 3140 783 noster
3168 727 3486 798 distinguit
3536 743 3818 796 persecu-

2164 804 2421 867 tionem;
2453 809 2510 855 et
2540 817 2718 856 unam
2751 802 2988 870 quidem
3011 801 3398 864 extrinsecus,
3433 799 3723 853 nimirum
3748 814 3820 852 ex

2163 874 2524 934 hominibus,
2549 879 2650 927 aut
2667 873 2956 926 diabolica
2979 871 3358 941 suggestione
3375 870 3816 934 advenientem,

2161 945 2353 998 Altera
2386 951 2604 1008 autem,
2637 959 2824 1014 eaque
2853 944 3227 1014 gravissima,
3284 941 3535 1014 interior
3591 946 3700 1002 est,
3763 948 3823 995 et

2163 1033 2230 1069 ex
2259 1016 2460 1085 impiis
2490 1013 2816 1085 depravtaae
2848 1013 3056 1068 animae
3107 1013 3441 1081 desideriis,
3503 1016 3821 1083 pravisque

2161 1087 2468 1141 affectibus
2497 1088 2703 1140 oritur.
2736 1091 2877 1141 Cum
2912 1085 3020 1139 hac
3053 1085 3252 1151 itaque
3299 1086 3560 1138 secunda
3621 1099 3821 1154 perse-

2164 1161 2397 1213 cutione
2429 1157 2528 1228 qui
2561 1158 2792 1217 fratres.
2849 1156 3213 1228 deliciasque
3265 1155 3555 1228 carnales,
3614 1171 3823 1228 carna-

2165 1230 2358 1299 liaque
2415 1225 2607 1299 aliqua
2638 1229 2884 1299 pignora
2916 1225 3205 1293 habuerit,
3269 1242 3349 1299 ea
3391 1227 3590 1280 omnia
3649 1225 3824 1280 debet

2165 1296 2525 1370 relinquere,
2549 1296 2729 1370 atq—ue
2756 1301 2964 1353 animae
3009 1296 3582 1370 suisconsolatorem
3615 1313 3826 1370 acipe-

2165 1369 2425 1434 tronu’m,
2457 1372 2556 1440 qui
2589 1369 2864 1426 aeternam
2899 1372 3077 1424 vitam
3108 1369 3195 1423 illi
3217 1369 3467 1423 daturus
3488 1374 3600 1434 est,
3630 1369 3818 1440 elige-

2165 1459 2225 1498 re
2255 1442 2632 1496 Salvatorem.

2237 1516 2299 1568 In
2338 1513 2565 1567 ultimis
2594 1513 2827 1568 tandem
2859 1511 3074 1568 Christi
3112 1509 3339 1565 verbis:
3370 1531 3398 1560 ‹‹
3460 1509 3645 1563 Erunt
3703 1526 3816 1565 no-

2164 1586 2387 1639 vissimi
2426 1585 2622 1654 primi,
2653 1605 2680 1633 »
2712 1589 2822 1638 ste.
2854 1585 2918 1650 ⁷⁸,
2952 1583 3224 1654 quamvis
3268 1582 3420 1636 haud
3445 1597 3664 1654 parum
3730 1598 3823 1636 re-

2171 1655 2392 1710 conditi
2423 1653 2633 1710 sensus
2681 1656 2908 1721 subsit;
2941 1653 3082 1725 quia
3131 1659 3338 1725 tamen
3385 1653 3458 1725 ad
3516 1669 3691 1725 suum
3753 1655 3826 1708 de

2176 1728 2456 1799 divitibus
2488 1732 2904 1799 argumentum
2937 1723 3004 1780 ea
3032 1723 3207 1799 nihil__
3237 1723 3546 1799 faciebant,
3581 1723 3822 1799 illorum

2177 1795 2585 1869 explicatione'
2617 1805 2820 1852 auctor
2867 1804 3078 1869 noster_
3139 1795 3254 1849 sibi
3311 1795 3822 1869 supersedendum

2175 1865 2306 1924 esse
2333 1870 2519 1924 duxit.
2544 1877 2656 1923 Suo
2679 1869 2897 1923 etenim
2929 1867 3121 1922 officio
3153 1869 3297 1922 satis
3347 1865 3410 1920 se
3463 1865 3676 1920 fecisse
3723 1867 3826 1921 de—

2175 1942 2375 2004 clarat,
2409 1957 2542 1995 cum
2576 1941 2904 2011 probaverit
2933 1940 3210 2011 divitibus
3243 1938 3406 2011 nullo
3437 1936 3609 2011 plane
3657 1938 3825 2011 modo

2176 2013 2245 2066 ad
2280 2028 2526 2082 regnum
2579 2008 2816 2067 caeleste
2852 2028 2885 2065 a
2913 2010 3146 2065 Christo
3204 2010 3430 2082 aditum
3488 2008 3826 2082 intercludi,

2178 2079 2534 2162 modorillius
2564 2084 2857 2162 mapdatis
2884 2097 3101 2162 morem
3129 2079 3825 2162 gerendo.__divitiis_suis

2174 2156 2319 2208 bene
2351 2160 2613 2208 utantur.
2647 2154 2828 2208 Secus
2861 2169 3018 2220 vero,
3051 2150 3279 2206 facilius
3337 2152 3450 2206 erit
3505 2150 3822 2215 camelum,

2174 2228 2243 2280 de
2275 2243 2389 2295 quo
2422 2226 2520 2278 ille
2550 2225 2662 2279 alio
2685 2228 2739 2280 in
2783 2225 2930 2278 libro
2961 2225 3384 2295 disputaverat,
3419 2238 3520 2295 per
3560 2221 3823 2278 foramen

2173 2292 2335 2364 acus,
2364 2313 2538 2366 quam
2572 2297 2702 2352 illos
2741 2296 2799 2350 in
2833 2311 3073 2364 regnum
3110 2294 3327 2366 intrare
3355 2292 3656 2366 caelorum.

2243 2364 2531 2422 Omnibus
2553 2367 2764 2422 Christi
2797 2367 2990 2420 verbis
3013 2368 3092 2419 ita
3113 2365 3458 2434 singulatim
3490 2364 3822 2434 explicatis,

2172 2440 2428 2494 ostendit
2474 2447 2676 2493 auctor
2733 2447 2932 2492 noster
2965 2437 3010 2472 ⁷³
3068 2436 3300 2490 divitias
3331 2453 3365 2491 a
3418 2437 3650 2490 Christo
3706 2453 3818 2490 non

2168 2511 2509 2580 improbari,
2543 2518 2646 2564 aut
2675 2515 2739 2563 ut
2761 2508 3392 2580 projicianturjuberi:
3425 2507 3526 2580 sed
3589 2524 3696 2561 nos
3745 2508 3817 2562 ab

2171 2597 2236 2635 eo
2258 2577 2569 2635 informari
2604 2577 2896 2651 quomodo
2930 2581 3001 2634 iis
3033 2581 3343 2641 utendum,
3377 2587 3438 2651 et
3461 2577 3580 2632 vita
3606 2583 3824 2632 aeterna

2171 2653 2568 2722 comparanda
2595 2648 2690 2706 sit.
2724 2653 2886 2716 Quod
2920 2651 3159 2722 quidem
3193 2655 3260 2704 ut
3292 2648 3524 2722 tirmius
3562 2656 3825 2722 _asserat.

2169 2740 2235 2778 ac
2267 2719 2531 2794 quanam
2581 2719 2975 2794 adipiscendae
3004 2720 3214 2777 salutis
3243 2737 3378 2794 spes
3411 2719 3696 2794 divitibus
3751 2721 3824 2775 ab

2168 2793 2370 2849 eodem
2403 2795 2630 2850 Christo
2663 2793 2821 2859 data,
2855 2801 2956 2849 aut
2977 2793 3172 2848 ablata
3194 2793 3389 2860 fuerit,
3422 2793 3637 2846 demon
3654 2797 3820 2853 stret,

2168 2867 2248 2921 ibi
2279 2866 2775 2937 continenterille
2825 2867 3033 2937 probat
3064 2865 3198 2937 hoc_
3231 2864 3543 2935 ipsiusmet
3600 2863 3820 2918 Christi

2168 2938 2484 2992 mandato:
2519 2961 2546 2986 «
2581 2935 2800 3008 Diliges
2826 2934 3134 3008 Dominum
3169 2934 3353 2990 Deum
3388 2939 3553 2989 tuum
3587 2951 3656 2989 ex
3701 2940 3822 2991 tota

2091 3040 2133 3105 ο
2171 3009 2369 3105 anima
2398 3014 2455 3064 et
2485 3006 2720 3066 virtute:
2751 3030 2777 3056 ‹‹
2802 3007 3041 3105 pullum
3074 3006 3643 3105 pleases‘rse‘majus.

2238 3080 2385 3134 Nam
2418 3095 2553 3134 cum
2611 3081 2870 3134 secundo
2932 3079 3211 3134 mandato
3249 3078 3423 3147 jubet
3472 3077 3804 3147 proximum

2166 3151 2596 3221 sicutseipsum
2625 3150 2813 3221 diligi,
2848 3151 2982 3204 inde
3011 3156 3212 3204 auctor
3244 3153 3448 3221 uoster
3479 3146 3715 3218 colligit
3770 3148 3818 3181 τε

2163 3240 2297 3277 eum
2330 3219 2497 3290 velle,
2533 3229 2595 3277 ut
2626 3219 2775 3277 Deus
2807 3223 2876 3277 ab
2899 3221 3137 3292 homine
3167 3237 3349 3292 supra
3369 3219 3631 3292 seipsum
3655 3234 3814 3273 ame-

2162 3299 2278 3348 tur.
2311 3293 2792 3374 Proximihautem
2821 3291 3082 3374 Anomirie
3139 3290 3462 3374 quemlibet
3509 3290 3809 3374 hominem

2163 3364 2532 3437 prepositaa
2559 3364 2788 3420 Christo
2819 3361 3181 3437 Samaritani
3224 3362 3501 3437 parabole
3555 3361 3817 3437 ostendit

2161 3431 2292 3492 esse
2351 3435 2816 3504 intelligendum,
2886 3452 2952 3491 ac
3012 3431 3284 3490 eumdem
3347 3432 3644 3490 Christum
3707 3431 3808 3504 qui

2163 3503 2896 3576 peccatorum’nostrorum
2928 3507 3163 3562 sanavit
3197 3504 3465 3567 vulnera,
3502 3504 3668 3576 pium
3703 3503 3815 3576 dici

2162 3575 2330 3633 illum
2364 3578 2823 3633 Samaritanum.
2855 3577 3129 3633 Christus
3158 3578 3380 3647 itaque,
3408 3575 3602 3645 pergit
3631 3575 3815 3647 ille“,

2161 3650 2258 3718 qui
2289 3655 2511 3704 tantam
2545 3650 2614 3703 ad
2652 3667 2757 3704 nos
2789 3651 3084 3704 sanandos
3105 3646 3341 3719 operam
3383 3646 3697 3719 impendit,
3719 3646 3815 3702 de-

2161 3717 2258 3777 bet
2289 3738 2452 3790 :sque
2484 3737 2550 3775 ac
2587 3721 2735 3775 Deus
2762 3720 2948 3791 diligi.
3001 3721 3087 3774 Ab
3142 3717 3208 3774 eo
3265 3717 3481 3775 autem
3523 3717 3817 3791 diligitur,

2162 3794 2263 3864 qui
2294 3789 2424 3863 ejus
2455 3792 2742 3847 voluntati
2771 3795 2828 3846 et
2857 3789 3165 3864 praeceptis
3197 3795 3361 3862 paret
3377 3795 3557 3860 atque
3586 3789 3814 3844 obtem-

2202 3869 2347 3919 erat.

2162 3881 2380 3989 pagum
2409 3931 2620 3988 deinde
2647 3933 2693 3967 τι
2739 3932 3064 3989 honorandi
3086 3931 3430 4000 colendique
3453 3934 3593 3985 sunt
3613 3929 3816 3985 ﬁdeles

2161 4006 2428 4074 ejusdem
2453 4004 2668 4059 Christi
2699 4005 2999 4074 discipuli,
3027 4005 3084 4058 in
3119 4020 3268 4074 quos
3290 4002 3582 4074 quidquid
3611 4001 3814 4074 fit,hoc

2160 4071 2258 4132 ille
2289 4077 2400 4148 sibi
2435 4076 2546 4148 ipsi
2582 4077 2800 4131 factum
2842 4071 3104 4131 ascribit.
3136 4071 3254 4148 Eos
3281 4071 3499 4145 quippe
3551 4071 3812 4148 appellat

2163 4150 2311 4204 831
2348 4143 2519 4214 filios,
2556 4163 2788 4217 pueros,
2823 4148 3100 4216 infantes,
3144 4143 3364 4202 amicos
3391 4143 3453 4200 et
3509 4143 3810 4216 parvulos,

2163 4235 2412 4290 quorum
2451 4219 2640 4273 minor
2661 4219 2721 4274 in
2753 4235 2932 4290 regno
2964 4219 3241 4274 caelorum
3274 4219 3495 4290 Joanne
3527 4220 3811 4290 estumaf

2158 4286 2258 4363 j'or
2295 4291 2360 4346 '7.
2393 4290 2471 4344 Ex
2513 4286 2853 4345 mammona
2897 4291 3080 4363 igitur
3129 4289 3455 4360 iniquitatis
3489 4286 3812 4363 eiusliquid

2161 4358 2244 4416 eis
2277 4366 2573 4432 erogatur.
2606 4378 2827 4416 merces
2859 4358 3058 4415 da‘ntis
3090 4358 3394 4432 nunquam
3447 4358 3680 4432 peribit.
3744 4360 3815 4432 At

2163 4434 2215 4487 id
2255 4450 2368 4488 non
2385 4429 2577 4487 'mndo
2608 4432 2972 4502 exigentibus
3003 4438 3060 4486 et
3089 4429 3427 4504 importune
3451 4429 3812 4504 postulanti-

2160 4504 2292 4572 bus,
2320 4503 2444 4558 vult
2467 4501 2734 4559 Christus
2764 4504 2968 4568 tribui,
3003 4505 3101 4559 sed
3135 4501 3234 4559 eos
3258 4504 3312 4556 in
3345 4501 3553 4574 primis
3595 4501 3812 4574 quaeri.

2162 4571 2313 4646 apud
2349 4592 2498 4646 quos
2531 4575 2880 4630 beneﬁcium
2915 4576 3043 4630 sine
3071 4571 3414 4646 murmure,
3452 4571 3699 4627 tristitia
3759 4575 3816 4646 et

2151 4643 2536 4717 personarum
2569 4647 2951 4702 distinctione
2989 4663 3107 4701 non
3169 4645 3350 4702 semel
3402 4644 3645 4709 iterum,
3707 4643 3809 4697 sed

2150 4724 2588 4790 perseveranter
2619 4717 2904 4790 collocetu
2917 4736 2942 4772 r
2971 4719 3018 4752 ⁷⁸
3036 4758 3049 4772 .

2224 4789 2422 4861 Neque
2451 4789 2611 4844 enim
2646 4788 3038 4861 repellendus.
3061 4792 3163 4843 aut
3184 4789 3390 4861 inique
3410 4785 3686 4861 ferendus
3710 4784 3812 4861 de-

2155 4857 2384 4932 formis,
2417 4857 2729 4932 pannosus
2749 4867 2807 4916 et
2861 4860 3072 4932 debilis
3107 4877 3121 4925 ;
3192 4857 3675 4932 quandoquidem
3723 4857 3813 4932 in-

2152 4931 2339 5056 tiirifpi;
2364 4931 2664 5002 opulentia
2694 4937 2752 4987 et
2779 4931 3156 5004 pulchritudo
3190 4929 3252 4986 in
3277 4934 3531 4987 testaceo
3560 4943 3699 4984 vase
3728 4929 3817 4981 in-

2154 5019 2183 5056 c
2214 5020 2245 5056 u
2294 5019 2309 5055 ι
2345 5019 2431 5056 ur.

2154 5002 2431 5059 cluditur.

2223 5077 2586 5142 Quapropter
2615 5077 2819 5128 auctor
2875 5078 3072 5128 noster
3128 5071 3364 5128 divitem
3419 5071 3691 5126 hortatur
3747 5067 3811 5136 τ’,

2153 5149 2220 5199 ut
2250 5141 2632 5199 facultatibus
2663 5151 2718 5198 et
2739 5145 2950 5214 opibus
2981 5145 3108 5200 suis
3149 5143 3468 5200 exercitum
3529 5141 3812 5214 instruat.

2153 5221 2442 5286 cogatque
2473 5212 2789 5283 satellites,
2829 5217 3111 5271 nimirum
3172 5231 3344 5271 senes
3404 5213 3682 5286 pupillos,
3729 5212 3815 5286 vi-

2153 5283 2304 5341 duus
2325 5283 2391 5358 et
2424 5302 2732 5357 pauperes,
2757 5288 2858 5358 qui
2894 5287 3188 5358 precibus,
3230 5283 3551 5357 gemitibus
3603 5300 3680 5358 ac
3731 5283 3814 5338 la-

2152 5357 2371 5426 crymis
2399 5355 2813 5429 imperatorem
2846 5355 3032 5413 Deum
3064 5355 3324 5420 flectant,
3375 5361 3552 5429 atque
3612 5355 3817 5429 admo-

2154 5427 2991 5501 nitionibus,correptionibus
3023 5435 3082 5484 et
3110 5429 3376 5485 consiliis
3419 5428 3617 5500 ipsum
3650 5427 3818 5495 adju—

3375 5553 3465 5609 49.
3538 5551 3585 5588 σε
3640 5549 3671 5621 §
3722 5552 3814 5604 20.
