4152 6188
435 230 574 288 1459

1129 235 1202 287 ΙΝ
1240 235 1688 288 CLEMENTEM
1725 231 1941 287 ALEX.
1983 234 2050 289 Ι).
2090 233 2181 286 LE
2217 231 2516 287 NOURRY
2551 229 3027 286 DISSERTATIO
3061 232 3162 287 III.

3707 225 3858 280 4460

1837 448 2208 536 CAPUT
2262 449 2412 536 llI.

722 654 812 714 De
840 651 1145 733 opusculo
1176 652 1348 732 quod
1380 651 1444 712 in
1479 654 1690 714 Greece
1720 658 1782 714 et
1824 653 2039 714 Latine
2069 652 2380 713 editorum
2412 651 2750 715 Clementis
2780 649 3197 714 Alexandrini
3228 651 3503 730 Operam

1407 734 1530 794 ﬁne
1562 735 1791 796 Graecis
1821 740 2068 796 tantum
2099 734 2265 814 typis
2294 733 2378 814 (1)
2411 751 2710 795 excusum
2741 739 2854 794 est.

597 578 624 612 δ

1011 1109 1410 1168 ARTICULUS
1449 1115 1492 1168 Ι.

747 1225 1008 1297 Analysis
1040 1225 1264 1296 hujusce
1294 1227 1472 1285 Graeci
1499 1229 1773 1300 apusculi.

506 1329 571 1381 In
603 1325 1066 1382 Graeco-Latinis
1095 1325 1413 1382 Clementis
1469 1326 1653 1382 nostri
1703 1326 2089 1382 Alexandrini

436 1398 716 1470 operibus
749 1401 882 1468 post
911 1402 1065 1470 octo.
1094 1398 1165 1453 de
1195 1397 1414 1469 quibus
1444 1397 1728 1453 hactenus
1761 1399 2089 1468 disputavi-

441 1468 600 1536 mus,
633 1469 973 1524 Str-amatum
1007 1468 1190 1524 libros
1223 1468 1530 1539 adjectum
1582 1474 1670 1523 est
1715 1470 2092 1540 opusculum,

437 1541 654 1599 Graecis
685 1541 974 1595 duntaxat
995 1540 1420 1612 editumtypis,
1443 1545 1500 1612 et
1522 1540 1752 1612 induas
1776 1546 1972 1612 partes
2003 1542 2091 1597 di-

436 1616 630 1669 visum
664 1613 731 1667 ³³.
764 1611 961 1666 Prima
991 1617 1190 1666 autem
1224 1610 1333 1666 hoc
1364 1610 1534 1667 titulo
1584 1610 1926 1667 inscribitur
1953 1630 1966 1668 :
1998 1615 2094 1668 Ἐκ

440 1680 858 1756 τοῦΑΘεοδότουμ,
890 1677 1501 1756 καὶ-τῆςᾹᾊγατολικῆς
1547 1680 1896 1756 κᾳλουμὲγης
1942 1681 2092 1756 8.8;-

443 1752 694 1821 σκαλίας,
724 1753 859 1828 κατᾷ
915 1750 1045 1828 τοίξς
1091 1751 1487 1828 ΟὐαλεντίνουΔ
1512 1750 1748 1828 χρόνουξ
1807 1750 2089 1828 ἐὴιτομαί.

442 1850 472 1878 ‹‹
506 1829 784 1898 Epitome
829 1824 1107 1898 doctrinae
1138 1831 1282 1898 tam
1345 1843 1378 1881 a
1433 1824 1747 1895 Theudoto,
1794 1824 1979 1898 quam
2032 1830 2092 1884 in

447 1895 702 1964 Oriente,
737 1895 891 1952 circa
919 1896 1214 1952 Valentini
1245 1902 1508 1968 tempora
1540 1899 1788 1954 traditae.
1811 1895 1844 1948 3)

518 1973 584 2042 In
621 1969 728 2042 hac
751 1983 891 2042 vero
917 1969 1117 2042 prima
1141 1969 1318 2042 hujus
1338 1969 1603 2042 opusculi
1627 1976 1790 2042 parte
1813 1971 1973 2027 varia
1987 1971 2096 2027 Ve-

448 2041 592 2114 teris
621 2039 884 2114 Novique
912 2039 1275 2114 Testamenti
1305 2039 1431 2097 lo¢a
1463 2041 1579 2096 ullo
1609 2039 1834 2114 absque
1855 2044 2094 2113 ordine,

444 2112 684 2183 ullaque
739 2112 867 2166 sine
925 2112 1278 2169 cohaerentia
1333 2118 1390 2168 et
1445 2112 1762 2170 conexione
1819 2112 2098 2171 accumu-A

447 2185 666 2258 lantur,
701 2196 808 2238 nec
840 2184 1014 2258 rectis
1047 2183 1327 2258 sanisque
1375 2185 1724 2258 plerumque
1777 2187 2098 2258 intepreta-

443 2255 708 2312 tionibus
737 2253 1122 2326 explicantur.
1148 2256 1295 2319 Quid
1329 2253 1510 2325 enim,
1534 2253 1744 2314 amabo
1776 2263 1853 2327 te,
1879 2253 1920 2314 af
1943 2263 2098 2314 recto

444 2343 700 2400 veroque
729 2343 910 2382 sacrae
940 2327 1255 2400 Scriptura:
1287 2344 1467 2400 sensu
1499 2330 1690 2400 magis
1735 2331 1993 2386 alienum
2043 2335 2102 2385 et

447 2399 789 2467 abhorrens,
825 2415 1002 2470 quam
1039 2399 1191 2469 quod
1226 2405 1429 2454 auctor
1459 2399 1706 2468 hujusce
1736 2406 2098 2458 commenta-

2107 1120 2161 1183 Α
2196 1110 2507 1194 scripturis
2539 1109 3178 1194 prophetarum-electa,
3204 1109 3333 1164 »Ἐκ
3348 1111 3454 1194 tgna
3479 1111 3846 1194 «paen-tuabi

2194 1180 2440 1256 ἐκλόγαί,
2465 1180 2827 1256 inscribitur,
2847 1183 2918 1238 ab
2935 1183 3006 1238 iis
3017 1180 3208 1256 verbis
3231 1180 3537 1256 exordium
3551 1180 3852 1256 sumitur,

2196 1253 2554 1327 quaa'Daniel
2585 1272 2619 1310 a
2647 1255 2838 1327 tribus
2867 1253 3064 1327 pueris
3091 1253 3152 1308 in
3182 1254 3425 1327 camino
3441 1253 3599 1326 ignis
3630 1257 3850 1308 ardeno

2198 1324 2274 1383 tis
2305 1328 2375 1382 ad
2409 1324 2884 1382 benedicendum
2905 1325 3090 1381 Deum
3123 1324 3352 1396 prolata
3403 1324 3590 1396 fuisse
3638 1329 3856 1380 auctor

2195 1403 2451 1454 testatur
2479 1399 2542 1454 δί’.
2579 1397 2678 1453 llle
2709 1403 2906 1453 autem
2939 1396 3012 1452 ab
3043 1395 3247 1454 eodem
3280 1397 3515 1452 Daniele
3562 1395 3689 1451 haec
3718 1411 3856 1451 ver-

2198 1471 2274 1525 ba
2303 1471 2384 1525 ‘0:
2419 1490 2446 1522 «ι
2478 1469 2824 1526 Benedictus
2857 1485 2940 1536 es,
2974 1469 3074 1595 qui
3106 1469 3358 1524 intueris
3384 1469 3658 1537 aliyssos,
3692 1489 3724 1516 ι»
3757 1483 3854 1523 eo-

2199 1544 2329 1595 dem
2359 1558 2556 1595 sensu.
2591 1557 2706 1595 auo
2739 1541 2941 1595 istbmc
2963 1558 2996 1595 a
3059 1540 3292 1595 Enocho
3314 1558 3326 1595 :
3351 1561 3378 1589 «
3403 1540 3473 1595 Et
3492 1539 3849 1594 vidiomnes

2199 1544 2329 1598 dem
2359 1558 2556 1610 sensu,
2591 1557 2706 1612 quo
2739 1541 2941 1596 istbmc
2963 1539 3035 1596 ab
3059 1540 3292 1596 Enocho
3314 1558 3326 1595 :
3351 1561 3378 1589 ‹‹
3403 1540 3473 1595 Et
3492 1539 3611 1594 vidi
3632 1555 3849 1612 omnes

2200 1613 2501 1682 materias,
2536 1635 2564 1663 ››
2596 1611 2751 1668 dicta
2797 1627 2927 1668 esse
2982 1613 3173 1669 docet.
3204 1612 3581 1668 Continenter
3636 1627 3776 1666 vero
3806 1611 3852 1682 ἐι

2200 1685 2410 1758 primis
2445 1681 2735 1758 Geneseos
2782 1683 2976 1738 verbis
2997 1685 3082 1738 ⁴²ε
3121 1706 3146 1758 a_
3177 1686 3262 1758 ΙιιΔ
3293 1684 3577 1755 principio
3629 1681 3855 1758 creavit

2199 1754 2356 1814 Deus
2383 1756 2588 1811 caelum
2620 1761 2677 1812 et
2708 1761 2947 1821 terram,
2985 1775 3013 1804 »
3045 1754 3310 1810 caelestia
3333 1762 3391 1810 et
3432 1754 3739 1812 terrestria
3768 1756 3852 1810 si-

2199 1829 2594 1901 gniﬁcaritac
2649 1827 2856 1901 Filium
2916 1827 3020 1883 Dei
3051 1843 3180 1901 esse
3217 1826 3420 1901 ἀρχήν,
3462 1827 3852 1901 principium,

2201 1898 2456 1980 quod-am
2485 1899 2644 1954 Oscae
2668 1898 2961 1980 prOpbetse
2985 1898 3326 1980 testimonio
3345 1899 3653 1980 ostendere
3675 1913 3857 1980 con'af

2199 1969 2316 2028 t'ur.
2353 1972 2434 2026 Ibi
2469 1987 2638 2042 porro
2667 1969 2710 2005 ‘3
2740 1969 2933 2025 citatis
2964 1969 3097 2026 aliis
3145 1971 3408 2041 ejusdem
3459 1969 3760 2042 propheta:
3799 1975 3858 2025 et

2203 2043 2583 2076 annua-Miluus
2645 2043 2934 2076 nonanona
2992 2042 3184 2076 unnkia
3216 2043 3306 2076 66·
3358 2064 3386 2076 η
3447 2043 3704 2076 Qninihu:
3766 2042 3857 2076 4⁸η.

2203 2043 2586 2114 sequentibus
2645 2043 2936 2098 Geneseos
2992 2042 3186 2097 verbis
3216 2043 3261 2076 “
3291 2059 3306 2097 :
3357 2064 3386 2092 α
3447 2043 3706 2124 Spiritus
3766 2042 3857 2123 te-

2202 2116 2443 2171 rebatur
2475 2131 2652 2186 super
2672 2114 2973 2186 abyssum,
3000 2136 3020 2163 ι
3049 2113 3237 2169 multa
3257 2113 3328 2169 de
3349 2113 3708 2185 baptismate
3728 2113 3855 2169 dis-

2246 2192 2390 2242 utat.

2204 2205 2497 2314 puthliinc
2530 2255 2694 2312 nulla
2722 2255 2872 2312 facta
2901 2255 3274 2326 transitione,
3297 2256 3395 2312 ille
3424 2256 3634 2312 scribit
3655 2256 3858 2313 timori

2206 2330 2522 2386 bonitatem
2573 2346 2606 2384 a
2654 2332 2768 2383 Deo
2813 2328 3204 2396 commisceri,
3247 2345 3382 2383 cum
3429 2328 3632 2384 ﬁdeles
3679 2327 3860 2384 malis

2205 2402 2563 2472 quibusdam
2593 2400 2786 2454 vexari
2820 2400 3128 2472 permittit.
3153 2401 3548 2464 Quamobrem
3572 2415 3771 2470 senes,
3799 2405 3866 2454 ut

450 2470 633 2548 tionis
655 2471 726 2525 ab
751 2468 880 2548 ipso
903 2468 1557 2548 illi‘usinitiotradidit?
1577 2477 1713 2528 Post
1727 2473 1906 2548 allata
1922 2473 2103 2548 siqui-
2134 2481 2178 2548 Β
2208 2468 2335 2548 ipse
2367 2473 2448 2528 ait
2476 2473 2540 2537 ⁸⁸,
2577 2473 2696 2548 nisi
2715 2468 2866 2548 mali
2900 2470 3142 2548 aliquid,
3174 2488 3290 2542 quo
3322 2477 3563 2548 peccata
3609 2487 3724 2548 sua
3755 2468 3865 2548 ex-

453 2543 586 2617 dem
618 2541 740 2596 haec
784 2541 1020 2617 Christi_
1047 2542 1224 2597 verba
1253 2544 1298 2576 ³³
1323 2559 1336 2597 :
1369 2545 1574 2617 Πατὴρ,
1607 2544 1968 2617 παρατίθεμαί
1994 2541 2095 2598 “σοι

452 2616 532 2686 (in
566 2630 733 2689 sacro
765 2618 962 2689 autem
997 2613 1162 2668 Lucae
1194 2613 1822 2689 textu,_mpa0rﬁcduai)
1854 2613 1928 2678 εἷς
1975 2623 2095 2689 χεῖ-

453 2684 551 2758 pag
579 2684 640 2738 τὸ
669 2684 886 2758 πνεῢμᾴ
920 2704 1024 2755 μου
1056 2700 1068 2714 ⁶
1101 2708 1121 2734 α
1158 2689 1347 2751 Pater,
1380 2686 1437 2740 in
1472 2684 1711 2743 manus.
1743 2696 1874 2744 tuas
1936 2684 2099 2743 06-m-

453 2756 670 2812 mendo
728 2756 1004 2828 spiritum
1065 2772 1284 2822 meum,
1321 2779 1350 2806 »
1409 2759 1711 2814 confestim
1771 2759 1868 2815 ille
1937 2762 2101 2816 addit

449 2827 807 2886 Salvatorem
824 2827 978 2902 Patri
995 2844 1100 2883 suo
1115 2830 1562 2902 commendasse
1584 2831 1956 2902 sapientiam,
1971 2838 2098 2888 tum

453 2905 518 2956 ut
546 2916 689 2974 eam,
723 2899 1030 2974 acciperet,
1063 2903 1187 2954 tum
1249 2900 1422 2974 etiam
1485 2919 1556 2958 ne
1613 2899 1674 2967 ii,
1707 2920 1740 2958 a
1771 2899 1986 2974 quibus
2035 2921 2101 2958 ea

452 2971 693 3044 spoliari
721 2970 1038 3044 aliquando
1071 2977 1317 3044 poterat,
1353 2971 1514 3028 illam
1565 2970 1903 3030 retinerent.
1937 2977 2100 3039 Quod

457 3043 698 3117 quidem
713 3059 891 3115 quam
910 3043 1229 3117 absurdum
1249 3043 1574 3117 falsumque
1593 3046 1689 3114 sit,
1709 3063 1878 3102 nemo
1898 3052 1986 3102 est
2003 3048 2102 3117 qui

459 3113 574 3170 non
610 3113 826 3170 videat.
859 3115 1038 3169 Plura
1069 3113 1183 3169 alia
1223 3120 1425 3170 auctor
1456 3113 1554 3172 ille
1603 3133 1718 3177 non
1770 3119 1968 3174 minus
2014 3113 2102 3172 in-

459 3191 614 3260 epta,
647 3185 894 3260 ridicula
925 3191 981 3260 et
1011 3186 1271 3260 absurda
1299 3187 1514 3258 passim
1559 3189 1783 3260 spargit
1813 3195 1870 3245 et
1917 3190 2105 3246 disse-

459 3257 682 3332 minat.
699 3259 909 3326 Aperte
931 3257 1220 3332 siquidem
1245 3257 1412 3332 docet
1434 3257 1860 3332 quandamesse
1879 3261 2107 3332 σώματα

456 3325 612 3410 νᾳερά
644 3328 710 3396 ³⁴,
739 3325 986 3410 corpora
1001 3325 1370 3410 :spiritualia,
1405 3325 1470 3385 ac
1502 3331 1814 3410 daempnes,
1844 3325 2104 3404 angelos,

453 3405 630 3524 atque
659 3403 887 3454 animas
917 3404 1139 3454 naturai
1171 3416 1302 3456 esse
1324 3417 1610 3472 corporeae
1631 3403 1988 3474 35,ipsosmet
2009 3423 2106 3460 an-

461 3487 532 3524 ce
561 3487 626 3524 os
658 3486 823 3524 sacro
855 3471 1072 3524 tinctos
1103 3471 1283 3524 fuisse
1315 3479 1372 3524 et
1401 3472 1630 3524 ablutos
1657 3475 2008 3524 baptismate
2041 3478 2104 3524 ³6-

461 3471 626 3598 ἓθ1οε
658 3486 823 3525 sacro
855 3471 1072 3526 tinctos
1103 3471 1283 3528 fuisse
1315 3479 1372 3528 et
1401 3471 1630 3529 ablutos
1657 3471 2008 3546 baptismate
2041 3478 2104 3530 3°.

513 3547 684 3597 aatera
714 3559 848 3597 vera
869 3548 1076 3598 errata.
1103 3544 1354 3598 somnia.
1374 3549 1431 3598 et
1451 3546 1857 3598 deliramenta.
1874 3551 1934 3598 in
1958 3547 2104 3598 hanc

513 3547 684 3597 aatera
714 3559 848 3597 vera
869 3548 1076 3611 errata,
1103 3544 1354 3612 somnia,
1374 3549 1431 3599 et
1451 3544 1857 3612 deliramenta,
1874 3551 1934 3601 in
1958 3547 2108 3602 hanc

457 3614 836 3688 scriptionem
861 3615 1082 3686 passim
1105 3616 1753 3688 congesta,singillatim
1779 3634 2109 3688 recensere,

465 3691 584 3741 tam
612 3686 978 3761 superﬂuum
1001 3687 1432 3761 est_,_quam_i_lla
1453 3686 1650 3744 omnia
1671 3686 2107 3761 repraesentare,

465 3704 584 3741 tam
612 3704 976 3757 superuuum
1001 3704 1108 3754 eet,
1135 3704 1310 3813 «suam
1332 3704 1432 3743 uia
1453 3704 1650 3744 omnia
1671 3704 2107 3761 repraesentare,

461 3775 590 3828 quae
623 3763 827 3831 auctor
856 3759 927 3813 de
958 3757 1132 3831 Basili
1183 3759 1250 3831 is,
1283 3759 1650 3831 aliorumque
1680 3761 2107 3830 haereticorum,

462 3846 529 3901 ac
563 3829 886 3901 praesertim
906 3829 1452 3886 Valentinianorum
1471 3829 1790 3896 erroribus,
1809 3835 1882 3889 de
1897 3829 2110 3901 quibus

449 3899 1180 3974 jam_satis_disseruimus,
1200 3902 1282 3956 ita
1303 3903 1451 3960 345
1484 3911 1788 3974 memorat,
1807 3911 1871 3961 ut
1892 3899 1961 3960 de
1985 3905 2101 3961 illis

455 3970 830 4042 confutandis
859 3971 1186 4042 saepissime
1216 3989 1330 4028 non
1363 3977 1668 4031 curaverit.

531 4041 616 4094 Ad
648 4039 770 4094 haec
799 4039 1364 4106 vero,Combeﬁsius
1387 4047 1639 4102 monitos
1672 4064 1777 4103 nos
1809 4047 1944 4103 fecit
1973 4049 2016 4083 ³⁷
2039 4064 2102 4103 se

455 4112 554 4190 diu
590 4109 960 4190 multumque
991 4113 1306 4190 ancipitem
1331 4115 1571 4190 haesisse
1594 4122 1792 4173 utrum
1823 4119 1931 4174 hoc
1952 4136 2100 4190 opus

456 4185 648 4239 Graece
679 4187 932 4252 tantum,
957 4183 1042 4238 uti
1077 4184 1355 4251 diximus,
1379 4187 1621 4254 editum,
1642 4191 1912 4244 Latinum
1949 4183 2097 4246 face-

457 4260 565 4310 ret.
599 4255 989 4321 Quamobrem
1023 4257 1202 4326 petito
1231 4273 1264 4310 a
1293 4256 1434 4327 viris
1465 4260 1671 4327 doctis,
1704 4277 1770 4314 ac
1801 4261 2100 4316 nonnullis

454 4327 723 4402 Ecclesiae
753 4327 1103 4402 prmsulibus
1134 4326 1376 4383 consilio
1407 4329 1592 4385 satius
1625 4326 1770 4402 esse
1812 4332 2103 4402 judicavit

454 4404 543 4456 tot
571 4399 827 4456 absurda
857 4398 1248 4455 deliramenta
1268 4403 1460 4456 Graece
1482 4401 1672 4458 doctis
1691 4398 1887 4458 Graeca
1918 4405 2098 4459 relin-

449 4488 648 4542 quere,
677 4487 853 4547 quam
889 4488 956 4547 ea
985 4472 1190 4547 Latino
1225 4487 1495 4547 sermone
1526 4480 1660 4530 ante
1699 4475 1961 4531 omnium
1996 4493 2096 4547 po-

450 4559 588 4619 nere
641 4545 862 4619 oculos.
893 4544 1037 4619 Nam
1087 4543 1210 4619 haec
1259 4543 1460 4619 Latine
1509 4561 1673 4619 versa
1725 4543 2097 4619 paucissimis

448 4614 722 4687 utilitatis
741 4620 798 4671 et
817 4615 1196 4672 emolumenti
1223 4614 1466 4686 aliquid,
1485 4614 1753 4687 plurimis
1776 4636 1909 4674 vero
1931 4621 2095 4674 dam-

451 4685 511 4738 ni
535 4687 948 4761 et_detrimeuti
965 4687 1214 4761 multum
1235 4685 1440 4761 ail'erre
1460 4685 1894 4760 p'oterant,Quis
1914 4690 2096 4761 igitur

449 4757 669 4829 omnia,
713 4774 839 4829 quae
871 4758 932 4813 in
991 4759 1097 4814 hac
1144 4757 1474 4829 scriptione
1511 4757 1845 4829 occurrunt,
1889 4757 2092 4818 eodem

451 4826 624 4899 modo
656 4826 890 4899 ac_‘alia,
923 4846 1050 4899 quae
1103 4831 1159 4884 in
1220 4826 1477 4886 veterum
1532 4833 1800 4888 Ecclesiae
1833 4826 2089 4890 'Patrum

445 4895 959 4977 lucubrationibus
990 4901 1300 4977 habentur,
1327 4920 1359 4957 a
1383 4903 1556 4977 nobis
1574 4909 1843 4959 accurate
1865 4922 1930 4960 ac
1953 4906 2089 4960 soli-

401 5012 405 5015 .
448 4970 509 5048 to
542 4982 700 5048 more
731 4969 979 5048 singulis
1000 4970 1331 5048 quibusque
1353 4975 1709 5044 exponijure
1735 4993 1826 5030 me
1850 4977 1959 5031 rito
1984 4995 2088 5048 po-

447 5035 696 5119 stulabit
723 5054 862 5119 quae
884 5035 1092 5119 tot'viri
1114 5035 1380 5119 doctrina
1405 5035 1462 5119 et
1484 5035 1879 5102 ecclesiastica
1897 5035 2088 5119 digni-

2249 2545 2529 2612 iarentur,
2564 2543 2828 2614 quotidie
2876 2546 3219 2614 perferrent,
3266 2545 3644 2599 vehementer
3693 2543 3867 2598 dole-

2249 2621 2368 2673 ant.
2403 2617 2649 2671 Peccata
2677 2615 2974 2686 enimvero
3008 2615 3199 2686 magis
3231 2631 3409 2686 quam
3464 2615 3730 2679 morbus,
3767 2632 3876 2670 cu-

2200 2689 2304 2759 jus
2350 2704 2529 2742 causa
2579 2691 2739 2752 sunt,
2775 2685 2969 2742 timeri
3017 2685 3354 2752 deb’ent,’Et
3401 2691 3555 2742 certe
3603 2688 3867 2742 caelestia

2209 2776 2518 2832 speramus
2551 2759 2724 2832 bona,
2752 2775 2819 2814 ac
2863 2762 3167 2832 paternam
3221 2759 3398 2832 etiam
3431 2759 3865 2832 hereditatem,

2211 2829 2380 2899 cujus
2407 2832 2525 2899 jam
2563 2831 2780 2901 pignus
2828 2829 3183 2900 accepimus.
3217 2831 3307 2884 Ad
3357 2847 3425 2885 ea
3474 2835 3673 2884 autem
3705 2831 3863 2886 viam

2210 2901 2494 2958 Dominus
2526 2901 2890 2966 monstravit,
2917 2902 3015 2955 ubi
3040 2901 3231 2972 jubet,
3257 2906 3320 2956 ut
3343 2902 3862 2972 rejectisterrena-

2211 2987 2346 3030 rum’
2375 2990 2568 3028 rerum
2601 2974 2760 3029 curis
2791 2973 3048 3044 primum
3106 2978 3401 3043 quaeratur
3425 2973 3524 3028 Dei
3586 2989 3861 3044 regnum,

2213 3052 2388 3118 atque
2416 3046 2672 3118 ipsemet
2705 3050 2817 3100 Deo
2839 3045 3074 3118 animus
3105 3050 3304 3100 noster
3331 3044 3667 3116 impleatur.
3692 3046 3866 3101 Pater

2215 3117 2407 3173 autem
2441 3117 2506 3179 ⁴⁸,
2538 3117 2720 3172 Filius
2752 3122 2808 3170 et
2835 3117 3086 3188 Spiritus
3118 3121 3359 3172 sanctus
3387 3122 3506 3171 tres
3554 3120 3696 3172 sunt
3725 3118 3862 3188 qui-

2213 3191 2324 3244 bus
2357 3189 2605 3244 testibus
2637 3193 2814 3259 atque
2863 3187 3227 3258 adjutoribus
3276 3189 3557 3243 mandata
3604 3187 3862 3259 perfecte

2215 3260 2508 3317 observari
2544 3276 2779 3316 necesse
2806 3265 2916 3315 est.

2284 3333 2430 3387 Tum
2465 3338 2666 3387 auctor
2698 3331 2776 3386 ibi
2805 3329 3040 3402 exponit
3069 3331 3112 3364 ‘7
3135 3330 3269 3400 quid
3292 3330 3590 3401 jejunium
3610 3330 3861 3401 mystice

2217 3404 2528 3475 signiﬁcet,
2555 3411 2614 3458 et
2646 3401 2891 3475 quisint
2919 3401 3081 3458 illius
3110 3402 3368 3475 effectus.
3394 3403 3725 3457 Orationem
3751 3418 3860 3456 ve-

2217 3474 2288 3530 ro
2305 3475 2540 3544 majoris
2564 3474 2794 3529 virtutis
2815 3491 2944 3529 esse
2967 3474 3245 3543 ostendit,
3269 3490 3441 3544 quam
3473 3475 3647 3528 ﬁdem
3675 3479 3861 3538 ;tam-

2217 3548 2329 3602 etsi
2362 3548 2411 3600 is
2444 3545 2542 3617 qui
2576 3546 2762 3600 credit
2788 3545 3195 3600 remissionem
3230 3552 3601 3616 peccatorum
3651 3561 3861 3600 conse-

2219 3622 2456 3689 quatur.
2492 3623 2641 3672 Deus
2672 3634 2805 3672 vero
2834 3618 2898 3683 ‘3,
2923 3618 3096 3686 cujus
3119 3622 3266 3672 nutu
3298 3617 3500 3672 omnia
3521 3617 3694 3689 ﬁunt,
3723 3633 3859 3687 pro-

2219 3687 2429 3762 phetas
2462 3694 2519 3744 et
2550 3689 2844 3762 apostolos
2877 3689 2932 3743 in
2968 3689 3274 3762 hominum
3308 3687 3768 3762 mittitsalutem
3794 3690 3862 3750 η,

2219 3759 2394 3832 atque
2424 3777 2523 3833 per
2554 3759 2960 3833 hominesnos
2986 3759 3209 3833 genuit,
3242 3764 3299 3833 et
3327 3759 3561 3826 erudiit,
3598 3765 3864 3831 praestat-

2141 3855 2183 3918 ρ
2219 3829 2331 3904 que
2362 3829 2664 3888 beneﬁcia.
2699 3833 2778 3918 ad
2827 3831 2948 3888 haec
2991 3829 3203 3918 vero"
3232 3829 3329 3886 ille
3376 3829 3859 3918 nps‘,_an_tequam

2211 3902 2764 3984 e'ssemus,gcreav_it,
2786 3919 3022 3984 suaque
3052 3903 3348 3984 deinceps,
3381 3904 3430 3958 si
3461 3902 3640 3984 digni
3677 3903 3858 3984 fueri-

2213 3992 2366 4043 mus,
2400 3975 2586 4046 gratia
2617 3975 2820 4030 salvat.
2846 3979 3024 4030 Porro
3047 3980 3240 4029 autem
3267 3975 3362 4029 ille
3385 3991 3538 4030 unus
3559 3979 3648 4030 est
3682 3976 3858 4038 Deus,

2211 4048 2311 4128 qui
2342 4052 2741 4128 tempestates,
2765 4051 3051 4128 tempora,
3079 4047 3304 4128 fructus
3325 4052 3385 4101 et
3405 4047 3702 4128 elementa
3733 4062 3860 4102 mu-

2211 4117 2315 4183 tat,
2350 4136 2414 4174 ac
2445 4117 2697 4190 singulis
2724 4117 3078 4189 principium
3110 4122 3168 4172 et
3197 4118 3374 4172 ﬁnem
3409 4117 3634 4190 deﬁnit.

2280 4191 2385 4253 Qui
2417 4189 2619 4245 vero“
2653 4207 2720 4244 ex
2752 4191 2866 4245 ﬁde
2898 4197 2954 4246 et
2983 4190 3196 4244 timore
3225 4191 3295 4244 ad
3347 4189 3676 4254 scientiam,
3709 4189 3856 4260 γνῶτ

2210 4281 2312 4328 σιν,
2347 4263 2629 4334 pervenit,
2655 4263 2780 4330 jam
2827 4278 2941 4316 non
2991 4276 3217 4334 servus,
3251 4261 3350 4334 sed
3401 4262 3560 4316 ﬁlius
3609 4259 3733 4326 est,
3754 4259 3860 4334 qui

2210 4332 2364 4389 metu
2399 4333 2704 4399 liberatus,
2733 4337 2789 4388 et
2822 4337 3124 4404 provectus
3152 4333 3223 4388 ad
3255 4332 3629 4404 cbaritatem,
3653 4348 3689 4386 a
3718 4332 3860 4386 veti-

2207 4407 2283 4459 tis
2315 4406 2592 4473 abstinet,
2625 4421 2690 4459 ac
2721 4403 3014 4459 mandatis
3045 4404 3427 4474 obtemperat.
3461 4403 3729 4459 Christus
3755 4419 3859 4457 au-

2208 4483 2325 4558 tem
2361 4477 2607 4558 saguiue
2637 4476 3026 4558 suu‘pretioso
3061 4473 3326 4558 redimit,
3345 4481 3524 4556 atque
3570 4475 3631 4529 in
3663 4473 3851 4558 liber-

2206 4553 2384 4603 tatem
2417 4545 2676 4604 vindicat
2707 4545 2877 4613 ﬁlios,
2909 4547 3237 4602 cohaeredes
3279 4552 3336 4602 et
3375 4545 3596 4602 amicos
3628 4545 3855 4613 quibus

2206 4619 2262 4672 in
2297 4619 2453 4674 caelis
2483 4623 2571 4674 est
2620 4623 2790 4674 Pater
2817 4620 2882 4674 ⁸³.
2919 4618 3189 4674 Charitas
3243 4618 3540 4674 enimvero
3598 4617 3717 4672 illis
3741 4617 3851 4672 im-

2204 4697 2387 4761 perat,
2421 4690 2574 4746 sicut
2617 4691 2710 4760 iis,
2743 4691 2843 4760 qui
2902 4689 3067 4744 inviti
3116 4690 3165 4746 ei
3211 4695 3452 4761 parent,
3504 4689 3700 4761 malus
3757 4694 3852 4744 est

2203 4760 2397 4816 timor.
2432 4762 2643 4817 Nullus
2678 4778 2845 4832 porro
2903 4761 3086 4817 Deum
3148 4760 3341 4832 diligit
3398 4777 3500 4833 pro
3533 4760 3849 4833 dignitate,

2201 4849 2377 4904 quam
2413 4839 2617 4889 auctor
2647 4849 2938 4888 summam
2970 4838 3026 4888 et
3084 4833 3375 4889 inﬁnitam
3409 4849 3562 4890 .esse
3593 4833 3848 4887 demon-

2197 4910 2312 4959 trat
2341 4905 2403 4959 ⁵³.

2270 4977 2547 5039 Quamvis
2600 4980 2792 5030 autem
2842 4975 3039 5031 anima
3088 4975 3278 5047 pergit
3307 4975 3408 5032 ille
3436 4977 3500 5043 5‘,
3531 4991 3599 5031 ex
3646 4975 3848 5046 seipsa

2199 5054 2520 5115 moveatur,
2555 5048 2610 5101 id
2645 5047 2731 5102 illi
2778 5052 2972 5103 tamen
3005 5044 3301 5116 ert—gratia
3350 5047 3536 5102 oritur
3586 5047 3705 5113 Dei,
3739 5044 3843 5118 qui

443 5112 562 5163 tate
593 5112 936 5190 praestantes
967 5109 1038 5164 iis
1070 5112 1230 5178 solis,
1261 5114 1359 5184 qui
1413 5117 1667 5190 Graecam
1720 5119 1928 5174 callent
1961 5109 2089 5175 ‘lin-
2196 5119 2360 5174 illius
2389 5109 2518 5174 vult
2543 5135 2672 5174 esse
2705 5119 3025 5190 proprium,
3060 5109 3216 5190 quod
3250 5119 3468 5174 bonum
3499 5117 3585 5172 illi
3612 5109 3845 5172 tribuit.

441 5195 620 5306 guam
655 5179 977 5234 deserenda
1006 5195 1134 5261 esse
1166 5179 1570 5262 censuerunt?
1593 5191 1676 5244 Ad
1709 5191 1880 5245 aliam
1910 5192 2088 5259 igitur

491 5267 692 5306 musce
723 5255 1237 5306 commentationis
1270 5263 1513 5306 partem-
1549 5276 1722 5306 mmm
1773 5265 2085 5306 αηηιιίςιίιιρ

491 5252 692 5330 ujusce
720 5252 1237 5330 commentationis
1269 5263 1513 5330 partem,
1549 5276 1722 5330 quam
1773 5252 2085 5318 Comlisius

441 5324 645 5405 _Latino
680 5324 959 5404 idiomate
993 5324 1268 5379 omnibus
1300 5324 1643 5386 exibendam
1676 5349 1804 5388 esse
1836 5337 2084 5405 putavit,

432 5397 558 5465 jam
591 5396 918 5451 veniamus.

508 5468 790 5523 Secundae
826 5466 1025 5539 itaque
1061 5466 1236 5538 hujus
1258 5471 1956 5545 opusculipartis3°,quae
1981 5475 2089 5528 «Ex

506 5593 550 5626 ³³
580 5592 684 5647 col.
722 5593 773 5644 2.
855 5594 900 5626 ³³³
933 5592 1040 5645 cui.
1082 5594 1128 5645 1.
1206 5593 1251 5626 ³³
1280 5591 1387 5646 Cui.
1419 5594 1474 5646 5.
1553 5595 1596 5628 ³⁵
1627 5596 1734 5649 Cnl.
1769 5599 1821 5650 6.

433 5665 476 5698 aa
508 5665 536 5734 ξ
566 5664 614 5719 ,1,
693 5664 738 5698 39
769 5666 796 5733 ξ
824 5665 875 5717 2.
957 5667 999 5697 ὀυ
1031 5664 1172 5719 Dan.
1207 5681 1291 5730 ιιι,
1323 5666 1412 5719 55.
1490 5667 1531 5700 ⁴¹
1571 5670 1660 5733 §3
1689 5672 1745 5721 et
1778 5669 1832 5723 4.

1901 5599 1943 5629 3°
1976 5598 2078 5652 col.
2116 5602 2168 5652 ‘J.
2247 5601 2289 5634 ³⁷
2319 5603 2552 5655 Auctar.
2614 5600 2794 5656 Graec.
2857 5600 2989 5655 Ριιῑῐ·
3018 5642 3033 5662 .

1922 5671 1964 5702 ⁵³
1993 5672 2131 5724 Gen.
2170 5687 2208 5737 ι,
2244 5673 2292 5725 1.
2370 5673 2414 5706 ⁴³
2605 5674 2657 5740 6,
2691 5673 2832 5736 7,8.
2914 5673 2954 5705 “
2985 5672 3126 5727 Gen.
3160 5687 3200 5738 ι,
3235 5672 3288 5725 2.

2199 5191 2397 5272 Itaque
2430 5191 2583 5246 Deus
2602 5191 3532 5272 anima;_dil_igendi_partes_dedit
3552 5196 3618 5272 ut
3635 5206 3765 5272 eam
3787 5194 3849 5246 et

2197 5264 2286 5316 sui
2305 5260 2630 5318 admoneat
2660 5262 2859 5327 olﬁcii,
2885 5269 2942 5318 et
2965 5260 3064 5318 illa
3083 5260 3265 5318 libere
3287 5262 3511 5328 volens,
3533 5267 3590 5316 et
3619 5261 3846 5333 eligens

2197 5334 2407 5405 capiat,
2444 5351 2508 5389 ac
2540 5338 2752 5389 teneat.

2268 5403 2342 5462 ᾉι
2366 5406 2636 5461 Christus
2684 5405 2823 5460 olim
2873 5421 2974 5477 per
3025 5404 3342 5476 prophetas
3371 5404 3436 5477 ξε,
3469 5419 3536 5477 ac
3582 5403 3850 5459 humano

2199 5493 2440 5548 corpore
2471 5482 2801 5549 assumpto,
2835 5475 2938 5548 per
2965 5475 3226 5548 seipsum
3260 5475 3429 5532 nobis
3472 5475 3705 5532 locutus
3734 5481 3850 5543 est,

3095 5603 3245 5671 part.
3280 5613 3318 5670 ι,
3357 5617 3413 5670 p.
3449 5601 3549 5654 197
3605 5605 3662 5656 et
3721 5615 3849 5669 seq.

3367 5672 3474 5739 “§
3526 5674 3581 5738 9,
3638 5672 3726 5739 10,
3759 5674 3847 5735 11,

577 5718 649 5770 ίιθ
680 5737 707 5803 §
739 5718 824 5790 1'3.
902 5736 942 5769 η
973 5739 1000 5807 ξ
1035 5737 1116 5790 14.
1164 5718 1416 5808 "8-15.
1498 5718 1742 5805 “6'16.
1788 5718 1923 5808 ’έθξ
1982 5718 2133 5795 ﬁgi
2165 5718 2292 5797 1"8."
2327 5745 2367 5778 δι
2405 5718 2579 5816 ὦ.
2609 5718 2900 5810 Ἴδίὲῖο.
2979 5718 3842 5812 ἒὲξ”έί,”’διἓΞ2Ῐ⁷⁶ίζέἑῖ

501 5858 578 5930 (1)
610 5858 802 5915 Graece
832 5863 888 5916 et
919 5859 1116 5916 Latine
1145 5860 1364 5932 prodiit
1392 5860 1453 5918 in
1485 5862 1736 5919 editione
1761 5861 1994 5920 Potteri.
