3920 6214
2263 339 2825 355 -ωι--ᾚ
2829 347 2963 357 “‘\
2984 350 3234 361 ——_——_

513 488 1404 620 EDITIONIS
1488 494 1755 620 MA

1885 501 2153 691 FEI
2232 502 3178 640 PR/EFATIO.

1213 757 2521 812 ψ

266 954 400 1011 Cum
429 952 819 1025 deprehensum
867 965 1039 1022 nuper
1069 949 1139 1004 sit
1164 949 1222 1004 S.
1267 946 1452 1002 Hilarii
1484 945 1789 1001 Pictavien-
1816 944 1866 1005 A
1899 943 2119 1011 tionem,
2147 954 2206 1001 ut
2230 947 2426 1004 eruditi
2456 952 2628 1008 seculi
2658 956 2816 1026 genio
2851 973 3056 1016 morem
3101 977 3308 1034 geram,
3334 968 3494 1026 exhi-

197 1050 272 1104 sis
301 1063 462 1119 opera
485 1048 537 1102 in
572 1060 732 1116 quam
762 1044 945 1100 multis
971 1041 1310 1098 bibliothecis
1343 1039 1662 1104 desiderari,
1693 1052 1790 1092 ve-

197 1144 332 1200 nalia
363 1157 494 1197 vero
521 1142 574 1197 in
596 1140 746 1195 Italia
781 1139 1029 1194 universa
1059 1137 1144 1191 vix
1177 1135 1435 1206 reperiri,
1463 1132 1793 1204 praestantis-

194 1239 359 1291 simus
386 1234 781 1289 Canonicorum
812 1231 1206 1288 Veronensium
1248 1237 1442 1288 coetus,
1465 1237 1628 1296 atque
1654 1225 1790 1280 adeo

191 1329 303 1399 ejus
353 1325 801 1396 Archiprcsbyter
835 1323 1071 1378 Joannes
1116 1321 1439 1376 Franciscus
1483 1317 1786 1382 Musellius,

189 1417 490 1474 studiorum
538 1415 717 1471 fautor
755 1413 1073 1479 acerrimus,
1117 1412 1432 1481 piarumque
1475 1425 1539 1466 ac
1567 1410 1791 1466 eximia-

187 1525 300 1565 rum
327 1523 513 1564 rerum
540 1513 830 1578 perpetuus
859 1515 1066 1570 auctor,
1099 1502 1480 1559 vetustissimis
1501 1501 1662 1557 etiam
1683 1501 1788 1557 Ca-

184 1601 508 1673 pitularibus
560 1599 840 1656 codicibus
885 1612 1079 1652 novam
1124 1595 1413 1651 editionem
1445 1603 1535 1649 aut
1577 1595 1783 1665 augeri,

183 1703 272 1748 aut
300 1707 632 1762 magnopere
662 1690 916 1746 illustrari
941 1703 1102 1760 posse
1140 1697 1449 1759 sperantes,
1481 1697 1539 1742 ut
1562 1687 1785 1758 praecla-

179 1785 377 1840 rissimi
408 1785 579 1840 Patris
607 1784 804 1853 scripta
831 1783 882 1836 in
914 1782 1014 1836 hac
1039 1781 1258 1836 civitate
1291 1781 1432 1852 typis
1469 1780 1647 1835 denuo
1677 1788 1784 1834 Ira-

179 1875 458 1942 tlerentur,
511 1874 863 1929 constituere.
913 1872 1044 1928 Cum
1093 1885 1223 1926 vero
1264 1885 1382 1926 eam
1427 1869 1558 1924 mihi
1597 1884 1780 1924 curam

177 1966 505 2023 demandare
529 1966 840 2035 placuisset,
863 1963 1126 2030 viderem,
1177 1978 1244 2018 ne
1291 1962 1419 2033 quid
1466 1961 1632 2017 editio
1666 1963 1780 2017 luec

174 2058 485 2114 detrimenti
521 2067 777 2127 caperet;
818 2056 944 2125 quin
975 2056 1018 2109 si
1042 2054 1340 2110 anteriores
1395 2067 1586 2109 omnes
1639 2067 1780 2108 novo

173 2151 464 2208 accedente
493 2150 693 2217 studio,
727 2160 889 2220 atque
935 2148 1141 2204 iteratis
1170 2147 1316 2203 curis
1338 2147 1650 2217 supergredi
1681 2161 1776 2202 no-

170 2244 250 2299 bis
289 2244 504 2308 liceret,
554 2253 611 2297 ut
639 2241 691 2296 id
740 2255 1076 2312 nequaquam
1129 2241 1662 2309 przetermitteretur;
1707 2238 1775 2294 ad

1897 1034 2024 1092 bere
2053 1053 2236 1110 pergo.
2265 1040 2419 1098 Alter
2447 1059 2515 1099 ex
2539 1046 2642 1102 illis
2669 1063 2807 1118 opus
2833 1054 3075 1110 continet
3100 1057 3168 1114 de
3208 1059 3490 1121 Trinitate.

1897 1127 2057 1184 Liber
2079 1143 2163 1186 est
2189 1135 2411 1191 maximi
2438 1138 3000 1214 moduli,singularem
3027 1157 3136 1205 tum
3164 1152 3491 1223 litterarum,

1894 1229 2006 1276 tum
2062 1225 2388 1294 membrana:
2443 1232 2890 1301 magniﬁcentiam
2945 1247 3260 1312 ostentans,
3327 1245 3498 1317 ligura

1893 1315 2175 1382 quadrata,
2207 1317 2323 1372 laevi
2352 1320 2536 1376 charta
2556 1338 2620 1378 ac
2642 1326 2958 1399 plerumque
2973 1333 3173 1400 subtili,
3191 1315 3494 1395 atramento

1893 1405 2156 1508 inllav'um
2185 1421 2462 1481 vergente,
2490 1417 2753 1486 scriptura
2784 1420 2964 1489 biﬁda,
2991 1437 3151 1497 atque
3180 1444 3208 1481 a
3235 1435 3494 1502 temporis

1893 1497 2102 1566 injuriis
2128 1499 2361 1556 intacta:
2388 1504 2498 1560 oris
2523 1506 2629 1564 late
2656 1509 3241 1576 circumalbicantibus.
3269 1497 3493 1594 Integra:

1892 1592 2098 1662 pagina:
2128 1597 2405 1665 exemplar
2431 1600 2603 1660 vides.

1961 1706 2158 1763 Eadem
2192 1725 2403 1782 manus,
2438 1715 2573 1772 nihil
2629 1735 2848 1790 prorsus
2889 1725 2957 1780 ab
3001 1726 3102 1782 hac
3137 1732 3490 1802 amplitudine

1887 1807 1943 1852 et
1971 1801 2252 1872 scripturae.
2297 1807 2582 1878 majestate
2611 1811 2925 1882 deﬂectens,
2961 1815 3166 1887 perstat
3206 1801 3376 1894 usque
3419 1829 3492 1884 ad

1885 1899 2208 1948 extremum.
2245 1895 2357 1951 Sub
2380 1897 2538 1954 liuent
2571 1910 2678 1957 tres
2709 1915 2803 1960 aut
2845 1919 3077 1977 quatuor
3113 1909 3493 1973 desiderantur

1883 1983 2105 2049 chartae,
2139 2000 2467 2058 quapropter
2502 2007 2602 2047 nec
2639 1994 2868 2065 librarii,
2903 2015 3002 2055 nec
3032 2006 3290 2075 temporis
3320 2021 3485 2080 supe-

1884 2082 1998 2128 rest
2023 2083 2147 2130 nota
2171 2093 2185 2142 ;
2211 2079 2304 2134 sed
2329 2083 2518 2150 quinto
2547 2094 2639 2139 aut
2666 2097 2820 2142 sexto
2841 2091 3025 2146 seculo
3068 2105 3346 2152 exaratum
3387 2115 3485 2155 co-

1882 2164 2055 2262 dicem
2085 2169 2280 2226 indicia
2314 2176 2638 2243 persuadent
2657 2182 2858 2238 omnia.
2885 2185 3237 2256 Antiquitatis
3257 2191 3486 2262 gloriam

1883 2259 2102 2352 minime
2128 2277 2257 2331 ergo
2297 2264 2470 2321 codex
2517 2278 2701 2325 noster
2747 2275 3045 2343 percelebri
3097 2280 3173 2335 illi
3213 2259 3488 2352 concedit,

167 2345 503 2438 postrema-fl
552 2333 848 2441 prasinum.
870 2347 1066 2441 ςιιιτεὶιξ
1116 2330 1480 2387 Benediclinis
1517 2330 1774 2441 {Mutinae
1805 2337 1854 2397 B
1879 2350 2049 2418 quiin
2080 2330 2316 2410 Archivo
2349 2357 2616 2415 Vaticana:
2647 2330 2888 2419 Basilicac
2912 2330 3484 2441 εὶιςιὸάέἷιῖτξξῖξοῖξί

166 2427 602 2498 congregationis
642 2424 918 2480 Monachis
958 2424 1234 2480 elaborata
1283 2433 1390 2489 est,
1424 2439 1494 2479 ne
1521 2423 1649 2479 dum
1683 2424 1769 2479 in-

164 2520 522 2592 spiciendam,
551 2519 646 2575 sed
672 2529 930 2590 quantum
962 2518 1159 2588 ingenii
1200 2519 1305 2574 mei
1337 2520 1569 2574 tenuitas
1623 2518 1770 2575 l‘ere-

165 2612 271 2676 bat,
297 2611 684 2667 excutiendam
724 2610 885 2664 etiam
927 2623 989 2663 ac
1018 2608 1388 2679 pensitandam
1427 2624 1514 2664 me
1543 2609 1768 2666 contuli.

165 2703 550 2759 Verumtamen
595 2703 738 2758 illam
782 2711 887 2756 tam
931 2700 1110 2765 docte,
1140 2709 1247 2754 tam
1297 2700 1603 2770 diligenter,
1661 2709 1766 2755 tam

161 2797 398 2852 studiose
429 2793 763 2861 confectam,
794 2793 1140 2863 numerisque
1176 2792 1426 2847 omnibus
1463 2792 1766 2848 absolutam

95 2902 113 2916 κ
164 2888 440 2958 percipere
465 2885 602 2941 mihi
633 2885 779 2940 visus
808 2899 950 2949 sum,
984 2893 1040 2938 ut
1077 2883 1146 2939 ab
1173 2899 1236 2940 ea
1265 2883 1623 2950 recedendum
1667 2885 1768 2940 mi—

165 2979 300 3034 nime
327 2976 714 3042 existimarim,
741 2985 796 3032 et
827 2977 1020 3046 piaculi
1055 2977 1173 3031 loco
1201 2976 1444 3032 duxerim
1491 2977 1767 3032 intermis-

161 3084 280 3126 cere
318 3070 643 3141 quidquam,
695 3068 1032 3138 laudatmque
1074 3082 1262 3122 eorum
1300 3067 1568 3123 editorum
1609 3068 1766 3123 indu-

162 3167 301 3220 striae
384 3163 901 3235 quomodocumque
975 3176 1168 3216 manus
1247 3161 1466 3217 inferre.
1561 3163 1764 3216 Auctor

167 3266 446 3329 propterea
493 3255 588 3322 lui,
616 3265 674 3309 ut
703 3253 948 3309 Parisina
980 3253 1136 3322 plane
1166 3251 1332 3308 editio
1371 3250 1758 3319 recuderetur;

160 3350 310 3404 simul
334 3359 547 3414 tamen,
580 3347 722 3418 quod
745 3346 904 3401 unice
929 3345 1084 3400 nobis
1113 3353 1384 3415 superest,
1411 3344 1662 3416 quicquid
1693 3345 1760 3400 ad

159 3456 268 3496 eam
290 3439 598 3495 ornandam
629 3454 696 3494 ex
719 3452 850 3494 mss.
879 3437 1157 3493 codicibus
1185 3439 1382 3492 nostris
1410 3438 1525 3492 erui
1557 3446 1757 3508 posset,

157 3530 968 3603 excerpereturdiligentissime
989 3540 1149 3600 atque
1174 3530 1226 3585 in
1258 3529 1526 3600 publicum
1558 3529 1756 3586 bonum

156 3627 515 3681 emitteretur.
544 3622 730 3694 Neque
763 3621 907 3677 enim
945 3622 1196 3677 assentiri
1228 3621 1474 3691 profecto
1517 3635 1753 3692 possem,

1880 2439 2037 2496 unice
2065 2446 2470 2505 vetustissimus
2499 2452 2565 2506 ad
2591 2451 2731 2508 hanc
2761 2455 2905 2511 diem
2935 2439 3330 2529 deprmdicatus
3355 2478 3438 2522 est
3464 2489 3478 2524 :

1875 2533 2019 2602 quod
2069 2535 2213 2590 enim
2262 2555 2384 2594 eum
2435 2541 2496 2596 P.
2553 2543 2893 2602 Mabillonius
2944 2549 3168 2620 dixerit,
3219 2557 3482 2628 scriptum

1875 2638 1997 2722 csse
2025 2628 2118 2722 sub
2144 2630 2298 2722 finem
2336 2636 2494 2688 seculi
2528 2640 2699 2704 quarti
2727 2651 2816 2694 aut
2856 2642 3062 2699 ineunte
3109 2649 3311 2715 quinto,
3359 2668 3480 2722 qua:

1875 2717 2038 2772 verba
2068 2719 2126 2774 P.
2159 2719 2438 2778 Cutantius
2464 2731 2657 2798 repetit
2683 2731 2734 2785 in
2767 2734 3086 2804 praefatione
3107 2781 3121 2804 ,
3163 2740 3214 2796 id
3245 2717 3398 2800 mero
3421 2757 3484 2802 et

1873 2808 2237 2868 involtmtario
2269 2814 2421 2886 lapsu
2447 2820 2578 2875 viris
2607 2822 2937 2882 doctissimis
2983 2831 3256 2889 excidisse
3295 2846 3470 2906 patet,

1869 2913 1989 2955 cum
2020 2903 2087 2958 ad
2117 2920 2317 2962 annum
2349 2909 2616 2968 decimum
2642 2924 2696 2969 et
2717 2920 3207 2991 quingentesimum
3229 2903 3474 2997 ejusdem

1868 2994 2212 3052 collationem
2244 3013 2500 3058 revocent
2529 3021 2542 3059 :
2572 3022 2680 3077 quo
2701 3021 2932 3080 constat,
2976 3017 3069 3070 sub
3119 2994 3275 3087 ﬁnem
3313 3027 3479 3080 seculi

1866 3087 2050 3187 quinti,
2083 3101 2172 3187 aut
2199 3093 2403 3187 ineunte
2425 3106 2568 3150 sexto
2614 3099 2714 3169 (Re
2741 3100 2888 3172 Dipl.
2914 3105 3002 3160 lib.
3055 3123 3109 3173 ν,
3151 3095 3279 3182 βαρ.
3313 3114 3469 3187 550),

1866 3181 2251 3237 enuntiandum
2279 3183 2466 3242 fuisse.
2495 3187 2688 3245 Verum
2711 3195 2972 3264 suspicari
2997 3214 3084 3253 me
3100 3181 3472 3273 vehementer,

1866 3269 2325 3340 ltallucinationis,
2365 3288 2457 3332 aut
2480 3283 2683 3337 erroris
2711 3285 2980 3356 quidpiam
3009 3290 3060 3344 in
3082 3291 3286 3360 judicio
3313 3295 3382 3354 de
3402 3269 3472 3354 eo

1863 3362 2050 3418 codice
2074 3365 2140 3418 ad
2174 3363 2312 3421 hanc
2343 3367 2485 3425 diem
2517 3373 2628 3427 lato
2658 3375 2904 3444 subesse,
2933 3380 3240 3449 aclatitare,
3265 3399 3468 3458 nequa-

1864 3470 2024 3550 quam
2055 3456 2356 3515 dissimulo.
2395 3463 2654 3528 Quamvis
2681 3469 2824 3521 enim
2863 3485 2893 3523 e
2920 3471 3304 3531 Mabilloniano
3343 3456 3470 3550 speé

1860 3549 2058 3605 cimine
2083 3550 2279 3608 eximia
2313 3553 2437 3610 libri
2467 3566 2708 3614 vetustas
2740 3573 3019 3632 appareat,
3053 3581 3160 3622 non
3197 3549 3468 3639 ejusmodi

155 3721 279 3773 utin
303 3719 408 3773 hac
449 3716 591 3772 urbe
619 3730 837 3787 quoque
883 3730 1000 3769 mos
1029 3714 1355 3784 arriperetur
1383 3729 1568 3769 eorum
1604 3724 1755 3785 typo-

1868 3737 2096 3791 muniter
2133 3737 2401 3795 adhibitae
2448 3756 2616 3813 usque
2643 3760 2708 3799 eo
2747 3751 2993 3804 revocari
3038 3753 3228 3820 possit.
3273 3755 3463 3814 Testes

154 3810 510 3882 grapborum,
548 3809 640 3880 qui
696 3808 904 3862 lucrum
929 3811 1246 3878 papyraccis
1287 3807 1554 3862 mercibus
1593 3821 1758 3862 aucu-

157 3904 341 3972 paturi,
365 3903 437 3958 de
467 3911 775 3957 atramento
800 3915 864 3955 ac
890 3900 958 3955 de
993 3899 1301 3955 chartarum
1325 3899 1575 3969 plaustris
1597 3901 1755 3956 unice

153 4005 272 4051 sunt
298 3995 548 4059 solliciti,
567 4009 790 4065 remque
815 3993 1087 4048 librariam
1111 4009 1141 4048 e
1177 3993 1424 4048 litteratis
1447 3992 1755 4050 hominibus

153 4090 381 4158 pendere
425 4090 766 4160 ignorantes,
796 4088 1059 4144 editiones
1092 4087 1215 4142 alibi
1247 4086 1414 4142 factas
1456 4087 1604 4141 nullo
1635 4098 1750 4141 stu-

153 4180 233 4234 dio
257 4181 552 4246 recuduut,
587 4179 817 4234 consilio
859 4179 1027 4234 nullo.
1059 4179 1097 4235 li
1129 4178 1336 4234 scilicet
1362 4193 1430 4235 ne
1457 4178 1525 4234 de
1557 4179 1751 4248 prmia-

154 4273 375 4329 tiuncula
405 4273 663 4330 addenda
693 4273 931 4345 cogitant
955 4271 1194 4342 quidem,
1245 4272 1440 4327 nedum
1494 4271 1751 4330 illustrari

153 4373 296 4426 novis
325 4370 505 4435 curis,
537 4376 695 4437 atque
710 4367 896 4436 augeri
937 4374 1179 4421 veterum
1214 4363 1550 4434 Scriptorum
1571 4363 1750 4434 Opera

151 4476 416 4538 satagant;
445 4465 577 4535 quin
605 4476 727 4516 cum
756 4460 860 4515 duo
889 4469 980 4514 aut
1011 4459 1130 4526 tria,
1154 4458 1366 4513 titulum
1401 4457 1746 4525 exhibentes,

152 4559 214 4612 de
231 4572 329 4614 suo
361 4557 612 4629 proferre
640 4553 801 4609 verba
823 4561 1104 4622 cogantur,
1152 4551 1240 4606 illa
1288 4549 1502 4622 ipsimet
1556 4549 1740 4618 adjun.

153 4661 294 4719 gunt,
319 4661 488 4723 atque
516 4649 719 4724 solaeco
745 4647 945 4717 aliquo,
988 4646 1033 4700 si
1067 4647 1177 4701 Deo
1206 4645 1403 4716 placet,
1453 4645 1538 4699 vel
1568 4643 1746 4715 lepida

153 4745 370 4814 quadam
413 4742 708 4799 ridiculave
738 4739 964 4795 formula
1013 4739 1134 4795 libri
1175 4738 1406 4792 frontem
1454 4737 1748 4807 insigniunt

152 4835 471 4906 quandoque
505 4849 568 4889 ac
597 4832 950 4902 distinguunt.
981 4832 1376 4902 Deplorandum
1419 4831 1543 4896 hoc,
1581 4840 1637 4886 et
1669 4829 1746 4884 fa-

151 4929 252 4982 tale
309 4925 700 4998 propemodum
746 4924 930 4980 ltalico
987 4925 1189 4980 nomini
1233 4923 1434 4978 malum
1485 4921 1626 4977 haud
1671 4922 1743 4977 ita

148 5019 384 5090 profecto
409 5019 684 5089 glisceret,
707 5005 868 5073 modo
902 5018 990 5089 qui
1018 5017 1187 5074 libros
1221 5017 1432 5072 delectu
1474 5016 1620 5072 nullo
1643 5058 1657 5082 ,
1688 5023 1745 5072 et

1862 3828 2110 3898 appello,
2151 3832 2479 3903 quicumque
2533 3837 2584 3890 in
2628 3839 2819 3906 priscis
2862 3845 3238 3914 perquirendis
3265 3851 3467 3907 codici-

1861 3918 1982 3987 bus,
2043 3935 2106 3975 ae
2156 3923 2392 3980 terendis
2447 3927 2670 3984 minime
2718 3931 3135 4000 perfunctoriam
3181 3942 3469 4010 posuerint

1857 4025 2100 4080 operam.
2133 4013 2294 4071 Liber
2323 4017 2586 4088 siquidem
2614 4020 2682 4076 de
2727 4039 2833 4092 quo
2860 4026 3067 4096 agimus
3105 4045 3167 4084 ea
3195 4034 3461 4104 scriptura

1857 4114 2088 4170 constat,
2113 4105 2166 4160 iu
2197 4122 2357 4177 quam
2391 4111 2627 4180 sequiori
2674 4129 2790 4170 aevo
2837 4119 3036 4174 sensim
3078 4120 3296 4180 deﬂexit
3352 4127 3461 4183 Ro-

1856 4207 2136 4250 manorum
2171 4200 2418 4267 uncialis,
2447 4203 2564 4256 solo
2602 4203 2646 4258 N
2685 4206 2944 4276 majorem
2985 4226 3048 4267 ac
3078 4215 3310 4283 priscam
3343 4218 3456 4275 lor-
3493 4184 3520 4204 O

1856 4299 1997 4340 mam
2028 4288 2314 4345 retinente.
2348 4291 2445 4346 lllo
2471 4295 2741 4352 scribendi
2761 4314 2962 4369 genere
2990 4305 3141 4360 multi
3175 4309 3357 4364 multis
3401 4315 3456 4368 in

1855 4375 1990 4431 locis
2010 4379 2350 4448 reperiuntur
2387 4383 2623 4452 codices,
2663 4403 2890 4456 quorum
2937 4397 3244 4465 quempiam
3291 4415 3454 4457 nemo

1853 4483 2105 4540 umquam
2137 4469 2235 4526 fuit
2268 4472 2358 4543 qui
2392 4475 2444 4529 in
2477 4485 2678 4532 tantam
2704 4489 3027 4539 vetustatem
3055 4501 3344 4547 assereret.
3379 4497 3452 4553 At

1852 4559 1921 4615 de
1949 4561 2217 4633 adscripta
2243 4566 2450 4635 epocha
2488 4569 2615 4636 quid
2651 4571 2934 4630 dicemus?
2960 4577 3076 4634 haec
3119 4581 3327 4640 scilicet
3356 4586 3456 4642 lta-

1851 4655 1964 4711 beri
1991 4657 2239 4714 dicuntur
2279 4661 2346 4714 ad
2375 4662 2615 4718 calcem:
2648 4665 2857 4724 Contuli
2899 4671 2953 4726 in
2991 4677 3194 4731 nomine
3245 4678 3456 4738 Domini

1849 4746 1975 4803 Iesu
2018 4751 2208 4806 Christi
2253 4765 2382 4823 aput
2412 4755 2626 4813 Kasulis
2652 4764 2958 4819 constitutus
2987 4783 3122 4822 anno
3169 4775 3452 4840 quartode-

1848 4842 1980 4896 cimo
2010 4842 2358 4900 Trasamundi
2403 4851 2537 4919 regis
2569 4866 2588 4904 :
2627 4867 2748 4921 qua:
2783 4855 3001 4923 quidem
3028 4860 3192 4915 verba
3219 4865 3444 4936 inscrip-

1849 4935 2036 4988 tionem
2060 4937 2330 5007 cujusdam
2353 4939 2572 4995 studiosi
2610 4942 2950 5002 Mabillonius
2992 4951 3263 5020 appellat;
3318 4935 3447 5014 vere

1847 5035 2026 5084 autem
2053 5029 2237 5086 abillo
2257 5029 2466 5101 adjecta
2493 5045 2638 5102 sunt,
2664 5037 2754 5105 qui
2779 5038 3043 5105 codicem,
3074 5051 3132 5098 ttt
3162 5059 3280 5102 mos
3304 5057 3447 5116 erat,

151 5111 328 5165 audito
361 5119 568 5165 tantum
609 5113 903 5167 Auetorum
951 5114 1168 5166 nomine
1216 5111 1396 5165 statim
1447 5103 2074 5178 redimunt,Dcontulit
2122 5129 2283 5192 atque
2341 5103 2807 5184 emendavitaSic
2861 5130 2930 5186 ad
2985 5103 3188 5191 calcem
3235 5103 3444 5212 Virgilii

153 5203 248 5258 sibi
275 5213 534 5260 caverent
558 5203 966 5273 aliquantisper,
1017 5218 1116 5258 nec
1149 5203 1292 5274 quod
1344 5203 1652 5259 inconsulto
1689 5211 1746 5259 et

151 5295 392 5365 imperite
447 5295 502 5350 in
533 5298 633 5350 hoc
661 5310 862 5366 genere
909 5297 1198 5367 peragitur,
1252 5294 1440 5351 eadem
1488 5296 1745 5351 comitate

149 5389 484 5458 exciperent,
501 5402 565 5442 ac
579 5387 720 5458 quod
743 5387 983 5443 studiose
996 5397 1156 5458 atque
1175 5387 1381 5442 utiliter
1410 5386 1740 5442 elaboratur.

212 5479 330 5537 1am
358 5495 498 5537 vero
516 5496 638 5536 cum
669 5481 779 5537 duo
803 5481 1070 5552 praecipue
1099 5479 1156 5535 in
1178 5479 1574 5552 Capitularibus
1607 5481 1743 5538 scri-

151 5573 245 5628 niis
274 5574 334 5629 S.
358 5573 553 5629 Hilarii
575 5573 790 5629 codices
812 5574 1134 5640 habeantur,
1165 5574 1362 5646 quibus
1401 5590 1506 5631 non
1546 5576 1744 5633 multas

149 5665 302 5720 velint
330 5680 402 5721 ex
436 5665 588 5721 istius
603 5664 750 5721 modi
779 5665 1025 5736 reliquiis
1046 5705 1062 5732 ,
1081 5680 1418 5738 quacumque
1441 5667 1660 5724 tandem
1686 5669 1742 5725 in

151 5759 482 5817 Bibliotheca
510 5761 884 5829 superantibus
912 5767 1209 5829 anteponas
1226 5801 1240 5813 .
1264 5775 1451 5816 eorum
1492 5761 1738 5832 descrip—

1846 5211 2069 5268 Medieei
2115 5213 2391 5270 adnotavit
2437 5215 2625 5273 Rutius
2661 5219 3005 5290 Apronianus
3043 5243 3058 5280 :
3102 5227 3230 5301 Legi
3271 5241 3317 5285 et
3342 5211 3446 5288 7di-

1845 5305 2054 5373 stincxi,
2083 5316 2214 5393 ete.,
2257 5308 2472 5376 deinde,
2522 5310 2782 5370 Distincxi
2819 5321 3124 5389 emendum,
3157 5332 3263 5380 etc.
3305 5326 3445 5384 Cum

1843 5412 1974 5469 ergo
2001 5400 2056 5454 in
2088 5401 2349 5456 Hilariani
2379 5402 2584 5459 codicis
2605 5407 3002 5486 subscriptione
3040 5427 3240 5470 annum
3284 5431 3445 5486 quar-

1845 5489 2228 5546 tumdecimum
2277 5483 2626 5550 Trasamundi
2670 5498 2824 5568 Regis
2856 5499 3047 5571 legerit
3095 5483 3435 5575 Holstenius,

1849 5595 1994 5636 anno
2022 5582 2210 5638 saltem
2238 5583 2440 5640 Citriin
2472 5585 2568 5641 DX
2598 5589 2856 5658 scriptum
2887 5592 3053 5648 fuisse
3086 5609 3276 5650 omnes
3309 5599 3442 5654 sub-

1850 5671 1976 5729 inde
2009 5674 2215 5729 assensi
2254 5685 2400 5730 sunt.
2449 5676 2575 5732 Haic
2617 5679 2965 5735 nihilominus
3003 5684 3185 5751 opinio
3215 5687 3440 5746 multum

1847 5765 2147 5842 inlirm‘etur
2176 5782 2398 5824 necesse
2432 5778 2534 5835 est,
2570 5769 2660 5823 ubi
2705 5771 3192 5834 animadvertamus
3221 5781 3443 5840 verbum
