3920 6214
476 281 542 337 ιιι
1805 273 1896 326 MA
1909 271 1990 326 FF
1998 271 2062 327 Ei
2097 268 2438 325 EINTIONIS
3695 269 3758 322 IV

477 395 634 458 illud,
693 398 846 462 prout
903 390 953 444 in
1007 387 1297 459 spccimine
1347 394 1785 454 repraesentetur,
1835 401 1932 440 nec
1979 401 2075 455 pro
2103 391 2156 448 Α
2182 384 2322 436 bium
2351 391 2627 436 revocaret
2659 395 2763 435 non
2794 379 2980 444 defuit,
3013 396 3110 433 nec
3141 380 3332 451 Operis
3360 381 3637 451 inscriptio
3671 402 3764 454 ap—

479 483 853 548 Trasamuudi,
881 496 982 536 nec
1003 495 1099 550 pro
1124 476 1452 532 Trasamund
1473 476 1574 548 legi
1601 491 1757 546 posse
1777 494 1791 541 ;
1814 476 1907 531 ubi
1923 478 2070 532 enim

479 579 568 634 τιιῖ
624 577 713 631 ubi
764 592 797 628 α
838 570 1076 640 duplex?
1127 569 1217 624 ubi
1265 568 1338 622 u?
1391 581 1581 623 uereor
1631 584 1758 638 ergo
1804 583 1879 622 ne
1920 567 2071 622 aliud

488 668 756 741 quoddam
785 665 855 718 ibi
888 663 1060 717 latitet
1089 677 1283 724 nomen
1307 677 1322 726 ;
1351 660 1496 716 circa
1526 660 1654 716 illud
1683 676 1831 728 vero,
1865 661 1953 732 qui
1981 675 2072 716 co-

482 759 656 816 dicem
685 772 791 812 non
822 755 1066 820 viderim,
1092 752 1511 807 divinationibus
1529 767 1711 823 parco.
1740 752 1910 807 Dictio
1937 769 2074 824 quo-

478 866 604 922 que,
633 863 788 920 quam
837 863 933 917 pro
979 844 1212 899 Putzalis
1261 845 1468 913 accepit
1505 843 1846 910 liolstenius,
1882 853 1937 899 et
1975 859 2072 914 pro

475 942 694 1002 Kasutis
735 939 1077 996 Mabillonius
1117 937 1300 1004 habet,
1326 936 1395 992 de
1419 934 1615 991 Casula
1665 937 1942 1006 explicans
1971 937 2071 1010 By-

478 1046 693 1091 zacenaa
711 1030 1003 1102 provincia:
1027 1029 1266 1094 civitate,
1292 1026 1448 1082 valde
1471 1027 1523 1080 in
1561 1026 1812 1095 ambiguo
1835 1037 1952 1092 est;
1975 1042 2073 1082 ne-

476 1143 581 1199 que
610 1126 755 1184 enim
786 1124 1013 1195 primam
1070 1121 1329 1186 litteram,
1381 1127 1439 1174 ut
1493 1119 1564 1174 ibi
1617 1118 1910 1189 efﬁngitur,
1972 1136 2071 1190 pro

472 1221 661 1291 Kappa
701 1219 965 1288 recipient
1010 1213 1477 1284 diplomaticorum
1527 1213 1804 1268 hominum
1852 1213 1985 1278 lilii;
2017 1223 2072 1269 et

471 1313 672 1370 mirum
705 1310 869 1366 videri
895 1309 1086 1378 possit,
1116 1305 1426 1376 Augustini,
1455 1303 1731 1376 Cypriani,
1757 1303 2070 1360 Tertulliani

473 1405 530 1462 in
565 1402 745 1459 Africa
792 1400 993 1469 scripta
1018 1397 1348 1468 exemplaria
1385 1411 1494 1452 non
1523 1397 1732 1463 haberi,
1762 1397 1948 1452 haberi
1975 1413 2072 1452 au-

473 1505 586 1555 tem
607 1496 794 1554 Hilarii
822 1493 1194 1552 Pictaviensis.

546 1588 618 1642 At
647 1587 716 1642 de
745 1585 826 1640 bis
856 1584 1111 1656 quidquid
1163 1583 1450 1653 unicuique
1493 1582 1625 1638 libet
1661 1583 1935 1649 credatur,
1970 1599 2070 1640 ne-

473 1697 581 1752 que
608 1681 751 1737 enim
780 1679 1070 1750 quidquam
1101 1678 1382 1748 praefracte
1411 1687 1610 1744 statuo,
1637 1693 1814 1751 neque
1833 1680 1978 1735 aliud
2017 1682 2070 1735 in

473 1775 765 1847 praesentia
793 1772 862 1828 ad
891 1787 1002 1827 rem
1034 1773 1266 1844 pertinet
1289 1780 1548 1839 nostram,
1575 1773 1758 1828 nisiut
1786 1789 1852 1828 ex
1871 1775 2071 1830 utrius-

472 1885 579 1942 que
607 1869 918 1940 speciminis
947 1866 1238 1921 collatione
1273 1865 1552 1921 vetustatis
1593 1867 1751 1922 laude
1797 1868 2074 1924 Veronen-

469 1977 585 2017 scm
607 1960 850 2016 codicem
880 1957 1287 2013 anteferendum
1317 1971 1459 2021 esse,
1500 1957 1689 2012 doctus
1716 1959 1886 2014 lector
1907 1975 2073 2030 agno-

473 2066 607 2110 scat.
641 2052 794 2123 Quod
821 2053 864 2108 si
889 2061 1153 2107 vetustate
1179 2066 1515 2123 nequaquam
1544 2052 1899 2121 praecelleret,
1939 2055 2072 2111 satis

473 2145 737 2216 praecellit
763 2144 1141 2199 emendatione
1191 2157 1254 2198 ac
1301 2141 1441 2208 lide;
1487 2143 1683 2198 menda
1709 2144 1978 2214 siquidem
2016 2148 2070 2200 in

474 2238 737 2294 Vaticano
763 2237 1040 2293 abundare
1075 2235 1284 2291 monuit
1311 2236 1620 2304 Cutantius,
1643 2251 1766 2292 cum
1806 2239 1860 2292 in
1901 2239 2074 2294 Vero-

470 2331 632 2387 nensi
658 2345 879 2404 perraro
907 2338 1214 2396 occurrant,
1243 2327 1318 2383 ita
1352 2337 1408 2384 ut
1429 2333 1873 2400 paragrammatis
1892 2333 2074 2388 minus

471 2423 869 2479 contaminatos
901 2421 1113 2478 codices
1147 2437 1347 2492 paucos
1387 2421 1634 2478 viderim.
1681 2424 1883 2479 Prisca:
1905 2425 2070 2480 etiam

471 2515 872 2589 urthographize
893 2516 1301 2572 commendatur
1316 2530 1415 2572 usu
1435 2531 1451 2581 ;
1476 2527 1760 2587 propterea
1777 2516 1867 2572 ubi
1889 2531 2070 2572 exem-

472 2611 547 2682 pli
567 2609 734 2680 gratia
760 2610 814 2663 in
842 2608 1002 2663 editis
1017 2609 1316 2680 attingimus
1339 2608 1522 2680 (hujus
1543 2610 1794 2665 editionis
1814 2609 1921 2665 col.
1949 2609 2068 2681 54),

471 2707 529 2761 in
556 2720 660 2759 ms.
691 2713 774 2759 est
801 2703 1147 2775 adtingimus;
1181 2704 1267 2758 ubi
1293 2718 1346 2758 c.
1379 2701 1509 2770 225,
1544 2714 1599 2756 ut
1630 2704 1682 2757 id
1708 2702 1775 2759 de
1819 2716 1919 2774 quo
1955 2706 2072 2775 agi-

470 2806 556 2851 tur
591 2805 926 2866 assequatur;
956 2799 1007 2852 in
1039 2815 1144 2853 ms.
1167 2797 1510 2866 adsequamur
1541 2814 1562 2850 :
1589 2799 1787 2866 quibus
1823 2797 2072 2853 lectioni-

467 2894 572 2951 bus
593 2906 785 2948 sensus
814 2906 1028 2962 quoque
1057 2889 1380 2947 restituitur.
1408 2889 1569 2945 Plura
1599 2891 1649 2944 in
1683 2893 1950 2946 Auctores
1977 2907 2070 2946 ve-

469 2997 615 3042 teres
639 2987 844 3040 invecta
888 2993 1011 3038 sunt
1036 2985 1343 3052 mnigmata,
1375 2981 1518 3051 quod
1549 2981 1751 3036 librarii
1793 2982 2066 3052 vulgarem

470 3077 856 3154 pronuntiandi
886 3076 1167 3133 mollitiem
1198 3081 1508 3144 sequentes,
1554 3089 1584 3128 a
1611 3083 1757 3129 recta
1786 3073 1888 3129 hac
1926 3076 2067 3130 scri-

2177 482 2391 542 parcat,
2421 488 2542 541 qttte
2567 471 2931 527 diversimode
2975 471 3181 541 prolata
3219 481 3321 526 est.
3363 471 3548 527 Utrum
3584 475 3762 530 itidcnt

2175 564 2326 619 libris
2355 579 2434 618 xu
2475 565 2566 620 ille
2594 565 2663 619 de
2705 564 2812 618 lide
2866 564 3216 619 Orientalium
3251 563 3669 636 adjungeretur,
3700 583 3764 625 ex

2175 673 2280 728 quo
2304 657 2682 713 Cassiodorius
2705 659 2945 713 tredecim
2967 659 3122 712 libros
3145 659 3275 712 beati
3300 658 3494 714 Hilarii
3513 661 3574 714 de
3594 674 3766 720 sancta

2175 749 2424 805 Trinitate
2449 750 2802 817 memoravit,
2836 765 2900 805 ex
2943 750 3041 806 Ms.
3074 750 3402 804 mutiialione
3441 753 3764 822 ignoramus.

2176 839 2322 896 Libri
2348 842 2398 895 in
2431 843 2604 912 capita
2625 842 2874 896 videnlur
2894 841 3078 909 dividi,
3104 845 3198 898 sed
3223 843 3510 898 admodum
3542 847 3766 914 prolixa.

2175 933 2306 1001 Quae
2334 933 2633 989 atteruntur
2661 936 3008 989 auctoritates
3051 934 3297 989 versibus
3320 935 3639 991 art-tioribus
3683 937 3768 992 in-

2175 1027 2468 1098 dignantur
2494 1045 2507 1082 :
2539 1029 2698 1082 verba
2719 1027 2764 1081 si
2791 1043 2909 1096 qua:
2931 1028 3144 1081 fuerant
3169 1027 3390 1095 omissa,
3414 1029 3620 1084 minuto
3645 1028 3770 1084 cha-

2177 1131 2383 1178 ractere
2410 1121 2757 1192 superaddita
2779 1121 3045 1188 visuntur,
3066 1130 3125 1176 at
3145 1121 3385 1190 ejusdem
3413 1122 3608 1194 ubique
3639 1122 3771 1195 ligu-

2179 1229 2255 1270 rae
2279 1229 2344 1269 ac
2373 1215 2596 1283 majoris
2620 1212 2827 1268 formai.
2944 1215 2950 1220 ‘

2243 1304 2378 1361 Cum
2403 1304 2593 1360 multis
2631 1303 2829 1360 abhinc
2856 1305 3011 1359 annis
3041 1303 3247 1376 (neque
3275 1303 3421 1360 enim
3473 1306 3770 1378 exemisti,

2168 1407 2269 1454 aut
2296 1400 2502 1454 hornus
2531 1398 2617 1454 hic
2641 1397 2794 1454 labor
2817 1396 2922 1470 est)
2945 1399 2994 1452 in
3022 1399 3167 1454 hunc
3185 1398 3507 1467 praeclarum
3530 1400 3773 1457 codicem

2174 1490 2351 1560 primo
2375 1489 2685 1544 incidissem
2705 1527 2722 1554 ,
2747 1489 2950 1559 impetu
2975 1489 3208 1560 quodam
3238 1489 3305 1544 ad
3339 1491 3684 1547 decantatum
3713 1492 3776 1547 ii-

2176 1582 2258 1637 bri
2300 1583 2558 1648 secundi,
2590 1583 2764 1652 capite
2812 1582 2866 1636 in
2909 1592 3184 1652 postrema
3229 1583 3469 1640 editione
3514 1584 3775 1655 vigesimo

2175 1674 2442 1744 septimo,
2473 1671 2864 1744 inspiciendum
2907 1674 3085 1728 locum
3116 1689 3203 1728 me
3229 1675 3432 1730 contuli
3461 1693 3476 1730 :
3504 1690 3574 1732 ex
3603 1692 3671 1732 eo
3701 1679 3776 1733 si-

2101 1782 2150 1842 Β
2176 1768 2392 1840 quidem
2417 1766 2696 1822 acerrimae
2720 1782 2842 1822 cuin
2862 1776 3053 1824 octavo
3078 1783 3142 1823 ac
3173 1784 3315 1824 nono
3346 1771 3530 1825 seculo
3551 1779 3778 1827 conten-

2179 1865 2375 1929 tiones,
2391 1873 2504 1916 tum
2527 1876 2594 1917 eo
2614 1862 2846 1916 maxime
2867 1869 3109 1932 tempore
3133 1863 3340 1918 iteratio
3369 1864 3512 1920 inter
3537 1866 3778 1922 eruditos

2177 1957 2323 2012 viros
2365 1955 2646 2010 fervebant
2687 1954 3124 2025 disceptationes.
3180 1953 3480 2012 Censebam
3524 1959 3780 2029 equidem

2175 2064 2298 2106 eam
2324 2049 2706 2103 controversiae
2733 2058 2964 2118 partem,
2993 2063 3113 2118 quae
3142 2063 3210 2104 ex
3235 2050 3471 2119 antiquis
3496 2051 3779 2108 codicibus

2177 2141 2376 2212 pendet
2392 2141 2533 2209 ,‘boc
2558 2141 2897 2211 potissimum
2926 2158 3090 2214 supra
3114 2152 3343 2200 caeteros
3367 2146 3591 2216 antiquo
3617 2157 3784 2218 atque

2172 2235 2376 2289 eximio
2401 2233 2590 2290 codice
2604 2234 2931 2306 diremptum
2950 2236 3014 2291 iri
3031 2253 3045 2290 :
3065 2235 3162 2292 sed
3185 2238 3401 2306 mirum,
3434 2241 3488 2294 in
3511 2237 3616 2295 hoc
3636 2257 3780 2312 quo-

2172 2341 2281 2397 que
2299 2325 2444 2396 quod
2465 2340 2568 2381 nos
2588 2327 2848 2397 ancipites
2868 2327 3044 2384 adhuc
3063 2328 3351 2400 relinquat,
3372 2346 3458 2386 me
3480 2332 3780 2401 deprehen-

2175 2416 2348 2473 disse.
2369 2417 2696 2484 Qumslionis
2724 2432 2886 2491 caput
2920 2433 3022 2489 est,
3055 2432 3232 2478 utrum
3276 2424 3329 2479 in
3385 2423 3493 2480 line
3534 2427 3784 2498 praedicti

2173 2512 2366 2581 capitis
2400 2512 2682 2582 legendum
2721 2513 2827 2579 sit,
2859 2513 2981 2568 dum
3009 2518 3181 2570 carnis
3209 2517 3471 2573 humilitas
3495 2519 3781 2588 adoretur,

2173 2618 2242 2657 an
2273 2618 2421 2671 vero,
2444 2604 2569 2658 dum
2594 2607 2766 2660 carnis
2795 2607 3063 2662 humilitas
3086 2609 3394 2679 adoptatur;
3413 2625 3647 2682 cumque
3675 2613 3783 2670 dis-

2171 2713 2398 2774 crepent
2421 2717 2492 2760 eo
2522 2705 2641 2762 loco
2667 2723 2772 2763 non
2800 2709 2984 2764 excusi
3008 2721 3250 2779 tantum,
3279 2714 3373 2769 sed
3401 2724 3457 2769 et
3497 2716 3690 2786 scripti
3723 2715 3785 2772 li-

2178 2795 2259 2850 bri
2284 2837 2301 2861 ,
2335 2807 2452 2851 utra
2484 2797 2814 2866 praeferenda
2843 2802 2914 2856 sit
2944 2802 3137 2870 lectio,
3167 2812 3285 2859 utra
3317 2807 3385 2861 ab
3409 2819 3632 2864 auctore
3667 2809 3785 2880 ipso

2173 2887 2478 2944 deﬂuxerit.
2529 2891 2586 2945 id
2634 2892 2850 2962 quidem
2909 2903 2990 2949 tot
3046 2899 3538 2956 concertationibus
3577 2915 3787 2973 nequa-

2169 2993 2330 3051 quam
2367 2981 2772 3052 disquirendum
2819 2997 3110 3052 erat,cum
3159 2989 3229 3046 ab
3265 3000 3492 3062 utraque
3546 2993 3783 3051 lectione

2170 3087 2367 3131 sensus
2410 3076 2542 3132 ﬂuat
2574 3079 2910 3138 orthodoxos
2944 3102 2958 3137 :
2988 3093 3134 3154 patet
3165 3086 3312 3141 enim
3344 3087 3565 3142 verbum
3617 3090 3783 3160 adop-

470 3171 635 3228 bendi
662 3185 849 3226 norma
879 3168 1220 3225 detiexerint.
1253 3166 1386 3234 Quis
1414 3167 1668 3235 explicet.
1692 3169 1928 3238 exempli
1950 3185 2075 3239 κτει-
2099 3167 2146 3230 C
2181 3175 2321 3220 tatur
2357 3168 2426 3223 de
2472 3171 2804 3228 immanitate
2849 3176 3250 3246 intelligendum
3289 3192 3413 3235 esse
3438 3195 3467 3234 a
3501 3181 3642 3238 Filio
3688 3185 3782 3238 atl-

471 3266 566 3334 tia,
599 3264 802 3319 lloratii
833 3275 1048 3319 versum
1080 3261 1255 3325 illum,
1284 3267 1346 3314 ut
1371 3259 1732 3315 communiter
1763 3261 2001 3330 legitur?

561 3395 679 3450 Cum
702 3395 981 3447 ridentibus
999 3394 1234 3452 arrident,
1262 3405 1370 3442 cum
1396 3391 1629 3443 ﬂentibus
1671 3392 1864 3443 adsunt.

466 3533 539 3590 At
568 3530 651 3585 cui
683 3536 895 3585 constet
929 3528 1211 3598 scripsisse
1237 3527 1456 3584 Poetam
1489 3529 1766 3595 adrident,
1818 3529 2073 3599 intelligit

464 3628 670 3692 statim,
700 3621 1033 3692 respondens
1062 3622 1283 3676 verbum
1310 3637 1432 3677 esse
1461 3623 1678 3691 adﬂent,
1703 3641 1810 3694 qtto
1833 3628 2070 3694 reposito

463 3717 667 3788 optime
695 3714 940 3787 procedit
958 3713 1246 3768 sententia.
1269 3712 1446 3768 Nolim
1472 3723 1648 3770 tamen
1675 3727 1928 3786 urgeatur
1955 3717 2071 3774 haec

461 3808 648 3880 regula
698 3820 1112 3878 usquequaque,
1141 3804 1214 3860 ita
1255 3814 1313 3860 ut
1350 3805 1513 3859 etiam
1557 3807 1791 3861 mitium
1830 3809 2070 3868 scribere

463 3909 781 3967 teneamur,
807 3899 1055 3970 quamvis
1083 3897 1402 3968 quibusdam
1430 3913 1461 3952 e
1488 3900 1762 3955 veteribus
1789 3899 2070 3957 Gramma-

462 3993 587 4048 ticis
616 3990 971 4047 edicentibus.
1002 3988 1079 4042 ita
1113 3988 1330 4054 quidem
1373 3988 1428 4047 in
1473 3999 1744 4060 postrema
1787 3992 1848 4047 S.
1877 3991 2067 4048 Hilarii

463 4084 704 4141 editione
742 4080 940 4137 factum
985 4089 1089 4147 est,
1122 4079 1275 4134 libris
1305 4090 1490 4148 tamen
1525 4080 1724 4136 nostris
1754 4084 2068 4147 vetustissi-

407 4166 429 4182 ’
461 4176 568 4234 mis
605 4159 844 4229 'minime
887 4171 1325 4242 suifragantibus.
1377 4171 1750 4228 Archaismum
1811 4177 1953 4246 sapit
2008 4177 2065 4232 in

461 4267 649 4327 codice
701 4276 887 4322 nostro
952 4265 1259 4319 thensaurus
1313 4280 1526 4336 quoque
1573 4281 1681 4321 non
1739 4283 1844 4324 una
1911 4269 2062 4337 vice;

458 4371 522 4418 ut
556 4360 611 4417 in
637 4357 878 4429 compari
899 4356 1010 4411 alio
1033 4372 1159 4410 mox
1185 4357 1490 4412 enarranda
1527 4367 1786 4416 tractatus
1824 4359 1879 4415 in
1906 4361 2061 4416 Psal-

457 4469 579 4511 mos
606 4452 1022 4521 compiectente,
1056 4451 1322 4520 fomtonsa
1348 4465 1498 4516 sum;
1526 4464 1648 4504 nam
1681 4459 1737 4508 et
1765 4451 1816 4504 in
1843 4451 2062 4523 Virgilio

2177 3267 2424 3328 sumpta,
2451 3273 2556 3316 non
2587 3278 2615 3317 a
2639 3261 2796 3320 Patre
2809 3265 3079 3336 adoptato.
3106 3268 3352 3325 i-listoritc
3393 3283 3574 3329 tamen
3607 3277 3781 3330 inter-

2174 3357 2314 3416 erat,
2347 3361 2405 3406 ut
2433 3353 2702 3425 praecipue
2727 3357 2869 3426 quod
2898 3359 2964 3413 ad
2994 3359 3228 3416 Felicem
3257 3362 3625 3434 Orgeiitanom
3657 3367 3782 3438 Epi-

2175 3459 2398 3517 scopum
2425 3455 2651 3517 spectat,
2683 3449 2805 3504 facti
2827 3452 3026 3506 veritas
3051 3453 3423 3524 detegeretur:
3457 3455 3580 3513 huic
3605 3473 3777 3533 expo-

2175 3539 2353 3595 uendo
2383 3540 2730 3611 supersedeo,
2754 3557 2877 3597 cum
2905 3545 3036 3598 satis
3065 3545 3388 3613 innotescat,
3412 3558 3466 3603 et
3486 3563 3515 3602 a
3538 3556 3778 3617 recenti-

2174 3631 2272 3686 bus
2319 3632 2688 3702 Scriptoribus
2733 3625 2850 3689 fuse
2901 3645 3062 3706 atque
3109 3636 3384 3707 eleganter
3435 3649 3778 3712 proponatur

2173 3723 2620 3796 discutiaturque.
2646 3724 2754 3796 Ego
2778 3727 2904 3797 quid
2925 3727 3093 3784 codex
3121 3739 3306 3786 noster
3332 3731 3468 3789 ferat
3497 3735 3636 3792 bona
3673 3740 3778 3794 title

2172 3815 2462 3872 exhibebo.

2244 3909 2481 3964 Primum
2523 3912 2684 3981 igitur
2713 3927 2808 3983 pro
2834 3925 3115 3984 comperto
3143 3916 3402 3974 habeatur
3431 3920 3482 3977 in
3505 3921 3609 3980 hoc
3635 3926 3776 3984 libro

2170 4013 2451 4058 ADORATUB
2492 4005 2748 4074 scriptum
2787 4019 2944 4076 esse,
2993 4008 3137 4063 nullo
3178 4011 3479 4069 abraslonis
3519 4020 3773 4088 vesrigio,

2170 4093 2316 4149 nulla
2359 4097 2846 4165 superinductionis
2879 4099 3186 4170 suSpiciono
3216 4119 3228 4156 :
3253 4111 3307 4158 at
3345 4119 3468 4160 cum
3501 4120 3623 4176 post
3651 4127 3773 4168 eam

2168 4189 2458 4245 dictionem
2491 4205 2518 4242 a
2559 4190 2735 4259 capite
2764 4201 3069 4268 resumatur
3096 4211 3281 4251 versus
3306 4239 3320 4262 ,
3348 4198 3401 4253 in
3429 4212 3599 4256 vacuo
3626 4206 3774 4274 quod

2167 4286 2412 4335 remanet
2453 4281 2650 4350 spatio,
2701 4281 2817 4339 sive
2861 4285 3072 4353 eadem,
3115 4288 3232 4344 sive
3278 4291 3433 4358 paulo
3479 4298 3771 4362 posteriori

2165 4383 2347 4438 manu,
2371 4382 2686 4429 ADOP'I'ATUR
2713 4374 2979 4446 adjectum
3009 4377 3193 4435 fuisse.
3225 4380 3396 4436 Priori
3425 4384 3591 4440 verbo
3620 4389 3771 4446 nulla

2165 4465 2381 4536 quidem
2411 4465 2642 4536 irrogata
2666 4477 2749 4523 est
2768 4471 3114 4538 contumelia,
3139 4473 3233 4528 seti
3264 4474 3474 4530 lineolis
3501 4487 3772 4550 supcrpo-

456 4543 695 4602 Ivlediceo
707 4541 756 4598 F
757 4557 1048 4598 ormonsum
1061 4539 1250 4594 Pastor
1263 4541 1691 4636 animadvertere
1710 4543 2064 4602 metnini.Mi-
2085 4542 2142 4605 D
2167 4557 2306 4623 sitis,
2331 4566 2491 4627 atque
2512 4553 2559 4611 Β
2589 4558 2641 4612 in
2671 4561 2933 4629 superiori
2965 4564 3206 4633 margine
3233 4565 3526 4636 adscripto,
3553 4539 3768 4627 mdica-

456 4652 579 4692 rum
607 4644 688 4690 est
713 4649 872 4704 quam
897 4632 963 4687 ad
981 4630 1358 4687 deformandas
1383 4631 1619 4702 cujusvis
1650 4632 1847 4704 lingua:
1871 4636 2064 4692 dictio-

452 4743 552 4786 nes
565 4739 826 4800 perpetuo
837 4739 1184 4795 propensum,
1200 4725 1254 4780 in
1276 4734 1573 4797 pugnantes
1585 4725 1812 4783 invicem
1830 4743 2059 4800 correp‘

455 4823 632 4878 tiones
660 4822 863 4877 feratur
885 4819 1111 4892 vulgus;
1142 4834 1263 4873 nam
1289 4821 1379 4890 qui
1404 4835 1438 4872 η
1465 4835 1748 4890 perperam
1771 4821 2053 4879 intruden-

452 4929 536 4976 tes
566 4920 898 4973 thensaurum
928 4925 984 4971 et
1008 4919 1328 4987 formonsum
1356 4915 1728 4981 enuntiabant,
1759 4917 1919 4972 iidem
1950 4919 2054 4974 alia

451 5010 738 5066 eil’erentes
765 5009 960 5075 verba,
1002 5023 1122 5064 eam
1153 5008 1386 5062 litteram
1425 5006 1617 5077 injuria
1663 5009 2049 5072 extrudebant;

452 5101 754 5172 cuiusmodi
807 5100 1125 5156 elocutionis
1174 5099 1397 5169 vestigia
1464 5100 1518 5153 in
1583 5098 1895 5171 Vespasiani
1951 5118 2052 5158 nu-

451 5195 702 5250 mismate
764 5190 1256 5248 animadvertebam
1314 5205 1515 5260 nuper,
1561 5191 1729 5247 Roma
1792 5192 2048 5265 Resurgrs

450 5290 771 5359 prteferente
799 5302 894 5358 pro
926 5287 1215 5355 Resurgens
1241 5299 1262 5340 .°
1284 5284 1411 5355 quin
1453 5287 1654 5356 [naues
1682 5302 1779 5357 pro
1809 5291 2044 5358 frequens

446 5389 502 5436 et
524 5380 627 5434 alia
656 5378 708 5433 id
735 5392 906 5449 genus
926 5392 1034 5432 non
1055 5377 1108 5431 in
1129 5375 1256 5431 Mss.
1283 5384 1509 5444 tantum,
1540 5378 1638 5433 sed
1661 5387 1717 5434 et
1742 5379 1794 5434 in
1825 5381 2044 5450 quibus-

445 5473 529 5528 vis
576 5467 937 5526 monumentis
973 5483 1215 5541 perstepe
1266 5478 1573 5524 occurrunt.
1623 5471 1692 5525 At
1749 5471 2040 5528 dolendum

447 5577 790 5633 summopere
859 5560 1085 5631 primam
1148 5575 1301 5630 atque
1361 5575 1424 5616 ac
1492 5570 1816 5631 postremam
1882 5564 2045 5620 char-

453 5663 559 5707 tam
607 5653 748 5708 malo
799 5652 1029 5723 quodam
1060 5649 1186 5706 fato
1227 5665 1257 5704 ει
1299 5650 1486 5706 codice
1539 5661 1728 5708 nostro
1774 5653 2042 5710 abscissae

449 5741 644 5811 fuisse;
686 5743 757 5801 ita
802 5751 862 5802 ut
901 5756 1000 5800 nec
1041 5741 1290 5809 Auctoris
1319 5759 1550 5812 nomen,
1576 5745 1718 5818 quod
1748 5745 1838 5820 qui
1863 5750 1916 5804 in
1943 5745 2043 5808 du-

2167 4660 2252 4704 tur
2273 4652 2338 4705 de
2359 4662 2531 4717 more,
2556 4651 2818 4722 adiectam
2841 4654 3131 4710 dictionem
3153 4669 3410 4714 anteriori
3432 4663 3771 4722 substituen-

2162 4743 2285 4799 tlatn
2315 4755 2438 4800 esse
2457 4787 2472 4812 ,
2499 4745 2551 4798 in
2581 4745 2702 4800 aliis
2733 4753 2908 4804 tamen
2935 4748 3206 4804 codicibus
3232 4752 3430 4806 certius
3454 4753 3635 4811 adhuc
3659 4768 3770 4814 tes-

2161 4837 2440 4891 timonium
2491 4838 2897 4908 requirendum.
2941 4840 2997 4894 ld
3040 4842 3090 4895 in
3142 4843 3244 4896 hoc
3294 4841 3469 4908 libro,
3505 4858 3562 4900 ut
3602 4861 3655 4904 et
3712 4852 3765 4908 in

2157 4927 2296 4995 aliis,
2325 4929 2391 4983 ad
2414 4929 2575 4985 dubia
2613 4931 2729 4986 loca
2753 4945 2927 5002 graece
2953 4932 3112 4987 etiam
3143 4933 3465 5004 quandoque
3492 4938 3761 5009 innuitnr,

2155 5031 2253 5089 pro
2279 5019 2326 5074 Κ
2356 5022 2588 5091 require,
2619 5021 2659 5075 Z
2693 5022 2969 5092 adposito,
3014 5023 3115 5078 hoc
3161 5035 3263 5092 est,
3293 5031 3451 5091 ζήτει.
3486 5027 3543 5084 ln
3590 5036 3764 5092 verbo

2151 5111 2428 5183 adoptatur
2452 5112 2642 5168 eadem
2666 5113 2964 5169 litterarum
2990 5114 3178 5184 ﬁgura,
3202 5115 3341 5172 idem
3369 5133 3592 5188 prorsus
3613 5115 3763 5180 atra-

2150 5205 2316 5258 menti
2346 5205 2525 5270 eolor;
2557 5216 2611 5258 at
2637 5205 2742 5260 levi
2763 5205 2981 5260 cultello
3016 5205 3183 5263 fuisse
3219 5209 3346 5263 olim
3373 5224 3633 5282 apparet,
3667 5219 3761 5287 qui

2149 5294 2376 5361 litteras,
2397 5306 2452 5352 et
2479 5299 2848 5367 superpositas
2876 5297 3100 5355 lineoias
3127 5299 3396 5359 abducere
3428 5312 3668 5375 tentarit,
3694 5327 3760 5367 ac

2149 5385 2510 5455 delere.Qna:
2541 5389 2754 5459 quidem
2799 5391 2981 5445 omnia
3023 5392 3076 5446 in
3130 5393 3227 5448 has
3274 5399 3616 5468 conjecturas
3667 5419 3758 5460 me

2149 5477 2486 5547 pertrahunt.
2513 5478 2748 5548 Liquido
2793 5482 3028 5550 primttm
3054 5522 3069 5549 ,
3111 5484 3366 5557 nullaque
3410 5487 3758 5550 haesitatione

2150 5568 2389 5625 exaravit
2418 5569 2666 5624 librarius
2693 5571 2975 5640 adoratur;
3005 5584 3060 5630 at
3091 5577 3204 5632 sive
3230 5579 3298 5631 ab
3328 5579 3443 5647 ipso
3465 5577 3567 5633 alia
3597 5593 3754 5650 ιιοει-

2150 5662 2368 5718 modum
2398 5663 2722 5735 exemplaria
2751 5666 3086 5738 inspiciente,
3121 5669 3234 5724 sive
3262 5670 3331 5724 ab
3359 5669 3467 5726 alio
3492 5679 3752 5746 quopiam

2147 5771 2423 5843 adoptatur
2451 5771 2689 5837 additum
2708 5781 2792 5833 est
2811 5813 2827 5846 ,
2851 5780 2906 5832 et
2930 5773 3090 5854 simul
3118 5779 3172 5830 ut
3191 5772 3438 5854 adorle
3466 5784 3751 5846 expunge-
