3920 6214
156 301 195 356 ν
1534 283 1724 350 PMB!

1831 288 1930 349 'IO.
2161 325 2180 341 ο
3349 304 3419 362 γι

153 426 284 473 retur
319 414 601 508 ‘monitutn.
634 409 788 508 Mler
827 411 1021 469 ειὶιὶΰθ
1056 411 1325 508 θεωεεῖξν
1353 411 1440 466 (³ΰῖ
1481 409 1717 508 ῗεωπθθ
1746 408 1795 471 Α
1821 431 2051 497 certent,
2075 429 2314 502 facieque
2338 432 2453 505 ipsa
2485 448 2547 489 ac
2592 443 2884 506 conspectu
2915 435 3136 508 maj’Oris
3183 434 3421 496 vetusta-

155 510 295 565 lectio
331 523 431 563 non
463 506 821 578 probabatur;
853 507 1136 576 propterea
1181 493 1406 559 verbum
1443 503 1718 575 adoptatur

151 611 354 658 conatus
379 608 460 655 est
481 599 714 665 auferre,
747 593 1042 653 abrasionis
1070 593 1349 652 nubeculis
1371 595 1426 650 id
1453 597 1584 651 satis
1611 605 1718 650 tes-

152 693 382 749 tantibus.
411 691 596 763 Colligi
621 690 746 746 hinc
773 695 951 762 potest
969 733 983 758 ,
1012 687 1244 744 libenter
1276 687 1490 758 quidem
1527 688 1717 741 adora-

151 797 224 841 tur
249 787 437 841 lectum
467 785 588 839 olim
618 783 805 850 fuisse,
837 783 902 838 de
932 797 994 837 ea
1025 789 1203 836 tamen
1232 780 1461 835 lectione
1488 779 1720 849 antiqui—

149 891 224 936 tus
245 895 469 951 quoque,
503 887 553 934 et
572 877 738 933 multo
765 885 891 932 ante
917 875 1154 932 Felicem
1174 873 1540 945 Orgelitanum
1565 872 1718 928 dubi-

149 981 307 1030 tatum
352 986 484 1028 esse.
513 971 691 1042 Neque
733 972 874 1025 hunc
905 969 1147 1025 codicem
1172 983 1338 1023 unum
1365 979 1429 1024 ex
1467 968 1533 1022 iis
1558 979 1715 1032 esse,

149 1065 325 1135 quibus
355 1063 517 1131 Felix,
539 1065 622 1120 vel
651 1064 765 1135 ejus
795 1062 1032 1119 fautores
1053 1073 1244 1117 manus
1272 1061 1578 1132 iniecerint,
1600 1067 1719 1114 sus-

150 1158 296 1228 picari
331 1169 610 1226 possumus
630 1197 645 1222 ,
673 1170 793 1211 cum
820 1155 1068 1209 aduratur
1095 1155 1317 1209 minime
1345 1153 1595 1209 abrasum
1625 1152 1716 1207 sit.

149 1252 271 1306 llinc
289 1249 340 1305 et
364 1245 413 1304 in
437 1247 695 1305 Vaticano
715 1248 924 1312 codice,
950 1256 1007 1302 ut
1036 1245 1215 1314 audio,
1235 1255 1581 1301 controversa
1609 1242 1718 1299 dic-

147 1343 212 1397 tio
239 1358 265 1394 a
283 1341 515 1396 secundo
541 1337 756 1395 calamo
776 1340 1202 1395 immutationem
1231 1345 1312 1394 est
1343 1351 1521 1411 passa.
1549 1338 1626 1392 Ex
1653 1350 1719 1392 eo

145 1433 320 1488 accidit
343 1433 684 1503 utgadoratur
719 1431 943 1504 legerint
972 1430 1290 1487 Hincmarus
1340 1435 1499 1501 atque
1539 1428 1721 1485 Alcui-

147 1539 254 1590 nus,
284 1525 556 1596 adoptatur
575 1535 704 1579 vero
729 1522 1039 1594 Agobardus
1068 1521 1471 1593 Lugdunensis;
1497 1521 1585 1592 qui
1617 1519 1720 1576 Fe-

143 1619 282 1674 licem
335 1615 648 1684 confutans,
699 1627 859 1688 atque
922 1617 1097 1671 omnia
1153 1631 1272 1685 qua:
1333 1621 1722 1686 praecesserant

145 1711 297 1782 probe
317 1712 533 1778 callens,
567 1710 635 1765 ab
665 1710 812 1766 omni
855 1707 1039 1764 fraude
1065 1709 1164 1763 sibi
1190 1709 1321 1763 satis
1354 1707 1561 1762 cavisse
1602 1720 1720 1761 cre-

1824 520 1891 575 tis
1919 529 2254 592 aucupentur
2282 520 2463 579 iidem.
2484 523 2545 580 S.
2571 521 2758 581 Hilarii
2790 523 3070 583 Tractatus
3096 527 3150 583 in
3173 522 3420 587 Psalmos

1821 614 2202 684 complectitur
2233 658 2248 680 ,
2308 619 2536 688 quorum
2601 619 2720 674 rara
2784 616 3073 677 admodum
3130 633 3423 683 occurrunt

1821 709 2018 780 scripta
2047 710 2397 782 ekemplaria.
2435 709 2559 767 lllos
2579 712 2631 767 in
2653 728 2726 778 ts,
2757 727 2850 769 xm
2873 712 2924 770 et
2944 725 3030 771 XCI
3056 714 3109 770 in
3138 723 3239 772 ‘ms.
3271 701 3422 774 Vati-

1822 813 1958 857 cano
1978 803 2137 857 unice
2162 800 2227 857 ad
2253 802 2389 856 hanc
2421 802 2562 859 diem
2590 813 2835 874 repertos
2856 807 3172 876 comprobat
3199 820 3382 865 noster
3399 854 3415 876 ,

1821 892 1912 962 qui
1942 893 2144 962 pariter
2172 903 2436 948 recenset.
2470 891 2614 949 Libri
2652 895 2823 971 forma
2855 895 3027 951 media
3060 907 3114 953 et
3167 897 3418 968 oblonga,

1824 999 1894 1041 ne
1922 984 2178 1056 quadrata
2205 984 2362 1041 unice
2393 985 2445 1039 in
2472 987 2645 1056 pretio
2677 986 2745 1042 sit
2779 1005 2792 1043 :
2819 975 3132 1043 membrana
3164 989 3251 1045 ubi
3285 991 3424 1046 inof-

1825 1076 1996 1142 fensa,
2042 1075 2266 1131 candida
2318 1087 2421 1143 est,
2455 1077 2699 1149 adeoque
2743 1078 2950 1134 subtilis
3002 1095 3066 1136 ac
3118 1083 3318 1147 tenuis,
3367 1095 3424 1137 nt

1823 1169 2067 1241 quaedam
2098 1168 2226 1224 folia
2256 1179 2455 1225 tactum
2483 1171 2718 1241 effugere
2760 1169 3040 1227 videantur
3088 1193 3100 1228 :
3152 1181 3424 1232 atramen-

1826 1274 1936 1318 tum
1978 1264 2402 1332 xerampelinum
2434 1273 2536 1331 est,
2570 1273 2624 1320 et
2647 1263 2988 1322 subalbieans
3019 1284 3030 1321 :
3063 1270 3326 1340 scriptura
3371 1272 3422 1326 in

1823 1355 1957 1410 duas
1986 1355 2262 1409 columnas
2289 1353 2544 1424 discreta,
2571 1367 2627 1412 ut
2659 1359 2710 1412 in
2734 1358 3027 1426 specimine
3049 1361 3316 1430 conspicis
3339 1357 3425 1417 di-

1826 1449 2056 1517 ligenter
2084 1445 2296 1519 quidem
2324 1450 2527 1516 efficto,
2559 1463 2658 1505 nec
2680 1459 2858 1506 tamen
2890 1449 3093 1508 codicis
3123 1452 3337 1523 faciem,
3364 1455 3427 1511 ac

1825 1539 2126 1594 litterarum
2149 1539 2466 1609 elegantiam
2495 1541 2628 1595 satis
2655 1542 3010 1612 cxprimente.

1897 1629 2000 1688 Ubi
2029 1631 2215 1687 Graeca
2235 1632 2478 1687 incidunt
2503 1631 2686 1700 verba,
2716 1633 3022 1690 accentibus
3062 1648 3125 1691 ac
3153 1635 3428 1707 spiritibus

1827 1721 1988 1779 nullis
2021 1724 2365 1795 eftinguntur.
2397 1726 2760 1794 Qumcumque
2788 1726 2901 1780 sive
2938 1739 3005 1780 ex
3027 1725 3144 1781 aliis
3173 1727 3424 1795 Psalmis,

141 1804 334 1860 dendus
356 1816 455 1860 est.
480 1805 624 1861 Satis
651 1817 778 1874 ergo
819 1801 1108 1858 verisimile
1147 1809 1404 1872 apparet,
1434 1801 1722 1855 lectionem

1831 1815 1943 1871 slve
1992 1805 2208 1870 aliunde
2238 1823 2450 1886 sumpta
2496 1815 2828 1884 afferuntur,
2885 1827 3221 1887 seponuntur
3270 1827 3326 1874 ut
3372 1821 3425 1875 in

143 1897 397 1966 adaptntur
416 1911 446 1951 a
468 1893 650 1951 Felice
679 1909 783 1948 non
813 1895 986 1965 primo
1014 1894 1391 1963 excogitat-im,
1415 1891 1510 1947 sed
1544 1892 1594 1946 in
1625 1890 1724 1944 ali-

141 2004 236 2059 quo
279 1989 461 2045 codice
514 1989 785 2043 inventam
827 1997 979 2052 csse;
1009 1999 1238 2056 cumque
1267 1983 1368 2039 sibi
1399 1983 1715 2054 propitiam,

144 2095 198 2136 ac
226 2090 279 2137 ut
301 2079 545 2137 accidere
570 2080 708 2136 solet
729 2078 1038 2149 prmjudicio
1058 2077 1288 2148 quodam
1313 2075 1611 2145 occupatis,
1639 2089 1727 2130 er-

145 2174 239 2228 rori
269 2187 364 2228 suo
391 2172 662 2228 faventem
693 2171 832 2233 male
857 2170 1148 2240 reputaret,
1176 2169 1226 2223 in
1256 2166 1721 2239 Aquisgranenses

142 2265 338 2322 codices
364 2262 554 2322 dolose
573 2262 850 2320 induxisse
874 2281 885 2316 :
909 2262 1072 2318 Forte
1091 2263 1252 2318 etiam
1274 2261 1558 2316 lectionem
1578 2259 1725 2315 illam

141 2360 254 2416 odio
288 2360 486 2416 deinde
529 2357 831 2414 habuerunt
854 2355 1120 2412 catholici
1153 2363 1215 2411 ex
1245 2354 1350 2409 huc
1380 2354 1531 2424 ipso,
1565 2361 1723 2423 quem

145 2451 278 2507 Felix
306 2452 378 2506 illi
405 2450 783 2522 supersit-uere
814 2455 1054 2505 errorem
1087 2455 1308 2504 comatus
1339 2453 1452 2510 est;
1485 2445 1723 2515 adoptio.

144 2546 216 2599 nis
238 2543 565 2616 cmlemquin
586 2557 723 2600 voce
747 2543 878 2598 satis
906 2542 1038 2612 ipsis
1065 2543 1312 2611 Suspecta
1337 2531 1724 2610 pOStArianam

143 2639 396 2694 haeresim.
431 2633 558 2692 Non
591 2653 680 2707 per
706 2636 1032 2703 adoptionem
1061 2635 1169 2688 haec
1196 2638 1331 2704 facta
1360 2641 1478 2687 sunt
1502 2674 1516 2697 ,
1545 2631 1674 2685 absit
1705 2645 1726 2686 :

141 2729 203 2783 ita
232 2729 281 2784 in
308 2727 602 2801 Capitulari
625 2727 730 2783 alio
743 2727 1040 2783 Concilium
1063 2723 1394 2796 Ephesinum
1415 2723 1726 2779 continente

142 2821 310 2878 codice
331 2835 393 2878 ea
418 2821 586 2876 verba
613 2821 670 2877 S.
689 2818 968 2876 Athanasii
993 2819 1044 2872 in
1067 2815 1305 2887 Epistula
1329 2815 1394 2871 ad
1420 2815 1724 2886 Epictetum

143 2911 288 2968 latine
331 2911 636 2969 redduntur
691 2929 705 2966 :
751 2908 812 2966 ob
860 2907 1001 2966 θέσει
1048 2907 1104 2965 δῦ
1149 2915 1318 2965 ταῦτα
1365 2909 1599 2980 ἓγένετοδ
1655 2911 1725 2977 μή

142 3007 316 3078 γένοιτο
346 3022 362 3060 :
391 3020 519 3077 quae
547 3004 601 3059 in
643 3001 896 3060 Conciliis
921 3001 1064 3057 edita
1107 3002 1286 3055 versio
1321 3005 1485 3070 praire
1513 3006 1727 3053 contor-

141 3101 269 3167 quet.
299 3095 679 3155 Cassiodorius
718 3096 770 3151 in
802 3089 1005 3150 PSalm.
1049 3109 1098 3162 ι,
1140 3105 1348 3166 propter
1388 3093 1725 3147 humilitatem

1826 1907 2096 1976 exemplo,
2145 1907 2305 1977 priori
2360 1908 2520 1962 etiam
2579 1915 2740 1963 versu
2787 1908 3079 1964 rubricato.
3136 1909 3425 1968 Rubricata

1823 2005 2001 2054 autem
2028 1996 2187 2054 verba
2218 1997 2336 2053 auri
2385 1999 2512 2054 olim
2558 2000 2925 2070 superinducti
2977 2001 3170 2056 alicubi
3203 2003 3427 2073 vestigia

1823 2089 2094 2146 retinent-
2133 2088 2453 2160 Scriptionis
2519 2092 2726 2161 species
2776 2091 3059 2162 Virgilium
3127 2091 3426 2149 Medicenm

1826 2181 2039 2255 (parum
2091 2181 2321 2237 feliciter
2347 2182 2416 2236 ab
2439 2180 2598 2238 editis
2642 2183 3025 2253 speciminibus‘
3064 2191 3427 2254 repracsenta-

1827 2272 1961 2345 tum)
2009 2274 2060 2327 i'n
2089 2285 2155 2327 eo
2209 2273 2477 2344 praeclpuc
2502 2272 2687 2338 refert,
2719 2273 2863 2344 quod
2908 2273 3099 2330 littera?
3139 2276 3428 2332 mediocris

1827 2364 2028 2435 pariter
2054 2364 2162 2419 sint
2193 2364 2594 2435 magnitudinis,
2624 2371 2678 2420 et
2703 2365 2911 2419 calamo
2945 2365 3212 2422 subtiliorl
3239 2373 3429 2423 exara-

1827 2467 1927 2512 tze:
1963 2457 2105 2528 quod
2137 2457 2178 2511 P
2201 2466 2254 2512 et
2283 2457 2327 2524 ρ
2369 2456 2699 2512 desCendant
2727 2469 3040 2527 numquam,
3088 2471 3260 2529 neque
3288 2460 3423 2514 infra

1829 2551 2244 2622 protenduntur;
2287 2559 2342 2605 et
2367 2551 2508 2622 quod
2537 2551 2589 2606 in
2621 2551 2664 2605 T
2695 2561 2999 2607 transversa
3040 2553 3176 2608 linea
3213 2555 3300 2608 vix
3332 2571 3428 2625 ap-

1825 2648 2031 2716 pareat,
2061 2650 2119 2698 ut
2146 2642 2383 2698 etiamin
2415 2644 2460 2699 (ἱ
2489 2651 2544 2698 et
2583 2644 2637 2697 in
2669 2642 2709 2697 L
2740 2642 3021 2699 inferiores
3064 2645 3275 2699 ductus.
3307 2646 3424 2703 Ca:-

1828 2748 2000 2791 tcrum
2031 2745 2213 2790 noster
2249 2735 2416 2805 magis
2455 2729 2678 2799 aii‘abre,
2713 2735 3074 2805 distincteque
3123 2743 3187 2792 ac
3211 2740 3429 2807 aequali—

1828 2837 1909 2882 ter
1929 2826 2229 2896 descriptus
2270 2831 2352 2880 est
2383 2842 2394 2878 :
2421 2833 2490 2880 ne
2516 2825 2642 2896 quid
2681 2837 2710 2879 a
2743 2834 2889 2881 recta
2923 2826 3059 2880 linea
3086 2827 3140 2881 in
3179 2830 3426 2884 versibus

1826 2919 2114 2975 exarandis
2145 2933 2335 2974 manus
2383 2913 2726 2985 deﬂecteret,
2755 2920 2944 2974 calami
2989 2919 3073 2974 via
3111 2922 3249 2993 stylo
3285 2921 3429 2978 desi-

1826 3025 1988 3086 gnata
2036 3014 2245 3069 visitur.
2302 3015 2387 3070 Ab
2435 3013 2813 3068 emendatione
2866 3017 3078 3084 quoque
3126 3017 3424 3086 generatim

1827 3105 2125 3161 laudandus
2156 3105 2293 3161 liber
2325 3123 2338 3159 :
2372 3105 2722 3175 quamobrem
2768 3092 2968 3159 librarii
2999 3104 3116 3174 iure
3147 3108 3339 3161 merito
3370 3108 3424 3162 in

143 3193 293 3246 carnis
319 3193 626 3263 adsumptis.
645 3189 778 3245 Hinc
799 3187 1060 3244 Alc'ul‘uus
1081 3186 1244 3242 Felici
1270 3203 1280 3239 :
1307 3193 1362 3239 tu
1382 3185 1586 3238 omnino
1608 3195 1720 3254 per-

1831 3197 2106 3254 ltominum
2138 3199 2451 3253 memoriam
2477 3211 2675 3252 nomen
2698 3197 3091 3263 revocabimus,
3115 3187 3256 3266 quod
3283 3205 3424 3267 prro-

143 3283 402 3340 msissiitte
434 3281 566 3338 dicis
594 3282 872 3352 adoptatur
903 3296 918 3334 :
947 3278 1194 3351 quamvis
1236 3293 1342 3333 non
1377 3289 1440 3332 ea
1472 3284 1722 3344 perversa

144 3385 306 3432 essent.
343 3379 532 3443 verba,
563 3375 659 3432 sed
707 3371 1100 3444 interpretatio.
1133 3369 1258 3424 llazc
1300 3373 1479 3423 alitem
1520 3366 1721 3434 omnia,

147 3481 192 3526 ut
211 3479 427 3539 constet,
445 3477 611 3543 quam
635 3467 702 3526 ab
722 3467 964 3540 antiquo,
993 3477 1048 3523 et
1068 3481 1164 3523 cur
1189 3467 1234 3522 is
1263 3466 1413 3522 locus
1440 3453 1726 3534 dupliciter

144 3568 190 3622 in
219 3559 360 3624 libris
401 3563 822 3624 describeretur.
847 3564 1117 3621 Caeterum
1171 3560 1442 3634 quom‘odo
1494 3559 1726 3614 Hilarius

143 3659 247 3732 ipse
288 3663 599 3735 scripserit,
658 3659 787 3716 mihi
842 3653 1053 3730 quidem
1109 3655 1266 3712 facile
1318 3649 1534 3726 cognitu
1579 3653 1728 3708 vide—

144 3761 219 3811 tur
242 3759 490 3824 omnino;
529 3759 841 3812 contextum
881 3755 1023 3809 enim
1071 3750 1510 3822 percurrentibus
1547 3747 1724 3804 statim

143 3847 324 3920 patebit
365 3860 555 3906 "vocem
611 3841 859 3904 adorator
911 3845 1159 3901 oraturize
1204 3839 1518 3914 elegantias,
1565 3854 1726 3911 quam

143 3941 323 3998 Auctor
359 3943 434 3998 ibi
463 3949 721 4007 sectatur,
768 3939 986 3993 tninime
1006 3935 1316 3993 cunvenire.
1349 3930 1494 3988 Parit
1529 3930 1723 4002 Virgo,

143 4043 299 4101 partus
349 4045 381 4089 α
439 4033 546 4088 Deo
600 4040 715 4098 eat;
766 4035 940 4102 infans
996 4029 1169 4100 vagit,
1226 4026 1492 4082 laudantes
1544 4024 1730 4097 Auget;

143 4121 434 4194 audiuntur;
485 4127 644 4196 pam‘ti
688 4114 920 4190 sordent,
963 4111 1102 4176 Deus
1142 4117 1384 4175 aduratur
1411 4137 1428 4174 :
1454 4120 1525 4173 ita
1563 4129 1731 4191 potes-

147 4218 245 4272 tatis
272 4221 492 4293 dignitas
519 4229 618 4273 noti
650 4218 930 4282 amittitur,
953 4215 1077 4269 dum
1105 4213 1272 4268 carnis
1302 4214 1562 4267 humilitas
1605 4213 1729 4267 ado-

146 4317 287 4365 ratur.
332 4312 516 4383 Neque
545 4313 670 4381 apte
716 4307 1023 4364 immediata
1065 4305 1324 4363 orationis
1368 4302 1606 4360 membra
1649 4301 1731 4359 bis

147 4403 318 4461 eodem
366 4405 534 4462 verbo
583 4401 937 4470 clauduntur,
995 4407 1168 4471 neque
1222 4397 1503 4454 miriﬁcum
1563 4391 1727 4464 illud,

147 4493 268 4563 quod
293 4513 356 4553 ex
383 4497 644 4568 oppositis
665 4501 962 4566 aucupatur
987 4487 1254 4558 Hilarius,
1277 4491 1447 4547 oritur
1473 4485 1585 4545 ullo
1615 4501 1731 4544 tuo-

1829 3297 1909 3346 ter
1938 3305 2165 3358 morem,
2215 3290 2305 3346 ubi
2359 3291 2536 3344 minus
2573 3287 2991 3360 exspectandum
3027 3296 3167 3354 erat,
3197 3289 3427 3345 incurri—

1827 3396 1950 3437 mus
1978 3401 1989 3435 :
2023 3381 2076 3436 in
2108 3366 2448 3452 alphabetico
2473 3381 2681 3435 scilicet
2708 3380 2922 3434 Psalmo
2951 3393 3137 3445 cxvm,
3165 3387 3286 3450 post
3306 3381 3419 3449 illa,

1827 3474 2025 3529 Littera
2050 3471 2182 3528 IIII
2198 3473 2428 3544 explicit,
2447 3473 2627 3542 incipit
2646 3469 2839 3525 Littera
2882 3471 2920 3524 V
2945 3471 3421 3543 feliciter,exigttis,
3461 3497 3466 3502 ·

1827 3571 1922 3627 sed
1953 3565 2262 3642 majusculae
2291 3569 2514 3640 pariter,
2546 3571 2604 3624 ut
2625 3579 2898 3631 vacamus,
2933 3567 3117 3639 ﬁgurae
3145 3568 3427 3626 characte-

1825 3662 1975 3718 ribus
2033 3663 2228 3733 legitur
2272 3660 2495 3716 inferius
2533 3679 2545 3715 :
2605 3644 2795 3717 Scribit
2833 3659 3150 3730 antiquarios
3182 3659 3425 3717 Eutalius

1827 3749 1918 3812 ΝΤ
1948 3755 2022 3811 ita
2053 3755 2373 3827 colligantur
2398 3753 2464 3822 Ν,
2489 3755 2630 3826 quod
2663 3755 2967 3825 compendii
2988 3767 3155 3826 genus
3181 3761 3425 3811 veterum

1829 3849 2065 3921 lapidum
2088 3864 2243 3905 usum
2290 3850 2449 3919 sapit.
2483 3845 2539 3902 ln
2582 3845 2770 3902 eodem
2803 3845 3014 3902 Psalmo
3047 3853 3164 3916 poSt
3189 3847 3426 3903 litteram

1829 3945 2113 4012 decimam,
2164 3943 2301 3998 intra
2357 3941 2617 3998 circulum
2657 3937 2855 3996 Christi
2911 3945 3314 4010 monogramma
3372 3941 3428 3997 in

1830 4038 1982 4110 apice
2006 4053 2113 4107 pra:
2133 4048 2192 4091 se
2211 4034 2472 4090 ferentem
2497 4049 2510 4088 :
2531 4029 2779 4090 Scribtori
2807 4033 2928 4098 vita,
2952 4032 3134 4102 tegenti
3165 4033 3422 4088 doctrina.

1902 4127 2340 4199 Antiquariorum
2399 4135 2622 4190 munus,
2691 4131 2916 4193 quorum
2975 4122 3228 4192 frequens
3282 4123 3426 4191 apud

1831 4227 2040 4277 veteres
2091 4219 2292 4274 mentio
2326 4261 2340 4284 ,
2397 4213 2637 4273 Valentis
2683 4215 2768 4270 lex
2833 4231 2975 4269 anno
3026 4221 3278 4270 cchxxu
3320 4215 3424 4270 lata

1835 4306 2000 4385 probe
2051 4311 2334 4368 describit.
2392 4310 2718 4381 Antiquarios
2761 4309 2828 4362 ad
2858 4307 3174 4362 bibliothecae
3226 4309 3427 4362 codices

1834 4402 2241 4475 componendus,
2273 4401 2352 4457 vel
2392 4418 2487 4472 pro
2539 4409 2784 4455 uetustate
2827 4400 3162 4469 reparandas,
3205 4405 3424 4469 quatuor

1839 4499 2043 4555 Graecos
2089 4506 2135 4552 et
2191 4506 2291 4551 tres
2321 4495 2537 4550 Latinos
2584 4493 2835 4548 scribendi
2892 4491 3080 4559 peritos
3130 4488 3229 4562 legi
3270 4495 3422 4566 jube-

149 4586 232 4652 do,
263 4585 304 4643 si
335 4587 652 4660 dignitatem
690 4595 796 4641 non
839 4585 1076 4650 amittat,
1107 4585 1195 4655 qui
1239 4585 1525 4648 adurawr;
1557 4568 1943 4645 oriturDmus
1993 4589 2074 4661 (ο,
2108 4587 2210 4643 Th,
2257 4587 2319 4642 de
2367 4585 2577 4654 Antiqu.
2625 4583 2662 4638 ι.
2709 4583 2791 4651 ιι).
2842 4583 3078 4638 Isidorus
3141 4584 3211 4638 ita
3255 4585 3428 4640 dictos

149 4689 305 4736 autem
336 4683 560 4751 optime,
593 4669 638 4736 si
684 4677 994 4751 dignitatem
1027 4689 1134 4733 non
1170 4677 1398 4745 amittat,
1435 4677 1524 4748 qui
1551 4678 1729 4732 carnis

151 4765 484 4829 humilitatem
515 4773 755 4844 adoptat.
790 4771 895 4827 Cur
929 4777 1056 4827 vero
1097 4769 1246 4826 Felix
1296 4769 1726 4825 criminationem

149 4861 256 4919 falsi
275 4866 437 4922 veteri
475 4861 655 4936 ali-luo
685 4863 898 4936 prolato
928 4865 1113 4920 codice
1139 4863 1412 4932 adoptatur
1444 4856 1730 4916 exhibente

149 4965 250 5010 non
273 4959 542 5027 repulcrit,
567 4959 650 5014 Vel
674 4957 929 5013 invidiam
962 4956 1149 5011 saltent
1183 4968 1286 5010 non
1307 4956 1580 5022 minuerit,
1605 4965 1729 5024 pro-

148 5048 287 5138 iectu
303 5069 403 5107 non
426 5043 688 5125 intelligo.
708 5039 912 5108 Eodem
936 5056 1083 5107 'c‘erte
1108 5059 1268 5106 Sensu
1295 5047 1527 5105 llilarius
1558 5050 1610 5103 in
1635 5061 1730 5104 ex-

154 5142 402 5207 positione
427 5143 618 5199 Psalmi
651 5153 835 5199 cnvn
877 5141 1100 5212 protulit
1127 5149 1216 5214 per
1243 5139 1567 5211 adoptionem
1609 5145 1732 5195 cor-

157 5233 329 5299 poris:
364 5234 557 5290 frustra
583 5251 714 5291 vero
759 5229 1044 5304 legendum
1090 5247 1210 5287 esse
1254 5235 1342 5304 per
1385 5233 1728 5302 adeptionem,

154 5331 382 5396 quamvis
403 5330 711 5387 Erasmiana
743 5328 978 5385 editione
998 5328 1322 5399 suffragante
1342 5370 1358 5394 ,
1385 5327 1462 5381 vir
1492 5326 1733 5397 ingenio-

155 5429 235 5472 sus
269 5423 583 5491 conﬁciebat
609 5421 725 5492 (De
757 5430 877 5476 vett.
910 5410 1109 5487 Hann,
1139 5430 1243 5475 etc.
1263 5461 1278 5487 ,
1311 5431 1364 5489 ν.
1396 5417 1574 5488 460);
1604 5431 1730 5471 nam

156 5499 463 5583 adoptionem
483 5507 704 5588 przefert
727 5513 1198 5586 prmstantissimus
1229 5511 1469 5566 omnium
1500 5500 1733 5580 Capituli

160 5607 309 5660 nostri
341 5607 472 5663 liber
503 5611 641 5663 alter
662 5649 678 5673 ,
711 5607 862 5678 cujus
887 5598 997 5676 jam
1030 5606 1345 5662 relationem
1379 5603 1726 5675 ingredimur.

217 5698 424 5756 Paucos
442 5704 652 5774 quidem
689 5715 756 5758 ex
795 5700 1190 5758 Ecclesiasticis
1217 5702 1515 5770 praesertim
1546 5712 1734 5752 manu-

160 5792 376 5866 scriptos
424 5787 637 5852 codlces
682 5795 946 5869 reperias,
986 5793 1076 5864 qui
1118 5804 1238 5849 cum
1287 5791 1390 5852 hoc
1419 5792 1736 5863 antiquitate

1835 4692 2022 4755 putat,
2085 4681 2205 4752 quia
2262 4678 2614 4734 tantummodo
2677 4687 2843 4731 vetera
2895 4673 3194 4731 scriberent
3248 4676 3424 4748 (Orig.

1831 4778 1920 4832 lib.
1948 4777 2047 4848 γι).
2079 4773 2172 4830 sed
2214 4784 2477 4845 repugnat
2520 4771 2754 4828 Euthalii
2785 4771 2954 4827 nostri
2993 4772 3307 4835 auctoritas,
3338 4769 3430 4840 qui

1831 4884 1891 4924 se
1927 4865 2290 4938 antiquarium
2334 4872 2506 4930 vocat,
2555 4861 2738 4916 Hilarii
2782 4875 3117 4932 nequaquam
3174 4871 3302 4915 tunc
3334 4867 3430 4915 tte-

1831 4969 2025 5025 tustos,
2063 4957 2156 5014 sed
2187 4958 2324 5013 forte
2363 4953 2601 5012 calentes
2622 4953 2797 5008 adhuc
2826 4954 3241 5007 commentarios
3285 4957 3434 5006 trun—

1833 5049 2098 5108 scribeus.
2131 5051 2244 5121 Ego
2296 5050 2432 5105 inter
2491 5047 2738 5102 librarios
2768 5060 2834 5101 eo
2875 5045 3172 5116 prtcsertim
3211 5045 3434 5102 nomine

1837 5147 2064 5201 (lanatos
2105 5145 2320 5215 Opinor,
2353 5145 2442 5214 qui
2497 5147 2603 5197 non
2657 5141 2934 5206 cursorlis,
2987 5153 3082 5196 seu
3137 5142 3431 5209 celeriblts,

1835 5249 1954 5308 qua:
1980 5233 2221 5292 barbaris
2247 5233 2555 5291 nominibus
2589 5239 2694 5290 nun
2742 5233 2860 5290 sine
2895 5233 3034 5290 ‘miro
3061 5243 3115 5290 et
3144 5234 3436 5290 universali

1837 5335 2021 5387 errore
2053 5328 2318 5400 designari
2365 5327 2560 5397 solent,
2595 5325 2688 5383 sed
2731 5325 3045 5397 majoribus,
3077 5328 3435 5396 accurateque

1835 5421 2027 5478 effictis
2068 5420 2280 5488 litteris,
2324 5435 2388 5476 ac
2426 5419 2699 5490 diligentia
2727 5419 2982 5491 singulari
3028 5418 3242 5473 codices
3295 5423 3434 5472 conl-

1834 5519 2047 5569 struere
2076 5513 2473 5584 profiterentur.
2505 5511 2754 5568 Graecum
2778 5508 3096 5566 vocabulum
3125 5508 3284 5562 docet
3309 5507 3438 5561 Καλ-

1838 5607 2097 5684 λιγράφος,
2138 5604 2402 5675 siquidem
2436 5601 2763 5672 Antiqitarius
2805 5599 3045 5655 redditur
3082 5598 3131 5651 in
3161 5595 3435 5651 veteribus

1842 5691 2069 5754 Classis.
2101 5698 2364 5768 Praecepit
2407 5696 2703 5765 Imperator
2727 5690 3111 5745 Constantinus
3152 5687 3378 5758 epistola
3404 5693 3439 5744 t1

1849 5792 2184 5851 Theodorito
2213 5793 2266 5849 in
2292 5789 2664 5847 Ecclesiasuca
2692 5785 2925 5842 llistoria
2953 5780 3065 5857 (lib.
3094 5795 3133 5854 ι,
3158 5799 3202 5837 c.
3233 5779 3322 5852 16)
3358 5797 3443 5840 re-
