  <div class='ocr_page' id='page_1' title='image "/cluster/home/n/w/nwhite01/storage/ocr_20150623/9/uva.x000826531/015.png"; bbox 0 0 3920 6214; ppageno 0'>
   <div class='ocr_carea' id='block_1_1' title="bbox 493 231 2486 324">
    <p class='ocr_par' dir='ltr' id='par_1_1' title="bbox 493 231 2486 324">
     <span class='ocr_line' id='line_1_1' title="bbox 493 231 2486 324; baseline -0.005 -1"><span class='ocrx_word' id='word_1_1' title='bbox 493 266 582 324; x_wconf 87' lang='lat' dir='ltr'><strong>vn</strong></span> <span class='ocrx_word' id='word_1_2' title='bbox 1217 231 1226 238; x_wconf 80' lang='grc'><em>’</em></span> <span class='ocrx_word' id='word_1_3' title='bbox 1751 301 1764 314; x_wconf 95' lang='grc'><strong>.</strong></span> <span class='ocrx_word' id='word_1_4' title='bbox 1846 260 2102 316; x_wconf 80' lang='lat' dir='ltr'><strong>MAFFEI</strong></span> <span class='ocrx_word' id='word_1_5' title='bbox 2144 258 2486 316; x_wconf 85' lang='lat' dir='ltr'><strong>EDITIONIS</strong></span> 
     </span>
    </p>
   </div>
   <div class='ocr_carea' id='block_1_2' title="bbox 3665 262 3774 320">
    <p class='ocr_par' dir='ltr' id='par_1_2' title="bbox 3665 262 3774 320">
     <span class='ocr_line' id='line_1_2' title="bbox 3665 262 3774 320; baseline 0.018 -2"><span class='ocrx_word' id='word_1_6' title='bbox 3665 262 3774 320; x_wconf 72' lang='lat' dir='ltr'>VIII</span> 
     </span>
    </p>
   </div>
   <div class='ocr_carea' id='block_1_3' title="bbox 484 373 3774 448">
    <p class='ocr_par' dir='ltr' id='par_1_3' title="bbox 484 373 3774 448">
     <span class='ocr_line' id='line_1_3' title="bbox 484 373 3774 448; baseline -0.001 -12"><span class='ocrx_word' id='word_1_7' title='bbox 484 382 618 446; x_wconf 88' lang='lat' dir='ltr'><strong>lata,</strong></span> <span class='ocrx_word' id='word_1_8' title='bbox 647 387 705 434; x_wconf 91' lang='lat' dir='ltr'><strong>ut</strong></span> <span class='ocrx_word' id='word_1_9' title='bbox 754 377 823 435; x_wconf 89' lang='lat' dir='ltr'><strong>ad</strong></span> <span class='ocrx_word' id='word_1_10' title='bbox 872 377 1160 433; x_wconf 88' lang='lat' dir='ltr'><strong>multarum</strong></span> <span class='ocrx_word' id='word_1_11' title='bbox 1192 374 1347 431; x_wconf 85' lang='lat' dir='ltr'><strong>Urbis</strong></span> <span class='ocrx_word' id='word_1_12' title='bbox 1392 386 1504 429; x_wconf 73' lang='lat' dir='ltr'><strong>sua:</strong></span> <span class='ocrx_word' id='word_1_13' title='bbox 1533 373 1896 430; x_wconf 82' lang='lat' dir='ltr'><strong>Ecclesiarum</strong></span> <span class='ocrx_word' id='word_1_14' title='bbox 1926 389 2082 430; x_wconf 91' lang='lat' dir='ltr'><strong>usum</strong></span> <span class='ocrx_word' id='word_1_15' title='bbox 2110 378 2164 437; x_wconf 81' lang='grc' dir='ltr'><strong>Α</strong></span> <span class='ocrx_word' id='word_1_16' title='bbox 2257 373 2374 429; x_wconf 87' lang='lat' dir='ltr'><strong>Jam</strong></span> <span class='ocrx_word' id='word_1_17' title='bbox 2398 388 2526 430; x_wconf 88' lang='lat' dir='ltr'><strong>vero</strong></span> <span class='ocrx_word' id='word_1_18' title='bbox 2557 384 2613 430; x_wconf 86' lang='grc' dir='ltr'><strong>ιιι</strong></span> <span class='ocrx_word' id='word_1_19' title='bbox 2655 375 2910 446; x_wconf 86' lang='lat' dir='ltr'><strong>quidquid</strong></span> <span class='ocrx_word' id='word_1_20' title='bbox 2946 374 3012 430; x_wconf 90' lang='lat' dir='ltr'><strong>ad</strong></span> <span class='ocrx_word' id='word_1_21' title='bbox 3043 374 3428 447; x_wconf 85' lang='lat' dir='ltr'><strong>detergendum</strong></span> <span class='ocrx_word' id='word_1_22' title='bbox 3465 385 3626 448; x_wconf 89' lang='lat' dir='ltr'><strong>atque</strong></span> <span class='ocrx_word' id='word_1_23' title='bbox 3667 392 3774 433; x_wconf 86' lang='lat' dir='ltr'><strong>am-</strong></span> 
     </span>
    </p>
   </div>
   <div class='ocr_carea' id='block_1_4' title="bbox 485 468 2082 542">
    <p class='ocr_par' dir='ltr' id='par_1_4' title="bbox 485 468 2082 542">
     <span class='ocr_line' id='line_1_4' title="bbox 485 468 2082 542; baseline -0.003 -14"><span class='ocrx_word' id='word_1_24' title='bbox 485 488 760 529; x_wconf 89' lang='lat' dir='ltr'><strong>sacrarum</strong></span> <span class='ocrx_word' id='word_1_25' title='bbox 788 471 1184 542; x_wconf 89' lang='lat' dir='ltr'><strong>Scripturarum</strong></span> <span class='ocrx_word' id='word_1_26' title='bbox 1212 468 1596 540; x_wconf 77' lang='lat' dir='ltr'><strong>quinquaginta</strong></span> <span class='ocrx_word' id='word_1_27' title='bbox 1629 468 1961 525; x_wconf 78' lang='lat' dir='ltr'><strong>membranei</strong></span> <span class='ocrx_word' id='word_1_28' title='bbox 1986 484 2082 525; x_wconf 94' lang='lat' dir='ltr'><strong>co-</strong></span> 
     </span>
    </p>
   </div>
   <div class='ocr_carea' id='block_1_5' title="bbox 487 561 2085 636">
    <p class='ocr_par' dir='ltr' id='par_1_5' title="bbox 487 561 2085 636">
     <span class='ocr_line' id='line_1_5' title="bbox 487 561 2085 636; baseline -0.003 -16"><span class='ocrx_word' id='word_1_29' title='bbox 487 563 642 620; x_wconf 87' lang='lat' dir='ltr'><strong>dices</strong></span> <span class='ocrx_word' id='word_1_30' title='bbox 688 563 1085 619; x_wconf 85' lang='lat' dir='ltr'><strong>conficerentur</strong></span> <span class='ocrx_word' id='word_1_31' title='bbox 1129 562 1233 616; x_wconf 77' lang='grc' dir='ltr'><strong>ὑπὸ</strong></span> <span class='ocrx_word' id='word_1_32' title='bbox 1280 568 1534 633; x_wconf 79' lang='grc' dir='ltr'><strong>τεχνιτῶν</strong></span> <span class='ocrx_word' id='word_1_33' title='bbox 1584 561 1957 636; x_wconf 76' lang='grc' dir='ltr'><strong>Καλλισγράφων,</strong></span> <span class='ocrx_word' id='word_1_34' title='bbox 2000 565 2085 616; x_wconf 84' lang='grc' dir='ltr'><strong>καὶ</strong></span> 
     </span>
    </p>
   </div>
   <div class='ocr_carea' id='block_1_6' title="bbox 485 652 2085 734">
    <p class='ocr_par' dir='ltr' id='par_1_6' title="bbox 485 652 2085 734">
     <span class='ocr_line' id='line_1_6' title="bbox 485 652 2085 734; baseline -0.004 -20"><span class='ocrx_word' id='word_1_35' title='bbox 485 659 713 734; x_wconf 77' lang='grc' dir='ltr'><strong>ἀκριϐῶς·</strong></span> <span class='ocrx_word' id='word_1_36' title='bbox 737 661 828 715; x_wconf 78' lang='grc' dir='ltr'><strong>τὴν</strong></span> <span class='ocrx_word' id='word_1_37' title='bbox 853 656 1038 726; x_wconf 82' lang='grc' dir='ltr'><strong>τέχνην</strong></span> <span class='ocrx_word' id='word_1_38' title='bbox 1058 655 1432 727; x_wconf 78' lang='grc' dir='ltr'><strong>ἐπισταμένων,</strong></span> <span class='ocrx_word' id='word_1_39' title='bbox 1464 652 1527 706; x_wconf 86' lang='lat' dir='ltr'><strong>ab</strong></span> <span class='ocrx_word' id='word_1_40' title='bbox 1563 653 1844 720; x_wconf 79' lang='lat' dir='ltr'><strong>artiﬁcibus</strong></span> <span class='ocrx_word' id='word_1_41' title='bbox 1875 653 2085 722; x_wconf 81' lang='lat' dir='ltr'><strong>pulchre</strong></span> 
     </span>
    </p>
   </div>
   <div class='ocr_carea' id='block_1_7' title="bbox 483 745 2086 814">
    <p class='ocr_par' dir='ltr' id='par_1_7' title="bbox 483 745 2086 814">
     <span class='ocr_line' id='line_1_7' title="bbox 483 745 2086 814; baseline 0 -13"><span class='ocrx_word' id='word_1_42' title='bbox 483 747 847 809; x_wconf 73' lang='lat' dir='ltr'><strong>scribentibus,</strong></span> <span class='ocrx_word' id='word_1_43' title='bbox 900 756 1048 812; x_wconf 85' lang='lat' dir='ltr'><strong>atque</strong></span> <span class='ocrx_word' id='word_1_44' title='bbox 1089 756 1250 799; x_wconf 91' lang='lat' dir='ltr'><strong>artem</strong></span> <span class='ocrx_word' id='word_1_45' title='bbox 1282 748 1499 814; x_wconf 76' lang='lat' dir='ltr'><strong>perfecte</strong></span> <span class='ocrx_word' id='word_1_46' title='bbox 1545 745 1845 799; x_wconf 78' lang='lat' dir='ltr'><strong>callentibus</strong></span> <span class='ocrx_word' id='word_1_47' title='bbox 1879 761 1897 798; x_wconf 88' lang='lat'><em>:</em></span> <span class='ocrx_word' id='word_1_48' title='bbox 1924 747 2086 802; x_wconf 87' lang='lat' dir='ltr'><strong>vertit</strong></span> 
     </span>
    </p>
   </div>
   <div class='ocr_carea' id='block_1_8' title="bbox 481 837 2085 910">
    <p class='ocr_par' dir='ltr' id='par_1_8' title="bbox 481 837 2085 910">
     <span class='ocr_line' id='line_1_8' title="bbox 481 837 2085 910; baseline -0.001 -15"><span class='ocrx_word' id='word_1_49' title='bbox 481 839 815 910; x_wconf 85' lang='lat' dir='ltr'><strong>Epiphanius</strong></span> <span class='ocrx_word' id='word_1_50' title='bbox 845 838 1212 894; x_wconf 86' lang='lat' dir='ltr'><strong>Scholasticus</strong></span> <span class='ocrx_word' id='word_1_51' title='bbox 1251 837 1303 892; x_wconf 91' lang='lat' dir='ltr'><strong>in</strong></span> <span class='ocrx_word' id='word_1_52' title='bbox 1351 837 1664 907; x_wconf 87' lang='lat' dir='ltr'><strong>Tripartita,</strong></span> <span class='ocrx_word' id='word_1_53' title='bbox 1700 839 1763 891; x_wconf 87' lang='lat' dir='ltr'><strong>ab</strong></span> <span class='ocrx_word' id='word_1_54' title='bbox 1803 839 2085 906; x_wconf 79' lang='lat' dir='ltr'><strong>artiﬁcibus</strong></span> 
     </span>
    </p>
   </div>
   <div class='ocr_carea' id='block_1_9' title="bbox 486 929 2078 1001">
    <p class='ocr_par' dir='ltr' id='par_1_9' title="bbox 486 929 2078 1001">
     <span class='ocr_line' id='line_1_9' title="bbox 486 929 2078 1001; baseline 0.001 -18"><span class='ocrx_word' id='word_1_55' title='bbox 486 931 791 1001; x_wconf 77' lang='lat' dir='ltr'><strong>antiquariis</strong></span> <span class='ocrx_word' id='word_1_56' title='bbox 810 971 824 995; x_wconf 93' lang='lat'><strong>,</strong></span> <span class='ocrx_word' id='word_1_57' title='bbox 854 939 904 984; x_wconf 90' lang='lat' dir='ltr'><strong>et</strong></span> <span class='ocrx_word' id='word_1_58' title='bbox 934 933 1153 1000; x_wconf 78' lang='lat' dir='ltr'><strong>perfecte</strong></span> <span class='ocrx_word' id='word_1_59' title='bbox 1194 938 1352 984; x_wconf 85' lang='lat' dir='ltr'><strong>artem</strong></span> <span class='ocrx_word' id='word_1_60' title='bbox 1395 930 1667 983; x_wconf 83' lang='lat' dir='ltr'><strong>scientibus</strong></span> <span class='ocrx_word' id='word_1_61' title='bbox 1690 929 1804 999; x_wconf 85' lang='lat' dir='ltr'><strong>(lib.</strong></span> <span class='ocrx_word' id='word_1_62' title='bbox 1833 947 1889 998; x_wconf 90' lang='lat'><strong>11,</strong></span> <span class='ocrx_word' id='word_1_63' title='bbox 1919 949 1965 984; x_wconf 91' lang='lat' dir='ltr'><strong>c.</strong></span> <span class='ocrx_word' id='word_1_64' title='bbox 2000 931 2078 1001; x_wconf 90' lang='lat'><strong>6).</strong></span> 
     </span>
    </p>
   </div>
   <div class='ocr_carea' id='block_1_10' title="bbox 483 1022 2079 1094">
    <p class='ocr_par' dir='ltr' id='par_1_10' title="bbox 483 1022 2079 1094">
     <span class='ocr_line' id='line_1_10' title="bbox 483 1022 2079 1094; baseline 0.001 -17"><span class='ocrx_word' id='word_1_65' title='bbox 483 1023 779 1093; x_wconf 86' lang='lat' dir='ltr'><strong>Pr0ptcrea</strong></span> <span class='ocrx_word' id='word_1_66' title='bbox 808 1022 1141 1094; x_wconf 82' lang='lat' dir='ltr'><strong>Augustinus</strong></span> <span class='ocrx_word' id='word_1_67' title='bbox 1170 1023 1222 1076; x_wconf 95' lang='lat' dir='ltr'><strong>in</strong></span> <span class='ocrx_word' id='word_1_68' title='bbox 1251 1022 1510 1077; x_wconf 89' lang='lat' dir='ltr'><strong>Sermone</strong></span> <span class='ocrx_word' id='word_1_69' title='bbox 1530 1022 1596 1078; x_wconf 91' lang='lat' dir='ltr'><strong>de</strong></span> <span class='ocrx_word' id='word_1_70' title='bbox 1613 1023 1805 1079; x_wconf 83' lang='lat' dir='ltr'><strong>Verbis</strong></span> <span class='ocrx_word' id='word_1_71' title='bbox 1837 1025 2042 1079; x_wconf 88' lang='lat' dir='ltr'><strong>Domini</strong></span> <span class='ocrx_word' id='word_1_72' title='bbox 2067 1042 2079 1078; x_wconf 93' lang='lat'><strong>:</strong></span> 
     </span>
    </p>
   </div>
   <div class='ocr_carea' id='block_1_11' title="bbox 489 1115 2084 1185">
    <p class='ocr_par' dir='ltr' id='par_1_11' title="bbox 489 1115 2084 1185">
     <span class='ocr_line' id='line_1_11' title="bbox 489 1115 2084 1185; baseline 0.001 -15"><span class='ocrx_word' id='word_1_73' title='bbox 489 1115 588 1180; x_wconf 85' lang='lat' dir='ltr'><strong>Qui</strong></span> <span class='ocrx_word' id='word_1_74' title='bbox 616 1116 749 1171; x_wconf 85' lang='lat' dir='ltr'><strong>ridet</strong></span> <span class='ocrx_word' id='word_1_75' title='bbox 775 1116 966 1170; x_wconf 85' lang='lat' dir='ltr'><strong>litteras</strong></span> <span class='ocrx_word' id='word_1_76' title='bbox 995 1116 1048 1168; x_wconf 90' lang='lat' dir='ltr'><strong>in</strong></span> <span class='ocrx_word' id='word_1_77' title='bbox 1075 1115 1247 1168; x_wconf 87' lang='lat' dir='ltr'><strong>codice</strong></span> <span class='ocrx_word' id='word_1_78' title='bbox 1275 1116 1462 1184; x_wconf 80' lang='lat' dir='ltr'><strong>Optime</strong></span> <span class='ocrx_word' id='word_1_79' title='bbox 1488 1116 1701 1185; x_wconf 83' lang='lat' dir='ltr'><strong>scripto,</strong></span> <span class='ocrx_word' id='word_1_80' title='bbox 1732 1125 1779 1169; x_wconf 91' lang='lat' dir='ltr'><strong>et</strong></span> <span class='ocrx_word' id='word_1_81' title='bbox 1819 1134 1920 1170; x_wconf 89' lang='lat' dir='ltr'><strong>non</strong></span> <span class='ocrx_word' id='word_1_82' title='bbox 1944 1118 2084 1171; x_wconf 85' lang='lat' dir='ltr'><strong>novit</strong></span> 
     </span>
    </p>
   </div>
   <div class='ocr_carea' id='block_1_12' title="bbox 486 1207 2083 1292">
    <p class='ocr_par' dir='ltr' id='par_1_12' title="bbox 486 1207 2083 1292">
     <span class='ocr_line' id='line_1_12' title="bbox 486 1207 2083 1292; baseline -0.001 -30"><span class='ocrx_word' id='word_1_83' title='bbox 486 1209 674 1278; x_wconf 83' lang='lat' dir='ltr'><strong>legere,</strong></span> <span class='ocrx_word' id='word_1_84' title='bbox 711 1208 889 1262; x_wconf 89' lang='lat' dir='ltr'><strong>laudat</strong></span> <span class='ocrx_word' id='word_1_85' title='bbox 893 1207 1188 1292; x_wconf 47' lang='lat' dir='ltr'><strong>‘mtiquarii</strong></span> <span class='ocrx_word' id='word_1_86' title='bbox 1205 1222 1432 1270; x_wconf 89' lang='lat' dir='ltr'><strong>manum,</strong></span> <span class='ocrx_word' id='word_1_87' title='bbox 1453 1207 1715 1261; x_wconf 88' lang='lat' dir='ltr'><strong>admirans</strong></span> <span class='ocrx_word' id='word_1_88' title='bbox 1740 1208 1946 1276; x_wconf 87' lang='lat' dir='ltr'><strong>apicum</strong></span> <span class='ocrx_word' id='word_1_89' title='bbox 1969 1209 2083 1276; x_wconf 81' lang='lat' dir='ltr'><strong>pul-</strong></span> 
     </span>
    </p>
   </div>
   <div class='ocr_carea' id='block_1_13' title="bbox 482 1297 2081 1367">
    <p class='ocr_par' dir='ltr' id='par_1_13' title="bbox 482 1297 2081 1367">
     <span class='ocr_line' id='line_1_13' title="bbox 482 1297 2081 1367; baseline 0.001 -15"><span class='ocrx_word' id='word_1_90' title='bbox 482 1299 842 1354; x_wconf 84' lang='lat' dir='ltr'><strong>chritudinem.</strong></span> <span class='ocrx_word' id='word_1_91' title='bbox 891 1297 945 1352; x_wconf 85' lang='lat' dir='ltr'><strong>ld</strong></span> <span class='ocrx_word' id='word_1_92' title='bbox 971 1307 1146 1352; x_wconf 88' lang='lat' dir='ltr'><strong>autem</strong></span> <span class='ocrx_word' id='word_1_93' title='bbox 1179 1297 1412 1352; x_wconf 90' lang='lat' dir='ltr'><strong>nominis</strong></span> <span class='ocrx_word' id='word_1_94' title='bbox 1441 1298 1679 1367; x_wconf 89' lang='lat' dir='ltr'><strong>sequiori</strong></span> <span class='ocrx_word' id='word_1_95' title='bbox 1710 1313 1824 1353; x_wconf 68' lang='grc' dir='ltr'><strong>ιηιό</strong></span> <span class='ocrx_word' id='word_1_96' title='bbox 1852 1299 2081 1354; x_wconf 91' lang='lat' dir='ltr'><strong>librariis</strong></span> 
     </span>
    </p>
   </div>
   <div class='ocr_carea' id='block_1_14' title="bbox 482 1390 2081 1462">
    <p class='ocr_par' dir='ltr' id='par_1_14' title="bbox 482 1390 2081 1462">
     <span class='ocr_line' id='line_1_14' title="bbox 482 1390 2081 1462; baseline 0 -14"><span class='ocrx_word' id='word_1_97' title='bbox 482 1392 703 1462; x_wconf 85' lang='lat' dir='ltr'><strong>majoris</strong></span> <span class='ocrx_word' id='word_1_98' title='bbox 719 1391 908 1447; x_wconf 87' lang='lat' dir='ltr'><strong>formae</strong></span> <span class='ocrx_word' id='word_1_99' title='bbox 933 1391 1126 1446; x_wconf 90' lang='lat' dir='ltr'><strong>litteris</strong></span> <span class='ocrx_word' id='word_1_100' title='bbox 1144 1391 1358 1447; x_wconf 83' lang='lat' dir='ltr'><strong>codices</strong></span> <span class='ocrx_word' id='word_1_101' title='bbox 1379 1390 1758 1461; x_wconf 79' lang='lat' dir='ltr'><strong>efﬁngentibus</strong></span> <span class='ocrx_word' id='word_1_102' title='bbox 1789 1392 2081 1448; x_wconf 74' lang='lat' dir='ltr'><strong>adhaesisse</strong></span> 
     </span>
    </p>
   </div>
   <div class='ocr_carea' id='block_1_15' title="bbox 476 1485 2078 1557">
    <p class='ocr_par' dir='ltr' id='par_1_15' title="bbox 476 1485 2078 1557">
     <span class='ocr_line' id='line_1_15' title="bbox 476 1485 2078 1557; baseline 0 -17"><span class='ocrx_word' id='word_1_103' title='bbox 476 1496 609 1557; x_wconf 88' lang='lat' dir='ltr'><strong>puto</strong></span> <span class='ocrx_word' id='word_1_104' title='bbox 628 1528 642 1551; x_wconf 94' lang='lat'><strong>,</strong></span> <span class='ocrx_word' id='word_1_105' title='bbox 671 1486 813 1555; x_wconf 89' lang='lat' dir='ltr'><strong>quod</strong></span> <span class='ocrx_word' id='word_1_106' title='bbox 841 1486 1089 1556; x_wconf 87' lang='lat' dir='ltr'><strong>antiquos</strong></span> <span class='ocrx_word' id='word_1_107' title='bbox 1119 1486 1391 1540; x_wconf 83' lang='lat' dir='ltr'><strong>imitantes</strong></span> <span class='ocrx_word' id='word_1_108' title='bbox 1435 1485 1747 1554; x_wconf 67' lang='lat' dir='ltr'><strong>primaevam</strong></span> <span class='ocrx_word' id='word_1_109' title='bbox 1780 1486 2078 1540; x_wconf 87' lang='lat' dir='ltr'><strong>litterarum</strong></span> 
     </span>
    </p>
   </div>
   <div class='ocr_carea' id='block_1_16' title="bbox 478 1576 2082 1649">
    <p class='ocr_par' dir='ltr' id='par_1_16' title="bbox 478 1576 2082 1649">
     <span class='ocr_line' id='line_1_16' title="bbox 478 1576 2082 1649; baseline -0.001 -17"><span class='ocrx_word' id='word_1_110' title='bbox 478 1578 706 1649; x_wconf 87' lang='lat' dir='ltr'><strong>ﬁguram</strong></span> <span class='ocrx_word' id='word_1_111' title='bbox 729 1587 1006 1632; x_wconf 86' lang='lat' dir='ltr'><strong>servarent</strong></span> <span class='ocrx_word' id='word_1_112' title='bbox 1027 1595 1041 1630; x_wconf 91' lang='lat'><strong>:</strong></span> <span class='ocrx_word' id='word_1_113' title='bbox 1059 1591 1233 1646; x_wconf 90' lang='lat' dir='ltr'><strong>neque</strong></span> <span class='ocrx_word' id='word_1_114' title='bbox 1253 1576 1397 1631; x_wconf 91' lang='lat' dir='ltr'><strong>enim</strong></span> <span class='ocrx_word' id='word_1_115' title='bbox 1419 1577 1588 1646; x_wconf 88' lang='lat' dir='ltr'><strong>prima</strong></span> <span class='ocrx_word' id='word_1_116' title='bbox 1614 1585 1707 1631; x_wconf 88' lang='lat' dir='ltr'><strong>aut</strong></span> <span class='ocrx_word' id='word_1_117' title='bbox 1735 1577 1966 1632; x_wconf 82' lang='lat' dir='ltr'><strong>secunda</strong></span> <span class='ocrx_word' id='word_1_118' title='bbox 1991 1578 2082 1631; x_wconf 82' lang='lat' dir='ltr'><strong>lin-</strong></span> 
     </span>
    </p>
   </div>
   <div class='ocr_carea' id='block_1_17' title="bbox 479 1672 2081 1744">
    <p class='ocr_par' dir='ltr' id='par_1_17' title="bbox 479 1672 2081 1744">
     <span class='ocr_line' id='line_1_17' title="bbox 479 1672 2081 1744; baseline 0.004 -21"><span class='ocrx_word' id='word_1_119' title='bbox 479 1684 601 1741; x_wconf 86' lang='lat' dir='ltr'><strong>guae</strong></span> <span class='ocrx_word' id='word_1_120' title='bbox 623 1672 995 1728; x_wconf 68' lang='lat' dir='ltr'><strong>Latinmmtate</strong></span> <span class='ocrx_word' id='word_1_121' title='bbox 1011 1687 1071 1727; x_wconf 92' lang='lat' dir='ltr'><strong>ea</strong></span> <span class='ocrx_word' id='word_1_122' title='bbox 1091 1673 1500 1743; x_wconf 82' lang='lat' dir='ltr'><strong>significatione,</strong></span> <span class='ocrx_word' id='word_1_123' title='bbox 1521 1673 1614 1728; x_wconf 92' lang='lat' dir='ltr'><strong>sed</strong></span> <span class='ocrx_word' id='word_1_124' title='bbox 1635 1673 1732 1743; x_wconf 71' lang='lat' dir='ltr'><strong>p‘ro</strong></span> <span class='ocrx_word' id='word_1_125' title='bbox 1748 1675 2081 1744; x_wconf 85' lang='lat' dir='ltr'><strong>antiquitatis</strong></span> 
     </span>
    </p>
   </div>
   <div class='ocr_carea' id='block_1_18' title="bbox 2187 466 3772 540">
    <p class='ocr_par' dir='ltr' id='par_1_18' title="bbox 2187 466 3772 540">
     <span class='ocr_line' id='line_1_18' title="bbox 2187 466 3772 540; baseline 0.003 -19"><span class='ocrx_word' id='word_1_126' title='bbox 2187 467 2531 536; x_wconf 85' lang='lat' dir='ltr'><strong>pliticandum</strong></span> <span class='ocrx_word' id='word_1_127' title='bbox 2572 466 2830 522; x_wconf 88' lang='lat' dir='ltr'><strong>Hilarium</strong></span> <span class='ocrx_word' id='word_1_128' title='bbox 2870 468 3118 523; x_wconf 89' lang='lat' dir='ltr'><strong>conferre</strong></span> <span class='ocrx_word' id='word_1_129' title='bbox 3154 467 3367 537; x_wconf 88' lang='lat' dir='ltr'><strong>utrique</strong></span> <span class='ocrx_word' id='word_1_130' title='bbox 3402 467 3614 525; x_wconf 88' lang='lat' dir='ltr'><strong>codices</strong></span> <span class='ocrx_word' id='word_1_131' title='bbox 3651 483 3772 540; x_wconf 88' lang='lat' dir='ltr'><strong>pos-</strong></span> 
     </span>
    </p>
   </div>
   <div class='ocr_carea' id='block_1_19' title="bbox 2187 559 3772 630">
    <p class='ocr_par' dir='ltr' id='par_1_19' title="bbox 2187 559 3772 630">
     <span class='ocr_line' id='line_1_19' title="bbox 2187 559 3772 630; baseline 0.001 -16"><span class='ocrx_word' id='word_1_132' title='bbox 2187 569 2343 624; x_wconf 91' lang='lat' dir='ltr'><strong>sent,</strong></span> <span class='ocrx_word' id='word_1_133' title='bbox 2415 559 2485 615; x_wconf 91' lang='lat' dir='ltr'><strong>ob</strong></span> <span class='ocrx_word' id='word_1_134' title='bbox 2527 560 2714 616; x_wconf 90' lang='lat' dir='ltr'><strong>oculos</strong></span> <span class='ocrx_word' id='word_1_135' title='bbox 2771 559 3092 628; x_wconf 89' lang='lat' dir='ltr'><strong>haberetur,</strong></span> <span class='ocrx_word' id='word_1_136' title='bbox 3129 559 3328 630; x_wconf 87' lang='lat' dir='ltr'><strong>.loseph</strong></span> <span class='ocrx_word' id='word_1_137' title='bbox 3391 559 3772 630; x_wconf 85' lang='lat' dir='ltr'><strong>Blanchinius,</strong></span> 
     </span>
    </p>
   </div>
   <div class='ocr_carea' id='block_1_20' title="bbox 2186 653 3774 718">
    <p class='ocr_par' dir='ltr' id='par_1_20' title="bbox 2186 653 3774 718">
     <span class='ocr_line' id='line_1_20' title="bbox 2186 653 3774 718; baseline 0 -8"><span class='ocrx_word' id='word_1_138' title='bbox 2186 653 2515 710; x_wconf 78' lang='lat' dir='ltr'><strong>Veronensis</strong></span> <span class='ocrx_word' id='word_1_139' title='bbox 2581 654 2836 708; x_wconf 69' lang='lat' dir='ltr'><strong>Ecclesiae</strong></span> <span class='ocrx_word' id='word_1_140' title='bbox 2898 654 3226 718; x_wconf 89' lang='lat' dir='ltr'><strong>Canonicus,</strong></span> <span class='ocrx_word' id='word_1_141' title='bbox 3288 668 3353 710; x_wconf 89' lang='lat' dir='ltr'><strong>ac</strong></span> <span class='ocrx_word' id='word_1_142' title='bbox 3420 653 3774 710; x_wconf 87' lang='lat' dir='ltr'><strong>Bibliotheca-</strong></span> 
     </span>
    </p>
   </div>
   <div class='ocr_carea' id='block_1_21' title="bbox 2187 745 3774 817">
    <p class='ocr_par' dir='ltr' id='par_1_21' title="bbox 2187 745 3774 817">
     <span class='ocr_line' id='line_1_21' title="bbox 2187 745 3774 817; baseline 0.002 -19"><span class='ocrx_word' id='word_1_143' title='bbox 2187 745 2336 810; x_wconf 90' lang='lat' dir='ltr'><strong>rius,</strong></span> <span class='ocrx_word' id='word_1_144' title='bbox 2387 745 2633 799; x_wconf 60' lang='lat' dir='ltr'><strong>maxime:</strong></span> <span class='ocrx_word' id='word_1_145' title='bbox 2669 746 2780 814; x_wconf 86' lang='lat' dir='ltr'><strong>spei</strong></span> <span class='ocrx_word' id='word_1_146' title='bbox 2819 745 3064 815; x_wconf 77' lang='lat' dir='ltr'><strong>juvenis,</strong></span> <span class='ocrx_word' id='word_1_147' title='bbox 3119 745 3555 814; x_wconf 85' lang='lat' dir='ltr'><strong>percelebrisque</strong></span> <span class='ocrx_word' id='word_1_148' title='bbox 3603 748 3774 817; x_wconf 88' lang='lat' dir='ltr'><strong>patrui</strong></span> 
     </span>
    </p>
   </div>
   <div class='ocr_carea' id='block_1_22' title="bbox 2186 837 3777 906">
    <p class='ocr_par' dir='ltr' id='par_1_22' title="bbox 2186 837 3777 906">
     <span class='ocr_line' id='line_1_22' title="bbox 2186 837 3777 906; baseline 0.003 -16"><span class='ocrx_word' id='word_1_149' title='bbox 2186 837 2487 906; x_wconf 81' lang='lat' dir='ltr'><strong>condignas</strong></span> <span class='ocrx_word' id='word_1_150' title='bbox 2517 838 2710 900; x_wconf 79' lang='lat' dir='ltr'><strong>haeres,</strong></span> <span class='ocrx_word' id='word_1_151' title='bbox 2767 852 2888 891; x_wconf 92' lang='lat' dir='ltr'><strong>cum</strong></span> <span class='ocrx_word' id='word_1_152' title='bbox 2923 837 3271 892; x_wconf 83' lang='lat' dir='ltr'><strong>Benedictina</strong></span> <span class='ocrx_word' id='word_1_153' title='bbox 3301 839 3537 893; x_wconf 88' lang='lat' dir='ltr'><strong>editione</strong></span> <span class='ocrx_word' id='word_1_154' title='bbox 3575 839 3777 894; x_wconf 85' lang='lat' dir='ltr'><strong>solidos</strong></span> 
     </span>
    </p>
   </div>
   <div class='ocr_carea' id='block_1_23' title="bbox 2185 929 3774 996">
    <p class='ocr_par' dir='ltr' id='par_1_23' title="bbox 2185 929 3774 996">
     <span class='ocr_line' id='line_1_23' title="bbox 2185 929 3774 996; baseline 0.001 -13"><span class='ocrx_word' id='word_1_155' title='bbox 2185 929 2433 996; x_wconf 90' lang='lat' dir='ltr'><strong>contulit,</strong></span> <span class='ocrx_word' id='word_1_156' title='bbox 2488 938 2542 983; x_wconf 91' lang='lat' dir='ltr'><strong>et</strong></span> <span class='ocrx_word' id='word_1_157' title='bbox 2591 929 2861 984; x_wconf 84' lang='lat' dir='ltr'><strong>variantes</strong></span> <span class='ocrx_word' id='word_1_158' title='bbox 2899 929 3156 984; x_wconf 90' lang='lat' dir='ltr'><strong>lectiones</strong></span> <span class='ocrx_word' id='word_1_159' title='bbox 3192 945 3380 984; x_wconf 90' lang='lat' dir='ltr'><strong>omnes</strong></span> <span class='ocrx_word' id='word_1_160' title='bbox 3413 944 3622 985; x_wconf 88' lang='lat' dir='ltr'><strong>sunnna</strong></span> <span class='ocrx_word' id='word_1_161' title='bbox 3653 931 3774 985; x_wconf 89' lang='lat' dir='ltr'><strong>dili-</strong></span> 
     </span>
    </p>
   </div>
   <div class='ocr_carea' id='block_1_24' title="bbox 2185 1019 3772 1092">
    <p class='ocr_par' dir='ltr' id='par_1_24' title="bbox 2185 1019 3772 1092">
     <span class='ocr_line' id='line_1_24' title="bbox 2185 1019 3772 1092; baseline 0.002 -17"><span class='ocrx_word' id='word_1_162' title='bbox 2185 1021 2360 1089; x_wconf 82' lang='lat' dir='ltr'><strong>gentia</strong></span> <span class='ocrx_word' id='word_1_163' title='bbox 2412 1035 2475 1075; x_wconf 90' lang='lat' dir='ltr'><strong>ac</strong></span> <span class='ocrx_word' id='word_1_164' title='bbox 2502 1019 2608 1074; x_wconf 87' lang='lat' dir='ltr'><strong>ﬁde</strong></span> <span class='ocrx_word' id='word_1_165' title='bbox 2643 1020 2920 1074; x_wconf 84' lang='lat' dir='ltr'><strong>adnotavit</strong></span> <span class='ocrx_word' id='word_1_166' title='bbox 2971 1019 3240 1087; x_wconf 88' lang='lat' dir='ltr'><strong>distincte,</strong></span> <span class='ocrx_word' id='word_1_167' title='bbox 3283 1030 3442 1092; x_wconf 91' lang='lat' dir='ltr'><strong>atquc</strong></span> <span class='ocrx_word' id='word_1_168' title='bbox 3492 1022 3772 1078; x_wconf 81' lang='lat' dir='ltr'><strong>ordinatim</strong></span> 
     </span>
    </p>
   </div>
   <div class='ocr_carea' id='block_1_25' title="bbox 2185 1113 3773 1186">
    <p class='ocr_par' dir='ltr' id='par_1_25' title="bbox 2185 1113 3773 1186">
     <span class='ocr_line' id='line_1_25' title="bbox 2185 1113 3773 1186; baseline 0.003 -18"><span class='ocrx_word' id='word_1_169' title='bbox 2185 1114 2473 1181; x_wconf 83' lang='lat' dir='ltr'><strong>congessit.</strong></span> <span class='ocrx_word' id='word_1_170' title='bbox 2501 1113 2721 1168; x_wconf 87' lang='lat' dir='ltr'><strong>Multum</strong></span> <span class='ocrx_word' id='word_1_171' title='bbox 2753 1114 2913 1168; x_wconf 86' lang='lat' dir='ltr'><strong>etiam</strong></span> <span class='ocrx_word' id='word_1_172' title='bbox 2945 1129 3125 1184; x_wconf 75' lang='lat' dir='ltr'><strong>operte</strong></span> <span class='ocrx_word' id='word_1_173' title='bbox 3154 1115 3206 1168; x_wconf 92' lang='lat' dir='ltr'><strong>in</strong></span> <span class='ocrx_word' id='word_1_174' title='bbox 3238 1115 3302 1170; x_wconf 91' lang='lat' dir='ltr'><strong>iis</strong></span> <span class='ocrx_word' id='word_1_175' title='bbox 3337 1115 3546 1170; x_wconf 87' lang='lat' dir='ltr'><strong>erudite</strong></span> <span class='ocrx_word' id='word_1_176' title='bbox 3581 1131 3773 1186; x_wconf 90' lang='lat' dir='ltr'><strong>posue-</strong></span> 
     </span>
    </p>
   </div>
   <div class='ocr_carea' id='block_1_26' title="bbox 2184 1203 3774 1273">
    <p class='ocr_par' dir='ltr' id='par_1_26' title="bbox 2184 1203 3774 1273">
     <span class='ocr_line' id='line_1_26' title="bbox 2184 1203 3774 1273; baseline 0.004 -15"><span class='ocrx_word' id='word_1_177' title='bbox 2184 1212 2309 1258; x_wconf 89' lang='lat' dir='ltr'><strong>runt</strong></span> <span class='ocrx_word' id='word_1_178' title='bbox 2332 1203 2595 1260; x_wconf 81' lang='lat' dir='ltr'><strong>Sacerdos</strong></span> <span class='ocrx_word' id='word_1_179' title='bbox 2620 1205 2848 1260; x_wconf 79' lang='lat' dir='ltr'><strong>eximius</strong></span> <span class='ocrx_word' id='word_1_180' title='bbox 2875 1205 3184 1260; x_wconf 90' lang='lat' dir='ltr'><strong>Dominicus</strong></span> <span class='ocrx_word' id='word_1_181' title='bbox 3206 1206 3518 1273; x_wconf 84' lang='lat' dir='ltr'><strong>Vallarsius,</strong></span> <span class='ocrx_word' id='word_1_182' title='bbox 3547 1223 3647 1264; x_wconf 91' lang='lat' dir='ltr'><strong>nec</strong></span> <span class='ocrx_word' id='word_1_183' title='bbox 3675 1224 3774 1264; x_wconf 89' lang='lat' dir='ltr'><strong>non</strong></span> 
     </span>
    </p>
   </div>
   <div class='ocr_carea' id='block_1_27' title="bbox 2186 1297 3775 1373">
    <p class='ocr_par' dir='ltr' id='par_1_27' title="bbox 2186 1297 3775 1373">
     <span class='ocr_line' id='line_1_27' title="bbox 2186 1297 3775 1373; baseline 0.004 -21"><span class='ocrx_word' id='word_1_184' title='bbox 2186 1298 2246 1352; x_wconf 88' lang='lat' dir='ltr'><strong>P.</strong></span> <span class='ocrx_word' id='word_1_185' title='bbox 2277 1298 2585 1370; x_wconf 79' lang='lat' dir='ltr'><strong>Alexander</strong></span> <span class='ocrx_word' id='word_1_186' title='bbox 2614 1297 2919 1353; x_wconf 78' lang='lat' dir='ltr'><strong>Bonifacius</strong></span> <span class='ocrx_word' id='word_1_187' title='bbox 2962 1314 3027 1354; x_wconf 87' lang='lat' dir='ltr'><strong>ex</strong></span> <span class='ocrx_word' id='word_1_188' title='bbox 3057 1299 3292 1354; x_wconf 87' lang='lat' dir='ltr'><strong>Oratorii</strong></span> <span class='ocrx_word' id='word_1_189' title='bbox 3331 1300 3775 1373; x_wconf 86' lang='lat' dir='ltr'><strong>Congregationc,</strong></span> 
     </span>
    </p>
   </div>
   <div class='ocr_carea' id='block_1_28' title="bbox 2185 1393 3776 1465">
    <p class='ocr_par' dir='ltr' id='par_1_28' title="bbox 2185 1393 3776 1465">
     <span class='ocr_line' id='line_1_28' title="bbox 2185 1393 3776 1465; baseline 0.003 -20"><span class='ocrx_word' id='word_1_190' title='bbox 2185 1407 2305 1462; x_wconf 84' lang='lat' dir='ltr'><strong>quae</strong></span> <span class='ocrx_word' id='word_1_191' title='bbox 2336 1407 2528 1462; x_wconf 84' lang='lat' dir='ltr'><strong>magno</strong></span> <span class='ocrx_word' id='word_1_192' title='bbox 2552 1402 2605 1447; x_wconf 87' lang='lat' dir='ltr'><strong>et</strong></span> <span class='ocrx_word' id='word_1_193' title='bbox 2648 1393 2862 1461; x_wconf 90' lang='lat' dir='ltr'><strong>pietatis</strong></span> <span class='ocrx_word' id='word_1_194' title='bbox 2890 1402 2944 1448; x_wconf 88' lang='lat' dir='ltr'><strong>et</strong></span> <span class='ocrx_word' id='word_1_195' title='bbox 2973 1393 3272 1449; x_wconf 86' lang='lat' dir='ltr'><strong>litterarum</strong></span> <span class='ocrx_word' id='word_1_196' title='bbox 3305 1395 3445 1450; x_wconf 92' lang='lat' dir='ltr'><strong>bono</strong></span> <span class='ocrx_word' id='word_1_197' title='bbox 3478 1397 3658 1465; x_wconf 86' lang='lat' dir='ltr'><strong>paucis</strong></span> <span class='ocrx_word' id='word_1_198' title='bbox 3686 1398 3776 1450; x_wconf 87' lang='lat' dir='ltr'><strong>ab-</strong></span> 
     </span>
    </p>
   </div>
   <div class='ocr_carea' id='block_1_29' title="bbox 2185 1483 3776 1544">
    <p class='ocr_par' dir='ltr' id='par_1_29' title="bbox 2185 1483 3776 1544">
     <span class='ocr_line' id='line_1_29' title="bbox 2185 1483 3776 1544; baseline 0.004 -7"><span class='ocrx_word' id='word_1_199' title='bbox 2185 1483 2311 1538; x_wconf 91' lang='lat' dir='ltr'><strong>hinc</strong></span> <span class='ocrx_word' id='word_1_200' title='bbox 2336 1485 2491 1539; x_wconf 88' lang='lat' dir='ltr'><strong>annis</strong></span> <span class='ocrx_word' id='word_1_201' title='bbox 2531 1485 2582 1539; x_wconf 92' lang='lat' dir='ltr'><strong>in</strong></span> <span class='ocrx_word' id='word_1_202' title='bbox 2624 1484 2724 1539; x_wconf 89' lang='lat' dir='ltr'><strong>hac</strong></span> <span class='ocrx_word' id='word_1_203' title='bbox 2759 1485 2976 1540; x_wconf 89' lang='lat' dir='ltr'><strong>civitate</strong></span> <span class='ocrx_word' id='word_1_204' title='bbox 3017 1485 3235 1540; x_wconf 90' lang='lat' dir='ltr'><strong>coaluit.</strong></span> <span class='ocrx_word' id='word_1_205' title='bbox 3269 1487 3570 1543; x_wconf 79' lang='lat' dir='ltr'><strong>Varictates</strong></span> <span class='ocrx_word' id='word_1_206' title='bbox 3603 1498 3776 1544; x_wconf 90' lang='lat' dir='ltr'><strong>autem</strong></span> 
     </span>
    </p>
   </div>
   <div class='ocr_carea' id='block_1_30' title="bbox 2186 1579 3779 1651">
    <p class='ocr_par' dir='ltr' id='par_1_30' title="bbox 2186 1579 3779 1651">
     <span class='ocr_line' id='line_1_30' title="bbox 2186 1579 3779 1651; baseline 0.001 -18"><span class='ocrx_word' id='word_1_207' title='bbox 2186 1589 2423 1640; x_wconf 88' lang='lat' dir='ltr'><strong>nostras,</strong></span> <span class='ocrx_word' id='word_1_208' title='bbox 2457 1587 2572 1633; x_wconf 93' lang='lat' dir='ltr'><strong>uta</strong></span> <span class='ocrx_word' id='word_1_209' title='bbox 2609 1579 2840 1643; x_wconf 71' lang='lat' dir='ltr'><strong>cmteris,</strong></span> <span class='ocrx_word' id='word_1_210' title='bbox 2877 1594 2996 1648; x_wconf 70' lang='lat' dir='ltr'><strong>qua:</strong></span> <span class='ocrx_word' id='word_1_211' title='bbox 3026 1589 3401 1651; x_wconf 88' lang='lat' dir='ltr'><strong>supponuntur</strong></span> <span class='ocrx_word' id='word_1_212' title='bbox 3430 1581 3622 1649; x_wconf 78' lang='lat' dir='ltr'><strong>textui,</strong></span> <span class='ocrx_word' id='word_1_213' title='bbox 3657 1580 3779 1636; x_wconf 90' lang='lat' dir='ltr'><strong>faci-</strong></span> 
     </span>
    </p>
   </div>
   <div class='ocr_carea' id='block_1_31' title="bbox 2187 1669 3778 1743">
    <p class='ocr_par' dir='ltr' id='par_1_31' title="bbox 2187 1669 3778 1743">
     <span class='ocr_line' id='line_1_31' title="bbox 2187 1669 3778 1743; baseline 0.001 -20"><span class='ocrx_word' id='word_1_214' title='bbox 2187 1670 2291 1724; x_wconf 91' lang='lat' dir='ltr'><strong>lius</strong></span> <span class='ocrx_word' id='word_1_215' title='bbox 2318 1679 2694 1735; x_wconf 88' lang='lat' dir='ltr'><strong>secernanlur,</strong></span> <span class='ocrx_word' id='word_1_216' title='bbox 2717 1669 3010 1725; x_wconf 84' lang='lat' dir='ltr'><strong>numericis</strong></span> <span class='ocrx_word' id='word_1_217' title='bbox 3030 1669 3372 1740; x_wconf 85' lang='lat' dir='ltr'><strong>designamus</strong></span> <span class='ocrx_word' id='word_1_218' title='bbox 3399 1671 3540 1726; x_wconf 76' lang='lat' dir='ltr'><strong>noxis</strong></span> <span class='ocrx_word' id='word_1_219' title='bbox 3565 1689 3579 1726; x_wconf 91' lang='lat'><strong>:</strong></span> <span class='ocrx_word' id='word_1_220' title='bbox 3610 1688 3778 1743; x_wconf 87' lang='lat' dir='ltr'><strong>neque</strong></span> 
     </span>
    </p>
   </div>
   <div class='ocr_carea' id='block_1_32' title="bbox 479 1761 2079 1837">
    <p class='ocr_par' dir='ltr' id='par_1_32' title="bbox 479 1764 2078 1837">
     <span class='ocr_line' id='line_1_32' title="bbox 479 1764 2078 1837; baseline 0.002 -20"><span class='ocrx_word' id='word_1_221' title='bbox 479 1764 688 1820; x_wconf 86' lang='lat' dir='ltr'><strong>cultore</strong></span> <span class='ocrx_word' id='word_1_222' title='bbox 704 1765 1037 1835; x_wconf 88' lang='lat' dir='ltr'><strong>antiquarius</strong></span> <span class='ocrx_word' id='word_1_223' title='bbox 1050 1767 1406 1836; x_wconf 87' lang='lat' dir='ltr'><strong>usurpabatur</strong></span> <span class='ocrx_word' id='word_1_224' title='bbox 1424 1785 1437 1820; x_wconf 90' lang='lat'><strong>:</strong></span> <span class='ocrx_word' id='word_1_225' title='bbox 1458 1776 1738 1837; x_wconf 87' lang='lat' dir='ltr'><strong>propterea</strong></span> <span class='ocrx_word' id='word_1_226' title='bbox 1759 1775 1948 1822; x_wconf 89' lang='lat' dir='ltr'><strong>auctor</strong></span> <span class='ocrx_word' id='word_1_227' title='bbox 1966 1767 2078 1821; x_wconf 91' lang='lat' dir='ltr'><strong>Dia-</strong></span> 
     </span>
    </p>
   </div>
   <div class='ocr_carea' id='block_1_33' title="bbox 2187 1761 3779 1837">
    <p class='ocr_par' dir='ltr' id='par_1_33' title="bbox 2190 1761 3779 1832">
     <span class='ocr_line' id='line_1_33' title="bbox 2190 1761 3779 1832; baseline 0.001 -17"><span class='ocrx_word' id='word_1_228' title='bbox 2190 1769 2367 1815; x_wconf 86' lang='lat' dir='ltr'><strong>tamcn</strong></span> <span class='ocrx_word' id='word_1_229' title='bbox 2392 1762 2669 1816; x_wconf 87' lang='lat' dir='ltr'><strong>universas</strong></span> <span class='ocrx_word' id='word_1_230' title='bbox 2691 1761 2912 1816; x_wconf 91' lang='lat' dir='ltr'><strong>omnino</strong></span> <span class='ocrx_word' id='word_1_231' title='bbox 2941 1761 3313 1827; x_wconf 82' lang='lat' dir='ltr'><strong>exhibuimus;</strong></span> <span class='ocrx_word' id='word_1_232' title='bbox 3345 1762 3469 1832; x_wconf 89' lang='lat' dir='ltr'><strong>quid</strong></span> <span class='ocrx_word' id='word_1_233' title='bbox 3499 1763 3644 1818; x_wconf 89' lang='lat' dir='ltr'><strong>enim</strong></span> <span class='ocrx_word' id='word_1_234' title='bbox 3682 1763 3779 1817; x_wconf 89' lang='lat' dir='ltr'><strong>uti-</strong></span> 
     </span>
    </p>
   </div>
   <div class='ocr_carea' id='block_1_34' title="bbox 480 1857 2114 1929">
    <p class='ocr_par' dir='ltr' id='par_1_34' title="bbox 480 1857 2114 1929">
     <span class='ocr_line' id='line_1_34' title="bbox 480 1857 2114 1929; baseline 0.001 -17"><span class='ocrx_word' id='word_1_235' title='bbox 480 1857 586 1928; x_wconf 80' lang='lat' dir='ltr'><strong>logi</strong></span> <span class='ocrx_word' id='word_1_236' title='bbox 611 1857 680 1913; x_wconf 87' lang='lat' dir='ltr'><strong>de</strong></span> <span class='ocrx_word' id='word_1_237' title='bbox 706 1858 1022 1914; x_wconf 85' lang='lat' dir='ltr'><strong>Oratoribus</strong></span> <span class='ocrx_word' id='word_1_238' title='bbox 1050 1860 1467 1914; x_wconf 87' lang='lat' dir='ltr'><strong>:criminabimur</strong></span> <span class='ocrx_word' id='word_1_239' title='bbox 1497 1870 1543 1913; x_wconf 90' lang='lat' dir='ltr'><strong>te</strong></span> <span class='ocrx_word' id='word_1_240' title='bbox 1566 1860 1909 1929; x_wconf 79' lang='lat' dir='ltr'><strong>antiquariis;</strong></span> <span class='ocrx_word' id='word_1_241' title='bbox 1940 1869 1995 1915; x_wconf 89' lang='lat' dir='ltr'><strong>et</strong></span> <span class='ocrx_word' id='word_1_242' title='bbox 2025 1861 2078 1914; x_wconf 91' lang='lat' dir='ltr'><strong>in</strong></span> <span class='ocrx_word' id='word_1_243' title='bbox 2107 1896 2114 1902; x_wconf 84' lang='lat'><strong>-</strong></span> 
     </span>
    </p>
   </div>
   <div class='ocr_carea' id='block_1_35' title="bbox 478 1949 2074 2021">
    <p class='ocr_par' dir='ltr' id='par_1_35' title="bbox 478 1949 2074 2021">
     <span class='ocr_line' id='line_1_35' title="bbox 478 1949 2074 2021; baseline 0 -16"><span class='ocrx_word' id='word_1_244' title='bbox 478 1949 671 2005; x_wconf 86' lang='lat' dir='ltr'><strong>eodem</strong></span> <span class='ocrx_word' id='word_1_245' title='bbox 723 1951 863 2006; x_wconf 90' lang='lat' dir='ltr'><strong>libro</strong></span> <span class='ocrx_word' id='word_1_246' title='bbox 891 1967 904 2004; x_wconf 90' lang='lat'><strong>:</strong></span> <span class='ocrx_word' id='word_1_247' title='bbox 938 1967 1027 2005; x_wconf 91' lang='lat' dir='ltr'><strong>nec</strong></span> <span class='ocrx_word' id='word_1_248' title='bbox 1053 1967 1356 2021; x_wconf 88' lang='lat' dir='ltr'><strong>quemquam</strong></span> <span class='ocrx_word' id='word_1_249' title='bbox 1385 1950 1513 2005; x_wconf 89' lang='lat' dir='ltr'><strong>adeo</strong></span> <span class='ocrx_word' id='word_1_250' title='bbox 1555 1952 1900 2020; x_wconf 84' lang='lat' dir='ltr'><strong>antiquarium</strong></span> <span class='ocrx_word' id='word_1_251' title='bbox 1928 1961 2074 2021; x_wconf 88' lang='lat' dir='ltr'><strong>puto,</strong></span> 
     </span>
    </p>
   </div>
   <div class='ocr_carea' id='block_1_36' title="bbox 486 2041 2080 2110">
    <p class='ocr_par' dir='ltr' id='par_1_36' title="bbox 486 2041 2080 2110">
     <span class='ocr_line' id='line_1_36' title="bbox 486 2041 2080 2110; baseline 0.001 -15"><span class='ocrx_word' id='word_1_252' title='bbox 486 2049 590 2096; x_wconf 90' lang='lat' dir='ltr'><strong>etc.</strong></span> <span class='ocrx_word' id='word_1_253' title='bbox 629 2041 825 2098; x_wconf 85' lang='lat' dir='ltr'><strong>Vocem</strong></span> <span class='ocrx_word' id='word_1_254' title='bbox 849 2043 1039 2098; x_wconf 90' lang='lat' dir='ltr'><strong>eodem</strong></span> <span class='ocrx_word' id='word_1_255' title='bbox 1068 2057 1231 2098; x_wconf 91' lang='lat' dir='ltr'><strong>sensu</strong></span> <span class='ocrx_word' id='word_1_256' title='bbox 1262 2041 1521 2110; x_wconf 82' lang='lat' dir='ltr'><strong>adhibent</strong></span> <span class='ocrx_word' id='word_1_257' title='bbox 1548 2042 1824 2103; x_wconf 71' lang='lat' dir='ltr'><strong>iuvenalis</strong></span> <span class='ocrx_word' id='word_1_258' title='bbox 1849 2057 1912 2096; x_wconf 91' lang='lat' dir='ltr'><strong>ac</strong></span> <span class='ocrx_word' id='word_1_259' title='bbox 1947 2042 2080 2098; x_wconf 88' lang='lat' dir='ltr'><strong>Sue-</strong></span> 
     </span>
    </p>
   </div>
   <div class='ocr_carea' id='block_1_37' title="bbox 489 2131 2080 2204">
    <p class='ocr_par' dir='ltr' id='par_1_37' title="bbox 489 2131 2080 2204">
     <span class='ocr_line' id='line_1_37' title="bbox 489 2131 2080 2204; baseline 0.001 -18"><span class='ocrx_word' id='word_1_260' title='bbox 489 2133 689 2188; x_wconf 92' lang='lat' dir='ltr'><strong>tonius.</strong></span> <span class='ocrx_word' id='word_1_261' title='bbox 751 2131 1022 2189; x_wconf 66' lang='lat' dir='ltr'><strong>Caeterum</strong></span> <span class='ocrx_word' id='word_1_262' title='bbox 1075 2133 1436 2204; x_wconf 87' lang='lat' dir='ltr'><strong>antiquarium</strong></span> <span class='ocrx_word' id='word_1_263' title='bbox 1493 2143 1780 2201; x_wconf 90' lang='lat' dir='ltr'><strong>nostrum,</strong></span> <span class='ocrx_word' id='word_1_264' title='bbox 1835 2135 2080 2204; x_wconf 86' lang='lat' dir='ltr'><strong>quamvis</strong></span> 
     </span>
    </p>
   </div>
   <div class='ocr_carea' id='block_1_38' title="bbox 484 2221 2081 2296">
    <p class='ocr_par' dir='ltr' id='par_1_38' title="bbox 484 2221 2081 2296">
     <span class='ocr_line' id='line_1_38' title="bbox 484 2221 2081 2296; baseline 0.001 -17"><span class='ocrx_word' id='word_1_265' title='bbox 484 2221 734 2280; x_wconf 87' lang='lat' dir='ltr'><strong>Graecum</strong></span> <span class='ocrx_word' id='word_1_266' title='bbox 764 2241 960 2281; x_wconf 91' lang='lat' dir='ltr'><strong>nomen</strong></span> <span class='ocrx_word' id='word_1_267' title='bbox 986 2241 1095 2296; x_wconf 82' lang='lat' dir='ltr'><strong>prae</strong></span> <span class='ocrx_word' id='word_1_268' title='bbox 1120 2240 1178 2280; x_wconf 90' lang='lat' dir='ltr'><strong>se</strong></span> <span class='ocrx_word' id='word_1_269' title='bbox 1199 2225 1484 2288; x_wconf 84' lang='lat' dir='ltr'><strong>ferentem,</strong></span> <span class='ocrx_word' id='word_1_270' title='bbox 1517 2223 1763 2279; x_wconf 86' lang='lat' dir='ltr'><strong>Graecum</strong></span> <span class='ocrx_word' id='word_1_271' title='bbox 1797 2224 1960 2280; x_wconf 84' lang='lat' dir='ltr'><strong>fuisse</strong></span> <span class='ocrx_word' id='word_1_272' title='bbox 1988 2240 2081 2281; x_wconf 92' lang='lat' dir='ltr'><strong>nc-</strong></span> 
     </span>
    </p>
   </div>
   <div class='ocr_carea' id='block_1_39' title="bbox 486 2316 2082 2389">
    <p class='ocr_par' dir='ltr' id='par_1_39' title="bbox 486 2316 2082 2389">
     <span class='ocr_line' id='line_1_39' title="bbox 486 2316 2082 2389; baseline 0 -19"><span class='ocrx_word' id='word_1_273' title='bbox 486 2331 753 2388; x_wconf 87' lang='lat' dir='ltr'><strong>quaquam</strong></span> <span class='ocrx_word' id='word_1_274' title='bbox 780 2320 1139 2389; x_wconf 86' lang='lat' dir='ltr'><strong>suspicemur,</strong></span> <span class='ocrx_word' id='word_1_275' title='bbox 1168 2333 1289 2372; x_wconf 90' lang='lat' dir='ltr'><strong>cum</strong></span> <span class='ocrx_word' id='word_1_276' title='bbox 1319 2317 1527 2372; x_wconf 83' lang='lat' dir='ltr'><strong>Latinis</strong></span> <span class='ocrx_word' id='word_1_277' title='bbox 1567 2316 1719 2371; x_wconf 90' lang='lat' dir='ltr'><strong>libris</strong></span> <span class='ocrx_word' id='word_1_278' title='bbox 1748 2331 1969 2387; x_wconf 88' lang='lat' dir='ltr'><strong>operam</strong></span> <span class='ocrx_word' id='word_1_279' title='bbox 1993 2317 2082 2371; x_wconf 90' lang='lat' dir='ltr'><strong>da-</strong></span> 
     </span>
    </p>
   </div>
   <div class='ocr_carea' id='block_1_40' title="bbox 481 2408 2081 2482">
    <p class='ocr_par' dir='ltr' id='par_1_40' title="bbox 481 2408 2081 2482">
     <span class='ocr_line' id='line_1_40' title="bbox 481 2408 2081 2482; baseline -0.001 -19"><span class='ocrx_word' id='word_1_280' title='bbox 481 2419 584 2474; x_wconf 87' lang='lat' dir='ltr'><strong>ret,</strong></span> <span class='ocrx_word' id='word_1_281' title='bbox 617 2419 666 2464; x_wconf 92' lang='lat' dir='ltr'><strong>et</strong></span> <span class='ocrx_word' id='word_1_282' title='bbox 695 2425 792 2480; x_wconf 92' lang='lat' dir='ltr'><strong>pro</strong></span> <span class='ocrx_word' id='word_1_283' title='bbox 822 2409 1067 2465; x_wconf 78' lang='lat' dir='ltr'><strong>Eat/talio</strong></span> <span class='ocrx_word' id='word_1_284' title='bbox 1095 2409 1188 2482; x_wconf 90' lang='lat' dir='ltr'><strong>(ab</strong></span> <span class='ocrx_word' id='word_1_285' title='bbox 1207 2411 1431 2465; x_wconf 80' lang='grc' dir='ltr'><strong>ἐυθαλεῖν</strong></span> <span class='ocrx_word' id='word_1_286' title='bbox 1463 2408 1724 2480; x_wconf 88' lang='lat' dir='ltr'><strong>siquidem</strong></span> <span class='ocrx_word' id='word_1_287' title='bbox 1771 2408 2081 2481; x_wconf 90' lang='lat' dir='ltr'><strong>deducitur)</strong></span> 
     </span>
    </p>
   </div>
   <div class='ocr_carea' id='block_1_41' title="bbox 482 2501 1065 2560">
    <p class='ocr_par' dir='ltr' id='par_1_41' title="bbox 482 2501 1065 2560">
     <span class='ocr_line' id='line_1_41' title="bbox 482 2501 1065 2560; baseline 0.007 -4"><span class='ocrx_word' id='word_1_288' title='bbox 482 2501 755 2557; x_wconf 83' lang='lat' dir='ltr'><strong>Eutalium</strong></span> <span class='ocrx_word' id='word_1_289' title='bbox 781 2504 1065 2560; x_wconf 87' lang='lat' dir='ltr'><strong>scriberet.</strong></span> 
     </span>
    </p>
   </div>
   <div class='ocr_carea' id='block_1_42' title="bbox 549 2594 2081 2667">
    <p class='ocr_par' dir='ltr' id='par_1_42' title="bbox 549 2594 2081 2667">
     <span class='ocr_line' id='line_1_42' title="bbox 549 2594 2081 2667; baseline 0.001 -19"><span class='ocrx_word' id='word_1_290' title='bbox 549 2594 609 2649; x_wconf 81' lang='lat' dir='ltr'><strong>In</strong></span> <span class='ocrx_word' id='word_1_291' title='bbox 639 2610 828 2661; x_wconf 88' lang='lat' dir='ltr'><strong>vacuo,</strong></span> <span class='ocrx_word' id='word_1_292' title='bbox 856 2597 998 2667; x_wconf 91' lang='lat' dir='ltr'><strong>quod</strong></span> <span class='ocrx_word' id='word_1_293' title='bbox 1027 2604 1381 2663; x_wconf 88' lang='lat' dir='ltr'><strong>remanserat,</strong></span> <span class='ocrx_word' id='word_1_294' title='bbox 1407 2597 1580 2667; x_wconf 90' lang='lat' dir='ltr'><strong>spatio</strong></span> <span class='ocrx_word' id='word_1_295' title='bbox 1602 2597 1668 2651; x_wconf 89' lang='lat' dir='ltr'><strong>ad</strong></span> <span class='ocrx_word' id='word_1_296' title='bbox 1699 2597 1857 2651; x_wconf 89' lang='lat' dir='ltr'><strong>linem</strong></span> <span class='ocrx_word' id='word_1_297' title='bbox 1881 2595 2081 2650; x_wconf 83' lang='lat' dir='ltr'><strong>Psaltni</strong></span> 
     </span>
    </p>
   </div>
   <div class='ocr_carea' id='block_1_43' title="bbox 479 2689 2080 2763">
    <p class='ocr_par' dir='ltr' id='par_1_43' title="bbox 479 2689 2080 2763">
     <span class='ocr_line' id='line_1_43' title="bbox 479 2689 2080 2763; baseline -0.001 -19"><span class='ocrx_word' id='word_1_298' title='bbox 479 2705 608 2744; x_wconf 77' lang='lat' dir='ltr'><strong>cur</strong></span> <span class='ocrx_word' id='word_1_299' title='bbox 637 2689 854 2746; x_wconf 88' lang='lat' dir='ltr'><strong>diverso</strong></span> <span class='ocrx_word' id='word_1_300' title='bbox 881 2707 1105 2761; x_wconf 88' lang='lat' dir='ltr'><strong>prorsus</strong></span> <span class='ocrx_word' id='word_1_301' title='bbox 1152 2691 1422 2748; x_wconf 90' lang='lat' dir='ltr'><strong>scribendi</strong></span> <span class='ocrx_word' id='word_1_302' title='bbox 1448 2706 1670 2763; x_wconf 88' lang='lat' dir='ltr'><strong>genere,</strong></span> <span class='ocrx_word' id='word_1_303' title='bbox 1700 2699 1754 2746; x_wconf 90' lang='lat' dir='ltr'><strong>et</strong></span> <span class='ocrx_word' id='word_1_304' title='bbox 1792 2689 2080 2745; x_wconf 87' lang='lat' dir='ltr'><strong>recentiori</strong></span> 
     </span>
    </p>
   </div>
   <div class='ocr_carea' id='block_1_44' title="bbox 477 2783 2080 2854">
    <p class='ocr_par' dir='ltr' id='par_1_44' title="bbox 477 2783 2080 2854">
     <span class='ocr_line' id='line_1_44' title="bbox 477 2783 2080 2854; baseline 0.001 -19"><span class='ocrx_word' id='word_1_305' title='bbox 477 2791 782 2837; x_wconf 90' lang='lat' dir='ltr'><strong>atramento</strong></span> <span class='ocrx_word' id='word_1_306' title='bbox 807 2783 969 2839; x_wconf 88' lang='lat' dir='ltr'><strong>verba</strong></span> <span class='ocrx_word' id='word_1_307' title='bbox 1005 2783 1119 2838; x_wconf 66' lang='lat' dir='ltr'><strong>haec</strong></span> <span class='ocrx_word' id='word_1_308' title='bbox 1148 2785 1415 2854; x_wconf 88' lang='lat' dir='ltr'><strong>posterior</strong></span> <span class='ocrx_word' id='word_1_309' title='bbox 1435 2799 1627 2839; x_wconf 90' lang='lat' dir='ltr'><strong>manus</strong></span> <span class='ocrx_word' id='word_1_310' title='bbox 1656 2783 1904 2853; x_wconf 90' lang='lat' dir='ltr'><strong>adposuit</strong></span> <span class='ocrx_word' id='word_1_311' title='bbox 1929 2783 2080 2852; x_wconf 90' lang='lat' dir='ltr'><strong>quasi</strong></span> 
     </span>
    </p>
   </div>
   <div class='ocr_carea' id='block_1_45' title="bbox 483 2874 2082 2945">
    <p class='ocr_par' dir='ltr' id='par_1_45' title="bbox 483 2874 2082 2945">
     <span class='ocr_line' id='line_1_45' title="bbox 483 2874 2082 2945; baseline -0.002 -15"><span class='ocrx_word' id='word_1_312' title='bbox 483 2875 802 2931; x_wconf 88' lang='lat' dir='ltr'><strong>ludibunda:</strong></span> <span class='ocrx_word' id='word_1_313' title='bbox 832 2877 900 2930; x_wconf 90' lang='lat' dir='ltr'><strong>In</strong></span> <span class='ocrx_word' id='word_1_314' title='bbox 926 2878 1131 2931; x_wconf 89' lang='lat' dir='ltr'><strong>nomine</strong></span> <span class='ocrx_word' id='word_1_315' title='bbox 1151 2875 1359 2930; x_wconf 85' lang='lat' dir='ltr'><strong>Domini</strong></span> <span class='ocrx_word' id='word_1_316' title='bbox 1383 2875 1408 2929; x_wconf 88' lang='grc' dir='ltr'><strong><em>Ι</em></strong></span> <span class='ocrx_word' id='word_1_317' title='bbox 1417 2878 1536 2930; x_wconf 85' lang='lat' dir='ltr'><strong>hum</strong></span> <span class='ocrx_word' id='word_1_318' title='bbox 1557 2875 1607 2929; x_wconf 84' lang='lat' dir='ltr'><em>X</em></span> <span class='ocrx_word' id='word_1_319' title='bbox 1614 2877 1664 2945; x_wconf 87' lang='lat' dir='ltr'><strong>pi</strong></span> <span class='ocrx_word' id='word_1_320' title='bbox 1688 2876 1922 2944; x_wconf 84' lang='lat' dir='ltr'><strong>Ariperto</strong></span> <span class='ocrx_word' id='word_1_321' title='bbox 1945 2874 2082 2944; x_wconf 84' lang='lat' dir='ltr'><strong>Rege</strong></span> 
     </span>
    </p>
   </div>
   <div class='ocr_carea' id='block_1_46' title="bbox 479 2959 2082 3039">
    <p class='ocr_par' dir='ltr' id='par_1_46' title="bbox 479 2959 2082 3039">
     <span class='ocr_line' id='line_1_46' title="bbox 479 2959 2082 3039; baseline -0.001 -18"><span class='ocrx_word' id='word_1_322' title='bbox 479 2968 577 3039; x_wconf 80' lang='lat' dir='ltr'><strong>fuit</strong></span> <span class='ocrx_word' id='word_1_323' title='bbox 599 2983 715 3021; x_wconf 83' lang='lat' dir='ltr'><strong>vera</strong></span> <span class='ocrx_word' id='word_1_324' title='bbox 747 2968 944 3033; x_wconf 82' lang='lat' dir='ltr'><strong>iustitia</strong></span> <span class='ocrx_word' id='word_1_325' title='bbox 983 2977 1030 3021; x_wconf 91' lang='lat' dir='ltr'><strong>et</strong></span> <span class='ocrx_word' id='word_1_326' title='bbox 1061 2969 1380 3024; x_wconf 75' lang='lat' dir='ltr'><strong>sincera.....</strong></span> <span class='ocrx_word' id='word_1_327' title='bbox 1411 2967 1614 3023; x_wconf 90' lang='lat' dir='ltr'><strong>Deinde</strong></span> <span class='ocrx_word' id='word_1_328' title='bbox 1638 3008 1653 3034; x_wconf 91' lang='lat'><strong>,</strong></span> <span class='ocrx_word' id='word_1_329' title='bbox 1686 2959 1889 3020; x_wconf 79' lang='lat' dir='ltr'><strong>Duilius</strong></span> <span class='ocrx_word' id='word_1_330' title='bbox 1914 2966 2082 3020; x_wconf 77' lang='lat' dir='ltr'><strong>Abbas</strong></span> 
     </span>
    </p>
   </div>
   <div class='ocr_carea' id='block_1_47' title="bbox 479 3058 2081 3131">
    <p class='ocr_par' dir='ltr' id='par_1_47' title="bbox 479 3058 2081 3131">
     <span class='ocr_line' id='line_1_47' title="bbox 479 3058 2081 3131; baseline -0.001 -19"><span class='ocrx_word' id='word_1_331' title='bbox 479 3059 543 3113; x_wconf 86' lang='lat' dir='ltr'><strong>de</strong></span> <span class='ocrx_word' id='word_1_332' title='bbox 573 3058 935 3113; x_wconf 83' lang='lat' dir='ltr'><strong>Monustirium</strong></span> <span class='ocrx_word' id='word_1_333' title='bbox 962 3061 1035 3113; x_wconf 91' lang='lat' dir='ltr'><strong>sci</strong></span> <span class='ocrx_word' id='word_1_334' title='bbox 1087 3058 1281 3114; x_wconf 85' lang='lat' dir='ltr'><strong>Thome</strong></span> <span class='ocrx_word' id='word_1_335' title='bbox 1321 3060 1556 3131; x_wconf 83' lang='lat' dir='ltr'><strong>Apostoli</strong></span> <span class='ocrx_word' id='word_1_336' title='bbox 1585 3060 1689 3113; x_wconf 87' lang='lat' dir='ltr'><strong>cuit</strong></span> <span class='ocrx_word' id='word_1_337' title='bbox 1729 3059 1986 3128; x_wconf 76' lang='lat' dir='ltr'><strong>vocapolo</strong></span> <span class='ocrx_word' id='word_1_338' title='bbox 2006 3067 2081 3112; x_wconf 89' lang='lat' dir='ltr'><strong>est</strong></span> 
     </span>
    </p>
   </div>
   <div class='ocr_carea' id='block_1_48' title="bbox 2185 1853 3778 1926">
    <p class='ocr_par' dir='ltr' id='par_1_48' title="bbox 2185 1853 3778 1926">
     <span class='ocr_line' id='line_1_48' title="bbox 2185 1853 3778 1926; baseline 0.001 -17"><span class='ocrx_word' id='word_1_339' title='bbox 2185 1855 2349 1910; x_wconf 90' lang='lat' dir='ltr'><strong>litatis</strong></span> <span class='ocrx_word' id='word_1_340' title='bbox 2396 1853 2484 1908; x_wconf 89' lang='lat' dir='ltr'><strong>ubi</strong></span> <span class='ocrx_word' id='word_1_341' title='bbox 2525 1863 2712 1925; x_wconf 89' lang='lat' dir='ltr'><strong>patens</strong></span> <span class='ocrx_word' id='word_1_342' title='bbox 2769 1870 2921 1910; x_wconf 87' lang='lat' dir='ltr'><strong>error</strong></span> <span class='ocrx_word' id='word_1_343' title='bbox 2972 1854 3024 1908; x_wconf 90' lang='lat' dir='ltr'><strong>in</strong></span> <span class='ocrx_word' id='word_1_344' title='bbox 3067 1853 3308 1909; x_wconf 91' lang='lat' dir='ltr'><strong>codicem</strong></span> <span class='ocrx_word' id='word_1_345' title='bbox 3354 1856 3652 1926; x_wconf 87' lang='lat' dir='ltr'><strong>irrepserit,</strong></span> <span class='ocrx_word' id='word_1_346' title='bbox 3699 1858 3778 1912; x_wconf 92' lang='lat' dir='ltr'><strong>vel</strong></span> 
     </span>
    </p>
   </div>
   <div class='ocr_carea' id='block_1_49' title="bbox 2183 1945 3779 2020">
    <p class='ocr_par' dir='ltr' id='par_1_49' title="bbox 2183 1945 3779 2020">
     <span class='ocr_line' id='line_1_49' title="bbox 2183 1945 3779 2020; baseline 0.003 -20"><span class='ocrx_word' id='word_1_347' title='bbox 2183 1945 2273 2001; x_wconf 91' lang='lat' dir='ltr'><strong>ubi</strong></span> <span class='ocrx_word' id='word_1_348' title='bbox 2329 1960 2416 2001; x_wconf 88' lang='lat' dir='ltr'><strong>res</strong></span> <span class='ocrx_word' id='word_1_349' title='bbox 2463 1946 2638 2018; x_wconf 23' lang='lat' dir='ltr'><strong>.nihili</strong></span> <span class='ocrx_word' id='word_1_350' title='bbox 2695 1948 3048 2002; x_wconf 86' lang='lat' dir='ltr'><strong>moneantur?</strong></span> <span class='ocrx_word' id='word_1_351' title='bbox 3112 1947 3500 2004; x_wconf 86' lang='lat' dir='ltr'><strong>Adscribentnr</strong></span> <span class='ocrx_word' id='word_1_352' title='bbox 3567 1948 3779 2020; x_wconf 87' lang='lat' dir='ltr'><strong>quidem</strong></span> 
     </span>
    </p>
   </div>
   <div class='ocr_carea' id='block_1_50' title="bbox 2182 2039 3779 2111">
    <p class='ocr_par' dir='ltr' id='par_1_50' title="bbox 2182 2039 3779 2111">
     <span class='ocr_line' id='line_1_50' title="bbox 2182 2039 3779 2111; baseline 0.003 -18"><span class='ocrx_word' id='word_1_353' title='bbox 2182 2039 2513 2110; x_wconf 87' lang='lat' dir='ltr'><strong>aliquando,</strong></span> <span class='ocrx_word' id='word_1_354' title='bbox 2568 2042 2777 2096; x_wconf 89' lang='lat' dir='ltr'><strong>etiamsi</strong></span> <span class='ocrx_word' id='word_1_355' title='bbox 2832 2057 2862 2096; x_wconf 89' lang='lat' dir='ltr'><strong>a</strong></span> <span class='ocrx_word' id='word_1_356' title='bbox 2925 2040 3266 2111; x_wconf 75' lang='lat' dir='ltr'><strong>praecedente</strong></span> <span class='ocrx_word' id='word_1_357' title='bbox 3323 2041 3531 2098; x_wconf 90' lang='lat' dir='ltr'><strong>editore</strong></span> <span class='ocrx_word' id='word_1_358' title='bbox 3593 2059 3779 2099; x_wconf 87' lang='lat' dir='ltr'><strong>recen-</strong></span> 
     </span>
    </p>
   </div>
   <div class='ocr_carea' id='block_1_51' title="bbox 2184 2124 3781 2202">
    <p class='ocr_par' dir='ltr' id='par_1_51' title="bbox 2184 2124 3781 2202">
     <span class='ocr_line' id='line_1_51' title="bbox 2184 2124 3781 2202; baseline 0.003 -15"><span class='ocrx_word' id='word_1_359' title='bbox 2184 2131 2298 2187; x_wconf 77' lang='lat' dir='ltr'><strong>sita:</strong></span> <span class='ocrx_word' id='word_1_360' title='bbox 2329 2132 2458 2187; x_wconf 85' lang='lat' dir='ltr'><strong>item</strong></span> <span class='ocrx_word' id='word_1_361' title='bbox 2509 2132 2729 2199; x_wconf 85' lang='lat' dir='ltr'><strong>fuerint,</strong></span> <span class='ocrx_word' id='word_1_362' title='bbox 2779 2143 2838 2188; x_wconf 93' lang='lat' dir='ltr'><strong>ut</strong></span> <span class='ocrx_word' id='word_1_363' title='bbox 2872 2142 3106 2200; x_wconf 90' lang='lat' dir='ltr'><strong>constet,</strong></span> <span class='ocrx_word' id='word_1_364' title='bbox 3153 2133 3472 2202; x_wconf 89' lang='lat' dir='ltr'><strong>quibusnam</strong></span> <span class='ocrx_word' id='word_1_365' title='bbox 3501 2124 3781 2191; x_wconf 83' lang='lat' dir='ltr'><strong>ediversis</strong></span> 
     </span>
    </p>
   </div>
   <div class='ocr_carea' id='block_1_52' title="bbox 2185 2227 3782 2299">
    <p class='ocr_par' dir='ltr' id='par_1_52' title="bbox 2185 2227 3782 2299">
     <span class='ocr_line' id='line_1_52' title="bbox 2185 2227 3782 2299; baseline 0.002 -17"><span class='ocrx_word' id='word_1_366' title='bbox 2185 2227 2505 2282; x_wconf 90' lang='lat' dir='ltr'><strong>lectionibus</strong></span> <span class='ocrx_word' id='word_1_367' title='bbox 2561 2237 2669 2282; x_wconf 88' lang='lat' dir='ltr'><strong>tam</strong></span> <span class='ocrx_word' id='word_1_368' title='bbox 2721 2228 3009 2299; x_wconf 82' lang='lat' dir='ltr'><strong>insignium</strong></span> <span class='ocrx_word' id='word_1_369' title='bbox 3062 2227 3497 2284; x_wconf 86' lang='lat' dir='ltr'><strong>membranarum</strong></span> <span class='ocrx_word' id='word_1_370' title='bbox 3547 2229 3782 2285; x_wconf 87' lang='lat' dir='ltr'><strong>calculus</strong></span> 
     </span>
    </p>
   </div>
   <div class='ocr_carea' id='block_1_53' title="bbox 2182 2319 3779 2394">
    <p class='ocr_par' dir='ltr' id='par_1_53' title="bbox 2182 2319 3779 2394">
     <span class='ocr_line' id='line_1_53' title="bbox 2182 2319 3779 2394; baseline 0.003 -20"><span class='ocrx_word' id='word_1_371' title='bbox 2182 2319 2424 2375; x_wconf 89' lang='lat' dir='ltr'><strong>accedat.</strong></span> <span class='ocrx_word' id='word_1_372' title='bbox 2458 2320 2513 2375; x_wconf 89' lang='lat' dir='ltr'><strong>In</strong></span> <span class='ocrx_word' id='word_1_373' title='bbox 2544 2328 2745 2376; x_wconf 80' lang='lat' dir='ltr'><strong>textum</strong></span> <span class='ocrx_word' id='word_1_374' title='bbox 2791 2336 2852 2377; x_wconf 90' lang='lat' dir='ltr'><strong>ea</strong></span> <span class='ocrx_word' id='word_1_375' title='bbox 2902 2329 3104 2376; x_wconf 88' lang='lat' dir='ltr'><strong>tantum</strong></span> <span class='ocrx_word' id='word_1_376' title='bbox 3137 2321 3462 2392; x_wconf 90' lang='lat' dir='ltr'><strong>recepimus,</strong></span> <span class='ocrx_word' id='word_1_377' title='bbox 3493 2338 3616 2394; x_wconf 74' lang='lat' dir='ltr'><strong>qua:</strong></span> <span class='ocrx_word' id='word_1_378' title='bbox 3638 2323 3779 2378; x_wconf 91' lang='lat' dir='ltr'><strong>illum</strong></span> 
     </span>
    </p>
   </div>
   <div class='ocr_carea' id='block_1_54' title="bbox 2184 2413 3780 2487">
    <p class='ocr_par' dir='ltr' id='par_1_54' title="bbox 2184 2413 3780 2487">
     <span class='ocr_line' id='line_1_54' title="bbox 2184 2413 3780 2487; baseline 0.003 -21"><span class='ocrx_word' id='word_1_379' title='bbox 2184 2413 2405 2466; x_wconf 91' lang='lat' dir='ltr'><strong>omnino</strong></span> <span class='ocrx_word' id='word_1_380' title='bbox 2453 2413 2739 2479; x_wconf 87' lang='lat' dir='ltr'><strong>resarcire,</strong></span> <span class='ocrx_word' id='word_1_381' title='bbox 2793 2413 2880 2468; x_wconf 89' lang='lat' dir='ltr'><strong>vel</strong></span> <span class='ocrx_word' id='word_1_382' title='bbox 2923 2423 3036 2468; x_wconf 89' lang='lat' dir='ltr'><strong>tuto</strong></span> <span class='ocrx_word' id='word_1_383' title='bbox 3067 2414 3350 2470; x_wconf 86' lang='lat' dir='ltr'><strong>restituere</strong></span> <span class='ocrx_word' id='word_1_384' title='bbox 3389 2423 3601 2485; x_wconf 87' lang='lat' dir='ltr'><strong>pateat;</strong></span> <span class='ocrx_word' id='word_1_385' title='bbox 3643 2415 3780 2487; x_wconf 88' lang='lat' dir='ltr'><strong>quod</strong></span> 
     </span>
    </p>
   </div>
   <div class='ocr_carea' id='block_1_55' title="bbox 2184 2505 3778 2576">
    <p class='ocr_par' dir='ltr' id='par_1_55' title="bbox 2184 2505 3778 2576">
     <span class='ocr_line' id='line_1_55' title="bbox 2184 2505 3778 2576; baseline 0.002 -17"><span class='ocrx_word' id='word_1_386' title='bbox 2184 2505 2320 2559; x_wconf 90' lang='lat' dir='ltr'><strong>locis</strong></span> <span class='ocrx_word' id='word_1_387' title='bbox 2374 2505 2638 2574; x_wconf 84' lang='lat' dir='ltr'><strong>pluribus,</strong></span> <span class='ocrx_word' id='word_1_388' title='bbox 2699 2506 2971 2576; x_wconf 64' lang='lat' dir='ltr'><strong>praecipue</strong></span> <span class='ocrx_word' id='word_1_389' title='bbox 3021 2514 3340 2562; x_wconf 88' lang='lat' dir='ltr'><strong>tractatuum</strong></span> <span class='ocrx_word' id='word_1_390' title='bbox 3395 2507 3447 2561; x_wconf 91' lang='lat' dir='ltr'><strong>in</strong></span> <span class='ocrx_word' id='word_1_391' title='bbox 3494 2506 3778 2575; x_wconf 88' lang='lat' dir='ltr'><strong>Psalmos,</strong></span> 
     </span>
    </p>
   </div>
   <div class='ocr_carea' id='block_1_56' title="bbox 2185 2598 3782 2670">
    <p class='ocr_par' dir='ltr' id='par_1_56' title="bbox 2185 2598 3782 2670">
     <span class='ocr_line' id='line_1_56' title="bbox 2185 2598 3782 2670; baseline 0.001 -18"><span class='ocrx_word' id='word_1_392' title='bbox 2185 2609 2442 2668; x_wconf 70' lang='lat' dir='ltr'><strong>prmstare</strong></span> <span class='ocrx_word' id='word_1_393' title='bbox 2488 2599 2745 2668; x_wconf 83' lang='lat' dir='ltr'><strong>contigit:</strong></span> <span class='ocrx_word' id='word_1_394' title='bbox 2782 2598 3052 2668; x_wconf 90' lang='lat' dir='ltr'><strong>prioribus</strong></span> <span class='ocrx_word' id='word_1_395' title='bbox 3084 2607 3263 2654; x_wconf 88' lang='lat' dir='ltr'><strong>tamen</strong></span> <span class='ocrx_word' id='word_1_396' title='bbox 3294 2599 3616 2654; x_wconf 87' lang='lat' dir='ltr'><strong>lectionibus</strong></span> <span class='ocrx_word' id='word_1_397' title='bbox 3667 2616 3782 2670; x_wconf 91' lang='lat' dir='ltr'><strong>per-</strong></span> 
     </span>
    </p>
   </div>
   <div class='ocr_carea' id='block_1_57' title="bbox 2186 2689 3782 2761">
    <p class='ocr_par' dir='ltr' id='par_1_57' title="bbox 2186 2689 3782 2761">
     <span class='ocr_line' id='line_1_57' title="bbox 2186 2689 3782 2761; baseline 0.001 -16"><span class='ocrx_word' id='word_1_398' title='bbox 2186 2699 2347 2761; x_wconf 92' lang='lat' dir='ltr'><strong>petuo</strong></span> <span class='ocrx_word' id='word_1_399' title='bbox 2379 2689 2670 2760; x_wconf 89' lang='lat' dir='ltr'><strong>adpositis,</strong></span> <span class='ocrx_word' id='word_1_400' title='bbox 2705 2699 2762 2745; x_wconf 90' lang='lat' dir='ltr'><strong>ut</strong></span> <span class='ocrx_word' id='word_1_401' title='bbox 2817 2691 3080 2760; x_wconf 89' lang='lat' dir='ltr'><strong>integrum</strong></span> <span class='ocrx_word' id='word_1_402' title='bbox 3123 2691 3410 2761; x_wconf 87' lang='lat' dir='ltr'><strong>unicuique</strong></span> <span class='ocrx_word' id='word_1_403' title='bbox 3449 2691 3782 2760; x_wconf 88' lang='lat' dir='ltr'><strong>liberumque</strong></span> 
     </span>
    </p>
   </div>
   <div class='ocr_carea' id='block_1_58' title="bbox 2180 2780 3782 2852">
    <p class='ocr_par' dir='ltr' id='par_1_58' title="bbox 2180 2780 3782 2852">
     <span class='ocr_line' id='line_1_58' title="bbox 2180 2780 3782 2852; baseline 0.002 -16"><span class='ocrx_word' id='word_1_404' title='bbox 2180 2781 2440 2851; x_wconf 90' lang='lat' dir='ltr'><strong>judicium</strong></span> <span class='ocrx_word' id='word_1_405' title='bbox 2472 2782 2561 2837; x_wconf 90' lang='lat' dir='ltr'><strong>sit.</strong></span> <span class='ocrx_word' id='word_1_406' title='bbox 2596 2780 2742 2836; x_wconf 89' lang='lat' dir='ltr'><strong>Idem</strong></span> <span class='ocrx_word' id='word_1_407' title='bbox 2787 2797 3042 2852; x_wconf 85' lang='lat' dir='ltr'><strong>prorsus,</strong></span> <span class='ocrx_word' id='word_1_408' title='bbox 3087 2798 3209 2838; x_wconf 88' lang='lat' dir='ltr'><strong>cum</strong></span> <span class='ocrx_word' id='word_1_409' title='bbox 3251 2783 3580 2839; x_wconf 86' lang='lat' dir='ltr'><strong>Cassiodorii</strong></span> <span class='ocrx_word' id='word_1_410' title='bbox 3627 2783 3782 2840; x_wconf 81' lang='lat' dir='ltr'><strong>Corn-</strong></span> 
     </span>
    </p>
   </div>
   <div class='ocr_carea' id='block_1_59' title="bbox 2185 2872 3784 2944">
    <p class='ocr_par' dir='ltr' id='par_1_59' title="bbox 2185 2872 3784 2944">
     <span class='ocr_line' id='line_1_59' title="bbox 2185 2872 3784 2944; baseline 0.003 -18"><span class='ocrx_word' id='word_1_411' title='bbox 2185 2872 2464 2942; x_wconf 81' lang='lat' dir='ltr'><strong>plexiones</strong></span> <span class='ocrx_word' id='word_1_412' title='bbox 2491 2873 2662 2943; x_wconf 88' lang='lat' dir='ltr'><strong>primo</strong></span> <span class='ocrx_word' id='word_1_413' title='bbox 2683 2874 3007 2938; x_wconf 90' lang='lat' dir='ltr'><strong>emitterem,</strong></span> <span class='ocrx_word' id='word_1_414' title='bbox 3033 2873 3278 2943; x_wconf 74' lang='lat' dir='ltr'><strong>praestiti,</strong></span> <span class='ocrx_word' id='word_1_415' title='bbox 3301 2889 3367 2929; x_wconf 87' lang='lat' dir='ltr'><strong>ex</strong></span> <span class='ocrx_word' id='word_1_416' title='bbox 3393 2890 3620 2944; x_wconf 86' lang='lat' dir='ltr'><strong>quarunt</strong></span> <span class='ocrx_word' id='word_1_417' title='bbox 3651 2876 3784 2932; x_wconf 83' lang='lat' dir='ltr'><strong>Prae-</strong></span> 
     </span>
    </p>
   </div>
   <div class='ocr_carea' id='block_1_60' title="bbox 2186 2965 3784 3031">
    <p class='ocr_par' dir='ltr' id='par_1_60' title="bbox 2186 2965 3784 3031">
     <span class='ocr_line' id='line_1_60' title="bbox 2186 2965 3784 3031; baseline 0.003 -12"><span class='ocrx_word' id='word_1_418' title='bbox 2186 2965 2408 3031; x_wconf 87' lang='lat' dir='ltr'><strong>fatione,</strong></span> <span class='ocrx_word' id='word_1_419' title='bbox 2443 2975 2499 3020; x_wconf 91' lang='lat' dir='ltr'><strong>ut</strong></span> <span class='ocrx_word' id='word_1_420' title='bbox 2524 2966 2593 3020; x_wconf 93' lang='lat' dir='ltr'><strong>de</strong></span> <span class='ocrx_word' id='word_1_421' title='bbox 2612 2966 2838 3021; x_wconf 90' lang='lat' dir='ltr'><strong>consilio</strong></span> <span class='ocrx_word' id='word_1_422' title='bbox 2870 2967 2923 3020; x_wconf 90' lang='lat' dir='ltr'><strong>in</strong></span> <span class='ocrx_word' id='word_1_423' title='bbox 2966 2965 3066 3022; x_wconf 83' lang='lat' dir='ltr'><strong>hac</strong></span> <span class='ocrx_word' id='word_1_424' title='bbox 3096 2968 3257 3022; x_wconf 91' lang='lat' dir='ltr'><strong>etiam</strong></span> <span class='ocrx_word' id='word_1_425' title='bbox 3282 2969 3604 3024; x_wconf 84' lang='lat' dir='ltr'><strong>recensione</strong></span> <span class='ocrx_word' id='word_1_426' title='bbox 3636 2969 3784 3023; x_wconf 88' lang='lat' dir='ltr'><strong>adbi-</strong></span> 
     </span>
    </p>
   </div>
   <div class='ocr_carea' id='block_1_61' title="bbox 2186 3058 3779 3123">
    <p class='ocr_par' dir='ltr' id='par_1_61' title="bbox 2186 3058 3779 3123">
     <span class='ocr_line' id='line_1_61' title="bbox 2186 3058 3779 3123; baseline 0.001 -11"><span class='ocrx_word' id='word_1_427' title='bbox 2186 3058 2298 3113; x_wconf 92' lang='lat' dir='ltr'><strong>bito</strong></span> <span class='ocrx_word' id='word_1_428' title='bbox 2327 3058 2457 3112; x_wconf 87' lang='lat' dir='ltr'><strong>satis</strong></span> <span class='ocrx_word' id='word_1_429' title='bbox 2503 3067 2750 3123; x_wconf 88' lang='lat' dir='ltr'><strong>constet,</strong></span> <span class='ocrx_word' id='word_1_430' title='bbox 2795 3059 2902 3114; x_wconf 94' lang='lat' dir='ltr'><strong>duo</strong></span> <span class='ocrx_word' id='word_1_431' title='bbox 2952 3058 3110 3115; x_wconf 92' lang='lat' dir='ltr'><strong>liceat</strong></span> <span class='ocrx_word' id='word_1_432' title='bbox 3158 3060 3322 3114; x_wconf 87' lang='lat' dir='ltr'><strong>verba</strong></span> <span class='ocrx_word' id='word_1_433' title='bbox 3377 3061 3779 3118; x_wconf 87' lang='lat' dir='ltr'><strong>transcribere:</strong></span> 
     </span>
    </p>
   </div>
   <div class='ocr_carea' id='block_1_62' title="bbox 479 3145 3784 3227">
    <p class='ocr_par' dir='ltr' id='par_1_62' title="bbox 479 3145 3784 3227">
     <span class='ocr_line' id='line_1_62' title="bbox 479 3145 3784 3227; baseline 0.002 -22"><span class='ocrx_word' id='word_1_434' title='bbox 479 3148 720 3205; x_wconf 82' lang='lat' dir='ltr'><strong>Pineolo.</strong></span> <span class='ocrx_word' id='word_1_435' title='bbox 768 3149 827 3206; x_wconf 90' lang='lat' dir='ltr'><strong>S.</strong></span> <span class='ocrx_word' id='word_1_436' title='bbox 861 3145 1083 3206; x_wconf 75' lang='lat' dir='ltr'><strong>Thomte</strong></span> <span class='ocrx_word' id='word_1_437' title='bbox 1112 3152 1420 3222; x_wconf 89' lang='lat' dir='ltr'><strong>Templum,</strong></span> <span class='ocrx_word' id='word_1_438' title='bbox 1466 3159 1520 3206; x_wconf 93' lang='lat' dir='ltr'><strong>et</strong></span> <span class='ocrx_word' id='word_1_439' title='bbox 1563 3149 1893 3212; x_wconf 89' lang='lat' dir='ltr'><strong>Conventus,</strong></span> <span class='ocrx_word' id='word_1_440' title='bbox 1917 3164 2075 3218; x_wconf 86' lang='lat' dir='ltr'><strong>quem</strong></span> <span class='ocrx_word' id='word_1_441' title='bbox 2107 3158 2152 3221; x_wconf 76' lang='grc' dir='ltr'><strong>ί]</strong></span> <span class='ocrx_word' id='word_1_442' title='bbox 2185 3151 2636 3218; x_wconf 87' lang='lat' dir='ltr'><strong>Emendationum,</strong></span> <span class='ocrx_word' id='word_1_443' title='bbox 2659 3169 2807 3223; x_wconf 80' lang='lat' dir='ltr'><strong>quas</strong></span> <span class='ocrx_word' id='word_1_444' title='bbox 2843 3169 2964 3207; x_wconf 85' lang='lat' dir='ltr'><strong>raro</strong></span> <span class='ocrx_word' id='word_1_445' title='bbox 2990 3153 3222 3218; x_wconf 82' lang='lat' dir='ltr'><strong>adhibui,</strong></span> <span class='ocrx_word' id='word_1_446' title='bbox 3250 3154 3336 3207; x_wconf 87' lang='lat' dir='ltr'><strong>ubi</strong></span> <span class='ocrx_word' id='word_1_447' title='bbox 3375 3171 3543 3224; x_wconf 79' lang='lat' dir='ltr'><strong>opera:</strong></span> <span class='ocrx_word' id='word_1_448' title='bbox 3571 3158 3784 3227; x_wconf 87' lang='lat' dir='ltr'><strong>pretium</strong></span> 
     </span>
    </p>
   </div>
   <div class='ocr_carea' id='block_1_63' title="bbox 480 3241 2083 3312">
    <p class='ocr_par' dir='ltr' id='par_1_63' title="bbox 480 3241 2083 3312">
     <span class='ocr_line' id='line_1_63' title="bbox 480 3241 2083 3312; baseline -0.002 -15"><span class='ocrx_word' id='word_1_449' title='bbox 480 3242 644 3297; x_wconf 89' lang='lat' dir='ltr'><strong>modo</strong></span> <span class='ocrx_word' id='word_1_450' title='bbox 673 3242 780 3298; x_wconf 89' lang='lat' dir='ltr'><strong>PP.</strong></span> <span class='ocrx_word' id='word_1_451' title='bbox 811 3242 1119 3298; x_wconf 79' lang='lat' dir='ltr'><strong>Carmelitae</strong></span> <span class='ocrx_word' id='word_1_452' title='bbox 1160 3243 1458 3312; x_wconf 89' lang='lat' dir='ltr'><strong>possident,</strong></span> <span class='ocrx_word' id='word_1_453' title='bbox 1507 3241 1574 3297; x_wconf 89' lang='lat' dir='ltr'><strong>ad</strong></span> <span class='ocrx_word' id='word_1_454' title='bbox 1599 3251 1814 3312; x_wconf 90' lang='lat' dir='ltr'><strong>pontem</strong></span> <span class='ocrx_word' id='word_1_455' title='bbox 1840 3249 1924 3297; x_wconf 91' lang='lat' dir='ltr'><strong>est</strong></span> <span class='ocrx_word' id='word_1_456' title='bbox 1947 3241 2083 3295; x_wconf 91' lang='lat' dir='ltr'><strong>situs</strong></span> 
     </span>
    </p>
   </div>
   <div class='ocr_carea' id='block_1_64' title="bbox 477 3334 2084 3407">
    <p class='ocr_par' dir='ltr' id='par_1_64' title="bbox 477 3334 2084 3407">
     <span class='ocr_line' id='line_1_64' title="bbox 477 3334 2084 3407; baseline 0.001 -19"><span class='ocrx_word' id='word_1_457' title='bbox 477 3334 704 3407; x_wconf 84' lang='lat' dir='ltr'><strong>Pignolo</strong></span> <span class='ocrx_word' id='word_1_458' title='bbox 735 3352 906 3406; x_wconf 89' lang='lat' dir='ltr'><strong>usque</strong></span> <span class='ocrx_word' id='word_1_459' title='bbox 946 3337 1000 3391; x_wconf 90' lang='lat' dir='ltr'><strong>in</strong></span> <span class='ocrx_word' id='word_1_460' title='bbox 1044 3337 1183 3391; x_wconf 91' lang='lat' dir='ltr'><strong>hanc</strong></span> <span class='ocrx_word' id='word_1_461' title='bbox 1225 3336 1367 3392; x_wconf 92' lang='lat' dir='ltr'><strong>diem</strong></span> <span class='ocrx_word' id='word_1_462' title='bbox 1398 3346 1783 3406; x_wconf 89' lang='lat' dir='ltr'><strong>nuncupatum.</strong></span> <span class='ocrx_word' id='word_1_463' title='bbox 1817 3334 2084 3401; x_wconf 81' lang='lat' dir='ltr'><strong>Monaste-</strong></span> 
     </span>
    </p>
   </div>
   <div class='ocr_carea' id='block_1_65' title="bbox 475 3426 2083 3495">
    <p class='ocr_par' dir='ltr' id='par_1_65' title="bbox 475 3426 2083 3495">
     <span class='ocr_line' id='line_1_65' title="bbox 475 3426 2083 3495; baseline -0.001 -13"><span class='ocrx_word' id='word_1_464' title='bbox 475 3429 616 3483; x_wconf 93' lang='lat' dir='ltr'><strong>rium</strong></span> <span class='ocrx_word' id='word_1_465' title='bbox 645 3430 718 3484; x_wconf 94' lang='lat' dir='ltr'><strong>ibi</strong></span> <span class='ocrx_word' id='word_1_466' title='bbox 745 3429 931 3495; x_wconf 88' lang='lat' dir='ltr'><strong>fuisse,</strong></span> <span class='ocrx_word' id='word_1_467' title='bbox 957 3439 1012 3484; x_wconf 92' lang='lat' dir='ltr'><strong>et</strong></span> <span class='ocrx_word' id='word_1_468' title='bbox 1037 3428 1328 3484; x_wconf 83' lang='lat' dir='ltr'><strong>Monachos</strong></span> <span class='ocrx_word' id='word_1_469' title='bbox 1347 3443 1472 3484; x_wconf 92' lang='lat' dir='ltr'><strong>cum</strong></span> <span class='ocrx_word' id='word_1_470' title='bbox 1492 3426 1703 3483; x_wconf 82' lang='lat' dir='ltr'><strong>Abbate</strong></span> <span class='ocrx_word' id='word_1_471' title='bbox 1722 3441 1820 3482; x_wconf 92' lang='lat' dir='ltr'><strong>suo</strong></span> <span class='ocrx_word' id='word_1_472' title='bbox 1843 3440 2083 3480; x_wconf 91' lang='lat' dir='ltr'><strong>commo-</strong></span> 
     </span>
    </p>
   </div>
   <div class='ocr_carea' id='block_1_66' title="bbox 473 3517 2080 3590">
    <p class='ocr_par' dir='ltr' id='par_1_66' title="bbox 473 3517 2080 3590">
     <span class='ocr_line' id='line_1_66' title="bbox 473 3517 2080 3590; baseline -0.003 -15"><span class='ocrx_word' id='word_1_473' title='bbox 473 3527 623 3575; x_wconf 88' lang='lat' dir='ltr'><strong>ratos</strong></span> <span class='ocrx_word' id='word_1_474' title='bbox 654 3518 782 3573; x_wconf 92' lang='lat' dir='ltr'><strong>olim</strong></span> <span class='ocrx_word' id='word_1_475' title='bbox 812 3535 933 3576; x_wconf 90' lang='lat' dir='ltr'><strong>esse</strong></span> <span class='ocrx_word' id='word_1_476' title='bbox 961 3529 1186 3575; x_wconf 87' lang='lat' dir='ltr'><strong>noverat</strong></span> <span class='ocrx_word' id='word_1_477' title='bbox 1215 3535 1394 3574; x_wconf 89' lang='lat' dir='ltr'><strong>nemo.</strong></span> <span class='ocrx_word' id='word_1_478' title='bbox 1424 3519 1646 3590; x_wconf 66' lang='lat' dir='ltr'><strong>Lingua:</strong></span> <span class='ocrx_word' id='word_1_479' title='bbox 1692 3517 1891 3572; x_wconf 80' lang='lat' dir='ltr'><strong>Italicae</strong></span> <span class='ocrx_word' id='word_1_480' title='bbox 1919 3531 2080 3586; x_wconf 87' lang='lat' dir='ltr'><strong>quam</strong></span> 
     </span>
    </p>
   </div>
   <div class='ocr_carea' id='block_1_67' title="bbox 478 3607 2079 3680">
    <p class='ocr_par' dir='ltr' id='par_1_67' title="bbox 478 3607 2079 3680">
     <span class='ocr_line' id='line_1_67' title="bbox 478 3607 2079 3680; baseline 0 -17"><span class='ocrx_word' id='word_1_481' title='bbox 478 3609 730 3680; x_wconf 84' lang='lat' dir='ltr'><strong>proxime</strong></span> <span class='ocrx_word' id='word_1_482' title='bbox 776 3610 845 3664; x_wconf 88' lang='lat' dir='ltr'><strong>ab</strong></span> <span class='ocrx_word' id='word_1_483' title='bbox 899 3625 961 3666; x_wconf 89' lang='lat' dir='ltr'><strong>ea</strong></span> <span class='ocrx_word' id='word_1_484' title='bbox 1011 3626 1180 3680; x_wconf 90' lang='lat' dir='ltr'><strong>usque</strong></span> <span class='ocrx_word' id='word_1_485' title='bbox 1221 3619 1380 3665; x_wconf 64' lang='lat' dir='ltr'><strong>aetate</strong></span> <span class='ocrx_word' id='word_1_486' title='bbox 1435 3610 1825 3679; x_wconf 82' lang='lat' dir='ltr'><strong>praeluderetur</strong></span> <span class='ocrx_word' id='word_1_487' title='bbox 1894 3607 2079 3673; x_wconf 88' lang='lat' dir='ltr'><strong>vides;</strong></span> 
     </span>
    </p>
   </div>
   <div class='ocr_carea' id='block_1_68' title="bbox 475 3700 2083 3771">
    <p class='ocr_par' dir='ltr' id='par_1_68' title="bbox 475 3700 2083 3771">
     <span class='ocr_line' id='line_1_68' title="bbox 475 3700 2083 3771; baseline -0.001 -16"><span class='ocrx_word' id='word_1_488' title='bbox 475 3700 622 3771; x_wconf 90' lang='lat' dir='ltr'><strong>quod</strong></span> <span class='ocrx_word' id='word_1_489' title='bbox 645 3700 791 3755; x_wconf 90' lang='lat' dir='ltr'><strong>enim</strong></span> <span class='ocrx_word' id='word_1_490' title='bbox 816 3716 959 3756; x_wconf 91' lang='lat' dir='ltr'><strong>nunc</strong></span> <span class='ocrx_word' id='word_1_491' title='bbox 987 3701 1147 3755; x_wconf 85' lang='lat' dir='ltr'><strong>Abate</strong></span> <span class='ocrx_word' id='word_1_492' title='bbox 1174 3701 1258 3755; x_wconf 87' lang='lat' dir='ltr'><strong>del</strong></span> <span class='ocrx_word' id='word_1_493' title='bbox 1297 3700 1349 3755; x_wconf 85' lang='grc' dir='ltr'><em>Μ</em></span> <span class='ocrx_word' id='word_1_494' title='bbox 1359 3701 1614 3755; x_wconf 87' lang='lat' dir='ltr'><strong>onasterio</strong></span> <span class='ocrx_word' id='word_1_495' title='bbox 1639 3700 1889 3762; x_wconf 87' lang='lat' dir='ltr'><strong>dicimus,</strong></span> <span class='ocrx_word' id='word_1_496' title='bbox 1915 3700 2083 3754; x_wconf 80' lang='lat' dir='ltr'><strong>Abbas</strong></span> 
     </span>
    </p>
   </div>
   <div class='ocr_carea' id='block_1_69' title="bbox 477 3793 2081 3865">
    <p class='ocr_par' dir='ltr' id='par_1_69' title="bbox 477 3793 2081 3865">
     <span class='ocr_line' id='line_1_69' title="bbox 477 3793 2081 3865; baseline 0 -18"><span class='ocrx_word' id='word_1_497' title='bbox 477 3794 542 3848; x_wconf 88' lang='lat' dir='ltr'><strong>de</strong></span> <span class='ocrx_word' id='word_1_498' title='bbox 566 3793 622 3846; x_wconf 85' lang='grc' dir='ltr'><em>Μ</em></span> <span class='ocrx_word' id='word_1_499' title='bbox 629 3793 932 3848; x_wconf 84' lang='lat' dir='ltr'><strong>onastirium</strong></span> <span class='ocrx_word' id='word_1_500' title='bbox 953 3794 1243 3865; x_wconf 89' lang='lat' dir='ltr'><strong>vulgariter</strong></span> <span class='ocrx_word' id='word_1_501' title='bbox 1279 3793 1610 3849; x_wconf 90' lang='lat' dir='ltr'><strong>scribebatur</strong></span> <span class='ocrx_word' id='word_1_502' title='bbox 1630 3809 1644 3859; x_wconf 93' lang='lat'><strong>;</strong></span> <span class='ocrx_word' id='word_1_503' title='bbox 1668 3807 1896 3864; x_wconf 92' lang='lat' dir='ltr'><strong>cumque</strong></span> <span class='ocrx_word' id='word_1_504' title='bbox 1917 3810 2005 3846; x_wconf 86' lang='lat' dir='ltr'><strong>um</strong></span> <span class='ocrx_word' id='word_1_505' title='bbox 2029 3793 2081 3847; x_wconf 93' lang='lat' dir='ltr'><strong>in</strong></span> 
     </span>
    </p>
   </div>
   <div class='ocr_carea' id='block_1_70' title="bbox 477 3876 2082 3956">
    <p class='ocr_par' dir='ltr' id='par_1_70' title="bbox 477 3876 2082 3956">
     <span class='ocr_line' id='line_1_70' title="bbox 477 3876 2082 3956; baseline -0.001 -15"><span class='ocrx_word' id='word_1_506' title='bbox 477 3903 509 3941; x_wconf 96' lang='lat' dir='ltr'><strong>o</strong></span> <span class='ocrx_word' id='word_1_507' title='bbox 541 3886 816 3956; x_wconf 89' lang='lat' dir='ltr'><strong>popularis</strong></span> <span class='ocrx_word' id='word_1_508' title='bbox 855 3887 1222 3956; x_wconf 90' lang='lat' dir='ltr'><strong>pronuntiatio</strong></span> <span class='ocrx_word' id='word_1_509' title='bbox 1244 3901 1388 3956; x_wconf 63' lang='grc' dir='ltr'><strong>διξερε</strong></span> <span class='ocrx_word' id='word_1_510' title='bbox 1417 3894 1786 3950; x_wconf 89' lang='lat' dir='ltr'><strong>converteret,</strong></span> <span class='ocrx_word' id='word_1_511' title='bbox 1816 3895 1875 3938; x_wconf 91' lang='lat' dir='ltr'><strong>ut</strong></span> <span class='ocrx_word' id='word_1_512' title='bbox 1898 3876 2024 3939; x_wconf 84' lang='lat' dir='ltr'><strong>item</strong></span> <span class='ocrx_word' id='word_1_513' title='bbox 2052 3899 2082 3940; x_wconf 87' lang='lat' dir='ltr'><strong>e</strong></span> 
     </span>
    </p>
   </div>
   <div class='ocr_carea' id='block_1_71' title="bbox 479 3975 2079 4048">
    <p class='ocr_par' dir='ltr' id='par_1_71' title="bbox 479 3975 2079 4048">
     <span class='ocr_line' id='line_1_71' title="bbox 479 3975 2079 4048; baseline -0.002 -16"><span class='ocrx_word' id='word_1_514' title='bbox 479 3991 612 4032; x_wconf 87' lang='lat' dir='ltr'><strong>mss.</strong></span> <span class='ocrx_word' id='word_1_515' title='bbox 661 3977 858 4045; x_wconf 90' lang='lat' dir='ltr'><strong>didici,</strong></span> <span class='ocrx_word' id='word_1_516' title='bbox 901 3985 957 4033; x_wconf 91' lang='lat' dir='ltr'><strong>et</strong></span> <span class='ocrx_word' id='word_1_517' title='bbox 1012 3978 1096 4032; x_wconf 90' lang='lat' dir='ltr'><strong>hic</strong></span> <span class='ocrx_word' id='word_1_518' title='bbox 1140 3979 1302 4033; x_wconf 90' lang='lat' dir='ltr'><strong>etiam</strong></span> <span class='ocrx_word' id='word_1_519' title='bbox 1354 3987 1577 4048; x_wconf 86' lang='lat' dir='ltr'><strong>apparet</strong></span> <span class='ocrx_word' id='word_1_520' title='bbox 1621 3975 1890 4048; x_wconf 87' lang='lat' dir='ltr'><strong>(vocapolo</strong></span> <span class='ocrx_word' id='word_1_521' title='bbox 1937 3976 2079 4030; x_wconf 86' lang='lat' dir='ltr'><strong>enim</strong></span> 
     </span>
    </p>
   </div>
   <div class='ocr_carea' id='block_1_72' title="bbox 474 4068 2084 4141">
    <p class='ocr_par' dir='ltr' id='par_1_72' title="bbox 474 4068 2084 4141">
     <span class='ocr_line' id='line_1_72' title="bbox 474 4068 2084 4141; baseline -0.001 -17"><span class='ocrx_word' id='word_1_522' title='bbox 474 4084 578 4140; x_wconf 92' lang='lat' dir='ltr'><strong>pro</strong></span> <span class='ocrx_word' id='word_1_523' title='bbox 603 4069 902 4124; x_wconf 82' lang='lat' dir='ltr'><strong>vocabulum</strong></span> <span class='ocrx_word' id='word_1_524' title='bbox 923 4068 1050 4141; x_wconf 89' lang='lat' dir='ltr'><strong>est),</strong></span> <span class='ocrx_word' id='word_1_525' title='bbox 1078 4085 1108 4124; x_wconf 89' lang='lat' dir='ltr'><strong>a</strong></span> <span class='ocrx_word' id='word_1_526' title='bbox 1135 4071 1343 4141; x_wconf 88' lang='lat' dir='ltr'><strong>vulgari</strong></span> <span class='ocrx_word' id='word_1_527' title='bbox 1373 4070 1550 4140; x_wconf 88' lang='lat' dir='ltr'><strong>lingua</strong></span> <span class='ocrx_word' id='word_1_528' title='bbox 1582 4070 1746 4124; x_wconf 89' lang='lat' dir='ltr'><strong>verba</strong></span> <span class='ocrx_word' id='word_1_529' title='bbox 1772 4085 1958 4140; x_wconf 91' lang='lat' dir='ltr'><strong>parum</strong></span> <span class='ocrx_word' id='word_1_530' title='bbox 1989 4069 2084 4123; x_wconf 88' lang='lat' dir='ltr'><strong>de-</strong></span> 
     </span>
    </p>
   </div>
   <div class='ocr_carea' id='block_1_73' title="bbox 477 4163 2081 4235">
    <p class='ocr_par' dir='ltr' id='par_1_73' title="bbox 477 4163 2081 4235">
     <span class='ocr_line' id='line_1_73' title="bbox 477 4163 2081 4235; baseline 0 -17"><span class='ocrx_word' id='word_1_531' title='bbox 477 4164 726 4220; x_wconf 87' lang='lat' dir='ltr'><strong>ﬂectunt.</strong></span> <span class='ocrx_word' id='word_1_532' title='bbox 754 4163 868 4219; x_wconf 90' lang='lat' dir='ltr'><strong>Sub</strong></span> <span class='ocrx_word' id='word_1_533' title='bbox 896 4165 1040 4235; x_wconf 82' lang='lat' dir='ltr'><strong>Rege</strong></span> <span class='ocrx_word' id='word_1_534' title='bbox 1061 4166 1313 4235; x_wconf 81' lang='lat' dir='ltr'><strong>Ariperto</strong></span> <span class='ocrx_word' id='word_1_535' title='bbox 1334 4165 1594 4234; x_wconf 91' lang='lat' dir='ltr'><strong>scriptum</strong></span> <span class='ocrx_word' id='word_1_536' title='bbox 1618 4163 1858 4220; x_wconf 88' lang='lat' dir='ltr'><strong>codicem</strong></span> <span class='ocrx_word' id='word_1_537' title='bbox 1889 4180 1955 4219; x_wconf 84' lang='lat' dir='ltr'><strong>ex</strong></span> <span class='ocrx_word' id='word_1_538' title='bbox 1983 4163 2081 4218; x_wconf 92' lang='lat' dir='ltr'><strong>hac</strong></span> 
     </span>
    </p>
   </div>
   <div class='ocr_carea' id='block_1_74' title="bbox 477 4257 2079 4330">
    <p class='ocr_par' dir='ltr' id='par_1_74' title="bbox 477 4257 2079 4330">
     <span class='ocr_line' id='line_1_74' title="bbox 477 4257 2079 4330; baseline 0.001 -18"><span class='ocrx_word' id='word_1_539' title='bbox 477 4267 608 4312; x_wconf 88' lang='lat' dir='ltr'><strong>nota</strong></span> <span class='ocrx_word' id='word_1_540' title='bbox 640 4273 750 4313; x_wconf 87' lang='lat' dir='ltr'><strong>non</strong></span> <span class='ocrx_word' id='word_1_541' title='bbox 775 4257 997 4324; x_wconf 75' lang='lat' dir='ltr'><strong>deluere</strong></span> <span class='ocrx_word' id='word_1_542' title='bbox 1013 4259 1103 4330; x_wconf 92' lang='lat' dir='ltr'><strong>qui</strong></span> <span class='ocrx_word' id='word_1_543' title='bbox 1129 4267 1449 4329; x_wconf 90' lang='lat' dir='ltr'><strong>arguerent;</strong></span> <span class='ocrx_word' id='word_1_544' title='bbox 1481 4267 1535 4313; x_wconf 91' lang='lat' dir='ltr'><strong>at</strong></span> <span class='ocrx_word' id='word_1_545' title='bbox 1562 4260 1858 4314; x_wconf 91' lang='lat' dir='ltr'><strong>litterarum</strong></span> <span class='ocrx_word' id='word_1_546' title='bbox 1884 4259 2079 4326; x_wconf 88' lang='lat' dir='ltr'><strong>forma,</strong></span> 
     </span>
    </p>
   </div>
   <div class='ocr_carea' id='block_1_75' title="bbox 401 4351 2082 4423">
    <p class='ocr_par' dir='ltr' id='par_1_75' title="bbox 401 4351 2082 4423">
     <span class='ocr_line' id='line_1_75' title="bbox 401 4351 2082 4423; baseline 0.001 -17"><span class='ocrx_word' id='word_1_547' title='bbox 401 4411 406 4415; x_wconf 21' lang='grc' dir='ltr'><strong>Α</strong></span> <span class='ocrx_word' id='word_1_548' title='bbox 475 4351 700 4422; x_wconf 88' lang='lat' dir='ltr'><strong>ipsaque</strong></span> <span class='ocrx_word' id='word_1_549' title='bbox 727 4351 888 4422; x_wconf 88' lang='lat' dir='ltr'><strong>hujus</strong></span> <span class='ocrx_word' id='word_1_550' title='bbox 914 4352 1233 4423; x_wconf 89' lang='lat' dir='ltr'><strong>adjectionis</strong></span> <span class='ocrx_word' id='word_1_551' title='bbox 1259 4352 1444 4419; x_wconf 83' lang='lat' dir='ltr'><strong>facies,</strong></span> <span class='ocrx_word' id='word_1_552' title='bbox 1475 4354 1607 4408; x_wconf 90' lang='lat' dir='ltr'><strong>satis</strong></span> <span class='ocrx_word' id='word_1_553' title='bbox 1628 4353 1918 4408; x_wconf 90' lang='lat' dir='ltr'><strong>ostendunt</strong></span> <span class='ocrx_word' id='word_1_554' title='bbox 1943 4353 2082 4408; x_wconf 90' lang='lat' dir='ltr'><strong>mul-</strong></span> 
     </span>
    </p>
   </div>
   <div class='ocr_carea' id='block_1_76' title="bbox 477 4444 2080 4515">
    <p class='ocr_par' dir='ltr' id='par_1_76' title="bbox 477 4444 2080 4515">
     <span class='ocr_line' id='line_1_76' title="bbox 477 4444 2080 4515; baseline 0.001 -17"><span class='ocrx_word' id='word_1_555' title='bbox 477 4453 536 4498; x_wconf 89' lang='lat' dir='ltr'><strong>to</strong></span> <span class='ocrx_word' id='word_1_556' title='bbox 581 4447 944 4500; x_wconf 87' lang='lat' dir='ltr'><strong>recentiorem</strong></span> <span class='ocrx_word' id='word_1_557' title='bbox 1005 4445 1205 4513; x_wconf 90' lang='lat' dir='ltr'><strong>fuisse;</strong></span> <span class='ocrx_word' id='word_1_558' title='bbox 1256 4454 1310 4501; x_wconf 93' lang='lat' dir='ltr'><strong>et</strong></span> <span class='ocrx_word' id='word_1_559' title='bbox 1360 4444 1600 4515; x_wconf 91' lang='lat' dir='ltr'><strong>profecto</strong></span> <span class='ocrx_word' id='word_1_560' title='bbox 1658 4445 1760 4500; x_wconf 91' lang='lat' dir='ltr'><strong>nisi</strong></span> <span class='ocrx_word' id='word_1_561' title='bbox 1806 4445 1945 4500; x_wconf 91' lang='lat' dir='ltr'><strong>liber</strong></span> <span class='ocrx_word' id='word_1_562' title='bbox 1992 4444 2080 4499; x_wconf 93' lang='lat' dir='ltr'><strong>hic</strong></span> 
     </span>
    </p>
   </div>
   <div class='ocr_carea' id='block_1_77' title="bbox 2185 3243 3784 3319">
    <p class='ocr_par' dir='ltr' id='par_1_77' title="bbox 2185 3243 3784 3319">
     <span class='ocr_line' id='line_1_77' title="bbox 2185 3243 3784 3319; baseline 0.003 -21"><span class='ocrx_word' id='word_1_563' title='bbox 2185 3245 2270 3309; x_wconf 86' lang='lat' dir='ltr'><strong>sit,</strong></span> <span class='ocrx_word' id='word_1_564' title='bbox 2294 3243 2596 3309; x_wconf 88' lang='lat' dir='ltr'><strong>admonebo,</strong></span> <span class='ocrx_word' id='word_1_565' title='bbox 2630 3254 2684 3296; x_wconf 88' lang='lat' dir='ltr'><strong>ut</strong></span> <span class='ocrx_word' id='word_1_566' title='bbox 2722 3253 2769 3298; x_wconf 86' lang='lat' dir='ltr'><strong>et</strong></span> <span class='ocrx_word' id='word_1_567' title='bbox 2818 3245 2947 3311; x_wconf 76' lang='lat' dir='ltr'><strong>ipsw</strong></span> <span class='ocrx_word' id='word_1_568' title='bbox 2995 3247 3056 3298; x_wconf 89' lang='lat' dir='ltr'><strong>ab</strong></span> <span class='ocrx_word' id='word_1_569' title='bbox 3096 3245 3212 3300; x_wconf 85' lang='lat' dir='ltr'><strong>aliis</strong></span> <span class='ocrx_word' id='word_1_570' title='bbox 3241 3247 3502 3302; x_wconf 86' lang='lat' dir='ltr'><strong>emendari</strong></span> <span class='ocrx_word' id='word_1_571' title='bbox 3542 3249 3784 3319; x_wconf 85' lang='lat' dir='ltr'><strong>possint:</strong></span> 
     </span>
    </p>
   </div>
   <div class='ocr_carea' id='block_1_78' title="bbox 2186 3337 3786 3410">
    <p class='ocr_par' dir='ltr' id='par_1_78' title="bbox 2186 3337 3786 3410">
     <span class='ocr_line' id='line_1_78' title="bbox 2186 3337 3786 3410; baseline 0.005 -21"><span class='ocrx_word' id='word_1_572' title='bbox 2186 3337 2283 3390; x_wconf 87' lang='lat' dir='ltr'><strong>hoc</strong></span> <span class='ocrx_word' id='word_1_573' title='bbox 2309 3338 2354 3390; x_wconf 89' lang='lat' dir='ltr'><strong>si</strong></span> <span class='ocrx_word' id='word_1_574' title='bbox 2401 3338 2752 3407; x_wconf 70' lang='lat' dir='ltr'><strong>priestitissent</strong></span> <span class='ocrx_word' id='word_1_575' title='bbox 2781 3339 3050 3393; x_wconf 86' lang='lat' dir='ltr'><strong>transactis</strong></span> <span class='ocrx_word' id='word_1_576' title='bbox 3080 3341 3391 3409; x_wconf 85' lang='lat' dir='ltr'><strong>temporibus</strong></span> <span class='ocrx_word' id='word_1_577' title='bbox 3425 3338 3625 3410; x_wconf 88' lang='lat' dir='ltr'><strong>Critici,</strong></span> <span class='ocrx_word' id='word_1_578' title='bbox 3656 3352 3786 3397; x_wconf 75' lang='lat' dir='ltr'><strong>rete-</strong></span> 
     </span>
    </p>
   </div>
   <div class='ocr_carea' id='block_1_79' title="bbox 2184 3428 3784 3499">
    <p class='ocr_par' dir='ltr' id='par_1_79' title="bbox 2184 3428 3784 3499">
     <span class='ocr_line' id='line_1_79' title="bbox 2184 3428 3784 3499; baseline 0.004 -19"><span class='ocrx_word' id='word_1_579' title='bbox 2184 3443 2302 3481; x_wconf 85' lang='lat' dir='ltr'><strong>rum</strong></span> <span class='ocrx_word' id='word_1_580' title='bbox 2346 3428 2539 3497; x_wconf 85' lang='lat' dir='ltr'><strong>scripta</strong></span> <span class='ocrx_word' id='word_1_581' title='bbox 2567 3429 2830 3498; x_wconf 86' lang='lat' dir='ltr'><strong>aliquanto</strong></span> <span class='ocrx_word' id='word_1_582' title='bbox 2871 3429 3050 3483; x_wconf 88' lang='lat' dir='ltr'><strong>melius</strong></span> <span class='ocrx_word' id='word_1_583' title='bbox 3081 3446 3525 3499; x_wconf 85' lang='lat' dir='ltr'><strong>pernosceremus;</strong></span> <span class='ocrx_word' id='word_1_584' title='bbox 3555 3434 3784 3488; x_wconf 88' lang='lat' dir='ltr'><strong>innume-</strong></span> 
     </span>
    </p>
   </div>
   <div class='ocr_carea' id='block_1_80' title="bbox 2185 3522 3786 3595">
    <p class='ocr_par' dir='ltr' id='par_1_80' title="bbox 2185 3522 3786 3595">
     <span class='ocr_line' id='line_1_80' title="bbox 2185 3522 3786 3595; baseline 0.002 -19"><span class='ocrx_word' id='word_1_585' title='bbox 2185 3538 2270 3576; x_wconf 88' lang='lat' dir='ltr'><strong>ros</strong></span> <span class='ocrx_word' id='word_1_586' title='bbox 2297 3522 2430 3576; x_wconf 87' lang='lat' dir='ltr'><strong>enim</strong></span> <span class='ocrx_word' id='word_1_587' title='bbox 2459 3523 2595 3576; x_wconf 85' lang='lat' dir='ltr'><strong>locos</strong></span> <span class='ocrx_word' id='word_1_588' title='bbox 2622 3539 2684 3576; x_wconf 79' lang='lat' dir='ltr'><strong>ea:</strong></span> <span class='ocrx_word' id='word_1_589' title='bbox 2719 3523 2930 3576; x_wconf 86' lang='lat' dir='ltr'><strong>arbitrio</strong></span> <span class='ocrx_word' id='word_1_590' title='bbox 2961 3524 3261 3593; x_wconf 82' lang='lat' dir='ltr'><strong>reﬁcientes,</strong></span> <span class='ocrx_word' id='word_1_591' title='bbox 3286 3525 3617 3595; x_wconf 86' lang='lat' dir='ltr'><strong>antiquorum</strong></span> <span class='ocrx_word' id='word_1_592' title='bbox 3648 3527 3786 3580; x_wconf 90' lang='lat' dir='ltr'><strong>codi-</strong></span> 
     </span>
    </p>
   </div>
   <div class='ocr_carea' id='block_1_81' title="bbox 2185 3613 3783 3671">
    <p class='ocr_par' dir='ltr' id='par_1_81' title="bbox 2185 3613 3783 3671">
     <span class='ocr_line' id='line_1_81' title="bbox 2185 3613 3783 3671; baseline 0.002 -3"><span class='ocrx_word' id='word_1_593' title='bbox 2185 3631 2303 3668; x_wconf 89' lang='lat' dir='ltr'><strong>cum</strong></span> <span class='ocrx_word' id='word_1_594' title='bbox 2332 3614 2569 3668; x_wconf 87' lang='lat' dir='ltr'><strong>lectiones</strong></span> <span class='ocrx_word' id='word_1_595' title='bbox 2598 3613 2743 3668; x_wconf 87' lang='lat' dir='ltr'><strong>nobis</strong></span> <span class='ocrx_word' id='word_1_596' title='bbox 2765 3614 3138 3670; x_wconf 75' lang='lat' dir='ltr'><strong>subduxerunt.</strong></span> <span class='ocrx_word' id='word_1_597' title='bbox 3165 3613 3348 3670; x_wconf 81' lang='lat' dir='ltr'><strong>Exiles</strong></span> <span class='ocrx_word' id='word_1_598' title='bbox 3377 3623 3557 3671; x_wconf 90' lang='lat' dir='ltr'><strong>autem</strong></span> <span class='ocrx_word' id='word_1_599' title='bbox 3587 3631 3653 3671; x_wconf 89' lang='lat' dir='ltr'><strong>ac</strong></span> <span class='ocrx_word' id='word_1_600' title='bbox 3683 3617 3783 3671; x_wconf 89' lang='lat' dir='ltr'><strong>mi-</strong></span> 
     </span>
    </p>
   </div>
   <div class='ocr_carea' id='block_1_82' title="bbox 2188 3705 3784 3778">
    <p class='ocr_par' dir='ltr' id='par_1_82' title="bbox 2188 3705 3784 3778">
     <span class='ocr_line' id='line_1_82' title="bbox 2188 3705 3784 3778; baseline 0.003 -18"><span class='ocrx_word' id='word_1_601' title='bbox 2188 3714 2345 3760; x_wconf 89' lang='lat' dir='ltr'><strong>nutas</strong></span> <span class='ocrx_word' id='word_1_602' title='bbox 2369 3705 2691 3775; x_wconf 90' lang='lat' dir='ltr'><strong>quandoque</strong></span> <span class='ocrx_word' id='word_1_603' title='bbox 2734 3706 3231 3762; x_wconf 88' lang='lat' dir='ltr'><strong>animadversiones</strong></span> <span class='ocrx_word' id='word_1_604' title='bbox 3275 3706 3570 3778; x_wconf 80' lang='lat' dir='ltr'><strong>culpandas</strong></span> <span class='ocrx_word' id='word_1_605' title='bbox 3627 3709 3682 3763; x_wconf 92' lang='lat' dir='ltr'><strong>in</strong></span> <span class='ocrx_word' id='word_1_606' title='bbox 3707 3708 3784 3764; x_wconf 91' lang='lat' dir='ltr'><strong>bis</strong></span> 
     </span>
    </p>
   </div>
   <div class='ocr_carea' id='block_1_83' title="bbox 2185 3797 3783 3871">
    <p class='ocr_par' dir='ltr' id='par_1_83' title="bbox 2185 3797 3783 3871">
     <span class='ocr_line' id='line_1_83' title="bbox 2185 3797 3783 3871; baseline 0.003 -19"><span class='ocrx_word' id='word_1_607' title='bbox 2185 3798 2348 3854; x_wconf 87' lang='lat' dir='ltr'><strong>rebus</strong></span> <span class='ocrx_word' id='word_1_608' title='bbox 2370 3813 2474 3852; x_wconf 91' lang='lat' dir='ltr'><strong>non</strong></span> <span class='ocrx_word' id='word_1_609' title='bbox 2495 3812 2637 3864; x_wconf 88' lang='lat' dir='ltr'><strong>esse,</strong></span> <span class='ocrx_word' id='word_1_610' title='bbox 2652 3798 2737 3852; x_wconf 91' lang='lat' dir='ltr'><strong>vel</strong></span> <span class='ocrx_word' id='word_1_611' title='bbox 2754 3797 3193 3861; x_wconf 89' lang='lat' dir='ltr'><strong>contemnendas,</strong></span> <span class='ocrx_word' id='word_1_612' title='bbox 3216 3798 3449 3854; x_wconf 84' lang='lat' dir='ltr'><strong>Hilarius</strong></span> <span class='ocrx_word' id='word_1_613' title='bbox 3471 3801 3604 3871; x_wconf 88' lang='lat' dir='ltr'><strong>ipse,</strong></span> <span class='ocrx_word' id='word_1_614' title='bbox 3627 3817 3783 3871; x_wconf 91' lang='lat' dir='ltr'><strong>quem</strong></span> 
     </span>
    </p>
   </div>
   <div class='ocr_carea' id='block_1_84' title="bbox 2187 3889 3781 3963">
    <p class='ocr_par' dir='ltr' id='par_1_84' title="bbox 2187 3889 3781 3963">
     <span class='ocr_line' id='line_1_84' title="bbox 2187 3889 3781 3963; baseline 0.004 -21"><span class='ocrx_word' id='word_1_615' title='bbox 2187 3891 2539 3943; x_wconf 85' lang='lat' dir='ltr'><strong>doctissimum</strong></span> <span class='ocrx_word' id='word_1_616' title='bbox 2565 3889 2777 3943; x_wconf 88' lang='lat' dir='ltr'><strong>Patrem</strong></span> <span class='ocrx_word' id='word_1_617' title='bbox 2831 3889 3205 3946; x_wconf 89' lang='lat' dir='ltr'><strong>Cassiodorius</strong></span> <span class='ocrx_word' id='word_1_618' title='bbox 3251 3901 3542 3963; x_wconf 88' lang='lat' dir='ltr'><strong>nuncupat,</strong></span> <span class='ocrx_word' id='word_1_619' title='bbox 3593 3893 3781 3958; x_wconf 84' lang='lat' dir='ltr'><strong>docet;</strong></span> 
     </span>
    </p>
   </div>
   <div class='ocr_carea' id='block_1_85' title="bbox 2186 3980 3783 4054">
    <p class='ocr_par' dir='ltr' id='par_1_85' title="bbox 2186 3980 3783 4054">
     <span class='ocr_line' id='line_1_85' title="bbox 2186 3980 3783 4054; baseline 0.002 -19"><span class='ocrx_word' id='word_1_620' title='bbox 2186 3981 2441 4036; x_wconf 82' lang='lat' dir='ltr'><strong>Arianam</strong></span> <span class='ocrx_word' id='word_1_621' title='bbox 2458 3980 2601 4035; x_wconf 90' lang='lat' dir='ltr'><strong>enim</strong></span> <span class='ocrx_word' id='word_1_622' title='bbox 2620 3980 2950 4049; x_wconf 88' lang='lat' dir='ltr'><strong>impietatem</strong></span> <span class='ocrx_word' id='word_1_623' title='bbox 2968 3982 3226 4052; x_wconf 88' lang='lat' dir='ltr'><strong>increpat,</strong></span> <span class='ocrx_word' id='word_1_624' title='bbox 3249 3998 3369 4053; x_wconf 86' lang='lat' dir='ltr'><strong>quae</strong></span> <span class='ocrx_word' id='word_1_625' title='bbox 3389 4000 3443 4037; x_wconf 86' lang='lat' dir='ltr'><strong>se</strong></span> <span class='ocrx_word' id='word_1_626' title='bbox 3462 3985 3531 4038; x_wconf 89' lang='lat' dir='ltr'><strong>ad</strong></span> <span class='ocrx_word' id='word_1_627' title='bbox 3550 3985 3783 4054; x_wconf 75' lang='lat' dir='ltr'><strong>fraudem</strong></span> 
     </span>
    </p>
   </div>
   <div class='ocr_carea' id='block_1_86' title="bbox 2185 4072 3734 4145">
    <p class='ocr_par' dir='ltr' id='par_1_86' title="bbox 2185 4072 3734 4145">
     <span class='ocr_line' id='line_1_86' title="bbox 2185 4072 3734 4145; baseline 0.003 -19"><span class='ocrx_word' id='word_1_628' title='bbox 2185 4072 2396 4142; x_wconf 81' lang='lat' dir='ltr'><strong>syllabte</strong></span> <span class='ocrx_word' id='word_1_629' title='bbox 2415 4073 2719 4145; x_wconf 86' lang='lat' dir='ltr'><strong>adjectione,</strong></span> <span class='ocrx_word' id='word_1_630' title='bbox 2749 4088 2863 4143; x_wconf 72' lang='lat' dir='ltr'><strong>qua:</strong></span> <span class='ocrx_word' id='word_1_631' title='bbox 2890 4074 2943 4128; x_wconf 87' lang='lat' dir='ltr'><strong>in</strong></span> <span class='ocrx_word' id='word_1_632' title='bbox 2966 4074 3107 4128; x_wconf 87' lang='lat' dir='ltr'><strong>libris</strong></span> <span class='ocrx_word' id='word_1_633' title='bbox 3133 4091 3232 4128; x_wconf 87' lang='lat' dir='ltr'><strong>non</strong></span> <span class='ocrx_word' id='word_1_634' title='bbox 3261 4084 3443 4143; x_wconf 78' lang='lat' dir='ltr'><strong>exstat,</strong></span> <span class='ocrx_word' id='word_1_635' title='bbox 3470 4077 3734 4132; x_wconf 77' lang='lat' dir='ltr'><strong>instruxit.</strong></span> 
     </span>
    </p>
   </div>
   <div class='ocr_carea' id='block_1_87' title="bbox 2261 4164 3780 4240">
    <p class='ocr_par' dir='ltr' id='par_1_87' title="bbox 2261 4164 3780 4240">
     <span class='ocr_line' id='line_1_87' title="bbox 2261 4164 3780 4240; baseline 0.004 -22"><span class='ocrx_word' id='word_1_636' title='bbox 2261 4165 2374 4233; x_wconf 81' lang='lat' dir='ltr'><strong>Ego</strong></span> <span class='ocrx_word' id='word_1_637' title='bbox 2403 4164 2618 4234; x_wconf 91' lang='lat' dir='ltr'><strong>quidem</strong></span> <span class='ocrx_word' id='word_1_638' title='bbox 2655 4174 2767 4219; x_wconf 92' lang='lat' dir='ltr'><strong>tum</strong></span> <span class='ocrx_word' id='word_1_639' title='bbox 2791 4180 2856 4220; x_wconf 85' lang='lat' dir='ltr'><strong>ex</strong></span> <span class='ocrx_word' id='word_1_640' title='bbox 2887 4166 3125 4220; x_wconf 90' lang='lat' dir='ltr'><strong>omnium</strong></span> <span class='ocrx_word' id='word_1_641' title='bbox 3174 4169 3426 4238; x_wconf 89' lang='lat' dir='ltr'><strong>congerie</strong></span> <span class='ocrx_word' id='word_1_642' title='bbox 3454 4209 3468 4234; x_wconf 92' lang='lat'><strong>,</strong></span> <span class='ocrx_word' id='word_1_643' title='bbox 3497 4184 3621 4240; x_wconf 71' lang='lat' dir='ltr'><strong>qua:</strong></span> <span class='ocrx_word' id='word_1_644' title='bbox 3653 4169 3780 4224; x_wconf 90' lang='lat' dir='ltr'><strong>mihi</strong></span> 
     </span>
    </p>
   </div>
   <div class='ocr_carea' id='block_1_88' title="bbox 2186 4256 3779 4331">
    <p class='ocr_par' dir='ltr' id='par_1_88' title="bbox 2186 4256 3779 4331">
     <span class='ocr_line' id='line_1_88' title="bbox 2186 4256 3779 4331; baseline 0.003 -19"><span class='ocrx_word' id='word_1_645' title='bbox 2186 4256 2511 4312; x_wconf 68' lang='lat' dir='ltr'><strong>exhibendae</strong></span> <span class='ocrx_word' id='word_1_646' title='bbox 2544 4258 2879 4324; x_wconf 91' lang='lat' dir='ltr'><strong>viderentur,</strong></span> <span class='ocrx_word' id='word_1_647' title='bbox 2911 4260 3203 4316; x_wconf 73' lang='lat' dir='ltr'><strong>varietates</strong></span> <span class='ocrx_word' id='word_1_648' title='bbox 3227 4275 3632 4331; x_wconf 81' lang='lat' dir='ltr'><strong>cxcerpseram,</strong></span> <span class='ocrx_word' id='word_1_649' title='bbox 3671 4271 3779 4318; x_wconf 89' lang='lat' dir='ltr'><strong>tum</strong></span> 
     </span>
    </p>
   </div>
   <div class='ocr_carea' id='block_1_89' title="bbox 2186 4349 3782 4426">
    <p class='ocr_par' dir='ltr' id='par_1_89' title="bbox 2186 4349 3782 4426">
     <span class='ocr_line' id='line_1_89' title="bbox 2186 4349 3782 4426; baseline 0.006 -23"><span class='ocrx_word' id='word_1_650' title='bbox 2186 4349 2647 4406; x_wconf 86' lang='lat' dir='ltr'><strong>adnotatiunculas</strong></span> <span class='ocrx_word' id='word_1_651' title='bbox 2673 4352 2954 4422; x_wconf 88' lang='lat' dir='ltr'><strong>quasdam,</strong></span> <span class='ocrx_word' id='word_1_652' title='bbox 2983 4354 3165 4422; x_wconf 90' lang='lat' dir='ltr'><strong>paucis</strong></span> <span class='ocrx_word' id='word_1_653' title='bbox 3188 4363 3366 4410; x_wconf 87' lang='lat' dir='ltr'><strong>tamen</strong></span> <span class='ocrx_word' id='word_1_654' title='bbox 3396 4354 3551 4420; x_wconf 88' lang='lat' dir='ltr'><strong>locis,</strong></span> <span class='ocrx_word' id='word_1_655' title='bbox 3570 4356 3782 4426; x_wconf 87' lang='lat' dir='ltr'><strong>adjece-</strong></span> 
     </span>
    </p>
   </div>
   <div class='ocr_carea' id='block_1_90' title="bbox 2187 4444 3781 4519">
    <p class='ocr_par' dir='ltr' id='par_1_90' title="bbox 2187 4444 3781 4519">
     <span class='ocr_line' id='line_1_90' title="bbox 2187 4444 3781 4519; baseline 0.004 -21"><span class='ocrx_word' id='word_1_656' title='bbox 2187 4458 2299 4498; x_wconf 87' lang='lat' dir='ltr'><strong>ratn</strong></span> <span class='ocrx_word' id='word_1_657' title='bbox 2321 4453 2722 4500; x_wconf 87' lang='lat' dir='ltr'><strong>:verumtamen</strong></span> <span class='ocrx_word' id='word_1_658' title='bbox 2744 4461 2864 4499; x_wconf 92' lang='lat' dir='ltr'><strong>cum</strong></span> <span class='ocrx_word' id='word_1_659' title='bbox 2887 4444 3140 4500; x_wconf 91' lang='lat' dir='ltr'><strong>acciderit</strong></span> <span class='ocrx_word' id='word_1_660' title='bbox 3176 4463 3284 4513; x_wconf 90' lang='lat' dir='ltr'><strong>me,</strong></span> <span class='ocrx_word' id='word_1_661' title='bbox 3309 4456 3597 4518; x_wconf 87' lang='lat' dir='ltr'><strong>antequam</strong></span> <span class='ocrx_word' id='word_1_662' title='bbox 3621 4449 3781 4519; x_wconf 78' lang='lat' dir='ltr'><strong>praelo</strong></span> 
     </span>
    </p>
   </div>
   <div class='ocr_carea' id='block_1_91' title="bbox 473 4523 3780 4610">
    <p class='ocr_par' dir='ltr' id='par_1_91' title="bbox 473 4523 3780 4610">
     <span class='ocr_line' id='line_1_91' title="bbox 473 4523 3780 4610; baseline 0.002 -22"><span class='ocrx_word' id='word_1_663' title='bbox 473 4534 1004 4606; x_wconf 82' lang='lat' dir='ltr'><strong>utriusqueAriperti</strong></span> <span class='ocrx_word' id='word_1_664' title='bbox 1030 4553 1202 4591; x_wconf 75' lang='lat' dir='ltr'><strong>mvum</strong></span> <span class='ocrx_word' id='word_1_665' title='bbox 1226 4537 1386 4608; x_wconf 91' lang='lat' dir='ltr'><strong>longe</strong></span> <span class='ocrx_word' id='word_1_666' title='bbox 1412 4523 2079 4606; x_wconf 32' lang='lat' dir='ltr'><strong>antevertat,;conjectur&#39;is</strong></span> <span class='ocrx_word' id='word_1_667' title='bbox 2106 4548 2160 4607; x_wconf 82' lang='lat'><strong>1)</strong></span> <span class='ocrx_word' id='word_1_668' title='bbox 2186 4536 2395 4606; x_wconf 85' lang='lat' dir='ltr'><strong>singula</strong></span> <span class='ocrx_word' id='word_1_669' title='bbox 2435 4537 2810 4604; x_wconf 90' lang='lat' dir='ltr'><strong>traderentur,</strong></span> <span class='ocrx_word' id='word_1_670' title='bbox 2851 4551 3075 4608; x_wconf 86' lang='lat' dir='ltr'><strong>peregre</strong></span> <span class='ocrx_word' id='word_1_671' title='bbox 3131 4538 3278 4595; x_wconf 83' lang='lat' dir='ltr'><strong>exire</strong></span> <span class='ocrx_word' id='word_1_672' title='bbox 3318 4549 3373 4594; x_wconf 92' lang='lat' dir='ltr'><strong>et</strong></span> <span class='ocrx_word' id='word_1_673' title='bbox 3410 4539 3780 4610; x_wconf 86' lang='lat' dir='ltr'><strong>impressionis</strong></span> 
     </span>
    </p>
   </div>
   <div class='ocr_carea' id='block_1_92' title="bbox 476 4626 2081 4701">
    <p class='ocr_par' dir='ltr' id='par_1_92' title="bbox 476 4626 2081 4701">
     <span class='ocr_line' id='line_1_92' title="bbox 476 4626 2081 4701; baseline 0.001 -20"><span class='ocrx_word' id='word_1_674' title='bbox 476 4626 750 4682; x_wconf 80' lang='lat' dir='ltr'><strong>fidentium</strong></span> <span class='ocrx_word' id='word_1_675' title='bbox 784 4629 962 4695; x_wconf 90' lang='lat' dir='ltr'><strong>nullis,</strong></span> <span class='ocrx_word' id='word_1_676' title='bbox 985 4639 1146 4700; x_wconf 90' lang='lat' dir='ltr'><strong>atque</strong></span> <span class='ocrx_word' id='word_1_677' title='bbox 1173 4631 1384 4686; x_wconf 87' lang='lat' dir='ltr'><strong>indiciis</strong></span> <span class='ocrx_word' id='word_1_678' title='bbox 1417 4630 1847 4701; x_wconf 89' lang='lat' dir='ltr'><strong>quibuscumque</strong></span> <span class='ocrx_word' id='word_1_679' title='bbox 1871 4631 2081 4685; x_wconf 87' lang='lat' dir='ltr'><strong>tutiori-</strong></span> 
     </span>
    </p>
   </div>
   <div class='ocr_carea' id='block_1_93' title="bbox 474 4719 2080 4791">
    <p class='ocr_par' dir='ltr' id='par_1_93' title="bbox 474 4719 2080 4791">
     <span class='ocr_line' id='line_1_93' title="bbox 474 4719 2080 4791; baseline 0 -17"><span class='ocrx_word' id='word_1_680' title='bbox 474 4719 581 4774; x_wconf 88' lang='lat' dir='ltr'><strong>bus</strong></span> <span class='ocrx_word' id='word_1_681' title='bbox 612 4721 665 4775; x_wconf 92' lang='lat' dir='ltr'><strong>in</strong></span> <span class='ocrx_word' id='word_1_682' title='bbox 695 4729 969 4790; x_wconf 90' lang='lat' dir='ltr'><strong>posterum</strong></span> <span class='ocrx_word' id='word_1_683' title='bbox 1011 4721 1421 4777; x_wconf 90' lang='lat' dir='ltr'><strong>valedicendum</strong></span> <span class='ocrx_word' id='word_1_684' title='bbox 1462 4734 1476 4775; x_wconf 91' lang='lat'><strong>:</strong></span> <span class='ocrx_word' id='word_1_685' title='bbox 1512 4736 1687 4791; x_wconf 90' lang='lat' dir='ltr'><strong>neque</strong></span> <span class='ocrx_word' id='word_1_686' title='bbox 1722 4721 1865 4776; x_wconf 88' lang='lat' dir='ltr'><strong>enim</strong></span> <span class='ocrx_word' id='word_1_687' title='bbox 1907 4721 1972 4775; x_wconf 90' lang='lat' dir='ltr'><strong>ad</strong></span> <span class='ocrx_word' id='word_1_688' title='bbox 2000 4722 2080 4791; x_wconf 87' lang='lat' dir='ltr'><strong>ip-</strong></span> 
     </span>
    </p>
   </div>
   <div class='ocr_carea' id='block_1_94' title="bbox 473 4815 2078 4885">
    <p class='ocr_par' dir='ltr' id='par_1_94' title="bbox 473 4815 2078 4885">
     <span class='ocr_line' id='line_1_94' title="bbox 473 4815 2078 4885; baseline 0.003 -18"><span class='ocrx_word' id='word_1_689' title='bbox 473 4826 596 4869; x_wconf 90' lang='lat' dir='ltr'><strong>sum</strong></span> <span class='ocrx_word' id='word_1_690' title='bbox 617 4815 883 4883; x_wconf 90' lang='lat' dir='ltr'><strong>codicem,</strong></span> <span class='ocrx_word' id='word_1_691' title='bbox 914 4816 998 4871; x_wconf 90' lang='lat' dir='ltr'><strong>vel</strong></span> <span class='ocrx_word' id='word_1_692' title='bbox 1025 4815 1093 4871; x_wconf 92' lang='lat' dir='ltr'><strong>ad</strong></span> <span class='ocrx_word' id='word_1_693' title='bbox 1130 4816 1248 4885; x_wconf 89' lang='lat' dir='ltr'><strong>ejus</strong></span> <span class='ocrx_word' id='word_1_694' title='bbox 1277 4831 1662 4872; x_wconf 86' lang='lat' dir='ltr'><strong>amanuensem</strong></span> <span class='ocrx_word' id='word_1_695' title='bbox 1685 4832 1745 4871; x_wconf 90' lang='lat' dir='ltr'><strong>ea</strong></span> <span class='ocrx_word' id='word_1_696' title='bbox 1769 4816 2078 4872; x_wconf 78' lang='lat' dir='ltr'><strong>referuntur</strong></span> 
     </span>
    </p>
   </div>
   <div class='ocr_carea' id='block_1_95' title="bbox 471 4907 2077 4979">
    <p class='ocr_par' dir='ltr' id='par_1_95' title="bbox 471 4907 2077 4979">
     <span class='ocr_line' id='line_1_95' title="bbox 471 4907 2077 4979; baseline 0.002 -19"><span class='ocrx_word' id='word_1_697' title='bbox 471 4907 660 4974; x_wconf 86' lang='lat' dir='ltr'><strong>verba,</strong></span> <span class='ocrx_word' id='word_1_698' title='bbox 699 4908 794 4963; x_wconf 88' lang='lat' dir='ltr'><strong>sed</strong></span> <span class='ocrx_word' id='word_1_699' title='bbox 833 4918 892 4963; x_wconf 88' lang='lat' dir='ltr'><strong>ut</strong></span> <span class='ocrx_word' id='word_1_700' title='bbox 929 4923 960 4964; x_wconf 94' lang='lat' dir='ltr'><strong>e</strong></span> <span class='ocrx_word' id='word_1_701' title='bbox 1002 4909 1122 4964; x_wconf 92' lang='lat' dir='ltr'><strong>loco</strong></span> <span class='ocrx_word' id='word_1_702' title='bbox 1169 4917 1226 4965; x_wconf 90' lang='lat' dir='ltr'><strong>et</strong></span> <span class='ocrx_word' id='word_1_703' title='bbox 1254 4909 1415 4963; x_wconf 90' lang='lat' dir='ltr'><strong>modo</strong></span> <span class='ocrx_word' id='word_1_704' title='bbox 1444 4923 1664 4979; x_wconf 88' lang='lat' dir='ltr'><strong>prorsus</strong></span> <span class='ocrx_word' id='word_1_705' title='bbox 1692 4917 1924 4971; x_wconf 86' lang='lat' dir='ltr'><strong>constat,</strong></span> <span class='ocrx_word' id='word_1_706' title='bbox 1964 4909 2077 4964; x_wconf 87' lang='lat' dir='ltr'><strong>sive</strong></span> 
     </span>
    </p>
   </div>
   <div class='ocr_carea' id='block_1_96' title="bbox 471 4999 2075 5074">
    <p class='ocr_par' dir='ltr' id='par_1_96' title="bbox 471 4999 2075 5074">
     <span class='ocr_line' id='line_1_96' title="bbox 471 4999 2075 5074; baseline 0.002 -21"><span class='ocrx_word' id='word_1_707' title='bbox 471 4999 634 5054; x_wconf 88' lang='lat' dir='ltr'><strong>Builii</strong></span> <span class='ocrx_word' id='word_1_708' title='bbox 656 5000 904 5068; x_wconf 84' lang='lat' dir='ltr'><strong>Abbatis,</strong></span> <span class='ocrx_word' id='word_1_709' title='bbox 935 5003 1056 5058; x_wconf 86' lang='lat' dir='ltr'><strong>sive</strong></span> <span class='ocrx_word' id='word_1_710' title='bbox 1085 5003 1245 5058; x_wconf 89' lang='lat' dir='ltr'><strong>otiosi</strong></span> <span class='ocrx_word' id='word_1_711' title='bbox 1285 5002 1583 5074; x_wconf 79' lang='lat' dir='ltr'><strong>cujuSpiam</strong></span> <span class='ocrx_word' id='word_1_712' title='bbox 1611 5002 1761 5056; x_wconf 91' lang='lat' dir='ltr'><strong>lusus</strong></span> <span class='ocrx_word' id='word_1_713' title='bbox 1791 5001 1884 5055; x_wconf 90' lang='lat' dir='ltr'><strong>fuit</strong></span> <span class='ocrx_word' id='word_1_714' title='bbox 1906 5017 2075 5056; x_wconf 89' lang='lat' dir='ltr'><strong>vacuo</strong></span> 
     </span>
    </p>
   </div>
   <div class='ocr_carea' id='block_1_97' title="bbox 471 5089 2074 5164">
    <p class='ocr_par' dir='ltr' id='par_1_97' title="bbox 471 5089 2074 5164">
     <span class='ocr_line' id='line_1_97' title="bbox 471 5089 2074 5164; baseline 0.004 -20"><span class='ocrx_word' id='word_1_715' title='bbox 471 5089 570 5145; x_wconf 89' lang='lat' dir='ltr'><strong>illo</strong></span> <span class='ocrx_word' id='word_1_716' title='bbox 594 5091 768 5159; x_wconf 90' lang='lat' dir='ltr'><strong>spatio</strong></span> <span class='ocrx_word' id='word_1_717' title='bbox 789 5093 1080 5160; x_wconf 89' lang='lat' dir='ltr'><strong>abutentis,</strong></span> <span class='ocrx_word' id='word_1_718' title='bbox 1104 5093 1247 5163; x_wconf 89' lang='lat' dir='ltr'><strong>quod</strong></span> <span class='ocrx_word' id='word_1_719' title='bbox 1271 5094 1323 5148; x_wconf 94' lang='lat' dir='ltr'><strong>in</strong></span> <span class='ocrx_word' id='word_1_720' title='bbox 1358 5094 1628 5164; x_wconf 89' lang='lat' dir='ltr'><strong>plerisque</strong></span> <span class='ocrx_word' id='word_1_721' title='bbox 1654 5096 1816 5149; x_wconf 87' lang='lat' dir='ltr'><strong>etiam</strong></span> <span class='ocrx_word' id='word_1_722' title='bbox 1846 5095 2074 5164; x_wconf 89' lang='lat' dir='ltr'><strong>impres-</strong></span> 
     </span>
    </p>
   </div>
   <div class='ocr_carea' id='block_1_98' title="bbox 469 5179 2074 5254">
    <p class='ocr_par' dir='ltr' id='par_1_98' title="bbox 469 5179 2074 5254">
     <span class='ocr_line' id='line_1_98' title="bbox 469 5179 2074 5254; baseline 0.003 -18"><span class='ocrx_word' id='word_1_723' title='bbox 469 5180 548 5236; x_wconf 87' lang='lat' dir='ltr'><strong>sis</strong></span> <span class='ocrx_word' id='word_1_724' title='bbox 570 5179 721 5235; x_wconf 90' lang='lat' dir='ltr'><strong>libris</strong></span> <span class='ocrx_word' id='word_1_725' title='bbox 749 5194 1035 5237; x_wconf 87' lang='lat' dir='ltr'><strong>occurrere</strong></span> <span class='ocrx_word' id='word_1_726' title='bbox 1077 5182 1367 5254; x_wconf 89' lang='lat' dir='ltr'><strong>aliquando</strong></span> <span class='ocrx_word' id='word_1_727' title='bbox 1394 5185 1554 5240; x_wconf 90' lang='lat' dir='ltr'><strong>solet.</strong></span> <span class='ocrx_word' id='word_1_728' title='bbox 1586 5185 1735 5240; x_wconf 90' lang='lat' dir='ltr'><strong>Alios</strong></span> <span class='ocrx_word' id='word_1_729' title='bbox 1762 5194 1950 5241; x_wconf 90' lang='lat' dir='ltr'><strong>contra</strong></span> <span class='ocrx_word' id='word_1_730' title='bbox 1975 5202 2074 5241; x_wconf 82' lang='lat' dir='ltr'><strong>au-</strong></span> 
     </span>
    </p>
   </div>
   <div class='ocr_carea' id='block_1_99' title="bbox 468 5270 2073 5343">
    <p class='ocr_par' dir='ltr' id='par_1_99' title="bbox 468 5270 2073 5343">
     <span class='ocr_line' id='line_1_99' title="bbox 468 5270 2073 5343; baseline 0.004 -17"><span class='ocrx_word' id='word_1_731' title='bbox 468 5270 602 5337; x_wconf 87' lang='lat' dir='ltr'><strong>divi,</strong></span> <span class='ocrx_word' id='word_1_732' title='bbox 633 5285 698 5326; x_wconf 93' lang='lat' dir='ltr'><strong>eo</strong></span> <span class='ocrx_word' id='word_1_733' title='bbox 723 5273 866 5342; x_wconf 90' lang='lat' dir='ltr'><strong>quod</strong></span> <span class='ocrx_word' id='word_1_734' title='bbox 903 5273 1169 5343; x_wconf 86' lang='lat' dir='ltr'><strong>nigrescat</strong></span> <span class='ocrx_word' id='word_1_735' title='bbox 1206 5274 1399 5329; x_wconf 88' lang='lat' dir='ltr'><strong>horum</strong></span> <span class='ocrx_word' id='word_1_736' title='bbox 1441 5277 1749 5341; x_wconf 79' lang='lat' dir='ltr'><strong>verborum,</strong></span> <span class='ocrx_word' id='word_1_737' title='bbox 1789 5275 1905 5332; x_wconf 85' lang='lat' dir='ltr'><strong>fere</strong></span> <span class='ocrx_word' id='word_1_738' title='bbox 1934 5286 1991 5332; x_wconf 92' lang='lat' dir='ltr'><strong>ut</strong></span> <span class='ocrx_word' id='word_1_739' title='bbox 2021 5279 2073 5332; x_wconf 92' lang='lat' dir='ltr'><strong>in</strong></span> 
     </span>
    </p>
   </div>
   <div class='ocr_carea' id='block_1_100' title="bbox 466 5360 2070 5434">
    <p class='ocr_par' dir='ltr' id='par_1_100' title="bbox 466 5360 2070 5434">
     <span class='ocr_line' id='line_1_100' title="bbox 466 5360 2070 5434; baseline 0.002 -16"><span class='ocrx_word' id='word_1_740' title='bbox 466 5360 752 5418; x_wconf 85' lang='lat' dir='ltr'><strong>hodiernis</strong></span> <span class='ocrx_word' id='word_1_741' title='bbox 811 5363 1112 5433; x_wconf 84' lang='lat' dir='ltr'><strong>scripturis,</strong></span> <span class='ocrx_word' id='word_1_742' title='bbox 1149 5373 1550 5434; x_wconf 89' lang='lat' dir='ltr'><strong>atramentum,</strong></span> <span class='ocrx_word' id='word_1_743' title='bbox 1603 5375 1849 5423; x_wconf 89' lang='lat' dir='ltr'><strong>recenter</strong></span> <span class='ocrx_word' id='word_1_744' title='bbox 1891 5367 2070 5423; x_wconf 90' lang='lat' dir='ltr'><strong>addita</strong></span> 
     </span>
    </p>
   </div>
   <div class='ocr_carea' id='block_1_101' title="bbox 466 5453 2075 5526">
    <p class='ocr_par' dir='ltr' id='par_1_101' title="bbox 466 5453 2075 5526">
     <span class='ocr_line' id='line_1_101' title="bbox 466 5453 2075 5526; baseline 0.006 -19"><span class='ocrx_word' id='word_1_745' title='bbox 466 5453 637 5510; x_wconf 76' lang='lat' dir='ltr'><strong>fuisse</strong></span> <span class='ocrx_word' id='word_1_746' title='bbox 657 5469 940 5526; x_wconf 88' lang='lat' dir='ltr'><strong>perperam</strong></span> <span class='ocrx_word' id='word_1_747' title='bbox 972 5456 1344 5512; x_wconf 83' lang='lat' dir='ltr'><strong>existimantes</strong></span> <span class='ocrx_word' id='word_1_748' title='bbox 1389 5475 1402 5512; x_wconf 91' lang='lat'><strong>:</strong></span> <span class='ocrx_word' id='word_1_749' title='bbox 1434 5459 1509 5514; x_wconf 91' lang='lat' dir='ltr'><strong>ita</strong></span> <span class='ocrx_word' id='word_1_750' title='bbox 1558 5460 1813 5516; x_wconf 87' lang='lat' dir='ltr'><strong>nimirum</strong></span> <span class='ocrx_word' id='word_1_751' title='bbox 1840 5463 1892 5516; x_wconf 92' lang='lat' dir='ltr'><strong>in</strong></span> <span class='ocrx_word' id='word_1_752' title='bbox 1921 5475 2075 5516; x_wconf 88' lang='lat' dir='ltr'><strong>erro-</strong></span> 
     </span>
    </p>
   </div>
   <div class='ocr_carea' id='block_1_102' title="bbox 468 5547 2071 5625">
    <p class='ocr_par' dir='ltr' id='par_1_102' title="bbox 468 5547 2071 5625">
     <span class='ocr_line' id='line_1_102' title="bbox 468 5547 2071 5625; baseline 0.006 -24"><span class='ocrx_word' id='word_1_753' title='bbox 468 5561 587 5602; x_wconf 88' lang='lat' dir='ltr'><strong>rem</strong></span> <span class='ocrx_word' id='word_1_754' title='bbox 611 5547 764 5616; x_wconf 92' lang='lat' dir='ltr'><strong>proni</strong></span> <span class='ocrx_word' id='word_1_755' title='bbox 787 5557 1048 5619; x_wconf 90' lang='lat' dir='ltr'><strong>perpetuo</strong></span> <span class='ocrx_word' id='word_1_756' title='bbox 1070 5558 1216 5617; x_wconf 89' lang='lat' dir='ltr'><strong>sunt,</strong></span> <span class='ocrx_word' id='word_1_757' title='bbox 1245 5549 1572 5622; x_wconf 89' lang='lat' dir='ltr'><strong>quicumque</strong></span> <span class='ocrx_word' id='word_1_758' title='bbox 1593 5568 1701 5608; x_wconf 93' lang='lat' dir='ltr'><strong>non</strong></span> <span class='ocrx_word' id='word_1_759' title='bbox 1730 5553 1909 5608; x_wconf 86' lang='lat' dir='ltr'><strong>omnia</strong></span> <span class='ocrx_word' id='word_1_760' title='bbox 1941 5569 2071 5625; x_wconf 91' lang='lat' dir='ltr'><strong>pen-</strong></span> 
     </span>
    </p>
   </div>
   <div class='ocr_carea' id='block_1_103' title="bbox 467 5639 2070 5715">
    <p class='ocr_par' dir='ltr' id='par_1_103' title="bbox 467 5639 2070 5715">
     <span class='ocr_line' id='line_1_103' title="bbox 467 5639 2070 5715; baseline 0.007 -22"><span class='ocrx_word' id='word_1_761' title='bbox 467 5639 653 5705; x_wconf 88' lang='lat' dir='ltr'><strong>sitant,</strong></span> <span class='ocrx_word' id='word_1_762' title='bbox 687 5647 743 5695; x_wconf 91' lang='lat' dir='ltr'><strong>et</strong></span> <span class='ocrx_word' id='word_1_763' title='bbox 779 5656 886 5696; x_wconf 92' lang='lat' dir='ltr'><strong>uno</strong></span> <span class='ocrx_word' id='word_1_764' title='bbox 916 5650 1124 5700; x_wconf 89' lang='lat' dir='ltr'><strong>tantum</strong></span> <span class='ocrx_word' id='word_1_765' title='bbox 1173 5651 1496 5715; x_wconf 86' lang='lat' dir='ltr'><strong>argumento</strong></span> <span class='ocrx_word' id='word_1_766' title='bbox 1523 5645 1668 5703; x_wconf 91' lang='lat' dir='ltr'><strong>ducti</strong></span> <span class='ocrx_word' id='word_1_767' title='bbox 1703 5647 1759 5703; x_wconf 89' lang='lat' dir='ltr'><strong>in</strong></span> <span class='ocrx_word' id='word_1_768' title='bbox 1785 5645 1870 5704; x_wconf 88' lang='lat' dir='ltr'><strong>bis</strong></span> <span class='ocrx_word' id='word_1_769' title='bbox 1907 5647 2070 5704; x_wconf 90' lang='lat' dir='ltr'><strong>rebus</strong></span> 
     </span>
    </p>
   </div>
   <div class='ocr_carea' id='block_1_104' title="bbox 468 5729 980 5802">
    <p class='ocr_par' dir='ltr' id='par_1_104' title="bbox 468 5729 980 5802">
     <span class='ocr_line' id='line_1_104' title="bbox 468 5729 980 5802; baseline 0.018 -20"><span class='ocrx_word' id='word_1_770' title='bbox 468 5729 733 5786; x_wconf 83' lang='lat' dir='ltr'><strong>calculum</strong></span> <span class='ocrx_word' id='word_1_771' title='bbox 755 5744 980 5802; x_wconf 90' lang='lat' dir='ltr'><strong>ponunt.</strong></span> 
     </span>
    </p>
   </div>
   <div class='ocr_carea' id='block_1_105' title="bbox 2184 4631 3777 4703">
    <p class='ocr_par' dir='ltr' id='par_1_105' title="bbox 2184 4631 3777 4703">
     <span class='ocr_line' id='line_1_105' title="bbox 2184 4631 3777 4703; baseline 0.003 -20"><span class='ocrx_word' id='word_1_772' title='bbox 2184 4638 2424 4700; x_wconf 90' lang='lat' dir='ltr'><strong>tempore</strong></span> <span class='ocrx_word' id='word_1_773' title='bbox 2451 4631 2661 4697; x_wconf 88' lang='lat' dir='ltr'><strong>abesse,</strong></span> <span class='ocrx_word' id='word_1_774' title='bbox 2687 4631 3069 4702; x_wconf 86' lang='lat' dir='ltr'><strong>autographas,</strong></span> <span class='ocrx_word' id='word_1_775' title='bbox 3092 4648 3225 4703; x_wconf 88' lang='lat' dir='ltr'><strong>quas</strong></span> <span class='ocrx_word' id='word_1_776' title='bbox 3245 4633 3498 4690; x_wconf 90' lang='lat' dir='ltr'><strong>dederam</strong></span> <span class='ocrx_word' id='word_1_777' title='bbox 3526 4634 3777 4701; x_wconf 88' lang='lat' dir='ltr'><strong>schedas,</strong></span> 
     </span>
    </p>
   </div>
   <div class='ocr_carea' id='block_1_106' title="bbox 2181 4721 3777 4796">
    <p class='ocr_par' dir='ltr' id='par_1_106' title="bbox 2181 4721 3777 4796">
     <span class='ocr_line' id='line_1_106' title="bbox 2181 4721 3777 4796; baseline 0.004 -22"><span class='ocrx_word' id='word_1_778' title='bbox 2181 4721 2272 4791; x_wconf 92' lang='lat' dir='ltr'><strong>qui</strong></span> <span class='ocrx_word' id='word_1_779' title='bbox 2319 4723 2500 4791; x_wconf 89' lang='lat' dir='ltr'><strong>operis</strong></span> <span class='ocrx_word' id='word_1_780' title='bbox 2558 4732 2614 4777; x_wconf 89' lang='lat' dir='ltr'><strong>et</strong></span> <span class='ocrx_word' id='word_1_781' title='bbox 2655 4723 3020 4779; x_wconf 87' lang='lat' dir='ltr'><strong>emendationi</strong></span> <span class='ocrx_word' id='word_1_782' title='bbox 3067 4737 3333 4795; x_wconf 67' lang='lat' dir='ltr'><strong>praeerant</strong></span> <span class='ocrx_word' id='word_1_783' title='bbox 3375 4726 3444 4781; x_wconf 88' lang='lat' dir='ltr'><strong>ob</strong></span> <span class='ocrx_word' id='word_1_784' title='bbox 3487 4726 3777 4796; x_wconf 81' lang='lat' dir='ltr'><strong>implexam</strong></span> 
     </span>
    </p>
   </div>
   <div class='ocr_carea' id='block_1_107' title="bbox 2182 4814 3773 4888">
    <p class='ocr_par' dir='ltr' id='par_1_107' title="bbox 2182 4814 3773 4888">
     <span class='ocr_line' id='line_1_107' title="bbox 2182 4814 3773 4888; baseline 0.003 -20"><span class='ocrx_word' id='word_1_785' title='bbox 2182 4814 2502 4883; x_wconf 86' lang='lat' dir='ltr'><strong>scripturam</strong></span> <span class='ocrx_word' id='word_1_786' title='bbox 2544 4829 2879 4886; x_wconf 88' lang='lat' dir='ltr'><strong>nequaquam</strong></span> <span class='ocrx_word' id='word_1_787' title='bbox 2911 4827 3262 4887; x_wconf 89' lang='lat' dir='ltr'><strong>assequentes</strong></span> <span class='ocrx_word' id='word_1_788' title='bbox 3283 4859 3296 4882; x_wconf 95' lang='lat'><strong>,</strong></span> <span class='ocrx_word' id='word_1_789' title='bbox 3334 4817 3580 4888; x_wconf 63' lang='lat' dir='ltr'><strong>quasdam</strong></span> <span class='ocrx_word' id='word_1_790' title='bbox 3612 4819 3773 4874; x_wconf 88' lang='lat' dir='ltr'><strong>omit-</strong></span> 
     </span>
    </p>
   </div>
   <div class='ocr_carea' id='block_1_108' title="bbox 2180 4905 3772 4978">
    <p class='ocr_par' dir='ltr' id='par_1_108' title="bbox 2180 4905 3772 4978">
     <span class='ocr_line' id='line_1_108' title="bbox 2180 4905 3772 4978; baseline 0.004 -18"><span class='ocrx_word' id='word_1_791' title='bbox 2180 4912 2296 4960; x_wconf 89' lang='lat' dir='ltr'><strong>tere</strong></span> <span class='ocrx_word' id='word_1_792' title='bbox 2329 4905 2502 4961; x_wconf 90' lang='lat' dir='ltr'><strong>coacti</strong></span> <span class='ocrx_word' id='word_1_793' title='bbox 2539 4918 2698 4972; x_wconf 89' lang='lat' dir='ltr'><strong>sunt,</strong></span> <span class='ocrx_word' id='word_1_794' title='bbox 2747 4907 2993 4978; x_wconf 58' lang='lat' dir='ltr'><strong>quaedam</strong></span> <span class='ocrx_word' id='word_1_795' title='bbox 3037 4908 3310 4978; x_wconf 90' lang='lat' dir='ltr'><strong>aliquanto</strong></span> <span class='ocrx_word' id='word_1_796' title='bbox 3360 4910 3672 4967; x_wconf 88' lang='lat' dir='ltr'><strong>immutare.</strong></span> <span class='ocrx_word' id='word_1_797' title='bbox 3715 4911 3772 4966; x_wconf 82' lang='lat' dir='ltr'><strong>id</strong></span> 
     </span>
    </p>
   </div>
   <div class='ocr_carea' id='block_1_109' title="bbox 2179 4998 3768 5074">
    <p class='ocr_par' dir='ltr' id='par_1_109' title="bbox 2179 4998 3768 5074">
     <span class='ocr_line' id='line_1_109' title="bbox 2179 4998 3768 5074; baseline 0.003 -22"><span class='ocrx_word' id='word_1_798' title='bbox 2179 5011 2313 5054; x_wconf 85' lang='lat' dir='ltr'><strong>vero</strong></span> <span class='ocrx_word' id='word_1_799' title='bbox 2352 4998 2564 5054; x_wconf 88' lang='lat' dir='ltr'><strong>etiamsi</strong></span> <span class='ocrx_word' id='word_1_800' title='bbox 2602 5013 2790 5068; x_wconf 89' lang='lat' dir='ltr'><strong>parum</strong></span> <span class='ocrx_word' id='word_1_801' title='bbox 2831 4999 3066 5064; x_wconf 88' lang='lat' dir='ltr'><strong>referat,</strong></span> <span class='ocrx_word' id='word_1_802' title='bbox 3099 5009 3226 5054; x_wconf 90' lang='lat' dir='ltr'><strong>sunt</strong></span> <span class='ocrx_word' id='word_1_803' title='bbox 3265 5001 3357 5070; x_wconf 90' lang='lat' dir='ltr'><strong>qui</strong></span> <span class='ocrx_word' id='word_1_804' title='bbox 3399 5015 3487 5056; x_wconf 90' lang='lat' dir='ltr'><strong>me</strong></span> <span class='ocrx_word' id='word_1_805' title='bbox 3522 5002 3768 5074; x_wconf 86' lang='lat' dir='ltr'><strong>adigant,</strong></span> 
     </span>
    </p>
   </div>
   <div class='ocr_carea' id='block_1_110' title="bbox 2181 5088 3770 5166">
    <p class='ocr_par' dir='ltr' id='par_1_110' title="bbox 2181 5088 3770 5166">
     <span class='ocr_line' id='line_1_110' title="bbox 2181 5088 3770 5166; baseline 0.004 -22"><span class='ocrx_word' id='word_1_806' title='bbox 2181 5098 2240 5144; x_wconf 91' lang='lat' dir='ltr'><strong>ut</strong></span> <span class='ocrx_word' id='word_1_807' title='bbox 2293 5105 2364 5145; x_wconf 83' lang='lat' dir='ltr'><strong>ex</strong></span> <span class='ocrx_word' id='word_1_808' title='bbox 2415 5088 2798 5161; x_wconf 71' lang='lat' dir='ltr'><strong>prmtermissis</strong></span> <span class='ocrx_word' id='word_1_809' title='bbox 2837 5099 2929 5144; x_wconf 87' lang='lat' dir='ltr'><strong>aut</strong></span> <span class='ocrx_word' id='word_1_810' title='bbox 2976 5090 3311 5160; x_wconf 85' lang='lat' dir='ltr'><strong>interpolatis</strong></span> <span class='ocrx_word' id='word_1_811' title='bbox 3361 5093 3448 5148; x_wconf 91' lang='lat' dir='ltr'><strong>hic</strong></span> <span class='ocrx_word' id='word_1_812' title='bbox 3485 5102 3770 5166; x_wconf 89' lang='lat' dir='ltr'><strong>sequentes</strong></span> 
     </span>
    </p>
   </div>
   <div class='ocr_carea' id='block_1_111' title="bbox 2181 5180 3099 5251">
    <p class='ocr_par' dir='ltr' id='par_1_111' title="bbox 2181 5180 3099 5251">
     <span class='ocr_line' id='line_1_111' title="bbox 2181 5180 3099 5251; baseline 0.001 -16"><span class='ocrx_word' id='word_1_813' title='bbox 2181 5180 2484 5236; x_wconf 81' lang='lat' dir='ltr'><strong>exhibeam.</strong></span> <span class='ocrx_word' id='word_1_814' title='bbox 2517 5180 2922 5249; x_wconf 87' lang='lat' dir='ltr'><strong>Adscripseram</strong></span> <span class='ocrx_word' id='word_1_815' title='bbox 2951 5195 3099 5251; x_wconf 88' lang='lat' dir='ltr'><strong>ergo.</strong></span> 
     </span>
    </p>
   </div>
   <div class='ocr_carea' id='block_1_112' title="bbox 2251 5316 3772 5393">
    <p class='ocr_par' dir='ltr' id='par_1_112' title="bbox 2251 5316 3772 5393">
     <span class='ocr_line' id='line_1_112' title="bbox 2251 5316 3772 5393; baseline 0.005 -21"><span class='ocrx_word' id='word_1_816' title='bbox 2251 5316 2367 5393; x_wconf 77' lang='lat' dir='ltr'><strong>col.</strong></span> <span class='ocrx_word' id='word_1_817' title='bbox 2416 5318 2516 5385; x_wconf 80' lang='grc'><strong>15,</strong></span> <span class='ocrx_word' id='word_1_818' title='bbox 2556 5318 2610 5393; x_wconf 55' lang='grc' dir='ltr'>ιτ</span> <span class='ocrx_word' id='word_1_819' title='bbox 2640 5316 2826 5393; x_wconf 83' lang='lat' dir='ltr'><strong>Priore</strong></span> <span class='ocrx_word' id='word_1_820' title='bbox 2851 5316 3195 5393; x_wconf 78' lang='lat' dir='ltr'><strong>_Veronensis</strong></span> <span class='ocrx_word' id='word_1_821' title='bbox 3252 5320 3376 5377; x_wconf 89' lang='lat' dir='ltr'><strong>libri</strong></span> <span class='ocrx_word' id='word_1_822' title='bbox 3418 5325 3772 5393; x_wconf 90' lang='lat' dir='ltr'><strong>quaternione</strong></span> 
     </span>
    </p>
   </div>
   <div class='ocr_carea' id='block_1_113' title="bbox 2178 5387 3772 5462">
    <p class='ocr_par' dir='ltr' id='par_1_113' title="bbox 2178 5387 3772 5462">
     <span class='ocr_line' id='line_1_113' title="bbox 2178 5387 3772 5462; baseline 0.006 -22"><span class='ocrx_word' id='word_1_823' title='bbox 2178 5387 2460 5462; x_wconf 64' lang='lat' dir='ltr'><strong>abscisso,</strong></span> <span class='ocrx_word' id='word_1_824' title='bbox 2498 5388 2819 5462; x_wconf 81' lang='lat' dir='ltr'><strong>variantium</strong></span> <span class='ocrx_word' id='word_1_825' title='bbox 2851 5387 3141 5444; x_wconf 90' lang='lat' dir='ltr'><strong>lectionum</strong></span> <span class='ocrx_word' id='word_1_826' title='bbox 3185 5393 3356 5462; x_wconf 90' lang='lat' dir='ltr'><strong>prima</strong></span> <span class='ocrx_word' id='word_1_827' title='bbox 3389 5387 3626 5449; x_wconf 78' lang='lat' dir='ltr'><strong>occurrit</strong></span> <span class='ocrx_word' id='word_1_828' title='bbox 3645 5406 3772 5450; x_wconf 83' lang='lat' dir='ltr'><strong>tenet</strong></span> 
     </span>
    </p>
   </div>
   <div class='ocr_carea' id='block_1_114' title="bbox 2179 5457 3769 5530">
    <p class='ocr_par' dir='ltr' id='par_1_114' title="bbox 2179 5457 3769 5530">
     <span class='ocr_line' id='line_1_114' title="bbox 2179 5457 3769 5530; baseline 0.005 -18"><span class='ocrx_word' id='word_1_829' title='bbox 2179 5473 2278 5528; x_wconf 87' lang='lat' dir='ltr'><strong>pro</strong></span> <span class='ocrx_word' id='word_1_830' title='bbox 2302 5459 2460 5512; x_wconf 84' lang='lat' dir='ltr'><strong>tenuit</strong></span> <span class='ocrx_word' id='word_1_831' title='bbox 2477 5475 2496 5523; x_wconf 85' lang='lat'><strong>;</strong></span> <span class='ocrx_word' id='word_1_832' title='bbox 2512 5470 2581 5530; x_wconf 16' lang='lat' dir='ltr'><strong>fut</strong></span> <span class='ocrx_word' id='word_1_833' title='bbox 2603 5457 2828 5530; x_wconf 88' lang='lat' dir='ltr'><strong>habetur</strong></span> <span class='ocrx_word' id='word_1_834' title='bbox 2852 5462 3011 5526; x_wconf 90' lang='lat' dir='ltr'><strong>paulo</strong></span> <span class='ocrx_word' id='word_1_835' title='bbox 3032 5472 3156 5516; x_wconf 89' lang='lat' dir='ltr'><strong>ante</strong></span> <span class='ocrx_word' id='word_1_836' title='bbox 3177 5457 3202 5519; x_wconf 62' lang='grc' dir='ltr'><strong>τ’</strong></span> <span class='ocrx_word' id='word_1_837' title='bbox 3225 5463 3452 5530; x_wconf 84' lang='lat' dir='ltr'><strong>Quartus</strong></span> <span class='ocrx_word' id='word_1_838' title='bbox 3511 5465 3640 5520; x_wconf 90' lang='lat' dir='ltr'><strong>liber</strong></span> <span class='ocrx_word' id='word_1_839' title='bbox 3669 5483 3769 5520; x_wconf 84' lang='lat' dir='ltr'><strong>au-</strong></span> 
     </span>
    </p>
   </div>
   <div class='ocr_carea' id='block_1_115' title="bbox 2176 5528 3769 5604">
    <p class='ocr_par' dir='ltr' id='par_1_115' title="bbox 2176 5528 3769 5604">
     <span class='ocr_line' id='line_1_115' title="bbox 2176 5528 3769 5604; baseline 0.006 -21"><span class='ocrx_word' id='word_1_840' title='bbox 2176 5530 2422 5604; x_wconf 76' lang='lat' dir='ltr'><strong>spicrttur.</strong></span> <span class='ocrx_word' id='word_1_841' title='bbox 2462 5529 2546 5583; x_wconf 86' lang='lat' dir='ltr'><strong>Ab</strong></span> <span class='ocrx_word' id='word_1_842' title='bbox 2578 5530 2643 5583; x_wconf 91' lang='lat' dir='ltr'><strong>iis</strong></span> <span class='ocrx_word' id='word_1_843' title='bbox 2681 5528 2859 5584; x_wconf 91' lang='lat' dir='ltr'><strong>verbis</strong></span> <span class='ocrx_word' id='word_1_844' title='bbox 2903 5531 3003 5585; x_wconf 91' lang='lat' dir='ltr'><strong>sub</strong></span> <span class='ocrx_word' id='word_1_845' title='bbox 3037 5532 3196 5588; x_wconf 91' lang='lat' dir='ltr'><strong>linem</strong></span> <span class='ocrx_word' id='word_1_846' title='bbox 3229 5528 3542 5604; x_wconf 75' lang='lat' dir='ltr'><strong>paragraphi</strong></span> <span class='ocrx_word' id='word_1_847' title='bbox 3572 5538 3769 5593; x_wconf 89' lang='lat' dir='ltr'><strong>decimi</strong></span> 
     </span>
    </p>
   </div>
   <div class='ocr_carea' id='block_1_116' title="bbox 2177 5601 3282 5672">
    <p class='ocr_par' dir='ltr' id='par_1_116' title="bbox 2177 5601 3282 5672">
     <span class='ocr_line' id='line_1_116' title="bbox 2177 5601 3282 5672; baseline 0.003 -20"><span class='ocrx_word' id='word_1_848' title='bbox 2177 5615 2209 5652; x_wconf 92' lang='lat' dir='ltr'><strong>a</strong></span> <span class='ocrx_word' id='word_1_849' title='bbox 2236 5601 2475 5672; x_wconf 28' lang='lat' dir='ltr'><strong>suis‘nou</strong></span> <span class='ocrx_word' id='word_1_850' title='bbox 2496 5608 2754 5672; x_wconf 78' lang='lat' dir='ltr'><strong>receptum</strong></span> <span class='ocrx_word' id='word_1_851' title='bbox 2785 5617 2926 5656; x_wconf 91' lang='lat' dir='ltr'><strong>nunc</strong></span> <span class='ocrx_word' id='word_1_852' title='bbox 2951 5619 3051 5658; x_wconf 91' lang='lat' dir='ltr'><strong>tns.</strong></span> <span class='ocrx_word' id='word_1_853' title='bbox 3079 5604 3282 5672; x_wconf 88' lang='lat' dir='ltr'><strong>incipit.</strong></span> 
     </span>
    </p>
   </div>
   <div class='ocr_carea' id='block_1_117' title="bbox 2247 5668 3768 5746">
    <p class='ocr_par' dir='ltr' id='par_1_117' title="bbox 2247 5668 3768 5746">
     <span class='ocr_line' id='line_1_117' title="bbox 2247 5668 3768 5746; baseline 0.007 -22"><span class='ocrx_word' id='word_1_854' title='bbox 2247 5668 2308 5724; x_wconf 88' lang='lat' dir='ltr'><strong>C.</strong></span> <span class='ocrx_word' id='word_1_855' title='bbox 2346 5670 2428 5734; x_wconf 83' lang='lat' dir='ltr'><strong>l7,</strong></span> <span class='ocrx_word' id='word_1_856' title='bbox 2455 5671 2511 5725; x_wconf 76' lang='grc'><strong>2.</strong></span> <span class='ocrx_word' id='word_1_857' title='bbox 2547 5670 2661 5746; x_wconf 76' lang='lat' dir='ltr'><strong>Pice</strong></span> <span class='ocrx_word' id='word_1_858' title='bbox 2689 5671 2937 5727; x_wconf 74' lang='lat' dir='ltr'><strong>doctrinae</strong></span> <span class='ocrx_word' id='word_1_859' title='bbox 2957 5674 3011 5729; x_wconf 90' lang='lat' dir='ltr'><strong>in</strong></span> <span class='ocrx_word' id='word_1_860' title='bbox 3040 5668 3242 5746; x_wconf 79' lang='lat' dir='ltr'><strong>textum</strong></span> <span class='ocrx_word' id='word_1_861' title='bbox 3267 5688 3610 5746; x_wconf 88' lang='lat' dir='ltr'><strong>receperam,</strong></span> <span class='ocrx_word' id='word_1_862' title='bbox 3638 5681 3768 5735; x_wconf 82' lang='lat' dir='ltr'><strong>sub-</strong></span> 
     </span>
    </p>
   </div>
   <div class='ocr_carea' id='block_1_118' title="bbox 2176 5743 3766 5811">
    <p class='ocr_par' dir='ltr' id='par_1_118' title="bbox 2176 5743 3766 5811">
     <span class='ocr_line' id='line_1_118' title="bbox 2176 5743 3766 5811; baseline 0.004 -14"><span class='ocrx_word' id='word_1_863' title='bbox 2176 5751 2260 5797; x_wconf 88' lang='lat' dir='ltr'><strong>ttts</strong></span> <span class='ocrx_word' id='word_1_864' title='bbox 2293 5757 2515 5800; x_wconf 86' lang='lat' dir='ltr'><strong>monens</strong></span> <span class='ocrx_word' id='word_1_865' title='bbox 2548 5759 2560 5796; x_wconf 85' lang='lat'><strong>:</strong></span> <span class='ocrx_word' id='word_1_866' title='bbox 2591 5743 2664 5798; x_wconf 89' lang='lat' dir='ltr'><strong>ita</strong></span> <span class='ocrx_word' id='word_1_867' title='bbox 2702 5759 2801 5800; x_wconf 85' lang='lat' dir='ltr'><strong>ms.</strong></span> <span class='ocrx_word' id='word_1_868' title='bbox 2845 5755 3042 5811; x_wconf 84' lang='lat' dir='ltr'><strong>noster,</strong></span> <span class='ocrx_word' id='word_1_869' title='bbox 3069 5744 3157 5798; x_wconf 86' lang='lat' dir='ltr'><strong>ubi</strong></span> <span class='ocrx_word' id='word_1_870' title='bbox 3193 5743 3248 5799; x_wconf 84' lang='lat' dir='ltr'><strong>in</strong></span> <span class='ocrx_word' id='word_1_871' title='bbox 3276 5743 3521 5806; x_wconf 75' lang='lat' dir='ltr'><strong>anteriori</strong></span> <span class='ocrx_word' id='word_1_872' title='bbox 3547 5751 3766 5807; x_wconf 85' lang='lat' dir='ltr'><strong>editione</strong></span> 
     </span>
    </p>
   </div>
  </div>
