3920 6214
156 284 220 343 tx
1619 283 2011 342 PR/EFATIO.
3378 287 3424 344 Χ

159 402 314 471 pietati
336 402 599 468 doctrina,
626 419 681 457 ιι.
708 402 765 470 6,
792 401 1122 466 divinitatem,
1157 399 1287 456 nihil
1315 399 1517 455 addens
1545 416 1559 465 ;
1590 415 1643 454 n.
1667 399 1722 465 7,
1755 403 1802 460 Λ
1903 397 1965 471 (ξ.
1991 399 2082 466 27,
2113 400 2165 454 '5.
2202 399 2257 454 1n
2275 397 2498 471 judicio.

158 475 205 526 in
228 474 452 528 anteriori
475 484 650 527 natum
677 485 726 530 et
753 491 816 528 ea:
844 473 968 528 Deo.

221 541 276 597 (Ζ.
309 545 389 610 19,
429 545 478 598 1.
526 545 692 600 Liber
721 556 903 600 noster
933 564 944 598 :
987 561 1186 600 necesse
1223 553 1297 597 est
1330 545 1384 597 in
1413 543 1726 614 professione

156 613 367 668 absoluta
396 617 702 670 adversandi
731 617 987 671 calumnia
1014 617 1261 670 videatur.
1290 613 1578 684 Aliquanto
1605 631 1720 671 tne-

160 684 253 741 lius
279 702 423 755 quam
456 689 508 741 in
565 687 876 743 Erasmiana
931 689 1208 742 (ceterisve
1249 703 1261 740 :
1301 697 1348 741 et
1383 695 1539 741 cesset
1568 729 1582 752 ,
1616 695 1717 742 etc.

160 755 327 821 Plane,
357 767 410 811 ut
435 763 648 829 opinor,
679 761 1026 814 restituemus
1055 758 1250 822 locum,
1283 759 1327 813 si
1361 758 1596 828 legamus
1628 775 1641 810 :
1671 768 1724 812 at

157 843 339 881 necesse
358 839 444 889 est.
468 840 593 895 etc.,
618 831 874 884 calumnia
901 841 1154 884 caveatur.

223 897 284 952 C.
300 899 361 952 21
377 941 389 961 ,
406 901 451 952 1.
467 900 520 954 In
536 901 787 955 anteriori
813 915 909 968 pro
925 903 1081 964 abeo,
1101 899 1293 970 utlegit
1313 899 1569 954 Erasmus
1589 915 1722 970 quo-

161 983 280 1041 que,
300 970 572 1041 habebatur
598 981 684 1024 aut
705 971 858 1036 illud,
879 972 1018 1041 quod
1043 972 1324 1026 sententia:
1349 987 1452 1024 non
1473 973 1716 1039 quadrat.

227 1039 281 1094 C.
309 1040 401 1106 52,
431 1042 481 1096 7.
518 1043 857 1113 Quaecumque
882 1039 1028 1096 habet
1060 1042 1218 1096 Pater
1247 1041 1384 1096 dedit
1412 1041 1549 1096 Filio
1582 1059 1600 1096 :
1621 1058 1713 1098 ex-

160 1107 389 1165 hibentur
412 1114 570 1167 verba
603 1114 716 1168 haec
747 1107 799 1168 iii
827 1114 1015 1177 editis,
1048 1113 1143 1168 sed
1170 1114 1221 1168 in
1264 1128 1368 1166 ms.
1400 1124 1585 1168 nostro
1613 1130 1717 1169 non

158 1192 422 1253 apparent,
455 1200 555 1239 nec
581 1185 721 1240 unde
749 1194 898 1238 eruta
931 1184 1127 1238 iuerint
1153 1185 1390 1253 reperire
1419 1193 1522 1239 est.

219 1250 274 1306 C.
300 1251 382 1320 54,
404 1253 453 1309 9.
490 1255 731 1309 Manibus
747 1257 854 1309 lino
875 1257 1150 1325 occupatis,
1179 1250 1386 1323 pedibus
1408 1256 1528 1310 limo
1550 1256 1718 1311 oblitis

151 1321 197 1375 in
228 1330 412 1399 textum
441 1326 768 1382 admiserant
799 1345 811 1381 :
843 1335 898 1380 at
925 1321 1144 1399 ignarus»
1165 1321 1302 1399 inter
1325 1327 1598 1383 variantes
1631 1345 1718 1384 re-

148 1395 433 1449 censebant.
945 1395 963 1399 ⁷
1282 1396 1289 1405 ’

173 1463 263 1545 HC.
288 1467 387 1529 35,
418 1469 474 1524 5.
513 1467 842 1545 Veronensis
871 1470 1005 1545 liber
1038 1489 1050 1523 :
1093 1479 1137 1523 et
1164 1479 1324 1524 sumet
1356 1469 1553 1545 sibimet
1579 1471 1716 1539 quod

145 1534 340 1610 liberum
375 1549 446 1591 est
490 1557 502 1593 :
547 1555 668 1594 nam
714 1541 760 1595 si
797 1543 1018 1596 verbum
1067 1556 1096 1595 a
1143 1550 1386 1610 tempore
1433 1534 1712 1607 liberatur,

144 1607 337 1682 videtur
358 1612 615 1679 consequi
651 1623 987 1681 sumpturum
1023 1612 1122 1666 sibi
1163 1607 1303 1682 quod
1330 1611 1556 1666 liberum
1585 1625 1666 1667 est
1694 1656 1708 1680 ,

143 1675 235 1758 hoc
279 1690 354 1758 est
399 1675 601 1758 nemini
648 1675 1357 1758 obtemperaturttm._'Quod
1406 1675 1714 1758 Statim_di'-

143 1747 294 1825 luitnr
318 1751 555 1819 Apestoli
588 1754 768 1808 verbis
797 1747 1095 1823 subjunctis
1121 1797 1134 1819 ,
1166 1747 1421 1825 itemque,
1452 1755 1704 1825 quoniam

140 1821 222 1886 qui
243 1821 370 1874 abest
393 1839 423 1875 a
454 1834 680 1891 tempore
707 1841 808 1878 non
835 1821 972 1879 abest
1001 1832 1063 1879 att
1089 1821 1330 1880 auctoref
1349 1825 1419 1879 Ita
1453 1824 1548 1878 ills.
1583 1841 1707 1880 nos-

140 1896 229 1953 181⁵.
265 1891 344 1965 ulti
371 1899 613 1965 anterior
652 1896 817 1950 editio
838 1938 852 1959 ,
886 1897 972 1965 qui
1001 1899 1136 1951 abest
1166 1915 1197 1949 a
1235 1897 1535 1964 cognitionis
1576 1909 1700 1949 tem-

140 1975 262 2036 por_e.
279 1961 522 2036 _H_abetur
543 1967 703 2020 etiam
730 1968 779 2020 in
807 1961 992 2022 codice
1021 1985 1188 2034 erans,
1207 1961 1323 2022 loco
1349 1974 1436 2022 τοῦ
1459 1969 1548 2036 qui
1574 1979 1701 2021 erat.

197 2031 253 2085 C.
279 2033 344 2088 59
365 2075 378 2098 ,
404 2038 455 2089 1.
495 2036 687 2092 Odiosa
713 2039 1043 2093 inscrueram
1070 2031 1256 2101 textui,
1281 2039 1352 2092 ita
1389 2031 1706 2107 praeferente

139 2115 249 2184 ms?
275 2115 326 2158 et
349 2107 473 2174 quia
495 2109 658 2184 otiosa
681 2108 923 2184 profecto
951 2125 1054 2164 non
1078 2120 1194 2184 erat
1217 2109 1566 2164 lraudnlentia
1597 2110 1706 2163 lue-

139 2180 408 2250 retjcorum
423 2180 668 2250 undique
693 2181 1237 2250 circumstrepentium.

196 2243 251 2299 C.
279 2247 380 2314 59,
413 2248 466 2302 1.
502 2243 810 2320 Adjecimns
845 2267 876 2304 e
904 2243 1038 2306 libro
1075 2259 1260 2307 oestro
1298 2269 1310 2304 :
1355 2251 1515 2306 habet
1545 2251 1706 2306 Eras-

137 2328 241 2390 mus
266 2333 492 2390 quoque,
525 2337 541 2375 ι
567 2325 692 2377 tior.
719 2337 809 2388 xv,
835 2323 903 2378 8:
933 2324 1066 2378 visus
1092 2333 1162 2378 est
1187 2333 1232 2376 et
1263 2324 1405 2377 mihi.

195 2388 249 2439 C.
278 2388 462 2453 65,2.
499 2391 759 2446 Salutaris
786 2395 878 2447 tui.

197 2456 252 2510 (Ι.
277 2460 392 2534 165,
421 2462 489 2534 2.,
512 2460 656 2516 Deus
685 2464 1006 2528 addidimus,
1041 2479 1140 2519 nec
1159 2479 1223 2518 ex
1249 2466 1559 2534 conjectura
1587 2474 1704 2519 tan-

135 2534 251 2608 tum,
267 2532 352 2586 sed
370 2533 578 2588 codicis
599 2535 768 2588 nostri
784 2535 1104 2608 auctoritate
1124 2537 1336 2591 caeteris
1355 2532 1700 2599 'vetustioris;

134 2598 180 2651 in
200 2598 374 2675 ﬁrmet)
406 2614 561 2658 textu
583 2621 798 2675 quoque
825 2607 850 2662 ὁ
874 2608 1093 2668 arseius;
1121 2609 1250 2667 θεὸς.

281 2674 396 2738 169,
433 2676 489 2728 1.
524 2670 791 2752 ξεέανὲνε
816 2695 1137 2752 synagogam
1165 2695 1183 2731 :
1217 2681 1266 2731 in
1306 2677 1407 2732 hoc
1437 2677 1703 2752 siquidem

131 2739 293 2798 codice
337 2755 478 2799 caret
534 2745 748 2818 Patrem
773 2791 787 2815 ,
842 2739 1035 2803 'carEat
1092 2750 1373 2814 virtutem;
1431 2739 1516 2803 ad.
1564 2752 1706 2818 psal-

134 2825 258 2865 mum
303 2832 416 2870 thn
471 2816 809 2872 substantiam
851 2837 951 2874 non
1001 2819 1280 2885 carebunt;
1309 2837 1340 2874 e
1391 2816 1700 2876 Grmcorum

132 2894 236 2967 usu,
271 2886 402 2967 apud
431 2903 572 2967 quos
597 2894 649 2945 τί
673 2891 913 2967 ibo-rapat;
943 2890 1131 2946 Latine
1164 2907 1377 2962 quoque
1403 2891 1623 2947 Plautus
1652 2894 1702 2946 in

134 2952 269 3008 Core.
298 2952 349 3011 id
377 2952 520 3025 quod
551 2977 689 3024 amo,
713 2952 878 3016 careo.

195 3026 254 3104 ς.
274 3029 405 3104 eis,
435 3031 498 3104 2.
527 3032 695 3104 Abest
733 3043 973 3088 cateruam
999 3049 1027 3088 a
1062 3041 1245 3088 nostro
1266 3047 1498 3104 quoque.

189 3095 243 3151 C.
269 3095 398 3165 216,
431 3100 629 3155 Christi
659 3105 910 3159 secundis
934 3105 1098 3159 curis.

191 3167 496 3245 251,1.
540 3173 730 3245 Omnis
786 3175 1058 3244 plenitudo
1107 3174 1424 3241 divinitatis,
1477 3183 1580 3230 πᾶν
1642 3178 1773 3245 τὸο

133 3238 370 3360 τᾶᾉήρῳμ.
386 3243 479 3298 Sic
493 3255 545 3299 et
569 3242 703 3299 infra
724 3264 736 3298 :
756 3238 918 3300 oinnis
945 3263 1060 3301 vero
1082 3238 1419 3317 corporaliter
1440 3249 1701 3317 plenitudo

165 3323 400 3360 immtatis-

165 3323 400 3368 trinitatis.

192 3381 394 3456 11.271,
439 3387 497 3440 5.
548 3385 612 3440 In
643 3404 721 3442 eo.
753 3387 959 3443 Exinde
1004 3387 1285 3456 inreligiosi
1331 3388 1567 3452 unionis;
1608 3389 1696 3444 tibi

136 3452 410 3520 conjectura
432 3459 994 3514 tirmaturdomiSsiuii
1016 3452 1241 3515 editoris
1268 3458 1599 3515 Benedictini
1629 3460 1698 3514 ad

137 3537 181 3602 ii.
201 3525 276 3602 .56
314 3528 429 3602 libri
453 3531 632 3602 octavi
657 3529 998 3602 susiiieantis,
1025 3530 1239 3602 unionis
1270 3530 1697 3602 nomenmascu-

137 3591 426 3674 liuigetieris
454 3600 660 3654 Ililario
684 3591 862 3656 fuisse.
897 3591 1146 3670 Ejusdem
1171 3601 1391 3674 generis
1412 3600 1508 3674 fuit
1532 3601 1580 3654 id
1602 3617 1699 3655 no-

135 3666 428 3740 utiuis‘apnd
460 3686 655 3725 Otones
687 3686 807 3725 cum
833 3666 1244 3740 pro'margarita
1271 3671 1567 3725 adhibitum
1591 3683 1693 3726 est.

156 3736 244 3870 lic.
266 3738 385 3807 281,
416 3741 472 3796 5.
503 3740 758 3812 cherret.
789 3736 922 3797 Aliis
949 3736 1112 3799 etiam
1143 3743 1196 3796 iu
1221 3743 1353 3798 locis
1382 3746 1574 3815 ecferre
1601 3759 1698 3813 pro

192 3824 304 3861 me.

135 3820 304 3861 ellerre.

190 3876 242 3952 (ᾇ,
270 3881 391 3950 296,
422 3885 481 3938 5.
519 3882 821 3938 Mandando
861 3899 956 3952 pro
988 3885 1257 3938 manendo.

136 4016 147 4027 ο
269 3953 389 4027 585,
424 3956 480 4009 1.
518 3954 640 4008 Prw
669 3957 939 4026 participes
974 3967 1106 4010 tuos.
1139 3953 1196 4008 lu
1239 3956 1409 4011 altero
1440 3964 1697 4012 tractatus

136 4019 178 4095 in
204 4019 431 4095 Psalmos
449 4019 1056 4095 complectente'codice
1097 4044 1109 4080 :
1141 4035 1249 4095 prie
1274 4038 1531 4081 consortes
1562 4038 1691 4081 tuos.

135 4090 552 4174 Altini-indversuin
581 4090 670 4174 est
693 4099 1052 4174 a_nobis_,__sub
1080 4090 1238 4174 linem
1269 4099 1603 4174 prmiatiottis
1628 4100 1696 4154 ad

133 4160 425 4240 llassiodorii
451 4169 874 4240 Complexiones
895 4168 1183 4223 Florentiae
1212 4160 1475 4238 volgatas,
1511 4170 1563 4222 in
1591 4168 1694 4222 hu-

131 4236 331 4298 justnodi
370 4236 736 4294 barbariSmos
778 4239 1024 4294 indoctos
1067 4236 1424 4294 amanuenses
1451 4255 1515 4294 ex
1544 4255 1695 4294 com-

135 4308 284 4360 munis
319 4308 588 4363 sermonis
617 4311 1006 4365 consuetudine
1043 4311 1328 4379 aliquando
1364 4311 1693 4376 incurrisse;

135 4387 425 4451 quapropter
443 4380 900 4436 Trimalchionem
920 4381 1178 4446 etsocios,
1201 4392 1254 4434 ιιι
1270 4381 1428 4435 etiam
1444 4397 1471 4434 a
1489 4382 1695 4451 plebeia

135 4442 374 4523 locutione
392 4453 676 4506 ridiculum
696 4461 1008 4522 aucupetur,
1026 4453 1094 4507 ita
1110 4442 1531 4523 sermocinanlés
1544 4452 1697 4506 indu-

135 4517 473 4594 citl’etrpnitis
490 4523 706 4578 Arbiter
725 4541 737 4576 :
755 4517 943 4576 scimus
957 4533 1002 4576 te
1021 4538 1128 4594 prce
1145 4523 1338 4577 litteras
1356 4522 1554 4592 fatuum
1567 4539 1693 4577 esse.

191 4588 246 4642 (Σ.
274 4590 396 4658 420,
428 4594 482 4648 ϐ.
513 4595 614 4647 nisi
634 4605 700 4648 ea:
718 4605 931 4660 utroque
949 4588 1198 4648 consistit.

192 4660 243 4734 t‘.
268 4661 367 4717 MO
392 4705 405 4728 ,
438 4666 492 4718 1.
522 4664 684 4718 Solus
719 4665 801 4718 hic
827 4666 996 4733 itaque
1029 4683 1040 4717 :
1071 4679 1243 4733 neque
1284 4664 1421 4718 ultra
1455 4664 1700 4734 procedit

137 4727 424 4802 Capitularis
463 4736 638 4791 codex
683 4727 952 4802 postrema
991 4727 1174 4790 charta
1213 4727 1528 4789 diminutas.
1558 4735 1699 4789 Nihil

137 4800 298 4878 attinet
316 4820 556 4874 monere,
579 4800 738 4878 verba
763 4807 1006 4876 quaedam
1022 4806 1143 4878 addi
1169 4806 1476 4878 aliquando,
1493 4815 1547 4859 et
1571 4805 1699 4860 sul)-

136 4874 236 4948 jici,
263 4890 480 4948 quorum
521 4877 654 4930 mihi
702 4874 805 4948 non
843 4886 926 4931 est
953 4877 1066 4932 laus
1096 4874 1388 4948 inroganda
1418 4917 1432 4940 ,
1483 4878 1696 4930 varian-

137 4947 299 5006 tesque
321 4947 522 5017 aliquas
551 4949 604 5001 in
636 4947 924 5018 diligentia:
956 4948 1114 5002 [idem
1145 4947 1409 5012 exhiberi,
1442 4963 1573 5017 quas
1599 4963 1698 5016 ego

137 5017 508 5072 transmiseram
547 5037 558 5071 :
588 5019 751 5090 veluti
795 5035 979 5088 genum
1011 5034 1107 5088 pro
1135 5035 1298 5090 genu,
1327 5035 1523 5088 precem
1562 5020 1699 5089 eguit

137 5094 219 5158 pro
241 5102 377 5152 prece
397 5090 553 5158 eguit,
581 5088 757 5145 saltim
789 5103 884 5156 pro
909 5091 1087 5143 saltem
1120 5088 1145 5144 ξ
1167 5091 1414 5143 similiter
1443 5088 1660 5158 profane
1679 5132 1694 5155 ,

144 5152 215 5205 tibi
241 5165 376 5212 recte
399 5152 448 5213 iii
475 5160 636 5214 editis
667 5152 918 5230 profante,
950 5165 1055 5230 far,
1087 5160 1174 5213 tibi
1210 5152 1453 5214 triticum'
1480 5152 1697 5229 in'fari-l

141 5238 240 5276 nam
275 5230 651 5285 comminutum
675 5271 691 5296 ,
727 5231 887 5301 ﬁgens
911 5271 926 5291 .
976 5234 1062 5284 tibi
1104 5231 1303 5300 ﬁngens
1326 5273 1342 5297 ,
1387 5247 1543 5300 neque
1567 5272 1581 5295 ,
1610 5231 1700 5284 ubi

141 5308 292 5365 nempe
313 5339 326 5360 ,
356 5303 670 5372 exteriorque
692 5343 706 5365 ,
743 5303 831 5355 ubi
875 5303 1064 5372 eritque
1091 5343 1105 5367 ,
1146 5317 1299 5354 crura
1330 5301 1539 5354 vulnera
1564 5342 1576 5364 ,
1610 5301 1698 5355 tibi

140 5375 247 5442 erat
255 5371 424 5442 cruda.
456 5371 622 5426 Multo
649 5374 825 5427 minus
855 5373 1114 5426 variatum
1141 5383 1222 5426 est
1245 5373 1388 5426 circa
1415 5373 1696 5426 ’l‘raCtatus

140 5437 191 5513 itt_
221 5437 485 5508 Psalmos,
532 5445 798 5513 praecipue
836 5443 928 5498 ubi
958 5443 1156 5511 aliquid
1203 5442 1513 5496 addideram
1538 5483 1553 5507 ,
1605 5452 1698 5497 aut

138 5505 605 5587 aduotaramgcmn
637 5505 854 5568 niiidior
879 5529 1000 5570 esse
1027 5505 1344 5587 a'utographi
1373 5505 1697 5584 exemplaris

141 5583 393 5649 scriptura.
427 5583 554 5638 llzec
580 5593 758 5639 tamen
790 5595 913 5639 sunt
938 5584 1156 5640 omissa.

274 5651 362 5726 21,
386 5654 870 5726 6.A_be5t6azlestis,
891 5663 950 5709 ut
974 5658 1134 5710 etiam
1158 5671 1186 5710 a
1206 5655 1409 5711 Graecis
1435 5657 1694 5726 pluribus.

196 5720 249 5796 l2.
275 5721 362 5796 26,
389 5724 444 5778 »1.
476 5723 598 5780 Νοη
623 5720 1250 5796 mutilenturmliquanto
1275 5720 1466 5784 melior
1498 5729 1656 5785 lectio
1687 5770 1700 5796 ,

142 5790 217 5842 sed
237 5794 405 5851 adhuc
432 5797 696 5853 mutilata.

1901 468 1963 525 C.
1994 472 2097 537 39,
2127 471 2181 524 2.
2221 471 2276 524 In
2307 470 2403 524 Ms.
2421 472 2515 538 jus
2537 469 2816 536 libertatis;
2839 468 3035 525 exinde
3059 478 3285 524 artatum
3327 478 3426 527 est.

1828 539 1960 596 Cum
1991 543 2009 594 i
2037 543 2211 597 littera
2236 551 2433 611 puncto
2475 544 2815 612 superposito
2843 557 3175 611 nequaquam
3207 556 3236 594 a
3265 541 3429 612 libra-

1830 613 1925 666 riis
1949 613 2409 684 distingueretur,
2444 611 2690 682 ambigua
2713 627 2955 684 persmpe
2981 621 3097 667 erat
3119 612 3298 684 lcetio.
3332 611 3425 666 Vis

1826 699 1886 736 ac
1915 692 2134 752 potestas
2179 699 2285 738 non
2307 683 2538 757 deluere
2564 687 2652 757 qui
2680 683 2880 754 pariter
2918 683 3178 757 legerent,
3210 683 3300 738 ubi
3331 686 3424 757 jus

1782 769 1786 774 ‘
1827 770 1888 807 ac
1932 766 2154 823 potestas
2215 755 2548 822 scripserunt
2585 754 3000 810 'JnriSConsulti.
3053 754 3189 809 Hinc
3243 754 3422 809 utrum

1825 823 2203 898 Liutprandum
2234 827 2531 898 scribamus
2558 867 2573 892 ,
2614 842 2678 880 an
2711 825 3089 898 Luitpgandum
3130 827 3418 898 nescimus.

1896 895 1959 951 CL
1998 897 2088 962 10,
2122 898 2176 952 6.
2222 895 2606 951 Convertimini.
2649 898 2833 953 Codex
2878 895 3214 951 Psalmorum
3259 895 3426 951 Vero-

1825 969 2007 1022 nensis
2031 967 2259 1036 Capituli
2291 970 2790 1039 priestantissimns,
2818 969 3201 1021 convertamini.

1896 1042 1954 1094 C.
1989 1040 2080 1104 61,
2117 1041 2166 1094 1.
2199 1040 2255 1094 In
2287 1038 2540 1094 anteriori
2573 1041 2843 1106 editione,
2873 1039 3104 1108 quotiens
3126 1039 3215 1104 qui
3245 1038 3422 1092 titulos

1824 1110 2028 1164 habent.
2061 1111 2325 1166 Cancrum
2357 1111 2480 1165 huic
2513 1113 2683 1166 codici
2712 1110 2955 1165 solemne
2983 1118 3065 1164 est
3094 1111 3420 1180 quotiensque

1825 1181 2087 1253 exhibere
2115 1198 2210 1253 pro
2233 1184 2660 1250 quotiescumque.

1897 1252 1958 1306 C.
2011 1251 2188 1318 68,74.
2224 1253 2278 1307 In
2327 1271 2428 1308 ins.
2460 1254 2660 1308 civitate
2698 1269 2870 1306 eversa
2912 1268 2931 1306 :
2969 1252 3193 1320 primam
3231 1251 3422 1307 dictio-

1823 1339 1944 1378 nem
1995 1325 2296 1394 respuimus
2319 1367 2332 1390 ,
2375 1325 2664 1378 secundam
2698 1324 3115 1392 amplectimur;
3159 1325 3228 1377 ita
3252 1322 3415 1392 paulo

1819 1404 1944 1448 ante
1975 1411 2197 1449 eversam
2237 1395 2453 1465 pra'fert
2497 1396 2652 1450 liber.
2697 1396 2912 1450 lieetam
2948 1394 3032 1448 hic
3082 1394 3415 1449 Benedictini

1821 1466 2043 1536 editoris
2092 1467 2379 1522 lectionem
2428 1468 2695 1536 captivitas
2737 1466 2980 1534 apetlitur
3010 1467 3293 1519 conlirmat
3321 1479 3412 1518 co-

1817 1535 1951 1600 dex;
1994 1554 2022 1590 a
2082 1537 2272 1592 Grarco
2327 1539 2472 1592 enim
2523 1539 2688 1591 verbo
2731 1547 2834 1601 est,
2891 1536 3113 1598 ἀπέλλω,
3143 1536 3362 1589 excludo
3389 1577 3404 1601 ,

1817 1609 2032 1678 rejicio;
2069 1608 2313 1677 quamvis
2336 1621 2610 1663 auctorem
2641 1608 2870 1661 alterum
2901 1649 2914 1671 ,
2945 1607 3041 1678 qui
3065 1607 3256 1661 Latine
3285 1621 3413 1661 usus

1817 1677 1919 1743 sit,
1959 1696 2062 1733 non
2101 1681 2436 1734 meminerim
2465 1698 2476 1732 :
2511 1679 2649 1733 haud
2675 1679 2899 1734 feliciter
2927 1677 3290 1748 conjecerant,
3318 1679 3414 1748 qui

1817 1750 2111 1820 appellatur
2135 1751 2545 1805 Substituebant.

1881 1819 1944 1876 Ο.
1973 1821 2063 1885 68,
2097 1823 2150 1876 5.
2195 1821 2438 1876 Psalmus
2468 1821 2636 1874 David
2664 1835 2802 1882 sint,
2840 1828 2900 1873 ut
2939 1819 3248 1874 scribebant
3274 1828 3412 1874 vete-

1811 1906 1919 1964 res,
1951 1909 2053 1964 non
2073 1892 2314 1947 Psalmus
2344 1892 2563 1964 xtv.|Sic
2584 1893 2716 1946 intra
2744 1909 2756 1945 :
2785 1891 2988 1962 erplicit
3008 1889 3247 1946 Psalmus
3267 1905 3402 1958 xnn,

1809 1963 1988 2032 incipit
2016 1963 2254 2018 Psalmus
2280 1981 2351 2018 ιι.

1879 2033 1940 2087 C.
1977 2036 2066 2101 75,
2099 2037 2152 2092 5.
2186 2037 2303 2089 Atia
2338 2051 2432 2106 pro
2471 2038 2577 2090 alta
2605 2033 2945 2105 reposuimus
2975 2050 3044 2090 ex
3087 2033 3273 2090 codice
3296 2073 3312 2099 ,
3353 2041 3411 2089 et

1809 2119 1873 2159 ex
1903 2107 2192 2160 verborum
2215 2116 2492 2162 contextu.

1881 2179 1940 2252 _C_.
1973 2178 2150 2252 ’Ζῶ-5.
2196 2179 2345 2244 Quod
2373 2195 2464 2252 per
2491 2177 2757 2248 superiora
2787 2179 3090 2248 conﬁrmat,
3142 2175 3406 2249 PrOpheta

1809 2247 2021 2310 subiecit
2050 2249 2240 2303 dicens.

1880 2317 1940 2373 C.
1977 2319 2064 2374 78.
2104 2321 2152 2374 1.
2188 2319 2253 2374 In
2284 2321 2437 2389 ﬁnem
2461 2321 2745 2375 intellectus
2775 2321 2855 2375 illi
2889 2319 3054 2374 David
3076 2361 3092 2386 ,
3126 2337 3240 2373 cum
3272 2319 3403 2373 venit

1810 2386 1949 2445 Doec
1976 2389 2239 2445 Idunueus
2257 2386 2347 2457 ,ἐι
2376 2393 2692 2445 adnuntiavit
2721 2393 2871 2453 Saul,
2894 2403 2938 2446 et
2969 2393 3098 2446 dixit
3127 2392 3174 2444 ei
3202 2408 3220 2445 :
3256 2389 3406 2444 Venit

1812 2459 1978 2514 David
2005 2464 2058 2515 iu
2083 2465 2288 2515 domum
2314 2463 2623 2518 Abimelecli.
2656 2462 2969 2518 Abimelech
2997 2471 3310 2516 constanter
3349 2464 3402 2515 in

1810 2531 1951 2586 libro
1975 2541 2158 2588 nostro
2183 2537 2489 2598 veterrima,
2522 2536 2866 2603 Septuaginta
2913 2535 3109 2602 pariter
3125 2531 3399 2604 ῘΑϐιμέλεχ

1809 2605 2096 2671 scripsere.
2140 2605 2431 2659 llebraicus
2461 2602 2636 2660 textus
2659 2604 2979 2657 Achimetech
3008 2620 3026 2656 :
3051 2602 3205 2670 cujus
3226 2602 3402 2655 divei-l

1807 2673 1985 2729 sitatis
2006 2675 2143 2746 ratio
2183 2686 2265 2729 est
2289 2718 2302 2740 ,
2332 2678 2471 2746 quod
2516 2679 2566 2729 in
2607 2677 2841 2738 antiquis
2871 2675 3218 2746 Hebraeorum
3249 2672 3402 2746 libris

1809 2745 2135 2817 nomen,hoc
2173 2762 2278 2802 non
2304 2743 2629 2802 scriberetur
2658 2761 2753 2817 per
2780 2746 2896 2800 heth
2916 2787 2929 2809 ,
2952 2761 3048 2800 seu
3076 2745 3222 2797 cheth
3252 2743 3400 2798 dica-

1808 2830 1961 2901 mus,
1990 2793 2201 2901 tuine:
2232 2828 2286 2873 ut
2316 2820 2369 2899 iu
2402 2793 2811 2901 recentioribus,
2845 2793 2936 2901 sed
2968 2831 3063 2901 per
3085 2817 3253 2887 capti;
3280 2831 3399 2901 quia

1809 2885 2186 2943 littera'Dcum
2219 2891 2504 2944 maximam
2539 2890 2731 2942 habeat
2759 2885 3159 2942 similitudinem
3183 2902 3303 2944 cum
3339 2893 3400 2951 ἒ,

1811 2954 2061 3029 facillima
2092 2959 2189 3014 fuit
2235 2975 2420 3014 earum
2467 2961 2837 3014 commntutio.
2895 2959 3008 3013 Hoc
3043 2968 3218 3011 autem
3253 2969 3403 3029 certo

1807 3027 2047 3098 comperi
2071 3047 2101 3086 e
2121 3033 2290 3086 veteri
2317 3033 2549 3086 Auctore
2572 3031 2826 3085 Breviarii
2853 3031 2903 3084 in
2929 3030 3172 3084 Psalmos
3198 3030 3260 3082 1).
3288 3027 3404 3082 llic-

1808 3113 2036 3169 ronymo
2066 3103 2193 3157 olim
2243 3102 2536 3169 adscripti,
2584 3102 2662 3156 sic
2706 3101 2849 3156 enim
2892 3102 2957 3154 ad
2991 3102 3131 3153 hunc
3177 3100 3400 3153 locum:

1809 3167 1876 3224 In
1906 3167 2202 3242 Regnorum
2231 3175 2379 3240 libro,
2416 3167 2463 3227 et
2489 3167 2540 3226 in
2569 3173 2680 3244 ipso
2713 3171 2965 3226 lleb-raico
3003 3169 3398 3244 I’salterioAbi-

1807 3239 2003 3314 inelecli
2017 3246 2262 3313 scriptum
2284 3256 2392 3309 est;
2415 3245 2504 3298 sed
2515 3239 2752 3314 quoniam
2777 3244 2899 3298 belli
2920 3253 2965 3296 et
2983 3243 3119 3308 caph
3136 3242 3275 3310 apud
3295 3239 3403 3314 lle-

1803 3311 1966 3386 brceos
1985 3311 2166 3370 litteris
2193 3316 2392 3370 modico
2420 3311 2561 3386 apice
2582 3315 2986 3385 distinguuntur,
3013 3313 3126 3365 ideo
3151 3327 3294 3364 error
3320 3313 3400 3382 [a-

1803 3384 1958 3438 cilius
1988 3388 2230 3456 obrepsit.

1873 3455 1934 3526 C.
1979 3450 2191 3522 107,4.
2248 3457 2448 3512 Prmter
2472 3473 2532 3511 ea
2564 3471 2684 3526 qua-
2709 3455 3026 3517 atteruntur,
3050 3450 3399 3526 addideram‘:

1811 3522 2035 3579 Verbum
2065 3529 2253 3584 habent
2281 3527 2525 3582 Sedulius
2564 3522 2624 3580 ac
2660 3525 3029 3581 Tertulliauus.
3077 3523 3146 3579 Ut
3185 3522 3268 3576 hic
3296 3523 3404 3576 sal-

1799 3596 1952 3668 giﬁca
2007 3614 2102 3667 pro
2153 3600 2348 3652 salvum
2393 3616 2472 3652 nte
2527 3603 2643 3668 fac,
2692 3599 2763 3652 ita
2799 3597 2924 3651 alibi
2969 3596 3209 3668 luci/irai,
3246 3603 3300 3647 et
3346 3594 3398 3648 in

1800 3665 2128 3740 Psal.cxt.v,
2155 3670 2282 3740 legit
2309 3665 2541 3725 Hilarius
2565 3669 2813 3723 Dominus
2844 3666 3398 3740 sapienti/icat__cw_cos,

1801 3737 1889 3792 ubi
1918 3739 2138 3810 Vulgata
2159 3735 2436 3795 illuminat.
2471 3741 2766 3796 Hodiernus
2799 3735 3058 3806 lectiones
3087 3746 3144 3810 et
3173 3736 3236 3810 D_.
3273 3735 3400 3810 llic-

1800 3805 2522 3878 ronymi'ememlationibus
2562 3813 2860 3866 accessisse
2885 3851 2898 3873 ,
2940 3810 3056 3863 illas
3097 3807 3166 3860 ab
3217 3805 3400 3861 ltalica

1799 3882 2050 3953 versione
2080 3883 2337 3938 Hilarium
2368 3885 2680 3953 arripuisse,
2709 3885 2794 3936 vix
2822 3881 3113 3953 ambigam.

1875 3950 1997 4018 127,
2032 3955 2085 4008 1.
2120 3955 2402 4010 'l‘ractatus
2440 3950 2494 4009 in
2527 3955 2671 4009 hunc
2703 3963 2862 4022 atque
2894 3953 2946 4005 in
2983 3951 3401 4022 subsequentem

1801 4019 1938 4076 liber
1965 4035 2148 4079 noster
2175 4041 2280 4079 non
2310 4026 2504 4090 habet,
2541 4027 2632 4080 sed
2665 4025 2730 4078 ad
2763 4019 3118 4093 praecedentis
3147 4021 3352 4076 calcem
3384 4036 3398 4073 :

1799 4094 2272 4168 exp_licit__Psaliiius
2302 4112 2433 4164 LIIII,
2462 4094 2886 4168 incipitPsalmus
2914 4109 3038 4149 LVII.

1871 4164 1934 4218 (ἶ.
1960 4165 2087 4233 152,
2123 4169 2172 4221 in
2201 4167 2256 4234 2,
2288 4164 2626 4222 inmutantur.

1875 4237 1998 4301 155,
2040 4240 2090 4292 1.
2116 4248 2161 4293 et
2179 4233 2378 4307 paravit
2408 4256 2550 4300 eum,
2585 4249 2632 4292 et
2670 4240 2722 4292 in
2753 4254 2812 4292 eo
2835 4236 3054 4300 paravit,
3090 4233 3249 4302 plane
3277 4248 3398 4288 cum

1800 4314 2088 4381 graecouai
2113 4312 2388 4381 ἡτοίμασεν
2418 4312 2545 4381 agito
2563 4347 2590 4372 ,η
2608 4313 2695 4366 καὶ
2724 4312 2775 4364 ἐν
2802 4308 3264 4381 αὐτῷ-ἡτοίμᾳᾳςν.

1871 4379 1934 4433 C.
1974 4378 2103 4442 247,
2127 4381 2181 4433 2.
2225 4375 2324 4450 quo
2368 4380 2622 4434 aZabulo
2661 4375 3012 4433 tentuturflta
3052 4375 3306 4450 si:_ribit_ur
3333 4375 3400 4450 in

1800 4453 2012 4526 codice,
2045 4459 2210 4521 atque
2237 4444 2307 4526 ita
2331 4451 2799 4526 passinioccnrrit
2830 4451 2879 4526 iu
2910 4462 3068 4526 mss."
3083 4444 3282 4526 Zaboli.
3307 4445 3400 4526 de-

1803 4523 2097 4578 bellatorem
2122 4517 2348 4591 praefert
2367 4522 2508 4576 idem
2540 4521 2677 4575 liber
2705 4520 2810 4591 sub
2849 4518 3006 4591 linem
3037 4517 3316 4572 Sermonis
3347 4517 3398 4570 in

1724 4571 1778 4631 D
1803 4571 2956 4662 iga:'ait:iungentis...12.5.1.
2987 4571 3317 4662 ροιεειαιειη,
3345 4597 3400 4662 ..

1800 4675 2082 4720 tentaretur
2105 4682 2135 4717 a
2151 4663 2368 4730 Zabulo,
2389 4659 2614 4733 legimus
2643 4666 2692 4716 in
2711 4662 2895 4733 Iljlarii
2915 4661 3323 4733 _Cor_iiiiteittur_io
3345 4659 3398 4733 in

1798 4736 1986 4790 Matth.
2031 4737 2172 4804 apud
2219 4729 2525 4804 Erasinnin,
2557 4732 2700 4804 Guil.
2731 4729 2874 4787 Cave
2895 4731 2963 4785 de
2984 4731 3205 4804 _Script.
3247 4729 3396 4783 Eccl.

1801 4807 1858 4862 in
1885 4802 2277 4860 Cominodiano
2306 4803 2558 4868 Zabulus,
2591 4803 2822 4858 Zacoues
2850 4819 2946 4871 pro
2973 4802 3257 4864 Diacones,
3298 4815 3398 4852 vo-

1801 4875 1996 4932 cabula
2019 4884 2167 4944 putat
2188 4876 2436 4930 Alrorum
2463 4876 2673 4944 propria
2701 4893 2714 4927 ε
2758 4875 2852 4928 sed
2885 4889 3072 4927 revera
3106 4886 3204 4925 nec
3232 4884 3398 4944 voca-

1802 4949 1923 5002 bula
1959 4942 2073 5000 huic
2098 4959 2225 5001 sunt
2258 4942 2505 5012 diversa,
2541 4942 2640 5000 nec
2669 4947 2878 5014 longius
2906 4945 3145 5014 derivata
3170 4958 3184 5006 ;
3224 4942 3318 4997 sed
3345 4956 3402 4997 ut

1801 5019 1876 5074 ita
1902 5017 2187 5087 aliquando
2229 5019 2626 5080 scriberentur,
2658 5013 2910 5087 mollities
2943 5013 3189 5084 quaedam
3220 5015 3402 5087 prela:-

1805 5089 1966 5142 tionis
1991 5085 2186 5150 ellecit,
2219 5104 2378 5158 quam
2405 5092 2454 5142 in
2495 5087 2769 5142 hodiernis
2801 5085 3007 5142 Graécis
3039 5086 3395 5158 animadverti

1803 5161 2003 5229 saepius
2034 5164 2063 5225 ζ
2090 5174 2188 5228 pro
2211 5155 2249 5215 δ“
2280 5159 2683 5214 cnnntiantibus
2707 5202 2721 5226 ,
2765 5170 2816 5212 et
2840 5159 2924 5222 ζιά
2953 5172 3053 5226 pro
3085 5155 3187 5213 διά.
3227 5155 3397 5229 Quam

1803 5227 1982 5285 autem
2024 5227 2350 5298 abi-antiquo
2379 5230 2447 5285 iis
2477 5229 2774 5284 obtinuerit
2820 5244 3004 5292 sonus,
3039 5241 3250 5282 veteres
3278 5227 3400 5281 libri

1806 5299 2351 5375 testantur_Zabutuni
2375 5316 2540 5375 suspe,
2574 5300 2901 5375 dividimus,
2933 5302 3277 5375 priuis-[entes
3304 5315 3318 5362 ;
3347 5305 3404 5375 et

1803 5372 1939 5428 mire
1965 5371 2246 5426 confirmat
2276 5369 2526 5436 Photius,
2557 5373 2644 5427 ubi
2673 5372 3054 5426 animadvertit
3106 5369 3400 5423 Philostoi-

1802 5446 1948 5512 gium
1982 5445 2036 5498 in
2067 5443 2448 5498 Ecclesiaslica
2495 5443 2731 5498 Historia
2772 5441 3106 5496 Nadiauduni
3148 5438 3398 5512 proftV‘a-

1801 5509 1982 5569 gittan
2026 5516 2348 5584 scripsisse:
2393 5513 2665 5572 Ναδιανδὸν
2703 5514 2757 5571 δὲ
2785 5517 2874 5569 καὶ
2900 5512 3174 5576 Ναζιανζὸν
3218 5509 3398 5572 ἐξωνο-

1806 5592 2120 5722 μαξῗέῦδ,
2159 5657 2215 5711 4.
2257 5657 2435 5712 Locus
2475 5657 2625 5711 Isaia:
2678 5655 2985 5724 respicitur
3015 5665 3142 5724 uiti,
3189 5650 3253 5713 5,
3305 5665 3400 5718 pro

1806 5730 1952 5783 nobis
1982 5720 2140 5793 dolet,
2163 5739 2208 5782 et
2240 5745 2331 5782 nos
2356 5729 2720 5793 (estimavimus
2744 5720 2860 5777 eum
2880 5727 2933 5778 in
2953 5720 3214 5775 doloribus
3235 5735 3363 5776 esse.

1880 5799 1922 5851 (Σ
1968 5797 2096 5865 236,
2125 5789 2177 5856 5.
2209 5801 2262 5850 in
2290 5797 2462 5864 (Italis,
2488 5805 2546 5848 ut
2578 5797 2628 5848 iii
2655 5789 2865 5849 Graeco.
