3920 6214
493 311 560 368 XI
1816 303 2070 363 MAFFEI
2110 295 2448 362 EDlTlONlS

555 429 618 482 C.
649 427 776 493 285,
807 429 854 484 ι.
887 429 1036 483 Nihil
1057 429 1138 482 hic
1159 427 1542 480 adnotaveram.

555 499 620 556 (Ξ.
649 499 775 561 39.9,
810 501 862 556 1.
897 501 1079 555 Oleum
1097 497 1444 552 exultationis.

557 568 621 626 C.
653 570 778 637 ⁸567,
808 570 866 626 5.
901 569 1110 624 lnlicita
1136 577 1227 624 est.

557 643 618 697 (ἶ.
651 641 776 706 585,
804 640 858 697 5.
895 640 1186 710 Expetitur.

554 713 619 767 C.
651 701 778 776 595,
801 713 857 766 2.
895 701 1142 766 Mannum
1171 710 1500 780 matutinum,
1535 707 1694 780 paulo
1727 701 1864 763 infra
1888 706 2074 780 (ἐφίεσ-

487 794 584 838 tem
623 799 900 850 munitam:
930 789 1000 837 ita
1046 783 1282 837 Hilarius
1323 778 1609 848 Pascham,
1643 791 1772 846 etc.,
1819 791 1876 834 ut
1916 778 2075 834 Eras-

487 869 607 910 mus
630 853 1010 908 animadvertit
1039 856 1088 908 iu
1120 853 1454 921 praefatione.
1521 919 1524 921 Α
1558 859 1565 918 ζ

559 925 619 980 C.
647 923 776 991 400,
809 927 861 979 6.
903 925 959 980 lu
993 941 1092 979 ms.
1123 918 1311 990 iniqui,
1341 933 1399 977 ut
1421 925 1472 978 in
1497 919 1740 981 Romano
1759 918 2024 976 Ps:ilterio
2057 935 2072 974 :

489 1012 591 1052 nec
614 997 722 1052 alio
769 1013 934 1051 sensu
989 996 1352 1068 Hieronymus
1393 1006 1780 1068 persequutores
1829 991 2072 1056 sceletis,

491 1069 540 1121 id
571 1076 673 1128 est.
717 1068 957 1137 scelesti;
1004 1083 1126 1122 nam
1151 1067 1206 1120 et
1231 1067 1449 1120 Plautus
1485 1067 1674 1137 ﬂagitii
1703 1071 2076 1135 persequentem

489 1139 622 1194 dixit
653 1154 746 1208 pro
766 1136 949 1208 ﬂagitii
977 1147 1242 1208 amatore,
1263 1153 1359 1192 seu
1383 1136 1665 1206 ﬂagitiose.
1827 1202 1830 1208 ἱ

557 1208 620 1264 C.
649 1205 778 1273 L450,
811 1205 864 1264 δῖ
905 1209 964 1263 In
992 1205 1248 1264 anteriori
1270 1205 1504 1264 editione
1526 1219 1641 1262 erat
1683 1205 1885 1269 mentis,
1916 1221 2078 1274 quam

491 1279 784 1336 dictionem
816 1279 1128 1335 Erasmiana
1163 1295 1270 1334 non
1302 1279 1482 1344 habet,
1507 1295 1607 1334 nec
1639 1279 1772 1333 liber
1801 1286 2004 1332 uoster.

557 1353 616 1406 C.
651 1353 774 1418 517,
806 1353 856 1406 1.
902 1351 996 1406 llic
1025 1351 1126 1405 loci
1151 1351 1350 1406 deserit
1396 1365 1495 1405 nos
1525 1349 1626 1404 sub
1667 1359 1745 1404 tot
1773 1349 2076 1403 seculorum

489 1423 726 1493 pondere
763 1421 1022 1477 fatiscens
1048 1423 1251 1489 codex,
1298 1421 1586 1491 postremis
1618 1419 1822 1476 chartis
1858 1433 2080 1491 prorsus

490 1495 668 1550 exesis
689 1503 779 1548 aut
806 1495 1004 1549 misere
1033 1493 1341 1564 discerptis.

567 1603 726 1680 Exegi
748 1602 1115 1664 monimentum
1139 1607 1277 1680 febre
1301 1607 1585 1676 molestius,
1606 1609 1658 1662 in
1679 1607 1796 1678 ipso
1810 1605 2081 1662 scribendi

491 1711 624 1755 a‘sm
671 1701 860 1756 subtus
899 1695 1244 1766 addiderant,
1281 1701 1631 1760 Horatianum
1662 1717 1876 1756 versum
1919 1695 2083 1772 paulo

3675 267 3774 358 xu

2099 422 2152 483 Α
2177 422 2228 474 in
2259 435 2358 476 ms.
2395 420 2592 491 legitur
2616 437 2629 474 :
2653 420 3054 475 Anuumteterni
3075 429 3121 474 et
3147 418 3278 473 beati
3297 415 3438 472 illius
3473 417 3641 473 seculi
3665 415 3770 470 sine

2170 514 2330 570 dubio
2367 515 2595 569 declarat
2617 552 2636 582 ,
2677 515 2798 585 quia
2830 513 3068 568 bonitatis
3103 510 3311 567 Dontini
3345 511 3425 566 hic
3460 526 3628 565 annus
3668 517 3764 562 est.

2181 605 2357 678 Hujus
2383 605 2511 660 anni
2544 604 2856 659 benedicitur
2882 620 3099 670 corona,
3127 604 3332 658 visitata
3359 603 3492 656 enim
3517 610 3658 657 term
3676 599 3770 671 ῥαι-

2176 697 2520 752 cundissimus
2569 711 2732 751 annus
2787 705 2834 750 et
2887 697 3224 750 suavissimus
3271 695 3401 760 erit;
3450 694 3559 748 huic
3631 693 3767 746 enim

2180 787 2369 844 Christi
2416 798 2489 842 est
2541 796 2786 860 potestate
2834 788 3064 842 victoria.
3125 785 3291 858 Magis
3343 795 3768 842 consentaneum

2177 891 2265 937 est
2307 922 2321 946 ,
2392 881 2648 935 Hilarium
2707 880 2882 950 ipsum
2937 879 3010 935 ita
3065 879 3314 951 primitus
3388 879 3771 943 elucubrasse,

2178 973 2376 1030 deinde
2404 975 2618 1029 auxisse
2643 973 2798 1030 novis
2826 973 2993 1040 curis,
3027 981 3080 1027 et
3107 975 3159 1027 in
3196 971 3510 1042 ampliorem
3542 969 3767 1024 formam

2181 1066 2470 1139 redegisse.
2503 1057 2664 1122 Forte
2689 1065 2976 1122 SCI‘IIIOHBS
3006 1062 3072 1120 ad
3106 1065 3356 1136 populum
3385 1062 3660 1118 habendos
3693 1063 3765 1118 ita

2183 1165 2330 1233 prius
2356 1162 2617 1226 exaravit,
2649 1175 2787 1231 quos
2813 1159 3012 1215 exinde
3039 1160 3090 1213 in
3132 1157 3561 1214 Commentarios
3593 1166 3767 1211 trans.

2180 1253 2338 1309 fudit.
2391 1254 2682 1323 Propterea
2717 1253 2768 1308 in
2797 1253 2938 1308 Psal.
2969 1263 3076 1308 va
3105 1252 3192 1307 illa
3220 1251 3398 1307 omnia
3439 1262 3542 1306 ms.
3577 1249 3772 1304 transi-

2122 1352 2128 1360 '
2181 1346 2242 1402 lit
2261 1390 2276 1412 ,
2303 1363 2424 1419 qua:
2450 1345 2516 1402 ad
2547 1346 2887 1404 Grmcitatem
2921 1342 3188 1415 pertinent
3207 1386 3223 1412 ,
3253 1353 3305 1400 et
3334 1359 3364 1398 e
3392 1343 3566 1399 Graeci
3595 1349 3773 1397 textus

2179 1441 2412 1498 lectione
2457 1439 2813 1495 deducuntur.
2855 1439 2965 1494 Nec
3011 1448 3188 1492 tamen
3233 1436 3286 1490 in
3327 1437 3424 1490 hac
3461 1434 3774 1504 conjectura

2183 1532 2316 1588 satis
2335 1533 2750 1602 acquiescimus:
2772 1531 2933 1586 nimis
2958 1530 3102 1586 enim
3127 1544 3314 1584 manca
3343 1528 3662 1599 plerumque
3683 1539 3779 1582 ex-

2185 1625 2383 1696 pasitio
2413 1635 2494 1680 est
2516 1667 2530 1692 ,
2575 1623 2860 1694 pluresque
2890 1622 3222 1677 Psalmorum
3254 1621 3548 1677 versiculos
3577 1627 3774 1691 priete-

2191 1718 2284 1785 rit,
2313 1733 2448 1784 quos
2480 1721 2828 1786 interpretem
2856 1714 2910 1768 in
2932 1713 2994 1768 iis
3019 1727 3140 1784 qua:
3167 1713 3361 1767 desunt
3388 1711 3652 1783 attigisse,
3683 1701 3782 1764 ali-

489 1793 818 1866 detorquens
843 1813 856 1856 ;
889 1808 954 1848 ac
983 1797 1026 1848 si
1067 1794 1370 1866 gratularer
1404 1794 1567 1858 mihi,
1593 1791 1738 1865 quod
1760 1809 1824 1848 eo
1847 1791 2079 1848 tamdem

2189 1809 2404 1881 quando
2431 1807 2697 1863 sententia
2721 1805 3079 1862 demonstrat.
3105 1805 3360 1873 Quadam
3387 1805 3548 1860 etiam
3575 1801 3782 1856 addunt-

491 1883 676 1938 labore
716 1883 920 1939 levatus
948 1899 1124 1940 essem
1155 1901 1168 1938 :
1196 1886 1370 1939 varias
1409 1885 1675 1956 siquidem
1712 1883 1976 1955 lectiones
2003 1885 2084 1938 in-

494 1975 666 2031 vicem
695 1977 963 2044 conferre,
998 1977 1266 2049 fugientes
1292 1979 1500 2034 litteras
1529 1980 1800 2050 persequi,
1837 1979 2083 2035 codicum

494 2069 676 2139 apices
702 2077 952 2140 captare;
984 2079 1042 2125 et
1068 2086 1190 2126 cum
1217 2071 1366 2126 miris
1395 2071 1740 2126 librariorum
1767 2071 2088 2142 sphalmatis

493 2163 816 2236 cmrlligere,
865 2179 952 2221 res
979 2174 1066 2221 est
1117 2165 1451 2222 incredibilis
1501 2165 1767 2222 molestiae
1814 2167 2003 2237 plena,
2033 2174 2088 2222 et

496 2255 850 2328 undeqnaque
874 2258 1123 2328 periculis
1147 2258 1533 2328 circumsepta.
1563 2258 1712 2330 lpsas
1731 2257 2084 2330 prtecedcntis

490 2349 720 2405 editoris
746 2350 880 2405 erud
890 2352 992 2407 itas
1016 2351 1396 2410 adnotationes
1419 2367 1541 2410 cum
1567 2367 1962 2426 percurrcrcu‘t,
1991 2355 2090 2412 ali-

488 2453 595 2512 qua
639 2441 866 2496 Parisini
896 2444 1142 2513 quamvis
1169 2443 1564 2516 diligentissimi
1597 2444 1914 2519 typographi
1937 2459 2088 2505 mett-

401 2536 412 2543 '
489 2529 556 2588 da
591 2541 779 2592 nostro
807 2535 1189 2604 ostendebam;
1219 2548 1276 2593 ut
1317 2531 1386 2594 ab
1415 2539 1482 2595 iis
1527 2531 1628 2596 sibi
1667 2546 1912 2609 caveret;
1945 2544 2088 2600 velut

497 2643 618 2698 pag.
647 2624 776 2693 175,
805 2627 900 2683 ubi
928 2629 1084 2702 Tullii
1122 2629 1274 2686 locus
1309 2630 1534 2688 aﬂ‘ertur
1562 2644 1794 2705 negante
1828 2635 2086 2692 adverbio

493 2717 904 2788 praetermisso:
938 2719 1100 2776 modo
1133 2733 1312 2776 autem
1360 2721 1412 2777 id
1429 2723 1650 2794 quidem
1691 2725 2086 2796 typographum

493 2821 760 2880 nostrum,
797 2827 918 2884 pag.
962 2813 1088 2880 197,
1118 2817 1428 2886 reposuisse
1449 2815 1608 2873 video
1629 2859 1646 2886 ,
1673 2807 1767 2874 scd
1793 2808 2084 2876 dictionem

493 2900 652 2960 aliam
678 2907 1019 2977 praeterisse:
1057 2909 1157 2980 legi
1188 2907 1332 2964 enim
1361 2909 1521 2966 debet
1546 2927 1561 2978 ;
1585 2911 1828 2984 quodqui
1864 2913 2083 2982 dubitat,

491 2997 635 3052 haud
649 3015 774 3054 sane
805 3000 1072 3072 intelligo,
1105 3018 1198 3057 cur
1221 3018 1322 3057 non
1357 3005 1528 3070 idem,
1558 3003 1654 3059 Sol
1673 3005 1762 3072 sit,
1805 3021 1873 3059 an
1909 3006 2086 3061 nullus

491 3093 580 3158 sit,
606 3094 841 3148 dubitare
861 3097 1041 3165 possit.
1431 3099 1435 3104 ’

2189 1911 2292 1967 tur,
2313 1916 2432 1972 quze
2455 1900 2637 1955 Hilarii
2662 1913 2766 1954 non
2800 1897 3068 1964 videntur,
3098 1905 3156 1952 ut
3182 1897 3246 1952 ad
3275 1897 3416 1952 Psal.
3442 1911 3588 1961 thv,
3617 1900 3674 1948 'n.
3701 1894 3737 1950 ὁ
3763 1933 3780 1952 .

2187 1991 2420 2048 Ecclesia
2449 1992 2674 2048 nondum
2701 1989 2890 2046 Christi
2917 1991 3133 2044 adventu
3163 1990 3470 2044 inluminata
3489 2032 3501 2052 ,
3537 1989 3632 2060 fuit
3661 1987 3762 2041 ali-

2184 2086 2390 2157 quando
2417 2090 2560 2139 uam‘s
2586 2082 3030 2154 superstitionibus
3058 2083 3279 2136 obnoxia
3305 2115 3318 2148 ,
3348 2095 3468 2135 cum
3515 2090 3776 2148 prcecepta

2187 2179 2420 2250 gentilia,
2445 2186 2549 2234 etc.
2585 2178 2697 2232 lloc
2725 2177 2777 2231 in
2805 2174 2964 2230 editis
2986 2174 3056 2230 de
3077 2175 3296 2230 humani
3323 2175 3536 2245 generis
3557 2173 3782 2228 univcr»

2187 2271 2346 2328 sitate
2397 2271 2705 2342 profertur,
2737 2284 2897 2340 quam
2945 2266 3204 2324 Ecclesia:
3251 2268 3466 2324 nomine
3506 2272 3781 2337 utinquam

2190 2365 2490 2435 indigitavit
2513 2365 2719 2422 Auctor
2749 2375 2952 2422 noster.
2971 2363 3156 2432 Neque
3178 2363 3308 2418 illud
3331 2361 3400 2416 ab
3422 2376 3488 2416 co
3515 2375 3636 2416 esse
3664 2375 3788 2415 cre—

2187 2457 2413 2514 diderint
2463 2459 2515 2512 in
2566 2459 2710 2514 Psal.
2735 2473 2914 2515 cxxtv.
2959 2457 3072 2513 Hoc
3103 2459 3217 2513 loco
3245 2457 3298 2510 in
3337 2455 3567 2511 circuitu
3598 2453 3785 2524 populi

2191 2549 2530 2622 Evangelium
2557 2553 2835 2624 signiﬁcat.
2861 2551 2973 2608 Nec
3017 2552 3132 2606 loca
3153 2547 3350 2606 desunt
3375 2549 3552 2603 minus
3583 2561 3787 2618 oppor—

2189 2652 2316 2700 tune
2335 2645 2604 2712 niutilata,
2634 2657 2688 2700 et
2707 2647 2884 2702 minus
2909 2647 3186 2717 eleganter
3209 2657 3474 2700 connexa.
3502 2640 3783 2710 Suspicari

2185 2747 2317 2804 ergo
2355 2737 2637 2807 quisquam
2682 2737 2852 2808 possit
2906 2737 2973 2792 ab
3023 2737 3127 2790 alia
3175 2741 3336 2790 manu
3375 2733 3472 2789 has
3517 2734 3788 2802 epitomas

2188 2821 2522 2895 pt'occhisse
2542 2870 2555 2892 ,
2591 2839 2643 2884 et
2691 2829 2744 2883 in
2774 2827 3049 2900 proprium
3083 2840 3238 2882 usum
3276 2825 3348 2882 ita
3377 2826 3445 2882 ab
3475 2823 3656 2896 aliquo
3685 2819 3788 2880 llos

2189 2919 2606 2976 commentarios
2641 2936 2955 2976 conversos.
2991 2921 3131 2990 Quin
3163 2919 3216 2975 et
3239 2919 3343 2976 illa
3359 2911 3643 2988 aliquando
3695 2933 3790 2972 su-

2187 3013 2358 3083 spicio
2405 3014 2654 3081 incessit;
2697 3030 2824 3069 num
2871 3015 2922 3068 in
2957 3013 3396 3078 commentarios,
3447 3024 3580 3081 quos
3620 3007 3791 3064 babe-

2187 3118 2330 3166 mus,
2358 3105 2602 3159 extranei
2633 3106 2918 3176 quicquam
2950 3114 3004 3160 et
3031 3105 3192 3160 alieni
3222 3104 3548 3158 insinuatum
3583 3099 3740 3156 fuerit
3769 3117 3785 3168 ;

564 3179 944 3245 Verumtamen
996 3197 1190 3260 pra-ter
1211 3189 1452 3246 diversas
1479 3187 1564 3246 bie
1584 3196 1638 3246 et
1657 3189 1761 3248 sub
1789 3193 1933 3248 textu
1964 3195 2089 3263 ‘pro-
2115 3198 2160 3266 ο
2195 3195 2340 3250 velut
2367 3209 2490 3266 quae
2520 3197 2574 3251 in
2602 3197 2942 3268 expositione
2971 3195 3111 3253 Psal.
3145 3213 3246 3254 va
3273 3211 3302 3250 a
3333 3195 3641 3252 Graecarum
3671 3191 3789 3248 dic-

493 3281 626 3336 latas
655 3281 936 3348 lectiones,
969 3282 1179 3354 aliquos
1203 3299 1266 3340 ex
1292 3284 1478 3340 llilarii
1510 3277 1824 3340 tractatibus
1855 3289 1908 3342 in
1933 3282 2088 3342 Psal-

483 3388 612 3429 ~tnos
642 3375 835 3429 retinet
861 3373 1028 3430 codex
1061 3385 1247 3432 noster
1289 3377 1562 3432 multaties
1587 3419 1603 3445 ,
1637 3391 1735 3434 nec
1763 3381 1944 3449 paucis
1969 3381 2088 3436 dies

495 3469 729 3524 tionibus
753 3510 768 3535 ,
803 3470 882 3524 vel
913 3485 1020 3526 uno
1058 3479 1261 3526 tantum
1304 3481 1395 3526 aut
1437 3472 1609 3528 altero
1642 3481 1800 3530 verso
1831 3471 1898 3530 ab
1925 3473 2088 3531 editis

495 3562 834 3617 recedentes.
862 3562 984 3630 Eos,
1024 3571 1080 3618 ut
1102 3563 1304 3633 jaccnt,
1327 3564 1614 3633 diligenter
1632 3566 1932 3636 exscriptos
1959 3583 2090 3622 cou-

485 3651 717 3720 junclim
763 3649 1082 3722 adponimus
1135 3663 1188 3708 et
1244 3654 1560 3710 exhibemus
1593 3673 1605 3710 :
1633 3667 1851 3712 errores
1881 3663 2086 3715 tantum

496 3744 755 3814 quosdam
797 3745 1109 3800 sustulimus
1130 3789 1144 3814 ,
1184 3755 1238 3802 et
1263 3745 1528 3804 dictibnes
1559 3749 1758 3819 profcto
1779 3792 1796 3820 ,
1823 3749 2083 3823 filosofus,

493 3837 870 3904 centensimus,
902 3849 1007 3894 etc.
1032 3877 1048 3907 ,
1076 3837 1141 3893 ad
1169 3855 1513 3897 communem
1552 3857 1707 3896 usum
1732 3843 2082 3901 traduximust

493 3927 783 3985 Varietatis
828 3931 968 3984 ratio
1017 3932 1066 3985 in
1093 3946 1159 3986 eo
1209 3934 1480 4004 praecipue
1522 3935 1782 4002 vertitur,
1823 3946 1880 3991 ut
1915 3939 2087 3994 multo

495 4019 768 4076 breviores
798 4020 852 4076 hi
886 4023 1054 4078 nostri
1092 4023 1221 4089 sint,
1257 4023 1502 4095 pluresve
1529 4041 1631 4098 qua
1657 4027 1905 4098 periodOs
1931 4073 1946 4098 ,
1981 4041 2085 4099 qua

491 4113 724 4183 integras
757 4115 974 4186 paginas
1003 4115 1117 4171 sive
1143 4116 1373 4187 scriptus
1401 4118 1537 4175 liber
1565 4128 1794 4187 resecet,
1821 4122 1940 4178 sive
1969 4123 2088 4178 vul-

487 4209 599 4274 gati
628 4204 974 4261 intersertam.
1007 4206 1288 4276 Quodnam
1331 4209 1400 4265 de
1434 4209 1744 4282 bujusmodi
1782 4211 2086 4272 dlﬂ‘erentia

485 4299 746 4367 judicium
783 4293 1069 4356 l‘erendunt-
1099 4302 1169 4357 sit
1207 4302 1398 4360 doctus
1439 4303 1634 4362 Lector
1667 4311 1888 4364 statuet.
1921 4309 2084 4382 Cogio

489 4399 724 4447 taveram
771 4393 951 4462 prius,
999 4410 1126 4449 num
1161 4408 1228 4450 ex
1257 4410 1353 4452 ore
1397 4399 1792 4467 pronuntiantis
1832 4411 2084 4472 exceptos

487 4485 728 4541 notarius
758 4487 904 4542 vocis
933 4488 1265 4544 celeritatem
1295 4490 1432 4544 liaud
1456 4505 1754 4562 assequens
1775 4493 2083 4552 decurtata:

2192 3289 2394 3344 tiouum
2439 3291 2766 3361 proprietate
2803 3307 2866 3346 ac
2895 3293 2944 3347 vi
2975 3291 3286 3348 derivantur
3315 3309 3328 3346 ε
3357 3290 3586 3345 Hilarius
3614 3289 3787 3358 siqui-

2187 3380 2310 3436 dem
2361 3380 2661 3449 Gra'carum
2685 3385 2974 3438 litterarum
3002 3385 3279 3452 quamdam
3309 3395 3512 3438 tantum
3542 3381 3785 3436 aurulam

2187 3483 2446 3545 coeperat,
2476 3476 2520 3532 si
2551 3469 2881 3550 Hieronymo
2924 3477 3056 3533 lides
3091 3477 3146 3532 in
3180 3477 3422 3548 Epistula
3456 3476 3522 3531 ad
3555 3477 3788 3532 Marcel-

2189 3570 2332 3636 lam;
2365 3583 2526 3640 quam
2554 3571 2916 3641 suSpicionem
2947 3581 3122 3628 tamen
3147 3586 3260 3626 rem
3285 3555 3678 3646 perpendentes
3701 3586 3788 3626 rea-

2185 3663 2436 3734 jecimtts.
2476 3663 2676 3720 Verum
2720 3665 2788 3722 de
2823 3666 2906 3722 bis
2951 3666 3284 3722 eruditorum
3329 3664 3603 3718 hominum
3639 3661 3790 3732 judi-

2187 3755 2330 3810 cium
2357 3763 2498 3812 esto.

2258 3846 2380 3917 lpso
2421 3849 2576 3904 initio
2613 3849 2812 3920 aliquid
2841 3849 3036 3905 deesse
3056 3891 3071 3916 ,
3097 3849 3271 3920 spatio
3315 3848 3503 3904 relicto
3532 3845 3788 3904 librarius

2187 3941 2396 3998 innuit:
2431 3941 2559 3998 hinc
2585 3951 2688 4008 est,
2717 3942 2860 4012 quod
2899 3956 2930 3996 a
2960 3943 3232 3998 versiculo
3259 3943 3489 4013 septimo
3517 3940 3790 4010 expositio

2185 4033 2426 4104 incipiat.
2474 4029 2587 4090 Sub
2625 4023 2785 4091 linem
2817 4049 3034 4106 queque
3075 4031 3214 4088 Psal.
3261 4049 3439 4089 csxxn
3479 4031 3788 4088 mutilatum

2186 4125 2491 4198 dignosces.
2529 4127 2626 4184 Ubi
2673 4128 2728 4182 in
2771 4125 2930 4182 editis
2971 4126 3077 4182 col.
3123 4122 3374 4181 editionis
3405 4134 3606 4180 nostra:
3638 4123 3783 4180 188:

2187 4220 2446 4275 Acciuctio
2474 4221 2713 4291 potentia:
2735 4221 2781 4275 ei
2805 4219 2942 4288 quod
2967 4219 3226 4290 indigebat
3251 4220 3455 4290 corpori
3485 4227 3783 4288 coaptatur.

2188 4309 2310 4366 Non
2341 4311 2474 4366 enim
2503 4312 2660 4366 uirtus
2684 4312 2986 4384 accingitur,
3023 4311 3113 4366 sed
3141 4312 3194 4365 in
3213 4312 3396 4366 virtute
3432 4309 3525 4366 Dei
3546 4312 3775 4382 potentia

2187 4403 2337 4458 homo
2369 4419 2517 4474 quem
2550 4403 2797 4458 Dominus
2823 4403 3093 4476 assumpsit
3131 4403 3450 4474 accingitur:
3477 4401 3641 4456 multo
3664 4419 3786 4459 tne-

2187 4499 2288 4554 lius
2319 4499 2625 4568 explicatur
2645 4497 2698 4552 in
2732 4512 2834 4552 ms.
2865 4495 2989 4549 Non
3015 4496 3150 4550 enim
3172 4495 3328 4550 uirtus
3356 4495 3660 4566 accingitur,
3692 4495 3787 4550 sed

486 4577 754 4643 dedisset;
793 4581 849 4634 ut
875 4581 1162 4651 quamdam
1192 4577 1442 4639 Cursaris'
1465 4586 1764 4640 oratiunem
1782 4627 1798 4654 ,
1821 4603 1942 4658 quae
1971 4589 2074 4644 cirs
2107 4593 2161 4656 Ι)
2186 4593 2238 4646 in
2267 4592 2449 4646 virtute
2476 4590 2574 4644 Dei
2599 4590 2823 4659 patentia
2853 4589 3106 4656 hominis;
3125 4589 3289 4656 idest,
3313 4588 3362 4642 ei
3389 4581 3616 4656 corporis
3640 4590 3785 4658 quod

488 4669 886 4728 cumlerebatur
906 4715 920 4739 ,
946 4673 1284 4732 existimabat
1316 4675 1587 4748 Augustus
1618 4679 1682 4734 ab
1713 4683 1958 4736 actuariis
1989 4699 2080 4738 ex-

485 4773 684 4836 ceptam
711 4765 844 4820 male
867 4766 1282 4838 subsequentibus
1303 4771 1456 4825 verba
1493 4771 1706 4827 dicentis
1735 4763 1918 4846 (Suet.
1947 4775 2077 4832 Cres.

487 4869 538 4910 c.
572 4855 698 4929 55).
731 4859 799 4913 At
826 4859 1003 4915 obstat
1046 4862 1432 4932 consequentia
1478 4865 1778 4930 sermonis,
1807 4875 1864 4922 et
1900 4866 2079 4924 addita

487 4949 648 5002 etiam
692 4950 956 5006 interdum
983 4953 1180 5021 verba,
1214 4969 1278 5009 ac
1313 4961 1547 5010 mutatus
1577 4970 1683 5011 non
1714 4955 2082 5028 infrequenter

485 5039 745 5095 orationis
761 5052 1080 5100 contextus:
1101 5047 1188 5101 ubi
1207 5041 1350 5101 enim
1373 5044 1603 5118 exempli
1625 5063 1783 5105 causa
1808 5043 1861 5105 in
1887 5051 2076 5107 editis:

488 5133 694 5188 Annum
726 5135 1050 5208 benignitatis
1069 5139 1168 5192 ‘Dei
1189 5154 1252 5193 ea:
1275 5140 1584 5212 propheticis
1605 5144 1756 5208 atque
1775 5143 2082 5214 Apostolicis

489 5228 739 5284 doctrinis
767 5233 1092 5302 cognovimus
1123 5235 1142 5305 (
1165 5234 1244 5287 Ad
1266 5237 1398 5306 psal.
1431 5237 1558 5310 ων)
1584 5251 1600 5306 ;
1627 5247 1680 5295 et
1708 5251 1832 5314 post
1856 5240 2031 5316 aliqua
2065 5263 2078 5300 :

383 5383 392 5390 ,
489 5323 732 5398 Namque
759 5328 1002 5384 bonitatis
1030 5329 1240 5386 Domini
1280 5334 1362 5388 hic
1383 5351 1550 5392 annus
1573 5348 1648 5393 est
1669 5373 1683 5403 ,
1706 5353 1808 5409 quo
1828 5351 1974 5395 erunt
2003 5342 2086 5396 in-

487 5419 688 5489 defessa
715 5422 809 5476 illa
835 5423 1064 5492 benigna:
1099 5425 1446 5484 retributionis
1476 5440 1708 5505 tempora
1735 5433 2078 5504 auspicando.

493 5509 542 5568 Η
549 5517 666 5586 ujtts
687 5517 846 5589 igitur
874 5520 998 5572 anni
1016 5513 1110 5573 Dei
1135 5517 1392 5576 bettedicct
1421 5537 1663 5580 caronam
1674 5525 2084 5598 jucundissimus

510 5620 557 5662 et
606 5611 940 5664 suavissimus
987 5611 1204 5668 visitata:
1249 5621 1396 5668 terra
1462 5617 1818 5688 inebriatazque
1864 5618 2082 5688 fructus.

505 5699 634 5758 Htec
677 5703 812 5782 enim
857 5705 1048 5764 Christi
1089 5717 1194 5778 est,
1237 5709 1452 5782 drpulsa
1492 5701 1765 5785 corporum
1797 5723 2091 5767 nostrorum

527 5807 695 5866 tortu;
717 5801 868 5866 tiott’,
897 5812 942 5852 t‘l
971 5817 1122 5872 μίγεν
1142 5810 1226 5874 pta
1257 5805 1436 5857 martis
1463 5813 1726 5878 pcttstulr,
1755 5803 1964 5862 victoria
1989 5819 2008 5862 ε
2037 5804 2077 5861 it

2187 4683 2356 4738 deerat
2401 4690 2690 4752 coaptatur.
2739 4679 2869 4754 Ejus
2919 4697 3036 4752 ergo
3079 4680 3299 4734 hominis
3342 4680 3605 4749 potentia,
3632 4695 3788 4751 quem

2187 4775 2328 4830 Deus
2353 4774 2639 4845 adsumpsit
2661 4813 2677 4841 ,
2705 4773 2990 4844 accingitur
3012 4775 3065 4828 in
3092 4774 3293 4828 virtute.
3339 4769 3457 4827 lam
3486 4787 3616 4828 vero
3645 4771 3788 4830 nihil

2186 4867 2321 4923 ultra
2349 4873 2404 4922 te
2425 4867 2910 4932 moramur,amice
2937 4864 3149 4930 Lector,
3184 4873 3239 4919 et
3267 4864 3434 4934 ipsos,
3457 4871 3517 4918 ut
3545 4865 3598 4918 in
3631 4865 3788 4921 eodi-

2185 4975 2249 5017 ce
2279 4967 2576 5032 apparent,
2609 4954 2895 5016 Tractatus
2915 5001 2930 5024 ,
2959 4959 3072 5012 sive
3102 4969 3378 5012 sermones
3401 4998 3414 5022 ,
3457 4967 3548 5012 aut
3577 4973 3787 5014 sermo-

2185 5069 2312 5108 num
2343 5052 2779 5110 adumbration‘es
2806 5051 2998 5135 mavis,
3029 5049 3122 5105 tibi
3153 5047 3224 5105 ob
3249 5049 3435 5106 oculos
3457 5035 3718 5106 sistimus.

2503 5243 2507 5251 ι
2564 5207 2814 5268 lNClPl’l‘
2853 5193 3173 5264 PSALMUS
3215 5205 3398 5264 Lxut.

2616 5323 2670 5378 in
2700 5337 2862 5378 FINEH
2890 5319 3134 5377 PSALIIUS
3151 5320 3354 5378 Dum.

2262 5443 2488 5509 Exaudi,
2517 5442 2675 5506 Deus,
2696 5439 2969 5493 orationem
2985 5451 3171 5504 meam,
3201 5439 3323 5492 dum
3349 5437 3590 5506 deprecor
3615 5437 3686 5490 ad
3701 5447 3749 5491 te
3766 5455 3788 5491 .-

2189 5531 2222 5573 a
2249 5515 2430 5570 timore
2453 5511 2647 5568 inimici
2667 5525 2784 5566 erue
2803 5511 3027 5564 animum
3048 5524 3232 5564 meam.
3286 5509 3512 5564 Scrutati
3535 5517 3654 5562 sunt
3683 5511 3792 5564 iui-

2224 5591 2426 5646 nitates.
2451 5587 2740 5658 defecerunt
2769 5589 3054 5658 scrutantes
3080 5581 3341 5658 scrutinio.
3375 5578 3607 5658 Spiritus
3636 5581 3788 5638 enim

2211 5649 2554 5729 ’ropbelalis,
2578 5656 2666 5725 qui
2693 5667 2786 5729 per
2815 5653 2981 5729 David
3013 5653 3348 5729 loquebatur,
3402 5649 3626 5729 audiens
3667 5667 3792 5729 oin-

2192 5730 2278 5786 nia
2301 5715 2364 5783 'et
2391 5715 2570 5784 sciens
2596 5715 2898 5791 'universa,
2935 5725 3037 5778 boc
3065 5715 3118 5776 in
3149 5722 3267 5777 loco
3311 5733 3416 5776 non
3469 5715 3640 5776 solum
3691 5722 3793 5778 Ju-

2195 5801 2439 5862 dworum
2495 5798 2784 5872 malignam
2857 5793 3330 5867 conspirationem,
3387 5807 3571 5852 verum
3618 5795 3790 5862 etiam
