3920 6214
490 233 589 294 XV

1835 230 2089 289 MAFFEI
2128 230 2467 290 EDITIONIS

3666 236 3786 292 XVI

478 352 850 411 mansionibus
872 349 1140 424 Apostolis
1160 348 1270 405 suis
1290 362 1409 424 eam
1428 391 1443 416 ,
1466 363 1586 419 qua:
1612 348 1713 405 sibi
1735 358 1818 424 est
1839 351 2079 424 propria,
2110 352 2158 413 Α
2189 358 2391 424 autem,
2424 358 2482 405 ut
2501 356 2584 407 est
2614 350 2666 406 in
2694 350 2801 404 alio
2824 350 3051 421 psalmo,
3085 351 3380 424 prophetiae
3401 366 3581 409 sermo
3608 352 3785 408 incuir

479 425 862 481 communicat.
892 419 1006 479 Scit
1043 430 1219 475 autem
1248 419 1506 490 propheta
1528 461 1544 484 ,
1576 430 1778 490 quanta
1803 419 2082 477 beatitudo

479 495 550 552 sit
580 495 1021 551 in‘tabernaculis
1054 492 1167 547 Dei.
1200 490 1323 561 Alio
1362 492 1482 547 loco
1509 492 1639 547 dicit
1666 510 1678 545 :
1709 490 2006 561 Concupivit
2038 502 2085 546 et

479 568 650 638 deﬁcit
689 566 861 621 animo
894 580 1005 619 mea
1032 564 1087 638 in
1112 560 1692 638 atria_Domini_(Psal.
1722 578 1950 638 Lsxxm,
1980 564 2034 634 ὅ)
2066 579 2080 629 ;

479 633 665 709 postea
693 647 869 692 autem
894 633 1208 709 cum_l'ue_rit
1228 633 1436 709 _electus
1456 676 1472 699 ,
1507 633 1610 688 hoc
1635 635 1880 703 sequitur
1906 652 1919 688 :

551 708 881 778 Replebimur
922 706 1166 778 iambonis
1204 705 1384 778 domus
1413 714 1547 770 tute;
1578 715 1814 761 sanctum
1853 714 1926 761 est
1954 715 2084 761 tem-

478 776 637 854 plum.
652 790 796 833 tuum
813 821 826 840 ,
852 776 1087 854 mirabile
1109 776 1161 830 in
1176 776 1445 854 _ccqnitate.

547 850 678 920 Qua:
688 860 868 905 autem
879 849 987 904 sint
1006 848 1144 903 bona
1157 846 1352 903 domus
1365 864 1645 916 possumus
1657 863 1970 919 agnoscere;
1990 848 2089 904 Ec-

476 922 657 978 clesia:
679 920 883 975 scilicet
900 934 1277 989 munera,qu:e
1302 928 1357 973 et
1377 921 1669 975 secundum
1695 920 2084 975 multitudinem

480 993 683 1050 lructus
701 992 948 1047 Christus
960 988 1326 1060 indulsit,quia
1343 991 1525 1060 ctipsa
1542 991 1834 1046 secundum
1854 992 2085 1060 Aposto-

481 1066 590 1121 lum
620 1064 815 1119 domus
858 1062 953 1117 Dei
979 1069 1082 1117 est.
1126 1060 1250 1115 Ilaec
1278 1076 1406 1130 ergo
1448 1062 1684 1117 Ecclesia
1731 1062 1890 1117 habet
1922 1062 2086 1117 trice-

478 1151 631 1201 num,
657 1148 1009 1204 sexagenum.
1037 1140 1328 1204 centenum
1361 1133 1613 1204 fructum.
1648 1133 1742 1188 His
1772 1147 1903 1204 ergo
1930 1132 2086 1188 bonis

478 1207 672 1263 domus
729 1202 822 1260 Dei
854 1203 1145 1274 replebitur
1170 1244 1185 1269 ,
1220 1218 1339 1272 quae
1379 1202 1594 1259 interim
1635 1219 1729 1273 per
1757 1203 2080 1259 divisionem

479 1277 745 1333 bonorum
776 1274 1103 1339 adornatur,
1157 1274 1295 1329 sicut
1318 1274 1578 1341 scriptum
1619 1286 1740 1331 est:
1779 1273 1918 1328 Huic
1961 1292 2082 1344 ergo

477 1349 684 1404 dabitur
709 1362 875 1403 sermo
900 1345 1167 1413 sapientia:
1188 1389 1201 1412 ,
1229 1344 1321 1398 alii
1363 1362 1528 1399 sermo
1554 1346 1779 1401 scientia:
1802 1389 1816 1412 ,
1842 1346 1933 1399 alii
1954 1346 2085 1414 ﬁdes

477 1421 534 1475 in
560 1419 736 1475 eodem
760 1418 967 1486 spiritu.
1000 1416 1091 1471 alii
1122 1416 1257 1471 dona
1283 1417 1629 1480 curationum,
1653 1418 1747 1486 alii
1772 1433 1956 1486 genera
1980 1418 2085 1470 lin-

479 1507 699 1561 gnarum
723 1532 736 1552 ,
766 1485 855 1543 alii
884 1488 1233 1561 interpretatio
1264 1486 1559 1561 linguarum,
1577 1488 1639 1561 (l.
1668 1485 1843 1541 Corin.
1874 1502 1974 1553 xu,
2003 1486 2080 1556 8).

480 1557 679 1619 Verum
725 1568 850 1615 sunt
893 1568 949 1613 et
985 1557 1087 1614 alia
1134 1557 1290 1627 plena
1320 1557 1513 1612 domus
1543 1557 1637 1613 Dei
1678 1573 1899 1613 munera
1923 1599 1939 1623 ,
1970 1574 2088 1628 qua:

479 1634 660 1689 oculus
700 1648 801 1686 non
822 1630 946 1683 uidit
967 1671 982 1693 ,
1013 1645 1103 1682 nec
1124 1629 1264 1682 auris
1287 1629 1484 1683 audivit
1504 1670 1520 1693 ,
1552 1646 1643 1684 nec
1681 1630 1733 1683 in
1756 1646 1845 1683 cor
1867 1632 2085 1683 hominis

479 1704 709 1760 ascendit
733 1746 747 1768 ,
799 1716 913 1770 quae
952 1701 1256 1770 prteparavit
1300 1698 1440 1753 Deus
1470 1700 1549 1753 his
1585 1702 1673 1768 qui
1714 1700 1932 1771 diligunt
1967 1716 2081 1754 eum

479 1748 587 1845 ("17;
598 1748 708 1846 '9")?
729 1748 863 1846 iuit;
869 1748 2083 1846 Ἧιιὲὲῆὖῖὺῆᾗὴῐιῶἶώξᾶίέιῖιξάῐἐἶδέᾶἱιεὶἷιὶῆ
2115 1748 2162 1808 Β

479 1841 553 1902 est
582 1841 827 1913 templum
849 1852 1012 1906 tuum,
1039 1841 1341 1895 mirabilein
1367 1842 1623 1909 tequitate.
1650 1842 1901 1897 Omnium
1935 1859 2088 1897 nam-

520 1932 587 1972 ue
617 1912 953 1971 credentium
982 1927 1207 1983 corpora
1235 1912 1490 1980 templum
1522 1913 1613 1967 Dei
1643 1927 1764 1983 esse
1810 1914 2086 1982 apostolus

520 1933 587 1972 ne
617 1933 953 1971 credentium
982 1933 1207 1983 corpora
1235 1933 1490 1980 ιειιψιυιη
1522 1933 1613 1967 UCI
1643 1933 1764 1967 esse
1810 1933 2086 1982 aposwtus

476 1933 637 2044 ἔσθει
664 1987 854 2041 dicens
886 2001 900 2038 :
930 1983 1010 2038 An
1036 1983 1240 2037 nescitis
1277 1983 1413 2053 quod
1441 1984 1685 2053 templum
1713 1980 1812 2038 Dei
1850 1985 1974 2053 estis
1994 2025 2008 2050 ,
2037 1992 2087 2038 et

478 2059 707 2131 Spiritus
730 2055 826 2111 Dei
857 2055 1051 2109 habitat
1075 2057 1129 2109 in
1159 2053 1298 2131 vobis
1317 2052 1431 2131 ?_Si
1455 2051 1568 2124 quis
1587 2056 1830 2131 templum
1854 2051 1951 2131 Dei
1971 2071 2087 2131 cor:

473 2122 667 2198 ruperit
693 2171 708 2194 ,
750 2135 1042 2198 corrumpet
1082 2136 1128 2179 et
1155 2124 1295 2198 hunc
1325 2122 1508 2191 Deus;
1539 2122 1785 2198 templum
1821 2126 1956 2198 enim
1986 2123 2086 2181 Dei

475 2195 712 2256 sanctum
757 2208 862 2264 est,
906 2195 1044 2265 quod
1074 2196 1190 2251 estis
1223 2210 1311 2268 uos
1356 2202 1457 2264 (in,
1483 2195 1619 2268 A16).
1646 2195 1959 2268 Ornandum
1994 2205 2086 2268 (est

480 2288 612 2343 ergo
651 2271 757 2343 hnc
790 2269 880 2325 Dei
933 2269 1191 2338 templum
1230 2266 1284 2343 in
1323 2266 1611 2343 sanctitate
1647 2276 1808 2343 atque
1834 2267 2037 2343 justitia
2062 2308 2079 2343 ,_

420 2342 423 2347 ’
476 2337 812 2400 orationibus
848 2347 1010 2408 atque
1039 2337 1476 2420 Operationibus,
1501 2346 1559 2420 ut
1586 2338 1742 2420 bonis
1767 2338 1962 2420 donius
1982 2338 2083 2420 Dei

479 2415 777 2483 repleatur,
812 2423 870 2465 ut
898 2421 1152 2483 sanctum
1174 2418 1231 2464 et
1260 2408 1506 2483 mirabile
1546 2409 1805 2483 templum
1832 2409 1978 2464 illius
2009 2411 2084 2464 si-

482 2480 621 2543 mus.
655 2484 978 2555 Insequitur;
991 2490 1113 2552 post
1141 2480 1257 2555 inec
1288 2481 1527 2555 psalmus
1550 2480 1739 2536 dicens
1770 2497 1783 2533 :

552 2555 764 2611 Exaudi
790 2551 905 2619 nos,
937 2551 1097 2620 Deus,
1127 2551 1371 2606 salutaris
1411 2560 1604 2618 noster,
1626 2567 1741 2621 spes
1762 2551 1990 2606 omnium
2019 2552 2084 2621 [i-

482 2628 627 2684 nium
650 2638 797 2681 terra:
816 2668 830 2689 ,
864 2635 910 2679 et
938 2626 991 2678 in
1013 2623 1145 2678 mari
1174 2625 1342 2691 longe.
1480 2663 1499 2683 .

552 2699 806 2754 Omnium
850 2698 1030 2766 itaque
1073 2708 1198 2766 spes
1226 2694 1471 2749 Christus
1514 2701 1599 2749 est
1641 2693 1694 2749 in
1738 2692 1872 2748 mari
1921 2703 2081 2764 atque

451 2830 455 2834 ,
481 2771 539 2826 1η
564 2768 743 2824 terris.
775 2765 961 2836 Itaque
984 2781 1079 2821 cur
1112 2765 1165 2820 in
1194 2780 1259 2820 eo
1286 2767 1525 2820 omnium
1554 2779 1678 2835 spes
1702 2766 1772 2820 sit
1799 2766 1853 2821 in
1890 2780 2083 2822 conse-

482 2836 1285 2919 (ιιιεξειιιίιηιειιοιιεξιάἱεεξιρεε.Δ
1338 2917 1344 2919 Α
1406 2918 1409 2919 ν
1630 2908 1641 2919 .
1720 2918 1725 2919 γ
1897 2917 1904 2919 _
1982 2908 2010 2919 Α,

559 2910 870 2977 Ρτωραναιη
897 2917 1089 2962 montes
1112 2908 1167 2961 in
1190 2908 1376 2963 virtute
1396 2918 1503 2972 tua,
1533 2908 1791 2962 accinctus
1820 2908 2044 2976 potentia
2062 2949 2078 2973 ,

484 2981 852 3039 elconturbans
872 2979 1092 3050 fundum
1118 2980 1298 3045 maris,
1320 2997 1503 3034 sonum
1523 2981 1773 3051 ﬂuctuum
1802 2982 1933 3051 ejus.

558 3054 667 3108 lloc
716 3054 832 3107 loco
878 3066 983 3105 non
1031 3052 1098 3105 ad
1144 3061 1478 3107 terrenorum
1526 3050 1785 3104 montium
1824 3050 2080 3106 naturam

2192 420 2283 487 rit,
2313 431 2368 476 et
2412 424 2653 477 seculum
2684 420 3054 491 nuncupatur;
3068 420 3205 480 sicui
3231 425 3342 479 ait:
3372 424 3485 479 Hoc
3512 440 3652 478 mare
3677 441 3787 478 ma-

2189 507 2347 566 gnum
2383 502 2441 566 et
2476 497 2793 566 spatiosum;
2826 494 2894 548 ibi
2922 495 3227 566 requiescet
3258 496 3448 566 Draco,
3479 511 3629 565 quem
3654 495 3784 566 ﬁgu-

2189 563 2313 637 rasti
2332 563 2401 616 ad
2426 563 2758 637 inludendum
2779 566 2926 618 illuni
2948 564 3065 637 (Ps.
3096 582 3208 629 cut,
3227 563 3342 637 ‘25).
3369 563 3578 621 Montes
3607 563 3784 637 igitur,

2189 632 2244 687 id
2275 642 2376 700 est,
2402 636 2706 708 adversarii
2728 650 2939 702 omnes,
2956 632 3138 705 ptume
3163 632 3347 706 judicii
3381 632 3785 708 praeparantur,

2194 711 2251 759 et
2277 706 2441 759 maris
2470 704 2814 761 fundamenta
2848 704 3221 763 turbabuntur.
3247 708 3301 763 In
3328 704 3518 763 horum
3546 709 3691 763 enim
3723 708 3788 763 li-

2188 775 2344 829 ducia
2392 776 2650 831 saeculum
2696 778 3064 845 consistebat;
3116 781 3330 835 turbato
3375 780 3518 835 enim
3566 778 3786 837 Diabolo

2189 847 2368 901 omnia
2433 848 2635 903 erroris
2691 850 2771 903 sui
2813 849 3111 905 ministeria
3163 851 3535 906 turbabuntur.
3587 849 3788 906 Recor-

2190 916 2379 971 demur
2398 927 2575 973 autem
2604 934 2897 986 murmura,
2920 931 2971 974 et
2995 920 3366 978 bacchantium
3399 920 3662 987 fremitus,
3677 937 3790 977 om-

2190 987 2353 1069 nium_
2406 988 2639 1069 denique
2705 992 3046 1069 profannrtnu
3126 992 3597 1069 cmrimoniorttm_
3629 1003 3787 1069 cantu

2190 1058 2447 1129 mundum
2496 1058 2787 1129 aliquando
2841 1064 3141 1119 sonuisse:
3184 1080 3327 1120 nunc
3380 1079 3509 1119 vero
3567 1064 3788 1119 Domino

2189 1127 2406 1204 Christo
2431 1127 2802 1198 prdidi—cando,
2829 1133 2990 1188 silere
3018 1134 3220 1202 omnia,
3255 1145 3311 1191 et
3341 1135 3607 1204 trepidare
3627 1176 3642 1200 ,
3670 1150 3787 1191 cum

2190 1201 2473 1273 Antistites
2530 1204 2851 1273 templorum
2923 1201 3250 1261 insanientes
3317 1201 3553 1261 lidelium
3608 1208 3789 1262 virtuti

2188 1271 2568 1341 aubjicinntur,
2584 1271 2704 1327 cum
2720 1274 2991 1348 jnstorum
3017 1276 3195 1332 verbis
3220 1286 3558 1348 torquentur,
3582 1278 3791 1332 lanian-

2189 1348 2297 1407 tur,
2329 1354 2574 1409 uruntur,
2607 1346 2916 1413 puniuntur.
2956 1346 3070 1419 iPer
3095 1350 3209 1402 lucc
3243 1346 3424 1418 itaque
3447 1348 3557 1415 jam
3592 1349 3793 1419 judicio

2190 1423 2582 1490 prii-parantur,
2610 1424 2666 1469 ct
2688 1418 3005 1490 prmparatio
3019 1419 3115 1473 ista
3135 1419 3259 1489 quid
3280 1420 3518 1489 proﬁciat
3533 1435 3789 1490 agnosce.

2262 1481 2629 1559 Turbnbuntur
2649 1526 2664 1550 ,
2690 1481 2860 1556 inquit
2884 1529 2898 1552 ,
2924 1501 3096 1559 gentes
3115 1532 3130 1555 ,
3152 1481 3211 1544 ἐι
3236 1481 3481 1547 timebunt
3508 1506 3527 1545 :
3551 1481 3794 1546 videntes

2190 1553 2370 1623 itaque
2399 1554 2537 1609 Deos
2560 1569 2688 1629 suos
2716 1553 3002 1622 m'utosfet
3023 1560 3088 1613 ad
3113 1553 3511 1629 impositionem
3539 1577 3792 1617 manuum

2191 1634 2497 1702 nostrarum
2523 1626 2742 1702 vocibus
2774 1629 3138 1702 ingemcntes:
3171 1626 3264 1686 sed
3293 1642 3412 1702 post
3434 1633 3792 1688 turbationem

2191 1696 2432 1767 gentium
2461 1707 2515 1750 ct
2562 1697 2616 1751 hi
2648 1696 2947 1765 timebunt,
2978 1703 3064 1769 qui
3104 1696 3405 1759 iuhabiiunt
3449 1704 3606 1759 lines.
3649 1704 3796 1759 Finis

2188 1775 2369 1843 autem
2403 1776 2964 1843 postremum‘tempus
2986 1779 3091 1838 est,
3121 1774 3173 1828 in
3201 1790 3308 1842 quo
3335 1790 3421 1829 res
3453 1775 3566 1843 ipsa
3591 1774 3792 1831 deficit:

2192 1830 2632 1911 videatnusergo
2658 1880 2673 1905 ,
2719 1830 2771 1893 lii
2796 1830 2883 1909 qui
2915 1841 3050 1898 lines
3079 1830 3366 1910 'habi'tant,
3390 1830 3487 1899 cur.
3508 1846 3794 1911 timebunt,

2188 1916 2245 1962 et
2268 1908 2410 1987 unde
2439 1908 2545 1987 illis
2568 1919 2760 1987 m_etus_
2780 1908 3023 1987 iugguat;
3055 1917 3296 1985 sequitur
3334 1908 3567 1987 namque
3592 1935 3606 1970 :
3641 1917 3705 1971 Et
3734 1908 3797 1972 ti;

2188 1978 2393 2058 mebunt
2427 1996 2459 2031 a
2478 1981 2648 2058 signis
2686 1981 2807 2037 tuis.
2842 1978 3016 2058 Metus
3043 1978 3175 2058 ergo
3203 1988 3379 2042 omnis
3405 2003 3435 2040 a
3463 1978 3633 2058 signis
3666 1998 3750 2043 est
3781 2005 3794 2041 :

2190 2050 2287 2130 sled
2328 2065 2448 2130 qua:
2478 2050 2592 2106 haec
2618 2062 2777 2106 erunt
2814 2054 2965 2125 signa
2985 2057 3016 2130 '!_
3034 2050 3219 2130 Exitus
3246 2059 3482 2130 matutini
3510 2050 3557 2113 Et
3597 2073 3799 2130 vespere

2188 2118 2502 2195 delectabili:
2525 2137 2646 2177 nam
2675 2134 2793 2193 post
2812 2118 3110 2181 eo'nturbati
3144 2129 3307 2183 maris
3332 2128 3578 2195 fundum,
3613 2118 3795 2185 maxi-

2189 2206 2334 2263 mum
2366 2193 2471 2263 Dei
2498 2195 2710 2263 signum
2751 2204 2837 2250 est
2873 2195 2991 2251 dies
3028 2201 3078 2252 in
3112 2200 3466 2255 orationibus.
3510 2193 3799 2256 ln’choatnr

2189 2259 2417 2341 hymnis
2447 2259 2696 2341 Dei'dics
2728 2282 2740 2319 :
2770 2265 3004 2321 cluditur
3046 2271 3352 2341 secundum
3403 2271 3546 2341 quod
3592 2270 3798 2327 dictum

2186 2339 2271 2385 est
2303 2348 2317 2385 :
2345 2330 2582 2416 Elevatio
2627 2353 2873 2416 manuum
2918 2330 3626 2416 sacriﬁciumpespértinum
3677 2342 3797 2416 (Ps.

2186 2403 2452 2483 culti).
2479 2406 2731 2483 Succedit
2752 2417 2807 2462 et
2836 2408 2940 2483 hoc
2958 2403 3192 2483 sequens
3220 2403 3457 2483 signum.

2272 2472 2503 2530 Visitasti
2548 2487 2768 2546 terram,
2806 2489 2853 2533 et
2884 2472 3143 2537 inebriasti
3175 2472 3307 2538 cani.
3338 2483 3586 2540 Visitavit
3618 2496 3798 2542 autem

2189 2545 2331 2601 Deus
2357 2554 2577 2624 terram,
2594 2548 2646 2602 id
2666 2545 2771 2614 est,
2786 2549 3014 2624 humani
3040 2556 3253 2624 generis
3275 2556 3632 2622 nativitatem,
3654 2573 3800 2613 eam-

2186 2631 2299 2691 que
2322 2618 2587 2673 visitatam
2628 2635 2724 2690 per
2764 2620 3023 2691 Spiritum
3043 2618 3297 2680 sanctum
3325 2618 3633 2683 inebriavit.
3666 2628 3799 2684 Mul-

2188 2688 2442 2766 tiplicata_
2455 2688 2765 2766 muneribus
2809 2688 3107 2766 'Deigdives
3136 2696 3391 2763 efﬁcitur,
3422 2699 3691 2766 Apostolo
3719 2700 3798 2755 di-

2185 2768 2381 2836 centes
2414 2757 2481 2836 In
2524 2761 2943 2836 omnibusditati
2991 2767 3110 2819 estis
3158 2768 3211 2821 in
3255 2757 3535 2836 ipso'om'ni
3577 2770 3728 2824 verbo
3754 2781 3798 2825 et

2184 2830 2396 2923 {cientis
2427 2828 2484 2903 (l
2514 2829 2712 2923 ϐίῃ-..1,
2732 2833 2826 2923 .5).
2852 2833 2946 2889 llis
2972 2837 3115 2923 enim
3141 2828 3595 2923 bpni'sreplemur
3618 2844 3799 2923 quoti—

2185 2901 2307 2972 die,
2340 2901 2501 2971 atque
2545 2903 2680 2957 ebrii
2730 2918 2951 2972 sumus;
2986 2920 3039 2962 et
3087 2908 3229 2965 unde
3274 2910 3347 2964 sit
3383 2901 3485 2966 iste
3513 2901 3796 2968 ebrietatis

2088 2979 2107 2997 '
2191 2968 2481 3043 fruetus'in
2518 2976 2870 3043 sequentibus
2895 2968 3009 3031 ait:

2260 3040 2481 3126 Flumen
2509 3040 2609 3125 Dei
2650 3045 2901 3126 repletum
2944 3059 3016 3103 est
3046 3066 3197 3126 aqua.
3243 3049 3376 3126 Nam
3405 3051 3457 3107 in
3500 3052 3799 3126 Evangelia

486 3140 667 3180 sermo
697 3124 798 3179 iste
823 3121 1150 3195 extenditur,
1174 3120 1267 3195 sed
1310 3123 1399 3193 qui
1434 3122 1518 3195 isti
1552 3124 1659 3175 sint
1690 3130 1900 3176 montes
1943 3122 2081 3177 alius
2108 3130 2153 3193 ς
2186 3112 2264 3195 sic
2290 3115 2365 3167 ait
2386 3130 2404 3195 A:
2432 3113 2533 3195 Qui
2560 3112 2832 3195 crediderit
2845 3118 2913 3195 .in
2944 3136 3042 3189 me,
3064 3112 3462 3195 sicutscriptum
3485 3134 3559 3179 est
3578 3112 3800 3195 [luinina

481 3195 746 3268 pmpheta
790 3192 1066 3268 ostendit;
1101 3191 1311 3268 Audite,
1331 3191 1519 3263 populi
1541 3202 1823 3268 omnes_,_et
1839 3196 2083 3268 _attendat

482 3261 641 3331 ierra,
665 3276 712 3321 et
733 3280 907 3319 omnes
938 3264 1219 3317 habitantes
1238 3263 1294 3316 in
1334 3261 1433 3319 ea:
1462 3273 1508 3317 et
1538 3264 1631 3316 erit
1653 3263 1791 3317 vobis
1829 3261 2084 3317 Dominus

484 3338 621 3393 Deus
648 3338 699 3391 in
724 3337 1032 3402 testimonio,
1058 3333 1310 3389 Dominus
1337 3334 1475 3389 Deus
1502 3334 1563 3388 de
1588 3333 1739 3387 domo
1765 3344 1942 3388 sancta
1965 3353 2081 3390 sua.

483 3408 706 3477 PrOpter
722 3406 870 3475 _quod
890 3423 1006 3461 ecce
1035 3406 1171 3460 Deus
1195 3405 1466 3462 descendet
1493 3404 1556 3459 de
1580 3406 1693 3459 loco
1719 3420 1813 3459 suo
1832 3446 1849 3471 ,
1888 3414 1935 3459 et
1970 3407 2086 3461 des-

478 3480 656 3536 cendet
675 3494 831 3546 super
858 3478 1059 3532 excelsa
1086 3486 1253 3541 terra,
1278 3488 1324 3532 et
1343 3484 1566 3532 conteret
1588 3487 1780 3531 montes
1803 3477 1981 3531 subtus
2005 3493 2080 3542 se,

480 3561 527 3605 et
553 3551 709 3604 valles
747 3550 1295 3619 liquescenttanquam
1332 3564 1451 3619 cera
1479 3564 1511 3601 a
1539 3546 1671 3617 facie
1712 3546 1847 3616 ignis
1874 3558 2084 3619 propter

480 3565 527 3605 et
553 3565 709 3604 vattes
747 3565 1023 3617 uquesceru
1053 3565 1295 3670 tanquam
1334 3565 1451 3603 cera
1479 3565 1511 3601 a
1539 3565 1671 3617 [acte
1712 3565 1847 3616 ignis
1874 3565 1946 3619 pri

479 3622 791 3703 impietatem
812 3617 1133 3703 {acob.(Mic
1153 3636 1189 3703 ιζ
1222 3634 1261 3683 t,
1291 3618 1369 3703 2).
1520 3690 1532 3702 .
1580 3698 1591 3703 Δ
1804 3697 1815 3703 Δ
1914 3688 1946 3703 ν

556 3688 688 3746 Nam
728 3703 783 3745 et
826 3689 880 3744 in
925 3688 1035 3743 alio
1080 3690 1286 3758 psalmo
1325 3688 1402 3745 ita
1430 3690 1689 3759 scriptum
1736 3688 2077 3744 ostenditur:

481 3762 746 3818 Commota
775 3771 847 3831 est
874 3770 921 3814 et
962 3761 1260 3814 contremuit
1302 3771 1459 3827 terra,
1498 3773 1544 3815 et
1572 3760 1909 3831 fundamenta
1939 3778 2084 3816 mon.

478 3836 609 3889 tium
634 3830 940 3902 conturbata
969 3839 1084 3902 sunt
1113 3841 1159 3884 et
1190 3841 1443 3886 commota
1463 3842 1605 3897 sunt,
1635 3832 1876 3902 quoniam
1920 3833 2084 3886 iratus

482 3915 557 3960 est
582 3905 653 3959 eis
679 3901 835 3975 Deus.
866 3900 1109 3957 Ascendit
1138 3903 1311 3972 [unius
1338 3902 1400 3956 ab
1426 3903 1505 3956 ira
1528 3900 1660 3974 ejus,
1685 3913 1728 3957 et
1748 3904 1882 3975 ignis
1906 3906 2085 3973 afacie

479 3981 594 4050 ejus
621 3974 910 4050 exardescet
933 4014 949 4039 ,
979 3981 1039 4050 et_
1054 3975 1298 4050 carbones
1326 3975 1528 4050 accensi
1568 3984 1687 4050 sunt
1715 3974 1867 4050 abeo
1884 4015 1898 4037 ,
1930 3975 2084 4050 etin-

479 4043 686 4118 c'linnvit
712 4044 979 4110 ctelum,et
1004 4043 1285 4118 descendit,
1316 4054 1365 4099 et
1392 4045 1678 4118 caligosub
1700 4045 2078 4118 pedibusejus.

480 4117 627 4173 Misit
652 4117 887 4185 sagittas,
924 4124 971 4170 et
999 4115 1263 4187 dissipavit
1284 4132 1390 4180 eos,
1412 4126 1468 4187 _et
1495 4115 1707 4187 fulgura
1732 4115 2083 4187 multiplicauit

478 4200 526 4245 et
552 4184 869 4243 conturbavit
896 4202 981 4239 eos
1010 4184 1127 4256 (Ps.
1153 4186 1376 4258 xvn,8).
1411 4185 1466 4241 in
1496 4184 1601 4252 his,
1634 4184 1893 4257 quantuni
1923 4189 2083 4243 lectio

479 4261 660 4324 docet,
684 4258 972 4312 adventum
1003 4257 1211 4329 Domini
1236 4258 1303 4313 de
1331 4258 1472 4313 caelo
1495 4273 1588 4327 per
1620 4258 1935 4329 proiihetam
1962 4258 2084 4329 Spi-

478 4333 616 4388 ritus
645 4330 875 4385 Sanctus
917 4328 1188 4392 ostendit,
1222 4338 1422 4384 metum
1456 4328 1653 4395 teme;
1679 4330 1943 4385 montium
1977 4328 2084 4385 tre—

478 4402 846 4488 pidziiionem;
881 4398 952 4488 ob
978 4400 1180 4481 idquia
1218 4402 1398 4488 iratus,
1419 4402 1499 4488 sit
1520 4400 1600 4488 eis
1625 4399 2082 4488 Deuspiumode

479 4469 557 4529 ira
586 4472 703 4542 ejus
750 4479 979 4542 exorto,
1027 4469 1204 4539 ignem
1249 4470 1506 4539 deinceps
1538 4469 1607 4526 de
1635 4478 1927 4542 conspectu
1964 4471 2083 4541 ejus

478 4540 844 4600 accendendo.
882 4540 1080 4596 Fumus
1110 4542 1198 4612 qui
1237 4544 1481 4597 ascendit
1530 4540 1790 4611 praeteriti
1823 4540 2083 4610 temperis

479 4629 569 4672 res
614 4622 695 4667 est
725 4633 737 4665 ;
767 4612 827 4683 in;
852 4613 994 4683 igne,
1022 4611 1147 4682 quia
1193 4611 1329 4668 facie
1370 4614 1487 4683 ejus
1535 4612 1870 4675 exardescit,
1916 4612 2081 4668 futuri

480 4684 743 4752 temporis
788 4681 1109 4751 significatio
1153 4681 1492 4753 continetur.
1542 4683 1653 4738 llos
1692 4698 1821 4753 ergo
1871 4693 2083 4739 montes

478 4757 693 4828 sagittae
723 4754 1106 4828 dissipabunt,
1137 4763 1191 4808 et
1221 4752 1428 4824 fulgura
1468 4752 2081 4828 multiplicatacoutur-

482 4825 650 4890 bant;
708 4840 925 4880 omnem
984 4825 1193 4880 scilicet
1251 4825 1741 4896 supereminentem
1801 4827 2079 4881 virtutem.

481 4899 816 4967 Quicumque
847 4912 905 4951 se
927 4906 1113 4951 contra
1146 4893 1600 4967 Deum—exultabis
1627 4893 1838 4967 oneret,
1869 4897 1961 4950 ira:
1987 4896 2078 4952 Dei

482 4964 745 5026 siihditus'
771 4968 936 5048 erit;
958 4966 1293 5048 descendens
1337 4969 1497 5048 igitur
1530 4969 1667 5048 Deus
1721 4964 1952 5048 Verbum
1994 4983 2083 5024 as-

485 5050 759 5107 sumptum
789 5039 890 5092 sibi
924 5037 1196 5092 hominem
1230 5040 1463 5107 potentia
1503 5040 1821 5107 accingeris,
1852 5038 2083 5107 primum

483 5111 605 5165 hare
625 5122 834 5162 summa
854 5110 1116 5190 montium
1139 5110 1426 5179 depressit,
1453 5108 1656 5191 Diabpli
1672 5108 1887 5191 scilicet
1905 5111 2085 5191 excel-

478 5181 707 5237 lentiam
757 5180 1036 5250 protrivit,
1084 5195 1244 5247 quem
1286 5196 1459 5250 pennae
1503 5179 1686 5248 judieii
1722 5180 2080 5250 _prmparavit.

488 5250 735 5309 Servavit
759 5248 881 5303 ideo
912 5250 1049 5303 hanc
1080 5248 1337 5318 proriheta
1371 5252 1673 5315 rationem,
1702 5248 1891 5304 dicens
1921 5267 1934 5303 :

561 5321 876 5392 Prwparuns
896 5330 1093 5375 montes
1116 5322 1171 5374 in
1199 5321 1380 5376 virtute
1406 5332 1514 5392 tua,
1543 5321 1802 5375 accinctus
1830 5322 2077 5391 potentia.

488 5394 607 5452 Non
637 5392 782 5448 enim
814 5393 983 5446 virtus
1008 5392 1322 5461 accingitur,
1352 5391 1446 5447 sed
1471 5393 1523 5445 in
1554 5393 1749 5446 virtute
1776 5392 1874 5447 Dei
1894 5402 2081 5460 poten—

485 5467 562 5522 tia
584 5464 836 5527 hominis,
862 5462 913 5517 id
940 5472 1045 5529 est,
1066 5461 1118 5518 ei
1141 5463 1384 5531 corporis
1405 5461 1547 5534 quod
1565 5464 1751 5534 deerat
1778 5470 2081 5534 eoaptatur.

493 5537 623 5608 Ejus
653 5551 782 5605 ergo
822 5534 1054 5608 hominis
1076 5534 1334 5608 potentia,
1364 5532 1522 5608 quem
1564 5533 1704 5589 Deus
1744 5532 2082 5605 adsumpsit,

493 5604 793 5677 accingitur
820 5606 873 5660 in
907 5606 1128 5677 virtute.
1161 5604 1364 5660 Dehinc
1391 5605 1466 5659 ait
1495 5622 1508 5657 :

567 5676 669 5747 Qui
694 5677 960 5731 conturbat
985 5676 1205 5750 fundum
1240 5678 1435 5750 maris,
1457 5692 1639 5750 sonum
1657 5677 1924 5750 ﬂuctuum
1954 5677 2090 5747 ejus.

493 5745 787 5805 Comm-bat
809 5745 995 5804 autem
1016 5764 1120 5806 non
1146 5762 1314 5819 mare,
1342 5747 1438 5805 sed
1462 5748 1625 5803 maris
1650 5745 1872 5803 fniidum
1896 5763 1912 5814 ;
1944 5745 2092 5803 mare

2189 3184 2589 3264 debentrehejus
2610 3188 2776 3241 exient
2806 3186 2915 3258 (lo.
2943 3184 3038 3256 tu,
3062 3192 3176 3261 58).
3202 3184 3468 3264 lloc'ergo
3489 3184 3710 3252 dicebat
3732 3198 3799 3253 de

2189 3253 2415 3332 Spiritu_
2439 3253 2640 3312 sancto
2662 3253 2876 3332 ,‘quem
2918 3253 3189 3332 accepturi
3232 3253 3720 3323 erantvcrcdentes
3748 3270 3797 3325 iu

2186 3324 2487 3408 enimiloc
2508 3343 2636 3408 ergo
2681 3324 2882 3408 ﬂumen
2935 3324 3210 3408 Dei-aqua
3251 3338 3489 3405 repletur
3515 3378 3529 3400 ,
3560 3338 3796 3408 Spiritus

2187 3397 2547 3468 cnimSaucti
2580 3401 2895 3458 muneribus
2942 3397 3233 3459 inundatur
3256 3446 3271 3468 ,
3300 3397 3355 3461 ἐι
3391 3408 3441 3461 in
3474 3397 3575 3461 nos
3603 3397 3677 3464 'ex
3709 3409 3800 3465 illo

2186 3468 2310 3522 vita:
2331 3467 2481 3545 fonte
2502 3469 2697 3545 ﬂuvius
2728 3472 2819 3526 Dei
2850 3490 2986 3544 aqua
3012 3467 3594 3545 repletusinfunditur.
3624 3479 3802 3536 Habe—

2189 3554 2307 3620 mus
2335 3540 2505 3620 etiam.
2529 3549 2583 3595 et
2608 3542 2789 3620 cibum
2817 3540 3263 3620 pai‘atum':m_quisr
3283 3548 3370 3603 hic
3393 3549 3547 3603 cibus
3572 3561 3659 3605 est
3678 3594 3695 3620 ,
3726 3552 3802 3607 vi-

2186 3609 2431 3693 deamus.
2464 3609 2532 3666 Ut
2551 3620 2732 3667 autem
2757 3609 2874 3672 haec
2898 3618 3077 3672 omnia
3108 3609 3269 3674 l'u'turi
3295 3620 3553 3693 temporis
3574 3609 3803 3679 doceret

2187 3694 2333 3745 esse,
2364 3692 2439 3736 ait
2463 3698 2476 3734 :

2259 3752 2567 3836 Divosejus
2596 3753 2817 3836 inebria,
2848 3758 3135 3828 multiplica
3170 3762 3521 3831 generationes
3568 3766 3717 3836 ejus;
3748 3766 3801 3820 in

2186 3822 2599 3898 stillicidiis'ejus
2628 3826 2891 3898 (celabitur
2908 3822 3024 3884 cum
3050 3822 3329 3886 exorietur.

2260 3894 2427 3975 Terra
2455 3894 2634 3975 autem
2682 3897 2896 3975 visitata
2943 3902 3207 3975 inebriata
3247 3911 3367 3970 est;
3417 3913 3468 3959 et
3524 3907 3801 3975 quomodo

2187 3979 2329 4019 nunc
2348 3966 2490 4050 "rivi.
2517 3967 3069 4050 ejusninebrianturf.t
3094 3966 3452 4050 _inebriauiur
3483 3966 3663 4031 autem
3700 3980 3800 4050 ipsi

2185 4050 2309 4120 cum
2348 4034 2607 4120 Spiritum
2639 4037 3252 4120 Sanctumaccipimus.
3285 4045 3487 4101 Dehinc
3517 4056 3637 4102 orat
3668 4034 3796 4120 pio-

2186 4107 2347 4177 pheta
2368 4149 2384 4174 ,
2419 4119 2477 4161 ut
2508 4110 2606 4187 hos
2629 4109 2854 4187 eosdem
2883 4115 3028 4170 rivos
3050 4107 3301 4187 inebriet,
3334 4125 3392 4171 ut
3415 4107 3798 4187 generationes

2187 4189 2390 4261 nostra:
2431 4181 2875 4261 multiplicemur,
2909 4194 2967 4261 ut
2997 4196 3139 4241 terra
3167 4181 3375 4261 scilicet
3407 4181 3544 4243 bona
3589 4205 3795 4246 secun-

2186 4247 2313 4332 dum
2335 4247 2607 4332 Evangelii
2630 4247 3089 4332 comparationem
3116 4257 3263 4314 verbi
3280 4273 3466 4314 semen
3490 4261 3796 4332 excipiens,

2188 4317 2703 4399 lruclu_tricesimo,
2735 4317 2790 4380 et
2815 4330 3185 4399 sexagesimo,
3216 4340 3270 4383 et
3321 4317 3791 4389 centesimo'dite-I

2186 4401 2302 4446 seat
2332 4409 2343 4444 :
2380 4391 2430 4446 id
2454 4402 2640 4469 est,_ut
2671 4407 2790 4469 post
2815 4391 3074 4469 Baptismi
3099 4391 3349 4469 gaudium
3385 4402 3576 4457 subeat
3613 4403 3669 4458 in
3701 4420 3801 4460 nos

2187 4464 2509 4540 sacramenti
2560 4464 2917 4540 intelligentia
2943 4510 2957 4531 ,
2993 4464 3288 4540 prophetiae
3325 4472 3581 4538 scientia,
3615 4488 3799 4531 sermo

2190 4534 2496 4616 sapientia},
2512 4534 3209 4616 sanationumcharismiita,
3228 4552 3285 4597 et
3298 4534 3803 4616 daemoniasubjec-

2190 4613 2240 4657 ta
2274 4606 2588 4687 sintnobis.
2622 4604 2749 4687 llaec
2779 4610 2922 4687 enim
2970 4628 3069 4668 nos
3112 4604 3364 4687 tanquam
3398 4604 3801 4687 stillicidia'pe-

2189 4682 2439 4755 netrant,
2468 4690 2589 4755 qua:
2631 4677 2885 4755 paulatim
2935 4694 3111 4753 empta
3154 4677 3387 4738 fructum
3439 4677 3798 4755 multiplicem

2186 4747 2482 4823 exuberant
2514 4747 2613 4823 :_i_n
2669 4747 2753 4802 his
2801 4752 2964 4823 igitur
3010 4747 3296 4809 stillicidiis
3339 4770 3461 4810 cum
3512 4747 3800 4815 exurietur

2188 4826 2330 4895 terra
2358 4857 2385 4895 ,_
2406 4818 2698 4895 laetabitur,
2730 4818 3132 4895 sedvrstillicidia
3158 4825 3583 4895 multiplicantur
3610 4837 3669 4884 ut
3700 4831 3800 4889 rivi

2186 4888 2315 4952 sint,
2346 4889 2443 4943 rivi
2470 4899 2648 4945 autem
2692 4894 3028 4949 inebriantur
3051 4904 3109 4949 ut
3131 4888 3351 4951 ﬂumina
3375 4897 3501 4951 sint.
3534 4897 3668 4955 Post
3698 4888 3799 4957 ista

2190 4958 2492 5031 insequitur
2516 4962 2752 5031 psalmus
2780 4965 3011 5021 dicendo
3044 4984 3056 5020 :

2259 5028 2536 5108 Benedices
2563 5030 2785 5108 Domino
2808 5051 3049 5108 coronam
3074 5037 3198 5091 anni
3230 5038 3555 5108 benignitatis
3581 5052 3705 5097 tute.

2260 5105 2473 5156 Annum
2503 5103 2691 5157 aeterni
2721 5117 2776 5160 et
2804 5107 2943 5161 beati
2971 5109 3111 5161 illius
3140 5110 3309 5163 seculi
3345 5103 3475 5167 'sine
3499 5111 3667 5168 dubio
3697 5114 3799 5169 de-

2187 5170 2377 5249 clarat,
2393 5176 2516 5249 quia
2537 5174 2791 5231 bonitatis
2810 5176 3019 5249 Domini
3044 5178 3129 5232 hic
3154 5194 3327 5235 annus
3353 5189 3456 5236 est.
3478 5182 3649 5249 Hujus
3667 5186 3798 5240 anni

2190 5242 2762 5319 benediciturcorona,
2785 5247 3001 5303 visitata
3038 5250 3182 5304 enim
3210 5258 3350 5305 terra
3369 5242 3799 5319 jucundissimus

2186 5329 2402 5396 annusp
2419 5326 2474 5370 et
2493 5316 2840 5396 suavissimus
2860 5324 2963 5373 erit
2979 5321 3133 5396 :_lttet_:
3158 5325 3301 5396 enim
3322 5316 3797 5396 Christigestpote¢

2190 5394 2329 5463 state
2356 5387 2601 5451 victoria;
2619 5387 2733 5442 hinc
2757 5402 2957 5463 corona
2978 5391 3186 5447 Domini
3217 5392 3354 5449 ﬂore
3380 5387 3658 5451 benedictu
3689 5410 3793 5463 est,

2188 5455 2507 5533 Sanctorum
2533 5471 2771 5533 _snorum
2814 5460 2979 5533 choro
3025 5464 3312 5533 gloriosus.
3348 5464 3497 5519 Tunc
3544 5455 3797 5525 ubertate

2189 5528 2366 5605 campi
2380 5527 2750 5605 replebuutur,
2768 5539 2892 5605 tunc
2907 5527 3106 5593 deserti
3125 5537 3255 5591 lines
3276 5536 3651 5605 pinguescent,
3668 5550 3799 5596 tunc

2192 5598 2359 5677 colles
2380 5599 2743 5677 exsultatione
2761 5598 3478 5677 accingenturgtuneariétes
3497 5598 3680 5664 ovium
3709 5612 3795 5665 in-

2193 5669 2454 5752 duentur:
2472 5679 2597 5726 tunc
2607 5674 2751 5752 enim
2773 5669 3238 5732 retributionis'est
3257 5684 3468 5746 tempus
3485 5678 3798 5752 ;_in‘campis

2197 5740 2341 5799 enim
2370 5756 2597 5812 quorum
2625 5746 2853 5804 culturae
2899 5762 3026 5804 usus
3050 5755 3173 5815 est,
3201 5761 3263 5801 ea
3290 5740 3412 5817 qua:
3437 5740 3539 5805 sub
3578 5740 3798 5821 lege'et
