3920 6214
118 234 218 293 XVII

1509 225 1898 283 ΡΒᾸΞΕΑΤΙΟ.

3197 222 3363 281 XVIII

123 348 276 402 cultura
303 343 397 398 Dei
445 341 650 396 fuerint
690 356 849 412 opera
871 383 885 406 ,
917 343 1212 397 ubertatem
1245 351 1664 410 consequentur.
1696 343 1751 402 A
1794 411 1801 412 ί
1851 339 2032 394 Omnis
2061 349 2196 412 terra
2224 340 2434 412 adorent
2463 338 2579 412 tibi,
2614 350 2658 392 et
2684 341 2902 412 psallent
2929 343 3057 396 tibi:
3098 340 3368 396 Psalmum

126 419 194 475 Ubi
227 427 389 469 autem
421 415 559 468 lines
584 412 785 468 deserti
815 414 1163 484 pingueseent
1185 453 1200 476 ,
1231 413 1516 484 Ecclesiae,
1547 429 1666 484 qua:

124 491 286 543 deserta
329 483 466 550 fuit,
519 485 756 552 populus
780 483 1213 554 reproinissionis
1257 483 1431 539 fructu
1477 486 1666 540 iterum

121 560 293 615 ditatur.
308 556 362 610 ln
377 556 612 611 collibus
632 571 760 610 vero
777 557 1132 610 exsultatione
1156 555 1412 610 accinctis
1435 555 1668 624 gloriosa

123 638 358 699 martyrum
389 627 581 699 gaudia
616 626 962 699 nuntiantur;
997 627 1050 680 hi
1095 627 1234 681 enim
1274 635 1399 681 sunt
1429 625 1669 699 homini-

122 697 407 756 hnsczeteris
457 697 698 752 altiores.
731 697 864 752 Cum
895 709 1075 752 autem
1125 700 1318 753 arietes
1355 698 1534 751 ovium
1583 697 1667 751 in-

121 772 328 834 duentur,
357 768 798 837 patriarcharum,
830 778 883 823 et
919 770 1325 839 prephetarnm,
1359 777 1413 823 et
1439 770 1668 837 Aposto-

122 844 258 898 lorum
294 850 489 895 mterna
533 839 616 892 illa
649 849 703 895 et
747 839 901 895 beata
928 840 1092 894 vestis
1117 881 1132 905 ,
1160 841 1246 908 qui
1294 841 1459 893 duces
1499 840 1668 894 sancti

122 914 264 984 gregis
286 920 435 984 sum,
467 911 782 984 ostenditur.
816 910 930 984 Hoc
969 926 1098 980 ergo
1126 910 1442 984 indumento
1471 911 1670 984 arietes

121 981 265 1039 ovium
288 982 564 1037 induentur
583 1023 596 1045 ,
626 983 803 1038 ethoc
841 982 1095 1052 gloriosae
1124 981 1541 1037 immortalitatis
1571 981 1667 1035 ha-

123 1056 213 1111 bitu
237 1054 538 1109 vestiuntur.

179 1126 232 1180 Et
257 1125 494 1179 convalles
521 1165 534 1190 ,
561 1123 756 1192 inquit,
796 1123 1127 1179 abundabunt
1165 1127 1418 1194 frumento
1446 1139 1463 1177 :
1493 1122 1670 1178 humi—

122 1198 253 1252 liores
280 1197 510 1260 scilicet,
557 1205 718 1264 atque
765 1199 944 1265 aperis
991 1195 1112 1248 boni
1146 1196 1390 1249 homines
1438 1196 1668 1249 fructum

121 1269 218 1323 vitae
239 1267 534 1333 sortientur,
565 1282 672 1320 non
699 1268 843 1322 enim
875 1267 1171 1322 ubertatem
1203 1267 1582 1335 replchuntur,
1613 1274 1672 1319 ut

120 1339 258 1407 campi
282 1380 294 1402 ,
323 1353 494 1406 neque
522 1338 884 1392 exsultatione
909 1337 1256 1406 accingeutur
1282 1378 1296 1402 ,
1326 1346 1384 1390 ut
1414 1346 1623 1390 montes
1651 1376 1667 1401 ,

119 1413 190 1465 sed
215 1410 461 1465 frumento
485 1419 688 1462 tantum
719 1408 1100 1472 abundabunt;
1134 1407 1182 1460 id
1201 1418 1282 1463 est
1301 1407 1511 1462 vivendi
1539 1407 1669 1461 sub-

119 1483 272 1536 slantia
299 1496 398 1534 non
425 1480 685 1534 carebunt
715 1498 728 1532 :
758 1479 811 1534 hi
842 1480 985 1534 enim
1015 1479 1188 1547 campi
1220 1520 1235 1543 ,
1270 1477 1385 1532 haec
1413 1479 1623 1536 deserta
1653 1518 1667 1542 ,

116 1553 157 1607 lii
179 1554 318 1608 colles
345 1593 358 1617 ,
390 1551 472 1605 isti
513 1551 712 1606 arietes
736 1591 750 1615 ,
794 1551 908 1604 lucc
946 1550 1215 1604 convallia
1260 1549 1549 1602 clamabunt
1576 1590 1589 1614 ,
1617 1559 1672 1603 et

119 1628 322 1694 hymnum
369 1624 574 1694 dicent,
624 1633 676 1676 et
723 1623 954 1694 obhaac
997 1621 1204 1694 diversa
1233 1621 1668 1694 _re_tribntionum

117 1691 620 1780 pnemia'indel‘essis
649 1693 926 1748 -maximis
967 1691 1188 1747 vocibus
1233 1692 1327 1747 Dei
1377 1691 1666 1762 potentiam
1700 1719 1748 1780 Β

113 1766 455 1838 praedicabunt.

465 1879 718 1936 INCIPIT
758 1877 981 1936 PSALM
989 1877 1076 1935 US
1114 1877 1274 1935 LXV.

169 1975 374 2030 Jubilate
415 1971 550 2042 Deo,
596 1973 759 2027 omnis
798 1981 954 2039 terra,
994 1969 1260 2024 Psalntum
1290 1971 1442 2026 dicite
1479 1972 1672 2026 nomini

115 2065 223 2102 81118.

132 2069 380 2174 ﬁliiimum
401 2133 532 2187 ergo
549 2115 886 2187 juhilandum
905 2114 1015 2187 Deo
1040 2124 1358 2187 praemonet,
1378 2114 1669 2187 secundum

111 2191 404 2261 psallendum
450 2185 1037 2261 nomini_ejus,_dehiue
1055 2185 1284 2261 dandam
1304 2185 1676 2261 gloriamini;-

113 2256 280 2316 dationi
305 2262 454 2330 ejus;
490 2269 618 2314 tunc
642 2257 791 2312 dices
822 2257 1049 2330 Domino
1079 2257 1207 2330 Deo,
1241 2256 1392 2330 quam
1424 2256 1676 2330 terribilia

110 2343 204 2387 sunt
229 2327 372 2404 opera
400 2341 520 2386 tua:
550 2328 1229 2404 postremo_c_onﬁtendum_,
1262 2327 1328 2404 in
1350 2327 1678 2404 multitudine

111 2397 278 2458 virtutis
314 2415 411 2458 tua:
442 2397 751 2456 mentiemur
787 2399 877 2453 tibi
905 2400 1102 2453 inimici
1141 2399 1234 2452 tui.
1272 2397 1377 2454 Sed
1405 2399 1471 2453 ad
1504 2401 1674 2452 ratio-

109 2491 232 2541 nem,
256 2484 404 2544 atque
433 2473 684 2528 ordinem
717 2471 872 2544 hujus
901 2469 1170 2544 sermonis
1201 2470 1566 2544 necessarium
1593 2477 1678 2544 est

109 2547 171 2609 id,
193 2539 740 2616 quod'dil'ﬁeultatem
763 2539 935 2609 affert,
967 2541 1152 2611 paucis
1179 2540 1481 2597 absolvere.
1512 2539 1570 2594 ln
1601 2540 1678 2594 la-

111 2613 223 2671 linis
240 2617 514 2671 codicibus
542 2615 612 2669 ita
642 2613 868 2681 legimus
895 2630 907 2665 :

162 2687 368 2742 Jubilate
393 2688 508 2742 Deo
529 2727 544 2752 ,
577 2686 741 2739 omnis
771 2693 924 2738 terra.

163 2759 255 2814 Sed
276 2769 537 2828 quantum
564 2756 630 2811 ad
661 2757 858 2825 eloquii
890 2757 1058 2828 nostri
1087 2756 1532 2828 consuetudinem
1558 2771 1679 2826 per-

110 2829 236 2889 tinet.
254 2827 476 2899 iubilum
501 2827 786 2899 pastoralis
813 2827 1144 2899 agrestisque
1163 2827 1308 2881 vocis
1329 2843 1518 2881 sonum
1541 2843 1680 2882 nun-

105 2898 354 2970 cupamus,
383 2898 517 2957 eum
560 2898 614 2952 in
657 2898 1032 2952 solitudinibus
1063 2909 1153 2952 aut
1195 2899 1550 2969 respondens,
1588 2907 1682 2970 aut

107 2969 354 3042 requirens
388 2973 574 3042 ducta:
610 2970 661 3023 in
694 2969 917 3042 longum
947 2984 1112 3042 sonus
1157 2971 1322 3042 vocis!
1347 2970 1579 3024 auditur.
1620 2969 1678 3023 lu

109 3039 281 3099 Griecis
298 3061 423 3098 vero
453 3041 629 3104 libris,
662 3041 754 3110 qui
782 3057 844 3094 ex
877 3039 1146 3094 llebraico
1175 3040 1401 3110 proximi
1431 3051 1575 3102 sunt,
1606 3041 1678 3094 si-

1774 411 1956 465 dicant
1979 411 2180 484 uomini
2223 417 2336 480 tuo,
2367 411 2661 466 Altissime.
2697 411 2891 480 Venite,
2925 413 3116 484 inquit,
3143 423 3189 468 et
3211 413 3373 467 ridete

1773 498 1930 554 Opera
1970 481 2088 535 Dei.

1845 554 2126 609 lnvitantis
2141 553 2361 609 verbum
2387 561 2489 618 est,
2513 553 2812 625 doctriuam
2841 555 2982 611 enim
3008 556 3098 610 Dei
3119 563 3371 625 tanquam

1772 623 1825 678 in
1856 625 2053 679 vicinio
2096 626 2412 680 collocatam
2442 626 2638 694 posuit.
2672 624 2740 678 Et
2768 642 2882 681 cum
2911 628 3148 689 venisset,
3179 623 3373 696 inquit,

1771 696 2139 768 euangelizauit
2171 713 2348 765 pacem
2376 697 2453 749 his
2481 697 2568 768 qui
2595 697 2658 768 de
2686 697 2856 768 longe,
2885 707 2932 752 et
2975 714 3149 767 pacem
3178 697 3256 750 his
3285 696 3373 767 qui

1772 766 1836 839 de
1859 765 2019 838 prope
2045 765 2262 839 (Ep/tes.
2295 781 2353 830 ιι,
2381 765 2593 839 17).ίΕκ
2625 767 2742 837 lege
2772 765 2916 824 enim
2941 765 3089 823 multi
3116 765 3368 838 tanquam

1771 838 1838 910 de
1864 853 2029 907 prope
2057 838 2349 910 manentes
2382 838 2765 910 crediderunt;
2801 855 2871 895 ex
2905 839 3156 910 gentibus
3191 848 3373 894 autem

1771 909 1929 979 longe
1955 909 2143 978 positis
2161 909 2445 978 Pmphetae
2469 908 2780 977 praedicatio
2800 908 2990 967 omnes
3008 911 3073 965 ad
3092 910 3186 965 Dei
3209 925 3372 980 opera

1771 980 2324 1053 contuendaadvocat
2345 997 2358 1033 :
2382 980 2476 1035 sed
2505 996 2610 1035 non
2633 995 2901 1053 eagopera,
2920 998 3040 1053 qua:
3056 989 3371 1053 cunctorum

1773 1051 1945 1106 oculis
1970 1051 2209 1118 subjecta
2239 1061 2382 1114 sunt,
2413 1052 2558 1116 εαξη,
2600 1051 2759 1113 aeris.
2784 1051 3027 1108 terraiac
3045 1053 3206 1107 maris
3228 1071 3240 1104 :
3259 1051 3374 1108 lnrc

1772 1123 1917 1178 enim
1945 1136 2134 1176 omnes
2157 1131 2480 1177 contuentur
2503 1141 2517 1179 :
2548 1121 2643 1177 sed
2670 1138 2730 1177 ea
2755 1139 2874 1192 ψιίῐε
2899 1125 3131 1179 ﬁdelium
3163 1131 3368 1178 tantum

1772 1193 1952 1247 studio
1975 1202 2250 1262 comperta
2273 1203 2398 1246 sunt
2419 1208 2538 1246 cum
2562 1195 2761 1262 ingenti
2779 1205 2832 1250 et
2854 1195 3156 1250 admirabili
3177 1197 3374 1249 virtute

1772 1263 2110 1336 Pharaonem
2146 1281 2241 1336 pro
2273 1264 2561 1334 impietatis
2591 1279 2703 1317 sua:
2744 1268 2949 1321 meritis
2980 1268 3028 1320 in
3063 1267 3372 1336 exemplum

1774 1335 1991 1388 humani
2023 1335 2232 1389 timoris
2271 1336 2571 1403 oppressit:
2611 1350 2728 1391 cum
2769 1353 2919 1393 mare
2958 1335 3370 1402 siccatum'est;

1774 1420 1893 1478 cum
1917 1405 2153 1478 Iordane
2187 1407 2414 1475 populus
2445 1406 2671 1478 pedibus
2697 1421 2943 1478 egressus
2966 1416 3048 1462 est
3074 1426 3087 1462 :
3119 1409 3184 1461 ad
3217 1407 3373 1478 hujus

1773 1476 1934 1602 flgitur
1959 1476 2051 1531 Dei
2074 1491 2236 1547 Opera
2267 1477 2570 1532 contueuda
2601 1476 2865 1547 Propheta
2911 1489 3100 1550 gentes
3124 1476 3370 1544 advocat,

1813 1563 1960 1602 icens
1989 1565 2001 1600 :

1813 1563 1960 1602 ICCDS
1989 1565 2001 1600 ζ

1858 1618 2049 1682 Venite,
2079 1628 2126 1672 et
2178 1618 2342 1672 videte
2367 1634 2522 1688 opera
2545 1616 2775 1684 Domini,
2803 1621 3044 1676 terribilis
3073 1623 3124 1676 in
3149 1622 3375 1678 consiliis

1774 1707 1926 1760 super
1944 1690 2080 1758 ﬁlios
2112 1691 2397 1743 hominum.
2426 1689 2527 1756 Qui
2554 1692 2798 1743 convertit
2827 1709 2967 1746 mare
2993 1694 3044 1746 in
3072 1695 3292 1760 aridam,
3320 1696 3375 1748 in

1775 1761 1988 1831 ﬂumine
2017 1762 2393 1829 pertransibunt
2419 1760 2560 1831 pede.
2593 1761 2699 1816 Sed
2727 1761 2852 1831 quid
2877 1763 2944 1817 ad
2976 1765 3241 1820 universa:
3267 1777 3374 1819 ter-

1777 1829 1850 1887 rae
1881 1831 2113 1906 salutem
2131 1832 2339 1900 proﬁcit
2354 1829 2676 1906 ?Vitlcamns
2693 1829 2818 1906 quid
2843 1834 3001 1890 nobis
3025 1844 3172 1890 tanto
3191 1845 3373 1906 postea

1775 1903 1955 1976 gentis
1985 1901 2250 1976 Jordanes
2280 1914 2406 1957 tunc
2445 1901 2715 1976 arefactus
2739 1903 2999 1976 impertit.
3045 1901 3204 1976 hujus
3227 1907 3373 1962 enim

1776 1975 1930 2048 aquis
1979 1973 2208 2048 primum
2252 1982 2592 2048 peccatorum
2631 1973 2835 2029 ablutio
2861 1975 3066 2031 Joanne
3107 1973 3375 2048 paeniten-

1777 2045 1906 2100 tiam
1937 2044 2265 2114 prmdieante
2290 2045 2484 2099 donata
2515 2053 2598 2098 est
2627 2062 2639 2099 :
2672 2061 2766 2114 per
2797 2048 2939 2102 hunc
2973 2044 3120 2102 enim
3152 2050 3370 2103 ﬂuvium

1778 2119 1832 2171 in
1881 2115 2318 2185 repromissionis
2363 2127 2557 2170 terram
2601 2117 2799 2185 popqu
2831 2120 2931 2173 iter
2974 2119 3180 2184 fuerat;
3231 2135 3375 2176 nunc

1777 2203 1993 2258 quoque
2027 2201 2120 2255 per
2148 2203 2269 2242 eum
2297 2187 2387 2259 via
2418 2186 2573 2240 nobis
2601 2190 2836 2242 caelestis
2859 2190 3008 2259 regni
3037 2190 3375 2246 demonstra-

1779 2268 1886 2324 tur,
1931 2260 2084 2328 aquis
2127 2258 2258 2327 ipsis
2295 2258 2569 2328 Baptismo
2611 2259 2821 2313 Domini
2866 2258 3220 2318 consecratis.
3269 2261 3373 2319 Ubi

1779 2327 2067 2385 (tutabimur
2101 2331 2154 2382 in
2180 2330 2313 2399 ipso,
2349 2327 2609 2397 Propheta
2637 2330 2903 2399 subjecit,
2932 2331 3119 2388 dicens
3145 2351 3159 2388 :

1857 2401 1958 2467 Qui
1979 2400 2326 2454 dominabitur
2348 2400 2399 2453 in
2423 2401 2650 2469 potentia
2676 2417 2770 2456 sua
2795 2402 2849 2455 in
2871 2413 3138 2459 internum.

1851 2471 2172 2542 Unigenitus
2202 2472 2344 2525 enim
2379 2470 2471 2526 Dei
2501 2471 2659 2548 ﬁlius,
2702 2481 2756 2526 et
2793 2473 2836 2526 si
2864 2476 3108 2543 regnavit
3132 2491 3374 2548 semper,

1781 2558 1888 2598 non
1909 2552 2086 2614 tamen
2110 2557 2326 2614 semper
2349 2545 2589 2614 regnavit
2617 2543 2668 2596 in
2695 2558 2922 2614 corpore
2947 2560 2961 2596 :
2989 2561 3109 2600 nam
3132 2546 3235 2602 hoc
3258 2543 3377 2603 loco

1783 2622 1997 2688 tempus
2042 2613 2172 2688 illud
2216 2613 2548 2688 ostenditur,
2572 2627 2679 2688 quo
2723 2613 3025 2683 gloriﬁcato
3061 2616 3114 2671 in
3145 2619 3372 2688 gloriam

1784 2684 2116 2757 Deicorpori
2144 2695 2197 2738 et
2226 2699 2424 2757 nomen
2459 2683 2549 2737 Dei
2577 2683 2831 2757 donatur,
2861 2695 2914 2740 et
2936 2683 3181 2757 regnum'.

1857 2753 2114 2830 Quoniam
2151 2754 2379 2830 probasti
2420 2770 2534 2820 nos,
2563 2753 2723 2821 Deus,
2765 2756 2881 2827 igne
2919 2753 3020 2813 ηοξ
3050 2761 3376 2830 examinasti,

1781 2828 1909 2883 sicut
1937 2828 2051 2897 igne
2080 2827 2403 2880 examinatur
2437 2834 2723 2897 argentum.

1854 2893 2284 2974 Comparationis
2310 2893 2609 2974 similitudo
2635 2910 2716 2952 est
2747 2893 2763 2951 τ’
2793 2900 3134 2956 examinandi
3167 2904 3378 2974 argenti

1785 2969 1871 3024 illa
1915 2971 2027 3043 sola
2075 2968 2211 3043 ratio
2251 2977 2352 3043 est,
2387 2978 2455 3043 ut_
2484 2967 2695 3033 sordes,
2734 2986 2853 3040 qua:
2893 2987 2959 3027 ex
3013 2974 3178 3043 prima
3219 2967 3378 3032 (eme

1788 3040 2013 3095 materie
2053 3038 2399 3103 adhaescrint,
2426 3038 2824 3109 decoquantur;
2868 3053 2921 3096 et
2962 3038 3115 3099 si'ex
3156 3045 3380 3104 alterius

107 3115 472 3183 gnitieatioaem
529 3112 793 3184 ejusmodi
829 3111 986 3184 habet
1027 3127 1357 3177 ALALAGMUS,
1392 3127 1550 3180 quem
1579 3110 1679 3164 La-
1712 3110 1757 3173 C
1791 3111 1989 3184 metalli
2018 3119 2204 3184 natura
2237 3110 2470 3184 admixta
2503 3110 2716 3184 iuerint,
2749 3123 3063 3184 purgentur.

108 3186 185 3239 tiui
206 3185 422 3255 jubilum
454 3193 664 3254 ponunt
692 3200 706 3255 :7
728 3183 993 3255 signiﬁcat
1023 3199 1206 3236 vocem
1234 3183 1502 3236 exercitus
1542 3197 1680 3250 pne-

106 3251 258 3312 liant'is
284 3256 374 3330 (at.
407 3251 786 3326 proterentis),
815 3264 904 3330 aut
946 3254 996 3330 i_u
1042 3269 1305 3330 concursu
1334 3263 1539 3330 prapter
1575 3269 1682 3306 rem

107 3324 309 3395 hostem,
328 3324 421 3383 aut
441 3341 760 3383 successum
787 3324 1026 3378 victoria:
1043 3325 1418 3378 exsultatiouis
1433 3324 1576 3378 voce
1606 3335 1685 3377 te-

109 3401 290 3454 stantis.
315 3400 425 3454 Vox
458 3407 648 3453 autem
667 3396 1044 3451 exsultationis
1063 3395 1312 3450 dissentit
1331 3410 1356 3444 a
1372 3395 1562 3462 juhilo.
1585 3395 1684 3448 Po-

102 3470 175 3524 siti
201 3472 348 3540 igitur
368 3482 423 3526 et
448 3486 554 3525 nos
584 3483 772 3522 sumus
797 3468 990 3520 invita:
1015 3469 1166 3540 istius
1200 3465 1414 3540 praeliis,
1440 3474 1494 3520 et
1515 3463 1686 3540 in_h_oc

104 3536 256 3596 carnis
281 3553 331 3597 et
381 3541 670 3609 sanguinis
701 3540 864 3592 nostri
903 3537 1224 3609 certamine,
1251 3536 1681 3609 ailversumDia.

106 3611 279 3677 bolum,
324 3606 712 3680 exercitusque
762 3611 878 3678 ejus
929 3611 1095 3663 armis
1141 3607 1472 3680 spiritalibus
1522 3606 1683 3680 dimi-

102 3696 295 3740 cantes:
323 3695 559 3754 propter
589 3678 733 3754 quud
768 3697 1049 3754 monemur
1101 3679 1208 3734 Deo
1243 3679 1294 3732 in
1330 3693 1462 3754 voce
1498 3678 1684 3754 casul-

103 3755 292 3810 tationis
325 3749 622 3825 'jubilaref
661 3751 959 3825 Ferendus;
991 3761 1074 3807 est
1135 3765 1263 3825 ergo
1329 3749 1686 3825 coiil‘essionis

104 3839 277 3880 nosme
311 3821 579 3881 sermone
636 3823 811 3877 omnis
837 3822 1091 3893 profanus
1119 3821 1328 3875 auditor
1348 3862 1362 3884 ,
1413 3831 1465 3874 et
1494 3821 1686 3874 adver-

101 3913 202 3950 sum
224 3897 537 3960 Diabolum,
572 3909 829 3964 armaque
869 3893 1007 3963 ejus,
1039 3895 1343 3946 orationum
1376 3901 1682 3964 nostrarum

103 3968 252 4021 sonitu
277 3968 609 4024 certandum
639 3963 755 4025 est,
779 3976 834 4019 et
860 3965 987 4020 belli
1009 3964 1180 4020 nostri
1205 3963 1480 4017 victoriam
1507 3963 1687 4017 exsul-

106 4038 296 4096 tationis
325 4056 464 4095 voce
490 4035 842 4093 monstranda
864 4045 968 4091 est.

159 4113 343 4170 Audiat
369 4109 589 4166 orantis
612 4109 792 4179 populi
825 4123 1009 4162 vocem
1037 4106 1176 4179 quis,
1210 4103 1684 4179 cxtragEcelcsiam

106 4195 326 4251 spectans
352 4177 960 4251 celebres—hymnorum
980 4177 1186 4233 sonitus
1213 4193 1332 4232 cum
1358 4177 1549 4233 devota
1598 4192 1686 4251 re:

103 4245 368 4321 sponsione
397 4245 774 4311 confessionis
797 4250 1023 4318 accipiat
1051 4267 1064 4302 :
1113 4263 1334 4321 necesse
1376 4259 1458 4303 est
1490 4245 1688 4301 terreni

107 4319 292 4382 omnem
317 4327 734 4387 adversantem,
757 4337 878 4376 eum
905 4321 1089 4376 audiat
1110 4319 1357 4374 victrices
1392 4332 1551 4374 voces
1593 4335 1689 4371 no-

108 4407 220 4452 stras
234 4399 624 4453 exsultationis
644 4395 812 4465 gloria
831 4407 1122 4465 personare
1147 4409 1160 4444 :
1185 4390 1311 4444 Date
1329 4391 1546 4460 gloriam
1573 4389 1688 4442 lan-

105 4468 274 4522 dationi
301 4471 416 4540 ejus
447 4487 468 4524 :
509 4468 608 4522 tali
643 4464 785 4540 enim
828 4464 1130 4519 laudatione
1159 4472 1687 4540 cumgentesﬂopera

108 4550 262 4594 nostra
290 4532 655 4602 contuentur,
681 4536 893 4590 Patrem
923 4545 1184 4597 nostrum,
1210 4533 1300 4603 qui
1331 4534 1381 4586 in
1404 4532 1556 4589 caelis
1585 4543 1689 4597 ρει,

106 4613 538 4676 tnagnilicahunt,
565 4618 622 4664 et
649 4608 852 4662 dabunt
880 4606 1082 4660 nomini
1105 4605 1222 4674 ejus
1252 4603 1496 4672 gloriam.

166 4681 321 4739 Dicite
350 4682 469 4737 Deo
494 4699 514 4736 :
544 4681 714 4746 Quam
743 4677 987 4731 terribilia
1008 4687 1123 4748 sunt
1145 4691 1300 4748 opera
1325 4676 1442 4728 tua!

165 4752 285 4817 Quis
321 4759 472 4809 enim
528 4745 644 4807 non
687 4748 916 4817 trepidet
953 4747 1018 4801 ad
1063 4745 1394 4816 majestatem
1453 4745 1570 4816 ejus
1607 4746 1694 4818 qui

105 4826 262 4878 secula
308 4822 645 4886 instituerit,
687 4819 941 4875 mundum
972 4817 1295 4884 condiderit,
1332 4826 1570 4887 tempora
1604 4817 1698 4886 per

105 4895 234 4950 vices
272 4897 564 4952 dimensus
592 4894 662 4949 sit
686 4933 701 4956 ,
725 4891 918 4948 caelum
955 4890 1113 4944 astris
1158 4889 1450 4954 ornaverit,
1500 4899 1697 4943 terram

106 4964 354 5024 fructibus
392 4965 721 5038 repleverit,
755 4977 904 5016 mare
943 4961 1184 5038 obicibus
1219 4959 1566 5038 concluserit,
1601 4959 1697 5013 ho-

107 5040 312 5105 minem,
343 5049 403 5094 ut
437 5031 528 5094 liis
557 5045 659 5091 aut
686 5041 946 5098 uteretur,
974 5043 1066 5087 aut
1099 5031 1496 5105 dominaretur,
1521 5033 1692 5105 elege-

109 5111 202 5161 rit?
238 5103 342 5165 Per
388 5111 510 5166 lucc
561 5107 746 5163 omnia
791 5105 1003 5158 virtutis
1051 5107 1218 5176 signa
1252 5104 1531 5172 potestatis
1582 5103 1700 5176 ejus

107 5183 360 5237 aeternitas
398 5181 681 5244 noscitur,
715 5177 816 5231 ista
843 5176 985 5231 enim
1017 5172 1256 5231 terribile
1286 5188 1482 5228 nomen
1512 5172 1700 5228 condi-

109 5253 226 5307 toris
262 5253 554 5309 el’ﬁciunt:
602 5249 796 5320 horum
836 5247 994 5320 igitur
1021 5261 1242 5320 operum
1289 5244 1535 5320 conditor
1581 5259 1702 5320 esse

111 5320 255 5390 Deus,
302 5339 333 5379 a
379 5323 548 5381 nobis
587 5314 964 5392 praedicandus
997 5314 1098 5389 esi,
1131 5327 1185 5376 et
1230 5331 1261 5370 a
1302 5314 1512 5370 caeteris
1537 5314 1704 5370 eonﬁ-

113 5396 305 5452 tendus.
1263 5408 1274 5416 ‘

172 5463 232 5520 In
264 5467 618 5523 multitudine
652 5464 864 5520 virtutis.
897 5471 998 5518 tum
1039 5459 1348 5514 mentiemur
1390 5457 1480 5513 tibi
1511 5457 1708 5512 inimici

113 5537 195 5593 tui.

174 5611 244 5666 Ex
290 5611 664 5668 multitudine
710 5607 916 5665 scilicet
963 5605 1173 5660 virtutis
1220 5603 1312 5659 Dei
1360 5601 1614 5658 falsorum
1654 5600 1708 5655 in

115 5678 202 5734 diis
231 5685 520 5739 nominum
566 5695 710 5735 vana
750 5679 1079 5738 efﬁciuntur,
1125 5683 1180 5728 et
1215 5675 1339 5745 quia
1386 5673 1711 5730 mentiuntur

114 5750 311 5824 inbuiei,
335 5755 472 5829 quid
500 5771 534 5812 a
568 5751 788 5810 cunctis
815 5749 930 5808 ﬁeri
960 5754 1227 5820 oporteat,
1257 5746 1478 5802 docetur
1504 5745 1576 5801 ita
1601 5763 1612 5797 :

1859 3181 1998 3258 Deus
2029 3182 2221 3258 itaque
2235 3181 2518 3258 credentes
2548 3183 2598 3236 in
2631 3198 2710 3258 se.
2738 3181 2842 3258 non
2857 3181 3379 3258 tanquam’ignarus

1785 3254 2074 3316 examinat,
2128 3252 2222 3308 sed
2276 3252 2571 3308 secundum
2619 3254 2934 3323 Apostolum
2985 3252 3378 3316 'teutatibnibus

1785 3324 2158 3394 probationem
2217 3325 2394 3378 affert.
2454 3323 2542 3378 Sic
2599 3324 2780 3392 itaque
2838 3326 3216 3383 examinantur
3254 3345 3378 3386 cre-

1785 3395 1994 3458 dentes,
2025 3403 2081 3447 ut
2112 3395 2231 3463 igne
2262 3395 2497 3464 purgati,
2535 3402 2588 3448 et
2617 3395 2946 3452 admixtione
2973 3396 3223 3453 vitiorum
3255 3415 3375 3455 car-

1784 3465 1986 3520 nalium
2019 3463 2282 3528 deﬁncati,
2316 3463 2653 3534 Splendeant.
2683 3467 3024 3522 examinante
3054 3469 3380 3528 innocentia:

1785 3535 2046 3607 claritate.
2097 3535 2476 3590 Tentationum
2524 3548 2704 3592 autem
2753 3553 2990 3607 genera,
3039 3549 3094 3595 et
3139 3541 3384 3600 diversas

1786 3606 2080 3678 Martyrum
2112 3608 2365 3661 victorias
2394 3617 2714 3663 contuentes
2749 3606 2949 3664 scimus
2975 3611 3166 3678 quibus
3207 3615 3382 3670 modis

1785 3678 1978 3731 anima:
2023 3688 2288 3744 ponantur
2326 3679 2377 3732 in
2423 3679 2609 3733 vitam.
2639 3680 2742 3734 Alii
2786 3680 2839 3734 in
2888 3683 3114 3736 vinculis
3143 3687 3380 3742 carceris

1787 3749 2108 3822 gloriantur,
2142 3749 2231 3803 alii
2277 3751 2402 3804 crcsi
2436 3751 2510 3822 in
2549 3751 2858 3807 verberibus
2897 3754 3250 3822 gratulantur.
3289 3757 3382 3812 alii

1787 3821 2038 3889 potestati
2080 3821 2378 3875 desecanda
2429 3821 2657 3876 felicium
2699 3821 2932 3891 capitum
2969 3826 3108 3880 colla
3150 3828 3383 3883 submit-

1789 3899 1940 3967 tunt;
1971 3891 2148 3960 plures
2176 3892 2229 3967 in
2257 3901 2558 3967 exstructos
2578 3907 2736 3967 rogos
2763 3904 3008 3967 currunt,
3037 3906 3090 3952 et
3115 3899 3385 3967 trepidan-

1789 3963 1931 4016 tibus
1963 3978 2132 4029 poenze
2163 3963 2422 4017 ministris
2449 3963 2625 4033 ignem
2658 3965 2794 4018 saltu
2831 3965 3040 4022 devota:
3081 3963 3385 4025 festinatio-

1789 4034 1875 4086 nis
1898 4033 2166 4093 insiliunt;
2198 4033 2289 4087 alii
2321 4035 2372 4086 in
2399 4034 2718 4108 profundunt
2751 4036 3147 4108 demergentes,
3180 4056 3284 4094 non
3328 4041 3380 4097 in

1789 4119 1957 4176 aquas
1992 4115 2292 4176 necaturas,
2322 4104 2418 4158 sed
2451 4110 2502 4159 in
2542 4104 2877 4176 refrigerium
2903 4104 3164 4164 internum
3198 4110 3379 4166 Beati-

1792 4175 1992 4229 tudinis
2019 4174 2292 4248 decidunt,
2323 4177 2574 4248 totoipso
2597 4174 2826 4248 corpore
2857 4179 2969 4235 Deo
3004 4181 3232 4236 hostiam
3259 4193 3381 4238 tau-

1790 4261 1948 4316 quam
1982 4246 2289 4300 holocausta
2326 4247 2650 4313 praihentes.

1863 4317 2132 4394 Percurrit
2167 4331 2296 4394 ergo
2325 4332 2422 4386 per
2454 4317 2568 4394 haec
2597 4319 2903 4386 passionum
2927 4335 3122 4394 genera
3154 4338 3220 4379 ex
3253 4339 3379 4394 per-

1791 4403 1924 4514 Zoua
1969 4387 2350 4458 Apostolorum
2394 4398 2449 4444 ct
2489 4388 2778 4459 Martyrum
2809 4387 3154 4463 propheticus
3202 4387 3382 4453 sermo

1835 4473 2015 4514 icens:

1835 4473 1980 4514 100118
2005 4476 2015 4511 Ζ

1718 4503 1772 4564 Ῑ)
1868 4529 1999 4608 Igne
2027 4547 2118 4608 nos
2150 4531 2486 4608 exanimasti.
2533 4533 2663 4587 sicut
2700 4534 2816 4608 igne
2842 4535 3164 4591 examinatur
3199 4551 3390 4608 argen-

1800 4611 1905 4656 tum
1933 4617 1951 4655 :
1979 4601 2230 4656 induxisti
2254 4620 2346 4656 nos
2373 4604 2426 4656 in
2447 4604 2704 4673 laqueum,
2723 4601 2788 4659 id
2820 4616 2905 4660 est
2932 4608 2984 4661 iu
3008 4601 3387 4666 custotliai'ca-

1799 4683 1950 4750 ten-as
1974 4689 1986 4726 :
2017 4674 2231 4750 posuisti
2247 4673 2596 4750 tribulationes
2619 4676 2673 4729 in
2695 4677 2904 4750 dorsum
2923 4690 3172 4747 nostrum,
3198 4695 3386 4750 poenas

1797 4743 2006 4818 scilicet
2029 4745 2332 4818 verberum,
2356 4747 2547 4818 quibus
2573 4748 2862 4818 Apostolus
2887 4748 3072 4804 Petrus
3099 4743 3313 4818 gaudet,
3331 4762 3388 4807 et

1801 4813 2245 4892 Paulttsexsultat
2256 4816 2575 4892 :_imposuisti
2588 4813 2981 4892 hominessuper
2994 4813 3161 4892 capita
3183 4813 3357 4877 nostra
3373 4838 3392 4879 :

1798 4887 2122 4940 transivimus
2150 4902 2239 4956 per
2264 4887 2431 4956 ignem
2460 4897 2506 4941 et
2541 4904 2747 4955 aquam.
2784 4887 2899 4942 Non
2937 4893 2988 4944 in
3028 4887 3109 4945 his
3135 4893 3390 4948 dissolvi-

1801 4903 2122 4940 transivimus
2187 4903 2239 4940 er
2264 4903 2431 4956 ignem
2460 4903 2506 4941 et
2541 4904 2747 4955 aquam.
2784 4903 2899 4942 tVou
2937 4907 2988 4944 tu
3028 4903 3109 4945 IIIS
3135 4903 3390 4948 dissolvi-

1801 4967 1906 5022 tur,
1931 4956 2086 5011 sediu
2111 4903 2252 5011 aliud
2277 4971 2371 5026 per
2391 4958 2476 5011 illa
2494 4959 2872 5024 transdueitur,
2898 4975 3019 5016 cum
3040 4961 3194 5019 dicit:
3223 4963 3391 5021 Tran-

1798 5029 2005 5084 sivimus
2027 5044 2117 5099 per
2138 5028 2307 5099 ignem
2327 5038 2372 5082 et
2392 5045 2617 5100 aquam;
2644 5037 2699 5100 et
2722 5031 2810 5085 ubi
2840 5033 3232 5098 transducatur,
3267 5035 3396 5094 Pro-

1801 5100 1963 5180 pheta
1994 5115 2100 5180 rion
2143 5101 2353 5180 ignorat
2378 5099 2580 5180 .dicens
2618 5119 2630 5154 :
2665 5099 2924 5180 luduxisti
2963 5122 3056 5180 nos
3087 5107 3143 5160 in
3175 5109 3394 5180 refrige-

1802 5169 1958 5226 rium.
1993 5169 2422 5251 Resurreetionis
2449 5173 2655 5228 scilicet
2681 5173 2823 5251 diem
2873 5175 3158 5246 signiﬁcat,
3205 5169 3256 5233 in
3286 5169 3393 5251 qua

1803 5251 1930 5325 post
1955 5242 2144 5298 mortis
2165 5242 2318 5298 istius
2340 5251 2552 5314 tempus
2577 5258 2685 5300 non
2710 5243 2888 5314 ﬂetur,
2919 5242 3024 5304 non
3047 5242 3322 5320 peccatur,
3339 5260 3394 5306 et

1804 5321 2022 5368 vivitur.

1878 5383 2110 5440 Introibo
2136 5385 2189 5440 in
2214 5386 2426 5460 domum
2452 5395 2594 5442 tuam
2618 5388 2670 5443 in
2697 5390 3041 5460 holocaustis;
3067 5391 3277 5447 reddam
3304 5390 3398 5446 tibi

1807 5464 1926 5528 vota
1946 5471 2077 5520 mea,
2106 5473 2221 5528 qua:
2241 5457 2585 5514 distinxerunt
2608 5461 2746 5515 labia
2776 5478 2905 5517 mea.

1866 5526 2006 5583 llaac
2033 5526 2163 5598 ergo
2184 5537 2326 5604 sunt
2356 5529 2409 5584 in
2448 5530 2795 5604 tribulatione
2833 5534 3065 5602 primum
3104 5532 3396 5604 Martyrum

1809 5607 1968 5664 vota;
2011 5606 2138 5654 tunc
2165 5598 2382 5666 deinde,
2416 5610 2475 5655 ut
2497 5615 2563 5656 ex
2590 5603 2746 5658 nobis
2785 5598 3084 5657 holocausta
3123 5598 3404 5659 medullam

1811 5679 2209 5726 consumment.
2258 5670 2432 5725 lnduti
2474 5680 2600 5726 sunt
2645 5674 2840 5726 arietes
2868 5673 3046 5726 ovium
3084 5687 3098 5723 :
3132 5671 3218 5726 hic
3256 5674 3406 5732 enim

1815 5743 2013 5799 arietes
2046 5757 2169 5799 eum
2216 5741 2438 5798 incenso
2486 5741 2666 5798 ovium
2719 5740 2981 5812 Martyres
3034 5742 3406 5818 intelliguntur
