3920 6214
517 279 664 336 XIX

1887 266 1977 319 MA
1990 260 2144 318 FFEI
2173 255 2507 313 EDITIUNIS

3710 251 3802 307 XX

521 403 792 462 tamquam
817 391 1083 462 principes
1107 381 1668 462 gregumasousotum
1695 391 1899 462 autent.
1915 366 2196 437 arietes'A
2222 370 2974 462 Egi_sefagof_o_n_svlljit:ﬁg§
2993 368 3573 462 vereqsrftdggfalttjtgi
3594 383 3805 462 3353p}-

519 451 896 519 cum'inceriso
925 451 1238 520 olfereiitur',
1287 455 1380 510 sed
1414 454 1574 509 etiam
1608 454 1774 508 boves
1818 451 2114 507 afferentur

515 552 636 589 cum
668 535 862 596 hircis;
893 531 944 585 id
965 541 1046 585 est
1073 528 1406 584 contumacis
1440 534 1646 580 natura:
1677 539 1871 594 pecora
1901 523 1968 596 ad
1999 523 2114 577 eul-

519 618 689 660 turam
723 593 1140 665 Deidomantur,
1167 601 1254 665 qui
1279 597 1380 652 sub
1413 593 1690 651 momento
1710 593 1968 663 temporis
1990 610 2115 648 eru-

516 679 610 729 diti
643 677 770 730 sint.
799 673 914 727 Non
937 687 1066 741 ergo
1093 670 1162 725 de
1187 670 1478 740 pecudibus
1506 667 1622 721 iure
1650 666 2035 741 loquitur_,__sed
2060 667 2112 741 ign

518 747 688 801 bobus
706 744 957 799 Ecclesia:
991 736 1223 797 hominis
1261 741 1423 810 ﬁgura
1456 747 1784 810 monstratur
1817 755 1829 791 :
1878 736 2115 810 illoss‘ci-

515 819 657 879 licet,
693 831 830 887 quos
859 813 1246 885 persecutionis
1271 808 1562 887 tempestas
1588 810 1640 863 in
1671 809 1962 887 Martyrum
1993 808 2112 887 glo-

517 891 650 943 riam
673 881 970 957 generavit.
997 887 1210 957 Scimus
1241 884 1381 937 enim
1419 884 1598 957 plures
1629 897 1725 949 per
1751 881 2112 957 ignorantiam

514 949 761 1028 exemplo
807 958 1094 1028 Martyrum
1146 955 1212 1009 ad
1259 954 1574 1028 martyrium
1612 949 1940 1028 cucurrisse,
1988 949 2112 1028 ﬁdei

516 1021 774 1099 martyrio
803 1021 1028 1100 gloriam
1057 1035 1376 1100 consecutos
1397 1021 1412 1090 ξ
1435 1025 1619 1100 qualis
1635 1025 1734 1077 fuit
1765 1024 2016 1100 ille_unus
2046 1021 2115 1077 de

514 1094 828 1166 latronibus,
877 1103 965 1169 qui
1012 1115 1132 1152 cum
1170 1098 1394 1169 Domino
1441 1094 1727 1169 crucifixus
1767 1095 1820 1147 in
1864 1095 1975 1169 ipsa
2019 1107 2112 1146 sua

511 1164 856 1226 damnatione
896 1164 1071 1224 Deum
1114 1168 1392 1222 confessus
1430 1175 1533 1230 est,
1585 1166 1770 1219 dicens
1805 1181 1818 1218 :
1861 1164 2116 1218 Memento

513 1245 631 1319 neci,
643 1242 875 1307 Domine,
891 1259 1005 1295 cum
1021 1241 1214 1319 veneris
1235 1240 1288 1292 in
1301 1253 1512 1319 regnum
1528 1234 1984 1319 manducavit,

513 1306 713 1367 Cui—ita
739 1306 1058 1381 responsum
1099 1326 1129 1363 a
1165 1312 1272 1364 Deo
1306 1306 1421 1363 est:
1454 1309 1617 1362 Amen
1639 1306 1755 1361 dico
1800 1306 1912 1373 tibi,
1963 1306 2116 1360 hodie

512 1400 710 1437 ntecum
735 1384 834 1438 eris
857 1385 908 1437 in
943 1381 1217 1436 Paradiso.
1248 1381 1438 1436 Postea
1469 1381 1611 1436 enim
1637 1393 1794 1448 quam
1823 1392 2112 1446 personam

513 1455 917 1524 Apostolorum,
945 1453 1262 1524 Martyrum,
1298 1452 1692 1524 Prophetarum
1720 1449 1954 1517 Spiritus
1991 1463 2116 1524 pro-

516 1520 744 1592 phetalis
787 1520 1118 1589 ostenderat,
1150 1524 1344 1593 quibus
1392 1520 1566 1577 modis
1597 1521 1792 1576 anima:
1834 1528 2020 1576 essent
2059 1520 2112 1574 in

521 1597 646 1661 vita,
679 1597 946 1666 eloquitur
975 1597 1160 1650 dicens
1184 1611 1196 1647 :

593 1669 796 1734 Quanta
817 1668 937 1736 fecit
964 1667 1152 1720 anima:
1182 1681 1324 1720 meat.

589 1732 1166 1826 IlancctilimIanlimam
1202 1739 1380 1826 posuit
1402 1737 1456 1791 in
1483 1737 1670 1826 vitam,
1698 1732 2112 1826 hanc‘inorcfri-
2143 1764 2194 1826 Β

513 1811 720 1879 gerium
745 1809 977 1873 induxit,
1005 1808 1120 1862 haec
1142 1803 1546 1863 in'holocaustis
1567 1807 1786 1879 domum
1817 1803 2115 1879 Deiintroi-

516 1877 611 1934 vit.
645 1880 837 1934 Meruit
860 1895 988 1950 ergo
1017 1881 1151 1933 bona
1179 1879 1378 1940 anima.
1411 1895 1530 1947 quae
1561 1877 1627 1930 ad
1667 1878 1832 1950 Deum
1875 1890 1970 1930 ore
2001 1877 2108 1950 cla-

520 1953 705 2014 mavit,
751 1968 853 2004 non
899 1947 948 2004 in
1004 1951 1201 2018 lingua,
1244 1950 1337 2005 sed
1381 1951 1473 2003 sub
1518 1950 1732 2019 lingua:
1788 1947 1838 2000 in
1891 1947 2116 2019 occultis

520 2022 736 2076 scilicet
777 2022 954 2092 lingua
992 2017 1156 2075 Deum
1195 2021 1442 2076 confessa
1478 2017 1841 2088 est,‘propter
1875 2017 2017 2088 quod
2047 2033 2115 2072 ex

517 2093 808 2163 Martyrum
837 2107 1062 2160 persona
1095 2093 1294 2145 dictum
1326 2103 1448 2147 est:

593 2161 910 2238 Injustitiam
938 2165 982 2217 si
1013 2165 1272 2238 conspeaji
1294 2165 1346 2217 in
1377 2163 1530 2238 corde
1565 2177 1696 2238 meo,
1738 2177 1840 2238 non
1872 2161 2115 2238 exaudiat

519 2232 678 2308 Deus.
734 2237 1013 2308 PrOpterea
1040 2232 1295 2289 exaudivit
1319 2251 1400 2289 me
1430 2234 1588 2299 Deus,
1619 2233 1837 2286 intendit
1863 2232 1970 2286 voci
1997 2247 2114 2284 ora-

523 2307 676 2360 tionis
705 2307 847 2360 mete.

589 2377 644 2430 In
677 2377 842 2432 corde
877 2393 976 2438 suo
1016 2377 1220 2431 nullum
1263 2377 1471 2432 scilicet
1522 2376 1707 2430 vitium
1753 2373 2106 2436 contrahens;

519 2446 604 2501 hic
631 2450 774 2503 enim
798 2449 991 2519 dignus
1019 2449 1114 2502 fuit
1135 2449 1329 2502 audiri.
1370 2447 1428 2501 In
1450 2448 1555 2501 vita
1587 2449 1706 2519 ejus,
1731 2445 1906 2519 anima
1937 2445 2110 2519 posita

517 2528 600 2574 est
639 2538 650 2571 :
683 2516 999 2589 pedes'ejus
1033 2534 1142 2573 non
1163 2519 1415 2574 commoti
1444 2527 1588 2584 sunt,
1622 2529 1675 2572 et
1699 2516 2109 2589 inrelrigerium

515 2587 764 2645 inductus
789 2601 892 2655 est,
914 2587 980 2646 et
1004 2591 1222 2644 domum
1255 2591 1344 2644 Dei
1387 2591 1647 2655 introivit,
1686 2596 1738 2643 et
1774 2604 1892 2658 quae
1920 2587 2112 2641 distin-

521 2671 678 2714 xerat
700 2662 852 2715 labiis
875 2670 993 2714 vota
1019 2663 1297 2729 persolvit,
1325 2661 1557 2714 dicendo
1592 2678 1603 2711 :

587 2731 888 2785 Benedictus
913 2731 1047 2785 Deus
1072 2733 1155 2801 qui
1179 2749 1278 2786 non
1301 2735 1487 2786 amovit
1503 2731 1907 2801 deprecationem
1945 2743 2112 2784 nteant

516 2813 562 2854 et
589 2803 990 2856 misericordiam
1019 2819 1163 2856 suum
1191 2821 1222 2856 a
1247 2821 1342 2856 me.
1379 2804 1611 2857 Laudent
1659 2803 1767 2855 Deo
1794 2808 2027 2868 emptam
2059 2801 2111 2852 in

515 2873 738 2927 exordio
772 2874 990 2938 Psalmi,
1026 2875 1075 2928 in
1111 2874 1217 2929 ﬁne
1243 2875 1444 2929 confes
1461 2890 1521 2928 us
1547 2885 1630 2928 est
1666 2873 1855 2941 Deum,
1879 2872 1962 2926 cui
1993 2872 2110 2941 glo‘

517 2945 595 2998 ria
616 2953 700 3000 est
724 2945 776 3000 in
801 2946 980 3000 secula
1010 2947 1333 3000 seculorum.

915 3054 1160 3112 INCIPIT
1185 3056 1504 3111 PSALMUS
1529 3054 1722 3111 CXIX.

1021 3128 1300 3182 Canticum
1333 3127 1616 3198 graduum.

586 3217 667 3272 Ad
694 3227 761 3284 te,
792 3217 1030 3286 Domine,
1059 3236 1175 3273 cum
1205 3220 1478 3274 tribularer
1505 3219 1746 3285 clamavi,
1790 3229 1837 3273 et
1861 3217 2115 3273 exaudiui

515 3302 612 3342 me.

585 3360 1104 3426 Psalmornm'tituli,
1137 3371 1192 3416 ut
1219 3363 1271 3417 in
1301 3362 1530 3418 Psalmis
1557 3361 1881 3423 ostenditur,
1913 3362 2116 3415 habent

512 3445 640 3504 suas
668 3434 911 3501 proprias
949 3435 1390 3504 signiﬁcationes,
1423 3437 1686 3489 rationem
1712 3443 1768 3487 et
1793 3445 2110 3502 argumenta

513 3503 860 3574 scriptorum,
893 3503 1015 3572 qua:
1037 3505 1336 3574 subjacent,
1374 3506 1694 3560 brevissime
1721 3506 2066 3559 continentes
2094 3521 2108 3558 :

514 3572 581 3626 de
605 3574 799 3640 quibus
827 3590 966 3629 riuttc
1005 3590 1111 3629 non
1139 3572 1221 3629 est
1251 3591 1472 3631 necesse
1502 3585 1754 3629 tractare.
1786 3576 1936 3628 'l‘unc
1965 3576 2109 3628 enim

514 3641 566 3716 id
586 3643 699 3697 ﬁeri
721 3656 1080 3713 oportet,cum
1096 3646 1340 3700 Psalmns
1359 3646 1725 3716 unusquisque
1748 3645 2065 3698 tractabitur
2092 3662 2105 3696 :

515 3711 668 3787 Nunc
708 3711 837 3769 vero
880 3717 1154 3771 Canticum
1195 3717 1458 3787 graduum
1488 3711 1839 3786 attingimus,
1879 3731 2106 3783 quorum

516 3785 773 3857 continua
802 3796 854 3840 et
876 3788 1094 3857 ecqualis
1125 3785 1402 3857 inscriptio
1425 3797 1526 3842 est.
1556 3789 1610 3841 In
1637 3785 1906 3856 plerisque
1925 3797 2106 3840 autem

513 3853 738 3910 Psalmis
787 3853 956 3912 mtilta
991 3853 1305 3913 secundum
1331 3853 1646 3922 historiam,
1673 3866 1728 3911 et
1763 3853 2005 3911 ordinem
2049 3858 2106 3911 in

511 3928 1058 3998 superscriptionibus
1079 3945 1265 3984 eorum
1289 3945 1409 3984 esse
1435 3929 1600 3983 indita
1626 3929 1852 3998 legimus
1872 3946 1884 3981 :
1907 3940 1961 3982 ut
1980 3943 2102 3982 cum

511 3995 646 4064 fugit
683 3995 849 4053 David
885 4016 916 4054 a
969 4000 1104 4056 facie
1139 4000 1231 4055 lilii
1281 4001 1364 4056 sui
1400 3999 1658 4064 Ahsalon,
1683 3995 1836 4053 'com
1879 4000 2103 4054 mutavit

506 4069 712 4138 vultum
743 4084 899 4125 suum
939 4086 1120 4126 coram
1140 4071 1452 4126 Abimelech
1471 4112 1485 4137 ,
1508 4086 1628 4126 cum
1651 4078 1768 4138 post
1789 4070 2052 4124 Bersabee
2070 4086 2099 4126 a

509 4136 716 4193 Natltan
749 4139 1017 4212 Propheta
1049 4151 1314 4206 monetur,
1346 4151 1402 4197 et
1440 4136 1492 4195 in
1530 4136 1750 4210 reliquis
1786 4142 1952 4195 sicubi
1980 4156 2100 4204 ges-

510 4220 686 4262 torum
714 4204 908 4266 veritas
927 4214 1058 4282 ipsis
1075 4204 1408 4267 Psalmorum
1440 4215 1612 4267 titulis
1641 4204 1966 4266 continetur.
1990 4212 2097 4266 Sed
2142 4204 2146 4210 ⁷

507 4282 817 4336 metninissc
849 4299 947 4338 nos
968 4295 1199 4354 Oportet,
1229 4283 1468 4353 ejusdem
1499 4285 1741 4338 Psalmos
1762 4298 1868 4338 non
1895 4283 2100 4337 idcirco

506 4367 705 4426 oinnes
720 4356 1075 4426 corporaliter
1101 4355 1508 4426 intelligendos;
1535 4357 1662 4422 quin
1687 4355 1861 4423 potius
1885 4363 2100 4420 oportet

506 4437 607 4475 nos
623 4424 922 4490 spiritalem
940 4424 1346 4495 intelligentiam
1370 4427 1470 4480 sub
1493 4426 1591 4479 hac
1620 4436 1891 4494 gestarum
1915 4441 2097 4480 rerum

504 4498 1020 4552 commemoratione
1047 4499 1316 4553 suscitari.
1349 4498 1489 4562 Ergo
1520 4497 1565 4550 si
1586 4496 1881 4551 secundum
1915 4497 2100 4552 titulos

503 4564 978 4643 superscriptosin
1008 4570 1108 4623 hoc
1127 4569 1359 4643 Psalmg,
1391 4567 1602 4643 aliquid
1620 4567 1936 4643 dehistoria
1961 4584 2096 4622 con-

505 4636 694 4696 tineat,
733 4636 1022 4693 videndum
1070 4647 1170 4694 est.
1215 4641 1272 4694 In
1315 4636 1492 4694 Esaite’
1517 4641 1660 4694 enim
1703 4638 1860 4702 libro,
1908 4648 2100 4694 orante

505 4703 763 4780 Enechia,
786 4709 995 4780 signum
1017 4710 1065 4765 ei
1091 4712 1317 4779 positum
1341 4721 1420 4765 est
1447 4711 1502 4763 in
1526 4709 1775 4775 gradibus
1798 4721 2099 4779 prorogata!

503 4776 932 4851 salutisaErant
976 4776 1156 4836 autem
1207 4783 1260 4836 in
1291 4781 1453 4836 domo
1498 4781 1616 4851 ejus
1652 4776 1850 4850 gradus
1885 4776 2094 4848 decem,

504 4863 639 4923 quos
669 4849 752 4904 sol
784 4853 920 4908 ultra
951 4855 1212 4923 temporis
1233 4853 1316 4907 sui
1341 4849 1558 4907 cursum
1589 4849 1791 4906 lumine
1815 4867 1914 4905 suo
1943 4867 2098 4907 acce-

502 4919 666 4973 dente
707 4919 1077 4990 conscendit,
1105 4938 1427 4994 rursumque
1481 4923 1569 4994 die
1616 4925 1826 4994 mortis,
1856 4923 2094 4994 ejusdem

503 4993 762 5058 temporis
797 4997 1110 5051 sni.lumine
1141 4992 1436 5050 decedente
1464 4992 1762 5048 descendit.
1807 4993 1915 5048 Sed
1949 4993 2096 5048 nulla

502 5060 571 5134 ad
603 5063 834 5134 psalmos
863 5066 1102 5122 historia:
1142 5066 1435 5121 similitudo
1458 5074 1560 5122 est.
1603 5063 1715 5120 Hoc
1743 5073 1920 5120 tamen
1951 5063 2098 5134 quod

503 5127 766 5206 Ezechiae
793 5135 974 5190 datum
1015 5146 1099 5192 est
1123 5136 1355 5206 signum,
1400 5135 1682 5191 manifeste
1723 5127 2104 5206 ostendit'Dei;

504 5199 684 5280 lumen
706 5203 824 5280 his,
853 5207 1044 5280 quibus
1071 5199 1404 5280 profmeritis
1436 5208 1627 5280 totum
1667 5207 1790 5280 vita;I
1818 5205 2096 5280 beatitudo

504 5274 829 5348 impertitur,
852 5274 1139 5343 accedere;
1162 5278 1267 5332 illis
1287 5293 1418 5332 vero
1439 5279 1632 5348 quibus
1657 5279 1728 5331 sit
1757 5288 1967 5347 negata,
1991 5276 2100 5348 dis-

505 5343 720 5417 cedere.
770 5347 901 5402 Essc
929 5356 1105 5403 autem
1133 5351 1185 5403 in
1216 5349 1416 5417 templo
1437 5343 1632 5417 gradus
1659 5343 1985 5417 quindecim,
2013 5347 2097 5400 hi-

504 5413 668 5467 storia
710 5417 863 5490 nobis
888 5420 1061 5474 locuta
1095 5430 1202 5486 est,
1232 5413 1632 5490 dispositosque
1671 5413 1884 5473 ordines
1911 5413 2094 5473 conisi-

503 5495 671 5566 stcre,
689 5488 878 5556 quibus
902 5490 1148 5566 quasdam
1167 5492 1315 5566 quasi
1338 5488 1571 5566 dignitas
1587 5491 1638 5544 in
1655 5490 2103 5566 antecedentibus

504 5556 871 5630 obtineretur:
921 5556 980 5616 ut
1026 5556 1249 5616 Levitici
1298 5556 1526 5630 prirnum
1555 5561 1934 5624 consisterent,
1979 5569 2101 5629 post

508 5624 796 5707 Israelitw,
842 5640 968 5707 tunc
1011 5624 1313 5703 Proselyti,
1353 5639 1410 5707 et
1452 5633 1713 5699 deinceps
1743 5631 1856 5707 alii.
1899 5624 2100 5707 Psalmi

511 5703 654 5776 enim
681 5717 791 5780 non
836 5706 917 5757 sui
949 5714 1154 5780 tantum
1187 5704 1442 5780 temporis
1469 5719 1580 5780 res
1608 5703 1870 5780 ιιιξηιὰωη,
1907 5703 2104 5780 quibus

508 5774 698 5838 Scripti
735 5783 890 5842 sunt;
931 5775 1035 5833 sed
1067 5775 1353 5843 universis,
1393 5774 1490 5844 qui
1529 5776 1582 5830 in
1627 5774 1793 5829 vitam
1833 5775 2101 5841 venirent,

2126 4536 2182 4598 D

2223 456 2362 509 mus,
2396 456 2493 512 per
2519 457 2656 512 quos
2684 443 2976 498 ascendere
3014 443 3079 498 ad
3114 442 3252 504 loca,
3279 456 3398 510 quae
3428 449 3554 495 sunt
3594 441 3811 512 Sanctof

2219 528 2360 578 rum,
2394 510 2682 582 possimus.
2718 513 2932 568 Arduus
2960 515 3106 569 enim
3131 527 3302 582 usque
3332 513 3384 565 in
3413 525 3497 577 ea,
3527 519 3582 565 et
3609 510 3811 581 angusti

2219 584 2429 640 itineris
2452 598 2714 640 ascensus
2741 595 2840 639 est.
2876 584 3002 639 Ideo
3029 586 3103 639 ait
3136 583 3299 638 David
3329 583 3592 652 Propheta
3621 598 3634 633 :

2291 655 2372 709 Ad
2399 665 2464 719 te,
2499 654 2732 719 Domine,
2771 672 2886 708 cum
2915 655 3185 709 tribularer
3217 651 3454 718 clamavi,
3489 662 3536 706 et
3565 651 3813 706 exaudiui

2219 741 2317 780 me.
2351 724 2484 780 Cum
2521 727 2663 780 enim
2707 728 2827 794 quis
2854 729 3132 798 deprecans
3158 729 3305 798 juste
3329 726 3512 778 clamet
3538 724 3607 798 ad
3639 723 3813 798 Domi-

2219 813 2375 860 num;
2404 797 2584 852 audiet
2611 793 2866 852 continuo
2894 793 3287 853 dicentem'sibi
3311 814 3325 850 :
3358 810 3488 850 ecce
3509 795 3721 850 adsum.
3750 793 3814 848 Et

2219 869 2342 937 quia
2364 868 2538 931 adest,
2573 871 2768 922 iterum
2793 869 3062 937 rogandus
3086 878 3206 924 est:

2291 937 2531 1002 Domine,
2567 939 2726 993 libera
2763 942 2986 994 animant
3015 956 3181 993 meum
3227 955 3257 990 a
3291 938 3437 992 labiis
3477 938 3669 1006 iniquis
3711 947 3760 990 et
3781 952 3814 990 ιι

2219 1009 2397 1080 lingua
2436 1011 2633 1064 dolosa.
2671 1010 2862 1064 Dolosa
2904 1020 3081 1065 autem
3116 1011 3292 1081 lingua
3324 1025 3473 1081 opus,
3507 1019 3590 1064 est
3633 1008 3808 1071 fallax,

2219 1081 2361 1147 quod
2395 1097 2488 1149 per
2516 1083 2639 1136 vitae
2679 1082 2989 1150 temporalis
3015 1096 3165 1147 Spem
3201 1080 3422 1136 deducit
3464 1080 3514 1134 in
3563 1090 3810 1134 mortem.

2220 1151 2610 1206 Hmreticorum
2636 1167 2847 1222 quoque
2877 1154 2976 1206 ista
3017 1152 3296 1207 mendacia
3335 1161 3482 1216 sunt,
3513 1152 3669 1205 aliter
3700 1167 3812 1204 em-

2221 1223 2308 1276 nia
2331 1223 2545 1278 tradere
2574 1233 2629 1279 et
2653 1223 2871 1289 docere,
2903 1239 3062 1294 quam
3090 1226 3287 1292 scripta
3309 1231 3456 1278 sunt.
3489 1223 3572 1276 Ab
3602 1223 3684 1276 bis
3715 1222 3815 1292 igi-

2221 1301 2308 1347 tur
2341 1309 2434 1357 per
2461 1294 2554 1349 Dei
2587 1294 3012 1349 misericordiam
3043 1306 3262 1350 orantes
3287 1295 3617 1349 liberamur:
3653 1301 3709 1347 ct
3734 1296 3816 1345 in-

2222 1373 2303 1420 ter
2331 1379 2516 1420 eorum
2548 1365 2942 1429 tribulationes,
2992 1367 3296 1421 clamantes
3329 1365 3396 1419 ad
3440 1365 3610 1418 Deum
3656 1378 3817 1418 exau-

2220 1436 2452 1490 diemnr.
2490 1437 2602 1491 Sub
2631 1437 2732 1491 hoc
2754 1437 3122 1506 subsequitur.

2295 1507 2430 1581 Quid
2476 1507 2624 1581 detur
2651 1508 2758 1573 tibi,
2805 1508 3018 1581 etquid
3055 1506 3346 1581 apponatur
3377 1506 3564 1581 tibigad
3592 1507 3820 1578 linguam

2221 1577 2494 1631 dolosam?
2534 1579 2584 1631 id
2631 1590 2715 1634 est
2759 1577 3024 1647 quid'tibi
3069 1577 3326 1634 adversus
3371 1577 3676 1632 falsitatem
3707 1580 3822 1644 ejus

2221 1649 2456 1716 prmsidii
2490 1649 2780 1704 al'feratur?
2806 1664 3124 1718 responsum
3170 1659 3290 1705 est:
3323 1650 3543 1719 Sagitta:
3590 1659 3817 1715 potentes

2222 1730 2388 1773 acuta:
2408 1721 2462 1772 in
2482 1722 2781 1775 carbonibus
2797 1721 3143 1776 desolatoriia.
3165 1722 3424 1789 Sagittam
3446 1729 3628 1774 autem
3653 1720 3820 1789 ipsum

2227 1791 2507 1844 Dominum
2557 1801 2922 1856 nuncupatum
2955 1793 3139 1846 Esaias
3189 1793 3454 1855 ostendit,
3506 1791 3610 1844 hoc
3656 1791 3820 1845 modo

2221 1861 2443 1917 dicens:
2476 1861 2660 1916 Posuit
2687 1879 2772 1916 me
2795 1875 2846 1915 ut
2867 1865 3104 1934 sagittam
3135 1864 3363 1927 electam,
3399 1872 3445 1917 et
3487 1864 3541 1916 in
3581 1864 3821 1934 pharetra

2219 1949 2313 1986 sua
2352 1934 2614 1987 abscondit
2641 1951 2738 2000 me,
2770 1943 2818 1986 et
2839 1935 2932 1995 ait,
2967 1933 3171 1988 Grande
3193 1936 3282 1988 tibi
3309 1945 3380 1988 est
3409 1934 3524 1998 hoc,
3558 1933 3728 1987 vocari
3777 1943 3820 1986 te

2220 2020 2431 2073 puerum
2451 2021 2617 2058 meum
2635 2003 2732 2076 (Is.
2755 2019 2901 2070 xux,
2919 2003 2996 2076 2).
3017 2007 3134 2061 Sint
3151 2021 3278 2076 ergo
3294 2007 3376 2060 ha:
3393 2006 3604 2076 sagittae
3621 2015 3823 2058 utrum-

2220 2090 2327 2144 que
2356 2075 2406 2130 in
2437 2075 2654 2140 modum
2683 2084 3029 2144 exspectata),
3063 2079 3143 2132 vel
3167 2079 3217 2130 in
3252 2091 3466 2147 pmnam
3493 2075 3819 2145 iniquorum,

2221 2147 2304 2200 vel
2341 2147 2392 2201 in
2420 2159 2732 2202 sanctorum
2770 2161 3059 2216 corporum
3105 2157 3385 2218 peccatum
3426 2147 3815 2202 vulnerantes:

2220 2218 2398 2290 sitque
2417 2219 2498 2272 vel
2523 2218 2812 2274 devastans
2829 2219 3013 2284 carbo,
3038 2221 3124 2274 vel
3139 2234 3391 2290 purgans,
3427 2227 3612 2289 purgat
3639 2227 3822 2272 autem

2218 2288 2284 2342 ad
2313 2291 2602 2355 perlectam
2635 2291 2994 2345 innocentiam
3023 2288 3361 2345 confitentes.
3483 2347 3489 2355 _

2295 2359 2412 2433 Heu
2436 2363 2556 2417 me!
2583 2363 2718 2432 quod
2743 2362 2997 2416 incolatus
3021 2379 3164 2416 meus
3197 2363 3532 2433 prolongatus
3561 2369 3655 2414 est.
3696 2360 3824 2415 Post

2218 2432 2362 2502 cnim
2393 2438 2614 2502 sagittas
2647 2433 2876 2497 Domini,
2920 2440 2971 2487 et
3001 2433 3118 2488 illos
3156 2432 3420 2489 carbones
3463 2433 3823 2486 desolatorios

2217 2501 2361 2575 beati
2393 2501 2533 2558 illius
2562 2505 2710 2574 regni
2741 2505 2968 2572 gloriam
2991 2504 3282 2559 desiderat.
3312 2505 3497 2575 Neque
3524 2503 3700 2557 solum
3726 2504 3824 2557 de-

2217 2574 2438 2639 siderat,
2473 2576 2565 2630 sed
2597 2591 2786 2629 omnes
2815 2590 2992 2628 moras
3017 2577 3131 2630 odit
3155 2576 3387 2630 dicendo
3412 2574 3454 2627 ’:

2293 2645 2408 2718 Heu
2431 2649 2549 2700 me!
2573 2648 2711 2716 quod
2737 2647 2990 2699 incolatus
3013 2663 3155 2701 meus
3179 2664 3238 2716 pr
3254 2648 3523 2718 olongatns
3546 2655 3618 2700 est
3640 2647 3658 2701 ἓ
3689 2645 3822 2700 Tale

2217 2715 2320 2770 hoc
2347 2717 2546 2771 dictum
2578 2715 2682 2783 est,
2718 2725 2775 2772 ut
2801 2734 2920 2770 cum
2952 2719 3002 2770 in
3033 2715 3330 2787 Evangelia
3359 2715 3625 2784 petimus:
3656 2719 3824 2770 Adve-

2216 2789 2324 2860 niat
2350 2805 2563 2856 regnum
2591 2798 2757 2854 tuum,
2793 2789 2884 2855 ﬁat
2905 2790 3136 2843 voluntas
3177 2800 3264 2842 tua
3299 2789 3478 2858 (Matt.
3508 2805 3584 2854 vi,
3617 2790 3731 2860 10).
3766 2789 3819 2842 In

2218 2857 2321 2912 hoc
2351 2860 2510 2930 igitur
2536 2875 2766 2926 corpore
2791 2860 2994 2928 positus
3018 2862 3292 2930 propheta:
3310 2857 3558 2929 'spiritus,
3592 2857 3822 2913 nimium

2217 2930 2320 2984 sibi
2355 2933 2616 3000 prolixum
2650 2931 2939 2985 incolatum
2963 2933 3203 3002 queritur
3237 2933 3343 2995 hic,
3370 2930 3631 2986 festinans
3660 2947 3825 3000 perc-

2214 3004 2414 3070 grinari
2437 3019 2464 3056 a
2495 3003 2744 3064 terrenis,
2779 3012 2832 3056 et
2859 3003 3099 3057 incolare
3143 3003 3424 3069 cmlestia;
3461 3009 3518 3056 ut
3544 3003 3825 3058 derelictis

2219 3075 2596 3141 praesentibus,
2629 3084 2991 3144 consequatur
3015 3075 3300 3130 invisibilia
3324 3084 3377 3129 et
3405 3083 3607 3129 acterna
3629 3091 3640 3126 :
3666 3075 3822 3130 ideo‘

2220 3159 2326 3213 que
2353 3145 2428 3199 ait
2458 3163 2470 3196 :

2296 3214 2411 3290 Heu
2439 3217 2558 3271 me!
2601 3217 2740 3290 quod
2771 3216 3022 3290 incolatus
3048 3232 3190 3272 meus
3209 3218 3543 3290 prolongatus
3565 3225 3640 3290 est
3665 3230 3686 3269 :
3721 3217 3821 3270 Ita-

2219 3287 2373 3360 bitavi
2398 3303 2514 3360 cum
2536 3289 2934 3360 inhabitantibus
2951 3290 3133 3343 Cedar.
3164 3287 3338 3343 Cedar
3362 3287 3494 3360 gens
3510 3297 3593 3342 est
3614 3288 3824 3360 l_s_mae-

2217 3358 2433 3431 litagrum
2482 3358 2692 3415 deserta
2752 3359 2992 3431 incolens
3017 3400 3032 3424 ,
3066 3360 3219 3431 cujus
3258 3357 3390 3431 lines
3436 3374 3605 3431 usque
3631 3357 3824 3431 Medos

2217 3440 2271 3483 et
2303 3429 2498 3486 Persas
2528 3433 2893 3499 proferuntur.
2919 3430 3094 3485 Cedar
3133 3429 3272 3485 enim
3301 3430 3491 3484 Ismael
3524 3430 3661 3483 lilius
3695 3429 3821 3492 fuit,

2217 3499 2411 3556 Genesi
2437 3509 2699 3555 testante:
2726 3501 3041 3568 Primitivus,
3060 3503 3251 3570 inquit,
3278 3500 3470 3555 lsmael
3497 3499 3760 3563 Naveoth,
3778 3510 3828 3554 et

2217 3570 2547 3644 Cedar(Par.
2562 3589 2599 3638 ι,
2615 3573 2729 3644 29).
2753 3575 2812 3627 lli
2827 3583 3105 3628 suntnunc
3121 3573 3369 3628 Saraceni
3388 3573 3700 3644 mincupati.
3722 3572 3827 3639 Qui

2214 3659 2342 3713 ergo
2366 3642 2607 3698 Psalmos
2638 3642 2768 3699 istos
2791 3653 3002 3699 terreno
3024 3645 3239 3714 ingenio
3262 3642 3642 3714 intelligendos
3662 3655 3828 3708 puta-

2215 3712 2424 3778 verunt,
2454 3714 2503 3767 id
2529 3717 2712 3770 Volunt
2735 3732 2798 3772 ex
2826 3730 3050 3781 persona
3073 3712 3255 3784 populi
3273 3715 3465 3784 captivi
3486 3712 3827 3782 Prophetam

2211 3786 2780 3858 conquestumgl'uisse,
2811 3787 2953 3858 quod
2993 3788 3044 3840 in
3081 3787 3401 3858 habitaculis
3424 3785 3827 3858 Cedaslongus

2211 3857 2288 3910 illi
2324 3857 2521 3927 populo
2566 3855 2727 3912 fuerit
2767 3855 3052 3914 incolatus.
3087 3855 3195 3914 Sed
3226 3859 3482 3911 virtutem
3511 3855 3658 3927 verbi
3708 3871 3826 3911 non

2209 3928 2290 3983 sic
2317 3926 2619 3996 intelligere
2656 3929 2916 3985 debemus
2942 3947 2954 3983 :
2980 3927 3154 3983 Cedar
3199 3929 3343 3983 enim
3371 3926 3667 3982 secundum
3704 3927 3827 3982 He-

2207 3999 2444 4054 braieam
2475 3999 2729 4066 linguam,
2770 4009 2826 4056 ut
2857 4001 3135 4055 nobiscum
3181 3999 3577 4069 pronuntiatur,
3619 3997 3828 4069 obscu-

2207 4072 2346 4124 ratio
2389 4079 2490 4124 est.
2527 4069 2769 4125 Meminit
2816 4071 2975 4140 hujus
3022 4068 3351 4125 tabernaculi
3395 4084 3592 4139 sponsa
3639 4068 3736 4121 illa
3766 4070 3823 4123 in

2207 4141 2444 4196 Canticis
2474 4143 2806 4212 canticorum
2853 4144 3073 4212 dicens:
3103 4141 3270 4212 Nigra
3306 4157 3441 4207 sum,
3467 4150 3553 4212 Aet,
3585 4142 3824 4210 formosa

2205 4229 2321 4266 sum
2344 4213 2454 4281 ﬁlia
2482 4211 2824 4282 Hierusalem,
2855 4214 2990 4268 sicut
3018 4209 3424 4267 Tabefnaculum
3450 4209 3633 4266 Cedar.

2277 4283 2543 4352 PrOpheta
2588 4299 2756 4354 ergo,
2829 4285 2952 4354 quia
3007 4286 3309 4352 iniquorum
3359 4283 3690 4355 consortium
3765 4290 3828 4338 et.

2203 4353 2592 4409 habitationem
2621 4353 2815 4410 eorum
2847 4353 2898 4410 in
2926 4357 3228 4410 obscuratis
3260 4353 3455 4420 odiret,
3490 4355 3611 4408 ideo
3635 4353 3714 4408 ait
3748 4373 3762 4408 :

2275 4425 2500 4480 Multum
2527 4427 2698 4479 incola
2728 4427 2823 4496 fuit
2853 4428 3024 4481 anima
3043 4443 3192 4493 mea;
3221 4442 3337 4480 cum
3367 4427 3447 4479 his
3472 4426 3562 4495 qui
3596 4425 3825 4479 oderant

2205 4512 2382 4566 pacem
2401 4538 2414 4562 ,
2440 4511 2580 4552 erant
2602 4497 2867 4567 paciﬁcus,
2897 4514 3012 4552 cum
3035 4498 3275 4569 loquebar
3299 4498 3405 4551 illis
3440 4496 3824 4567 impugnabant

2203 4583 2284 4620 me
2308 4570 2486 4637 gratis.

2275 4639 2402 4692 Erat
2430 4637 2648 4708 quidem
2678 4639 2932 4709 propheta
2960 4639 3208 4709 paciﬁcus
3231 4655 3351 4695 cum
3376 4638 3523 4709 pacis
3550 4637 3816 4703 inimicis;

2202 4710 2296 4765 sed
2330 4710 2766 4778 prmdicationem
2795 4711 2962 4781 ipsius
2990 4713 3235 4775 oderant;
3268 4720 3322 4766 et
3344 4727 3370 4762 a
3419 4709 3667 4781 doctrina
3714 4711 3815 4766 Dci

2202 4782 2706 4836 commovebantur.
2741 4779 2850 4838 Hos
2876 4797 3008 4852 ergo
3032 4783 3295 4837 modestia
3323 4797 3416 4836 sua
3451 4779 3730 4850 Propheta
3753 4783 3816 4836 in

2201 4865 2332 4920 pace
2353 4853 2643 4924 cohibebat
2669 4871 2682 4924 ς
2716 4853 2940 4923 ideoque
2989 4854 3284 4922 praedicare
3311 4866 3498 4924 pacem
3543 4853 3817 4921 prepheta

2201 4937 2308 4977 non
2332 4923 2556 4990 desinit;
2586 4923 2682 4980 sed
2705 4925 2852 4994 pacis
2876 4924 3285 4994 praedicatorem
3309 4923 3511 4979 inimici
3533 4924 3686 4993 pacis
3709 4924 3819 4979 im-

2201 5004 2459 5064 pugnant.

2589 5086 2840 5145 INCIPIT
2893 5085 3208 5145 PSALMUS
3246 5085 3412 5144 CXX.

2704 5197 2975 5242 CANTICUI
3026 5197 3297 5239 GRADUUI.

2273 5277 2453 5332 Levavi
2485 5277 2664 5332 oculos
2693 5293 2828 5332 meos
2857 5279 2909 5332 in
2938 5287 3160 5344 montes,
3190 5279 3327 5334 unde
3354 5278 3518 5334 veniet
3542 5278 3815 5334 adsiliunt

2198 5349 2345 5401 "tibi.

2276 5420 2532 5474 Humana:
2586 5419 2780 5474 mentis
2830 5431 3015 5475 natura
3043 5437 3106 5477 ea
3132 5432 3233 5486 est,
3272 5432 3329 5477 ut
3372 5421 3416 5476 si
3461 5420 3807 5491 cogitatione

2202 5488 2874 5562 aliquidcontemplemur,
2900 5493 3018 5546 talis
3048 5509 3108 5549 se
3130 5495 3282 5549 nobis
3309 5488 3646 5562 uitaquee'que
3675 5509 3808 5562 spe-

2203 5561 2312 5634 cies
2341 5561 2613 5634 exhibeat,
2651 5561 2863 5631 qualem
2908 5579 3027 5620 eam
3061 5576 3114 5620 et
3157 5561 3438 5634 cogitando
3465 5561 3808 5634 formemus.

2204 5632 2432 5701 Quoquo
2455 5633 2596 5686 enim
2627 5635 2820 5688 mentis
2851 5645 3050 5690 nostra:
3079 5632 3260 5690 oculos
3294 5632 3710 5697 intenderimus,
3743 5637 3803 5691 id

2207 5704 2377 5773 ipsum
2406 5705 2460 5758 in
2488 5703 2629 5774 quod
2658 5704 2746 5759 Ιίχί
2775 5715 2899 5761 sunt
2932 5706 3168 5762 referunt
3201 5705 3267 5760 ad
3294 5718 3532 5759 sensum.
3570 5705 3812 5761 beravit

2205 5789 2335 5845 ergo
2362 5775 2414 5832 in
2437 5784 2646 5833 mentes
2673 5776 2940 5847 Propheta
2981 5777 3202 5832 oculos;
3244 5790 3507 5846 quosnam
3549 5777 3743 5833 oculos
3774 5779 3800 5832 ἲ
