3984 6208
78 261 212 319 8Ξ9
1230 221 1643 324 ἰιιΑοτΑτυε
1681 267 1747 325 IN
1785 268 1921 325 exc
1960 269 2304 328 rsauuun.
3317 272 3426 334 sse

80 376 393 444 spiritales
413 418 429 443 ,
479 385 827 432 consummate
853 393 965 432 eum
997 377 1049 431 in
1089 379 1279 448 spiritu
1309 379 1532 436 lenitatis
1561 379 1580 449 ί
1607 377 1723 434 Gai.
1755 387 1809 450 Α
1835 390 1919 436 tur
1946 382 2141 438 deinde
2165 399 2178 435 :
2217 384 2474 451 Quoniam
2497 385 2664 440 adhuc
2693 396 2739 440 et
2764 386 2928 442 oratio
2959 403 3066 440 mra
3104 387 3154 440 in
3184 387 3428 458 beucpla~

82 483 152 533 γ,
185 469 281 539 1).
316 467 426 526 Sed
472 483 539 524 ne
584 471 700 538 ipse
726 469 946 540 quidem
971 470 1198 527 rationis
1221 470 1381 540 justze
1420 470 1731 528 misericor~
1832 479 1946 534 citis
1975 495 2145 534 eorum
2171 497 2189 545 ;
2215 525 2218 528 .
2241 480 2405 536 Vens.
2435 481 2469 535 6
2503 499 2515 534 :
2547 482 2774 550 absorpti
2805 491 2922 535 sunt
2951 483 3232 536 continuati
3262 493 3427 552 petra

90 560 224 616 (ῑίίυ
292 561 582 617 immemor
610 561 758 617 ίυίίτ
817 572 1147 631 Ρτπνεηιυιη
1192 563 1336 618 θηίηι
1392 563 1446 618 in
1495 562 1727 630 (ιθιῖθιον
1821 573 2028 645 jndices
2084 590 2278 628 corum.
2314 573 2543 629 Causam
2575 590 2670 630 cur
2698 575 3090 630 absorbeantur
3116 577 3424 630 continuati

85 669 222 710 non
260 654 353 725 (α)
412 655 696 710 voluntate
733 655 1157 726 delinquentem,
1217 659 1579 714 consummari
1631 673 1728 728 ρον
1831 677 2001 736 μευ-ω
2039 681 2158 722 eam
2207 667 2360 732 dicit,
2388 668 2508 737 quia
2547 667 2721 722 adhuc
2749 668 2814 722 sit
2845 669 3016 723 oratio
3040 684 3134 722 sua
3175 669 3227 721 in
3258 668 3424 722 bene...

79 748 488 818 argnitionem
527 747 699 818 jubet.
751 751 926 818 Atque
975 749 1095 804 ideo
1145 749 1404 820 propheta
1443 765 1566 805 cum
1610 751 1724 807 ait:
1829 758 2043 828 placitis
2076 774 2285 814 eorum.
2310 759 2440 815 Orat
2486 760 2744 830 propheta
2780 759 2854 832 (c)
2892 759 3076 813 eadem
3110 775 3228 830 qua:
3259 775 3427 830 supe-t

80 838 382 907 Corripiet
410 857 490 896 me
504 844 682 914 justus
720 842 776 896 in
804 843 1178 909 misericordia,
1211 853 1259 897 et
1290 844 1571 914 increpabit
1605 861 1724 911 me;

1838 850 1970 907 riora
2001 859 2146 918 sunt,
2179 867 2248 908 ne
2290 853 2468 908 oleum
2511 853 2808 920 peccatoris
2836 861 2996 920 caput
3037 867 3192 907 suum
3227 851 3425 922 impius

78 940 148 988 ει
189 930 334 986 ﬁdei
363 945 500 998 suae.
527 940 584 987 ει
621 932 870 989 humana!
913 933 1240 990 inﬁrmitatis
1281 950 1508 997 memor.
1553 937 1725 992 corri-
1825 951 1974 1015 guct.
2008 944 2120 1000 Hoc
2140 945 2405 1016 Propheta
2432 953 2571 999 orat.
2603 945 2706 1001 Sed
2734 954 3047 1014 peccatores
3069 961 3136 999 ne
3166 944 3265 999 hac
3292 944 3416 1014 qui-

80 1025 382 1093 piendum
413 1039 474 1082 se
502 1025 556 1080 in
601 1026 684 1080 his
728 1025 836 1092 ait,
866 1041 986 1097 quae
1012 1026 1178 1097 justm
1219 1028 1600 1084 misericordia
1629 1043 1724 1084 ar-

1838 1038 1948 1093 dent
1982 1045 2256 1109 prophetae
2304 1040 2552 1094 oratione
2590 1048 2859 1094 terrentur
2886 1079 2904 1106 ,
2955 1049 3012 1093 ut
3065 1041 3132 1093 ab
3182 1037 3267 1094 his
3295 1052 3424 1110 quia

79 1117 365 1189 ευὶιὶοειθ
395 1125 523 1172 sum
559 1117 740 1186 (“8M-
1827 1132 2018 1204 placita
2049 1146 2174 1187 sum
2203 1132 2308 1188 sibi
2354 1134 2632 1188 desistant.
2679 1133 2847 1188 Nemo
2876 1134 3017 1187 enim
3072 1135 3124 1186 in
3158 1133 3420 1202 peccatis,

169 1209 232 1266 9.
299 1207 376 1264 Ut
402 1211 680 1280 correptio,
707 1211 780 1264 ita
819 1219 867 1264 et
896 1211 1132 1266 doctrina
1163 1227 1194 1265 a
1222 1223 1399 1268 sancto
1436 1211 1547 1269 viro
1575 1229 1718 1284 quae-

1838 1225 1926 1280 nisi
1948 1224 2028 1297 (ά)
2059 1226 2178 1294 quia
2202 1224 2288 1281 his
2315 1226 2634 1290 delectatur,
2666 1233 3010 1296 perseverat:
3037 1235 3092 1280 et
3118 1240 3332 1279 causam
3360 1225 3420 1280 in

77 1303 299 1357 τεηάα-
334 1333 408 1348 --
452 1302 584 1359 Οἴτη
614 1314 796 1360 amem
839 1305 1019 1360 adhuc
1050 1315 1104 1362 ει
1141 1306 1285 1362 aliud
1311 1349 1326 1373 ν
1367 1323 1436 1362 ne
1460 1307 1721 1364 dOCII'iniS
1824 1333 2144 1389 unaquaque
2165 1333 2223 1373 re
2249 1320 2620 1388 permanendi,
2642 1319 2930 1389 voluptatis
2971 1319 3259 1372 oblectatio
3286 1317 3418 1371 sub-2

81 1395 377 1452 sidelicet
419 1405 764 1466 peccatorum
818 1398 1113 1463 imbuatur,
1163 1415 1297 1454 neve
1325 1416 1496 1469 usque
1528 1401 1604 1471 (ι)
1651 1401 1718 1456 ad
1823 1410 2112 1465 ministrat.
2149 1410 2293 1482 Ergo
2317 1414 2437 1483 quia
2468 1412 2644 1466 adhuc
2694 1419 2884 1466 orante
2913 1425 2980 1466 eo
3008 1411 3062 1466 in
3100 1409 3414 1477 beneplaciq

78 1489 459 1558 Ρεθθηῐιῑίυηι
515 1488 944 1546 misericordiam
992 1491 1206 1547 ἀθεῑίίθι
1255 1510 1268 1546 ³
1321 1491 1506 1548 meum
1550 1504 1720 1549 αυιειι
1824 1503 2091 1559 tisenrum
2113 1514 2256 1567 sunt,
2288 1504 2342 1560 id
2359 1507 2602 1576 est,quia
2625 1505 2768 1576 quod
2791 1502 3416 1564 erant.nondemmatur

80 1584 402 1652 peccatoris
430 1601 534 1638 non
558 1584 837 1656 impinguet
872 1595 1028 1656 caput
1068 1603 1256 1642 meum.
1293 1587 1415 1644 Vult
1443 1604 1598 1656 eum,
1627 1591 1720 1660 qui
1820 1609 1918 1665 per
1947 1609 2043 1650 eos
2081 1596 2356 1650 voluntate
2393 1597 2599 1666 (supple
2620 1593 2995 1666 permanente)
3031 1595 3284 1665 peccandi
3311 1637 3326 1661 ,
3360 1601 3417 1648 et

82 1690 202 1732 uos
241 1675 447 1734 doceat
492 1687 656 1749 atque
706 1688 916 1750 arguat,
968 1683 1318 1737 conscientia}
1369 1697 1520 1754 pur-.e
1567 1698 1714 1739 esse.
1820 1697 2132 1758 peceatores
2148 1701 2278 1744 esse
2307 1690 2599 1760 persistum
2624 1709 2637 1757 ;
2667 1704 2764 1743 nec
2791 1688 2966 1742 oratio
2991 1688 3108 1756 ejus
3139 1688 3298 1741 tinem
3323 1700 3414 1739 ac-

82 1770 380 1828 Domiuus
409 1786 537 1828 vero
565 1773 616 1826 in
649 1772 990 1843 Evangeliis,
1017 1789 1142 1828 cum
1169 1774 1236 1830 de
1259 1775 1592 1846 jejuniorum
1619 1793 1716 1847 pn-
1745 1785 1794 1846 Β
1819 1779 1949 1848 cipit
1975 1795 1988 1834 :
2018 1779 2138 1849 quia
2169 1780 2370 1834 tamdiu
2413 1781 2462 1833 in
2492 1779 2846 1850 beneplacitis
2876 1793 3064 1832 eorum
3089 1777 3204 1848 ejus
3232 1778 3414 1832 oratio.

79 1865 272 1920 ritate
302 1865 636 1934 loqueretur,
669 1867 745 1922 ait
774 1883 786 1919 :
822 1865 927 1922 Vos
952 1875 1124 1923 autem
1152 1883 1266 1921 cum
1285 1868 1543 1942 jejnnatis
1565 1909 1580 1933 ,
1604 1866 1712 1922 ’ωι-

85 1960 206 2032 gite
255 1966 419 2031 caput
446 1969 698 2026 vestrum,
747 1969 793 2015 et
841 1959 1026 2029 faciem
1055 1970 1270 2016 vestram
1308 1962 1471 2016 lavate
1496 1961 1708 2035 (Matth.

91 2069 192 2120 γι,
231 2052 348 2124 i7).
384 2051 444 2107 In
469 2053 738 2109 abluenda
768 2052 935 2118 facie,
988 2054 1218 2109 nitorem
1249 2045 1396 2124 pura:
1423 2055 1710 2111 conscien-

1826 1880 1929 1935 est,
1954 1871 2207 1941 quamdiu
2231 1871 2623 1940 beneplaeitum
2667 1870 2774 1924 illis
2806 1869 2965 1924 fuerit
2995 1884 3244 1939 peccare.

1890 1965 1976 2020 li.
2002 1963 2177 2034 Iniqui
2207 1964 2427 2020 adventu
2457 1963 2648 2019 Christi
2693 1957 3299 2018 absorbendi.——Idcirco
3318 1961 3412 2016 ab-

1814 2059 1977 2126 sorpti
2001 2069 2116 2110 sunt
2138 2057 2422 2111 continuati
2451 2066 2612 2124 petra:-
2625 2057 2829 2127 judiccs
2852 2073 3048 2110 eorum.
3064 2055 3279 2111 Petram
3303 2072 3414 2110 non

90 2150 194 2203 ιὶαε
247 2146 468 2216 θκεείῑς
521 2163 589 2203 ne
638 2147 766 2218 Quid
822 2150 874 2202 in
923 2147 1078 2202 nobis
1141 2147 1439 2208 sordidum.
1489 2139 1556 2203 ne
1587 2128 1744 2216 quid.
1816 2155 2068 2210 novimus
2094 2153 2194 2206 nisi
2221 2151 2495 2206 Christum
2528 2167 2542 2204 :
2573 2152 2696 2220 quia
2715 2150 2914 2206 dictum
2941 2150 3112 2205 estde
3138 2165 3222 2214 eo,
3258 2149 3412 2204 Petra

93 2241 346 2296 oblitum
373 2239 673 2297 adhaereret
706 2258 720 2294 ι
753 2239 808 2294 in
854 2239 1027 2310 capite
1054 2255 1184 2296 vero
1211 2238 1479 2310 ungenda,
1510 2239 1713 2295 doctri-

99 2334 194 2388 nis
244 2346 350 2387 nos
391 2343 554 2402 atque
584 2333 842 2401 operibus
894 2331 1153 2402 Spiritalis
1205 2333 1556 2390 institutionis
1594 2348 1718 2402 per-

102 2425 285 2481 fectos
327 2440 450 2481 esse
482 2427 757 2495 praecepit.
806 2426 999 2482 Oleum
1028 2429 1171 2488 enim
1215 2427 1430 2485 luminis
1464 2427 1716 2498 pabulum

101 2529 235 2583 est;
268 2529 323 2574 et
355 2519 598 2574 doctrina
631 2529 793 2590 atque
822 2536 956 2590 opus
1003 2521 1243 2590 spiritale
1271 2522 1514 2580 caelestis
1564 2521 1717 2580 nobis

107 2611 307 2682 gloria:
327 2625 490 2667 causa
513 2619 615 2686 est.
649 2611 720 2668 Ut
747 2613 892 2668 enim
925 2613 1104 2670 lumen
1137 2628 1200 2668 ex
1227 2615 1385 2687 597
1410 2614 1534 2670 oleo
1561 2615 1720 2669 lumi-

111 2705 203 2760 nis
235 2703 398 2760 habet
440 2721 698 2768 causam;
750 2707 844 2772 ita,
891 2718 951 2763 ut
1005 2708 1178 2762 lucem
1229 2709 1490 2778 spiritalis
1533 2709 1720 2780 gloria:

114 2801 481 2867 retineamus,
515 2799 762 2865 doctrina
796 2808 957 2870 atque
988 2801 1230 2870 Operatio
1257 2810 1472 2870 praestat
1507 2820 1520 2856 :
1550 2811 1608 2856 ut
1631 2817 1721 2857 ca-

119 2899 222 2962 put
256 2898 522 2958 nostrum,
553 2891 717 2948 sedes
740 2891 948 2948 scilicet
978 2893 1104 2947 vitae
1132 2903 1185 2948 et
1213 2893 1514 2963 prudentia:
1533 2900 1589 2950 et
1606 2908 1722 2949 om-

117 2985 276 3039 nium
318 2998 610 3051 sensuum,
657 2986 778 3042 oleo
817 2987 1150 3056 operationis
1193 2987 1560 3059 doctrinmque
1607 2989 1722 3051 pin-

118 3087 366 3148 guescat.
408 3077 512 3135 Sed
539 3079 720 3136 oleum
750 3079 853 3133 hoc
893 3095 1001 3136 non
1031 3096 1060 3136 a
1092 3091 1375 3152 peccatore
1403 3081 1721 3138 sumendum

1816 2254 1985 2302 autent
2017 2253 2122 2301 erat
2154 2241 2387 2298 Christus
2409 2243 2454 2316 (Ι
2477 2243 2622 2309 Cor.,
2649 2259 2702 2310 κ,
2722 2241 2799 2312 4).
2817 2241 2934 2309 Quo
2961 2241 3282 2296 adveniente
3310 2242 3410 2310 (ε),

1818 2355 1938 2398 cum
1965 2354 2026 2396 se
2055 2339 2110 2394 bi
2139 2346 2480 2408 peccatorum
2510 2337 2666 2393 electi
2697 2346 2751 2392 et
2764 2337 2977 2405 judices
3002 2337 3099 2406 ipsi
3131 2337 3416 2390 continua-2;

1816 2435 1974 2497 bunt,
2003 2432 2380 2497 absorbentur.
2407 2430 2568 2484 Mors
2598 2429 2743 2486 enim
2775 2436 2924 2493 tunc,
2949 2436 3005 2482 et
3027 2427 3326 2498 corruptio,
3356 2432 3415 2480 et

1822 2536 2100 2597 peccatum
2128 2523 2526 2590 absorbebitur,
2556 2529 2613 2576 ut
2650 2521 2906 2590 scriptum
2935 2529 3039 2583 est,
3059 2519 3312 2591 Absorpta
3338 2528 3413 2574 est

1820 2636 1956 2673 mors
2001 2620 2056 2672 in
2093 2619 2484 2673 contentionem.
2531 2614 2629 2670 ωε
2669 2623 2742 2668 est
2793 2615 2998 2668 aculeus
3042 2624 3154 2666 tuus
3182 2613 3207 2665 .9
3233 2611 3317 2666 ubi
3339 2611 3414 2665 cst

1819 2711 2122 2768 contentio?
2146 2711 2364 2764 Aculeus
2400 2709 2534 2763 enim
2585 2710 2762 2763 mortis
2792 2717 3056 2778 peccatum
3097 2715 3167 2758 est
3197 2705 3241 2775 (1
3265 2703 3412 2770 Cor.,

1822 2823 1912 2872 xv,
1950 2807 2018 2862 54
2043 2815 2088 2860 et
2129 2803 2241 2876 55).
2288 2803 2657 2859 Absorbentur
2687 2809 2864 2856 autem
2915 2798 3211 2854 continuati
3247 2801 3415 2866 pett-te

1825 2899 2016 2955 horum
2047 2897 2258 2968 judices
2287 2912 2408 2952 cum
2431 2896 2524 2950 illo
2555 2909 2656 2949 suo
2685 2893 2947 2964 principe,
2989 2894 3057 2948 de
3077 2905 3185 2962 quo
3213 2889 3414 2944 dictum

1824 3000 1938 3047 est:
1971 2990 2040 3046 Et
2061 3001 2177 3045 tunc
2206 2988 2510 3044 revelabitur
2535 2988 2622 3042 ille
2645 2986 2851 3056 impius,
2875 3000 3023 3054 quem
3054 2982 3302 3036 Dominus
3327 2978 3417 3037 Je—

1825 3101 1912 3140 sus
1931 3083 2200 3154 interﬁciat
2223 3064 2406 3152 spiritu
2428 3081 2533 3133 oris
2567 3078 2666 3145 sui,
2702 3087 2747 3132 et
2767 3075 3027 3132 evacuabit
3048 3089 3163 3128 eum
3192 3087 3418 3142 praesen-

122 3180 245 3226 est:
275 3181 330 3226 et
375 3171 611 3226 orandus
653 3181 736 3229 est
775 3173 912 3227 Deus
933 3215 949 3240 ,
993 3187 1060 3229 ne
1097 3173 1200 3229 hoc
1247 3184 1587 3244 peccatorum
1624 3175 1719 3230 in-
1746 3181 1790 3246 ο
1825 3177 1895 3231 tia
1915 3178 2160 3230 adventus
2182 3175 2262 3229 sui
2291 3173 2355 3244 (Il
2380 3171 2582 3236 These,
2607 3186 2664 3234 ιι,
2684 3169 2762 3240 8).
2787 3170 2889 3224 Per
2913 3167 3050 3222 hanc
3071 3180 3198 3236 ergo
3218 3167 3417 3220 adven-

122 3266 334 3320 fundat.
367 3265 438 3322 Ut
466 3266 609 3322 enim
655 3281 685 3320 a
726 3274 915 3322 sancto
948 3275 1003 3322 et
1027 3267 1296 3323 lldeliviro
1318 3269 1465 3340 argui
1498 3283 1556 3326 se
1578 3270 1717 3326 velle

126 3359 406 3428 prudentis
433 3369 554 3426 est;
583 3361 702 3430 quia
732 3362 890 3432 aegris
914 3361 1108 3417 animis
1155 3371 1208 3416 et
1256 3372 1504 3432 peccatur
1532 3365 1720 3419 morbo

128 3451 504 3522 languentibus
531 3452 674 3508 utilis
708 3462 791 3508 est
822 3468 1024 3510 severa:
1057 3454 1440 3525 obiurgationis
1473 3457 1574 3512 sub
1620 3457 1722 3512 hu-

127 3555 287 3600 nesto
327 3555 548 3602 auctore
597 3546 903 3602 medicina:
936 3547 1006 3603 ita
1054 3547 1306 3603 miserum
1351 3557 1434 3604 est
1485 3564 1579 3619 per
1603 3565 1722 3620 pec-

129 3637 237 3692 cati
267 3637 664 3693 miserationem
693 3653 862 3708 usque
883 3638 949 3692 ad
990 3638 1160 3706 ipsam
1204 3641 1536 3710 peccantium
1567 3642 1729 3697 mise-

130 3729 418 3784 ricordiam
457 3729 745 3786 decidisse.
780 3729 892 3786 Hoc
921 3744 1052 3801 ergo
1080 3739 1364 3802 utrumque
1392 3749 1423 3788 ει
1462 3748 1520 3788 se
1549 3733 1730 3790 detes-

133 3833 278 3880 tatur
303 3822 587 3892 propheta.

207 3918 296 3974 10.
317 3915 383 3971 In
413 3917 632 3987 peccatis
659 3925 1003 3988 permonetur,
1071 3917 1192 3988 quia
1239 3918 1730 3992 placata—Sequi-

209 4076 284 4201 Sa)
326 4075 438 4132 Hoc
478 4084 582 4138 cst,
610 4074 701 4144 qui
729 4074 1059 4130 voluntatem
1111 4075 1180 4131 ita
1211 4075 1372 4132 habet
1417 4077 1469 4133 in
1502 4087 1722 4148 peccato

229 4150 494 4201 irmatam.
544 4156 602 4200 ut
645 4160 766 4199 cum
796 4147 930 4200 sciat
981 4156 1255 4201 peccatum
1303 4163 1446 4201 esse.
1493 4151 1626 4201 nolit
1655 4149 1722 4201 ab

137 4147 494 4211 oblirmatam,
544 4156 602 4200 ut
645 4160 766 4199 cum
796 4147 930 4200 sciat
981 4156 1255 4215 peccatum
1303 4163 1446 4213 esse,
1493 4147 1626 4203 nolit
1655 4149 1722 4204 ab

139 4236 206 4276 eo
231 4217 503 4272 discedere
535 4235 546 4268 :
580 4231 674 4289 seu
705 4227 762 4269 ut
791 4217 1022 4289 Hilarius
1055 4218 1169 4286 ipse
1201 4220 1432 4286 explicat
1487 4221 1536 4273 in
1585 4221 1721 4289 psal.

141 4305 318 4348 cxuv.
351 4307 400 4359 qq.
439 4289 508 4343 19
538 4305 550 4341 :
588 4287 690 4353 Qui
719 4288 980 4359 voluntate
1007 4290 1342 4358 permanserit
1397 4290 1448 4342 in
1480 4287 1721 4359 peceato,

142 4378 283 4433 quem
311 4353 544 4433 vitiorum.
570 4376 694 4412 usus
720 4358 951 4433 oblectet,
1007 4353 1153 4433 quem
1198 4377 1298 4414 non
1350 4353 1608 4433 pteni'teat
1632 4363 1726 4415 ad-

143 4429 298 4486 missi.
356 4429 490 4484 Iliun
545 4444 666 4484 eum
724 4431 798 4483 ait
855 4431 906 4484 in
959 4431 1094 4498 psal.
1143 4445 1338 4497 cxxxv,
1374 4434 1485 4486 ιι.4
1518 4451 1530 4486 ;
1562 4431 1728 4487 Extra

144 4503 335 4586 ueniam
362 4502 570 4586 μικραί
588 4511 856 4586 peccatum
884 4502 1136 4583 cognovit,
1181 4517 1280 4586 nec
1298 4505 1557 4572 cognitum
1605 4520 1730 4557 con--
1751 4526 1805 4586 D

149 4575 332 4646 ﬁtetur,
358 4574 598 4626 conliteri
621 4571 720 4646 hic
743 4587 840 4646 pro
886 4573 1149 4646 poenitere
1197 4571 1410 4646 videtur
1459 4577 1722 4643 posuisse,

147 4643 377 4716 adeoque
392 4653 596 4698 ιιιιιιιιιιι
620 4643 1079 4716 itnpu‘nitentilms
1111 4645 1318 4716 veniam
1345 4660 1556 4716 negare.
1577 4646 1726 4700 Licet

149 4715 285 4771 enim
305 4715 434 4776 haec,
475 4731 566 4768 nec
591 4714 1146 4784 cognitamcon/itetur,
1184 4714 1480 4785 intelligere
1511 4733 1573 4770 ex
1596 4717 1722 4783 illis,

153 4803 292 4856 quem
331 4802 427 4838 non
467 4785 703 4855 ptcniteat
740 4785 968 4837 admissi.
1014 4785 1078 4838 Et
1111 4785 1323 4856 quidem
1363 4801 1482 4839 cum
1509 4790 1559 4841 in
1591 4789 1723 4856 psal.

151 4855 339 4930 (ηυγ,
357 4875 410 4910 ιι.
432 4859 484 4930 4,
506 4857 621 4910 etin
639 4871 872 4930 csxxvn,
894 4873 948 4909 ιι.
973 4857 1028 4915 5,
1045 4856 1147 4910 ait:
1169 4855 1527 4930 Confessio“!
1541 4855 1729 4930 profes-

155 4932 228 4985 sio
244 4929 516 4993 desinendi,
537 4941 604 4990 ac,
620 4941 828 4982 rursum
849 4928 901 4982 in
919 4943 997 4998 ps.
1017 4942 1201 4992 chtv,
1220 4944 1273 4982 ιι.
1307 4927 1373 4982 18
1391 4945 1402 4982 :
1421 4927 1729 4985 Ptenitentia

157 5011 323 5054 auctor
346 5011 416 5052 est
443 4999 728 5061 desinendi,
756 5001 886 5052 satis
921 4999 1119 5052 indicat
1139 4999 1468 5068 paenitentiae
1499 5013 1554 5055 et
1595 5017 1727 5056 con-

160 5070 400 5142 fessionis
429 5071 702 5124 Vocabulis
739 5084 846 5123 non
878 5069 1024 5142 aliud
1051 5085 1194 5139 saepe
1223 5085 1446 5142 numero
1472 5086 1532 5128 se
1558 5073 1727 5142 signi-

164 5143 333 5198 ﬁcare.
387 5141 571 5210 Itaque
612 5156 732 5196 eum
780 5140 917 5208 apud
962 5141 1220 5198 llilarium
1251 5139 1526 5196 voluntate
1555 5139 1724 5198 deliu-

163 5224 368 5285 quentes
396 5220 735 5285 opponantur
779 5212 1181 5285 pmniteutibus,
1211 5213 1333 5281 quia
1362 5213 1612 5266 nimirum
1646 5215 1726 5271 his

165 5281 366 5339 adactus
394 5281 533 5337 inest
574 5281 750 5344 inviti;
798 5297 933 5353 quos
983 5283 1280 5350 intelligere
1330 5285 1587 5340 debemus
1630 5301 1726 5340 vo-

167 5357 349 5412 luntate
394 5354 787 5422 delinquentes,
819 5352 937 5408 nisi
961 5355 1392 5423 imptnnitentes?
1421 5355 1516 5410 llis
1543 5365 1723 5412 autem

167 5429 358 5481 veniam
389 5438 609 5492 negans,
643 5424 854 5478 caeteris
881 5426 1128 5480 concedit
1157 5427 1208 5479 in
1233 5441 1312 5495 ps.
1341 5441 1519 5490 chtv,
1546 5443 1598 5480 n.
1622 5427 1723 5484 i9:

174 5497 321 5579 liabet
347 5497 486 5578 enim
528 5495 685 5579 vertite
729 5496 867 5565 apud
915 5495 1079 5549 Deum
1124 5498 1384 5579 solatium,
1414 5499 1730 5579 .panituisse

170 5571 229 5624 de
249 5567 385 5636 gestis
406 5582 425 5620 :
449 5581 541 5639 nec
584 5574 977 5639 temperamento
1017 5568 1296 5639 severitatis
1335 5567 1606 5639 indignam
1629 5581 1723 5633 est,

170 5635 294 5710 quod
313 5653 410 5710 per
455 5635 669 5710 admissi
705 5635 955 5710 dolorem,
986 5635 1229 5710 eiectans
1254 5641 1324 5702 ita
1354 5635 1622 5709 proﬁtetur
1649 5642 1730 5698 in-
1805 5685 1810 5690 .

177 5707 277 5788 siti.
300 5707 627 5788 Quamquam
655 5707 760 5788 hoc
801 5707 1043 5776 pluribus
1085 5708 1217 5766 locis
1259 5707 1470 5788 videtur
1509 5711 1726 5778 docere,

183 5784 242 5838 iis
262 5783 484 5844 tantum,
534 5783 629 5848 qui
675 5783 769 5832 aut
811 5791 1018 5844 errore,
1069 5789 1160 5836 aut
1207 5784 1384 5838 carnis
1422 5785 1732 5860 fragilitate,

1827 3278 1912 3324 tus
1943 3267 2152 3322 Domini
2184 3267 2523 3334 praesentiam
2547 3261 2949 3317 evacnabuntur
2965 3258 3226 3326 absorpti,
3250 3269 3301 3311 et
3319 3257 3418 3310 ah-

1827 3361 1998 3431 sorpti
2036 3358 2240 3429 judicio
2274 3365 2603 3411 sanctorum.
2659 3354 2914 3424 Sequitur
2963 3352 3107 3406 enim
3154 3350 3420 3405 :Audient

1829 3453 1978 3510 verba
2005 3469 2137 3517 mea,
2167 3452 2289 3522 quia
2325 3459 2616 3519 potuerunt.
2663 3448 2955 3502 Potuerunt
2985 3444 3073 3499 Vol
3101 3444 3414 3507 absorbere,

1831 3546 1918 3600 vel
1958 3544 2039 3617 (f)
2078 3544 2284 3600 audire.
2321 3543 2378 3598 ln
2411 3541 2694 3610 prtesentia
2723 3539 2866 3594 enim
2897 3535 3107 3592 honuni
3128 3535 3423 3590 absorben-

1833 3646 1918 3692 tur
1973 3635 2304 3706 prophetieat
2361 3633 2606 3689 veritatis
2652 3631 2954 3702 arguitione
2999 3638 3054 3684 et
3092 3627 3269 3698 impia:
3311 3642 3422 3682 sua:

1833 3729 2084 3786 falsitatis
2101 3728 2414 3800 opprobrio.

1905 3822 1993 3878 ιιι.
2018 3821 2317 3880 Crassitudo
2352 3821 2593 3878 vitiorum
2629 3835 2795 3875 comes
2823 3827 2910 3874 aut
2934 3835 3106 3874 causa.
3137 3818 3280 3874 Vitia
3320 3835 3422 3872 non

1831 3918 2002 3973 sinunt
2025 3918 2278 3974 norninant
2308 3917 2446 3972 intra
2491 3917 2626 3987 leges
2657 3925 2855 3970 natura:
2882 3914 3123 3970 coerceri.
3146 3944 3218 3954 ——
3241 3913 3426 3984 Neque

1827 4089 1920 4134 aut
1949 4080 2247 4136 tentatioue
2295 4078 2498 4136 diaboli
2545 4077 2678 4146 lapsi
2713 4077 2841 4142 sint,
2880 4078 3092 4143 veniam
3122 4077 3427 4132 conceden-

1828 4150 1987 4214 dam;
2045 4153 2108 4204 iis
2140 4161 2340 4215 autem,
2388 4149 2481 4217 qui
2528 4151 2761 4201 scientes
2802 4162 2864 4200 ac
2892 4147 3135 4201 volentos
3167 4161 3424 4216 peccave-

1829 4223 1959 4286 rint,
1990 4219 2381 4290 denegandam.
2432 4220 2541 4290 lloc
2588 4233 2697 4287 pne
2721 4234 2778 4271 se
2812 4217 2910 4290 fert
2962 4217 3089 4290 illud
3125 4217 3216 4272 lib.
3247 4233 3296 4270 Vl
3355 4217 3423 4272 de

1830 4291 1980 4345 Trin.
2015 4308 2068 4344 ιι.
2118 4286 2206 4357 45,
2259 4290 2326 4344 ad
2376 4286 2616 4358 insignes
2663 4287 2926 4358 quosdam
2976 4286 3226 4351 Arianos,
3260 4303 3415 4356 quos,

1833 4373 1890 4416 ut
1921 4363 2179 4429 loquitur,
2210 4360 2612 4429 irreligiositatt's
2635 4361 2866 4414 voluntas
2898 4359 2951 4412 in
2997 4361 3186 4412 hmresi
3211 4359 3420 4414 detine-

1832 4444 1910 4487 ret
1947 4451 1970 4518 τ’
1993 4430 2107 4486 Tibi
2124 4437 2241 4518 jam
2263 4435 2432 4497 omnia
2457 4432 2631 4485 clausa
2654 4440 2772 4518 sunt,
2795 4430 2862 4481 ad
2891 4430 3130 4511 salutem,
3157 4437 3241 4499 qui
3265 4446 3421 4499 negas

1831 4505 1970 4574 quod
1982 4507 2096 4576 jam
2123 4499 2362 4575 ignorare
2381 4519 2479 4576 non
2513 4512 2671 4576 potes.
2724 4499 2842 4576 Non
2893 4503 3029 4553 enim
3070 4502 3420 4576 ignorasesse

1831 4571 2000 4644 filiuni
2024 4571 2280 4637 Deﬂete.
2317 4575 2448 4628 Vide
2478 4573 2668 4626 similia
2723 4571 2853 4625 ibid.
2882 4586 3030 4624 num.
3092 4577 3110 4627 l
3145 4580 3200 4626 et
3227 4573 3376 4628 alibi.

1901 4647 1976 4717 (lt)
2007 4647 2061 4702 ln
2087 4645 2338 4716 vulgatis,
2372 4661 2527 4714 usque
2555 4644 2622 4717 ad
2651 4644 2896 4717 peccandi
2935 4659 3084 4717 usum
3133 4661 3222 4711 per
3257 4645 3415 4697 miseo

1831 4715 2153 4772 ricordiam:
2188 4715 2345 4771 lectio
2395 4715 2737 4784 intl-rpolata.
2795 4715 3067 4768 Sincerior
3111 4725 3212 4775 cst,
3259 4731 3418 4784 quant

1830 4789 2146 4842 exhibemus
2173 4804 2237 4842 ex
2271 4803 2370 4844 ms.
2420 4786 2824 4841 Observandum
2870 4801 3029 4853 porro
3071 4796 3172 4847 est,
3215 4785 3263 4839 in
3299 4787 3417 4854 qni-

1832 4859 2055 4912 hnsdam
2092 4861 2380 4927 psalteriis,
2424 4875 2473 4912 v.
2500 4873 2553 4928 ε.
2590 4858 2643 4910 in
2673 4857 3048 4928 Germanensi,
3096 4870 3194 4924 pro
3237 4857 3418 4910 Oleum

1831 4942 2004 4984 autem
2035 4933 2337 5000 peccatoris,
2373 4930 2556 4985 haberi
2583 4945 2596 4981 :
2622 4927 2976 5000 Misericordia
2999 4937 3170 5000 autem
3188 4941 3420 4994 peccato-

1833 5005 1938 5066 ris;
1967 4999 2096 5058 δαημς
2124 5003 2248 5070 quia
2273 5003 2537 5070 interpres
2560 5014 2656 5068 pro
2706 5001 2876 5053 ὲλαῖον
2907 4999 3090 5066 legerit
3124 4999 3283 5060 ἔλεος.
3330 5001 3419 5054 lli-

1832 5075 1999 5130 larius
2019 5085 2198 5130 autem
2226 5086 2508 5143 utramque
2537 5074 2678 5127 illam
2707 5072 3006 5126 versionem
3025 5075 3414 5142 Cnlllplt‘ClNlS,

1831 5148 2042 5216 utrique
2079 5162 2369 5217 congruam
2422 5145 2919 5217 interpretationem
2968 5143 3217 5213 subjicit;
3273 5147 3417 5216 quod

1830 5233 1937 5272 non
1963 5215 2370 5287 tantnm'liquet
2400 5231 2466 5271 ex
2496 5217 2684 5286 primis
2714 5215 2844 5282 illis,
2889 5217 2984 5271 sed
3015 5227 3071 5272 et
3111 5231 3175 5270 ex
3208 5215 3418 5287 pos‘tre-

1827 5289 1931 5343 mis
1955 5289 2178 5358 hujusce
2206 5288 2413 5343 numeri
2445 5288 2645 5343 verbis.

1896 5359 1968 5431 (ε)
2000 5361 2055 5416 ln
2088 5376 2214 5427 ms.,
2232 5361 2388 5415 idem.

1901 5432 1982 5504 (Δ)
2010 5432 2083 5488 Ita
2113 5447 2235 5488 cum
2285 5447 2388 5486 ms.
2431 5433 2602 5502 prima
2632 5431 2801 5487 editio
2828 5431 3275 5504 ?ar.Alim_\'ero.
3303 5431 3412 5504 qui.

1827 5499 2074 5626 Illita/inira
2121 5499 2460 5574 reposuimus
2483 5505 2607 5576 quia
2633 5504 2823 5572 adhuc,
2866 5505 2955 5558 ubi
3009 5499 3287 5556 obtinebat
3329 5499 3416 5566 qui

1830 5591 1860 5626 a
1918 5591 2018 5626 tuc.

1830 5591 2018 5627 aanuc.

1907 5648 1986 5719 (γε)
2010 5646 2101 5701 Sic
2129 5663 2230 5703 ms.
2256 5647 2328 5703 At
2345 5647 2499 5714 editi,
2527 5663 2642 5703 cum
2693 5649 2738 5719 ei
2768 5647 2912 5719 In}...
2941 5637 3414 5719 continuabuntur.

1916 5709 1998 5792 '(f)
2030 5720 2366 5792 Mjiiciacensis
2387 5709 2580 5792 codex,
2607 5718 2795 5792 auditi.
2812 5715 2984 5792 ⁸Μιιείε
3009 5711 3184 5780 placet
3211 5709 3418 5786 audire.

1832 5791 1902 5858 At
1925 5785 2032 5846 non
2056 5790 2368 5861 displiceret
2396 5791 2546 5860 prius
2568 5785 2844 5842 absorberi.

3195 5945 3210 5957 ο
3231 5940 3239 5946 -
3258 5926 3358 5970 rex.
3379 5944 3382 5962 τ
