3984 6208
579 254 681 317 851

1755 252 2003 310 SANCTI
2042 250 2300 311 HlLARll
2341 245 2650 306 EPlSCOPl

3790 239 3874 294 83!

578 373 756 431 solum
783 372 1002 429 audient
1024 371 1186 428 verba
1209 385 1329 442 qua:
1358 377 1603 440 possunt,
1627 367 1724 425 sed
1763 368 1922 425 etiam
1946 367 1996 422 id
2024 366 2166 438 quod
2194 371 2248 431 Α
2274 374 2358 420 tus
2405 373 2511 432 est,
2561 363 2752 420 dicens
2780 380 2794 417 :
2825 360 2894 417 In
2922 371 2974 418 te
3009 364 3233 430 speravi,
3259 375 3360 414 non
3401 357 3635 428 auferas
3667 357 3875 411 animum

578 466 824 537 sequitur
854 465 936 519 his
981 462 1208 520 accidet.
1244 462 1406 518 Vens.
1442 463 1496 517 7.
1555 461 1838 534 Tamquam
1883 462 2172 517 crassitudo

581 565 730 612 terra:
764 556 838 626 (a)
861 566 1098 625 eruptum
1127 564 1201 610 est
1224 571 1378 626 super
1398 564 1605 609 terram.
1636 553 1790 624 Quod
1819 564 1998 609 autem
2026 568 2174 608 eras-

580 647 760 703 situdo
809 647 1098 718 impietatis
1150 659 1203 703 et
1251 646 1505 702 vitiorum
1547 655 1640 702 aut
1689 661 1874 703 comes
1917 647 2025 714 sit,
2080 656 2172 701 aut

579 755 740 796 causa
772 780 789 809 ,
832 741 1091 812 pr0pheta
1125 749 1374 803 testatur,
1422 741 1607 796 dicens
1643 740 2039 796 :lncrassatnm
2085 749 2169 796 est

580 845 677 888 cor
693 833 873 904 populi
901 832 1082 903 hujus.
1108 832 1214 890 Sed
1240 843 1291 888 et
1309 833 1474 906 598
1493 832 1700 904 Moyses
1719 832 2172 904 irreligiositatetn

581 926 764 996 p0puli
787 925 1066 982 insolentis
1090 927 1449 997 pronuntians
1465 924 1540 979 ait
1565 941 1576 977 :
1604 923 2013 980 manducavitet
2042 923 2176 979 bibit

582 1015 771 1082 Jacob,
797 1025 852 1072 et
879 1017 1118 1086 repletus
1152 1027 1257 1081 est,
1285 1027 1339 1072 et
1370 1017 1695 1072 incrassatus
1719 1027 1820 1079 est,
1851 1029 1906 1072 et
1931 1016 2176 1070 calcitra-

581 1112 660 1167 vit
689 1112 918 1168 dilectus
964 1112 1166 1184 (Deut.,
1203 1127 1368 1176 χχχιι,
1411 1110 1522 1183 15).
1556 1110 1821 1166 Virtutem
1851 1109 1980 1166 dicti
2014 1110 2176 1181 hujus

582 1219 648 1260 ex
674 1203 787 1274 ipsa
809 1211 970 1259 terra:
997 1214 1185 1259 natura
1217 1204 1512 1260 absolutius
1536 1203 1912 1273 intelligemus.
1931 1201 2176 1272 Namque

583 1295 784 1351 scimus
823 1296 1117 1352 crassiores
1146 1296 1565 1368 pinguioresque
1607 1305 1778 1350 terras
1821 1295 1874 1350 in
1903 1310 1998 1350 eas
2025 1310 2178 1352 scro-

586 1386 705 1454 bes,
748 1401 780 1442 e
810 1387 1006 1458 quibus
1055 1387 1267 1445 effossa:
1315 1397 1460 1452 sunt,
1493 1404 1555 1444 ex
1607 1388 1781 1442 solido
1813 1403 1919 1443 non
1951 1388 2128 1444 redire
2160 1406 2175 1455 ;

585 1477 707 1548 quia
744 1489 1062 1549 erumpente
1101 1495 1287 1534 earum
1319 1479 1700 1546 crassitudine,
1727 1493 1916 1534 rursus
1939 1481 2177 1550 ipsarum

590 1579 719 1626 sunt
747 1570 1050 1641 incapaces.
1083 1571 1268 1642 Itaque
1295 1571 1592 1628 secundum
1643 1573 1693 1627 id
1742 1573 1884 1643 quod
1927 1573 2022 1636 ait,
2049 1583 2182 1628 tam-

586 1677 738 1730 quam
766 1663 1052 1719 crassitudo
1095 1673 1244 1720 terra:
1265 1675 1502 1734 eruptum
1530 1674 1603 1720 est
1641 1681 1797 1734 super
1824 1673 2010 1721 terram
2037 1684 2056 1734 ,°
2083 1667 2180 1722 do-

2276 475 2464 513 meam.
2508 456 2721 512 Abiatio
2763 455 2962 511 anima:
3015 469 3122 510 non
3173 452 3396 508 abolitio
3445 451 3579 522 ejus
3635 456 3773 505 est:
3803 450 3875 505 sed

2275 565 2447 607 cnma
2474 550 2647 622 gloria
2692 548 2971 605 constituti
3021 547 3122 602 sibi
3177 546 3400 602 honoris
3443 543 3742 609 aufertur,
3774 558 3872 599 eum

2276 641 2339 713 (ι’.
2375 641 2509 713 tum)
2559 643 2628 697 ab
2682 639 3087 711 exspectatione
3142 647 3197 694 et
3233 638 3428 693 aliectu
3457 636 3594 708 spei
3622 651 3751 692 sua:
3799 637 3873 692 de-

2276 734 2428 789 cidit.

2351 829 2440 884 15.
2471 824 2687 882 Insidiis
2717 827 2895 897 plenus
2922 825 3089 880 omnis
3115 823 3358 879 mundus.
3419 822 3631 894 Laquei
3665 831 3717 877 et
3745 839 3872 877 scan-

2278 918 2387 973 dali
2426 919 2797 973 discrimen.—
2826 918 2988 973 Multa
3015 927 3194 971 autem
3223 917 3339 986 spei
3363 930 3476 971 sua:
3505 914 3764 986 pericula
3787 930 3871 970 non

2279 1011 2492 1080 ignorat
2538 1025 2684 1074 esse,
2718 1026 2840 1066 cum
2893 1009 2970 1064 ait
3005 1009 3258 1064 :Custodi
3293 1025 3372 1063 me
3419 1010 3452 1062 a
3512 1009 3712 1078 laqueo
3752 1024 3872 1078 quem

2277 1113 2564 1158 statuerunt
2596 1104 2744 1171 mihi,
2768 1116 2815 1159 et
2843 1121 2873 1157 a
2900 1103 3162 1158 scandatis
3183 1103 3512 1171 operantium
3536 1102 3869 1171 iniquitatem.

2284 1195 2490 1267 Ubique
2520 1197 2715 1268 laquei,
2746 1199 2943 1268 ubique
2969 1205 3096 1252 sunt
3135 1197 3413 1262 scandala,
3443 1195 3699 1251 mundus
3722 1197 3872 1252 omnis

2282 1289 2472 1360 plenus
2500 1288 2711 1344 insidiis
2740 1297 2844 1356 est,
2876 1289 2991 1345 sive
3044 1305 3139 1359 per
3166 1289 3466 1359 principem
3505 1288 3666 1344 aeris
3716 1287 3869 1358 hujus,

2281 1385 2397 1438 sive
2419 1397 2514 1453 per
2540 1384 2814 1454 spiritales
2849 1383 3080 1438 virtutes
3109 1383 3160 1437 in
3186 1381 3532 1446 caelestibus,
3573 1382 3695 1437 sive
3722 1398 3810 1453 per
3829 1383 3871 1435 ti-

2281 1474 2786 1531 liosinobedicntite
2816 1474 2869 1528 in
2920 1473 3120 1544 quibus
3176 1473 3398 1542 Spiritus
3456 1473 3682 1527 erroris
3711 1487 3872 1543 opera-

2285 1577 2391 1623 tur.
2413 1567 2685 1623 Habemus
2702 1567 2846 1621 enim
2873 1566 3094 1636 laqueos
3109 1566 3158 1620 in
3177 1564 3491 1620 hominibus
3507 1565 3676 1620 mala:
3704 1565 3870 1620 adhor-

2285 1662 2522 1726 tationis,
2540 1659 2702 1733 599
2719 1660 3005 1730 periculosi
3030 1659 3285 1731 exempli,
3301 1669 3354 1714 et
3372 1659 3448 1731 (ὁ)
3471 1658 3689 1714 elicita:
3711 1673 3867 1714 neces-

588 1756 700 1830 cuil
727 1759 996 1827 θιεῐηριο,
1026 1759 1147 1827 quia
1189 1759 1366 1812 omnis
1394 1768 1552 1814 terra:
1605 1769 1823 1824 nestrac,
1849 1762 1900 1816 id
1931 1771 2034 1828 est,
2061 1776 2183 1816 cor-
2211 1770 2256 1830 Β
2283 1754 2459 1809 sitatis
2488 1770 2500 1806 :
2531 1769 2652 1808 cum
2679 1769 2778 1807 nos
2808 1753 2874 1807 ad
2905 1753 3212 1824 voluptates
3263 1752 3665 1819 adhortantur,
3689 1767 3804 1808 cum
3828 1752 3865 1805 in

589 1849 736 1920 poris
787 1850 1110 1915 craSsitudo,
1142 1865 1208 1905 ex
1240 1857 1447 1905 naturae
1492 1866 1602 1906 suae
1631 1852 1747 1923 lege
1796 1853 1940 1908 vitiis
1986 1853 2181 1909 eﬂossa

589 1943 840 2012 erumpit,
875 1950 930 1996 et
973 1956 1140 2010 capax
1191 1942 1274 1996 sui
1323 1957 1431 1998 non
1458 1952 1562 2008 est,
1588 1944 1640 1998 in
1682 1938 1975 2015 perniciem
2005 1961 2179 2014 suam,

591 2049 660 2090 ne
689 2035 827 2091 inse
852 2032 1133 2089 reformari
1160 2033 1350 2104 possit,
1375 2047 1704 2093 exaestuans.

665 2127 753 2183 15.
785 2125 1020 2184 Charitas
1039 2127 1207 2182 aliena
1235 2130 1406 2201 plorat
1453 2130 1589 2184 mala
1633 2131 1778 2202 quasi
1804 2131 2189 2188 sum—Erum-

591 2230 752 2292 pcnte
780 2230 961 2277 autem
1003 2221 1105 2277 hac
1135 2223 1494 2279 crassitudine
1543 2240 1707 2296 super
1749 2241 1829 2292 se,
1862 2225 2025 2283 habet
2055 2241 2190 2283 mte-

591 2327 772 2370 roretn
803 2313 1098 2384 Propheta,
1135 2315 1363 2373 dicens:
1410 2316 1679 2391 Dissipata
1705 2328 1822 2374 sunt
1858 2335 1975 2375 ossa
2012 2330 2190 2376 nostra

592 2421 737 2461 secus
761 2406 1038 2477 infernum.
1071 2405 1142 2464 Se
1167 2406 1441 2478 dissipari,
1467 2421 1528 2465 se
1555 2408 1814 2481 dispergi,
1846 2424 1908 2467 se
1927 2425 2085 2467 secus
2107 2411 2192 2467 in-

593 2497 809 2554 fernum
837 2498 979 2571 abigi
1009 2499 1064 2555 in
1091 2508 1436 2571 peccatorum
1467 2501 1776 2560 calamitate
1800 2505 2100 2561 existimat.
2129 2505 2188 2562 Si

594 2592 740 2648 enim
785 2610 950 2649 unum
990 2594 1294 2650 membrum
1324 2596 1670 2666 compatitur,
1711 2600 2112 2670 compatiuntur
2139 2608 2194 2656 et

595 2684 775 2738 omnia
817 2683 863 2754 (ι
909 2683 1053 2751 Cor.,
1105 2701 1204 2751 xii,
1227 2686 1343 2757 26).
1373 2686 1575 2744 Omnes
1606 2690 1752 2745 enim
1780 2691 2007 2746 invicem
2038 2692 2194 2748 unius

596 2779 841 2847 corporis
869 2780 1106 2835 membra
1141 2796 1351 2846 sumus,
1384 2792 1441 2837 ut
1466 2793 1520 2838 et
1548 2786 1599 2840 in
1629 2785 1803 2840 altero
1833 2787 2038 2856 psalmo
2072 2789 2148 2841 ait
2177 2805 2190 2841 :

599 2871 849 2944 Dispersa
901 2882 1020 2929 sunt
1074 2876 1247 2929 omnia
1277 2891 1393 2930 ossa
1442 2894 1554 2932 mea
1611 2877 1729 2949 (Ps.
1764 2895 1880 2943 xxI,
1915 2879 2006 2947 15)
2040 2895 2055 2946 ;
2087 2895 2194 2934 non

600 2965 784 3036 utique
809 2981 872 3021 ea
899 2980 1044 3030 ossa,
1076 2981 1173 3038 per
1199 2983 1317 3038 quae
1354 2983 1553 3039 corpus
1584 2978 1825 3024 nostrum
1855 2971 1906 3024 in
1939 2969 2076 3024 hanc
2107 2969 2198 3024 tir-

600 3061 838 3115 rnitatem
871 3060 1085 3116 virtutis
1137 3075 1252 3116 sua:
1295 3063 1641 3118 continetur:
1689 3064 1782 3119 sed
1837 3065 1959 3135 quia
2009 3080 2197 3122 omnes

601 3165 765 3206 unum
819 3166 1016 3222 corpus
1043 3167 1251 3219 sumus,
1307 3163 1361 3209 et
1413 3155 1640 3211 invicem
1696 3156 1934 3212 membra
1983 3170 2191 3226 sumus,
2219 3165 2265 3228 α
2299 3164 2482 3210 rantes
2524 3154 2640 3226 ipse
2687 3153 2864 3225 potius
2912 3154 2966 3208 in
3006 3153 3092 3208 his
3135 3152 3344 3221 laqueis
3375 3166 3602 3222 semper
3626 3154 3862 3220 operetur,
3921 3139 3926 3238 ll

601 3244 846 3314 corporis
877 3245 1050 3300 nostri
1083 3260 1207 3301 ossa
1235 3254 1364 3301 sunt
1383 3248 1585 3302 cmteri.

677 3337 764 3393 M.
797 3335 990 3393 Oculos
1013 3340 1247 3410 corporis
1273 3356 1335 3394 ac
1357 3341 1538 3394 mentis
1559 3340 1646 3412 qui
1667 3341 1734 3395 ad
1771 3339 1935 3396 Deum
1964 3342 2199 3398 intendat

603 3429 966 3501 PrOpIteta.-—
993 3429 1166 3487 Vellet
1198 3434 1376 3504 potius
1405 3449 1512 3490 non
1559 3449 1844 3506 erumpere
1873 3434 2196 3491 crassitudi-

604 3538 729 3580 nem
761 3533 918 3580 terra:
945 3540 1155 3589 eorum,
1189 3541 1363 3597 neque
1391 3527 1641 3598 dissipari
1673 3542 1796 3583 ossa
1835 3542 1991 3584 secus
2027 3527 2196 3585 infcr-

607 3631 735 3670 num
762 3633 776 3680 ;
807 3618 899 3671 sed
928 3632 1120 3672 omnes
1159 3620 1328 3690 magis
1377 3619 1498 3685 hac,
1529 3636 1650 3690 quae
1673 3623 2044 3692 consequitur,
2064 3637 2199 3678 voce

606 3705 717 3760 voti
736 3706 1014 3761 uti.Vt~:as.
1039 3708 1072 3762 8
1095 3719 1147 3763 et
1177 3708 1230 3764 9.
1283 3710 1417 3776 Quia
1442 3711 1512 3764 ad
1540 3720 1607 3778 te,
1635 3711 2029 3780 Domine,oculi
2053 3715 2150 3768 mei
2178 3731 2198 3769 :

606 3799 660 3852 in
681 3806 729 3851 te
753 3801 972 3869 speravi,
1003 3817 1103 3854 non
1131 3806 1341 3872 auferas
1368 3805 1591 3857 animam
1629 3815 1811 3860 meam.
1837 3804 2052 3861 Custodi
2074 3825 2152 3862 me
2169 3826 2202 3863 a

607 3890 788 3962 laqueo
812 3906 959 3960 quem
988 3903 1270 3947 statuerunt
1291 3895 1438 3959 mihi,
1460 3905 1506 3949 et
1535 3913 1565 3948 a
1591 3897 1851 3952 scandatis
1878 3901 2199 3966 operantium

607 3984 948 4054 iniquitatem.
974 3985 1167 4040 Intenti
1191 3985 1475 4058 Propheta:
1495 3987 1560 4042 ad
1592 3987 1875 4044 Dominum
1920 3991 2065 4046 oculi
2094 4007 2199 4047 non

609 4077 972 4134 deﬂectuntur
998 4079 1050 4133 in
1083 4079 1289 4151 aliquas
1321 4081 1717 4151 superﬂuarum
1760 4098 1940 4140 rerum
1968 4085 2204 4142 admira-

613 4171 808 4239 tiones,
833 4185 938 4227 non
969 4171 1035 4226 ad
1083 4157 1463 4229 contumeliam
1510 4175 1780 4244 pudicitiae
1820 4175 2077 4234 honestas
2099 4177 2204 4233 hu-

610 4277 895 4320 manorum
944 4278 1231 4334 corporum
1288 4267 1498 4336 species
1529 4275 1853 4323 contuentur
1883 4311 1899 4336 ,
1949 4285 2058 4325 non
2109 4285 2202 4326 ca-

611 4357 831 4428 piuntur
875 4367 966 4412 aut
1007 4358 1362 4428 pretiosarum
1392 4361 1622 4418 vestium
1670 4377 1857 4432 opere,
1887 4371 1979 4418 aut
2004 4362 2204 4420 blando

609 4449 820 4522 argenti
848 4451 1048 4515 nitore,
1080 4459 1173 4505 aut
1193 4451 1511 4509 illecebroso
1537 4453 1745 4526 fulgore
1771 4454 1908 4520 auri,
1941 4465 2033 4511 aut
2058 4457 2203 4511 inani

2286 1846 2560 1916 prosperis
2589 1845 2751 1901 rebus
2802 1846 2915 1902 suis
2942 1845 2996 1901 in
3032 1845 3202 1902 Deum
3244 1846 3391 1916 impii
3445 1855 3611 1913 sunt,
3635 1862 3756 1916 cum
3798 1859 3869 1914 per

2285 1939 2636 1996 contumelias
2675 1949 2734 1995 et
2779 1939 3007 2008 injurias
3040 1937 3110 1993 ad
3169 1949 3374 1994 motum
3404 1954 3516 1996 nos
3576 1937 3866 1993 turbulenta

2285 2033 2576 2089 Voluntatis
2605 2035 2897 2104 exagitant.
2933 2032 3120 2088 Diil'ert
3167 2042 3348 2088 autem
3378 2032 3620 2104 laqueus
3668 2046 3699 2085 a
3727 2044 3860 2084 scan-

2289 2125 2432 2182 dalo.
2464 2127 2711 2197 Laqueus
2740 2125 2883 2181 enim
2908 2134 2992 2180 est
3020 2123 3328 2180 adhortatio
3356 2124 3712 2194 voluptatum
3737 2130 3784 2176 et
3808 2118 3864 2173 in-

2291 2221 2560 2276 centivum
2591 2211 2966 2290 appetitionis
3015 2217 3321 2274 inhonestae
3349 2257 3363 2281 ,
3410 2215 3570 2288 quod
3616 2213 3772 2270 modo
3807 2211 3866 2266 la-

2291 2315 2418 2386 quei
2443 2313 2637 2370 fallens
2681 2315 2842 2385 capit.
2877 2313 3203 2371 Scandalum
3231 2320 3411 2369 autem
3471 2321 3565 2370 est
3594 2327 3728 2367 uxor
3765 2310 3864 2364 irre-

2291 2408 2504 2481 ligiosa,
2533 2406 2675 2464 ﬁlius
2703 2408 2938 2479 iniquus,
2986 2416 3044 2464 et
3093 2416 3293 2463 caetera
3343 2405 3620 2477 deinceps
3649 2405 3721 2475 (c)
3750 2401 3864 2456 domi

2295 2502 2534 2570 nomina,
2569 2511 2624 2560 et
2649 2503 2828 2558 omnis
2856 2518 2922 2558 ex
2961 2501 3208 2558 Ecclesia
3229 2502 3396 2557 frater
3415 2510 3518 2556 aut
3546 2496 3864 2555 contumelio-

2296 2609 2410 2663 sus,
2437 2605 2530 2650 aut
2553 2609 2770 2661 avarus,
2801 2595 3179 2661 autebriosus,
3204 2604 3292 2649 aut
3328 2593 3527 2664 turpis.
3559 2592 3616 2647 ln
3646 2591 3726 2646 his
3752 2589 3863 2644 enim

2297 2689 2454 2745 nobis
2487 2699 2570 2744 est
2620 2689 2953 2750 scandalum,
2997 2687 3248 2756 quotiens
3278 2685 3346 2740 ad
3377 2684 3757 2741 necessitatem
3783 2681 3863 2735 ira-

2298 2782 2508 2850 scendi,
2557 2782 2857 2853 arguendi,
2918 2780 3216 2848 inhibendi,
3275 2778 3622 2846 vindicandi,
3681 2791 3743 2831 ex
3801 2773 3864 2827 illi

2297 2876 2493 2946 quieta:
2517 2875 2637 2930 lidei
2661 2885 2862 2931 nostrae
2882 2872 3302 2929 mansuetudine
3333 2885 3717 2942 provocamur.

2328 3032 2330 3034 τ
2371 2969 2458 3025 16.
2502 2967 2839 3038 Iniquitatunt
2889 2967 3118 3022 onmium
3157 2984 3290 3022 unus
3328 2975 3517 3021 auctor
3562 2963 3858 3019 diabolus.—

2299 3061 2458 3118 Novit
2486 3073 2666 3118 autem
2709 3077 2895 3130 unum,
2929 3061 3019 3132 qni
3051 3076 3147 3131 per
3176 3074 3366 3117 omnes
3393 3059 3732 3130 iniquitatem
3761 3067 3862 3124 opeo

2299 3247 2506 3316 dicens,
2550 3247 2717 3305 Vsus.
2753 3250 2820 3305 10
2848 3264 2863 3301 :
2895 3245 3091 3302 Cadent
3138 3246 3191 3300 in
3221 3244 3476 3300 retiacula
3527 3246 3641 3315 ejus
3667 3247 3863 3312 peccato-

2297 3357 2417 3396 res:
2446 3339 2566 3411 ejus
2591 3340 2798 3395 scilicet
2835 3340 2927 3410 qui
2959 3347 3214 3408 Operatur
3245 3337 3296 3391 in
3330 3335 3607 3408 plurimis.
3635 3322 3861 3401 Quidquid

2302 3435 2447 3492 enim
2481 3434 2824 3506 iniquitatum
2852 3432 3102 3487 homines
3126 3441 3346 3503 gerunt,
3389 3445 3420 3484 a
3449 3429 3670 3484 diabolo
3705 3433 3861 3492 suggev

2303 3529 2443 3584 ritur
2475 3543 2490 3583 :
2523 3543 2684 3599 quem
2714 3541 2858 3582 nunc
2879 3526 2980 3580 sub
3004 3525 3263 3596 singulari
3295 3537 3526 3578 numero
3550 3516 3856 3576 demonstrat,

2303 3636 2426 3678 cuin
2475 3622 2726 3692 superius
2771 3619 2872 3675 sub
2904 3619 3098 3687 plurali
3129 3616 3434 3674 ministeria
3456 3617 3577 3687 ejus
3606 3607 3858 3683 signiﬁcas—

2305 3726 2389 3772 set
2419 3717 2471 3771 in
2528 3716 2792 3786 plurimis.
2828 3713 3018 3769 Plures
3061 3711 3115 3767 in
3159 3727 3246 3775 eo,
3275 3719 3332 3766 et
3374 3725 3501 3764 eum
3553 3703 3793 3776 signiﬁcat
3813 3697 3850 3750 in

2297 3809 2552 3879 pluribus
2596 3818 2799 3878 :atque
2828 3806 2951 3862 ideo
2989 3805 3156 3876 iniqui
3203 3804 3424 3874 laqueos
3469 3795 3799 3872 praetendunt,
3817 3794 3855 3841 et

2309 3902 2361 3956 in
2386 3903 2650 3958 retiacqu
2676 3902 2793 3972 ejus
2818 3899 3016 3956 cadent
3036 3905 3382 3968 peceatores;
3405 3895 3532 3966 quia
3556 3886 3710 3958 iniqui
3731 3882 3852 3939 retia-

2310 3997 2418 4052 culi
2444 3997 2524 4052 sui
2553 3995 2746 4069 (ipsius
2771 3995 2888 4050 scil.
2919 3990 3140 4062 diaboli)
3169 3990 3395 4061 laqueos
3419 3981 3761 4060 praetendunt.
3779 3972 3853 4028 Ca-

2307 4091 2434 4147 dent
2464 4101 2639 4148 autem
2666 4099 2976 4160 peccatores
3005 4106 3016 4142 :
3047 4086 3128 4158 (ἀ)
3159 4100 3264 4140 non
3298 4095 3425 4138 tunc
3455 4086 3746 4153 peccatores
3760 4077 3848 4122 cum

2305 4184 2604 4240 ceciderint
2632 4181 2834 4248 eil‘ecti,
2868 4179 2965 4236 sed
3015 4179 3271 4238 cadentes
3318 4174 3388 4229 ob
3417 4173 3471 4229 id
3499 4171 3621 4242 quia
3647 4166 3848 4237 peccato-

2257 4301 2262 4304 ·
2310 4293 2402 4334 res
2429 4286 2557 4333 sunt
2581 4294 2594 4343 ;
2645 4273 2881 4345 captioni
2905 4268 3372 4336 retiacnli‘ell'ecti,
3404 4282 3504 4340 per
3526 4263 3576 4320 id
3602 4253 3730 4334 quod
3755 4261 3845 4322 Ρθθ·

2306 4380 2520 4428 catores
2550 4377 2696 4435 sunt,
2729 4365 3040 4438 opportuni.

2382 4464 2470 4519 17.
2488 4462 2838 4534 Singularitas
2865 4455 3367 4528 boum—Propheta
3398 4463 3607 4518 autem,
3628 4459 3710 4519 per
3731 4447 3847 4534 ειδςω

611 4543 818 4599 honore
865 4559 1204 4614 gemmarum
1230 4588 1246 4612 ,
1306 4555 1400 4602 aut
1450 4547 1685 4606 factioso
1729 4551 2022 4622 spectaculi
2053 4551 2208 4606 thea-
2231 4615 2274 4622 ,λ
2309 4570 2460 4610 suam
2481 4569 2547 4609 ac
2587 4529 2746 4609 iidem
2771 4561 2938 4617 tutus,
2967 4550 3304 4607 conﬁdenter
3328 4549 3395 4604 de
3421 4563 3481 4604 se
3508 4545 3580 4601 ait
3606 4559 3618 4595 :
3647 4529 3849 4602 Singula“

610 4635 766 4690 tralis
795 4637 1114 4702 certamine,
1157 4648 1248 4693 aut
1295 4639 1580 4694 ambitiosa
1613 4615 1942 4711 potestatum
1974 4643 2201 4699 saecula-
2231 4615 2285 4676 D
2309 4647 2434 4702 riter
2477 4661 2590 4699 sum
2638 4661 2729 4717 ego
2759 4615 2933 4700 donec
2966 4652 3239 4697 transeam.
3265 4641 3383 4696 Scit
3405 4637 3614 4711 impiam
3641 4639 3763 4688 esse.
3787 4622 3845 4717 lli

612 4729 748 4783 rium
781 4744 971 4800 pompa
1009 4749 1022 4785 :
1057 4730 1153 4787 sed
1204 4731 1257 4786 in
1289 4733 1468 4786 omnia
1494 4732 1776 4803 magniﬁca
1802 4733 1900 4790 Dei
1923 4749 2107 4805 opera,
2137 4735 2204 4791 ad

609 4822 1027 4880 admirationem
1055 4824 1195 4895 ejus,
1229 4826 1319 4895 qui
1357 4841 1420 4882 ea
1467 4834 1553 4882 est
1581 4837 1862 4898 operatus,
1897 4829 2203 4885 intendunt.

2313 4755 2474 4809 supra
2531 4720 2899 4804 ostendimus,
2931 4734 3408 4791 combinationem.
3459 4733 3566 4786 Deo
3591 4731 3750 4780 autem
3772 4711 3843 4766 dc-

2315 4832 2480 4898 ditus,
2511 4831 2672 4888 nullis
2719 4832 2840 4888 aliis
2885 4830 3070 4886 saeculi
3119 4828 3352 4899 negotiis
3399 4810 3843 4899 occupatus,eslef

610 4913 794 4986 Neque
816 4917 994 4972 solum
1037 4891 1354 4985 oculis—sed
1387 4919 1549 4975 etiam
1581 4891 1761 4978 ruente
1785 4891 2004 4993 semper
2033 4923 2213 4979 inten-
2317 4891 2607 4995 singularis
2627 4965 2643 4992 ,
2699 4923 2870 4980 donec
2923 4891 3280 4976 trarnseatht
3329 4917 3457 4990 quid
3489 4891 3570 4972 est
3597 4905 3711 4966 illud
3735 4891 3842 4971 qu°d

687 5051 761 5124 (a)
786 5051 874 5106 Sic
903 5065 1005 5124 ms.
1053 5052 1140 5108 hic
1185 5064 1239 5108 et
1277 5053 1411 5109 infra
1442 5057 1902 5112 consentientibus
1933 5057 2203 5124 psalteriis

613 5121 924 5198 Carnutiac
953 5121 1209 5198 German.
1241 5125 1381 5180 Editi
1405 5142 1560 5198 vero,
1581 5139 1760 5197 erupta
1777 5139 1868 5183 est.
1902 5121 2202 5198 Utrumque

615 5193 878 5275 permittit
899 5193 1124 5275 verbum
1144 5211 1374 5275 graecum
1396 5196 1517 5275 δίῳ·
1732 5199 1990 5269 Exemplo
2015 5193 2198 5275 terrae,

612 5262 732 5340 quae
759 5262 953 5320 eiiossa
985 5262 1215 5340 quodam
1245 5267 1406 5340 modo
1447 5262 1805 5340 amplificatur
1829 5277 1885 5325 et
1903 5262 2198 5336 excrescit,

614 5344 695 5410 ut
723 5338 860 5391 intra
911 5336 1201 5410 scrobese
1227 5339 1420 5407 quibus
1466 5336 1662 5410 eilossa
1691 5351 1775 5397 est
1797 5340 2061 5397 contineri
2090 5357 2199 5399 non

613 5408 812 5472 valeat,
835 5407 1070 5484 ostendit
1117 5408 1354 5465 Hilarius
1382 5407 1598 5469 carnem
1625 5413 1768 5468 vitiis
1791 5413 2199 5484 erumpentibus

613 5487 765 5536 extra
796 5489 1000 5534 natura:
1031 5479 1176 5553 leges
1217 5495 1514 5553 egressam,
1547 5488 1687 5541 intra
1712 5484 1930 5541 easdem
1949 5479 2200 5544 coerceri

610 5555 721 5624 jam
746 5567 849 5607 non
870 5567 1048 5622 posse.

691 5623 766 5696 (ὁ)
791 5623 929 5693 Quid
956 5625 1170 5701 sintilli
1216 5629 1528 5684 necessitatis
1557 5629 1740 5685 elicin
1777 5629 1975 5701 laquei,
2005 5631 2209 5687 intelli-

614 5709 745 5764 gere
788 5706 872 5750 est
925 5710 991 5750 ex
1039 5698 1120 5752 his
1145 5713 1224 5766 ps.
1246 5714 1429 5766 cxvm,
1464 5717 1612 5756 num.
1639 5702 1704 5757 17
1738 5698 1908 5758 εϐιῐιη
1951 5704 2208 5758 interdum

621 5767 842 5820 occurrit
872 5782 1028 5822 causa
1051 5770 1166 5837 inc,
1200 5771 1395 5826 doloris
1431 5769 1655 5842 affectio,
1677 5774 1895 5844 querela?
1913 5776 2207 5841 necessitas,

2307 5060 2457 5115 malle
2495 5060 2795 5131 cupiditatis
2849 5058 3067 5113 occasio.
3101 5056 3333 5111 Rursum
3382 5055 3435 5110 in
3462 5070 3541 5126 ps.
3569 5031 3836 5131 sunt)":

2307 5107 2631 5201 prviedicatirr
2677 5131 2947 5184 necessitas
2989 5145 3078 5201 per
3105 5138 3363 5201 naturain
3395 5107 3635 5201 coi'poris,
3676 5107 3742 5170 vel
3775 5115 3838 5174 Ριτ

2310 5146 2631 5201 praedicatur
2677 5146 2947 5184 necessitas
3026 5146 3078 5182 er
3105 5146 3342 5181 naturam
3395 5146 3542 5195 corpu

2310 5211 2505 5258 motum
2533 5204 2719 5257 animw
2739 5217 2937 5272 semper
2965 5146 3271 5270 fructuantis
3297 5198 3542 5253 admixta.

2383 5317 2540 5401 (c)ld
2592 5314 2870 5401 est,.quod
2923 5315 2976 5399 in
3022 5330 3115 5401 pst.‘
3163 5329 3354 5401 cxvu_t,
3410 5283 3833 5401 ιιυιιξηξνξξξηθιξξξξ

2309 5357 2581 5444 caiis’sima
2632 5357 2776 5443 inibis
2822 5357 3055 5443 nominat
3075 5357 3358 5456 Quomodo
3379 5379 3625 5442 seandalo
3649 5371 3755 5430 sint,
3780 5357 3830 5413 Il"
3924 5373 3925 5382 ‘

2305 5469 2609 5519 enarratur.

2377 5554 2458 5625 (ά)
2489 5552 2690 5609 Similis
2717 5554 2869 5610 locus
2895 5561 2980 5610 est
3003 5553 3056 5609 in
3089 5567 3172 5624 ps.
3200 5566 3466 5625 cxxtn,_n.
3491 5547 3540 5603 9.
3573 5530 3827 5625 Ηριξξιξξξξη
3921 5614 3923 5625 ι

3589 5617 3724 5682 ρθςοὶὶ
3731 5603 3824 5682 lilii}:

2307 5622 2424 5682 vult
2437 5622 2651 5682 tantum
2690 5625 2946 5694 Hilarius,
2971 5622 3186 5696 semper
3209 5622 3552 5695 praeexistere
3575 5622 3824 5696 peccatum,

2310 5715 2416 5742 mm
2447 5699 2608 5742 lmmn
2635 5708 2887 5742 nnnmtnr
2932 5697 3214 5742 efficiatur-
3252 5703 3536 5742 antequam
3575 5697 3623 5741 In
3662 5669 3828 5742 laqueos

2349 5715 2416 5754 uo
2447 5699 2608 5754 homo
2635 5708 2887 5764 peccator
2931 5686 3228 5761 emeram;
3252 5703 3536 5764 antequam
3575 5686 3623 5741 in

2349 5715 2416 5754 uo
2447 5715 2608 5754 nomo
2671 5715 2887 5756 eccator
2932 5715 3214 5761 eluetatur,
3252 5715 3536 5764 antequam

2310 5715 2513 5830 diaboli
2543 5715 2719 5839 (ωδε,
2750 5786 2844 5827 seu
2868 5769 3117 5843 pOtestati
3136 5769 3255 5838 ejus
3281 5764 3540 5823 tradatur.
