3984 6208
81 252 215 308 855

1208 266 1617 327 TRACTATUS
1654 269 1721 327 IN
1758 271 1921 329 CXLI
1959 273 2308 335 PSALMUM.

3320 288 3426 349 831

83 384 371 433 transeat
402 379 713 437 ?Scandala
752 383 978 452 scilicet,
1007 393 1063 441 et
1087 387 1367 456 retiacula,
1399 400 1453 447 et
1486 394 1724 463 laqueos.
1755 402 1810 461 Α
1834 390 1931 447 llic
1980 392 2032 447 in
2061 394 2316 465 spelunca
2365 405 2521 462 orat;
2556 397 2642 453 ille
2695 408 2815 454 orat
2846 399 2896 453 iu
2948 414 3195 470 corpore.
3220 401 3428 461 Servus

86 468 173 523 Et
206 487 335 540 quo
368 483 627 541 transeat,
675 477 1024 545 quzerendum
1056 490 1161 536 est.
1186 481 1388 553 Nempe
1418 500 1485 539 eo
1509 500 1615 555 quo
1643 485 1723 540 di-

85 569 264 616 ctum
294 573 421 630 est;
454 565 626 622 ﬁdelis
654 568 796 623 enim
852 578 908 625 et
954 582 1174 629 sanctus
1199 584 1254 631 et
1303 592 1464 632 verus
1492 587 1598 643 est,
1630 578 1721 649 qui

84 656 182 710 ait
206 675 219 711 :
250 657 364 725 Qui
386 668 553 714 autem
578 662 737 716 credit
761 663 815 717 in
843 681 921 719 me
949 680 1049 720 non
1063 667 1406 739 judicabitur,
1437 670 1527 725 sed
1551 679 1721 725 trans-

82 745 171 798 iet
232 749 303 803 de
349 759 509 805 morte
533 752 588 807 in
614 754 767 808 vitam
817 753 1025 826 (10am,
1057 774 1111 825 v,
1143 756 1276 831 24):
1313 760 1572 817 Dominus
1624 776 1722 817 no-

80 846 222 894 ster
246 839 413 896 Jesus
440 841 708 915 Christus,
762 847 855 918 qui
913 856 997 904 est
1050 849 1365 909 benedictus
1422 853 1475 908 in
1523 854 1718 910 saecula

82 932 476 991 saeculorum.
505 934 700 994 Amen.

693 1073 1011 1134 PSALMUS
1058 1077 1239 1135 CXLI.

258 1176 561 1241 Intellectus
596 1184 762 1242 David
789 1207 902 1245 cum
929 1193 1133 1247 essetin
1155 1194 1400 1265 spelunca
1421 1196 1606 1251 oratio.

178 1271 335 1332 Voce
373 1295 485 1333 mea
534 1280 604 1334 ad
645 1281 923 1336 Dominum
954 1285 1192 1350 clamavi,
1226 1301 1346 1342 voce
1372 1304 1481 1342 mea
1510 1289 1578 1343 ad
1611 1287 1715 1343 Do-

86 1370 315 1424 minum
341 1371 644 1442 deprecatus
675 1392 805 1429 sum.
831 1375 1061 1443 Eﬂ’undo
1091 1379 1145 1433 in
1176 1392 1449 1451 conspectu
1479 1382 1719 1453 cjus(ln-

81 1462 117 1516 f
118 1479 185 1518 ra
236 1464 370 1521 add.
394 1467 678 1523 orationem
700 1487 864 1524 meam
888 1473 954 1542 et)
984 1474 1361 1529 tribulationem
1387 1493 1583 1531 meam:
1602 1488 1719 1533 ante

83 1557 284 1625 ipsum
311 1563 624 1629 pronuntio,
651 1563 704 1616 in
732 1564 1020 1633 deficientia
1049 1584 1112 1621 ea:
1137 1585 1215 1622 me
1255 1570 1493 1639 spiritum
1522 1588 1711 1626 meum.

84 1646 171 1702 Et
222 1661 283 1703 tu
325 1651 489 1723 600
516 1655 799 1725 cognovisti
824 1660 1031 1711 semitas
1076 1676 1230 1714 meas.
1262 1659 1328 1715 In
1360 1662 1439 1715 via
1463 1662 1581 1729 hac,
1615 1680 1716 1733 qua

83 1743 462 1811 ambulabant,
483 1745 859 1802 absconderant
879 1749 1114 1819 laqueum
1141 1752 1287 1805 mihi.
1314 1751 1712 1809 Considerabam

83 1837 169 1891 ad
201 1838 469 1892 dexteram
497 1849 545 1893 et
564 1840 794 1896 videbant
824 1860 841 1897 :
873 1844 991 1913 quia
1020 1861 1119 1898 non
1144 1855 1251 1898 erat
1278 1847 1365 1914 qui
1386 1858 1713 1917 cognosceret

85 1946 182 1984 me
221 1930 354 2001 (non
398 1943 469 1987 est
519 1934 606 2003 qui
633 1946 906 2005 cognoscat
938 1937 1060 2009 me).
1094 1936 1258 1993 Periit
1282 1944 1411 2011 fuga
1440 1959 1471 1994 a
1500 1959 1577 1997 me
1613 1959 1631 1996 :
1666 1952 1713 1997 et

87 2038 207 2076 non
230 2034 308 2075 est
338 2024 426 2094 qui
456 2026 675 2096 requirat
698 2029 925 2083 animam
948 2046 1130 2084 meam.
1161 2029 1393 2085 Clamavi
1419 2033 1487 2087 ad
1508 2044 1574 2100 te,
1600 2033 1713 2089 Do-

88 2114 244 2168 mine
268 2131 286 2167 :
317 2114 427 2168 dixi
457 2132 477 2170 :
511 2115 579 2171 Te
625 2135 677 2173 es
725 2136 839 2189 spes
870 2138 1000 2189 mea,
1050 2124 1217 2193 portio
1259 2141 1370 2178 mea
1398 2126 1451 2179 in
1479 2136 1617 2181 terra
1639 2130 1713 2182 vi-

90 2208 355 2263 ventium.
388 2207 604 2266 Intende
631 2214 683 2266 in
731 2213 895 2285 (Infra
921 2216 1075 2271 abest
1097 2216 1173 2289 in)
1199 2220 1483 2274 orationem
1509 2237 1672 2275 meam
1692 2237 1711 2276 :

91 2301 228 2369 quia
253 2304 555 2359 humiliatus
596 2324 707 2361 sum
738 2308 912 2363 nimis.
937 2308 1124 2365 Libera
1146 2329 1224 2366 me
1244 2330 1274 2365 a
1297 2317 1711 2384 persequentibus

93 2412 184 2449 me
207 2412 227 2450 :
255 2398 380 2469 quia
420 2402 698 2470 confortati
748 2411 869 2455 sunt
911 2420 1068 2475 super
1101 2423 1197 2461 me.
1241 2404 1390 2462 Educ
1417 2410 1480 2463 de
1508 2427 1711 2465 carcere

94 2488 336 2542 animant
389 2507 554 2544 meam
578 2494 648 2546 ad
690 2494 1036 2564 conﬁtendum
1080 2500 1277 2553 nomini
1327 2511 1435 2568 tuo,
1472 2501 1706 2558 Domine.

95 2579 193 2635 Me
248 2593 663 2655 exspectaverunt
711 2587 1050 2660 (exspectant)
1072 2592 1229 2660 justi,
1262 2592 1424 2649 donec
1454 2595 1707 2651 retribuas

98 2674 254 2728 mihi.

546 2768 959 2843 TRACTATUS
997 2773 1122 2829 PSA
1132 2773 1268 2830 LMI.

182 2883 235 2938 1.
270 2881 510 2940 Psalmus
535 2885 618 2939 hic
644 2898 715 2942 est
742 2887 806 2941 de
835 2888 1039 2943 Christo
1066 2890 1122 2944 in
1154 2889 1323 2945 David
1349 2892 1657 2949 adumbrata
1686 2910 1707 2961 ;

101 2975 371 3031 Christum
390 2981 544 3050 gestis
587 2982 694 3035 suis
717 2980 885 3036 David
902 2985 1524 3056 praphetnvit.-—Psalmi
1548 2989 1708 3059 hujus

102 3071 247 3125 ratio
279 3072 433 3126 titulo
454 3073 783 3143 continetur,
819 3076 915 3131 sed
942 3079 1119 3146 potius
1138 3079 1369 3148 spiritali
1395 3096 1558 3152 quam
1586 3097 1709 3137 cor—

103 3164 284 3235 porali
316 3165 672 3237 intelligentia
715 3186 729 3223 :
760 3177 813 3223 et
863 3170 986 3225 ideo
1012 3171 1066 3225 in
1099 3171 1251 3226 titulo
1282 3173 1561 3229 intellectus
1591 3191 1708 3229 ora-

104 3256 178 3309 tio
199 3265 303 3311 est.
337 3255 470 3311 Nam
502 3258 546 3311 si
569 3257 819 3329 simplex,
850 3262 1148 3317 secundum
1183 3264 1345 3319 David
1376 3275 1549 3336 gesta,
1578 3282 1704 3322 scn-

104 3362 200 3401 sus
228 3357 411 3413 esset;
438 3350 603 3403 oratio
634 3359 841 3407 tautum
888 3354 1077 3423 psalmi
1113 3355 1271 3409 titulo
1299 3355 1490 3413 luisset
1517 3359 1708 3414 inscri-

105 3449 220 3509 pta.
246 3438 354 3495 Sed
385 3443 508 3511 quia
560 3442 627 3496 ad
671 3445 932 3500 orationis
960 3446 1323 3516 cognitionem
1369 3449 1599 3518 Spiritali
1626 3451 1707 3505 in-

108 3531 402 3603 telligentia
430 3548 568 3604 opus
606 3545 787 3603 esset;
826 3536 1028 3593 idcirco
1056 3539 1342 3594 intellectus
1369 3542 1556 3608 oratio,
1583 3542 1708 3614 quia

106 3626 182 3679 sit
223 3625 592 3695 intelligenda,
625 3629 1009 3697 praescribitur.
1046 3630 1257 3686 Scimus
1289 3633 1432 3688 enim
1484 3648 1606 3689 esse
1652 3644 1709 3691 et

110 3718 263 3773 illum
297 3717 487 3785 David,
518 3721 671 3791 cujus
698 3722 1101 3778 tabernaculum
1143 3724 1287 3795 quod
1316 3726 1583 3782 ceciderat
1608 3742 1709 3783 ex-

109 3812 336 3867 citatum
383 3813 735 3883 est,justum,
785 3817 1073 3883 orientem,
1122 3828 1459 3887 regnantem,
1510 3819 1559 3874 id
1603 3830 1704 3887 est,

114 3905 396 3960 Dominum
435 3916 677 3961 nostrum
712 3908 803 3963 Dei
851 3908 1169 3980 ﬁliumzqui
1216 3912 1534 3982 frequenter
1556 3913 1707 3985 luge-

113 3998 206 4065 rit,
235 3997 543 4069 frequenter
594 4000 827 4070 latuerit,
880 4002 1191 4073 frequenter
1216 4007 1472 4072 oraverit,
1508 4008 1559 4061 in
1591 4008 1710 4078 ipso

112 4105 327 4162 quoque
371 4099 617 4162 tempore
663 4093 931 4162 passionis
954 4104 1005 4150 et
1025 4093 1258 4163 ﬂeverit,
1282 4106 1336 4152 et
1360 4097 1426 4152 ad
1454 4098 1621 4154 Deum
1656 4100 1707 4153 in

116 4182 457 4239 tribulatione
487 4184 823 4253 clamaverit,
854 4201 960 4242 non
984 4188 1054 4243 ob
1085 4189 1387 4243 naturalem
1413 4191 1565 4260 quasi
1588 4205 1712 4260 pas-

112 4276 281 4332 sionis
325 4285 546 4343 metum,
603 4278 699 4334 sed
749 4278 999 4334 allectum
1042 4279 1278 4335 hominis
1300 4296 1457 4351 quem
1490 4282 1713 4351 gerebat

117 4368 408 4423 ostendens
445 4385 458 4423 :
489 4378 546 4423 ut
596 4386 693 4441 per
723 4369 861 4427 hanc
913 4372 1213 4427 orationem
1264 4383 1318 4428 et
1348 4370 1490 4427 ﬁlius
1522 4374 1613 4429 Dei
1644 4372 1709 4429 ad

116 4476 274 4531 quem
296 4470 492 4528 oraret,
517 4470 572 4517 et
593 4463 709 4531 ipse
732 4478 837 4518 non
866 4464 1149 4519 simulatus
1177 4462 1252 4536 (a)
1286 4463 1468 4530 homo,
1496 4464 1591 4521 sed
1620 4480 1711 4520 ve-

1827 484 2113 541 Dominum
2145 489 2724 558 prephetatChristum
2753 510 2765 546 :
2804 493 2968 549 David
2996 495 3097 551 iste
3124 497 3274 553 illum
3320 499 3426 556 Da-

1823 578 1909 631 vid
1938 580 2180 635 omnium
2231 581 2539 651 passionum
2587 585 2869 655 prophetat
2917 589 3188 659 exemplo.
3242 591 3424 663 Atque

1824 668 1946 723 ideo
1986 669 2099 725 lucc
2152 687 2258 726 non
2305 682 2412 727 tam
2443 673 2610 729 David
2651 675 2719 732 de
2757 691 2823 733 se
2863 678 3002 747 ipso,
3032 695 3192 751 quam
3220 680 3290 737 de
3314 682 3423 739 Do-

1825 762 1969 817 mino
2000 778 2098 833 per
2120 765 2283 821 David
2314 766 2456 822 dicta
2485 766 2799 839 intelligitur
2822 772 3015 826 oratio.

1892 852 1947 907 2.
1973 853 2234 911 Orationis
2254 860 2493 929 perfecta:
2507 860 2633 914 varii
2662 860 3246 930 gradus.—Vtms.2-4.
3287 864 3424 923 Voce

1822 962 1933 999 mea
1956 947 2026 1000 ad
2057 947 2334 1003 Dominum
2374 950 2610 1016 clamavi,
2662 968 2779 1007 voce
2819 970 2928 1009 mea
2955 955 3115 1029 θοι
3146 958 3216 1011 ad
3246 957 3424 1014 Domi-

1821 1054 1944 1091 num
1966 1040 2266 1110 deprecatus
2292 1059 2427 1096 sum.
2460 1042 2687 1110 E/fundo
2716 1045 2769 1098 in
2792 1058 3064 1117 conspectu
3093 1051 3206 1121 ejus
3231 1051 3425 1106 oratio-

1821 1145 1934 1183 nem
1960 1146 2147 1197 meam,
2171 1141 2219 1187 et
2253 1134 2636 1189 tribulationem
2664 1153 2828 1190 meam
2857 1149 2976 1193 ante
2998 1141 3167 1209 ipsum
3193 1159 3425 1213 pronun-

1821 1222 1913 1275 tio.
1936 1219 2001 1275 In
2026 1222 2313 1290 deiicienda
2338 1240 2402 1279 ea:
2448 1243 2527 1280 me
2558 1227 2794 1296 spiritum
2824 1245 3013 1285 meum.
3048 1230 3272 1304 Egregie
3297 1250 3423 1290 ver-

1820 1312 2011 1369 borum
2041 1314 2173 1370 ordo
2204 1316 2501 1386 dispositus
2540 1327 2642 1374 est.
2680 1320 2920 1375 Primum
2954 1338 3087 1380 voce
3115 1325 3419 1382 clamatur:

1818 1408 1995 1461 omnis
2043 1408 2186 1464 enim
2224 1409 2393 1466 ﬁdelis
2420 1412 2519 1467 viri
2569 1416 2732 1469 etiam
2765 1417 2922 1471 tacita
2958 1428 3013 1472 et
3039 1419 3298 1489 spiritalis
3327 1437 3423 1478 es-

1819 1504 2051 1571 pectatio
2082 1503 2192 1559 Deo
2217 1505 2423 1560 clamor
2448 1514 2550 1560 est.
2584 1508 2787 1565 Deinde
2814 1525 2946 1566 voce
2984 1521 3190 1581 oratur,
3227 1513 3280 1568 id
3310 1524 3415 1582 est,

1818 1594 2071 1651 desiderii
2103 1603 2158 1651 et
2188 1596 2312 1652 ﬁdei
2348 1599 2533 1666 petitio
2560 1600 2736 1655 verbis
2765 1601 2914 1657 vocis
2942 1602 3187 1672 ell‘ertur,
3213 1619 3412 1661 secun-

1817 1685 1943 1740 dtun
2019 1687 2147 1742 illud
2217 1687 2459 1758 Apostoli
2507 1690 2790 1747 :Psallam
2852 1696 3060 1765 spiritu,
3116 1697 3334 1766 psallam
3373 1705 3421 1753 et

1743 1800 1789 1859 Β
1816 1795 1934 1833 voce
1955 1779 1999 1851 (Ι
2027 1778 2175 1846 Cor.,
2209 1797 2319 1847 xlv,
2355 1783 2466 1852 15).
2488 1783 2670 1839 Tertio
2700 1787 2750 1839 in
2783 1796 3078 1856 conspectu
3111 1788 3205 1843 Dei
3232 1789 3411 1844 oratio

1816 1871 2126 1940 ellunditur,
2149 1888 2255 1927 non
2280 1874 2461 1929 verbis
2484 1876 2690 1932 scilicet
2717 1876 2786 1933 de
2808 1879 2988 1949 lingua
3018 1879 3417 1949 excidentibus,

1817 1965 1914 2019 sed
1942 1965 2011 2020 de
2039 1966 2307 2035 profundo
2338 1977 2391 2022 et
2413 1968 2627 2023 interno
2658 1969 2780 2025 lidei
2814 1970 2961 2027 fonte
2987 1973 3162 2027 oratio
3191 1988 3419 2043 precan-

1817 2058 1883 2111 tis
1912 2057 2639 2126 ell‘unditur;etellunditur
2692 2064 2743 2117 in
2790 2077 3085 2136 conSpectu
3138 2066 3257 2135 Dei,
3310 2081 3418 2123 non

1815 2150 2152 2220 negligenter
2182 2166 2356 2221 neque
2404 2169 2469 2207 ex
2519 2156 2832 2221 securitate,
2862 2158 2955 2212 sed
3005 2168 3275 2229 tamquam
3316 2160 3421 2215 Do-

1815 2242 1961 2296 mino
1997 2252 2261 2312 praesente
2295 2263 2307 2298 :
2338 2246 2427 2315 qui
2461 2247 2605 2301 enim
2657 2259 2845 2305 oratur
2890 2260 2947 2306 ut
2976 2234 3246 2320 exaudiat,
3272 2267 3418 2323 prte-

1813 2349 1938 2389 sens
1978 2350 2201 2392 necesse
2252 2347 2334 2393 est
2364 2353 2484 2395 esse
2510 2340 2763 2396 credatur
2793 2362 2806 2397 :
2837 2344 2927 2413 qui
2955 2355 3134 2399 autem
3161 2360 3408 2417 pra'sens

1814 2428 2174 2494 existimatur,
2212 2445 2318 2484 non
2376 2431 2619 2487 absentis
2672 2433 3120 2503 dissimulatione,
3150 2437 3245 2492 sed
3275 2451 3415 2507 prat-

1813 2521 1984 2574 sentis
2026 2519 2235 2577 honore
2265 2523 2600 2579 reverendus
2638 2535 2740 2579 est.
2772 2528 2975 2592 Quarto
3002 2542 3215 2598 qu0que
3247 2529 3416 2585 tribuo

1814 2609 2070 2667 lationem
2101 2627 2252 2667 suam
2295 2616 2625 2683 pronuntiat.
2652 2616 2769 2672 Non
2817 2619 3131 2690 impeditur,
3164 2635 3284 2676 cum
3324 2622 3420 2677 tri-

1810 2701 2049 2770 bulatur,
2075 2704 2201 2774 quin
2227 2720 2445 2775 semper
2481 2708 2549 2761 ad
2582 2708 2751 2762 Deum
2772 2711 3013 2764 omnium
3043 2712 3415 2782 angustiarum

1810 2810 2026 2850 suarum
2058 2808 2112 2851 et
2150 2798 2464 2867 passionum
2507 2800 2787 2856 molestias
2816 2802 3037 2858 referat.
3066 2803 3253 2876 Neque
3279 2820 3419 2863 sane

1809 2888 1958 2944 leves
1977 2889 2355 2946 tribulationes
2379 2901 2523 2958 sunt,
2559 2908 2693 2964 quas
2721 2904 2848 2950 ante
2880 2894 3045 2951 Deum
3075 2895 3241 2954 ellusa
3285 2912 3417 2954 ora-

1812 2983 1956 3038 tione
1980 2985 2294 3053 pronuntiat
2329 3003 2340 3038 :
2389 2986 2483 3041 sed
2514 2986 2567 3041 in
2596 3001 2662 3041 eo
2692 2987 2895 3060 (supple
2923 2989 3261 3062 pronuntiat)
3292 3006 3416 3050 cum

1813 3074 1998 3131 deﬁcit
2029 3078 2096 3132 ab
2126 3093 2190 3135 co
2215 3079 2438 3149 spiritus
2481 3095 2632 3136 suus.
2667 3079 2737 3135 At
2761 3096 2891 3139 vero
2914 3098 3011 3139 nos
3036 3084 3182 3140 leves
3214 3094 3417 3143 tantum

1732 3184 1777 3248 ρ
1814 3171 2142 3226 tentationes
2191 3172 2259 3227 ab
2310 3173 2628 3229 assiduitate
2676 3176 2941 3232 orationis
2991 3178 3330 3250 impediunt:
3360 3190 3418 3239 et

1809 3261 2377 3334 quantulamcumque,
2432 3265 2485 3320 in
2529 3267 2781 3322 secundis
2826 3268 2988 3324 modo
3032 3271 3216 3339 rebus,
3246 3274 3415 3331 animi

1810 3354 1980 3407 nostri
2037 3357 2398 3410 constantiam
2432 3372 2460 3411 a
2508 3357 2815 3415 devotionis
2867 3360 3049 3418 ol’licio
3097 3367 3416 3435 repentinus

1809 3444 2018 3515 exigua:
2050 3445 2379 3504 difﬁcultatis
2410 3458 2586 3505 motus
2605 3453 2821 3506 avertit.
2847 3451 2917 3507 At
2936 3468 3065 3510 vero
3087 3454 3198 3521 hic,
3232 3472 3301 3513 ne
3320 3456 3417 3513 de-

1812 3536 2027 3615 ﬁciente
2049 3538 2266 3609 quidem
2319 3542 2511 3611 spiritu
2560 3557 2681 3611 suo,
2720 3555 2975 3601 cessatet
3010 3547 3414 3606 tribulationem

1810 3644 1960 3686 suam
1995 3635 2364 3703 pronuntiare.
2408 3645 2463 3691 et
2518 3638 2819 3693 orationem
2864 3639 3164 3710 effundere,
3194 3652 3250 3702 et
3281 3659 3416 3702 voce

1811 3738 1968 3780 orare
1998 3725 2137 3795 ipsa,
2167 3736 2222 3783 et
2258 3729 2518 3796 Spiritalis
2552 3731 2672 3786 ﬁdei
2704 3748 2837 3789 voce
2866 3735 3124 3793 clamare.

1886 3818 1943 3872 5.
1979 3817 2252 3876 Psalmide
2275 3818 2479 3878 Christo
2492 3824 2625 3879 unde
2647 3826 3028 3897 dignoscantur.
3061 3831 3311 3897 Quaedam
3332 3834 3418 3891 hic

1813 3910 2001 3965 nemini
2022 3914 2392 3969 convenientia.
2422 3946 2495 3956 —
2519 3915 2594 3970 Tu
2613 3920 2894 3987 cognovisti
2918 3923 3125 3978 semitas
3151 3942 3307 3981 meas.
3341 3925 3411 3982 In

1812 4002 1892 4056 via
1922 4003 2038 4067 hac,
2062 4021 2162 4075 qua
2190 4006 2533 4077 ambulabant,
2569 4011 2945 4068 absconderant
2970 4017 3209 4086 laqueum
3262 4020 3410 4077 mihi.

1814 4093 1941 4150 Hmc
1997 4106 2103 4151 tam
2154 4099 2319 4167 illius,
2348 4117 2505 4171 quam
2540 4102 2699 4173 hujus
2731 4104 2919 4173 David,
2952 4109 3126 4163 oratio
3168 4125 3290 4167 esse
3320 4126 3417 4182 po-

1817 4187 1935 4243 lerit
1989 4191 2287 4247 existimari
2318 4195 2478 4264 :quia
2505 4236 2519 4260 ,
2571 4206 2629 4251 ut
2658 4197 2915 4265 diximus,
2959 4203 3141 4258 omnia
3200 4205 3416 4264 Domini

1814 4279 1954 4335 dicta
1983 4291 2147 4352 atque
2168 4295 2317 4354 gesta
2347 4295 2402 4342 et
2431 4288 2573 4342 servi
2617 4289 2723 4347 ﬁde
2749 4301 2806 4347 et
2851 4295 3133 4365 prOphetac
3167 4299 3418 4371 praeﬁgu-

1814 4373 1951 4428 ravit
1972 4375 2241 4444 exemplo.
2272 4376 2571 4450 Numquam
2594 4397 2725 4438 vero
2742 4385 3075 4454 psalmorum
3097 4390 3406 4462 prophetia,

1815 4467 2263 4539 quotiescumque
2304 4486 2369 4525 ex
2428 4488 2658 4542 persona
2722 4475 2931 4533 Domini
2980 4482 3271 4553 profertur,
3306 4500 3415 4542 non

121 4568 211 4608 rus
240 4561 420 4623 posset
470 4553 719 4624 intelligi.
762 4554 894 4625 Ejus
938 4555 1121 4626 itaque
1152 4570 1274 4611 esse
1316 4556 1431 4611 haec
1462 4556 1711 4629 intelligi-
1736 4566 1788 4626 1)
1813 4557 2011 4629 aliquid
2045 4561 2317 4630 peculiare
2372 4562 2490 4633 ejus
2535 4579 2599 4621 ac
2632 4570 2927 4639 pr0prium,
2978 4574 3121 4643 quod
3164 4576 3253 4631 alii
3287 4592 3411 4635 cum

122 4656 207 4701 tur
231 4646 425 4703 oratio.
477 4648 642 4703 David
671 4648 890 4719 quidem
936 4650 989 4704 in
1018 4650 1274 4720 spelunca
1309 4651 1583 4723 loquitur;
1613 4653 1709 4709 sed

122 4739 403 4811 prophetat
431 4740 482 4794 in
509 4740 747 4797 Christo.
794 4741 961 4797 David
1002 4741 1181 4814 fugit;
1233 4743 1330 4799 sed
1389 4745 1563 4816 fugam
1609 4746 1713 4802 Do-

121 4831 250 4887 mini
276 4832 355 4887 sui
379 4848 483 4889 non
513 4842 621 4887 tam
654 4849 749 4904 per
773 4835 935 4890 verba
968 4850 1125 4906 quam
1158 4850 1254 4906 per
1274 4835 1451 4907 fugam
1477 4837 1714 4908 prophe-

127 4935 221 4980 tat.
253 4925 415 4979 David
470 4926 668 4995 spiritu
709 4926 938 4995 delecit;
964 4926 1059 4983 sed
1083 4937 1138 4984 et
1179 4928 1406 4985 Domino
1438 4914 1713 4986 tristis'est

123 5020 293 5073 anima
326 5033 493 5090 usque
522 5019 589 5075 ad
616 5029 867 5076 mortem.
904 5021 1067 5077 David
1100 5022 1324 5078 semitas
1347 5021 1488 5079 Deus
1515 5038 1712 5095 cogno-

126 5114 224 5169 scit
269 5129 283 5175 ;
312 5113 404 5169 sed
449 5123 504 5170 et
531 5112 724 5168 Filium
757 5130 916 5170 nemo
943 5117 1093 5171 novit
1114 5116 1215 5171 nisi
1247 5114 1426 5173 Pater.
1458 5116 1626 5172 David
1654 5119 1709 5174 in

130 5203 246 5257 lidei
274 5217 383 5259 sum
412 5204 513 5258 viis
548 5202 725 5274 laquei
753 5203 1003 5260 absconsi
1029 5216 1149 5260 sunt
1179 5222 1193 5271 ;
1238 5205 1464 5262 Domino
1491 5222 1709 5278 quoque

129 5295 181 5350 in
208 5293 591 5365 praedicationis
618 5309 729 5351 sua:
774 5312 934 5353 cursu
966 5297 1163 5369 ubique
1185 5307 1443 5369 parantur
1473 5298 1702 5356 insidize.

203 5501 273 5573 (a)
301 5501 355 5558 Si
383 5502 458 5573 ad,
502 5500 606 5558 hoc
634 5501 927 5573 assumpsit
953 5500 1483 5573 hominisaﬁ‘ectum,
1514 5507 1571 5554 ut
1597 5514 1706 5554 non

136 5564 400 5629 simulatus
448 5572 647 5639 homo,
694 5572 791 5628 sed
822 5564 1003 5642 'verus
1059 5564 1486 5642 intelligeretur;
1544 5585 1707 5626 verus

135 5659 333 5713 quoque
360 5644 541 5699 debuit
569 5658 689 5724 esse
714 5645 804 5724 ille
826 5641 1072 5707 allectus,
1106 5641 1249 5724 vera:
1275 5644 1511 5709 tristitia,
1537 5657 1706 5724 .verus

134 5712 296 5780 dolor,
328 5730 480 5793 verus
534 5715 805 5793 passionis
861 5722 1035 5793 metus
1063 5727 1077 5766 :
1110 5712 1201 5782 qui
1233 5722 1409 5793 tamen
1460 5713 1585 5793 quia
1613 5727 1706 5769 as-

134 5795 386 5857 sumptus,
421 5785 601 5844 V'erbo
629 5784 923 5842 assumeuti
960 5797 1065 5839 non
1093 5784 1349 5839 naturalis
1377 5792 1524 5841 recte
1565 5800 1704 5856 prato

1818 4663 1885 4703 eo
1914 4665 2203 4709 commune
2222 4669 2347 4712 esse
2377 4670 2485 4711 non
2516 4659 2707 4727 possit,
2738 4662 2974 4733 adjecit:
3005 4676 3060 4720 ut
3090 4670 3214 4738 quia
3246 4672 3414 4729 multa

1818 4755 1883 4796 ex
1913 4757 2141 4811 persona
2173 4746 2289 4814 ejus
2313 4746 2546 4803 hominis
2575 4765 2733 4820 quem
2763 4756 3056 4825 assumpsit
3081 4772 3415 4818 commemo-

1819 4840 1958 4900 rata,
1993 4841 2236 4903 personis
2280 4836 2556 4895 hominum
2599 4852 2781 4900 essent
2824 4847 3135 4920 naturisque
3173 4865 3417 4909 commu—

1821 4926 1933 4992 uia,
1957 4927 2145 4996 psalmi
2178 4932 2357 5000 potius
2376 4932 2443 4987 de
2461 4948 2526 4988 eo
2544 4935 2824 5005 prophetia
2846 4954 2933 5007 ea,
2956 4955 3077 5011 qua:
3108 4946 3325 5016 proprie
3347 4962 3416 5005 ex

1823 5032 2051 5085 persona
2100 5019 2215 5090 ejus
2255 5022 2583 5091 dicerentur,
2616 5028 2965 5086 ostenderet:
2997 5044 3054 5088 ut
3075 5034 3206 5092 illud
3236 5054 3415 5112 nunc,

1829 5109 1991 5166 Vens.
2028 5113 2062 5169 5
2083 5132 2096 5169 :
2116 5113 2513 5173 Considerabam
2545 5119 2615 5173 ad
2652 5121 2940 5194 dexteram,
2970 5136 3017 5182 et
3039 5129 3269 5185 videbam
3293 5109 3416 5206 quia

1820 5219 1922 5258 non
1951 5215 2026 5260 est
2082 5207 2167 5276 qui
2217 5218 2489 5279 cognoscat
2536 5227 2633 5266 me.
2666 5211 2829 5269 Periit
2872 5220 2996 5292 fuga
3035 5237 3067 5274 a
3093 5237 3173 5277 me
3199 5232 3283 5278 :et
3312 5242 3416 5281 non

1816 5311 1889 5357 est
1912 5300 1999 5370 qui
2018 5302 2243 5372 requirat
2265 5304 2491 5359 animam
2516 5322 2702 5363 meam.
2748 5308 2914 5366 David
2941 5312 3086 5369 enim
3111 5314 3237 5372 licet
3263 5316 3416 5389 fuge-

1812 5498 2049 5578 d_icatur,
2082 5509 2139 5555 ut
2165 5500 2504 5578 explicatum
2518 5514 2610 5578 est
2632 5506 2685 5561 in
2717 5523 2799 5578 ps.
2832 5523 3020 5575 vam,
3051 5525 3108 5564 n.
3134 5512 3219 5565 18.
3250 5511 3411 5567 Vide-

1813 5572 1887 5625 sis
1918 5580 2072 5627 tract.
2127 5588 2363 5647 ps_._t.tv,_
2390 5590 2443 5629 η.
2478 5575 2533 5631 6.
2566 5572 2750 5647 Neque
2808 5572 3014 5647 [rustra
3052 5581 3127 5630 ait
3177 5582 3227 5631 in
3269 5582 3406 5647 psal.

1811 5656 2027 5713 exutx,
2079 5658 2135 5696 n.
2171 5644 2234 5699 11
2272 5662 2284 5697 :
2321 5643 2515 5700 Cereus
2544 5643 2764 5701 hominis
2805 5646 3003 5711 Deique
3029 5643 3286 5713 naturam,
3315 5654 3411 5704 ha-

1811 5710 1955 5766 bebat
2001 5721 2051 5767 et
2078 5729 2143 5793 ea:
2170 5715 2406 5793 hominis
2426 5717 2727 5793 infirmitate
2756 5710 3109 5793 trepidationis
3137 5710 3404 5793 affectum,

1810 5792 1857 5839 et
1884 5799 1948 5839 ea:
1974 5784 2282 5841 conscientia
2305 5786 2585 5842 divinitatis
2613 5784 2900 5841 securitatis
2921 5784 3190 5853 ﬁduciam.
3284 5784 3401 5868 ηερ.
