3984 6208
115 195 250 273 fsui

1248 207 1666 274 rnama‘rus
1704 209 1768 271 IN
1809 197 1990 274 chu
2031 202 2383 274 essenon.

3337 217 3440 275 858

131 341 332 386 essent
357 306 649 386 securitate
679 325 956 385 ﬁrmandi.
1013 323 1345 399 Exspectant
1385 344 1514 401 ergo
1567 327 1696 399 justi
1724 369 1739 394 ,
1770 333 1823 392 Α
1847 331 2042 400 quibus
2061 329 2196 402 legis
2225 346 2288 388 ac
2317 331 2702 402 prophetarum
2731 332 2954 388 scientia
2986 331 3122 387 ultra
3156 335 3441 402 prmserip-

129 423 319 478 donec
347 425 447 477 sibi
480 422 808 478 retribuatur
838 435 867 476 a
907 422 1038 476 Deo.
1084 419 1153 476 Et
1182 420 1312 491 quid
1351 424 1398 477 ei
1442 435 1472 475 a
1517 421 1624 475 Deo
1651 435 1738 475 re-

136 514 456 578 tribuatur,
514 513 805 584 Apostolus
848 513 1070 579 docuit,
1099 512 1285 568 dicens
1329 529 1344 565 :
1379 510 1600 584 Propter
1649 512 1742 565 hoc

135 608 387 661 exultavit
415 623 529 660 eum
560 605 724 672 Deus,
751 617 797 662 et
827 607 1036 662 donavit
1055 607 1099 661 ei
1127 619 1313 662 nomen
1333 607 1468 676 quod
1496 617 1567 660 est
1592 621 1744 675 super

137 715 298 753 omne
348 715 531 753 nomen
559 715 577 753 :
606 710 660 753 ut
686 699 740 753 in
759 701 966 754 nomine
989 695 1026 752 J
1031 716 1115 754 esu
1141 713 1287 754 omne
1309 715 1441 769 genu
1464 699 1703 768 flectatur
1727 738 1742 762 ,

134 791 458 858 caelestium,
485 793 807 846 terrestrium
835 802 880 845 et
903 793 1223 863 infernarum
1245 833 1258 857 ,
1290 795 1335 844 et
1359 793 1523 844 omnis
1567 789 1746 860 lingua

134 886 476 956 conﬁteatur,
506 886 626 957 quia
656 883 912 940 Dominus
948 885 1102 940 Jesus
1127 886 1178 939 in
1219 885 1386 956 gloria
1417 893 1487 939 est
1516 881 1613 937 Dei
1654 900 1746 953 pa-

136 982 238 1036 tris
267 979 487 1053 (Philip.
516 995 587 1047 ιι,
619 979 654 1036 9
674 991 722 1034 et
754 979 867 1051 l0).
896 979 1021 1034 llaec
1046 979 1094 1034 ei
1121 994 1148 1032 a
1174 979 1285 1034 Deo
1309 975 1596 1032 retributio
1623 983 1742 1032 est:

133 1083 204 1129 ut
229 1073 283 1129 ei
309 1074 544 1144 corpori,
579 1072 720 1144 quod
746 1075 1055 1143 assumpsit,
1087 1083 1326 1144 patorum
1354 1068 1540 1142 gloria)
1578 1071 1746 1125 done-

137 1175 233 1222 tur
261 1165 557 1222 aeternitas.
586 1166 718 1234 Qum
761 1173 940 1221 autem
974 1158 1043 1219 sit
1070 1165 1342 1235 justorum
1374 1164 1745 1234 ex5peclatio,

133 1257 289 1314 idem
319 1259 614 1328 Apostolus
637 1258 818 1325 docet,
849 1257 1036 1313 dicens
1068 1275 1081 1311 :
1115 1256 1312 1312 Nostra
1335 1267 1504 1312 autem
1537 1269 1748 1311 conver-

137 1353 282 1405 satio
304 1352 359 1405 in
387 1351 526 1405 cadis
553 1360 647 1418 est,
681 1350 819 1405 unde
846 1362 892 1406 et
933 1350 1008 1423 (a)
1038 1351 1361 1407 Salvatorem
1393 1363 1627 1406 nostrum
1659 1364 1750 1405 ett—

137 1455 435 1515 spectamus
471 1444 653 1499 Jesam
693 1444 954 1499 Christum
982 1488 995 1512 ,
1025 1445 1112 1517 qui
1140 1443 1523 1515 transformabit
1560 1457 1748 1515 corpus

139 1539 456 1617 humilitatis
495 1550 714 1604 nostra,
761 1543 1138 1610 conformatum
1175 1539 1382 1609 corpori
1421 1537 1598 1610 gloria:
1643 1549 1750 1592 sum

141 1629 330 1701 (Phil.
381 1645 474 1695 in,
505 1630 577 1686 20
605 1642 651 1687 et
701 1630 817 1703 21).
850 1628 1184 1702 ExspeCtant
1223 1645 1357 1702 ergo
1411 1645 1532 1688 eum
1581 1632 1746 1701 justi,

1845 435 1958 477 tum
2017 433 2071 478 et
2120 423 2521 493 ambiguitatem
2565 423 2759 480 litterae
2815 423 2943 487 luit,
2988 423 3290 479 addendum
3341 422 3445 479 hoc

1848 516 2054 586 psalmo
2085 513 2462 585 judicaverunt
2493 513 2512 588 (
2548 515 2611 569 V.
2648 515 2819 569 Tract.
2853 515 3002 570 Psal.
3039 531 3108 584 tt,
3142 533 3193 569 η.
3225 515 3260 568 2
3288 524 3333 568 ιι
3363 513 3440 586 5).

1845 605 2074 662 Causam
2121 607 2458 677 vcrojudicii
2513 608 2665 661 iSIius
2721 589 2776 662 in
2832 607 3057 663 exordio
3113 607 3444 678 psalmorum

1849 699 2043 768 (Pref.
2077 715 2130 754 η.
2177 698 2231 771 5)
2263 700 2584 764 docuimus,
2623 715 2716 770 per
2747 713 2908 771 quam
2947 701 3080 755 nihil
3130 697 3183 754 in
3223 699 3447 772 psalmis

1851 793 1953 847 nisi
1977 791 2349 863 propheticum
2373 793 2756 863 cognoscimus
2773 803 3028 864 oportere
3050 795 3292 848 tractari.
3313 793 3446 848 Cum

1851 886 1994 939 enim
2021 900 2118 939 nec
2145 887 2312 954 gestis
2341 901 2544 951 sermo,
2573 899 2674 940 nec
2705 887 3037 956 temporibus
3069 887 3144 959 (c)
3172 887 3306 942 ordo
3327 902 3450 941 con-

1849 973 2034 1028 'vcniat
2057 991 2071 1041 ;
2103 975 2370 1044 reliquum
2398 984 2504 1041 est,
2531 973 2587 1030 in
2620 975 2929 1045 exemplum
2957 989 3022 1032 ac
3048 976 3326 1032 scientiam
3353 993 3444 1048 ge-

1850 1067 2142 1122 rendorum
2167 1110 2181 1132 ,
2208 1075 2265 1122 'et
2290 1079 2440 1138 gesta
2471 1067 2649 1122 omnia
2686 1069 2738 1121 in
2768 1065 2960 1133 David,
2991 1075 3044 1122 e’t
3088 1068 3154 1122 ab
3182 1066 3265 1123 his
3295 1069 3452 1124 intel-

1847 1155 1991 1215 lecta
2021 1173 2143 1215 esse
2171 1157 2488 1215 doceamur.
2551 1157 2812 1230 Apposlta
2867 1172 2996 1230 ergo
3048 1173 3192 1214 nunc
3247 1161 3453 1231 psahno

1849 1253 2242 1323 sitperscriptio
2269 1261 2386 1316 est,
2422 1267 2538 1322 qua:
2571 1269 2676 1306 non
2720 1260 2900 1307 exstat
2929 1254 2979 1307 in
3031 1251 3167 1307 libro
3199 1271 3212 1308 :
3249 1262 3306 1307 ut
3353 1253 3448 1308 ubi

1854 1353 2028 1402 exstat
2054 1346 2137 1420 (id
2166 1356 2249 1402 est
2270 1390 2283 1414 ,
2307 1347 2447 1402 sicut
2485 1348 2537 1402 in
2569 1347 2775 1417 psalmo
2801 1347 2992 1414 tertio,
3019 1347 3075 1402 in
3105 1362 3213 1419 quo
3243 1361 3270 1401 a
3303 1346 3442 1404 facie

1853 1439 1968 1510 ejus
1999 1441 2088 1512 qui
2117 1453 2258 1496 nunc
2291 1443 2546 1511 persequi
2584 1441 2838 1496 scribitur
2867 1440 3130 1513 fugerit),
3175 1441 3241 1496 ad
3270 1445 3449 1496 scien-

1851 1534 1979 1587 tiam
2015 1534 2345 1604 pr0pbetiere
2377 1534 2749 1604 intelligentia:
2771 1545 3112 1589 vocaremur.

1918 1623 2084 1699 005
2121 1627 2176 1681 2.
2221 1627 2368 1694 Quis,
2401 1643 2500 1698 quo
2531 1628 2732 1682 nomine
2759 1629 2809 1680 in
2859 1637 2961 1681 tot-0
3007 1627 3100 1681 hoc
3141 1622 3343 1696 psalmo
3375 1627 3452 1680 lo.

138 1725 280 1778 dum
305 1725 644 1779 reti-iuuatur
675 1724 750 1780 illi
779 1742 792 1778 :
831 1726 1039 1780 scilicet
1057 1735 1115 1779 ut
1141 1725 1448 1781 conl‘ormes
1473 1723 1609 1779 ﬂant
1633 1724 1748 1796 glo-
1779 1725 1825 1788 Β
1852 1731 2059 1790 quatur.
2100 1749 2172 1761 -—
2208 1716 2503 1789 Prophetat
2542 1732 2672 1790 ergo
2709 1735 2853 1775 nunc
2885 1717 3053 1774 David
3107 1719 3454 1790 passionibus

135 1819 247 1871 vim
279 1819 524 1887 corporis
564 1817 681 1887 ejus
706 1858 721 1885 ,
754 1819 842 1888 qui
875 1826 957 1874 est
983 1816 1300 1874 benedictus
1330 1818 1384 1873 in
1416 1817 1612 1874 srccula
1642 1831 1743 1874 sm-

133 1909 416 1964 culorum.
450 1908 644 1964 Amen.

212 2051 214 2054 ,
649 1999 965 2058 PSALMUS
1004 2000 1211 2057 CXLII.

175 2093 356 2164 Ipsius
385 2091 572 2162 David,
591 2095 800 2165 quando
829 2095 1226 2165 persequebatur
1261 2111 1374 2150 eum
1398 2092 1698 2150 Abessalon.
1741 2147 1748 2151 .

211 2184 438 2241 Domine
465 2186 652 2259 (Infra,
688 2185 872 2256 Deus),
906 2189 1092 2241 exaudi
1113 2189 1392 2241 oralionem
1415 2201 1576 2242 meam
1596 2231 1610 2255 ,
1641 2205 1738 2241 au-

128 2278 283 2332 ribus
343 2280 544 2348 percipe
593 2279 994 2333 obsecrationem
1053 2293 1221 2333 meam
1256 2279 1353 2332 :in
1402 2279 1612 2334 veritate
1653 2287 1743 2333 tua

119 2370 329 2424 exaudi
347 2386 446 2437 me,
470 2372 523 2424 in
543 2381 630 2424 tua
651 2365 1143 2442 justitiamEt
1166 2385 1268 2424 non
1289 2372 1446 2425 intres
1465 2373 1520 2424 in
1536 2372 1742 2440 judicia

117 2464 154 2536 ι(
166 2463 470 2537 judicium)
500 2481 614 2519 cum
650 2479 794 2520 servo
836 2475 920 2518 tuo
961 2467 1121 2534 .‘quia
1154 2479 1258 2518 non
1284 2465 1656 2537 justiﬁcabitur
1690 2467 1742 2519 in

134 2568 412 2628 conspectu
435 2556 524 2612 tab
545 2559 709 2612 omnis
725 2558 913 2611 vivens.
929 2556 1070 2622 Quia
1095 2569 1388 2625 persecutus
1404 2568 1480 2612 'est
1506 2559 1743 2614 inimicus

133 2653 365 2705 auinam
379 2663 566 2717 meam,
586 2652 874 2705 humiliavit
887 2653 941 2705 in
953 2662 1089 2706 terra
1100 2652 1256 2706 vitam
1271 2667 1432 2706 meam
1444 2693 1457 2716 ,
1478 2651 1742 2706 collocavit

124 2759 219 2796 sne
231 2744 284 2796 in
299 2743 544 2808 obscuris,
561 2743 692 2797 sicut
712 2752 938 2797 mortuos
954 2743 1148 2798 steculi.
1170 2741 1236 2797 Et
1252 2744 1490 2797 anxietas
1503 2754 1576 2798 est
1589 2758 1742 2814 super

126 2852 222 2889 me
241 2837 606 2907 spiritusrneus
635 2853 652 2889 :
677 2838 728 2891 in
751 2853 828 2890 me
852 2836 1109 2890 turbatum
1138 2846 1211 2891 est
1230 2851 1316 2892 cor
1333 2853 1520 2893 meum.
1544 2834 1744 2891 Memor

121 2928 217 2997 '{ui
230 2928 423 2982 dierum
444 2929 792 2999 antiquorum,
815 2927 1103 2999 (omittitur
1122 2926 1189 3000 et)
1208 2938 1252 2983 et
1272 2930 1540 2983 meditatus
1554 2915 1742 2982 sum'in

129 3021 373 3074 omnibus
399 3022 633 3093 operibus
661 3022 759 3074 tuis
782 3035 801 3075 :
828 3021 880 3073 in
904 3022 1054 3092 factis
1076 3035 1320 3074 manuum
1345 3031 1548 3075 tuarum
1575 3021 1742 3074 medi-

1841 1813 1954 1868 suis
1983 1811 2286 1868 dominicas
2317 1813 2596 1883 passiones
2624 1835 2636 1869 :
2668 1829 2772 1868 non
2797 1813 2865 1868 de
2890 1813 3190 1868 Abessalon
3216 1827 3454 1884 conque-

1841 1915 1987 1971 rens,
2020 1903 2116 1959 sed
2147 1903 2214 1958 de
2246 1903 2330 1959 his
2356 1906 2444 1975 qui
2472 1905 2772 1961 AbeSSaImt
2804 1905 2868 1959 ad
2911 1903 3208 1975 impietatis
3240 1908 3450 1961 crimen

1838 1991 2096 2066 lignis-ent.
2117 1995 2282 2068 lgnita
2303 1997 2445 2051 enim
2464 1998 2760 2054 secundum
2781 1999 3099 2068 Apostolum
3118 1997 3316 2053 diaboli
3331 2005 3456 2054 sunt

1837 2086 2017 2157 j‘acula
2045 2084 2207 2159 (Ep’h.
2242 2087 2426 2161 v1,l6)
2461 2107 2474 2143 :
2503 2099 2629 2161 quae
2657 2103 2717 2146 se
2740 2090 2794 2144 in
2818 2105 2912 2145 cor
2933 2090 3084 2146 Jndte
3107 2100 3164 2145 ut
3195 2091 3454 2147 Dominus

1843 2177 2147 2234 traderetur
2175 2180 2482 2250 iniecerint,
2527 2189 2582 2238 et
2614 2199 2756 2238 nunc
2799 2183 2853 2238 in
2893 2184 3018 2239 ﬁliis
3065 2183 3450 2240 iuobed’rentia:

1841 2277 2157 2340 operentur.
2183 2269 2426 2342 Obquod
2448 2269 2714 2329 Dominus
2736 2282 3013 2344 assumpta
3036 2275 3245 2345 peccati
3269 2277 3452 2331 carnis

1839 2363 2228 2431 similitudine,
2255 2367 2330 2422 “de
2378 2377 2601 2437 peccato
2645 2368 3024 2423 condemnavit
3061 2379 3346 2439 peccatum
3390 2368 3443 2423 in

1839 2467 2028 2514 carne.
2061 2457 2434 2514 T'ractabimus
2479 2473 2610 2531 ergo
2635 2461 2906 2531 psalmum
2938 2477 3002 2515 ex
3044 2475 3276 2531 persona
3315 2455 3450 2517 Pro-

1839 2549 2042 2619 phct‘e,
2094 2551 2447 2623 intelligentis
2478 2565 2537 2608 se
2582 2553 2634 2607 in
2665 2555 2872 2623 peccati
2899 2565 3138 2624 corpore
3179 2553 3446 2624 positum,

1837 2654 1898 2698 et
1923 2644 2065 2699 inter
2093 2647 2288 2700 multas
2316 2655 2377 2701 et
2403 2659 2597 2717 graves
2623 2644 2826 2701 diaboli
2862 2647 3198 2703 tentationes
3225 2661 3320 2717 per
3343 2644 3444 2702 ho-

1843 2737 2044 2792 minem
2089 2735 2322 2809 fatigari.
2351 2737 2486 2794 Nam
2533 2745 2594 2793 ut
2623 2739 2882 2793 Dominus
2915 2740 3213 2810 principem
3257 2738 3443 2795 mundi

1846 2842 1952 2884 non
1971 2829 2238 2898 ignoravit
2262 2829 2384 2886 inec
2413 2831 2464 2885 in
2496 2846 2555 2886 se
2584 2843 2679 2901 per
2703 2828 3231 2903 JudrcosJudamque
3251 2832 3450 2903 gessis-

1846 2939 1926 2993 se,
1959 2943 2080 2982 cum
2112 2925 2178 2980 ad
2231 2922 2525 2996 Apostolus
2567 2922 2723 2992 dicit,
2757 2922 2895 2979 Ecce
2925 2941 2989 2980 ea:
3030 2926 3168 2979 vobis
3195 2943 3328 2980 unus
3375 2929 3448 2982 es‘t

1847 3027 2056 3074 satanas
2105 3017 2284 3090 (toan.
2331 3021 2406 3085 vi,
2450 3017 2577 3091 7i);
2613 3027 2755 3073 totus
2782 3019 2926 3073 enim
2957 3017 3063 3074 hoc
3099 3031 3263 3084 esse,
3320 3019 3447 3089 quia

137 3117 287 3171 tuber
313 3114 683 3188 (meditabor).
718 3114 961 3185 Empandi
988 3129 1174 3169 manus
1204 3131 1342 3169 metrs
1367 3115 1435 3168 ad
1458 3126 1504 3169 te
1526 3131 1544 3168 :
1565 3116 1739 3169 anima
1765 3107 1810 3174 C
1841 3121 1941 3178 per
1987 3125 2112 3167 eum
2149 3113 2490 3169 animabatur
2514 3156 2528 3179 ,
2580 3113 2885 3168 ostenditur
2916 3129 2929 3165 :
2963 3113 3035 3167 ita
3074 3121 3134 3168 et
3179 3109 3346 3168 David
3393 3117 3447 3169 in

127 3225 251 3262 mea
300 3210 430 3262 sicut
482 3217 617 3262 terra
660 3207 769 3262 sine
789 3224 925 3277 aqua
954 3208 1062 3261 tibi.
1107 3209 1431 3262 DIAI’SALMA.
1487 3207 1737 3262 Velociter

128 3302 328 3357 exaudi
357 3315 455 3367 me,
482 3300 723 3364 Domine,
747 3302 929 3372 defecit
955 3301 1167 3365 spiritus
1195 3315 1353 3354 meus.
1391 3297 1512 3353 Nan
1540 3311 1737 3353 avertas

127 3395 326 3462 flat-ient
352 3401 494 3445 tuam
526 3407 556 3445 a
582 3408 664 3445 me
695 3405 712 3446 :
740 3402 783 3445 et
812 3391 998 3444 similis
1029 3405 1114 3444 ero
1142 3390 1558 3444 descendentibus
1576 3391 1633 3443 in
1660 3391 1739 3443 la-

125 3501 272 3541 vitat.
305 3485 546 3539 Auditum
596 3488 680 3556 [ac
722 3485 849 3538 mihi
892 3500 1042 3539 mane
1082 3484 1493 3538 misericordiam
1536 3493 1673 3536 tuan:
1717 3499 1736 3537 :

128 3580 260 3650 “quia
283 3579 338 3632 in
371 3587 417 3631 te
437 3581 658 3646 speravi,
688 3576 910 3631 Domine
938 3577 1114 3647 (abest
1141 3573 1403 3646 Domine).
1436 3574 1626 3630 Notam
1653 3575 1737 3644 fac

132 3671 268 3726 mihi
298 3672 432 3724 viam
457 3673 512 3724 in
542 3687 641 3740 qua
668 3670 923 3724 ambulem
949 3685 967 3723 :
989 3669 1108 3739 quia
1138 3670 1206 3722 ad
1245 3678 1293 3723 te
1328 3669 1487 3722 levavi
1512 3669 1736 3722 animum

131 3781 330 3820 meum.
367 3764 523 3834 Eripe
546 3779 631 3819 me
658 3766 720 3818 de
747 3765 971 3818 inimicis
994 3763 1138 3828 meis,
1177 3761 1414 3824 Domine,
1449 3762 1517 3814 ad
1549 3772 1593 3815 te
1621 3777 1735 3815 con-

128 3860 247 3931 fugi
283 3861 456 3913 :doce
481 3872 562 3911 me
598 3861 768 3929 facere
793 3857 1108 3911 voluntatem
1146 3864 1313 3921 tuam,
1353 3855 1473 3925 quia
1500 3863 1555 3909 tu
1594 3853 1734 3907 Deus

134 3968 278 4006 meus
309 3968 380 4004 es.
427 3950 655 4020 Spiritus
700 3959 814 4003 tuus
867 3950 1028 4002 bonus
1073 3947 1285 4001 deducet
1317 3959 1396 4000 me
1437 3949 1490 4000 in
1544 3952 1734 4001 terram

130 4051 328 4099 rectam
347 4057 554 4115 propter
579 4059 758 4097 nomen
789 4053 950 4108 tuum,
979 4039 1219 4096 Domine.
1251 4040 1550 4112 Viviﬁcabis
1573 4057 1652 4096 me
1680 4044 1733 4095 in

128 4139 377 4207 atq-uitale
424 4148 528 4192 tua.
579 4135 786 4192 Educes
832 4136 894 4190 de
923 4137 1248 4192 tribulatione
1271 4137 1504 4190 animum
1535 4149 1731 4203 meam,

127 4240 182 4287 et
215 4232 268 4285 in
296 4231 649 4284 misericordia
680 4239 768 4283 tua
792 4229 1055 4300 disperdes
1077 4228 1311 4282 inimicos
1337 4241 1496 4281 meos.
1525 4225 1590 4279 Et
1613 4241 1738 4295 per-

128 4326 225 4380 des
255 4339 427 4378 omnes
448 4325 535 4393 qui
557 4322 804 4376 tribulam
831 4320 1022 4392 (Infra,
1052 4337 1224 4376 omnes
1245 4321 1484 4375 inimicos
1511 4321 1597 4391 qui
1620 4336 1736 4390 per-

129 4415 454 4488 sequuntur.)
495 4417 720 4470 animum
763 4429 930 4469 meum
969 4430 988 4470 :
1026 4414 1268 4484 quoniam
1289 4427 1390 4484 ego
1419 4423 1588 4467 servus
1616 4421 1735 4467 tuus

129 4517 270 4567 sum.

567 4596 981 4654 TRACTATUS
1019 4597 1140 4653 PSA
1154 4594 1293 4650 LMI.

135 4704 144 4710 ’
212 4696 268 4751 Ι.
301 4689 505 4747 'Psalmi
531 4693 802 4762 inscriptio
827 4707 857 4744 a
887 4686 1028 4746 LXX
1059 4691 1155 4760 fuit
1190 4689 1388 4744 addita.
1425 4714 1497 4730 —-
1531 4687 1730 4743 Psalmi

129 4789 527 4861 superscriptio
547 4787 691 4842 nulla
717 4801 839 4842 esse
869 4783 1170 4841 secundum
1196 4782 1456 4837 liebrteos
1479 4781 1696 4837 videtur
1717 4797 1731 4838 :

131 4883 189 4939 id
213 4882 357 4938 enim
389 4882 455 4936 ab
484 4881 563 4936 his
605 4882 696 4950 qui
728 4889 954 4950 utraque
978 4880 1156 4949 lingua
1188 4876 1388 4931 eruditl
1414 4883 1542 4931 sunt
1569 4876 1735 4931 tradi-

129 4981 244 5035 tur.
280 4974 354 5047 (b)
387 4974 866 5043 Translatoresque
894 4973 1075 5026 cteteri
1105 4969 1247 5024 nihil
1281 4969 1502 5022 omnino
1523 4968 1598 5023 de
1648 4981 1736 5022 re-

129 5071 238 5126 bus
263 5067 470 5139 gestis,
519 5066 570 5120 id
599 5073 720 5133 est,
777 5063 1074 5119 Abessalon
1126 5062 1178 5116 in
1233 5059 1398 5116 David
1445 5058 1619 5130 patris
1650 5061 1732 5114 sui

131 5161 492 5218 insectatione
517 5158 871 5229 scripserunt.
895 5155 1003 5213 Sed
1026 5155 1078 5209 lii
1097 5153 1436 5225 septuaginta
1459 5151 1727 5220 seniores,

231 5298 284 5372 α)
309 5298 423 5372 Ms.
439 5297 854 5372 salgiﬁcatorem.
1148 5367 1159 5372 _
1323 5363 1344 5372 _
1649 5361 1682 5372 η

231 5320 261 5354 a
309 5298 407 5354 Ms.
439 5298 854 5362 salviﬁcatorem.

207 5298 285 5444 ibi
321 5371 448 5425 Bad.
499 5363 1378 5444 Translatoresque_ca:terique._ln
1428 5363 1547 5444 aliis
1597 5361 1726 5420 edit.

134 5435 495 5502 Translatores
546 5442 826 5511 cwterique.
866 5435 1055 5494 Verius
1094 5449 1223 5511 mss.
1276 5435 1733 5511 Wansltttoresqtte

134 5515 342 5578 creari,
378 5513 629 5566 nimirum
659 5507 922 5583 quotquot
969 5519 1164 5583 praeter
1189 5507 1537 5583 Septuaginta
1582 5508 1726 5583 psal:

135 5587 338 5644 terium
362 5597 427 5638 ex
453 5578 990 5646 hebrum-verterunt,
1015 5583 1072 5634 ut
1095 5578 1347 5650 liquet—ex
1375 5578 1728 5650 sUbscqiienti

135 5665 396 5720 tramatu,
415 5669 468 5709 n.
504 5653 555 5709 l.
583 5651 677 5724 Sic
699 5661 754 5711 et
783 5652 1158 5724 Theodoretus
1183 5649 1251 5706 de
1273 5649 1685 5724 tituloluquens
1713 5666 1726 5702 ε

137 5729 327 5800 Neque
349 5715 490 5796 apud
520 5723 809 5796 Hebreum,
839 5720 1034 5794 inquit,
1059 5719 1385 5792 nequeam?
1420 5715 1552 5775 alios
1565 5719 1734 5776 inter-

1839 3205 2140 3261 Abessalun
2173 3219 2288 3271 eos,
2326 3219 2421 3275 per
2451 3217 2586 3275 quos
2616 3205 2920 3260 Abessalon
2950 3213 3034 3260 est
3059 3205 3202 3270 talis,
3237 3203 3444 3260 intelli-

1839 3301 1936 3368 git.
1956 3295 2022 3351 'Et
2044 3299 2166 3368 quia
2186 3297 2296 3367 jam
2324 3299 2375 3352 in
2400 3299 2563 3353 tertio
2585 3299 2789 3366 psalmo
2835 3298 2991 3351 latior
3022 3296 3147 3351 hinc
3185 3291 3285 3351 fuit
3326 3310 3442 3352 scr-

1839 3387 2094 3466 mo(Non
2117 3402 2280 3446 exstat
2310 3393 2391 3445 hic
2422 3389 2713 3463 tractatus);
2735 3407 2881 3446 nunc
2902 3390 3094 3462 psalmi
3117 3391 3278 3461 ipsius
3304 3390 3446 3446 dicta

1842 3492 2135 3540 tractemus
2160 3486 2252 3551 ita,
2271 3492 2330 3539 ut
2345 3484 2749 3540 meminerimus
2763 3485 2964 3552 omnia,
2980 3499 3331 3555 quaecumque
3346 3485 3444 3541 sub

1841 3581 2116 3649 propheta:
2147 3580 2369 3633 nomine
2397 3579 2668 3644 dicentur,
2695 3581 2856 3634 etiam
2905 3581 2971 3633 ad
3014 3591 3303 3650 personam
3338 3581 3446 3636 Do-

1841 3671 1971 3725 mini
2003 3687 2123 3728 esse
2160 3672 2443 3728 referenda
2472 3692 2484 3728 :
2515 3673 2605 3744 qui
2636 3687 2694 3728 se
2724 3684 2786 3726 ex
2829 3672 3004 3727 forma
3032 3671 3126 3728 Dei
3151 3686 3439 3742 evacuans,

1839 3767 1901 3820 ac
1924 3763 2154 3820 'formam
2187 3764 2332 3822 servi
2363 3779 2668 3833 assumens,
2698 3767 2970 3822 infirmum
3002 3777 3217 3823 natura:
3241 3778 3443 3824 nostra:

1839 3859 2113 3916 hominem
2145 3861 2306 3916 etiam
2343 3873 2522 3932 usque
2554 3861 2619 3916 ad
2659 3862 2920 3934 ignorata:
2950 3863 3057 3919 diei
3102 3872 3264 3936 atque
3297 3864 3443 3921 liora:

1838 3963 1950 4008 Sua:
1981 3955 2258 4009 scientiam
2289 3956 2358 4010 sit
2382 3953 2682 4026 professus.

1907 4043 1964 4101 '5.
2007 4047 2210 4101 Ὀταηαί
2232 4050 2537 4118 exemplum.
2565 4047 2704 4102 Deus
2731 4067 2830 4104 non
2859 4059 2933 4104 est
2961 4045 3164 4103 invidus
3187 4062 3275 4105 aut
3305 4067 3443 4121 prte-

1841 4138 2003 4191 dtrras
2016 4138 2444 4208 judex.—VERS.
2475 4141 2524 4194 l:
2550 4137 2715 4206 Deus,
2743 4137 2930 4195 extrudi
2952 4143 3232 4196 orationem
3255 4159 3439 4210 nteant,

1839 4228 2049 4284 auribus
2092 4233 2297 4303 percipe
2343 4233 2743 4286 obsecrationem
2772 4249 2976 4287 meam:
3008 4234 3062 4287 in
3112 4234 3319 4288 ueritate
3356 4244 3442 4289 tua

1841 4323 2028 4377 exaudi
2052 4337 2152 4391 me,
2202 4325 2254 4377 in
2291 4333 2386 4378 tua
2413 4325 2629 4391 iustitia.
2661 4321 2905 4380 Primum
2937 4329 3238 4382 orationem
3287 4345 3441 4384 suam

1842 4416 2161 4487 deprecatur
2187 4416 2360 4472 audiri
2399 4433 2412 4472 :
2452 4419 2574 4489 quia
2611 4417 2662 4473 id
2691 4418 3010 4473 humilitatis
3057 4419 3306 4476 humana:
3334 4429 3435 4488 est,

1759 4489 1814 4558 Β
1844 4519 1901 4564 ut
1929 4509 2254 4567 audientiam
2291 4513 2382 4568 Dei
2409 4512 2496 4567 "his
2522 4527 2640 4582 quae
2669 4520 2790 4568 oret
2820 4521 3057 4583 exoptat.
3083 4512 3164 4586 (ll)
3184 4515 3441 4572 Secundo

1841 4598 2062 4667 deinde,
2094 4599 2389 4659 secundum
2417 4605 2788 4674 propheticam
2833 4605 3134 4672 scientiam,
3182 4615 3238 4661 ut
3267 4608 3320 4663 in
3347 4623 3438 4664 ve-

1843 4696 2004 4751 ritate
2047 4691 2138 4750 Dei
2191 4699 2441 4753 audiatur
2474 4701 2802 4770 eXpostula't.
2851 4699 2967 4777 Non
3016 4709 3099 4756 est
3141 4701 3262 4758 huic
3297 4701 3442 4758 lideli

1844 4789 1959 4842 viro
1995 4789 2132 4843 Deus
2157 4800 2226 4844 ex
2266 4792 2551 4846 elementis
2592 4791 2800 4859 saeculi,
2855 4807 2963 4848 non
3005 4809 3072 4848 ex
3116 4797 3300 4863 regum
3346 4812 3441 4850 no-

1845 4879 2103 4947 minibus,
2138 4891 2244 4936 non
2283 4894 2348 4937 ex
2391 4895 2579 4940 errore
2605 4881 2791 4940 smculi
2835 4885 2885 4939 in
2928 4885 3092 4954 saxis,
3124 4888 3361 4943 metallis
3389 4895 3444 4945 et

1844 4966 2042 5050 lignis:
2067 4971 2163 5027 sed
2193 4983 2352 5029 verus
2381 4973 2429 5029 ei
2453 4971 2602 5030 ‘Dcus
2641 4980 2743 5043 est,
2775 4983 3030 5042 teternus,
3073 4981 3436 5053 omnipotens,

1844 5073 1900 5120 et
1925 5066 2288 5122 universitatis
2311 5061 2560 5123 'eifecmr.
2591 5061 2770 5124 Tertia
2803 5081 3018 5140 quoque
3045 5072 3334 5142 postulatio
3358 5081 3444 5130 est

1842 5165 1901 5212 ut
1924 5158 1975 5212 in
1995 5151 2202 5230 justitia
2228 5153 2327 5215 Dei
2360 5158 2629 5216 audiatur.
2666 5153 2736 5234 (e)
2771 5159 2884 5216 Non
2921 5171 3002 5219 eSt
3023 5167 3324 5236 tyrannicae
3352 5181 3440 5223 vo—

1849 5309 2013 5380 pi'etes
2043 5301 2177 5380 hanc
2203 5301 2372 5355 inveni
2397 5304 2736 5380 additionem:
2766 5305 2921 5380 Apud
2949 5305 3331 5380 Hieronymum
3362 5312 3443 5364 in-

1847 5371 2105 5426 scribitur
2131 5372 2411 5428 dumtaxat
2435 5376 2665 5446 psalmus
2695 5375 2887 5434 David.

1922 5461 1993 5533 (c)
2027 5465 2196 5518 Abest
2223 5465 2348 5518 ordo
2375 5480 2404 5519 a
2429 5481 2559 5521 mss.
2591 5483 2704 5538 reg.
2734 5476 2790 5523 et
2813 5468 2997 5524 “bin.

1909 5551 1998 5623 '(di
2031 5552 2236 5623 “ﬂius
2251 5555 2430 5612 nudati
2447 5561 2580 5612 cum
2606 5553 2788 5614 Albin.
2811 5561 3044 5627 'tlsqu‘ettti
3071 5557 3271 5611 deinde.

1915 5642 1989 5720 (ζε)
2026 5642 2082 5698 in
2106 5640 2384 5720 proauis
2421 5661 2556 5706 mss.
2593 5655 2693 5704 non
2717 5659 2790 5704 est
2830 5656 3001 5701 orator
3031 5648 3122 5716 (an
3166 5644 3438 5720 auditor?)

1844 5716 2032 5772 invida:
2056 5717 2331 5774 voluntatis
2361 5719 2516 5774 Deus.
