3984 6208
582 190 689 248 839

1800 185 2043 244 SANGTI
2083 168 2340 245 tutan"
2380 184 2683 247 EPISCOPI
3777 191 3851 250 sto

589 303 809 360 luntatis
831 302 991 369 Deus,
1025 315 1130 356 non
1155 299 1415 371 prmdurae
1447 307 1502 356 et
1529 300 1726 372 iniqua:
1757 301 2068 372 pertinacia:
2097 318 2178 357 ar-
2206 303 2254 363 A
2285 312 2369 358 tur
2393 317 2513 358 esse
2545 300 2855 369 meditatur,
2899 300 3077 371 qualis
3113 300 3228 370 ille,
3261 301 3338 376 (c)
3369 299 3462 373 qui
3502 316 3531 358 a
3564 302 3682 360 Deo
3718 303 3853 363 factus

588 396 761 462 biter;
795 395 890 450 scd
921 394 1012 464 qui
1041 393 1304 448 rationem
1335 391 1532 447 habeat
1553 392 1882 448 infirmitatis
1907 392 2177 449 humanm:

588 504 764 560 neque
791 488 879 558 qui
910 487 1007 542 hos
1027 486 1371 542 demutabilis
1400 493 1604 542 natura:
1651 498 1852 542 nosme
1896 488 2184 556 promptis-

586 584 753 638 simos
774 581 958 650 lapsus
980 579 1274 636 secundum
1306 578 1706 635 indemutabilis
1734 580 2049 635 substantia:
2071 595 2183 635 sua:

587 675 904 734 indeﬂexam
926 676 1280 731 constantiam
1300 674 1590 740 metiatur;
1617 673 1712 730 sed
1732 675 1908 744 justus
1929 682 1986 730 et
2005 674 2184 730 mode-

585 785 714 826 rans
743 777 949 824 tantum
980 769 1048 824 ab
1073 768 1290 824 homine
1321 777 1633 840 exspectet,
1681 778 1942 838 quantum
1987 769 2182 823 memi-

587 861 730 918 nerit
759 861 1006 916 humana:
1035 859 1200 915 licere
1221 869 1449 914 naturae.

657 951 712 1007 4.
759 951 1075 1008 InnOcentite
1105 952 1323 1006 hominis
1361 967 1513 1022 quam
1544 951 1705 1006 multa
1740 950 2068 1006 insidientur.
2114 977 2184 990 —-

587 1045 658 1102 Et
687 1045 808 1102 ideo
836 1046 1065 1114 subjecit
1089 1046 1157 1100 ad
1205 1046 1280 1112 id,
1335 1045 1479 1116 quod
1522 1059 1582 1101 se
1621 1046 1674 1100 in
1711 1044 1917 1115 iustitia
1948 1044 2040 1099 Dei
2071 1058 2189 1098 ora-

587 1141 664 1196 vit
684 1138 880 1205 audiri,
909 1139 1072 1194 νεεδ.
1091 1138 1161 1192 2:
1184 1137 1253 1193 Et
1269 1156 1371 1194 non
1390 1140 1546 1194 intres
1567 1139 1620 1193 in
1636 1139 1892 1212 judicium
1905 1153 2020 1190 cum
2043 1152 2186 1192 servo

588 1244 675 1288 tuo
702 1250 720 1288 :
743 1235 864 1304 quia
884 1249 985 1288 non
1005 1233 1380 1304 justi/imbitur
1409 1234 1461 1288 in
1482 1243 1757 1305 conspectu
1799 1242 1884 1286 tuo
1913 1231 2079 1286 omnis
2105 1231 2179 1285 vi-

586 1345 723 1384 vens.
757 1327 896 1397 Quid
923 1328 1069 1384 enim
1101 1329 1217 1398 Spei
1249 1338 1350 1393 est,
1385 1330 1430 1384 si
1472 1328 1716 1398 judicare
1759 1342 1858 1383 nos
1885 1325 2183 1382 secundum

587 1438 646 1479 se
669 1423 810 1479 Deus
836 1424 986 1486 velit.
1037 1425 1081 1477 si
1112 1423 1181 1478 ad
1210 1423 1674 1494 comparationem
1706 1421 1788 1478 sui
1820 1421 1941 1476 vita:
1986 1429 2186 1478 nostra:

587 1517 948 1574 innocentiam
968 1517 1279 1588 postulabit.
1299 1516 1590 1572 Justiﬁcari
1613 1525 1791 1572 autem
1817 1517 1868 1571 in
1888 1523 2185 1587 conspectu

589 1609 687 1666 Dei
733 1612 852 1682 quis
894 1611 1190 1666 viventium
1235 1612 1452 1682 potest?
1494 1610 1582 1667 cui
1614 1613 1714 1678 ira,
1746 1611 1829 1667 cui
1876 1609 2055 1678 dolor,
2090 1609 2176 1665 cui

2288 405 2391 461 est,
2427 397 2518 450 fuit
2545 407 2669 452 ante
2693 405 2994 468 peccatum.
3018 397 3142 452 'Per
3169 397 3310 468 quod
3349 399 3470 468 quia
3501 413 3612 454 non
3645 411 3853 456 mortuus

2287 488 2491 558 surculi,
2517 488 2610 544 sed
2641 498 2910 560 tamquam
2940 496 3184 546 mortuus
3207 489 3387 545 sa:culi
3433 489 3486 544 in
3521 490 3767 547 obscuris
3797 506 3854 550 est

2287 581 2603 645 collocatus,
2621 580 3208 652 meditabitursemper;
3223 589 3278 638 et
3291 581 3639 638 meditabitur
3655 599 3849 655 semper,

2287 674 2410 744 quia
2457 675 2800 746 antiquorum
2825 673 3033 731 dierum
3065 691 3294 742 memor,
3347 675 3429 747 (ά)
3457 678 3559 731 scit
3587 693 3687 748 per
3709 686 3850 734 trans-

2286 769 2618 839 gressionem
2645 768 2778 838 legis
2803 779 3030 824 mortem
3057 767 3310 825 introisse
3334 769 3566 840 peccati.

2363 861 2414 915 7.
2459 859 2625 915 Homo
2648 861 2834 916 sterilis
2860 869 2933 914 est
2953 861 3062 915 sine
3092 860 3187 915 Dei
3213 863 3402 931 gratia.
3435 890 3506 902 —
3538 861 3596 918 In
3621 876 3688 918 eo
3707 871 3850 918 autem

2287 954 2431 1025 quod
2463 965 2516 1009 et
2555 969 2765 1010 memor
2803 956 3144 1026 antiquorum
3188 953 3423 1020 dierum,
3464 965 3519 1012 et
3549 956 3605 1012 in
3634 959 3850 1027 operibus

2293 1045 2389 1102 Dei
2435 1046 2726 1103 meditatus
2767 1057 2872 1113 est,
2922 1055 3082 1118 atque
3131 1047 3502 1114 meditabitur,
3557 1064 3847 1120 quamquam

2291 1155 2387 1209 per
2415 1139 2572 1195 tidem
2602 1153 2753 1194 suam
2784 1139 3033 1209 cmperit,
3069 1147 3247 1195 tamen
3280 1155 3386 1195 non
3424 1139 3702 1210 proprium
3726 1155 3847 1196 suum

2289 1249 2430 1300 esse,
2461 1249 2528 1290 ne
2561 1233 2800 1290 insolens
2839 1234 3212 1301 existimetur,
3251 1235 3347 1291 sed
3383 1252 3478 1305 per
3503 1236 3762 1292 auxilium
3787 1237 3852 1291 Dei

2289 1326 2357 1380 ad
2392 1341 2550 1398 quem
2590 1326 2765 1382 oravit
2793 1325 2896 1382 sibi
2935 1325 3202 1382 indultum
3239 1342 3359 1384 esse
3407 1327 3760 1394 demonstrat,
3797 1329 3853 1383 di-

2289 1433 2442 1485 cens,
2461 1419 2626 1475 Vsus.
2653 1418 2687 1473 6
2713 1435 2727 1473 :
2751 1417 2996 1488 Expandi
3019 1435 3206 1474 manus
3220 1437 3355 1474 meas
3379 1421 3447 1475 ad
3469 1430 3517 1475 te
3541 1438 3561 1476 :
3587 1423 3754 1476 anima
3774 1437 3853 1474 mea

2288 1516 2420 1570 sicut
2449 1524 2584 1569 terra
2612 1516 2722 1569 sine
2747 1531 2900 1585 aqua.
2931 1515 3098 1570 Terra
3135 1515 3254 1572 sine
3285 1531 3423 1587 aqua
3463 1517 3622 1572 arida
3661 1526 3715 1572 et
3751 1517 3852 1572 inle-

2289 1605 2462 1662 cunda
2495 1615 2598 1675 est,
2627 1614 2683 1661 et
2706 1605 2918 1677 irrigari
2957 1622 3078 1662 sese
3113 1622 3329 1677 semper
3355 1608 3530 1664 imbre
3561 1609 3750 1680 pluvia:
3770 1624 3850 1665 co:-

587 1702 871 1774 cupiditas,
918 1704 1000 1760 cui
1031 1703 1318 1776 ignoratio,
1365 1704 1452 1760 cui
1483 1702 1716 1769 oblivio,
1749 1703 1834 1758 cui
1877 1716 2067 1766 casus,
2101 1701 2186 1758 cui
2217 1691 2263 1751 Β
2291 1698 2442 1754 lestis
2473 1705 2748 1768 exspectat
2775 1718 2789 1756 :
2819 1699 2892 1754 ita
2923 1711 2977 1754 et
2997 1699 3166 1754 sancti
3193 1701 3369 1755 anima
3399 1712 3614 1756 natura:
3635 1717 3740 1758 sure
3758 1715 3850 1758 con-

589 1795 883 1851 necessitas
912 1797 994 1851 vel
1021 1811 1116 1867 per
1144 1804 1390 1852 naturam
1421 1795 1696 1865 corporis,
1727 1795 1811 1850 vel
1855 1809 1950 1861 per
1977 1803 2182 1849 motum

2309 1792 2440 1854 scia,
2458 1792 2845 1847 immadescere
2857 1806 2915 1847 se
2930 1791 3074 1847 dono
3089 1792 3255 1847 divini
3275 1792 3476 1864 eloquii
3500 1793 3764 1850 desiderat
3781 1812 3792 1847 :
3807 1793 3851 1849 de

587 1888 782 1943 anima:
812 1901 1028 1958 semper
1064 1887 1372 1943 ﬂuctuantis
1420 1887 1655 1942 admixta
1697 1886 1766 1940 sit
1794 1903 1806 1938 :
1838 1885 1922 1940 cui
1950 1893 1998 1940 et
2045 1897 2185 1953 quo-
2284 1901 2391 1956 quo
2419 1885 2627 1957 Moyses
2653 1883 2749 1949 ait,
2774 1883 3121 1955 Exspectatur
3143 1887 3277 1940 sicut
3299 1889 3478 1956 pluvia
3499 1887 3848 1953 dictumnteunt,

587 1980 719 2036 tidie
759 1981 1111 2052 gravissimus
1161 1980 1332 2036 hostis
1379 1981 1697 2046 immineat,
1747 1977 2188 2049 diabolusﬁoe

589 2073 841 2131 videlicet
870 2077 1064 2129 anima:
1091 2074 1192 2128 viri
1224 2073 1396 2130 ﬁdelis
1427 2072 1709 2138 insidians,
1756 2087 1985 2142 eamque
2015 2069 2082 2124 ad
2105 2069 2188 2123 in-

589 2168 805 2222 teritum
833 2165 1202 2236 persequens?
1235 2165 1384 2220 Hauc
1427 2166 1569 2220 enim
1614 2179 1736 2220 esse
1762 2178 1981 2218 causam
2005 2161 2182 2226 docet,

587 2273 690 2330 qua
725 2273 884 2313 nemo
911 2259 1099 2312 vivens
1138 2256 1425 2327 justiﬁcari
1454 2256 1508 2311 in
1533 2266 1828 2324 conspectu
1866 2253 1960 2309 Dei
1992 2253 2183 2324 possit.

591 2351 739 2407 Vens
765 2353 818 2406 5.
872 2350 1006 2419 Quia
1034 2361 1327 2422 persecutus
1365 2359 1438 2404 est
1481 2348 1719 2402 inimicus
1745 2348 1970 2400 animam
1999 2361 2186 2409 meam,

591 2445 879 2500 humiliavit
902 2445 958 2499 in
1003 2453 1139 2499 terra
1167 2445 1317 2498 vitam
1347 2459 1532 2506 meam,
1566 2443 1830 2497 collocavit
1877 2457 1958 2496 me
2003 2441 2058 2495 in
2101 2438 2191 2494 ob-

598 2539 764 2594 scuris
811 2538 940 2592 sicut
969 2548 1202 2592 mortuos
1231 2537 1426 2592 sceculi.
1477 2535 1790 2593 Obscuritas
1813 2550 1908 2605 per
1949 2532 2191 2605 corporis

593 2635 723 2689 vitia
746 2633 1038 2689 effunditur
1066 2651 1080 2692 :
1111 2643 1168 2689 et
1191 2648 1314 2690 cum
1345 2648 1440 2704 per
1467 2632 1672 2688 diaboli
1701 2633 1924 2703 laqueos
1952 2630 2006 2685 in
2037 2629 2192 2700 cupi-

589 2725 786 2782 ditates
810 2725 990 2780 carnis
1021 2724 1310 2780 incidimus
1330 2765 1346 2790 ,
1376 2739 1407 2778 a
1445 2724 1772 2795 cognitionis
1817 2723 1942 2778 luce
1974 2719 2189 2792 depulsi

591 2815 646 2872 in
677 2816 923 2872 obscuris
950 2815 1304 2881 collocamur,
1333 2815 1613 2886 gentilium
1645 2815 1886 2872 tenebris
1919 2812 2181 2879 demersi,

591 2921 649 2968 et
673 2910 1010 2968 saecularium
1040 2926 1265 2981 operum
1295 2919 1453 2965 nocte
1473 2909 1701 2965 detenti.

2287 1991 2334 2036 et
2370 1982 2677 2036 descendant
2705 1982 2838 2035 sicut
2858 1998 2943 2035 ros
2965 1982 3118 2035 verba
3147 1997 3278 2046 mea,
3306 1991 3362 2034 ut
3399 1983 3579 2050 pluvia
3603 1997 3748 2050 super
3769 1998 3851 2051 gra-

2288 2089 2426 2140 men,
2440 2083 2560 2128 etut
2579 2075 2718 2129 nives
2739 2089 2890 2146 super
2903 2074 3092 2144 [renum
3116 2072 3296 2147 (Deut.
3314 2089 3484 2141 χχχιι,
3504 2073 3751 2144 9.).Arens
3761 2085 3852 2140 ergo

2289 2177 2344 2225 et
2367 2170 2556 2226 sitiens
2581 2169 2778 2235 anima,
2797 2170 2886 2223 tali
2906 2169 3234 2239 prepbeticae
3257 2168 3522 2224 doctrina:
3548 2164 3850 2238 imbrem

2289 2261 2624 2332 perfunditur
2662 2279 2673 2314 :
2708 2271 2766 2317 ut
2795 2268 3002 2316 mortua
3035 2260 3286 2330 etjejuna
3307 2260 3563 2316 ariditate
3591 2271 3792 2325 naturae,
3816 2259 3850 2312 in

2289 2355 2484 2410 uberes
2497 2354 2702 2410 fructus
2713 2361 3106 2425 praeceptorum
3143 2353 3236 2408 Dei
3252 2353 3562 2424 cognitione
3587 2353 3849 2409 revirescst.

2361 2445 2415 2501 8.
2446 2443 2564 2500 Cito
2595 2445 2808 2500 dissolvi
2831 2455 2880 2500 et
2908 2462 3024 2499 cum
3055 2444 3262 2499 Christo
3301 2460 3409 2501 esse
3441 2455 3590 2516 optat
3634 2444 3849 2516 praphets.

2293 2567 2360 2579 -—
2385 2536 2505 2593 Jam
2532 2538 2584 2592 in
2609 2538 2695 2593 his
2717 2553 2839 2608 qua:
2874 2547 3173 2608 sequuntur
3205 2538 3453 2592 humana:
3499 2537 3629 2594 ﬁdei
3667 2545 3718 2593 et
3759 2549 3850 2591 con-

2299 2633 2546 2689 scientia:
2573 2631 2844 2688 confessio
2859 2640 2963 2693 est,
2997 2647 3091 2700 per
3118 2630 3431 2700 diapsalma:
3461 2629 3850 2687 intercessionem
3905 2625 3907 2694 ξ

2291 2724 2624 2794 impatientia
2653 2724 2952 2795 prophetici
2979 2723 3235 2779 desiderii
3261 2733 3596 2779 monstrata.
3650 2721 3789 2777 Vens.
3814 2719 3848 2772 7.

2300 2815 2552 2871 Velociter
2599 2817 2786 2871 exaudi
2811 2833 2909 2886 me,
2960 2813 3199 2881 Domine,
3246 2816 3429 2887 defecit
3468 2817 3686 2888 spiritus
3727 2827 3848 2867 incus.

2290 2908 2464 2964 Maras
2492 2910 2734 2981 corporis
2759 2911 2846 2966 sui
2879 2909 3156 2979 Propheta
3189 2925 3295 2964 non
3330 2912 3537 2980 patitur
3572 2929 3586 2966 :
3624 2918 3676 2965 et
3702 2921 3851 2964 secun-

661 3004 717 3060 5.
763 3003 936 3078 Hujus
964 3005 1192 3058 tenebras
1211 3005 1297 3074 qui
1323 3003 1550 3073 appellat
1572 3003 1648 3057 vir
1675 3001 1944 3074 spiritalis.
1978 3029 2048 3040 --
2076 2998 2184 3055 Sed
2232 3075 2259 3078 Α
2290 3002 2416 3058 dum
2446 3002 2576 3058 illud
2623 3003 2868 3076 Apostoli
2900 3021 2913 3056 :
2956 3003 3182 3057 Dissolvi
3226 3019 3304 3057 me
3343 3004 3530 3058 melius
3572 3013 3664 3069 est,
3703 3011 3747 3058 et
3768 3013 3852 3054 cunt

592 3075 982 3168 quantumlibet
1013 3111 1344 3166 persequens
1373 3094 1607 3150 animam
1636 3094 1904 3160 inimicus,
1937 3101 1993 3150 et
2017 3093 2192 3149 humi-
2217 3075 2262 3138 ί)
2296 3095 2498 3152 Christo
2521 3113 2631 3152 esse
2673 3095 2843 3168 (Phil.
2875 3113 2913 3164 ι,
2942 3096 3060 3170 25),
3108 3106 3164 3151 et
3187 3096 3315 3151 illud
3341 3139 3356 3164 ,
3398 3095 3563 3153 Miser
3596 3113 3682 3170 ego
3717 3097 3847 3158 homo,

595 3189 730 3245 lians
757 3190 809 3243 in
853 3203 1084 3259 corpore
1112 3197 1382 3260 tamquam
1416 3198 1687 3244 mortuum
1733 3187 1916 3242 saeculi
1961 3185 2194 3243 collocet

593 3280 647 3337 in
675 3282 942 3347 obscuro;
977 3282 1234 3350 spiritalis
1268 3291 1448 3336 tamen
1476 3281 1576 3335 viri
1605 3280 1851 3335 anxietas
1881 3278 1965 3334 his
1994 3291 2191 3348 corpo-

593 3374 668 3430 ris
699 3373 936 3430 tenebris
967 3372 1044 3446 (a)
1078 3389 1182 3427 non
1233 3381 1482 3440 tenetur,
1528 3381 1584 3428 et
1627 3385 1722 3426 cor
1761 3385 1922 3441 super
1950 3369 2052 3426 hac
2078 3369 2194 3440 ipsa

594 3475 798 3523 natura:
833 3481 946 3522 sum
980 3464 1293 3521 infirmitate
1337 3468 1616 3529 turbatur,
1659 3477 2073 3534 repugnansque
2109 3461 2194 3516 vi-

594 3557 682 3614 tiis
703 3558 976 3614 hominem
1003 3572 1160 3612 suum
1191 3557 1243 3612 in
1278 3556 1591 3611 memoriam
1623 3555 1812 3626 prima:
1851 3569 1964 3610 sua:
1989 3552 2195 3609 consti-

594 3649 813 3705 tutionis
843 3657 897 3703 et
941 3648 995 3702 in
1036 3647 1439 3704 meditationem
1489 3647 1582 3702 Dei
1625 3661 1851 3718 operum
1899 3645 2190 3702 convertit.

594 3735 711 3794 Non
739 3739 883 3794 enim
927 3753 1050 3792 eum
1083 3738 1338 3793 inimicus
1386 3739 1438 3793 in
1489 3737 1739 3794 obscuris
1786 3746 2059 3792 mortuum
2087 3751 2195 3794 sa:-

595 3831 726 3896 culi,
767 3829 862 3884 sed
894 3839 1161 3899 tamquam
1193 3838 1468 3883 mortuum
1502 3829 1691 3884 sa'culi
1743 3829 2067 3884 collocavit:
2103 3843 2197 3899 per

595 3923 740 3996 quod
768 3925 991 3980 libertas
1023 3924 1246 3994 spiritus
1275 3939 1493 3996 semper
1523 3925 1576 3980 in
1603 3940 1662 3980 se
1688 3923 1838 3980 anxii
1864 3933 2189 3981 reservatur.

666 4017 720 4074 6.
762 4015 1048 4072 Meditandi
1076 4017 1330 4072 materies.
1377 4014 1544 4070 Facta
1572 4033 1812 4072 manuum
1863 4016 1980 4086 Dei,
2014 4017 2187 4074 homo.

593 4141 666 4153 —
690 4109 749 4167 1d
775 4109 918 4166 enim
933 4110 1199 4182 sequitur,
1220 4108 1392 4166 Vsus.
1420 4112 1456 4168 5
1483 4119 1538 4165 et
1562 4109 1596 4164 ι
1622 4129 1635 4165 :
1661 4107 1729 4166 Et
1752 4111 1989 4167 cruciatus
2013 4121 2088 4167 est
2113 4110 2191 4186 (b)

593 4224 748 4278 super
773 4223 854 4262 me
877 4207 1089 4276 spiritus
1115 4222 1253 4260 nscas
1279 4221 1297 4260 :
1321 4206 1375 4260 in
1405 4205 1756 4261 meturbatum
1783 4215 1859 4261 est
1883 4223 1971 4261 cor
1998 4223 2186 4262 meum.

601 4297 796 4356 Memor
820 4301 896 4371 fui
920 4298 1119 4354 dierum
1145 4300 1510 4370 antiquorum,
1554 4300 1828 4353 meditatus
1858 4315 1970 4353 sum
1999 4299 2056 4354 in
2079 4316 2190 4354 om-

593 4393 742 4450 nibus
772 4395 1007 4464 operibus
1027 4393 1148 4473 tuis,
1175 4393 1227 4446 in
1255 4393 1405 4464 {actis
1447 4409 1695 4448 manuum
1723 4402 1927 4448 tuarum
1966 4393 2188 4448 medita~

2295 3191 2409 3264 quis
2437 3207 2518 3244 me
2545 3189 2777 3245 liberabit
2807 3190 2871 3242 de
2901 3205 3114 3262 corpore
3162 3193 3344 3242 mortis
3390 3190 3552 3260 hujus
3590 3188 3749 3263 (Rom.
3781 3199 3848 3250 vn,

2293 3283 2390 3356 24)
2416 3285 2440 3335 ?
2469 3296 2523 3340 et
2572 3283 2726 3351 illud,
2775 3282 2910 3349 Quia
2938 3283 2991 3335 in
3019 3283 3112 3336 hoc
3163 3283 3314 3336 veteri
3341 3281 3668 3338 tabernaculo
3705 3293 3848 3350 conqe-
3910 3277 3911 3308 ‘

2295 3379 2557 3432 miscimus
2584 3376 2928 3432 desiderantes
2955 3376 3277 3446 superindui,
3318 3376 3532 3431 twdium
3573 3377 3676 3444 ipse
3713 3375 3758 3427 in
3778 3372 3849 3425 hoc

2295 3470 2472 3525 mortis
2497 3485 2712 3542 corpore
2742 3469 2934 3540 patitur
2985 3466 3053 3539 (ll
3099 3466 3217 3522 Cor.
3247 3484 3299 3534 v,
3338 3467 3407 3539 2)
3444 3486 3458 3525 :
3504 3468 3600 3524 sed
3638 3464 3847 3522 velocita-

2297 3571 2404 3618 tem
2427 3562 2632 3628 auxilii,
2662 3560 2805 3633 quod
2841 3560 2911 3615 ob
2943 3559 3300 3616 defectionem
3328 3559 3554 3628 spiritus
3575 3558 3845 3630 deprecatur

2296 3667 2417 3709 cum
2461 3654 2627 3724 gratia
2657 3651 2823 3707 divini
2867 3651 2917 3706 in
2947 3666 3008 3706 se
3039 3649 3276 3706 muneris
3301 3659 3452 3721 optat
3494 3651 3708 3722 expleri.
3739 3642 3843 3714 Quid

2295 3746 2436 3800 enim
2485 3736 2586 3799 sibi
2633 3743 2873 3814 proderit
2919 3742 3229 3798 exauditnm
3277 3756 3400 3798 esse
3445 3743 3727 3808 velociter,
3767 3734 3844 3792 nisi

2297 3848 2566 3910 tamquam
2613 3836 2785 3893 fidelis
2827 3847 2882 3892 et
2914 3836 3024 3892 Deo
3057 3836 3273 3906 placens
3299 3844 3355 3892 et
3385 3836 3560 3892 beatis
3587 3835 3708 3892 locis
3723 3831 3842 3903 quie-

2299 3940 2447 3985 turus
2477 3929 2704 3986 excedat
2729 3943 2760 3984 e
2790 3927 3063 4000 corpore?

2372 4023 2427 4079 9.
2467 4021 2657 4089 Lacus,
2699 4022 2913 4094 paruulis
2959 4022 3120 4077 locus.
3171 4051 3241 4062 --
3287 4020 3356 4076 Et
3385 4020 3586 4077 idcirco
3613 4013 3836 4075 ait:Non

2293 4124 2492 4169 avertas
2535 4115 2716 4184 faciem
2741 4131 2774 4168 a
2799 4129 2879 4168 me
2905 4129 2924 4168 :
2953 4124 2998 4169 et
3041 4115 3227 4169 similis
3257 4130 3342 4168 ero
3393 4110 3783 4170 descendentibus
3801 4106 3840 4158 in

2293 4209 2480 4263 lacum.
2509 4208 2706 4264 Lacum
2744 4207 3013 4279 poenalem
3059 4207 3351 4265 inferorum
3402 4208 3579 4264 locum
3614 4204 3838 4274 Scriptura

2294 4313 2683 4359 commemorat
2705 4310 2795 4359 :ut
2813 4303 2863 4357 in
2888 4301 2974 4358 his
2997 4302 3216 4372 psalmis
3237 4303 3312 4358 ait
3344 4319 3356 4354 :
3393 4301 3493 4368 Tu,
3521 4301 3736 4362 Domine,
3754 4295 3840 4349 obt-

2304 4397 2507 4451 trazisti
2531 4395 2594 4450 ab
2645 4396 2852 4467 inferno
2893 4401 3120 4450 animum
3168 4412 3356 4464 meam,
3403 4390 3836 4464 servastimehtub

593 4487 703 4542 bar.
738 4487 854 4543 Scit
881 4471 1109 4543 Adam'a
1137 4485 1357 4542 diabolo
1378 4495 1633 4556 captum;
1669 4494 1722 4542 et
1751 4485 1956 4542 idcirco
1983 4501 2192 4542 memor
2221 4471 2272 4533 Ῑ)
2299 4487 2544 4559 salvasti)
2599 4504 2632 4541 a
2675 4488 3092 4544 descendentibus
3131 4490 3184 4543 in
3211 4489 3379 4544 lacum
3408 4489 3584 4562 (Psal.
3610 4502 3733 4549 xxix,
3766 4480 3838 4582 «υς

591 4586 678 4634 est
703 4579 1047 4649 antiquorum
1078 4577 1313 4634 dierum.
1354 4577 1468 4634 Scit
1511 4593 1636 4633 eum
1667 4593 1764 4648 per
1804 4580 2189 4650 transgressio-

590 4685 714 4726 nem
759 4669 892 4740 legis
928 4669 1236 4725 constituta:
1264 4678 1320 4724 et
1353 4681 1384 4722 a
1419 4667 1867 4737 promissionibus
1910 4669 2008 4742 Dei
2039 4681 2095 4726 et
2122 4670 2191 4726 ab

590 4763 826 4820 incolatur
856 4761 1087 4833 paradisi
1133 4759 1430 4827 excidisse,
1461 4770 1516 4816 et
1546 4761 1668 4818 ideo
1710 4777 1922 4820 memor
1950 4772 2037 4820 est
2061 4779 2190 4838 ope-

590 4876 708 4918 rum
735 4861 848 4916 Dei.
869 4859 981 4915 Scit
1003 4873 1110 4914 non
1139 4855 1392 4914 sufficere
1414 4871 1480 4914 ex
1504 4857 1779 4928 praeterito
1803 4859 2187 4928 innocentiam,

589 4952 682 5008 sed
728 4953 946 5008 beatum
992 4964 1114 5006 esse
1143 4948 1235 5022 qui
1265 4963 1435 5020 usque
1465 4949 1516 5004 in
1557 4947 1720 5006 tinem
1765 4949 2028 5006 innocens
2069 4965 2192 5007 esse

589 5043 981 5118 permanserit;
1011 5053 1068 5098 et
1095 5042 1220 5099 ideo
1247 5042 1300 5097 in
1341 5041 1502 5098 factis
1531 5041 1626 5099 Dei
1663 5057 1916 5099 manuum
1963 5041 2191 5098 medita-

589 5136 752 5194 bitur.
793 5135 956 5192 Facta
981 5150 1238 5191 manuum
1281 5133 1374 5190 Dei
1417 5134 1582 5191 homo
1617 5134 1736 5205 ipse
1761 5145 1846 5192 est
1873 5152 1887 5188 :
1918 5135 2007 5205 qui
2039 5144 2190 5205 post-

585 5247 747 5307 quam
775 5229 1038 5304 peccavit,
1067 5230 1270 5301 peccati
1292 5244 1484 5287 servus
1507 5228 1736 5286 etfectus
1761 5236 1868 5286 est.
1909 5225 2060 5284 Talis
2089 5228 2192 5300 igi-

656 5412 742 5561 (ﬂ;
772 5412 924 5540 apud
947 5411 1072 5496 ξπ.
1101 5411 1406 5468 continetur.

664 5489 717 5561 (b
773 5557 804 5561 _
833 5503 878 5561 s.
910 5485 1117 5561 Mtc._in
1142 5499 1244 5538 me.
1265 5553 1296 5561 η

664 5485 742 5561 (b)
779 5485 878 5540 Ms.
910 5485 1032 5540 Μία.
1060 5485 1117 5538 in
1142 5499 1244 5538 me.

657 5563 734 5630 (ε)
771 5557 911 5643 82d;
936 5568 989 5643 es
1030 5553 1439 5643 Euasit???
1481 5541 1936 5643 uesanam
1976 5554 2174 5643 deinde

585 5628 721 5769 ﬁn.
737 5629 847 5700 qui)
885 5629 1050 5699 [auus
1087 5628 1207 5697 fuit,
1234 5628 1436 5682 omisso
1463 5635 1554 5693 est,
1588 5628 1732 5696 quod
1770 5639 1836 5682 ex
1884 5641 2017 5686 mss.
2043 5641 2174 5700 sup-

613 5720 624 5749 »
645 5715 820 5755 emus.

613 5715 820 5755 nemus.

2295 4580 2435 4651 Ergo
2481 4579 2583 4634 nisi
2629 4579 2790 4637 facies
2843 4581 2959 4650 Dei,
3005 4581 3098 4653 qui
3143 4583 3327 4652 utique
3372 4583 3612 4639 Christus
3638 4586 3739 4644 est,
3765 4579 3836 4646 qui

2293 4671 2470 4743 imago
2503 4673 2595 4728 Dei
2625 4672 2918 4729 invisibilis
2963 4681 3067 4739 est,
3101 4675 3389 4746 unicuique
3415 4683 3598 4732 sancto
3619 4665 3836 4729 adiuerit;

2292 4766 2398 4821 erit
2450 4765 2559 4821 illis
2605 4767 2825 4836 similis,
2877 4768 2966 4839 qui
3020 4781 3195 4838 pmna:
3224 4766 3725 4840 infernideputatie
3755 4760 3838 4817 vita

2295 4858 2396 4915 hac
2423 4859 2538 4914 sine
2565 4874 2664 4928 spe
2691 4861 2888 4931 quietis
2919 4862 3266 4918 excesserint.

2368 4952 2454 5008 10.
2500 4953 2940 5010 Resurrectionem
2961 4964 3129 5027 sperat
3155 4957 3422 5028 propheta.
3453 4984 3524 4997 —
3550 4951 3650 5012 Sed
3668 4949 3728 5006 de
3764 4953 3837 5015 5P°

2293 5058 2388 5100 sua
2420 5043 2692 5115 Propheta
2723 5059 2828 5100 non
2878 5046 3123 5117 ambigit,
3175 5062 3350 5119 neque
3375 5055 3526 5103 extra
3552 5038 3834 5113 evangelica

2293 5138 2599 5195 securitatis
2631 5137 2879 5194 ﬁduciam
2928 5151 3031 5196 εει.
3066 5139 3334 5212 Tempore
3379 5139 3592 5214 quidem
3624 5139 3726 5208 ipse
3759 5143 3834 5186 an-

2294 5231 2478 5301 terior,
2511 5231 2607 5288 sed
2634 5232 2687 5287 in
2719 5231 2910 5304 spiritu
2941 5217 3223 5305 apostolici
3247 5235 3426 5306 gaudii
3463 5234 3537 5307 (ε)
3567 5231 3830 5306 particeps;

2365 5411 2445 5488 (d)
2468 5411 2524 5488 In
2546 5412 2795 5488 vulgatis,
2818 5429 3012 5488 memor
3033 5414 3116 5470 sit.
3143 5412 3328 5488 Longe
3354 5401 3827 5488 melius__in_ms.scita

2369 5483 2441 5558 (ε)
2483 5483 2803 5558 ΑβιιίῖΡεινἒ
2820 5487 3110 5558 participes.
3148 5487 3203 5540 In
3231 5483 3352 5558 aiiis
3373 5500 3500 5540 vero
3521 5483 3682 5558 libris,
3707 5483 3831 5558 part8;

2237 5569 2256 5584 .
2291 5537 2440 5628 σοβεῖ
2483 5537 3491 5638 iiauiiqapiapiaia?«hodierni
3507 5537 3828 5638 έθαυίίδῖτλθέ

2290 5614 2565 5698 apostolos
2605 5627 2858 5700 refertur,
2887 5614 3044 5700 quasi
3088 5614 3239 5698 pi'ius
3281 5614 3626 5696 apostolos-uin
3667 5614 3826 5693 gaudii:

2293 5712 2402 5755 non
2431 5699 2700 5771 apostolici
2722 5700 2898 5772 gaudii
2912 5699 3263 5771 ’prmmissum
3293 5708 3458 5756 esset.
