3984 6208
172 248 300 309 841

179 367 292 436 qui
326 371 776 432 resurrectionem
811 375 1022 437 Domini
1050 391 1389 454 contuentes,
1439 395 1792 453 a-ternitatem

178 459 528 519 caducorum
555 481 840 537 corporum
870 474 1231 532 crediderunt.
1268 480 1323 537 id
1346 485 1490 540 enim
1521 488 1573 542 in
1603 504 1792 546 conse-

180 556 493 622 quentibus
517 559 611 626 ait,
644 560 788 619 Vens
821 565 853 620 8
882 583 896 620 :
921 567 1167 625 Auditum
1206 573 1289 642 [ac
1312 578 1440 631 mihi
1467 595 1617 636 mane
1637 584 1790 638 mise-

175 644 479 700 ricordiam
507 659 644 705 tuam
669 669 688 707 :
731 657 852 726 quia
880 658 931 712 in
979 670 1026 714 te

173 738 586 798 misericordia:
629 747 880 816 gaudium
908 750 1042 808 locis
1084 756 1329 826 plurimis
1367 761 1790 836 demonstratur,

171 827 342 885 velut
369 841 478 887 tum
505 849 626 890 cum
674 838 769 906 ait,
795 842 878 896 Ad
927 859 1192 916 vesperum
1233 852 1580 911 demorabitur
1613 861 1788 930 ﬂetus,

167 931 233 976 et
261 925 338 977 ad
369 929 670 984 matutinum
716 933 896 990 ltetitia
939 937 1110 1010 (Psal.
1144 959 1295 1013 χχιιι,
1353 946 1431 1015 6).
1483 925 1786 1010 Hoevenim

168 1021 607 1078 resurrectionis
627 1035 707 1081 est
741 1035 973 1100 tempus,
1006 1031 1061 1088 in
1103 1051 1210 1106 quo
1241 1053 1338 1108 per
1360 1042 1786 1104 misericordiam

167 1104 285 1164 Dei
309 1119 548 1180 potestas
573 1118 764 1174 mortis
784 1120 1010 1179 infracta
1031 1129 1310 1196 est.Quam
1333 1134 1782 1210 misericordiam,

167 1202 315 1271 quia
344 1203 398 1259 in
421 1194 482 1262 ea
519 1207 782 1280 Propheta
812 1221 1073 1287 speravit,
1105 1194 1254 1294 optat
1284 1227 1493 1286 audire.

257 1294 352 1349 Η.
391 1297 715 1369 Ignorantiw
742 1311 978 1365 conscius
1002 1312 1164 1368 lucem
1205 1333 1236 1369 a
1259 1315 1369 1373 Deo
1390 1326 1640 1394 exposcit.
1671 1326 1778 1398 0p-

166 1393 254 1440 tat
288 1387 342 1441 in
384 1392 610 1459 primum
637 1398 859 1453 hominis
908 1411 1096 1458 statum
1139 1407 1325 1464 redire.
1362 1441 1421 1451 -
1459 1413 1664 1473 Dehinc
1691 1433 1780 1474 se-

164 1480 368 1548 quitur
409 1500 422 1536 :
470 1482 666 1540 Notam
693 1491 776 1559 [ac
800 1492 928 1547 mihi
953 1496 1084 1551 viam
1128 1499 1183 1554 in
1213 1518 1314 1572 qua
1343 1505 1634 1576 ambulem;
1658 1514 1779 1581 quia

159 1573 248 1626 ad
280 1584 328 1629 te
364 1576 524 1632 levavi
562 1583 789 1637 animam
820 1603 1006 1642 meam.
1053 1590 1346 1662 Apostolus
1378 1613 1475 1668 per
1501 1604 1776 1672 speculum

163 1673 232 1721 et.
266 1665 324 1721 in
354 1670 638 1740 aenigmate
666 1676 830 1744 videt,
864 1689 918 1735 et
957 1696 1056 1750 pro
1085 1695 1238 1754 parte
1267 1665 1393 1756 scit,
1421 1701 1474 1747 et
1501 1665 1599 1764 pro
1623 1705 1778 1765 parte

160 1761 469 1830 prephetat
513 1764 556 1834 (I
587 1765 707 1822 Cor.
752 1785 866 1839 xm,
918 1773 987 1828 12
1030 1784 1075 1829 et
1117 1777 1193 1850 9).
1254 1761 1524 1852 Propheta
1563 1761 1669 1856 quo

161 1858 455 1922 tamquam
479 1871 574 1926 per
602 1869 845 1918 naturam
879 1863 1128 1925 human:e
1150 1869 1455 1943 fragilitatis
1494 1878 1771 1952 ignorans,

160 1951 342 2000 notas
383 1947 484 2004 sibi
531 1950 667 2019 lieri,
703 1954 756 2009 in
801 1956 994 2026 quibus
1035 1962 1296 2029 ambulet,
1339 1963 1458 2024 vias
1484 1947 1624 2026 orat.
1655 1947 1772 2031 Non

157 2040 320 2095 enim
348 2040 432 2098 ha:
461 2045 644 2101 saeculi
674 2047 774 2103 viae
806 2051 964 2108 utiles
997 2064 1126 2112 sunt
1152 2075 1164 2110 :
1193 2060 1467 2130 spiritales
1497 2074 1552 2120 et
1582 2070 1774 2125 coeles-

155 2140 256 2189 tes
290 2133 382 2191 ille
422 2152 581 2194 nosse
610 2139 903 2199 desiderat.
937 2143 995 2201 ld
1037 2149 1179 2204 enim
1205 2151 1318 2206 ait:
1350 2153 1483 2220 Quia
1525 2158 1593 2212 ad
1631 2170 1676 2214 te
1701 2161 1772 2217 le-

154 2224 288 2279 vavi
309 2228 531 2282 animant
554 2247 736 2287 meam.
766 2233 884 2290 Non
904 2237 958 2292 in
982 2237 1274 2298 humilibus
1294 2255 1377 2300 est
1401 2248 1581 2303 anima
1603 2251 1768 2321 illius,

154 2317 266 2372 sed
301 2317 355 2373 in
385 2321 651 2391 excelsis;
702 2334 756 2381 et
793 2327 995 2386 idcirco
1036 2334 1370 2393 excelsarum
1413 2340 1618 2396 viarum
1648 2359 1772 2413 pos-

149 2408 306 2463 tulat
334 2411 631 2471 notionem.
676 2416 791 2473 Scit
823 2421 965 2477 enim
1004 2439 1126 2482 esse
1163 2427 1410 2487 inimicos
1445 2434 1570 2500 sibi,
1601 2437 1770 2510 608

154 2502 258 2572 qui
287 2518 348 2560 se
374 2505 426 2560 in
455 2507 588 2564 alias
625 2511 739 2568 vias
768 2526 1018 2585 avocent,
1051 2522 1142 2590 qui
1184 2523 1237 2578 in
1274 2527 1604 2586 voluntatem
1628 2533 1766 2588 alte-

153 2607 288 2649 ram
312 2595 600 2655 deducant.
630 2601 706 2659 De
728 2605 961 2663 inimicis
981 2609 1098 2666 istis
1119 2614 1453 2682 spiritalibus
1475 2621 1767 2690 Apostolus

155 2688 340 2743 multa
385 2701 440 2748 et
482 2695 790 2768 frequenter
841 2700 1083 2774 ingessit.
1135 2706 1217 2762 Ab
1247 2708 1329 2765 his
1373 2726 1503 2785 ergo
1525 2688 1592 2774 se
1629 2717 1766 2789 eripi

152 2789 310 2848 orat,
359 2791 414 2838 et
458 2785 599 2843 viam
648 2789 792 2846 illam
828 2793 902 2865 (α)
932 2794 1238 2854 tribulatam
1261 2841 1276 2864 ,
1325 2818 1445 2873 quae
1469 2807 1538 2861 ad
1566 2785 1763 2866 malum

155 2873 310 2944 agit,
342 2891 673 2948 cognoscere
703 2893 890 2956 rogat,
925 2896 979 2944 et
1007 2889 1076 2946 de
1117 2892 1393 2952 voluntate
1425 2898 1637 2957 Domini
1667 2904 1766 2961 do-

155 2966 302 3030 ceri,
332 2976 385 3022 et
410 2985 506 3040 per
533 2970 793 3043 Spiritum
823 2977 941 3049 ejus
979 2981 1032 3035 in
1065 2990 1263 3040 terram
1291 2999 1498 3045 rectam
1526 2992 1718 3052 deduci
1744 3014 1757 3050 :
1804 3024 1806 3026 τ

155 3055 216 3112 id
244 3068 350 3125 est,
384 3071 440 3115 ut
467 3065 826 3123 constituatur
858 3070 910 3126 in
942 3070 1214 3132 hominem
1241 3094 1349 3134 non
1373 3082 1514 3139 vitiis
1540 3100 1760 3155 perver-

155 3162 306 3204 sum.
337 3149 470 3207 Nam
513 3155 566 3210 in
607 3167 808 3215 rectam
854 3170 1050 3219 terram
1092 3182 1152 3224 se
1187 3169 1342 3242 dirigi
1379 3149 1653 3245 quomodo
1682 3179 1756 3252 (b)
1786 3186 1832 3250 C

154 3253 336 3315 optat,
368 3248 415 3304 si
436 3248 500 3305 de
525 3251 776 3309 elementi
807 3255 964 3327 hujus
987 3268 1231 3318 creatura
1255 3264 1456 3324 dixisse
1483 3272 1761 3328 existima-

153 3336 309 3393 bitur
337 3357 351 3396 :
383 3342 483 3397 nisi
512 3348 654 3414 quod
682 3348 979 3406 secundum
1024 3354 1180 3422 primi
1215 3355 1450 3416 hominis
1487 3372 1756 3433 naturam,

153 3429 249 3485 cui
279 3443 401 3501 post
430 3444 709 3504 peccatum
755 3439 955 3497 dictum
986 3454 1089 3508 est,
1125 3445 1284 3503 Terra
1308 3467 1380 3519 es,
1409 3464 1455 3506 et
1487 3455 1540 3510 in
1572 3465 1758 3513 terram

154 3519 261 3576 ibis
290 3522 444 3593 (Gen.
477 3542 559 3592 ιιι,
592 3525 704 3602 19),
753 3531 824 3604 (e)
851 3537 1107 3592 constitui
1139 3553 1198 3595 se
1238 3541 1510 3601 hominem
1550 3559 1756 3606 rectum

153 3610 593 3690 indeﬂexumque
623 3619 931 3680 desiderat?
961 3626 1018 3681 id
1043 3631 1184 3685 enim
1212 3634 1312 3688 sub
1339 3634 1424 3691 his
1445 3638 1603 3696 dictis
1628 3657 1760 3698 con-

154 3705 397 3762 tinetur:
423 3707 615 3766 Notam
657 3716 741 3785 fac
763 3716 899 3770 mihi
939 3719 1071 3774 viam
1098 3722 1150 3776 in
1177 3741 1277 3795 qua
1311 3729 1565 3785 ambulem
1593 3749 1619 3786 :-
1638 3736 1759 3804 quia

156 3800 230 3854 ad
256 3809 302 3855 te
329 3802 486 3857 levavi
534 3807 763 3862 animam
815 3827 996 3868 meam.
1027 3814 1190 3872 Vens.
1225 3818 1376 3876 9-H.
1407 3823 1570 3895 Eripe
1592 3800 1670 3882 me
1695 3830 1759 3885 de

155 3890 382 3948 inimicis
411 3900 552 3964 meis,
583 3897 821 3966 Domine,
869 3904 937 3958 ad
980 3914 1026 3960 te
1064 3909 1275 3983 confugi
1297 3929 1316 3966 :
1343 3914 1467 3970 doce
1489 3934 1566 3973 me
1591 3924 1760 3990 facere

155 3986 470 4044 voluntatem
517 4000 675 4062 tuam,
706 3995 826 4066 quia
861 3996 996 4053 Deus
1023 4017 1165 4057 meus
1197 4021 1251 4060 es
1276 4015 1351 4060 tu.
1383 3986 1612 4080 Spiritus
1641 4024 1758 4069 tuus

158 4081 322 4136 bonus
343 4083 555 4140 deducet
568 4102 647 4143 me
669 4088 722 4144 in
745 4097 931 4146 (errant
954 4103 1140 4150 rectam
1154 4109 1360 4172 prapter
1380 4120 1564 4161 nomen
1586 4116 1753 4178 tuum,

155 4171 378 4230 Domine
403 4174 503 4248 (Δ).

236 4265 320 4320 12.
364 4265 484 4322 Non
511 4285 574 4323 ea:
599 4273 824 4343 propriis
848 4277 1063 4348 meritis,
1093 4281 1184 4335 sed
1211 4298 1273 4337 ea:
1297 4283 1391 4340 Dei
1421 4287 1663 4346 bonitate.
1685 4320 1758 4336 ι·-

155 4357 474 4414 Consonans
489 4359 735 4432 Apostoli
755 4367 1030 4425 confessio
1052 4381 1136 4427 est
1161 4375 1227 4430 ad
1251 4375 1305 4432 id
1324 4379 1466 4448 quod
1492 4381 1588 4446 ait,
1615 4381 1758 4440 Doce

158 4467 241 4506 me
255 4451 422 4520 facere
444 4454 756 4510 voluntatem
785 4467 945 4525 tuam,
962 4463 1092 4519 illud
1108 4467 1251 4536 quod
1285 4484 1381 4538 per
1401 4486 1522 4527 eum
1553 4473 1753 4530 dictum

160 4553 265 4612 est,
285 4543 457 4616 thui
475 4555 626 4616 putat
644 4565 704 4606 se
727 4551 891 4618 scire,
912 4555 1150 4627 nondum
1174 4564 1276 4616 scit
1301 4565 1756 4633 quemadmodum
1780 4582 1835 4643 D

159 4647 406 4709 oporteat
433 4655 553 4698 sese
570 4643 712 4699 scire
743 4643 786 4718 (l
811 4645 930 4704 Cor.
965 4665 1080 4720 viii,
1104 4653 1354 4725 2).Quod
1385 4658 1432 4713 si
1461 4675 1563 4716 nec
1591 4676 1750 4718 orare

237 4776 328 4858 (e).
353 4778 520 4834 Abest
563 4781 858 4858 tribulatam
886 4801 915 4840 a
945 4786 1155 4846 duobus
1185 4809 1315 4850 mss.
1359 4797 1433 4853 De
1478 4814 1537 4854 ea
1571 4809 1748 4858 tamen

163 4848 248 4903 via
281 4849 368 4940 hie
391 4865 570 4932 sermo
601 4863 704 4940 est,
735 4855 804 4911 de
823 4873 924 4925 qua
954 4860 1004 4913 in
1037 4861 1178 4918 Psal.
1209 4848 1393 4940 crvi",
1422 4885 1478 4924 n.
1510 4873 1596 4927 ll:
1630 4874 1747 4940 Via,

163 4919 374 4999 quteod
395 4921 563 4999 vitam
582 4924 740 4999 ducit,
769 4939 814 4981 et
839 4919 1057 4999 angusta
1081 4945 1128 4988 et
1153 4919 1393 4992 tribulam
1417 4919 1511 4995 est.

235 4991 309 5060 (b)
350 4993 682 5081 A‘p.ud.Bad.,
711 4991 797 5050 Er.
821 4991 1020 5081 el..[:i_ps
1045 5021 1067 5081 :_
1083 4991 1338 5081 quomodo
1363 4991 1605 5081 optasset,
1635 5033 1750 5070 cum

163 5062 392 5157 elementi
420 5063 575 5136 hujus
590 5081 786 5157 potura
816 5062 1200 5157 existimabitur.
1241 5062 1408 5147 Apud.
1625 5103 1748 5157 quo.

164 5134 540 5218 modo‘optasse
582 5137 645 5190 de
690 5140 947 5196 elementis
997 5148 1153 5218 hujus
1195 5134 1395 5206 natura:
1434 5134 1750 5213 eristiiiiabi-

166 5214 288 5299 tu'r:
317 5204 465 5260 locus
488 5205 848 5280 depravatus,
897 5204 1188 5276 resaréitur
1215 5237 1317 5293 ope
1354 5204 1493 5279 mss:
1539 5242 1653 5299 reg.
1694 5240 1749 5285 et

176 5279 199 5299 Δ
235 5276 314 5299 με-

165 5275 338 5331 Albin.

165 5417 199 5472 Α
236 5347 304 5429 (ο)
345 5347 420 5401 Ita
446 5348 500 5404 in
529 5364 663 5407 mss.
694 5353 784 5410 ubi
829 5357 972 5414 male
1023 5360 1074 5415 in
1117 5364 1370 5436 vulgatis,
1425 5369 1752 5428 constituisse

203 5433 431 5472 ommem.

203 5433 431 5474 ommem.

236 5487 311 5562 (ά)
349 5491 717 5582 Exptinximus
747 5497 855 5566 hic,
881 5500 1156 5573 viviﬁcabis
1181 5524 1262 5564 me
1285 5510 1338 5564 in
1377 5513 1613 5582 tvqnitate
1636 5521 1746 5582 tua,

167 5575 294 5618 mss.
321 5573 659 5624 auctoritate.

241 5629 417 5718 (e)”lta
438 5633 974 5718 liegius_codex_cum
998 5645 1180 5718 Albin.
1212 5649 1350 5706 Editi
1374 5670 1524 5718 vero,
1546 5673 1751 5712 arcana:

166 5703 397 5851 ἲεὶῗηιὶω.
449 5703 585 5762 Tum
634 5710 789 5782 Bad.,
823 5713 918 5769 Er.
951 5724 1008 5772 et
1035 5716 1180 5788 Lips.
1212 5703 1748 5799 Eiréetn'E'ﬁJifE'f?

190 5791 244 5831 ec
266 5791 313 5831 tt.

190 5791 313 5831 ecm.

476 5875 750 5940 PATROL.
795 5877 912 5941 IX.

1293 271 1707 339 TRACTATUS
1742 279 1811 340 IN
1869 281 2051 346 CXLII
2081 286 2430 354 PSALMUM.

1066 666 1284 734 speravi.
1331 667 1601 726 Matutinac
1635 673 1794 744 hujus
1893 693 2031 736 cano
2060 687 2405 745 conscientiae
2437 692 2571 749 all'ee

3389 323 3498 383 842

1820 418 1870 478 Α
1901 404 2115 472 quidem
2165 409 2340 466 adhuc
2371 413 2604 485 scimus,
2629 427 2685 474 et
2709 419 2857 494 loqui
2879 383 3148 487 desideria
3175 442 3356 496 nostra
3388 457 3495 500 non

1899 497 2170 564 novimus,
2216 502 2420 573 Spiritu
2469 509 2650 576 potius
2695 528 2796 582 pro
2846 520 3002 576 nobis
3040 522 3493 590 inenarrabilibus

1896 589 2185 656 gemitibus
2213 598 2542 668 postulante,
2575 613 2630 658 et
2669 604 2996 678 imperitiam
3024 627 3264 674 nostram
3298 621 3369 694 (e)
3400 639 3490 681 ar-
3580 648 3582 650 ν

2577 702 2633 751 tu
2682 712 3030 774 repensante,
3054 714 3352 770 secundum
3386 717 3488 776 hoc

1891 772 2138 844 Apostoli
2166 779 2389 852 dictum,
2421 787 2560 854 Quid
2583 792 2721 846 enim
2747 810 2947 854 oremus
2971 772 3251 862 secundum
3271 810 3327 864 id
3351 772 3491 882 quod

1891 879 2121 938 Oporteat
2150 878 2440 947 nescimus;
2483 887 2575 940 sed
2603 888 2714 956 ipse
2742 891 2978 963 Spiritus
3017 916 3112 969 pro
3137 904 3283 959 nobis
3308 878 3489 977 postu-

1889 960 1965 1014 lat
1994 967 2262 1033 gemitibus
2299 971 2724 1038 inenarrabilibus
2751 960 2928 1056 (Rom.
2957 960 3070 1060 Vtit,
3099 996 3190 1067 26)
3223 1016 3238 1065 ;
3266 960 3487 1060 ηόιῖιᾶ-

1888 1055 2106 1114 condite
2135 1058 2404 1132 Propheta
2434 1071 2675 1128 creditur
2703 1055 2883 1146 orare,
2915 1091 2976 1137 ut
3017 1055 3349 1148 voluntatem
3391 1095 3486 1154 Dei

1887 1145 2146 1206 doceatur
2173 1158 2413 1226 explere.
2467 1163 2534 1218 Et
2572 1181 2887 1240 competens
2915 1176 3008 1231 illa
3052 1178 3304 1242 humanae
3331 1205 3486 1248 vere-

1886 1239 2097 1298 cundia:
2128 1246 2396 1315 professio
2444 1265 2547 1323 est,
2579 1268 2638 1314 ut
2679 1239 2826 1332 quod
2869 1281 2968 1338 per
2999 1239 3483 1342 Spiritum'D‘evi'i-n

1887 1338 2082 1390 terram
2111 1349 2316 1398 rectam
2345 1344 2695 1409 deducendus
2714 1356 2805 1422 sit,
2843 1357 2894 1412 id
2923 1377 3030 1418 non
3055 1371 3231 1424 meriti
3255 1388 3377 1430 esse
3398 1378 3482 1432 sui

1882 1435 2117 1496 arroget,
2166 1447 2341 1503 neque
2385 1452 2482 1507 per
2507 1444 2928 1506 satisfactionem
2975 1453 3044 1526 (f)
3072 1463 3273 1530 proprii
3320 1467 3482 1525 obse-

1881 1517 1991 1615 quii
2013 1518 2182 1616 id_sibi
2205 1529 2442 1596 postulet
2473 1549 2488 1588 :
2521 1536 2620 1591 sed
2653 1548 2820 1597 telum
2847 1517 3039 1603 hoc
3072 1517 3479 1616 clariﬁcaudum

1881 1603 1934 1659 in
1963 1623 2023 1664 se
2054 1610 2148 1668 Dei
2179 1631 2373 1674 nomen
2417 1637 2718 1698 exspectet,
2752 1641 2808 1686 ut
2837 1646 3057 1706 propter
3092 1641 3355 1703 honorem
3385 1650 3478 1708 Dei

1881 1701 2116 1758 nominis
2147 1706 2198 1760 in
2231 1717 2370 1766 terra
2397 1724 2544 1771 recta
2571 1733 2693 1776 esse
2714 1732 3002 1782 statuatur.

1878 1992 1986 2032 non
2016 1979 2069 2034 in
2099 1997 2327 2056 corpore
2349 1981 2541 2050 mortis
2575 1996 2736 2070 hujus
2759 2018 2921 2072 posse
2951 2013 3198 2081 concedi,
3233 2020 3356 2089 quia
3403 2021 3481 2077 la-

1881 2067 1973 2089 ,“
2002 2085 2046 2089 ,μ
2130 2075 2141 2087 .
2195 2076 2210 2089 .

1879 2067 1975 2126 bes
1994 2075 2172 2131 carnis
2195 2076 2444 2138 humanae
2471 2101 2569 2155 per
2589 2090 2883 2152 admixtam
2908 2100 2960 2154 in
2985 2119 3045 2159 se
3067 2067 3318 2166 vitiorum
3347 2128 3478 2170 con-

1851 2164 2214 2223 suetudinem
2243 2171 2451 2231 aboleri
2483 2183 2718 2252 penitus,
2752 2189 2854 2245 nisi
2887 2209 3006 2250 cum
3037 2207 3246 2258 natura:
3276 2205 3470 2264 demu-

1873 2255 2096 2325 tatione,
2128 2276 2233 2318 non
2282 2270 2486 2337 possit;
2520 2275 2782 2335 vivificari
2825 2299 2908 2354 se,
2940 2293 3094 2360 quasi
3125 2299 3362 2357 nondum
3392 2305 3474 2360 vi—

1871 2354 1982 2409 vat,
2014 2357 2338 2427 expostulat,
2366 2361 2882 2442 dicens,Vivi/icubis
2902 2354 2984 2435 me
3010 2384 3064 2438 in
3089 2392 3326 2458 (equitate
3357 2404 3466 2451 tua.

1872 2437 2078 2499 Educes
2105 2447 2168 2502 de
2195 2451 2521 2512 tribulatione
2560 2465 2785 2521 animam
2812 2487 2994 2542 meant,
3021 2437 3183 2537 Vens.
3212 2485 3300 2552 12,
3331 2499 3378 2542 et
3408 2491 3464 2544 in

1870 2535 2222 2596 misericordia
2249 2554 2338 2600 tua
2375 2549 2640 2621 disperdes
2683 2559 2917 2618 inimicos
2967 2584 3122 2626 meos.
3171 2574 3244 2630 Et
3283 2581 3468 2650 perdes

1872 2629 2145 2650 unum
2203 2634 2217 2648 .
2259 2635 2270 2646 .
2330 2638 2342 2649 .
2531 2644 2543 2650 -

3283 2629 3462 2650 r-."--

1867 2639 2042 2681 omnes
2069 2629 2148 2703 (g)
2196 2634 2428 2694 inimicos
2453 2644 2543 2712 qui
2569 2663 2943 2720 persequuntur
2981 2663 3206 2719 animam
3255 2685 3417 2726 meam
3443 2691 3462 2728 :

1865 2721 2103 2786 quoniam
2130 2739 2304 2782 servus
2333 2739 2450 2786 tuus
2473 2749 2586 2789 sum
2609 2754 2720 2807 ego.
2753 2741 2948 2801 Habuit
2980 2752 3220 2823 quidem,
3250 2771 3306 2815 ut
3329 2763 3469 2819 dixi-

1867 2823 2016 2921 ιιιιιιε,Ι
2039 2811 2143 2870 hoc
2174 2817 2379 2886 justitia
2422 2831 2783 2901 verecundiae,
2833 2846 2891 2892 ut
2931 2811 3304 2921 quidquid

1864 2900 1971 2957 sibi
2001 2902 2350 2966 beatitudinis
2374 2927 2575 2986 sperat,
2612 2920 2664 2977 id
2698 2900 2794 2993 pro
2816 2900 3335 3001 magnificentia‘Dci
3369 2963 3466 3016 po-

1865 2991 1972 3048 tius
2019 2996 2163 3067 (quia
2197 3001 2309 3058 Deo
2357 3003 2512 3062 beata
2545 3020 2600 3066 et
2641 2991 2842 3073 acterna
2871 2991 2933 3077 ei
2955 3024 3094 3083 bona
3131 2991 3479 3103 tribuerersit,

1863 3083 2128 3160 dignum),
2158 3106 2316 3162 quam
2346 3112 2445 3167 pro
2473 3106 2670 3161 merito
2699 3123 2796 3164 suo
2839 3119 3098 3182 postulet.
3130 3123 3235 3180 Sed
3280 3139 3461 3190 tamen

1865 3177 2155 3246 praeferens
2187 3183 2448 3244 honorem
2477 3203 2532 3248 et
2560 3197 2984 3262 miscricordiam
3005 3212 3277 3286 609Dei
3306 3239 3318 3274 :
3345 3240 3461 3280 me-

1864 3271 2017 3325 rendi
2063 3289 2279 3354 quoque
2305 3278 2358 3334 id
2403 3298 2499 3352 per
2525 3301 2584 3341 se
2613 3304 2720 3345 non
2753 3296 2983 3355 exclusit
3012 3271 3276 3367 ofhaum.
3321 3315 3456 3374 Nam

1861 3376 1984 3417 cum
2009 3366 2358 3427 vivificandus
2386 3375 2474 3441 sit,
2507 3378 2866 3442 vivificandus
2898 3400 3074 3449 tamen
3105 3401 3262 3457 estin
3295 3410 3460 3478 aequi-

1862 3461 2008 3520 tate;
2039 3460 2161 3528 quia
2192 3477 2402 3534 aequum
2432 3470 2502 3523 sit
2529 3469 2691 3529 vitam
2732 3480 2958 3538 retribui
2988 3488 3273 3559 stipendiis
3299 3460 3458 3557 sabe-

1861 3547 2050 3605 titatis.
2087 3551 2153 3606 Et
2189 3569 2312 3610 cum
2339 3573 2436 3626 per
2466 3565 2893 3628 misericordiam
2927 3576 3020 3633 Dei
3063 3547 3264 3642 educto
3294 3606 3360 3646 eo
3387 3593 3456 3651 de

1862 3639 2202 3701 tribulatione
2222 3646 2569 3718 disperdendi
2597 3655 2705 3712 siut
2730 3661 2847 3730 ejus
2870 3666 3093 3735 inimici,
3108 3674 3219 3745 jam
3247 3695 3352 3737 non
3377 3696 3460 3742 est

1859 3731 2229 3792 misericordia
2261 3739 2537 3800 indiscreti
2581 3750 2902 3827 confusique
2941 3731 3168 3833 judicii;
3217 3771 3277 3844 (i)
3333 3793 3456 3836 cum

1861 3838 1982 3894 qua:
2011 3841 2041 3881 a
2071 3830 2419 3891 tribulatione
2443 3837 2646 3907 educit,
2675 3846 2863 3904 eadem
2891 3851 3165 3924 disperdat
3189 3830 3455 3928 inimicos:

1859 3919 1983 3987 quia
2011 3933 2075 3975 ex
2103 3923 2416 3982 meritorum
2447 3930 2778 4004 diversitate,
2803 3943 2887 3997 vel
2919 3944 2973 4000 in
3013 3965 3248 4027 pinnam,
3284 3963 3368 4017 vel
3394 3965 3448 4021 in

1861 4011 1938 4084 (j)
1966 4015 2394 4075 misericordiam
2421 4024 2679 4093 judicium
2710 4011 3058 4104 temperatur.

1933 4104 2018 4160 14.
2049 4108 2179 4175 Qua:
2201 4109 2301 4166 Dei
2323 4116 2533 4184 gratias,
2559 4135 2675 4188 qua:
2702 4128 2880 4181 merito
2915 4148 3038 4199 pars
3066 4137 3134 4190 sit
3161 4139 3214 4194 in
3239 4143 3454 4204 victoria

1857 4199 2212 4255 tentationum.
2241 4203 2449 4260 ——Non
2493 4207 2640 4266 leves
2669 4225 2848 4271 autem
2899 4219 3005 4276 sibi
3045 4241 3166 4284 esse
3209 4232 3460 4296 inimicos

1858 4288 2128 4361 Propheta
2150 4293 2622 4392 demonstratased
2647 4318 2742 4361 eos
2773 4311 2863 4379 qui
2890 4315 3051 4371 etiam
3074 4321 3306 4380 animam
3335 4307 3459 4399 pcr-

1859 4395 2150 4454 sequantur
2183 4401 2199 4440 :
2233 4403 2338 4444 non
2366 4381 2652 4461 quodcum
2682 4413 2910 4470 corpore
2937 4411 3108 4477 possit
3132 4381 3455 4487 occidi,rsed

1858 4477 2000 4546 quod
2065 4480 2136 4534 ita
2200 4481 2483 4539 diabolicis
2548 4487 2980 4557 infestationibus
3036 4477 3331 4582 fatigetur,

1860 4570 1961 4626 sub
2009 4570 2331 4641 injectorum
2386 4576 2484 4632 sibi
2537 4581 2792 4640 vitiorum
2827 4588 2900 4662 (lt)
2948 4570 3211 4658 incendiis
3255 4570 3452 4664 adiura;

1860 4673 1968 4730 tur,
1996 4675 2112 4719 uta
2142 4666 2369 4724 Domino
2408 4685 2682 4730 mereatur
2727 4681 2917 4738 occidi.
2950 4686 3147 4748 Verum
3189 4706 3249 4753 ut
3286 4703 3448 4761 etiam

1931 4802 2099 4907 (flia
2131 4808 2382 4880 vulgatis,
2415 4814 2490 4882 pii
2509 4814 2752 4888 obsequii.
2777 4822 2943 4897 Magis
2965 4831 3282 4901 placetcum
3311 4862 3447 4907 mss.

1895 4891 1952 4928 ΤΟ
1993 4893 2076 4930 rtt.

1856 4891 2360 5052 rigllAdigﬁimgs
2411 4955 3007 5052 inimicasmaqctoritaie
3063 4995 3192 5038 mss.
3245 4987 3448 5052 Deinde

1855 5019 1908 5070 in
1955 5019 2070 5143 Sttila
2114 5020 2245 5075 edit.
2297 5023 2420 5079 Par.
2463 5034 2548 5097 qui
2598 5019 3447 5132 tribuunt—inea"pg-2;?

1855 5104 1988 5143 auun
2015 5107 2098 5143 ur.

1851 5104 2098 5157 quuntur.

1913 5159 2004 5284 (sb)
2042 5163 2178 5219 Male
2208 5164 2259 5219 in
2288 5165 2534 5237 vulgatis,
2561 5173 2743 5260 aliud.
2762 5178 2928 5254 Magis
2953 5195 3227 5260 probanda
3258 5221 3357 5263 vox
3381 5212 3447 5265 il-

1857 5231 1910 5285 lu
1952 5271 1966 5285 .
1999 5249 2158 5285 (luam
2191 5253 2298 5285 nrm
2329 5254 2386 5285 se
2417 5239 2521 5285 fert
2547 5259 2628 5285 me
2678 5247 2778 5285 Mm
2835 5253 2889 5285 ι..
2919 5275 3011 5285 ..η
3075 5284 3085 5285 ,
3144 5281 3152 5285 .
3371 5281 3378 5285 .
3407 5284 3412 5285 ,

1879 5248 1910 5285 u

1894 5239 1966 5314 td,
1999 5249 2158 5303 quam
2191 5253 2386 5338 praise
2411 5239 2537 5338 fertl
2547 5259 2650 5298 ms.
2675 5247 2798 5304 Mic.
3264 5239 3447 5336 igitur:

1854 5301 2174 5389 binique-que
2192 5301 2378 5364 exstat
2403 5312 2558 5389 illud,
2590 5301 2775 5389 neque

1934 5374 2611 5477 litae-33.8.;sibi?
2784 5374 2990 5458 έΐὲῑιῑη
3033 5425 3066 5462 α
3121 5415 3448 5477 initiatio...

1857 5446 2133 5542 educitnet
2336 5446 2854 5542 ldispeiidit'inimic'os

1931 5516 1997 5623 ᾳ)
2026 5516 2812 5623 Ethisi,.-tilelmisericordia,
2827 5516 3446 5623 Ῑυῶἓῖἆᾶιῖἐνηρϐωιω.

1856 5586 2199 5670 Μεῇιιεκιιιβξ.
2227 5586 2308 5670 vel
2332 5594 2385 5647 in
2397 5586 2952 5670 misericordiam,’etc..

1929 5657 2005 5758 (lt)
2033 5661 2194 5730 Editi,
2219 5665 2482 5758 ingentivis
2503 5686 2749 5758 arguatur
2768 5657 3138 5751 .‘V'castvi'gantur
3163 5706 3228 5746 ex
3256 5711 3388 5754 mss.
3413 5718 3446 5758 a

1857 5731 2050 5831 quibus
2076 5749 2199 5831 mox
2230 5736 2384 5831 abest
2413 5731 2670 5831 particula
2717 5731 3443 5831 verumIq’ua-zwsal‘vb

1857 5753 2050 5800 quluus
2076 5753 2199 5789 mox
2230 5753 2384 5792 anes:
2413 5753 2590 5865 pirum

1854 5808 2034 5872 potest
2051 5803 2242 5863 adesse
2268 5808 2352 5864 vel
2379 5823 2408 5862 a
2482 5824 2590 5865 sse.

2939 5914 3021 5974 27
