3984 6208
572 297 683 359 843

1763 283 2008 351 SANC'H
2047 288 2304 349 HlLARll
2327 290 2635 354 EPISCOPI

3788 298 3871 357 8H

573 410 778 469 inimici
803 410 885 467 sul
913 415 1174 483 pereant,
1202 419 1526 480 quamquam
1564 403 1633 463 ad
1661 406 1715 462 id
1745 408 2086 478 potissimum
2117 414 2174 463 et
2198 409 2252 468 Α
2278 414 2388 463 tum
2414 407 2580 467 luisse
2608 409 2799 480 psalmi
2839 410 3009 482 ipsius
3035 415 3185 470 textu
3210 408 3471 472 docetur:
3507 411 3775 489 nihilque
3804 416 3871 471 hic

574 516 774 561 nomen
800 512 855 559 et
885 501 1253 560 misericordia
1288 502 1386 559 Dei
1411 511 1524 568 est;
1551 509 1730 557 tamen
1756 497 1834 574 (a)
1859 515 1980 556 cum
2008 500 2170 556 etiam

574 612 640 655 ea
690 606 854 654 causa
899 601 1009 662 est,
1041 594 1185 666 quod
1231 608 1426 651 servus
1468 594 1561 651 Dei
1604 604 1711 657 est.
1745 592 1896 664 cujus
1933 593 2169 649 animam

574 694 1002 760 persequantur;
1029 696 1089 744 et
1112 688 1413 743 liberalitas
1445 686 1537 757 (ex
1565 693 1719 758 parte
1749 685 1878 758 Dei)
1907 685 2172 742 admisce-

570 782 682 849 tur,
702 787 762 837 et
789 779 1040 836 meritum
1061 778 1151 852 (ex
1173 786 1327 850 parte
1357 775 1648 849 hominis);
1676 783 1842 849 atque
1864 776 1934 832 ad
1958 776 2171 832 Domini

571 873 1020 943 misericordiam,
1050 873 1191 929 servi
1211 884 1426 945 quoque
1446 878 1503 929 et
1522 871 1655 928 fides
1678 877 1736 928 et
1760 884 1955 928 nomen
1979 870 2171 941 adjun-

568 967 715 1039 gttur
769 979 786 1021 :
842 973 903 1022 ut
955 960 1327 1022 misericordia
1389 964 1483 1020 Dei
1533 977 1859 1035 quamquam
1915 963 2171 1024 omnibus

570 1068 821 1133 prompta
841 1061 944 1130 sit,
975 1060 1059 1117 his
1087 1064 1269 1116 tamen
1298 1059 1391 1131 qui
1418 1058 1565 1115 servi
1593 1059 1714 1126 ejus
1741 1064 1869 1114 sunt
1901 1056 2171 1129 intelliga-

566 1163 660 1210 tur
680 1155 963 1221 assistere,
992 1168 1093 1225 per
1116 1168 1241 1209 eum
1271 1153 1405 1210 etin
1435 1167 1502 1210 eo
1524 1153 1617 1222 qui
1644 1152 1724 1206 ait
1751 1169 1765 1206 :
1796 1152 1910 1224 Ego
1937 1167 2049 1207 sum
2071 1166 2167 1206 υο-

567 1247 766 1302 biscum
788 1247 1023 1302 omnibus
1044 1246 1229 1301 diebus
1257 1258 1419 1316 usque
1441 1246 1510 1299 ad
1534 1244 2027 1299 consummationem
2071 1260 2171 1299 sa:-

567 1341 674 1396 culi
705 1340 934 1414 (ﬂatus.
966 1354 1173 1409 xxvm,
1195 1340 1332 1409 20),
1364 1322 1653 1395 Dominum
1698 1349 1943 1397 nostrum
1983 1337 2167 1397 Jesum

564 1430 840 1489 Christum
862 1470 879 1501 ,
900 1433 994 1504 qui
1023 1441 1110 1490 est
1149 1432 1466 1490 benedictus
1492 1441 1553 1490 et
1581 1447 1724 1490 nunc
1748 1441 1804 1490 et
1845 1446 2084 1505 semper,
2114 1439 2171 1489 et

565 1527 620 1583 in
643 1527 825 1583 omnis
848 1526 1054 1585 mula
1080 1528 1422 1583 saeculorum.
1453 1529 1644 1583 Amen.

1074 1636 1391 1699 PSALMUS
1428 1640 1661 1698 CXLIII.

984 1752 1227 1808 Psalmus
1253 1753 1427 1809 David
1447 1756 1502 1809 in
1523 1755 1755 1811 Goliam.

634 1834 941 1901 Benedictus
961 1840 1214 1900 Dominus
1238 1845 1376 1902 Deus
1398 1848 1649 1917 nteus.qui
1666 1848 1812 1902 docet
1825 1864 2013 1904 manus
2031 1865 2173 1907 meas

562 1933 632 1988 ad
652 1932 861 2000 bellum,
882 1945 930 1990 et
952 1934 1141 2007 digitos
1164 1953 1301 1991 meos
1321 1938 1376 1990 in
1393 1936 1652 2009 pretium.
1679 1936 2038 1995 Misericordia
2057 1956 2172 1995 mea

561 2016 611 2081 et
638 2009 898 2099 refugium
927 2044 1094 2082 meum
1116 2070 1132 2097 ,
1164 2038 1431 2098 susceptor
1475 2045 1615 2085 meus
1657 2039 1704 2085 et
1741 2029 1988 2087 liberator
2028 2047 2171 2086 meus

563 2108 585 2186 ζ
613 2106 761 2174 lnl‘ra
788 2118 1006 2174 additur
1032 2136 1083 2175 es
1110 2118 1210 2192 tu).
1240 2119 1513 2176 Protector
1538 2138 1717 2190 meus,
1757 2133 1805 2179 et
1832 2125 1889 2178 in
1915 2124 2028 2195 ipso
2048 2140 2169 2195 ψει

560 2210 669 2265 ravi
704 2211 837 2282 :qui
880 2208 1114 2283 subjiciet
1141 2212 1341 2285 (Infra,
1376 2212 1688 2286 subjiciens)
1708 2216 1961 2288 populum
1999 2232 2170 2273 meum

557 2294 654 2355 sub
681 2318 780 2358 me.
809 2299 1045 2366 Domine.
1066 2303 1192 2377 quid
1214 2315 1289 2360 est
1315 2305 1469 2360 homo
1496 2348 1511 2374 ,
1533 2308 1657 2379 quia
1683 2309 1951 2364 innotuisti
1966 2311 2017 2364 ei
2042 2319 2171 2365 :aut

560 2393 701 2462 [ilius
723 2395 966 2461 hominis,
997 2395 1135 2466 quod
1158 2396 1374 2468 deputas
1397 2400 1548 2454 eum?
1569 2398 1740 2455 Homo
1764 2402 2004 2457 uanitatis
2020 2402 2170 2456 siuti-

559 2476 625 2540 lis
653 2488 821 2558 factus
849 2495 922 2542 est
953 2504 971 2542 :
998 2487 1106 2543 dies
1152 2490 1264 2562 ejus
1307 2491 1439 2546 sicut
1475 2493 1658 2547 umbra
1695 2502 2023 2564 prortereuut.
2058 2494 2191 2550 Do-'

560 2580 716 2642 mine.
772 2581 964 2636 inclina
990 2582 1140 2637 caelos
1171 2590 1304 2650 tuos,
1334 2594 1379 2639 et
1401 2584 1681 2651 descende;
1708 2596 1870 2659 tange
1896 2597 2168 2657 montes,“

561 2671 916 2742 fumigabunt;
936 2689 1149 2727 corusca
1171 2686 1496 2732 coruscantes
1518 2676 1708 2751 (Infra,
1738 2680 2163 2753 coruscationes),

560 2772 607 2818 et
634 2756 912 2837 dissipabis
950 2781 1072 2834 eos;
1098 2769 1270 2821 emitte
1314 2771 1530 2841 sagittas
1570 2783 1687 2826 tuas
1710 2814 1727 2838 ,
1750 2782 1806 2828 et
1834 2775 2161 2831 conturbabis

561 2869 668 2910 eos.
696 2846 894 2910 Emitte
922 2852 1110 2929 (infra,
1140 2858 1360 2931 emittes)
1387 2872 1753 2918 manumtuam
1770 2864 1961 2920 dealto
1984 2882 2004 2920 :
2026 2867 2166 2937 eripe

562 2940 660 3007 me,
685 2956 732 3001 et
762 2946 920 3003 libera
950 2966 1028 3003 me
1049 2949 1227 3023 (abest
1255 2962 1300 3009 et
1331 2954 1493 3008 libera
1520 2955 1620 3027 me)
1637 2957 1701 3011 de
1720 2958 1868 3027 aquis
1896 2959 2165 3024 multisvet

558 3036 622 3093 ile
645 3036 985 3109 manu(ln'ira,
1013 3060 1168 3098 manu
1194 3045 1392 3118 iniqua)
1417 3048 1648 3114 ﬁliorum
1674 3052 1985 3108 alienorum.
2018 3056 2162 3122 Quo-

558 3219 857 3295 iniquitatis.
874 3223 1309 3293 ‘Deus,canticum
1322 3232 1489 3306 elo
1511 3251 1696 3309 nouunt
1723 3241 1938 3295 cantabo
1966 3242 2079 3309 tibi,
2102 3244 2157 3300 in

558 3315 803 3387 psalterio
870 3319 1352 3379 decemcltordarum
1424 3327 1646 3397 psallam
1710 3331 1820 3386 tibi.
1902 3334 2005 3398 Qui
2073 3337 2164 3393 dat

558 3404 743 3479 (inira,
787 3406 902 3485 das)
938 3412 1156 3467 salutem
1193 3417 1400 3486 regibus
1420 3434 1448 3472 .:
1476 3422 1567 3487 qui
1591 3420 1773 3477 liberat
1788 3442 1987 3483 seruum
2011 3447 2162 3487 suum

560 3497 748 3589 (Infra,
792 3502 977 3560 liberas
1027 3506 1199 3562 David
1254 3527 1459 3566 servum
1486 3513 1714 3588 tuum):
1744 3519 1809 3573 de
1833 3519 2009 3589 gladio
2042 3539 2157 3578 ma.

559 3584 700 3662 ligno
726 3595 865 3684 eripe
887 3595 1082 3669 (Infra,
1114 3599 1256 3671 erue)
1285 3619 1381 3658 me.
1416 3603 1483 3658 Et
1509 3584 1657 3678 eripe.
1676 3625 1758 3664 me
1785 3584 1852 3665 de
1876 3629 2029 3669 mnu
2052 3616 2160 3684 ﬁlii

556 3683 716 3737 alieni
744 3681 894 3756 (Haec
921 3704 1027 3743 non
1054 3701 1272 3747 exstant
1297 3694 1480 3768 infra).
1498 3697 1805 3764 Quorumos
1822 3681 2161 3764 locutum-est

557 3775 851 3859 nouitatem,
868 3788 914 3831 et
941 3779 1149 3834 dextera
1174 3800 1346 3838 eorum
1371 3789 1577 3842 dextera
1598 3792 1908 3859 iniquitatis.
1928 3796 2160 3862 Quorum

555 3852 656 3931 filii
687 3866 820 3918 sicut
847 3868 1060 3922 novellae
1079 3872 1442 3942 plantationes,
1470 3852 1710 3935 stabilius
1733 3852 2158 3954 (litirarnovella

556 3954 807 4023 plantatio
827 3956 1091 4030 stabilita)
1123 3962 1174 4015 in
1192 3965 1462 4036 juventute
1483 3985 1597 4025 sua.
1622 3970 1780 4027 Filia:
1805 3991 1979 4031 eorum
2002 3978 2159 4035 deco-

554 4057 682 4115 rata:
703 4048 901 4122 (Infra,
931 4056 1260 4129 compositw)
1286 4075 1304 4115 :
1331 4070 1377 4115 et
1405 4062 1795 4123 circumornata:
1820 4078 1875 4125 ut
1908 4071 2157 4128 similitu-

553 4139 619 4195 do
660 4144 854 4214 templi.
890 4142 957 4200 Et
988 4153 1340 4221 prommuaria
1368 4171 1545 4210 eorum
1589 4160 1764 4228 plena.
1783 4166 2067 4222 eructantia
2092 4183 2157 4222 ea:

548 4234 649 4290 'hec
679 4239 731 4292 in
759 4238 911 4295 illud.
933 4238 1062 4298 Oves
1087 4260 1261 4301 eorum
1291 4252 1489 4318 fetostz.
1522 4251 1841 4312 abundantes
1866 4258 2155 4317 initineri-

546 4326 645 4386 bus
669 4350 843 4389 eorum
886 4332 1071 4409 (Infra,
1095 4342 1374 4411 egressibus
1393 4346 1523 4417 suis)
1553 4363 1575 4401 :
1602 4348 1749 4404 boves
1771 4366 1950 4406 eorum
1987 4357 2150 4413 crassi

553 4421 737 4495 (lul‘ra,
755 4427 984 4499 crasste).
1013 4429 1133 4487 Non
1158 4444 1235 4489 est
1247 4437 1395 4492 ruina
1422 4440 1678 4509 maceriae,
1696 4461 1857 4514 neque
1881 4450 2149 4514 transitus.

548 4526 708 4586 neque
733 4520 930 4574 clamor
940 4522 992 4574 in
1003 4522 1187 4591 plateis
1201 4543 1395 4583 eorum.
1411 4528 1627 4588 Beatum
1655 4535 1891 4593 dixerunt
1904 4543 2149 4613 populum

548 4608 629 4662 cui
642 4609 760 4664 ‘luec
789 4622 936 4667 sunt:
953 4614 1129 4670 beatus
1146 4620 1387 4691 populus,
1405 4624 1556 4689 cujus
1577 4623 1830 4686 Dominus
1842 4608 1983 4690 Deus
2011 4636 2141 4707 ejus.

981 4730 1398 4794 TRACTATUS
1420 4737 1699 4799 PSALMI.

612 4818 668 4871 ‘1.
698 4812 904 4877 Titulus
915 4820 1102 4878 a‘L‘XX
1117 4826 1345 4893 additus,
1371 4830 1547 4898 dequo
1567 4836 1824 4904 psalmum
1849 4842 2145 4917 intelligen-

544 4907 1133 5001 dumindicet.—Vsas.
1167 4916 1288 4973 1-7.
1313 4920 1378 4975 Et
1396 4921 1522 4980 huic
1536 4941 1756 4999 quoque
1799 4907 2144 5001 psalmo'ad-

544 4997 772 5055 dentiam
826 5003 965 5060 hanc
1008 5007 1358 5081 Septuaginta
1380 4997 1902 5091 superscriptioncm
1922 5039 2144 5095 putave-

514 5101 521 5109 '
545 5097 694 5181 runt:
716 5090 957 5149 Psahnus
986 5097 1156 5153 David
1177 5102 1229 5157 in
1250 5100 1618 5175 Galiam;cum
1641 5090 1817 5184 neque
1843 5114 1895 5170 in
1922 5090 2142 5174 ltebrai-

538 5184 615 5239 cis
646 5183 795 5286 libris
821 5190 894 5265 (b)
918 5197 1241 5265 reperiatur,
1272 5183 1851 5275 uneque'translatores
1867 5213 2140 5286 aliiquid-

534 5286 693 5346 quam
726 5276 870 5338 aliud
899 5301 1062 5357 quam
1090 5290 1392 5363 simplicem
1424 5297 1634 5354 titulum
1670 5276 2133 5379 prmscripserint,

534 5371 587 5428 id
626 5383 744 5444 est,
776 5375 971 5435 David.
1000 5381 1157 5451 Quod
1188 5384 1294 5442 non
1320 5388 1444 5446 sine
1471 5392 1698 5464 spiritali
1724 5371 1932 5479 ratione
1960 5371 2128 5463 allec;

600 5558 674 5650 _(a)
701 5559 913 5631 Lipsius
936 5570 1493 5650 expunctaparticula
1520 5586 1660 5650 aut,
1680 5583 1875 5631 cetera
1908 5592 2120 5650 pertur-

524 5626 1058 5726 gante'“expressera't.
1082 5638 1157 5693 Ea
1187 5626 1493 5697 distinctius
1518 5626 2116 5726 exhibemus

768 5695 780 5701 _
1300 5695 1303 5696 ν
1367 5695 1374 5696 κ
1532 5695 1838 5704 ατη-πω
1865 5695 1929 5707 ν-
1960 5695 2116 5726 una»

523 5695 704 5839 Τίς-(ἧι
722 5718 1001 5832 Ιᾞιῗίεειθ
1026 5776 1375 5840 Theodoreto
1396 5800 1578 5857 neque
1606 5791 1660 5845 in
1698 5793 1954 5854 omnibus
1976 5800 2127 5872 ὕει)-

2277 501 2512 573 psalmus
2562 504 2836 574 proprium
2891 506 3084 573 habet,
3132 506 3277 578 quod
3338 507 3404 564 ad
3447 507 3870 581 gratulationem

2274 596 2540 671 perempti
2581 595 2749 653 Goliae
2777 599 2950 670 possit
2975 598 3188 668 referri,
3220 615 3341 656 cum
3357 601 3523 674 magis
3560 600 3686 656 illic
3714 608 3773 657 et
3797 615 3873 673 ge-

2273 687 2372 743 stis
2400 696 2455 743 et
2479 688 2709 758 tempori
2731 688 2898 744 multa
2919 691 3191 746 contraria
3232 690 3361 746 sint.
3391 689 3524 746 Cum
3559 690 3723 747 enim
3752 689 3868 745 dici-

2274 789 2362 835 tur
2401 798 2415 835 :
2468 779 2760 853 Subjiciens
2802 782 3051 856 pupulum
3094 800 3262 839 meum
3308 785 3402 841 sub
3442 802 3554 853 me,
3614 784 3867 855 numquid

2272 881 2388 928 tum
2416 871 2581 928 David
2610 888 2705 929 rex
2733 875 2895 930 erat?
2923 883 3017 931 aut
3038 875 3163 950 quis
3183 883 3298 932 tum
3317 875 3369 934 ei
3396 877 3642 949 populus
3670 877 3871 948 subjec-

2271 970 2360 1021 tus
2386 974 2468 1021 cst
2487 1008 2503 1031 ,
2533 965 2582 1020 si
2611 963 3009 1039 allaphylorum
3055 966 3299 1041 (subaud.
3328 967 3592 1040 populus)
3628 984 3741 1025 non
3771 981 3870 1025 erat

2271 1058 2441 1115 suus?
2467 1057 2574 1116 Sed
2606 1074 2675 1115 ne
2706 1061 2820 1129 ipse
2849 1060 3070 1133 quidem
3120 1060 3327 1131 Israel,
3373 1060 3505 1119 Saul
3562 1061 3753 1117 adhuc
3800 1077 3870 1116 re-

2270 1162 2499 1222 gnante,
2556 1160 2767 1222 poterat
2813 1167 2940 1209 esse
2985 1152 3282 1224 subjectus.
3317 1152 3522 1209 Deinde
3584 1161 3647 1209 et
3703 1150 3863 1211 illud;

2273 1242 2494 1298 Domine
2512 1284 2527 1310 ,
2551 1242 2747 1298 inclina
2774 1244 2928 1301 stelas
2963 1254 3075 1300 tuos
3095 1288 3110 1313 ,
3133 1254 3181 1300 et
3227 1246 3478 1301 descende
3506 1262 3527 1313 ;
3555 1255 3721 1319 tange
3745 1262 3869 1301 mon-

2271 1344 2377 1403 tes,
2421 1345 2467 1390 et
2499 1336 2860 1408 fumigabunt;
2922 1353 3138 1393 corusca
3188 1339 3576 1394 coruscationes
3610 1378 3631 1406 ,
3663 1348 3713 1394 et
3774 1340 3864 1393 dis-

2271 1427 2463 1498 sipabis
2506 1445 2622 1494 eos,
2652 1445 2773 1502 quae
2817 1445 2940 1488 esse
2979 1431 3308 1503 intelligetur
3361 1431 3432 1489 ob
3472 1432 3712 1491 immani
3762 1432 3865 1490 belli

2270 1529 2485 1593 tempus
2537 1523 2756 1579 oratio?
2793 1524 2899 1581 Aut
2938 1540 3062 1582 cum
3120 1526 3417 1582 secundum
3467 1526 3701 1583 titulum
3731 1526 3864 1585 Golis

2272 1623 2419 1672 esset
2464 1616 2696 1685 occisus,
2745 1617 2875 1689 quid
2928 1618 3037 1674 sibi
3084 1618 3168 1674 ha:
3213 1633 3400 1690 preces
3447 1619 3695 1676 volunt:
3732 1618 3866 1690 Eripe

2270 1725 2381 1777 me,
2410 1719 2460 1764 et
2506 1710 2665 1766 libera
2720 1727 2803 1767 me
2849 1711 2913 1767 de
2953 1713 3101 1784 aquis
3144 1714 3319 1768 multis
3343 1755 3359 1782 ,
3384 1722 3432 1770 et
3483 1714 3552 1769 de
3614 1732 3773 1771 manu
3812 1715 3863 1785 ﬁ-

2198 1799 2250 1862 Β
2277 1798 2466 1854 liorum
2489 1799 2818 1858 alienorum?
2833 1805 2940 1859 Aut
2955 1819 3076 1859 cum
3103 1819 3200 1860 rex
3229 1813 3435 1861 tantum
3459 1821 3607 1863 unus
3639 1807 3695 1862 in
3719 1807 3861 1863 lsrael

2226 1902 2237 1911 ‘
2272 1899 2455 1955 esset;
2490 1892 2620 1963 quid
2642 1902 2727 1949 est
2774 1894 2914 1949 istud
2965 1895 3111 1967 quod
3137 1896 3369 1963 dicitur,
3398 1895 3466 1951 ν.
3520 1898 3627 1954 1οε
3666 1897 3863 1965 auidas

2274 1982 2491 2037 salutem
2536 1985 2793 2056 regibus?
2837 1984 3106 2043 Numerus
3171 1987 3403 2059 plurium
3461 1989 3859 2063 intelligentiam

2274 2073 2391 2144 ejus
2416 2077 2683 2147 temporis
2703 2120 2717 2143 ,
2751 2094 2859 2149 quo
2888 2095 3028 2136 unus
3060 2090 3265 2137 tantum
3312 2081 3656 2151 habebatur,
3700 2087 3862 2142 exclu-

2273 2166 2374 2222 dit.
2400 2168 2514 2225 Sed
2560 2184 2685 2227 cum
2724 2187 2831 2228 nec
2859 2173 2911 2229 in
2958 2173 3192 2231 hebraeis
3230 2175 3384 2231 libris
3416 2174 3502 2233 'ita
3548 2180 3667 2248 sit,
3711 2196 3859 2251 neque

2269 2264 2629 2321 translatores
2660 2268 2843 2323 cmteri
2869 2267 3064 2324 horum
3094 2269 3296 2342 aliquid
3323 2270 3680 2340 addiderint;
3722 2273 3860 2330 intel-

2270 2354 2489 2427 ligimus
2516 2361 2851 2432 septuaginta
2872 2360 2976 2418 bos
3006 2365 3252 2419 seniores
3281 2379 3501 2423 sensum
3527 2368 3692 2425 nobis
3722 2369 3857 2442 spiri-

2266 2448 2655 2508 talisscientire
2680 2453 2994 2525 reliquisse:
3022 2465 3080 2511 ut
3108 2457 3162 2513 in
3206 2448 3373 2521 David
3400 2469 3457 2516 et
3484 2461 3649 2519 Golia
3675 2464 3851 2520 bellum

2271 2542 2673 2613 pmiiguratum
2695 2561 2818 2603 esse
2845 2559 3047 2605 satana:
3074 2550 3396 2625 Dominique
3420 2554 3726 2625 sciremus;
3752 2573 3853 2613 cum

2268 2637 2486 2708 quando
2514 2656 2688 2712 neque
2710 2642 2874 2717 611
2903 2646 3294 2717 superscriptio
3332 2657 3580 2708 exstaret
3608 2652 3661 2706 in
3694 2651 3851 2721 libris,

2264 2744 2448 2801 neque
2473 2733 2637 2789 rebus
2658 2736 2821 2805 gestis
2852 2735 3151 2807 prophetia:
3181 2755 3363 2797 sermo
3389 2743 3732 2801 concineret.

2339 2822 2396 2877 2.
2429 2822 2508 2877 An
2528 2825 2690 2895 ipsius
2717 2825 2907 2894 David,
2938 2846 3005 2883 an
3025 2832 3088 2885 de
3114 2829 3285 2886 David
3304 2830 3416 2888 sint
3441 2835 3661 2905 psalmi,
3685 2837 3852 2893 latium

2268 2928 2437 2968 sermo
2467 2931 2570 2969 non
2599 2918 2859 2988 exprimit.
2913 2918 3159 2978 Psalmus
3186 2923 3269 2977 hic
3294 2924 3358 2979 de
3389 2923 3624 2983 Christo.
3660 2958 3729 2969 —
3764 2928 3845 2983 Ai-

2268 3004 2373 3061 iert
2395 3016 2575 3063 autem
2606 3009 2928 3083 plerumque
2952 3013 3108 3069 nobis
3139 3015 3513 3075 difﬁcultatem
3558 3023 3843 3095 intelligen-

2265 3292 2418 3339 sante
2445 3286 2586 3340 enim
2610 3290 2955 3357 pronomine,
2997 3293 3273 3351 incertum'
3289 3306 3373 3352 est
3402 3306 3587 3357 utrum
3612 3303 3663 3358 in
3692 3303 3840 3367 illum,

2263 3382 2356 3429 aut
2382 3391 2484 3447 per
2502 3377 2656 3432 illum
2680 3382 2919 3449 psalmus
2938 3387 3231 3442 exstiterit.
3273 3389 3406 3445 Cum
3430 3394 3581 3448 enim
3612 3394 3842 3451 scribitur

2262 3470 2493 3538 psalmus
2524 3471 2726 3541 David;
2755 3486 2931 3532 utrum
2962 3478 3144 3536 abillo
3171 3482 3350 3540 dictus
3390 3472 3493 3553 sit,
3524 3498 3623 3544 aut
3644 3499 3837 3560 propter

2261 3558 2432 3628 illum,
2457 3564 2762 3637 ambiguum
2796 3567 2920 3624 facit
2939 3571 3170 3629 nominis
3192 3576 3303 3633 sola
3326 3558 3690 3655 praescriptio.
3712 3580 3838 3638 Grae-

2262 3651 2394 3707 citas
2422 3670 2552 3712 vero
2577 3673 2698 3713 cum
2725 3675 2819 3727 per
2845 3661 3008 3719 David
3034 3666 3302 3743 psalmum
3346 3651 3611 3743 scriptum
3638 3689 3752 3729 esse
3772 3672 3833 3727 si-

2260 3745 2515 3835 gniﬁcat,
2538 3750 2852 3808 ita'titnlum
2884 3755 3159 3827 inscribit,
3193 3741 3397 3835 sane;
3425 3741 3518 3819 eis
3565 3764 3751 3823 Δαϐὶδε
3789 3771 3833 3816 at

2261 3833 2391 3896 vero
2417 3858 2537 3898 cum
2569 3844 2637 3900 de
2663 3846 2838 3904 David
2868 3851 2981 3905 vult
3011 3853 3273 3921 psalmum
3296 3833 3740 3933 quisitscriptus
3763 3860 3829 3913 in.

2261 3935 2460 4004 telligi.
2501 3937 2574 3990 ita
2610 3943 3000 4012 superscribit,
3047 3955 3122 4022 τῷ
3165 3950 3364 4007 Δαϐὶδε
3393 3950 3713 4015 discernens
3748 3969 3831 4025 per

2260 4027 2543 4098 utriusque
2611 4035 2950 4101 pronominis
3018 4041 3289 4110 propriam
3357 4045 3826 4117 signiﬁcationem.

2258 4125 2435 4173 utrum
2466 4121 2632 4178 David
2661 4126 2847 4195 scripti
2879 4129 3073 4197 psalmi
3103 4142 3327 4202 auctor,
3374 4151 3442 4192 an
3475 4144 3640 4199 causa
3660 4132 3755 4195 ‘sit:
3779 4146 3827 4195 ut

2257 4213 2647 4279 superscriptio
2696 4218 2887 4287 psalmi
2933 4221 3089 4279 istius
3120 4225 3393 4291 continet,
3438 4238 3514 4305 τῷ
3552 4231 3738 4299 Δαϐὶδ,
3767 4229 3823 4285 ita

2257 4304 2401 4358 enim
2434 4304 2597 4362 habet
2616 4350 2630 4374 ,
2662 4308 2714 4363 id
2738 4319 2825 4365 est
2844 4353 2857 4377 ,
2890 4314 3034 4383 quod
3055 4326 3280 4388 propter
3301 4335 3424 4377 eum
3449 4304 3539 4379 vel
3557 4324 3630 4378 illi
3651 4323 3823 4395 potius,

2257 4411 2414 4466 quam
2438 4400 2507 4454 ab
2532 4415 2599 4456 eo
2622 4404 2855 4473 scriptus
2877 4406 2964 4465 sit.
3022 4408 3101 4465 Ex
3123 4427 3223 4482 qua
3254 4414 3417 4470 etiam
3441 4418 3634 4488 psalmi
3661 4404 3824 4488 super-

2252 4490 2547 4558 scriptione
2584 4500 2951 4564 monstratur,
2983 4497 3036 4554 in
3061 4516 3185 4557 eum
3214 4503 3517 4575 hominem,
3548 4525 3699 4581 quem
3734 4509 3822 4562 Do-

2166 4571 2227 4633 ‘B
2248 4580 2431 4636 minus
2461 4586 2751 4656 assumpsit
2791 4588 2843 4643 in
2888 4604 2954 4646 eo
2981 4606 3239 4663 nascens,
3270 4606 3324 4651 et
3351 4613 3511 4663 quem
3557 4599 3711 4654 David
3733 4612 3823 4653 sa:-

2250 4671 2476 4743 pissimc
2503 4678 2771 4736 nominari
2800 4681 3104 4754 docuimus,
3138 4689 3408 4758 psalmum
3438 4693 3583 4750 hunc
3611 4693 3818 4767 Spiritus

2252 4765 2450 4822 virtute
2478 4776 2535 4823 et
2562 4769 2848 4841 Prophetm
2873 4790 2968 4832 ore
2993 4787 3289 4837 cantatum.

2310 4859 2376 4914 .5.
2402 4859 2714 4920 Benedictus
2736 4866 2998 4924 Dominus
3027 4869 3169 4928 Deus
3207 4891 3350 4931 meus
3368 4919 3384 4943 ,
3410 4879 3503 4949 qui
3550 4880 3690 4936 docet
3723 4894 3816 4932 ma—

2252 4966 2350 5005 nus
2409 4971 2547 5009 meas
2593 4957 2644 5012 in
2691 4958 2915 5030 bellum,
2957 4975 3006 5021 et
3056 4967 3246 5037 digitos
3291 4986 3432 5027 meos
3481 4973 3539 5028 in
3584 4973 3812 5046 pralium-

2248 5044 2305 5102 Si
2336 5046 2406 5101 ob
2456 5048 2504 5104 id
2534 5052 2882 5124 gratulationi
2912 5058 3178 5118 interfecti
3227 5062 3400 5121 Gell:
3426 5044 3723 5137 deputatur
3744 5064 3814 5120 hic

2250 5140 2492 5208 psalmus
2515 5183 2531 5209 ,
2562 5145 2686 5213 quia
2714 5145 2918 5204 dictum
2948 5161 3035 5206 est
3059 5193 3074 5216 ,
3103 5154 3207 5221 Qui
3232 5155 3383 5212 docet
3409 5175 3594 5215 atauus
3620 5176 3746 5214 meas
3768 5156 3810 5209 in

2250 5231 2475 5325 bellum;
2522 5237 2788 5305 accipiant
2834 5243 3139 5315 exemplum
3199 5247 3301 5303 hoc
3355 5264 3607 5319 personae
3658 5254 3810 5325 potius

2249 5320 2457 5379 Domini
2480 5328 2789 5385 convenire.
2814 5331 2948 5389 Nam
2992 5335 3045 5392 in
3071 5338 3303 5410 septimo
3336 5339 3554 5400 decimo
3570 5320 3807 5415 psalmo.

2245 5416 2336 5485 qui
2364 5425 2505 5473 tutus
2534 5434 2599 5476 ex
2633 5435 2860 5491 persona
2896 5426 3108 5485 Domini
3134 5431 3416 5501 consistit,
3443 5434 3498 5491 id
3533 5433 3808 5508 ipsumdic-

2229 5593 2463 5683 φεῦ-ἐτι
2494 5601 2894 5683 exemplaribus
2920 5609 3050 5683 ,ειεὶς
3079 5612 3221 5670 enim
3252 5612 3453 5683 habet.
3478 5615 3549 5673 hi
3574 5613 3804 5675 male

2228 5665 2600 5764 egintpluribus
2612 5665 3800 5764 ξηεεξξρεζωρίαάάίιὶισήἑηύὲῖιῖζτὲἒεῖἆέἷ

2447 5755 2604 5809 neque
2630 5733 3093 5838 αρηιξθηώηξηέρν,
3123 5770 3283 5838 neque
3310 5733 3800 5838 _ap.u‘ilmalio's.iutsr-

2233 5817 2424 5877 pretes,
2445 5826 2606 5883 neque
2624 5818 2764 5885 apud
2787 5818 2924 5890 ipsos
2952 5817 3283 5887 LXXinvcni
3303 5817 3360 5882 in'
3376 5828 3621 5903 amplo.
