  <div class='ocr_page' id='page_1' title='image "/cluster/home/n/w/nwhite01/storage/ocr_20150623/9/uva.x000826531/442.png"; bbox 0 0 3984 6208; ppageno 0'>
   <div class='ocr_carea' id='block_1_1' title="bbox 134 308 3496 402">
    <p class='ocr_par' dir='ltr' id='par_1_1' title="bbox 134 308 3496 402">
     <span class='ocr_line' id='line_1_1' title="bbox 134 308 3496 402; baseline 0.012 -39"><span class='ocrx_word' id='word_1_1' title='bbox 134 308 285 365; x_wconf 60' lang='lat'><strong>8—15</strong></span> <span class='ocrx_word' id='word_1_2' title='bbox 1303 321 1713 383; x_wconf 67' lang='lat' dir='ltr'><strong>TRACTATUS</strong></span> <span class='ocrx_word' id='word_1_3' title='bbox 1738 323 1805 382; x_wconf 80' lang='grc' dir='ltr'><strong>ΙΝ</strong></span> <span class='ocrx_word' id='word_1_4' title='bbox 1830 319 2037 381; x_wconf 69' lang='lat' dir='ltr'><strong>CXLIII</strong></span> <span class='ocrx_word' id='word_1_5' title='bbox 2067 322 2421 385; x_wconf 67' lang='lat' dir='ltr'><strong>PSALMUM.</strong></span> <span class='ocrx_word' id='word_1_6' title='bbox 3388 343 3496 402; x_wconf 77' lang='grc' dir='ltr'><strong>ειθ</strong></span> 
     </span>
    </p>
   </div>
   <div class='ocr_carea' id='block_1_2' title="bbox 137 423 3493 527">
    <p class='ocr_par' dir='ltr' id='par_1_2' title="bbox 137 423 3493 527">
     <span class='ocr_line' id='line_1_2' title="bbox 137 423 3493 527; baseline 0.012 -52"><span class='ocrx_word' id='word_1_7' title='bbox 137 429 296 527; x_wconf 59' lang='lat' dir='ltr'><strong>tum</strong></span> <span class='ocrx_word' id='word_1_8' title='bbox 341 423 419 480; x_wconf 84' lang='lat' dir='ltr'><strong>ita</strong></span> <span class='ocrx_word' id='word_1_9' title='bbox 461 428 840 488; x_wconf 82' lang='lat' dir='ltr'><strong>meminimus:</strong></span> <span class='ocrx_word' id='word_1_10' title='bbox 878 431 978 500; x_wconf 80' lang='lat' dir='ltr'><strong>Qui</strong></span> <span class='ocrx_word' id='word_1_11' title='bbox 1003 433 1154 489; x_wconf 83' lang='lat' dir='ltr'><strong>doces</strong></span> <span class='ocrx_word' id='word_1_12' title='bbox 1194 450 1374 491; x_wconf 85' lang='lat' dir='ltr'><strong>manus</strong></span> <span class='ocrx_word' id='word_1_13' title='bbox 1404 455 1542 492; x_wconf 75' lang='lat' dir='ltr'><strong>nicas</strong></span> <span class='ocrx_word' id='word_1_14' title='bbox 1579 439 1630 492; x_wconf 83' lang='lat' dir='ltr'><strong>in</strong></span> <span class='ocrx_word' id='word_1_15' title='bbox 1653 455 1786 511; x_wconf 76' lang='lat' dir='ltr'><strong>prta-</strong></span> <span class='ocrx_word' id='word_1_16' title='bbox 1816 438 1870 499; x_wconf 75' lang='grc' dir='ltr'>Α</span> <span class='ocrx_word' id='word_1_17' title='bbox 1897 445 1991 491; x_wconf 74' lang='lat' dir='ltr'><strong>tne</strong></span> <span class='ocrx_word' id='word_1_18' title='bbox 2021 437 2417 496; x_wconf 79' lang='lat' dir='ltr'><strong>confessionem</strong></span> <span class='ocrx_word' id='word_1_19' title='bbox 2447 481 2462 508; x_wconf 89' lang='lat'><strong>,</strong></span> <span class='ocrx_word' id='word_1_20' title='bbox 2506 455 2734 512; x_wconf 89' lang='lat' dir='ltr'><strong>quorum</strong></span> <span class='ocrx_word' id='word_1_21' title='bbox 2787 445 3027 504; x_wconf 84' lang='lat' dir='ltr'><strong>habitum</strong></span> <span class='ocrx_word' id='word_1_22' title='bbox 3077 462 3452 527; x_wconf 80' lang='lat' dir='ltr'><strong>assumpserat</strong></span> <span class='ocrx_word' id='word_1_23' title='bbox 3478 503 3493 527; x_wconf 91' lang='lat'><strong>,</strong></span> 
     </span>
    </p>
   </div>
   <div class='ocr_carea' id='block_1_3' title="bbox 148 514 2235 599">
    <p class='ocr_par' dir='ltr' id='par_1_3' title="bbox 148 514 2235 599">
     <span class='ocr_line' id='line_1_3' title="bbox 148 514 2235 599; baseline 0.01 -32"><span class='ocrx_word' id='word_1_24' title='bbox 148 514 321 569; x_wconf 82' lang='lat' dir='ltr'><strong>lium</strong></span> <span class='ocrx_word' id='word_1_25' title='bbox 352 560 368 584; x_wconf 92' lang='lat'><strong>,</strong></span> <span class='ocrx_word' id='word_1_26' title='bbox 417 529 464 574; x_wconf 87' lang='lat' dir='ltr'><strong>et</strong></span> <span class='ocrx_word' id='word_1_27' title='bbox 527 524 744 590; x_wconf 76' lang='lat' dir='ltr'><strong>posuisti</strong></span> <span class='ocrx_word' id='word_1_28' title='bbox 806 534 862 579; x_wconf 86' lang='lat' dir='ltr'><strong>ut</strong></span> <span class='ocrx_word' id='word_1_29' title='bbox 924 544 1102 586; x_wconf 84' lang='lat' dir='ltr'><strong>arcum</strong></span> <span class='ocrx_word' id='word_1_30' title='bbox 1163 545 1354 584; x_wconf 71' lang='lat' dir='ltr'><strong>(ereum</strong></span> <span class='ocrx_word' id='word_1_31' title='bbox 1401 531 1609 587; x_wconf 80' lang='lat' dir='ltr'><strong>brachia</strong></span> <span class='ocrx_word' id='word_1_32' title='bbox 1678 549 1792 588; x_wconf 85' lang='lat' dir='ltr'><strong>mea</strong></span> <span class='ocrx_word' id='word_1_33' title='bbox 1894 529 2235 599; x_wconf 85' lang='lat' dir='ltr'><strong>praedicaret.</strong></span> 
     </span>
    </p>
   </div>
   <div class='ocr_carea' id='block_1_4' title="bbox 149 607 3489 698">
    <p class='ocr_par' dir='ltr' id='par_1_4' title="bbox 149 607 3489 698">
     <span class='ocr_line' id='line_1_4' title="bbox 149 607 3489 698; baseline 0.011 -36"><span class='ocrx_word' id='word_1_34' title='bbox 149 607 314 677; x_wconf 84' lang='lat' dir='ltr'><strong>(Ps.</strong></span> <span class='ocrx_word' id='word_1_35' title='bbox 357 627 484 673; x_wconf 83' lang='lat' dir='ltr'><strong>xvn,</strong></span> <span class='ocrx_word' id='word_1_36' title='bbox 518 613 634 686; x_wconf 81' lang='lat'><strong>35).</strong></span> <span class='ocrx_word' id='word_1_37' title='bbox 681 616 834 683; x_wconf 87' lang='lat' dir='ltr'><strong>Quod</strong></span> <span class='ocrx_word' id='word_1_38' title='bbox 865 627 1044 673; x_wconf 87' lang='lat' dir='ltr'><strong>autem</strong></span> <span class='ocrx_word' id='word_1_39' title='bbox 1071 619 1204 676; x_wconf 84' lang='lat' dir='ltr'><strong>nihil</strong></span> <span class='ocrx_word' id='word_1_40' title='bbox 1237 621 1290 676; x_wconf 90' lang='lat' dir='ltr'><strong>in</strong></span> <span class='ocrx_word' id='word_1_41' title='bbox 1330 623 1480 678; x_wconf 90' lang='lat' dir='ltr'><strong>illum</strong></span> <span class='ocrx_word' id='word_1_42' title='bbox 1509 624 1673 679; x_wconf 83' lang='lat' dir='ltr'><strong>David</strong></span> <span class='ocrx_word' id='word_1_43' title='bbox 1706 639 1791 680; x_wconf 89' lang='lat' dir='ltr'><strong>rc-</strong></span> <span class='ocrx_word' id='word_1_44' title='bbox 1962 622 2014 677; x_wconf 88' lang='lat'><strong>6.</strong></span> <span class='ocrx_word' id='word_1_45' title='bbox 2047 620 2240 678; x_wconf 84' lang='lat' dir='ltr'><strong>Christi</strong></span> <span class='ocrx_word' id='word_1_46' title='bbox 2277 626 2497 695; x_wconf 85' lang='lat' dir='ltr'><strong>populus</strong></span> <span class='ocrx_word' id='word_1_47' title='bbox 2517 668 2532 695; x_wconf 94' lang='lat'><strong>,</strong></span> <span class='ocrx_word' id='word_1_48' title='bbox 2566 644 2666 684; x_wconf 84' lang='lat' dir='ltr'><strong>non</strong></span> <span class='ocrx_word' id='word_1_49' title='bbox 2687 631 2785 686; x_wconf 83' lang='lat' dir='ltr'><strong>soli</strong></span> <span class='ocrx_word' id='word_1_50' title='bbox 2811 629 3007 688; x_wconf 59' lang='lat' dir='ltr'><strong>Judaei.</strong></span> <span class='ocrx_word' id='word_1_51' title='bbox 3036 664 3106 676; x_wconf 83' lang='lat'><em>--</em></span> <span class='ocrx_word' id='word_1_52' title='bbox 3130 635 3265 693; x_wconf 88' lang='lat' dir='ltr'><strong>Illud</strong></span> <span class='ocrx_word' id='word_1_53' title='bbox 3305 649 3489 698; x_wconf 84' lang='lat' dir='ltr'><strong>autem</strong></span> 
     </span>
    </p>
   </div>
   <div class='ocr_carea' id='block_1_5' title="bbox 145 701 3492 797">
    <p class='ocr_par' dir='ltr' id='par_1_5' title="bbox 145 701 3492 797">
     <span class='ocr_line' id='line_1_5' title="bbox 145 701 3492 797; baseline 0.01 -41"><span class='ocrx_word' id='word_1_54' title='bbox 145 701 561 797; x_wconf 9' lang='lat' dir='ltr'><strong>ferrigpnssit,</strong></span> <span class='ocrx_word' id='word_1_55' title='bbox 594 706 646 761; x_wconf 91' lang='lat' dir='ltr'><strong>in</strong></span> <span class='ocrx_word' id='word_1_56' title='bbox 679 709 827 766; x_wconf 92' lang='lat' dir='ltr'><strong>omni</strong></span> <span class='ocrx_word' id='word_1_57' title='bbox 875 711 1090 779; x_wconf 88' lang='lat' dir='ltr'><strong>quidem</strong></span> <span class='ocrx_word' id='word_1_58' title='bbox 1121 714 1365 783; x_wconf 82' lang='lat' dir='ltr'><strong>psalmo,</strong></span> <span class='ocrx_word' id='word_1_59' title='bbox 1411 716 1505 771; x_wconf 87' lang='lat' dir='ltr'><strong>sed</strong></span> <span class='ocrx_word' id='word_1_60' title='bbox 1553 718 1790 772; x_wconf 81' lang='lat' dir='ltr'><strong>maxime</strong></span> <span class='ocrx_word' id='word_1_61' title='bbox 1892 714 2034 782; x_wconf 90' lang='lat' dir='ltr'><strong>quod</strong></span> <span class='ocrx_word' id='word_1_62' title='bbox 2063 717 2140 770; x_wconf 93' lang='lat' dir='ltr'><strong>ait</strong></span> <span class='ocrx_word' id='word_1_63' title='bbox 2172 736 2184 771; x_wconf 89' lang='lat'><strong>:</strong></span> <span class='ocrx_word' id='word_1_64' title='bbox 2213 716 2504 788; x_wconf 83' lang='lat' dir='ltr'><strong>Subjiciens</strong></span> <span class='ocrx_word' id='word_1_65' title='bbox 2545 722 2794 792; x_wconf 84' lang='lat' dir='ltr'><strong>papulum</strong></span> <span class='ocrx_word' id='word_1_66' title='bbox 2834 742 2998 780; x_wconf 84' lang='lat' dir='ltr'><strong>meum</strong></span> <span class='ocrx_word' id='word_1_67' title='bbox 3019 728 3112 782; x_wconf 86' lang='lat' dir='ltr'><strong>sub</strong></span> <span class='ocrx_word' id='word_1_68' title='bbox 3139 746 3247 797; x_wconf 81' lang='lat' dir='ltr'><strong>nte,</strong></span> <span class='ocrx_word' id='word_1_69' title='bbox 3274 747 3380 787; x_wconf 90' lang='lat' dir='ltr'><strong>non</strong></span> <span class='ocrx_word' id='word_1_70' title='bbox 3423 749 3492 791; x_wconf 79' lang='lat' dir='ltr'><strong>ex</strong></span> 
     </span>
    </p>
   </div>
   <div class='ocr_carea' id='block_1_6' title="bbox 145 792 3490 884">
    <p class='ocr_par' dir='ltr' id='par_1_6' title="bbox 145 792 3490 884">
     <span class='ocr_line' id='line_1_6' title="bbox 145 792 3490 884; baseline 0.01 -39"><span class='ocrx_word' id='word_1_71' title='bbox 145 792 256 846; x_wconf 81' lang='lat' dir='ltr'><strong>liis</strong></span> <span class='ocrx_word' id='word_1_72' title='bbox 285 793 456 850; x_wconf 86' lang='lat' dir='ltr'><strong>dictis</strong></span> <span class='ocrx_word' id='word_1_73' title='bbox 481 796 744 854; x_wconf 84' lang='lat' dir='ltr'><strong>docetur:</strong></span> <span class='ocrx_word' id='word_1_74' title='bbox 777 799 988 856; x_wconf 81' lang='lat' dir='ltr'><strong>Audiuit</strong></span> <span class='ocrx_word' id='word_1_75' title='bbox 1007 803 1070 856; x_wconf 88' lang='lat' dir='ltr'><strong>de</strong></span> <span class='ocrx_word' id='word_1_76' title='bbox 1089 806 1276 874; x_wconf 85' lang='lat' dir='ltr'><strong>templo</strong></span> <span class='ocrx_word' id='word_1_77' title='bbox 1304 817 1481 862; x_wconf 84' lang='lat' dir='ltr'><strong>sancto</strong></span> <span class='ocrx_word' id='word_1_78' title='bbox 1501 825 1594 864; x_wconf 85' lang='lat' dir='ltr'><strong>suo</strong></span> <span class='ocrx_word' id='word_1_79' title='bbox 1619 825 1788 864; x_wconf 78' lang='lat' dir='ltr'><strong>vocem</strong></span> <span class='ocrx_word' id='word_1_80' title='bbox 1890 819 2120 876; x_wconf 82' lang='lat' dir='ltr'><strong>persona</strong></span> <span class='ocrx_word' id='word_1_81' title='bbox 2150 809 2330 865; x_wconf 88' lang='lat' dir='ltr'><strong>unius.</strong></span> <span class='ocrx_word' id='word_1_82' title='bbox 2361 809 2568 867; x_wconf 82' lang='lat' dir='ltr'><strong>Judaici</strong></span> <span class='ocrx_word' id='word_1_83' title='bbox 2611 817 2794 884; x_wconf 86' lang='lat' dir='ltr'><strong>populi</strong></span> <span class='ocrx_word' id='word_1_84' title='bbox 2825 817 3024 875; x_wconf 91' lang='lat' dir='ltr'><strong>dictum</strong></span> <span class='ocrx_word' id='word_1_85' title='bbox 3069 792 3490 884; x_wconf 72' lang='lat' dir='ltr'><strong>existimandum</strong></span> 
     </span>
    </p>
   </div>
   <div class='ocr_carea' id='block_1_7' title="bbox 142 889 1777 985">
    <p class='ocr_par' dir='ltr' id='par_1_7' title="bbox 142 889 1777 967">
     <span class='ocr_line' id='line_1_7' title="bbox 142 889 1777 967; baseline 0.012 -30"><span class='ocrx_word' id='word_1_86' title='bbox 142 902 376 944; x_wconf 82' lang='lat' dir='ltr'><strong>meam.</strong></span> <span class='ocrx_word' id='word_1_87' title='bbox 394 899 441 944; x_wconf 89' lang='lat' dir='ltr'><strong>et</strong></span> <span class='ocrx_word' id='word_1_88' title='bbox 462 889 658 945; x_wconf 86' lang='lat' dir='ltr'><strong>clamor</strong></span> <span class='ocrx_word' id='word_1_89' title='bbox 681 909 820 948; x_wconf 78' lang='lat' dir='ltr'><strong>meus</strong></span> <span class='ocrx_word' id='word_1_90' title='bbox 835 895 887 949; x_wconf 83' lang='lat' dir='ltr'><strong>in</strong></span> <span class='ocrx_word' id='word_1_91' title='bbox 907 908 1178 960; x_wconf 82' lang='lat' dir='ltr'><strong>conspectu</strong></span> <span class='ocrx_word' id='word_1_92' title='bbox 1190 899 1303 967; x_wconf 77' lang='lat' dir='ltr'><strong>eius</strong></span> <span class='ocrx_word' id='word_1_93' title='bbox 1321 899 1545 956; x_wconf 72' lang='lat' dir='ltr'><strong>introivit</strong></span> <span class='ocrx_word' id='word_1_94' title='bbox 1566 903 1619 956; x_wconf 84' lang='lat' dir='ltr'><strong>in</strong></span> <span class='ocrx_word' id='word_1_95' title='bbox 1639 919 1777 958; x_wconf 69' lang='lat' dir='ltr'><strong>aurei</strong></span> 
     </span>
    </p>
   </div>
   <div class='ocr_carea' id='block_1_8' title="bbox 1883 889 3486 985">
    <p class='ocr_par' dir='ltr' id='par_1_8' title="bbox 1891 901 3486 985">
     <span class='ocr_line' id='line_1_8' title="bbox 1891 901 3486 985; baseline 0.014 -33"><span class='ocrx_word' id='word_1_96' title='bbox 1891 906 1975 954; x_wconf 91' lang='lat' dir='ltr'><strong>est</strong></span> <span class='ocrx_word' id='word_1_97' title='bbox 2006 916 2018 952; x_wconf 89' lang='lat'><strong>:</strong></span> <span class='ocrx_word' id='word_1_98' title='bbox 2055 914 2177 955; x_wconf 92' lang='lat' dir='ltr'><strong>cum</strong></span> <span class='ocrx_word' id='word_1_99' title='bbox 2205 901 2609 960; x_wconf 72' lang='lat' dir='ltr'><strong>universitatem</strong></span> <span class='ocrx_word' id='word_1_100' title='bbox 2638 907 2896 964; x_wconf 83' lang='lat' dir='ltr'><strong>Ecclesia:</strong></span> <span class='ocrx_word' id='word_1_101' title='bbox 2939 928 3101 968; x_wconf 91' lang='lat' dir='ltr'><strong>unum</strong></span> <span class='ocrx_word' id='word_1_102' title='bbox 3135 917 3390 985; x_wconf 83' lang='lat' dir='ltr'><strong>populum</strong></span> <span class='ocrx_word' id='word_1_103' title='bbox 3433 920 3486 979; x_wconf 89' lang='lat' dir='ltr'><strong>in</strong></span> 
     </span>
    </p>
   </div>
   <div class='ocr_carea' id='block_1_9' title="bbox 147 980 3494 1080">
    <p class='ocr_par' dir='ltr' id='par_1_9' title="bbox 147 980 3494 1080">
     <span class='ocr_line' id='line_1_9' title="bbox 147 980 3494 1080; baseline 0.008 -48"><span class='ocrx_word' id='word_1_104' title='bbox 147 980 409 1052; x_wconf 55' lang='lat' dir='ltr'><strong>(’jlu..El</strong></span> <span class='ocrx_word' id='word_1_105' title='bbox 431 995 684 1040; x_wconf 86' lang='lat' dir='ltr'><strong>commota</strong></span> <span class='ocrx_word' id='word_1_106' title='bbox 711 997 785 1041; x_wconf 89' lang='lat' dir='ltr'><strong>est</strong></span> <span class='ocrx_word' id='word_1_107' title='bbox 811 997 860 1041; x_wconf 84' lang='lat' dir='ltr'><strong>et</strong></span> <span class='ocrx_word' id='word_1_108' title='bbox 881 993 1180 1045; x_wconf 79' lang='lat' dir='ltr'><strong>contremuit</strong></span> <span class='ocrx_word' id='word_1_109' title='bbox 1210 1001 1368 1058; x_wconf 88' lang='lat' dir='ltr'><strong>terra,</strong></span> <span class='ocrx_word' id='word_1_110' title='bbox 1385 995 1787 1065; x_wconf 71' lang='lat' dir='ltr'><strong>etfundamenta</strong></span> <span class='ocrx_word' id='word_1_111' title='bbox 1889 988 2096 1058; x_wconf 57' lang='lat' dir='ltr'><strong>Psalmo</strong></span> <span class='ocrx_word' id='word_1_112' title='bbox 2118 991 2225 1046; x_wconf 77' lang='lat' dir='ltr'><strong>alio</strong></span> <span class='ocrx_word' id='word_1_113' title='bbox 2247 997 2658 1065; x_wconf 82' lang='lat' dir='ltr'><strong>nuncupaverit,</strong></span> <span class='ocrx_word' id='word_1_114' title='bbox 2682 997 2868 1056; x_wconf 80' lang='lat' dir='ltr'><strong>dicens</strong></span> <span class='ocrx_word' id='word_1_115' title='bbox 2893 1020 2906 1055; x_wconf 90' lang='lat'><strong>:</strong></span> <span class='ocrx_word' id='word_1_116' title='bbox 2938 980 3361 1080; x_wconf 41' lang='lat' dir='ltr'><strong>Populum-quem</strong></span> <span class='ocrx_word' id='word_1_117' title='bbox 3387 1027 3494 1066; x_wconf 80' lang='grc' dir='ltr'><strong>ηοη</strong></span> 
     </span>
    </p>
   </div>
   <div class='ocr_carea' id='block_1_10' title="bbox 146 1075 1777 1168">
    <p class='ocr_par' dir='ltr' id='par_1_10' title="bbox 146 1075 1777 1156">
     <span class='ocr_line' id='line_1_10' title="bbox 146 1075 1777 1156; baseline 0.011 -30"><span class='ocrx_word' id='word_1_118' title='bbox 146 1075 438 1130; x_wconf 82' lang='lat' dir='ltr'><strong>montium</strong></span> <span class='ocrx_word' id='word_1_119' title='bbox 452 1078 752 1133; x_wconf 84' lang='lat' dir='ltr'><strong>conturbata</strong></span> <span class='ocrx_word' id='word_1_120' title='bbox 773 1092 888 1135; x_wconf 84' lang='lat' dir='ltr'><strong>sunt</strong></span> <span class='ocrx_word' id='word_1_121' title='bbox 907 1081 957 1154; x_wconf 87' lang='lat' dir='ltr'><strong>(I</strong></span> <span class='ocrx_word' id='word_1_122' title='bbox 968 1083 1109 1136; x_wconf 84' lang='lat' dir='ltr'><strong>bid.7</strong></span> <span class='ocrx_word' id='word_1_123' title='bbox 1118 1083 1217 1156; x_wconf 88' lang='lat'><strong>,8).</strong></span> <span class='ocrx_word' id='word_1_124' title='bbox 1236 1085 1301 1139; x_wconf 89' lang='lat' dir='ltr'><strong>Et</strong></span> <span class='ocrx_word' id='word_1_125' title='bbox 1334 1086 1494 1140; x_wconf 90' lang='lat' dir='ltr'><strong>illud:</strong></span> <span class='ocrx_word' id='word_1_126' title='bbox 1524 1086 1777 1144; x_wconf 74' lang='lat' dir='ltr'><strong>Clamare-</strong></span> 
     </span>
    </p>
   </div>
   <div class='ocr_carea' id='block_1_11' title="bbox 1883 1075 3488 1168">
    <p class='ocr_par' dir='ltr' id='par_1_11' title="bbox 1889 1075 3488 1168">
     <span class='ocr_line' id='line_1_11' title="bbox 1889 1075 3488 1168; baseline 0.018 -34"><span class='ocrx_word' id='word_1_127' title='bbox 1889 1083 2134 1150; x_wconf 82' lang='lat' dir='ltr'><strong>cognoui,</strong></span> <span class='ocrx_word' id='word_1_128' title='bbox 2165 1086 2367 1143; x_wconf 79' lang='lat' dir='ltr'><strong>seruiuit</strong></span> <span class='ocrx_word' id='word_1_129' title='bbox 2401 1088 2528 1144; x_wconf 78' lang='lat' dir='ltr'><strong>mihi</strong></span> <span class='ocrx_word' id='word_1_130' title='bbox 2557 1089 2574 1159; x_wconf 98' lang='lat'><strong>(</strong></span> <span class='ocrx_word' id='word_1_131' title='bbox 2603 1088 2745 1146; x_wconf 82' lang='lat' dir='ltr'><strong>Psal.</strong></span> <span class='ocrx_word' id='word_1_132' title='bbox 2780 1109 2886 1149; x_wconf 73' lang='lat' dir='ltr'><strong>xvii</strong></span> <span class='ocrx_word' id='word_1_133' title='bbox 2906 1139 2921 1163; x_wconf 78' lang='lat'><strong>,</strong></span> <span class='ocrx_word' id='word_1_134' title='bbox 2959 1095 3026 1154; x_wconf 65' lang='grc'><strong>45</strong></span> <span class='ocrx_word' id='word_1_135' title='bbox 3047 1097 3086 1168; x_wconf 92' lang='grc'><strong>).</strong></span> <span class='ocrx_word' id='word_1_136' title='bbox 3113 1075 3267 1166; x_wconf 80' lang='lat' dir='ltr'><strong>Quod</strong></span> <span class='ocrx_word' id='word_1_137' title='bbox 3306 1115 3488 1163; x_wconf 86' lang='lat' dir='ltr'><strong>autem</strong></span> 
     </span>
    </p>
   </div>
   <div class='ocr_carea' id='block_1_12' title="bbox 147 1172 1777 1269">
    <p class='ocr_par' dir='ltr' id='par_1_12' title="bbox 147 1172 1777 1244">
     <span class='ocr_line' id='line_1_12' title="bbox 147 1172 1777 1244; baseline 0.01 -24"><span class='ocrx_word' id='word_1_138' title='bbox 147 1177 324 1231; x_wconf 80' lang='lat' dir='ltr'><strong>runt,</strong></span> <span class='ocrx_word' id='word_1_139' title='bbox 346 1185 441 1222; x_wconf 83' lang='lat' dir='ltr'><strong>nec</strong></span> <span class='ocrx_word' id='word_1_140' title='bbox 451 1172 655 1241; x_wconf 82' lang='lat' dir='ltr'><strong>eratqui</strong></span> <span class='ocrx_word' id='word_1_141' title='bbox 669 1175 834 1227; x_wconf 82' lang='lat' dir='ltr'><strong>salvos</strong></span> <span class='ocrx_word' id='word_1_142' title='bbox 846 1174 1054 1241; x_wconf 74' lang='lat' dir='ltr'><strong>faceret,</strong></span> <span class='ocrx_word' id='word_1_143' title='bbox 1070 1176 1137 1229; x_wconf 89' lang='lat' dir='ltr'><strong>ad</strong></span> <span class='ocrx_word' id='word_1_144' title='bbox 1154 1176 1447 1244; x_wconf 86' lang='lat' dir='ltr'><strong>Dominum,</strong></span> <span class='ocrx_word' id='word_1_145' title='bbox 1465 1195 1556 1234; x_wconf 83' lang='lat' dir='ltr'><strong>nec</strong></span> <span class='ocrx_word' id='word_1_146' title='bbox 1567 1183 1777 1236; x_wconf 67' lang='lat' dir='ltr'><strong>exaudi-</strong></span> 
     </span>
    </p>
   </div>
   <div class='ocr_carea' id='block_1_13' title="bbox 1883 1172 3486 1269">
    <p class='ocr_par' dir='ltr' id='par_1_13' title="bbox 1889 1173 3486 1269">
     <span class='ocr_line' id='line_1_13' title="bbox 1889 1173 3486 1269; baseline 0.018 -43"><span class='ocrx_word' id='word_1_147' title='bbox 1889 1173 2052 1229; x_wconf 85' lang='lat' dir='ltr'><strong>etiam</strong></span> <span class='ocrx_word' id='word_1_148' title='bbox 2083 1175 2170 1231; x_wconf 89' lang='lat' dir='ltr'><strong>hic</strong></span> <span class='ocrx_word' id='word_1_149' title='bbox 2196 1180 2284 1247; x_wconf 89' lang='lat' dir='ltr'><strong>qui</strong></span> <span class='ocrx_word' id='word_1_150' title='bbox 2317 1193 2438 1233; x_wconf 85' lang='lat' dir='ltr'><strong>eum</strong></span> <span class='ocrx_word' id='word_1_151' title='bbox 2470 1198 2572 1235; x_wconf 90' lang='lat' dir='ltr'><strong>non</strong></span> <span class='ocrx_word' id='word_1_152' title='bbox 2619 1187 2874 1254; x_wconf 80' lang='lat' dir='ltr'><strong>cognovit</strong></span> <span class='ocrx_word' id='word_1_153' title='bbox 2912 1204 3044 1245; x_wconf 88' lang='lat' dir='ltr'><strong>suus</strong></span> <span class='ocrx_word' id='word_1_154' title='bbox 3073 1195 3166 1260; x_wconf 89' lang='lat' dir='ltr'><strong>sit,</strong></span> <span class='ocrx_word' id='word_1_155' title='bbox 3194 1195 3486 1269; x_wconf 74' lang='lat' dir='ltr'><strong>Evangelia</strong></span> 
     </span>
    </p>
   </div>
   <div class='ocr_carea' id='block_1_14' title="bbox 147 1259 3488 1360">
    <p class='ocr_par' dir='ltr' id='par_1_14' title="bbox 147 1259 3488 1360">
     <span class='ocr_line' id='line_1_14' title="bbox 147 1259 3488 1360; baseline 0.011 -49"><span class='ocrx_word' id='word_1_156' title='bbox 147 1259 237 1312; x_wconf 66' lang='lat' dir='ltr'><strong>uit</strong></span> <span class='ocrx_word' id='word_1_157' title='bbox 253 1276 372 1313; x_wconf 85' lang='lat' dir='ltr'><strong>eos.</strong></span> <span class='ocrx_word' id='word_1_158' title='bbox 398 1260 462 1315; x_wconf 84' lang='lat' dir='ltr'><strong>Et</strong></span> <span class='ocrx_word' id='word_1_159' title='bbox 476 1264 814 1318; x_wconf 78' lang='lat' dir='ltr'><strong>comminuunt</strong></span> <span class='ocrx_word' id='word_1_160' title='bbox 831 1266 946 1321; x_wconf 85' lang='lat' dir='ltr'><strong>illos</strong></span> <span class='ocrx_word' id='word_1_161' title='bbox 959 1277 1013 1320; x_wconf 86' lang='lat' dir='ltr'><strong>ut</strong></span> <span class='ocrx_word' id='word_1_162' title='bbox 1030 1267 1280 1336; x_wconf 81' lang='lat' dir='ltr'><strong>puluerem</strong></span> <span class='ocrx_word' id='word_1_163' title='bbox 1299 1280 1417 1326; x_wconf 85' lang='lat' dir='ltr'><strong>ante</strong></span> <span class='ocrx_word' id='word_1_164' title='bbox 1429 1272 1609 1341; x_wconf 83' lang='lat' dir='ltr'><strong>faciem</strong></span> <span class='ocrx_word' id='word_1_165' title='bbox 1630 1275 1782 1340; x_wconf 73' lang='lat' dir='ltr'><strong>uetiti,</strong></span> <span class='ocrx_word' id='word_1_166' title='bbox 1887 1264 2104 1334; x_wconf 63' lang='lat' dir='ltr'><strong>docent,</strong></span> <span class='ocrx_word' id='word_1_167' title='bbox 2129 1285 2249 1327; x_wconf 86' lang='lat' dir='ltr'><strong>Cum</strong></span> <span class='ocrx_word' id='word_1_168' title='bbox 2272 1272 2441 1338; x_wconf 87' lang='lat' dir='ltr'><strong>aiunt,</strong></span> <span class='ocrx_word' id='word_1_169' title='bbox 2468 1273 2494 1328; x_wconf 85' lang='grc'><strong><em>1</em></strong></span> <span class='ocrx_word' id='word_1_170' title='bbox 2503 1293 2536 1330; x_wconf 86' lang='grc' dir='ltr'><strong>ιι</strong></span> <span class='ocrx_word' id='word_1_171' title='bbox 2559 1293 2652 1332; x_wconf 87' lang='lat' dir='ltr'><strong>sua</strong></span> <span class='ocrx_word' id='word_1_172' title='bbox 2675 1281 2829 1345; x_wconf 83' lang='lat' dir='ltr'><strong>uenit,</strong></span> <span class='ocrx_word' id='word_1_173' title='bbox 2849 1291 2894 1336; x_wconf 81' lang='lat' dir='ltr'><strong>et</strong></span> <span class='ocrx_word' id='word_1_174' title='bbox 2923 1285 3003 1338; x_wconf 74' lang='lat' dir='ltr'><strong>sui</strong></span> <span class='ocrx_word' id='word_1_175' title='bbox 3027 1259 3157 1341; x_wconf 78' lang='lat' dir='ltr'><strong>euut</strong></span> <span class='ocrx_word' id='word_1_176' title='bbox 3172 1290 3243 1360; x_wconf 80' lang='grc' dir='ltr'>(ιι)</span> <span class='ocrx_word' id='word_1_177' title='bbox 3278 1259 3382 1355; x_wconf 71' lang='grc' dir='ltr'><strong>ηοῆ¹</strong></span> <span class='ocrx_word' id='word_1_178' title='bbox 3407 1312 3488 1349; x_wconf 83' lang='lat' dir='ltr'><strong>re-</strong></span> 
     </span>
    </p>
   </div>
   <div class='ocr_carea' id='block_1_15' title="bbox 148 1353 3498 1454">
    <p class='ocr_par' dir='ltr' id='par_1_15' title="bbox 148 1353 3498 1454">
     <span class='ocr_line' id='line_1_15' title="bbox 148 1353 3498 1454; baseline 0.011 -50"><span class='ocrx_word' id='word_1_179' title='bbox 148 1361 222 1405; x_wconf 81' lang='lat' dir='ltr'><strong>ut</strong></span> <span class='ocrx_word' id='word_1_180' title='bbox 259 1353 438 1407; x_wconf 82' lang='lat' dir='ltr'><strong>lutum</strong></span> <span class='ocrx_word' id='word_1_181' title='bbox 455 1354 737 1422; x_wconf 83' lang='lat' dir='ltr'><strong>platearum</strong></span> <span class='ocrx_word' id='word_1_182' title='bbox 761 1356 934 1412; x_wconf 85' lang='lat' dir='ltr'><strong>delebo</strong></span> <span class='ocrx_word' id='word_1_183' title='bbox 953 1375 1057 1414; x_wconf 84' lang='lat' dir='ltr'><strong>eos.</strong></span> <span class='ocrx_word' id='word_1_184' title='bbox 1079 1359 1284 1432; x_wconf 85' lang='lat' dir='ltr'><strong>Eripies</strong></span> <span class='ocrx_word' id='word_1_185' title='bbox 1308 1379 1388 1416; x_wconf 79' lang='lat' dir='ltr'><strong>ms</strong></span> <span class='ocrx_word' id='word_1_186' title='bbox 1413 1363 1477 1416; x_wconf 81' lang='lat' dir='ltr'><strong>de</strong></span> <span class='ocrx_word' id='word_1_187' title='bbox 1496 1368 1783 1420; x_wconf 82' lang='lat' dir='ltr'><strong>contradic-</strong></span> <span class='ocrx_word' id='word_1_188' title='bbox 1888 1373 2150 1430; x_wconf 76' lang='lat' dir='ltr'><strong>ceperunt.</strong></span> <span class='ocrx_word' id='word_1_189' title='bbox 2175 1362 2242 1418; x_wconf 81' lang='lat' dir='ltr'><strong>1n</strong></span> <span class='ocrx_word' id='word_1_190' title='bbox 2269 1368 2462 1423; x_wconf 84' lang='lat' dir='ltr'><strong>mundo</strong></span> <span class='ocrx_word' id='word_1_191' title='bbox 2479 1379 2606 1434; x_wconf 85' lang='lat' dir='ltr'><strong>erat,</strong></span> <span class='ocrx_word' id='word_1_192' title='bbox 2637 1381 2686 1426; x_wconf 83' lang='lat' dir='ltr'><strong>et</strong></span> <span class='ocrx_word' id='word_1_193' title='bbox 2713 1376 2933 1430; x_wconf 78' lang='lat' dir='ltr'><strong>mtmdus</strong></span> <span class='ocrx_word' id='word_1_194' title='bbox 2953 1396 3046 1449; x_wconf 74' lang='lat' dir='ltr'><strong>per</strong></span> <span class='ocrx_word' id='word_1_195' title='bbox 3064 1353 3187 1436; x_wconf 35' lang='lat' dir='ltr'><strong>eum‘</strong></span> <span class='ocrx_word' id='word_1_196' title='bbox 3204 1353 3498 1454; x_wconf 16' lang='lat' dir='ltr'><strong>factus-est,&quot;</strong></span> 
     </span>
    </p>
   </div>
   <div class='ocr_carea' id='block_1_16' title="bbox 153 1445 3484 1548">
    <p class='ocr_par' dir='ltr' id='par_1_16' title="bbox 153 1445 3484 1548">
     <span class='ocr_line' id='line_1_16' title="bbox 153 1445 3484 1548; baseline 0.011 -51"><span class='ocrx_word' id='word_1_197' title='bbox 153 1445 408 1500; x_wconf 77' lang='lat' dir='ltr'><strong>tionibus</strong></span> <span class='ocrx_word' id='word_1_198' title='bbox 435 1449 633 1520; x_wconf 83' lang='lat' dir='ltr'><strong>populi,</strong></span> <span class='ocrx_word' id='word_1_199' title='bbox 649 1453 922 1505; x_wconf 81' lang='lat' dir='ltr'><strong>constitues</strong></span> <span class='ocrx_word' id='word_1_200' title='bbox 951 1468 1030 1506; x_wconf 77' lang='lat' dir='ltr'><strong>me</strong></span> <span class='ocrx_word' id='word_1_201' title='bbox 1047 1453 1098 1507; x_wconf 84' lang='lat' dir='ltr'><strong>in</strong></span> <span class='ocrx_word' id='word_1_202' title='bbox 1115 1465 1267 1523; x_wconf 81' lang='lat' dir='ltr'><strong>caput</strong></span> <span class='ocrx_word' id='word_1_203' title='bbox 1282 1456 1528 1526; x_wconf 85' lang='lat' dir='ltr'><strong>gentium.</strong></span> <span class='ocrx_word' id='word_1_204' title='bbox 1550 1455 1784 1529; x_wconf 78' lang='lat' dir='ltr'><strong>Populus</strong></span> <span class='ocrx_word' id='word_1_205' title='bbox 1885 1465 1934 1509; x_wconf 78' lang='grc' dir='ltr'>ει</span> <span class='ocrx_word' id='word_1_206' title='bbox 1964 1459 2184 1514; x_wconf 71' lang='lat' dir='ltr'><strong>&quot;modus</strong></span> <span class='ocrx_word' id='word_1_207' title='bbox 2209 1479 2326 1517; x_wconf 83' lang='lat' dir='ltr'><strong>eum</strong></span> <span class='ocrx_word' id='word_1_208' title='bbox 2345 1481 2448 1518; x_wconf 84' lang='lat' dir='ltr'><strong>non</strong></span> <span class='ocrx_word' id='word_1_209' title='bbox 2474 1469 2708 1539; x_wconf 82' lang='lat' dir='ltr'><strong>cognovit</strong></span> <span class='ocrx_word' id='word_1_210' title='bbox 2733 1467 2908 1540; x_wconf 76' lang='lat' dir='ltr'><strong>(Joau.</strong></span> <span class='ocrx_word' id='word_1_211' title='bbox 2936 1445 2973 1533; x_wconf 37' lang='grc' dir='ltr'><strong>ι’.</strong></span> <span class='ocrx_word' id='word_1_212' title='bbox 3018 1475 3074 1528; x_wconf 81' lang='lat' dir='ltr'><strong>ll</strong></span> <span class='ocrx_word' id='word_1_213' title='bbox 3123 1486 3172 1530; x_wconf 90' lang='lat' dir='ltr'><strong>et</strong></span> <span class='ocrx_word' id='word_1_214' title='bbox 3204 1445 3334 1548; x_wconf 42' lang='lat'><strong>&#39;10).</strong></span> <span class='ocrx_word' id='word_1_215' title='bbox 3375 1445 3484 1536; x_wconf 83' lang='lat' dir='ltr'><strong>Sed</strong></span> 
     </span>
    </p>
   </div>
   <div class='ocr_carea' id='block_1_17' title="bbox 151 1544 3484 1640">
    <p class='ocr_par' dir='ltr' id='par_1_17' title="bbox 151 1544 3484 1640">
     <span class='ocr_line' id='line_1_17' title="bbox 151 1544 3484 1640; baseline 0.01 -47"><span class='ocrx_word' id='word_1_216' title='bbox 151 1555 334 1614; x_wconf 78' lang='lat' dir='ltr'><strong>quem</strong></span> <span class='ocrx_word' id='word_1_217' title='bbox 369 1558 468 1596; x_wconf 80' lang='lat' dir='ltr'><strong>non</strong></span> <span class='ocrx_word' id='word_1_218' title='bbox 495 1544 706 1612; x_wconf 74' lang='lat' dir='ltr'><strong>cognoui</strong></span> <span class='ocrx_word' id='word_1_219' title='bbox 731 1545 932 1604; x_wconf 78' lang='lat' dir='ltr'><strong>ssrvivit</strong></span> <span class='ocrx_word' id='word_1_220' title='bbox 956 1546 1100 1612; x_wconf 84' lang='lat' dir='ltr'><strong>mihi,</strong></span> <span class='ocrx_word' id='word_1_221' title='bbox 1123 1548 1190 1602; x_wconf 87' lang='lat' dir='ltr'><strong>ad</strong></span> <span class='ocrx_word' id='word_1_222' title='bbox 1206 1548 1443 1604; x_wconf 81' lang='lat' dir='ltr'><strong>auditum</strong></span> <span class='ocrx_word' id='word_1_223' title='bbox 1469 1551 1609 1606; x_wconf 83' lang='lat' dir='ltr'><strong>auris</strong></span> <span class='ocrx_word' id='word_1_224' title='bbox 1625 1552 1783 1606; x_wconf 88' lang='lat' dir='ltr'><strong>obau-</strong></span> <span class='ocrx_word' id='word_1_225' title='bbox 1887 1563 1955 1603; x_wconf 77' lang='lat' dir='ltr'><strong>tte</strong></span> <span class='ocrx_word' id='word_1_226' title='bbox 1980 1548 2118 1607; x_wconf 79' lang='lat' dir='ltr'><strong>forte</strong></span> <span class='ocrx_word' id='word_1_227' title='bbox 2147 1551 2235 1609; x_wconf 90' lang='lat' dir='ltr'><strong>hic</strong></span> <span class='ocrx_word' id='word_1_228' title='bbox 2259 1558 2508 1626; x_wconf 87' lang='lat' dir='ltr'><strong>populus,</strong></span> <span class='ocrx_word' id='word_1_229' title='bbox 2543 1575 2700 1627; x_wconf 90' lang='lat' dir='ltr'><strong>quem</strong></span> <span class='ocrx_word' id='word_1_230' title='bbox 2732 1560 2864 1631; x_wconf 82' lang='lat' dir='ltr'><strong>(Hic</strong></span> <span class='ocrx_word' id='word_1_231' title='bbox 2883 1564 3202 1620; x_wconf 70' lang='lat' dir='ltr'><strong>desideratur</strong></span> <span class='ocrx_word' id='word_1_232' title='bbox 3227 1544 3358 1640; x_wconf 85' lang='lat' dir='ltr'><strong>non)</strong></span> <span class='ocrx_word' id='word_1_233' title='bbox 3386 1586 3484 1626; x_wconf 83' lang='lat' dir='ltr'><strong>co-</strong></span> 
     </span>
    </p>
   </div>
   <div class='ocr_carea' id='block_1_18' title="bbox 154 1630 1780 1710">
    <p class='ocr_par' dir='ltr' id='par_1_18' title="bbox 154 1630 1780 1710">
     <span class='ocr_line' id='line_1_18' title="bbox 154 1630 1780 1710; baseline 0.009 -26"><span class='ocrx_word' id='word_1_234' title='bbox 154 1630 306 1687; x_wconf 74' lang='lat' dir='ltr'><strong>diuit</strong></span> <span class='ocrx_word' id='word_1_235' title='bbox 331 1633 461 1686; x_wconf 74' lang='lat' dir='ltr'><strong>mihi</strong></span> <span class='ocrx_word' id='word_1_236' title='bbox 489 1635 506 1702; x_wconf 90' lang='lat'><strong>(</strong></span> <span class='ocrx_word' id='word_1_237' title='bbox 516 1632 538 1692; x_wconf 83' lang='grc' dir='ltr'><strong><em>Ι</em></strong></span> <span class='ocrx_word' id='word_1_238' title='bbox 547 1634 647 1688; x_wconf 87' lang='lat' dir='ltr'><strong>bid.</strong></span> <span class='ocrx_word' id='word_1_239' title='bbox 679 1633 750 1688; x_wconf 63' lang='grc' dir='ltr'>Η</span> <span class='ocrx_word' id='word_1_240' title='bbox 766 1647 811 1690; x_wconf 85' lang='lat' dir='ltr'><strong>st</strong></span> <span class='ocrx_word' id='word_1_241' title='bbox 840 1638 1027 1708; x_wconf 70' lang='lat' dir='ltr'><strong>seqq).</strong></span> <span class='ocrx_word' id='word_1_242' title='bbox 1044 1637 1225 1694; x_wconf 82' lang='lat' dir='ltr'><strong>Rebus</strong></span> <span class='ocrx_word' id='word_1_243' title='bbox 1247 1640 1568 1710; x_wconf 81' lang='lat' dir='ltr'><strong>ipsisinepta</strong></span> <span class='ocrx_word' id='word_1_244' title='bbox 1593 1659 1780 1699; x_wconf 90' lang='lat' dir='ltr'><strong>eorum</strong></span> 
     </span>
    </p>
   </div>
   <div class='ocr_carea' id='block_1_19' title="bbox 157 1721 1782 1804">
    <p class='ocr_par' dir='ltr' id='par_1_19' title="bbox 157 1721 1782 1804">
     <span class='ocr_line' id='line_1_19' title="bbox 157 1721 1782 1804; baseline 0.008 -27"><span class='ocrx_word' id='word_1_245' title='bbox 157 1721 540 1794; x_wconf 67' lang='lat' dir='ltr'><strong>intelligentia</strong></span> <span class='ocrx_word' id='word_1_246' title='bbox 570 1727 897 1797; x_wconf 88' lang='lat' dir='ltr'><strong>coarguitur,</strong></span> <span class='ocrx_word' id='word_1_247' title='bbox 919 1729 1008 1797; x_wconf 89' lang='lat' dir='ltr'><strong>qui</strong></span> <span class='ocrx_word' id='word_1_248' title='bbox 1052 1731 1168 1786; x_wconf 79' lang='lat' dir='ltr'><strong>haec</strong></span> <span class='ocrx_word' id='word_1_249' title='bbox 1221 1730 1386 1786; x_wconf 84' lang='lat' dir='ltr'><strong>David</strong></span> <span class='ocrx_word' id='word_1_250' title='bbox 1439 1732 1506 1788; x_wconf 91' lang='lat' dir='ltr'><strong>de</strong></span> <span class='ocrx_word' id='word_1_251' title='bbox 1557 1748 1616 1789; x_wconf 91' lang='lat' dir='ltr'><strong>se</strong></span> <span class='ocrx_word' id='word_1_252' title='bbox 1663 1735 1782 1804; x_wconf 89' lang='lat' dir='ltr'><strong>ipso</strong></span> 
     </span>
    </p>
   </div>
   <div class='ocr_carea' id='block_1_20' title="bbox 1884 1642 3490 1727">
    <p class='ocr_par' dir='ltr' id='par_1_20' title="bbox 1884 1642 3490 1727">
     <span class='ocr_line' id='line_1_20' title="bbox 1884 1642 3490 1727; baseline 0.014 -34"><span class='ocrx_word' id='word_1_253' title='bbox 1884 1642 2066 1709; x_wconf 82' lang='lat' dir='ltr'><strong>gnovit</strong></span> <span class='ocrx_word' id='word_1_254' title='bbox 2091 1651 2145 1698; x_wconf 89' lang='lat' dir='ltr'><strong>et</strong></span> <span class='ocrx_word' id='word_1_255' title='bbox 2164 1645 2264 1700; x_wconf 84' lang='lat' dir='ltr'><strong>sibi</strong></span> <span class='ocrx_word' id='word_1_256' title='bbox 2297 1650 2540 1714; x_wconf 88' lang='lat' dir='ltr'><strong>servivit,</strong></span> <span class='ocrx_word' id='word_1_257' title='bbox 2569 1667 2674 1706; x_wconf 88' lang='lat' dir='ltr'><strong>non</strong></span> <span class='ocrx_word' id='word_1_258' title='bbox 2703 1668 2835 1706; x_wconf 87' lang='lat' dir='ltr'><strong>suus</strong></span> <span class='ocrx_word' id='word_1_259' title='bbox 2863 1655 3050 1720; x_wconf 80' lang='lat' dir='ltr'><strong>fuisse,</strong></span> <span class='ocrx_word' id='word_1_260' title='bbox 3081 1658 3205 1727; x_wconf 82' lang='lat' dir='ltr'><strong>quia</strong></span> <span class='ocrx_word' id='word_1_261' title='bbox 3234 1673 3338 1726; x_wconf 88' lang='lat' dir='ltr'><strong>non</strong></span> <span class='ocrx_word' id='word_1_262' title='bbox 3371 1669 3490 1715; x_wconf 85' lang='lat' dir='ltr'><strong>erat</strong></span> 
     </span>
    </p>
   </div>
   <div class='ocr_carea' id='block_1_21' title="bbox 1885 1735 3486 1818">
    <p class='ocr_par' dir='ltr' id='par_1_21' title="bbox 1885 1735 3486 1818">
     <span class='ocr_line' id='line_1_21' title="bbox 1885 1735 3486 1818; baseline 0.013 -32"><span class='ocrx_word' id='word_1_263' title='bbox 1885 1735 2152 1802; x_wconf 81' lang='lat' dir='ltr'><strong>cognitus,</strong></span> <span class='ocrx_word' id='word_1_264' title='bbox 2183 1739 2525 1795; x_wconf 73' lang='lat' dir='ltr'><strong>existimetur</strong></span> <span class='ocrx_word' id='word_1_265' title='bbox 2549 1758 2562 1807; x_wconf 92' lang='lat'><strong>;</strong></span> <span class='ocrx_word' id='word_1_266' title='bbox 2591 1742 2774 1797; x_wconf 88' lang='lat' dir='ltr'><strong>divina</strong></span> <span class='ocrx_word' id='word_1_267' title='bbox 2809 1746 2895 1799; x_wconf 87' lang='lat' dir='ltr'><strong>illa</strong></span> <span class='ocrx_word' id='word_1_268' title='bbox 2921 1746 3088 1818; x_wconf 61' lang='lat' dir='ltr'><strong>Moysi</strong></span> <span class='ocrx_word' id='word_1_269' title='bbox 3120 1750 3300 1803; x_wconf 84' lang='lat' dir='ltr'><strong>cantio</strong></span> <span class='ocrx_word' id='word_1_270' title='bbox 3329 1766 3486 1807; x_wconf 82' lang='lat' dir='ltr'><strong>erro-</strong></span> 
     </span>
    </p>
   </div>
   <div class='ocr_carea' id='block_1_22' title="bbox 160 1813 3487 1910">
    <p class='ocr_par' dir='ltr' id='par_1_22' title="bbox 160 1813 3487 1910">
     <span class='ocr_line' id='line_1_22' title="bbox 160 1813 3487 1910; baseline 0.01 -42"><span class='ocrx_word' id='word_1_271' title='bbox 160 1813 392 1872; x_wconf 77' lang='lat' dir='ltr'><strong>dixisse</strong></span> <span class='ocrx_word' id='word_1_272' title='bbox 428 1817 762 1876; x_wconf 86' lang='lat' dir='ltr'><strong>contendunt</strong></span> <span class='ocrx_word' id='word_1_273' title='bbox 791 1837 804 1871; x_wconf 88' lang='lat'><strong>:</strong></span> <span class='ocrx_word' id='word_1_274' title='bbox 834 1834 956 1884; x_wconf 84' lang='lat' dir='ltr'><strong>cum</strong></span> <span class='ocrx_word' id='word_1_275' title='bbox 993 1820 1171 1880; x_wconf 82' lang='lat' dir='ltr'><strong>omnia</strong></span> <span class='ocrx_word' id='word_1_276' title='bbox 1201 1821 1254 1876; x_wconf 92' lang='lat' dir='ltr'><strong>in</strong></span> <span class='ocrx_word' id='word_1_277' title='bbox 1305 1838 1428 1877; x_wconf 86' lang='lat' dir='ltr'><strong>eum</strong></span> <span class='ocrx_word' id='word_1_278' title='bbox 1465 1823 1738 1881; x_wconf 86' lang='lat' dir='ltr'><strong>hominem</strong></span> <span class='ocrx_word' id='word_1_279' title='bbox 1761 1868 1776 1893; x_wconf 87' lang='lat'><strong>,</strong></span> <span class='ocrx_word' id='word_1_280' title='bbox 1807 1826 1856 1886; x_wconf 89' lang='lat' dir='ltr'><strong>B</strong></span> <span class='ocrx_word' id='word_1_281' title='bbox 1882 1836 1998 1879; x_wconf 84' lang='lat' dir='ltr'><strong>rem</strong></span> <span class='ocrx_word' id='word_1_282' title='bbox 2030 1825 2168 1882; x_wconf 89' lang='lat' dir='ltr'><strong>hunc</strong></span> <span class='ocrx_word' id='word_1_283' title='bbox 2189 1841 2406 1886; x_wconf 89' lang='lat' dir='ltr'><strong>omnem</strong></span> <span class='ocrx_word' id='word_1_284' title='bbox 2435 1833 2800 1903; x_wconf 83' lang='lat' dir='ltr'><strong>ambiguitatis</strong></span> <span class='ocrx_word' id='word_1_285' title='bbox 2829 1813 3084 1906; x_wconf 81' lang='lat' dir='ltr'><strong>excindit,</strong></span> <span class='ocrx_word' id='word_1_286' title='bbox 3119 1841 3329 1910; x_wconf 79' lang='lat' dir='ltr'><strong>dicens,</strong></span> <span class='ocrx_word' id='word_1_287' title='bbox 3351 1840 3487 1899; x_wconf 87' lang='lat' dir='ltr'><strong>Cum</strong></span> 
     </span>
    </p>
   </div>
   <div class='ocr_carea' id='block_1_23' title="bbox 161 1910 1780 1984">
    <p class='ocr_par' dir='ltr' id='par_1_23' title="bbox 161 1910 1780 1984">
     <span class='ocr_line' id='line_1_23' title="bbox 161 1910 1780 1984; baseline 0.007 -22"><span class='ocrx_word' id='word_1_288' title='bbox 161 1923 346 1979; x_wconf 84' lang='lat' dir='ltr'><strong>quem</strong></span> <span class='ocrx_word' id='word_1_289' title='bbox 401 1910 663 1968; x_wconf 89' lang='lat' dir='ltr'><strong>Dominus</strong></span> <span class='ocrx_word' id='word_1_290' title='bbox 712 1911 764 1966; x_wconf 92' lang='lat' dir='ltr'><strong>in</strong></span> <span class='ocrx_word' id='word_1_291' title='bbox 805 1925 871 1967; x_wconf 90' lang='lat' dir='ltr'><strong>eo</strong></span> <span class='ocrx_word' id='word_1_292' title='bbox 921 1923 1076 1974; x_wconf 86' lang='lat' dir='ltr'><strong>natus</strong></span> <span class='ocrx_word' id='word_1_293' title='bbox 1114 1914 1437 1984; x_wconf 84' lang='lat' dir='ltr'><strong>assumpsit,</strong></span> <span class='ocrx_word' id='word_1_294' title='bbox 1484 1917 1780 1976; x_wconf 86' lang='lat' dir='ltr'><strong>secundum</strong></span> 
     </span>
    </p>
   </div>
   <div class='ocr_carea' id='block_1_24' title="bbox 168 2002 1418 2075">
    <p class='ocr_par' dir='ltr' id='par_1_24' title="bbox 168 2002 1418 2075">
     <span class='ocr_line' id='line_1_24' title="bbox 168 2002 1418 2075; baseline 0.005 -20"><span class='ocrx_word' id='word_1_295' title='bbox 168 2002 488 2071; x_wconf 86' lang='lat' dir='ltr'><strong>spiritalem</strong></span> <span class='ocrx_word' id='word_1_296' title='bbox 517 2005 784 2062; x_wconf 87' lang='lat' dir='ltr'><strong>rationem</strong></span> <span class='ocrx_word' id='word_1_297' title='bbox 815 2012 866 2059; x_wconf 91' lang='lat' dir='ltr'><strong>et</strong></span> <span class='ocrx_word' id='word_1_298' title='bbox 897 2015 1050 2075; x_wconf 86' lang='lat' dir='ltr'><strong>gesta</strong></span> <span class='ocrx_word' id='word_1_299' title='bbox 1075 2007 1418 2064; x_wconf 88' lang='lat' dir='ltr'><strong>conveniant.</strong></span> 
     </span>
    </p>
   </div>
   <div class='ocr_carea' id='block_1_25' title="bbox 246 2093 1783 2168">
    <p class='ocr_par' dir='ltr' id='par_1_25' title="bbox 246 2093 1783 2168">
     <span class='ocr_line' id='line_1_25' title="bbox 246 2093 1783 2168; baseline 0.005 -19"><span class='ocrx_word' id='word_1_300' title='bbox 246 2098 309 2149; x_wconf 66' lang='grc'><strong>4.</strong></span> <span class='ocrx_word' id='word_1_301' title='bbox 345 2093 578 2151; x_wconf 78' lang='lat' dir='ltr'><strong>Christus</strong></span> <span class='ocrx_word' id='word_1_302' title='bbox 630 2105 684 2151; x_wconf 87' lang='lat' dir='ltr'><strong>ut</strong></span> <span class='ocrx_word' id='word_1_303' title='bbox 713 2098 783 2151; x_wconf 89' lang='lat' dir='ltr'><strong>ad</strong></span> <span class='ocrx_word' id='word_1_304' title='bbox 829 2097 1019 2152; x_wconf 82' lang='lat' dir='ltr'><strong>bellum</strong></span> <span class='ocrx_word' id='word_1_305' title='bbox 1069 2100 1320 2168; x_wconf 72' lang='lat' dir='ltr'><strong>passionis</strong></span> <span class='ocrx_word' id='word_1_306' title='bbox 1360 2101 1666 2157; x_wconf 79' lang='lat' dir='ltr'><strong>instructus.</strong></span> <span class='ocrx_word' id='word_1_307' title='bbox 1714 2134 1783 2146; x_wconf 89' lang='lat'><strong>—-</strong></span> 
     </span>
    </p>
   </div>
   <div class='ocr_carea' id='block_1_26' title="bbox 171 2189 1783 2260">
    <p class='ocr_par' dir='ltr' id='par_1_26' title="bbox 171 2189 1783 2260">
     <span class='ocr_line' id='line_1_26' title="bbox 171 2189 1783 2260; baseline 0.005 -16"><span class='ocrx_word' id='word_1_308' title='bbox 171 2190 379 2245; x_wconf 80' lang='lat' dir='ltr'><strong>Manus</strong></span> <span class='ocrx_word' id='word_1_309' title='bbox 413 2189 574 2260; x_wconf 81' lang='lat' dir='ltr'><strong>igitur</strong></span> <span class='ocrx_word' id='word_1_310' title='bbox 599 2191 717 2260; x_wconf 82' lang='lat' dir='ltr'><strong>ejus</strong></span> <span class='ocrx_word' id='word_1_311' title='bbox 740 2191 949 2246; x_wconf 61' lang='lat' dir='ltr'><strong>edoctae</strong></span> <span class='ocrx_word' id='word_1_312' title='bbox 993 2191 1060 2250; x_wconf 88' lang='lat' dir='ltr'><strong>ad</strong></span> <span class='ocrx_word' id='word_1_313' title='bbox 1091 2191 1290 2248; x_wconf 89' lang='lat' dir='ltr'><strong>bellum</strong></span> <span class='ocrx_word' id='word_1_314' title='bbox 1323 2202 1484 2257; x_wconf 84' lang='lat' dir='ltr'><strong>sunt,</strong></span> <span class='ocrx_word' id='word_1_315' title='bbox 1517 2210 1637 2250; x_wconf 90' lang='lat' dir='ltr'><strong>cum</strong></span> <span class='ocrx_word' id='word_1_316' title='bbox 1683 2212 1783 2252; x_wconf 77' lang='lat' dir='ltr'><strong>sa:-</strong></span> 
     </span>
    </p>
   </div>
   <div class='ocr_carea' id='block_1_27' title="bbox 171 2282 1781 2356">
    <p class='ocr_par' dir='ltr' id='par_1_27' title="bbox 171 2282 1781 2356">
     <span class='ocr_line' id='line_1_27' title="bbox 171 2282 1781 2356; baseline 0.003 -19"><span class='ocrx_word' id='word_1_317' title='bbox 171 2282 367 2338; x_wconf 87' lang='lat' dir='ltr'><strong>culum</strong></span> <span class='ocrx_word' id='word_1_318' title='bbox 399 2282 598 2338; x_wconf 72' lang='lat' dir='ltr'><strong>vineit:</strong></span> <span class='ocrx_word' id='word_1_319' title='bbox 633 2283 742 2353; x_wconf 82' lang='lat' dir='ltr'><strong>Ego</strong></span> <span class='ocrx_word' id='word_1_320' title='bbox 763 2284 906 2338; x_wconf 88' lang='lat' dir='ltr'><strong>enim</strong></span> <span class='ocrx_word' id='word_1_321' title='bbox 930 2325 944 2348; x_wconf 91' lang='lat'><strong>,</strong></span> <span class='ocrx_word' id='word_1_322' title='bbox 989 2285 1103 2350; x_wconf 89' lang='lat' dir='ltr'><strong>ait,</strong></span> <span class='ocrx_word' id='word_1_323' title='bbox 1136 2284 1238 2339; x_wconf 82' lang='lat' dir='ltr'><strong>vici</strong></span> <span class='ocrx_word' id='word_1_324' title='bbox 1288 2285 1550 2344; x_wconf 87' lang='lat' dir='ltr'><strong>mundum</strong></span> <span class='ocrx_word' id='word_1_325' title='bbox 1599 2286 1781 2356; x_wconf 72' lang='lat' dir='ltr'><strong>(Joan.</strong></span> 
     </span>
    </p>
   </div>
   <div class='ocr_carea' id='block_1_28' title="bbox 175 2377 1787 2445">
    <p class='ocr_par' dir='ltr' id='par_1_28' title="bbox 175 2377 1787 2445">
     <span class='ocr_line' id='line_1_28' title="bbox 175 2377 1787 2445; baseline 0.003 -15"><span class='ocrx_word' id='word_1_326' title='bbox 175 2391 304 2440; x_wconf 75' lang='lat' dir='ltr'><strong>xvi,</strong></span> <span class='ocrx_word' id='word_1_327' title='bbox 354 2377 480 2445; x_wconf 77' lang='lat'><strong>35):</strong></span> <span class='ocrx_word' id='word_1_328' title='bbox 513 2391 634 2431; x_wconf 89' lang='lat' dir='ltr'><strong>cum</strong></span> <span class='ocrx_word' id='word_1_329' title='bbox 667 2385 925 2432; x_wconf 83' lang='lat' dir='ltr'><strong>extensus</strong></span> <span class='ocrx_word' id='word_1_330' title='bbox 965 2377 1016 2431; x_wconf 94' lang='lat' dir='ltr'><strong>in</strong></span> <span class='ocrx_word' id='word_1_331' title='bbox 1048 2393 1262 2433; x_wconf 90' lang='lat' dir='ltr'><strong>crucem</strong></span> <span class='ocrx_word' id='word_1_332' title='bbox 1297 2379 1661 2435; x_wconf 87' lang='lat' dir='ltr'><strong>invictissimis</strong></span> <span class='ocrx_word' id='word_1_333' title='bbox 1699 2396 1787 2435; x_wconf 84' lang='lat' dir='ltr'><strong>ar-</strong></span> 
     </span>
    </p>
   </div>
   <div class='ocr_carea' id='block_1_29' title="bbox 181 2468 1782 2543">
    <p class='ocr_par' dir='ltr' id='par_1_29' title="bbox 181 2468 1782 2543">
     <span class='ocr_line' id='line_1_29' title="bbox 181 2468 1782 2543; baseline 0.004 -21"><span class='ocrx_word' id='word_1_334' title='bbox 181 2469 297 2523; x_wconf 85' lang='lat' dir='ltr'><strong>mis</strong></span> <span class='ocrx_word' id='word_1_335' title='bbox 324 2469 494 2538; x_wconf 83' lang='lat' dir='ltr'><strong>ipsius</strong></span> <span class='ocrx_word' id='word_1_336' title='bbox 522 2468 790 2539; x_wconf 81' lang='lat' dir='ltr'><strong>passionis</strong></span> <span class='ocrx_word' id='word_1_337' title='bbox 821 2470 1134 2526; x_wconf 75' lang='lat' dir='ltr'><strong>instruitur:</strong></span> <span class='ocrx_word' id='word_1_338' title='bbox 1187 2470 1253 2526; x_wconf 86' lang='lat' dir='ltr'><strong>Et</strong></span> <span class='ocrx_word' id='word_1_339' title='bbox 1284 2473 1538 2541; x_wconf 85' lang='lat' dir='ltr'><strong>posuisti,</strong></span> <span class='ocrx_word' id='word_1_340' title='bbox 1568 2472 1782 2543; x_wconf 91' lang='lat' dir='ltr'><strong>inquit,</strong></span> 
     </span>
    </p>
   </div>
   <div class='ocr_carea' id='block_1_30' title="bbox 182 2564 1789 2622">
    <p class='ocr_par' dir='ltr' id='par_1_30' title="bbox 182 2564 1789 2622">
     <span class='ocr_line' id='line_1_30' title="bbox 182 2564 1789 2622; baseline 0.002 -4"><span class='ocrx_word' id='word_1_341' title='bbox 182 2573 243 2618; x_wconf 85' lang='lat' dir='ltr'><strong>ut</strong></span> <span class='ocrx_word' id='word_1_342' title='bbox 271 2578 455 2617; x_wconf 87' lang='lat' dir='ltr'><strong>arcum</strong></span> <span class='ocrx_word' id='word_1_343' title='bbox 477 2579 691 2618; x_wconf 82' lang='lat' dir='ltr'><strong>.tereum</strong></span> <span class='ocrx_word' id='word_1_344' title='bbox 723 2564 936 2619; x_wconf 68' lang='lat' dir='ltr'><strong>brachia</strong></span> <span class='ocrx_word' id='word_1_345' title='bbox 962 2581 1112 2620; x_wconf 84' lang='lat' dir='ltr'><strong>utea:</strong></span> <span class='ocrx_word' id='word_1_346' title='bbox 1143 2580 1266 2622; x_wconf 87' lang='lat' dir='ltr'><strong>cum</strong></span> <span class='ocrx_word' id='word_1_347' title='bbox 1311 2566 1378 2622; x_wconf 84' lang='lat' dir='ltr'><strong>de</strong></span> <span class='ocrx_word' id='word_1_348' title='bbox 1402 2566 1652 2622; x_wconf 89' lang='lat' dir='ltr'><strong>omnibus</strong></span> <span class='ocrx_word' id='word_1_349' title='bbox 1682 2567 1789 2622; x_wconf 71' lang='lat' dir='ltr'><strong>vir-</strong></span> 
     </span>
    </p>
   </div>
   <div class='ocr_carea' id='block_1_31' title="bbox 185 2655 1784 2730">
    <p class='ocr_par' dir='ltr' id='par_1_31' title="bbox 185 2655 1784 2730">
     <span class='ocr_line' id='line_1_31' title="bbox 185 2655 1784 2730; baseline 0.001 -18"><span class='ocrx_word' id='word_1_350' title='bbox 185 2655 398 2712; x_wconf 85' lang='lat' dir='ltr'><strong>tutibns</strong></span> <span class='ocrx_word' id='word_1_351' title='bbox 423 2670 487 2712; x_wconf 91' lang='lat' dir='ltr'><strong>ac</strong></span> <span class='ocrx_word' id='word_1_352' title='bbox 537 2656 930 2725; x_wconf 73' lang='lat' dir='ltr'><strong>potestatibus,</strong></span> <span class='ocrx_word' id='word_1_353' title='bbox 966 2657 1016 2711; x_wconf 95' lang='lat' dir='ltr'><strong>in</strong></span> <span class='ocrx_word' id='word_1_354' title='bbox 1067 2657 1186 2726; x_wconf 89' lang='lat' dir='ltr'><strong>ipso</strong></span> <span class='ocrx_word' id='word_1_355' title='bbox 1235 2673 1323 2723; x_wconf 89' lang='lat' dir='ltr'><strong>se,</strong></span> <span class='ocrx_word' id='word_1_356' title='bbox 1378 2659 1620 2730; x_wconf 75' lang='lat' dir='ltr'><strong>trophzeo</strong></span> <span class='ocrx_word' id='word_1_357' title='bbox 1671 2661 1784 2729; x_wconf 85' lang='lat' dir='ltr'><strong>glo-</strong></span> 
     </span>
    </p>
   </div>
   <div class='ocr_carea' id='block_1_32' title="bbox 185 2748 1786 2821">
    <p class='ocr_par' dir='ltr' id='par_1_32' title="bbox 185 2748 1786 2821">
     <span class='ocr_line' id='line_1_32' title="bbox 185 2748 1786 2821; baseline 0.002 -18"><span class='ocrx_word' id='word_1_358' title='bbox 185 2748 354 2803; x_wconf 81' lang='lat' dir='ltr'><strong>riosae</strong></span> <span class='ocrx_word' id='word_1_359' title='bbox 373 2748 554 2803; x_wconf 89' lang='lat' dir='ltr'><strong>crucis</strong></span> <span class='ocrx_word' id='word_1_360' title='bbox 584 2748 879 2817; x_wconf 81' lang='lat' dir='ltr'><strong>triumphat</strong></span> <span class='ocrx_word' id='word_1_361' title='bbox 903 2765 918 2814; x_wconf 90' lang='lat'><strong>;</strong></span> <span class='ocrx_word' id='word_1_362' title='bbox 951 2757 1007 2803; x_wconf 83' lang='lat' dir='ltr'><strong>et</strong></span> <span class='ocrx_word' id='word_1_363' title='bbox 1035 2750 1364 2820; x_wconf 85' lang='lat' dir='ltr'><strong>principatus</strong></span> <span class='ocrx_word' id='word_1_364' title='bbox 1411 2760 1465 2806; x_wconf 89' lang='lat' dir='ltr'><strong>et</strong></span> <span class='ocrx_word' id='word_1_365' title='bbox 1494 2751 1786 2821; x_wconf 79' lang='lat' dir='ltr'><strong>potestates</strong></span> 
     </span>
    </p>
   </div>
   <div class='ocr_carea' id='block_1_33' title="bbox 189 2839 1785 2911">
    <p class='ocr_par' dir='ltr' id='par_1_33' title="bbox 189 2839 1785 2911">
     <span class='ocr_line' id='line_1_33' title="bbox 189 2839 1785 2911; baseline 0.004 -16"><span class='ocrx_word' id='word_1_366' title='bbox 189 2840 336 2895; x_wconf 92' lang='lat' dir='ltr'><strong>enim</strong></span> <span class='ocrx_word' id='word_1_367' title='bbox 366 2839 740 2896; x_wconf 77' lang='lat' dir='ltr'><strong>traduxitcum</strong></span> <span class='ocrx_word' id='word_1_368' title='bbox 783 2840 974 2897; x_wconf 82' lang='lat' dir='ltr'><strong>ﬁducia</strong></span> <span class='ocrx_word' id='word_1_369' title='bbox 1007 2842 1344 2911; x_wconf 87' lang='lat' dir='ltr'><strong>triumphans</strong></span> <span class='ocrx_word' id='word_1_370' title='bbox 1374 2858 1468 2898; x_wconf 89' lang='lat' dir='ltr'><strong>eos</strong></span> <span class='ocrx_word' id='word_1_371' title='bbox 1501 2845 1554 2900; x_wconf 91' lang='lat' dir='ltr'><strong>in</strong></span> <span class='ocrx_word' id='word_1_372' title='bbox 1583 2854 1785 2900; x_wconf 88' lang='lat' dir='ltr'><strong>semet-</strong></span> 
     </span>
    </p>
   </div>
   <div class='ocr_carea' id='block_1_34' title="bbox 191 2931 1787 3004">
    <p class='ocr_par' dir='ltr' id='par_1_34' title="bbox 191 2931 1787 3004">
     <span class='ocr_line' id='line_1_34' title="bbox 191 2931 1787 3004; baseline 0.004 -16"><span class='ocrx_word' id='word_1_373' title='bbox 191 2934 312 3004; x_wconf 91' lang='lat' dir='ltr'><strong>ipso</strong></span> <span class='ocrx_word' id='word_1_374' title='bbox 341 2931 562 3003; x_wconf 82' lang='lat' dir='ltr'><strong>(Cotoss.</strong></span> <span class='ocrx_word' id='word_1_375' title='bbox 612 2948 670 2994; x_wconf 86' lang='grc' dir='ltr'>ιι,</span> <span class='ocrx_word' id='word_1_376' title='bbox 705 2931 794 3003; x_wconf 79' lang='lat' dir='ltr'><strong>l5)</strong></span> <span class='ocrx_word' id='word_1_377' title='bbox 828 2953 842 2989; x_wconf 89' lang='lat'><strong>:</strong></span> <span class='ocrx_word' id='word_1_378' title='bbox 871 2948 994 2998; x_wconf 82' lang='lat' dir='ltr'><strong>cum</strong></span> <span class='ocrx_word' id='word_1_379' title='bbox 1045 2934 1362 2992; x_wconf 83' lang='lat' dir='ltr'><strong>dissidentia</strong></span> <span class='ocrx_word' id='word_1_380' title='bbox 1403 2937 1547 2992; x_wconf 88' lang='lat' dir='ltr'><strong>inter</strong></span> <span class='ocrx_word' id='word_1_381' title='bbox 1591 2953 1650 2992; x_wconf 91' lang='lat' dir='ltr'><strong>se</strong></span> <span class='ocrx_word' id='word_1_382' title='bbox 1679 2952 1787 2994; x_wconf 67' lang='lat' dir='ltr'><strong>ca:-</strong></span> 
     </span>
    </p>
   </div>
   <div class='ocr_carea' id='block_1_35' title="bbox 200 3027 1780 3102">
    <p class='ocr_par' dir='ltr' id='par_1_35' title="bbox 200 3027 1780 3102">
     <span class='ocr_line' id='line_1_35' title="bbox 200 3027 1780 3102; baseline 0.003 -20"><span class='ocrx_word' id='word_1_383' title='bbox 200 3027 359 3082; x_wconf 81' lang='lat' dir='ltr'><strong>lcstia</strong></span> <span class='ocrx_word' id='word_1_384' title='bbox 386 3037 439 3083; x_wconf 87' lang='lat' dir='ltr'><strong>et</strong></span> <span class='ocrx_word' id='word_1_385' title='bbox 467 3037 681 3084; x_wconf 83' lang='lat' dir='ltr'><strong>terrena</strong></span> <span class='ocrx_word' id='word_1_386' title='bbox 711 3029 957 3098; x_wconf 78' lang='lat' dir='ltr'><strong>paciﬁcat</strong></span> <span class='ocrx_word' id='word_1_387' title='bbox 990 3029 1212 3102; x_wconf 85' lang='lat' dir='ltr'><strong>(Coloss.</strong></span> <span class='ocrx_word' id='word_1_388' title='bbox 1238 3045 1274 3096; x_wconf 91' lang='grc' dir='ltr'>ι,</span> <span class='ocrx_word' id='word_1_389' title='bbox 1308 3031 1401 3101; x_wconf 70' lang='grc'><strong>20)</strong></span> <span class='ocrx_word' id='word_1_390' title='bbox 1428 3049 1442 3098; x_wconf 89' lang='grc'>;</span> <span class='ocrx_word' id='word_1_391' title='bbox 1477 3031 1543 3088; x_wconf 85' lang='grc' dir='ltr'>Ει</span> <span class='ocrx_word' id='word_1_392' title='bbox 1570 3032 1623 3086; x_wconf 93' lang='lat' dir='ltr'><strong>in</strong></span> <span class='ocrx_word' id='word_1_393' title='bbox 1644 3031 1780 3101; x_wconf 91' lang='lat' dir='ltr'><strong>ipso,</strong></span> 
     </span>
    </p>
   </div>
   <div class='ocr_carea' id='block_1_36' title="bbox 189 3122 1784 3195">
    <p class='ocr_par' dir='ltr' id='par_1_36' title="bbox 189 3122 1784 3195">
     <span class='ocr_line' id='line_1_36' title="bbox 189 3122 1784 3195; baseline 0.003 -20"><span class='ocrx_word' id='word_1_394' title='bbox 189 3122 354 3194; x_wconf 67' lang='lat'><strong>612</strong></span> <span class='ocrx_word' id='word_1_395' title='bbox 372 3122 543 3193; x_wconf 90' lang='lat' dir='ltr'><strong>inquit</strong></span> <span class='ocrx_word' id='word_1_396' title='bbox 569 3165 582 3188; x_wconf 90' lang='lat'><strong>,</strong></span> <span class='ocrx_word' id='word_1_397' title='bbox 613 3124 948 3178; x_wconf 87' lang='lat' dir='ltr'><strong>reconciliari</strong></span> <span class='ocrx_word' id='word_1_398' title='bbox 995 3124 1175 3180; x_wconf 87' lang='lat' dir='ltr'><strong>omnia</strong></span> <span class='ocrx_word' id='word_1_399' title='bbox 1206 3125 1258 3179; x_wconf 88' lang='lat' dir='ltr'><strong>in</strong></span> <span class='ocrx_word' id='word_1_400' title='bbox 1305 3140 1428 3180; x_wconf 87' lang='lat' dir='ltr'><strong>eum</strong></span> <span class='ocrx_word' id='word_1_401' title='bbox 1450 3166 1464 3191; x_wconf 96' lang='lat'><strong>,</strong></span> <span class='ocrx_word' id='word_1_402' title='bbox 1496 3126 1784 3195; x_wconf 76' lang='lat' dir='ltr'><strong>paciﬁcans</strong></span> 
     </span>
    </p>
   </div>
   <div class='ocr_carea' id='block_1_37' title="bbox 191 3205 3588 3287">
    <p class='ocr_par' dir='ltr' id='par_1_37' title="bbox 191 3205 3588 3287">
     <span class='ocr_line' id='line_1_37' title="bbox 191 3205 3588 3287; baseline 0.006 -18"><span class='ocrx_word' id='word_1_403' title='bbox 191 3230 291 3285; x_wconf 86' lang='lat' dir='ltr'><strong>per</strong></span> <span class='ocrx_word' id='word_1_404' title='bbox 314 3216 632 3284; x_wconf 84' lang='lat' dir='ltr'><strong>sanguinem</strong></span> <span class='ocrx_word' id='word_1_405' title='bbox 679 3216 856 3270; x_wconf 88' lang='lat' dir='ltr'><strong>crucis</strong></span> <span class='ocrx_word' id='word_1_406' title='bbox 887 3232 998 3271; x_wconf 80' lang='lat' dir='ltr'><strong>sua:</strong></span> <span class='ocrx_word' id='word_1_407' title='bbox 1029 3216 1143 3272; x_wconf 76' lang='lat' dir='ltr'><strong>sive</strong></span> <span class='ocrx_word' id='word_1_408' title='bbox 1186 3232 1308 3287; x_wconf 68' lang='lat' dir='ltr'><strong>qua:</strong></span> <span class='ocrx_word' id='word_1_409' title='bbox 1357 3218 1410 3272; x_wconf 92' lang='lat' dir='ltr'><strong>in</strong></span> <span class='ocrx_word' id='word_1_410' title='bbox 1445 3225 1583 3273; x_wconf 88' lang='lat' dir='ltr'><strong>terra</strong></span> <span class='ocrx_word' id='word_1_411' title='bbox 1618 3229 1778 3285; x_wconf 85' lang='lat' dir='ltr'><strong>sunt,</strong></span> <span class='ocrx_word' id='word_1_412' title='bbox 1807 3208 1854 3272; x_wconf 84' lang='lat' dir='ltr'>C</span> <span class='ocrx_word' id='word_1_413' title='bbox 1885 3216 2068 3264; x_wconf 68' lang='lat' dir='ltr'><strong>amem</strong></span> <span class='ocrx_word' id='word_1_414' title='bbox 2099 3209 2339 3265; x_wconf 64' lang='lat' dir='ltr'><strong>nondum</strong></span> <span class='ocrx_word' id='word_1_415' title='bbox 2367 3211 2418 3266; x_wconf 71' lang='grc' dir='ltr'><strong>εί</strong></span> <span class='ocrx_word' id='word_1_416' title='bbox 2451 3213 2714 3281; x_wconf 58' lang='lat' dir='ltr'><strong>Primum,</strong></span> <span class='ocrx_word' id='word_1_417' title='bbox 2743 3216 2865 3285; x_wconf 66' lang='lat' dir='ltr'><strong>quia</strong></span> <span class='ocrx_word' id='word_1_418' title='bbox 2892 3217 3006 3286; x_wconf 62' lang='lat' dir='ltr'><strong>iam</strong></span> <span class='ocrx_word' id='word_1_419' title='bbox 3035 3221 3090 3274; x_wconf 79' lang='grc' dir='ltr'><strong>ίη</strong></span> <span class='ocrx_word' id='word_1_420' title='bbox 3135 3222 3341 3279; x_wconf 70' lang='lat' dir='ltr'><strong>mundo</strong></span> <span class='ocrx_word' id='word_1_421' title='bbox 3372 3235 3490 3282; x_wconf 74' lang='lat' dir='ltr'><strong>erat</strong></span> <span class='ocrx_word' id='word_1_422' title='bbox 3585 3205 3588 3208; x_wconf 8' lang='grc' dir='ltr'><strong><em>ἢ</em></strong></span> 
     </span>
    </p>
   </div>
   <div class='ocr_carea' id='block_1_38' title="bbox 191 3306 1782 3378">
    <p class='ocr_par' dir='ltr' id='par_1_38' title="bbox 191 3306 1782 3378">
     <span class='ocr_line' id='line_1_38' title="bbox 191 3306 1782 3378; baseline 0.001 -18"><span class='ocrx_word' id='word_1_423' title='bbox 191 3307 307 3360; x_wconf 82' lang='lat' dir='ltr'><strong>sive</strong></span> <span class='ocrx_word' id='word_1_424' title='bbox 345 3322 464 3376; x_wconf 70' lang='lat' dir='ltr'><strong>qum</strong></span> <span class='ocrx_word' id='word_1_425' title='bbox 492 3308 544 3362; x_wconf 91' lang='lat' dir='ltr'><strong>in</strong></span> <span class='ocrx_word' id='word_1_426' title='bbox 566 3306 744 3363; x_wconf 74' lang='lat' dir='ltr'><strong>ctelis.</strong></span> <span class='ocrx_word' id='word_1_427' title='bbox 776 3307 855 3362; x_wconf 87' lang='lat' dir='ltr'><strong>Ad</strong></span> <span class='ocrx_word' id='word_1_428' title='bbox 884 3307 984 3362; x_wconf 90' lang='lat' dir='ltr'><strong>hoc</strong></span> <span class='ocrx_word' id='word_1_429' title='bbox 1014 3307 1176 3378; x_wconf 87' lang='lat' dir='ltr'><strong>igitur</strong></span> <span class='ocrx_word' id='word_1_430' title='bbox 1202 3307 1401 3363; x_wconf 86' lang='lat' dir='ltr'><strong>bellum</strong></span> <span class='ocrx_word' id='word_1_431' title='bbox 1446 3323 1636 3364; x_wconf 84' lang='lat' dir='ltr'><strong>manus</strong></span> <span class='ocrx_word' id='word_1_432' title='bbox 1665 3309 1782 3378; x_wconf 89' lang='lat' dir='ltr'><strong>ejus</strong></span> 
     </span>
    </p>
   </div>
   <div class='ocr_carea' id='block_1_39' title="bbox 191 3401 1783 3471">
    <p class='ocr_par' dir='ltr' id='par_1_39' title="bbox 191 3401 1783 3471">
     <span class='ocr_line' id='line_1_39' title="bbox 191 3401 1783 3471; baseline -0.001 -14"><span class='ocrx_word' id='word_1_433' title='bbox 191 3401 398 3457; x_wconf 68' lang='lat' dir='ltr'><strong>educta:</strong></span> <span class='ocrx_word' id='word_1_434' title='bbox 448 3410 602 3466; x_wconf 88' lang='lat' dir='ltr'><strong>sunt,</strong></span> <span class='ocrx_word' id='word_1_435' title='bbox 632 3401 688 3456; x_wconf 86' lang='lat' dir='ltr'><strong>in</strong></span> <span class='ocrx_word' id='word_1_436' title='bbox 724 3417 832 3471; x_wconf 89' lang='lat' dir='ltr'><strong>quo</strong></span> <span class='ocrx_word' id='word_1_437' title='bbox 870 3416 1028 3458; x_wconf 87' lang='lat' dir='ltr'><strong>arcus</strong></span> <span class='ocrx_word' id='word_1_438' title='bbox 1060 3403 1187 3457; x_wconf 73' lang='lat' dir='ltr'><strong>mrei</strong></span> <span class='ocrx_word' id='word_1_439' title='bbox 1215 3402 1513 3457; x_wconf 87' lang='lat' dir='ltr'><strong>certamine</strong></span> <span class='ocrx_word' id='word_1_440' title='bbox 1553 3403 1783 3457; x_wconf 76' lang='lat' dir='ltr'><strong>vincitur</strong></span> 
     </span>
    </p>
   </div>
   <div class='ocr_carea' id='block_1_40' title="bbox 111 3492 1784 3565">
    <p class='ocr_par' dir='ltr' id='par_1_40' title="bbox 111 3492 1784 3565">
     <span class='ocr_line' id='line_1_40' title="bbox 111 3492 1784 3565; baseline 0.001 -18"><span class='ocrx_word' id='word_1_441' title='bbox 111 3533 114 3536; x_wconf 68' lang='lat'><strong>.</strong></span> <span class='ocrx_word' id='word_1_442' title='bbox 193 3493 321 3565; x_wconf 75' lang='lat' dir='ltr'><strong>(Hic</strong></span> <span class='ocrx_word' id='word_1_443' title='bbox 348 3492 546 3546; x_wconf 78' lang='lat' dir='ltr'><strong>videtur</strong></span> <span class='ocrx_word' id='word_1_444' title='bbox 587 3493 758 3548; x_wconf 78' lang='lat' dir='ltr'><strong>deesse</strong></span> <span class='ocrx_word' id='word_1_445' title='bbox 789 3492 1081 3565; x_wconf 86' lang='lat' dir='ltr'><strong>mundus),</strong></span> <span class='ocrx_word' id='word_1_446' title='bbox 1109 3493 1558 3548; x_wconf 87' lang='lat' dir='ltr'><strong>dohoncstatione</strong></span> <span class='ocrx_word' id='word_1_447' title='bbox 1589 3501 1784 3564; x_wconf 88' lang='lat' dir='ltr'><strong>poten-</strong></span> 
     </span>
    </p>
   </div>
   <div class='ocr_carea' id='block_1_41' title="bbox 193 3586 1782 3655">
    <p class='ocr_par' dir='ltr' id='par_1_41' title="bbox 193 3586 1782 3655">
     <span class='ocr_line' id='line_1_41' title="bbox 193 3586 1782 3655; baseline 0.003 -15"><span class='ocrx_word' id='word_1_448' title='bbox 193 3595 278 3642; x_wconf 89' lang='lat' dir='ltr'><strong>tes</strong></span> <span class='ocrx_word' id='word_1_449' title='bbox 299 3586 696 3655; x_wconf 86' lang='lat' dir='ltr'><strong>triumphantur</strong></span> <span class='ocrx_word' id='word_1_450' title='bbox 722 3628 735 3650; x_wconf 84' lang='lat'><strong>,</strong></span> <span class='ocrx_word' id='word_1_451' title='bbox 767 3601 902 3655; x_wconf 88' lang='lat' dir='ltr'><strong>pace</strong></span> <span class='ocrx_word' id='word_1_452' title='bbox 946 3586 1368 3642; x_wconf 84' lang='lat' dir='ltr'><strong>reconciliantur</strong></span> <span class='ocrx_word' id='word_1_453' title='bbox 1399 3586 1623 3642; x_wconf 85' lang='lat' dir='ltr'><strong>inimici.</strong></span> <span class='ocrx_word' id='word_1_454' title='bbox 1674 3587 1782 3644; x_wconf 85' lang='lat' dir='ltr'><strong>Sed</strong></span> 
     </span>
    </p>
   </div>
   <div class='ocr_carea' id='block_1_42' title="bbox 197 3677 1782 3749">
    <p class='ocr_par' dir='ltr' id='par_1_42' title="bbox 197 3677 1782 3749">
     <span class='ocr_line' id='line_1_42' title="bbox 197 3677 1782 3749; baseline 0.002 -18"><span class='ocrx_word' id='word_1_455' title='bbox 197 3688 314 3747; x_wconf 87' lang='lat' dir='ltr'><strong>post</strong></span> <span class='ocrx_word' id='word_1_456' title='bbox 358 3692 612 3732; x_wconf 87' lang='lat' dir='ltr'><strong>manuum</strong></span> <span class='ocrx_word' id='word_1_457' title='bbox 660 3677 855 3733; x_wconf 86' lang='lat' dir='ltr'><strong>bellum</strong></span> <span class='ocrx_word' id='word_1_458' title='bbox 883 3719 897 3741; x_wconf 91' lang='lat'><strong>,</strong></span> <span class='ocrx_word' id='word_1_459' title='bbox 946 3677 1190 3734; x_wconf 82' lang='lat' dir='ltr'><strong>succedit</strong></span> <span class='ocrx_word' id='word_1_460' title='bbox 1227 3686 1283 3733; x_wconf 87' lang='lat' dir='ltr'><strong>et</strong></span> <span class='ocrx_word' id='word_1_461' title='bbox 1327 3677 1614 3748; x_wconf 79' lang='lat' dir='ltr'><strong>digitorum</strong></span> <span class='ocrx_word' id='word_1_462' title='bbox 1645 3694 1782 3749; x_wconf 85' lang='lat' dir='ltr'><strong>prae-</strong></span> 
     </span>
    </p>
   </div>
   <div class='ocr_carea' id='block_1_43' title="bbox 194 3767 1782 3840">
    <p class='ocr_par' dir='ltr' id='par_1_43' title="bbox 194 3767 1782 3840">
     <span class='ocr_line' id='line_1_43' title="bbox 194 3767 1782 3840; baseline 0.004 -18"><span class='ocrx_word' id='word_1_463' title='bbox 194 3768 344 3825; x_wconf 88' lang='lat' dir='ltr'><strong>lium.</strong></span> <span class='ocrx_word' id='word_1_464' title='bbox 381 3767 569 3824; x_wconf 85' lang='lat' dir='ltr'><strong>Omnis</strong></span> <span class='ocrx_word' id='word_1_465' title='bbox 593 3768 736 3824; x_wconf 87' lang='lat' dir='ltr'><strong>enim</strong></span> <span class='ocrx_word' id='word_1_466' title='bbox 769 3769 818 3822; x_wconf 92' lang='lat' dir='ltr'><strong>in</strong></span> <span class='ocrx_word' id='word_1_467' title='bbox 867 3783 933 3824; x_wconf 91' lang='lat' dir='ltr'><strong>eo</strong></span> <span class='ocrx_word' id='word_1_468' title='bbox 964 3768 1180 3825; x_wconf 88' lang='lat' dir='ltr'><strong>habitus</strong></span> <span class='ocrx_word' id='word_1_469' title='bbox 1209 3778 1264 3824; x_wconf 86' lang='lat' dir='ltr'><strong>et</strong></span> <span class='ocrx_word' id='word_1_470' title='bbox 1295 3785 1470 3840; x_wconf 84' lang='lat' dir='ltr'><strong>pugna</strong></span> <span class='ocrx_word' id='word_1_471' title='bbox 1514 3770 1782 3839; x_wconf 77' lang='lat' dir='ltr'><strong>passionis</strong></span> 
     </span>
    </p>
   </div>
   <div class='ocr_carea' id='block_1_44' title="bbox 195 3858 1782 3931">
    <p class='ocr_par' dir='ltr' id='par_1_44' title="bbox 195 3858 1782 3931">
     <span class='ocr_line' id='line_1_44' title="bbox 195 3858 1782 3931; baseline 0.004 -17"><span class='ocrx_word' id='word_1_472' title='bbox 195 3858 506 3916; x_wconf 82' lang='lat' dir='ltr'><strong>ostenditur.</strong></span> <span class='ocrx_word' id='word_1_473' title='bbox 563 3858 752 3917; x_wconf 75' lang='lat' dir='ltr'><strong>Manus</strong></span> <span class='ocrx_word' id='word_1_474' title='bbox 781 3860 924 3918; x_wconf 88' lang='lat' dir='ltr'><strong>enim</strong></span> <span class='ocrx_word' id='word_1_475' title='bbox 957 3860 1356 3928; x_wconf 77' lang='lat' dir='ltr'><strong>extenduntur,</strong></span> <span class='ocrx_word' id='word_1_476' title='bbox 1390 3869 1445 3916; x_wconf 90' lang='lat' dir='ltr'><strong>et</strong></span> <span class='ocrx_word' id='word_1_477' title='bbox 1471 3860 1621 3931; x_wconf 88' lang='lat' dir='ltr'><strong>digiti</strong></span> <span class='ocrx_word' id='word_1_478' title='bbox 1650 3877 1782 3920; x_wconf 84' lang='lat' dir='ltr'><strong>con-</strong></span> 
     </span>
    </p>
   </div>
   <div class='ocr_carea' id='block_1_45' title="bbox 195 3951 1773 4025">
    <p class='ocr_par' dir='ltr' id='par_1_45' title="bbox 195 3951 1773 4025">
     <span class='ocr_line' id='line_1_45' title="bbox 195 3951 1773 4025; baseline 0.001 -18"><span class='ocrx_word' id='word_1_479' title='bbox 195 3951 426 4022; x_wconf 81' lang='lat' dir='ltr'><strong>ﬁguntur</strong></span> <span class='ocrx_word' id='word_1_480' title='bbox 474 3951 530 4006; x_wconf 91' lang='lat' dir='ltr'><strong>in</strong></span> <span class='ocrx_word' id='word_1_481' title='bbox 580 3952 815 4022; x_wconf 77' lang='lat' dir='ltr'><strong>palmis:</strong></span> <span class='ocrx_word' id='word_1_482' title='bbox 871 3963 1025 4010; x_wconf 86' lang='lat' dir='ltr'><strong>vetus</strong></span> <span class='ocrx_word' id='word_1_483' title='bbox 1074 3953 1282 4010; x_wconf 86' lang='lat' dir='ltr'><strong>scilicet</strong></span> <span class='ocrx_word' id='word_1_484' title='bbox 1322 3953 1773 4025; x_wconf 77' lang='lat' dir='ltr'><strong>chirographum,</strong></span> 
     </span>
    </p>
   </div>
   <div class='ocr_carea' id='block_1_46' title="bbox 195 4045 1782 4120">
    <p class='ocr_par' dir='ltr' id='par_1_46' title="bbox 195 4045 1782 4120">
     <span class='ocr_line' id='line_1_46' title="bbox 195 4045 1782 4120; baseline 0.001 -16"><span class='ocrx_word' id='word_1_485' title='bbox 195 4047 481 4105; x_wconf 86' lang='lat' dir='ltr'><strong>secundum</strong></span> <span class='ocrx_word' id='word_1_486' title='bbox 537 4045 900 4116; x_wconf 85' lang='lat' dir='ltr'><strong>Apostolum,</strong></span> <span class='ocrx_word' id='word_1_487' title='bbox 953 4047 1190 4113; x_wconf 81' lang='lat' dir='ltr'><strong>dolens,</strong></span> <span class='ocrx_word' id='word_1_488' title='bbox 1245 4057 1300 4105; x_wconf 90' lang='lat' dir='ltr'><strong>et</strong></span> <span class='ocrx_word' id='word_1_489' title='bbox 1369 4049 1594 4120; x_wconf 73' lang='lat' dir='ltr'><strong>attigeris</strong></span> <span class='ocrx_word' id='word_1_490' title='bbox 1643 4049 1782 4106; x_wconf 88' lang='lat' dir='ltr'><strong>illud</strong></span> 
     </span>
    </p>
   </div>
   <div class='ocr_carea' id='block_1_47' title="bbox 195 4137 1782 4212">
    <p class='ocr_par' dir='ltr' id='par_1_47' title="bbox 195 4137 1782 4212">
     <span class='ocr_line' id='line_1_47' title="bbox 195 4137 1782 4212; baseline 0.003 -17"><span class='ocrx_word' id='word_1_491' title='bbox 195 4139 337 4196; x_wconf 86' lang='lat' dir='ltr'><strong>cruci</strong></span> <span class='ocrx_word' id='word_1_492' title='bbox 363 4137 582 4211; x_wconf 81' lang='lat' dir='ltr'><strong>(Coloss.</strong></span> <span class='ocrx_word' id='word_1_493' title='bbox 634 4155 693 4207; x_wconf 84' lang='lat' dir='ltr'><strong>ti,</strong></span> <span class='ocrx_word' id='word_1_494' title='bbox 752 4139 882 4212; x_wconf 71' lang='grc'><strong>14),</strong></span> <span class='ocrx_word' id='word_1_495' title='bbox 937 4141 1101 4196; x_wconf 84' lang='lat' dir='ltr'><strong>etiam</strong></span> <span class='ocrx_word' id='word_1_496' title='bbox 1151 4156 1243 4196; x_wconf 86' lang='lat' dir='ltr'><strong>eas</strong></span> <span class='ocrx_word' id='word_1_497' title='bbox 1295 4151 1472 4211; x_wconf 84' lang='lat' dir='ltr'><strong>partes</strong></span> <span class='ocrx_word' id='word_1_498' title='bbox 1526 4158 1782 4200; x_wconf 91' lang='lat' dir='ltr'><strong>manuum</strong></span> 
     </span>
    </p>
   </div>
   <div class='ocr_carea' id='block_1_48' title="bbox 195 4231 1782 4302">
    <p class='ocr_par' dir='ltr' id='par_1_48' title="bbox 195 4231 1782 4302">
     <span class='ocr_line' id='line_1_48' title="bbox 195 4231 1782 4302; baseline 0.003 -12"><span class='ocrx_word' id='word_1_499' title='bbox 195 4240 576 4290; x_wconf 84' lang='lat' dir='ltr'><strong>commemorat</strong></span> <span class='ocrx_word' id='word_1_500' title='bbox 596 4231 648 4286; x_wconf 89' lang='lat' dir='ltr'><strong>in</strong></span> <span class='ocrx_word' id='word_1_501' title='bbox 680 4232 868 4302; x_wconf 61' lang='lat' dir='ltr'><strong>praelio</strong></span> <span class='ocrx_word' id='word_1_502' title='bbox 889 4273 903 4298; x_wconf 87' lang='lat'><strong>,</strong></span> <span class='ocrx_word' id='word_1_503' title='bbox 938 4247 1060 4288; x_wconf 90' lang='lat' dir='ltr'><strong>cum</strong></span> <span class='ocrx_word' id='word_1_504' title='bbox 1090 4233 1286 4302; x_wconf 80' lang='lat' dir='ltr'><strong>quibus</strong></span> <span class='ocrx_word' id='word_1_505' title='bbox 1325 4235 1504 4292; x_wconf 77' lang='lat' dir='ltr'><strong>omnia</strong></span> <span class='ocrx_word' id='word_1_506' title='bbox 1535 4239 1782 4294; x_wconf 79' lang='lat' dir='ltr'><strong>vetch</strong></span> 
     </span>
    </p>
   </div>
   <div class='ocr_carea' id='block_1_49' title="bbox 195 4324 1125 4394">
    <p class='ocr_par' dir='ltr' id='par_1_49' title="bbox 195 4324 1125 4394">
     <span class='ocr_line' id='line_1_49' title="bbox 195 4324 1125 4394; baseline -0.003 -13"><span class='ocrx_word' id='word_1_507' title='bbox 195 4324 473 4386; x_wconf 82' lang='lat' dir='ltr'><strong>criminum</strong></span> <span class='ocrx_word' id='word_1_508' title='bbox 495 4332 710 4394; x_wconf 82' lang='lat' dir='ltr'><strong>peccata</strong></span> <span class='ocrx_word' id='word_1_509' title='bbox 740 4328 950 4380; x_wconf 82' lang='lat' dir='ltr'><strong>conlixa</strong></span> <span class='ocrx_word' id='word_1_510' title='bbox 981 4333 1125 4384; x_wconf 83' lang='lat' dir='ltr'><strong>sunt.</strong></span> 
     </span>
    </p>
   </div>
   <div class='ocr_carea' id='block_1_50' title="bbox 264 4414 1778 4488">
    <p class='ocr_par' dir='ltr' id='par_1_50' title="bbox 264 4414 1778 4488">
     <span class='ocr_line' id='line_1_50' title="bbox 264 4414 1778 4488; baseline 0.003 -19"><span class='ocrx_word' id='word_1_511' title='bbox 264 4415 315 4469; x_wconf 83' lang='lat'><strong>5.</strong></span> <span class='ocrx_word' id='word_1_512' title='bbox 351 4414 554 4472; x_wconf 75' lang='lat' dir='ltr'><strong>Dehinc</strong></span> <span class='ocrx_word' id='word_1_513' title='bbox 592 4417 863 4486; x_wconf 85' lang='lat' dir='ltr'><strong>sequitur;</strong></span> <span class='ocrx_word' id='word_1_514' title='bbox 895 4415 1250 4475; x_wconf 74' lang='lat' dir='ltr'><strong>Misericordia</strong></span> <span class='ocrx_word' id='word_1_515' title='bbox 1290 4433 1402 4472; x_wconf 86' lang='lat' dir='ltr'><strong>mea</strong></span> <span class='ocrx_word' id='word_1_516' title='bbox 1437 4427 1485 4472; x_wconf 79' lang='lat' dir='ltr'><strong>et</strong></span> <span class='ocrx_word' id='word_1_517' title='bbox 1520 4417 1778 4488; x_wconf 73' lang='lat' dir='ltr'><strong>refugium</strong></span> 
     </span>
    </p>
   </div>
   <div class='ocr_carea' id='block_1_51' title="bbox 196 4507 1777 4577">
    <p class='ocr_par' dir='ltr' id='par_1_51' title="bbox 196 4507 1777 4577">
     <span class='ocr_line' id='line_1_51' title="bbox 196 4507 1777 4577; baseline 0.004 -16"><span class='ocrx_word' id='word_1_518' title='bbox 196 4523 374 4572; x_wconf 76' lang='lat' dir='ltr'><strong>nicum,</strong></span> <span class='ocrx_word' id='word_1_519' title='bbox 395 4517 659 4577; x_wconf 77' lang='lat' dir='ltr'><strong>susceptor</strong></span> <span class='ocrx_word' id='word_1_520' title='bbox 677 4524 818 4563; x_wconf 68' lang='lat' dir='ltr'><strong>incus</strong></span> <span class='ocrx_word' id='word_1_521' title='bbox 843 4518 890 4562; x_wconf 84' lang='lat' dir='ltr'><strong>et</strong></span> <span class='ocrx_word' id='word_1_522' title='bbox 906 4507 1150 4565; x_wconf 71' lang='lat' dir='ltr'><strong>liberator</strong></span> <span class='ocrx_word' id='word_1_523' title='bbox 1172 4525 1314 4565; x_wconf 82' lang='lat' dir='ltr'><strong>meus</strong></span> <span class='ocrx_word' id='word_1_524' title='bbox 1336 4526 1387 4564; x_wconf 86' lang='lat' dir='ltr'><strong>es</strong></span> <span class='ocrx_word' id='word_1_525' title='bbox 1420 4509 1777 4574; x_wconf 70' lang='lat' dir='ltr'><strong>tu.Protector</strong></span> 
     </span>
    </p>
   </div>
   <div class='ocr_carea' id='block_1_52' title="bbox 1884 1910 3491 2000">
    <p class='ocr_par' dir='ltr' id='par_1_52' title="bbox 1884 1910 3491 2000">
     <span class='ocr_line' id='line_1_52' title="bbox 1884 1910 3491 2000; baseline 0.014 -32"><span class='ocrx_word' id='word_1_526' title='bbox 1884 1910 2158 1972; x_wconf 76' lang='lat' dir='ltr'><strong>divisisset</strong></span> <span class='ocrx_word' id='word_1_527' title='bbox 2180 1917 2443 1976; x_wconf 82' lang='lat' dir='ltr'><strong>Excelsus</strong></span> <span class='ocrx_word' id='word_1_528' title='bbox 2464 1933 2655 1992; x_wconf 84' lang='lat' dir='ltr'><strong>gentes</strong></span> <span class='ocrx_word' id='word_1_529' title='bbox 2677 1965 2691 1990; x_wconf 93' lang='lat'><strong>,</strong></span> <span class='ocrx_word' id='word_1_530' title='bbox 2725 1928 2911 1981; x_wconf 83' lang='lat' dir='ltr'><strong>statuit</strong></span> <span class='ocrx_word' id='word_1_531' title='bbox 2933 1927 3068 1982; x_wconf 84' lang='lat' dir='ltr'><strong>lines</strong></span> <span class='ocrx_word' id='word_1_532' title='bbox 3115 1933 3355 2000; x_wconf 84' lang='lat' dir='ltr'><strong>gentium</strong></span> <span class='ocrx_word' id='word_1_533' title='bbox 3403 1950 3491 1990; x_wconf 84' lang='lat' dir='ltr'><strong>sc-</strong></span> 
     </span>
    </p>
   </div>
   <div class='ocr_carea' id='block_1_53' title="bbox 1883 2005 3495 2088">
    <p class='ocr_par' dir='ltr' id='par_1_53' title="bbox 1883 2005 3495 2088">
     <span class='ocr_line' id='line_1_53' title="bbox 1883 2005 3495 2088; baseline 0.015 -28"><span class='ocrx_word' id='word_1_534' title='bbox 1883 2005 2120 2064; x_wconf 87' lang='lat' dir='ltr'><strong>cundum</strong></span> <span class='ocrx_word' id='word_1_535' title='bbox 2169 2025 2452 2067; x_wconf 84' lang='lat' dir='ltr'><strong>numerum</strong></span> <span class='ocrx_word' id='word_1_536' title='bbox 2495 2015 2814 2086; x_wconf 79' lang='lat' dir='ltr'><strong>angelorum</strong></span> <span class='ocrx_word' id='word_1_537' title='bbox 2845 2033 3069 2076; x_wconf 89' lang='lat' dir='ltr'><strong>suorum</strong></span> <span class='ocrx_word' id='word_1_538' title='bbox 3093 2064 3107 2088; x_wconf 94' lang='lat'><strong>,</strong></span> <span class='ocrx_word' id='word_1_539' title='bbox 3154 2032 3210 2078; x_wconf 90' lang='lat' dir='ltr'><strong>ot</strong></span> <span class='ocrx_word' id='word_1_540' title='bbox 3238 2023 3377 2082; x_wconf 82' lang='lat' dir='ltr'><strong>facta</strong></span> <span class='ocrx_word' id='word_1_541' title='bbox 3409 2039 3495 2084; x_wconf 89' lang='lat' dir='ltr'><strong>est</strong></span> 
     </span>
    </p>
   </div>
   <div class='ocr_carea' id='block_1_54' title="bbox 1883 2097 3492 2185">
    <p class='ocr_par' dir='ltr' id='par_1_54' title="bbox 1883 2097 3492 2185">
     <span class='ocr_line' id='line_1_54' title="bbox 1883 2097 3492 2185; baseline 0.017 -36"><span class='ocrx_word' id='word_1_542' title='bbox 1883 2097 2062 2165; x_wconf 87' lang='lat' dir='ltr'><strong>portio</strong></span> <span class='ocrx_word' id='word_1_543' title='bbox 2092 2099 2297 2156; x_wconf 91' lang='lat' dir='ltr'><strong>Domini</strong></span> <span class='ocrx_word' id='word_1_544' title='bbox 2316 2101 2506 2170; x_wconf 73' lang='lat' dir='ltr'><strong>Iacob,</strong></span> <span class='ocrx_word' id='word_1_545' title='bbox 2530 2105 2800 2163; x_wconf 79' lang='lat' dir='ltr'><strong>funiculus</strong></span> <span class='ocrx_word' id='word_1_546' title='bbox 2823 2109 3151 2170; x_wconf 61' lang='lat' dir='ltr'><strong>hereditatis</strong></span> <span class='ocrx_word' id='word_1_547' title='bbox 3175 2116 3294 2185; x_wconf 82' lang='lat' dir='ltr'><strong>ejus</strong></span> <span class='ocrx_word' id='word_1_548' title='bbox 3325 2119 3492 2176; x_wconf 87' lang='lat' dir='ltr'><strong>Israel</strong></span> 
     </span>
    </p>
   </div>
   <div class='ocr_carea' id='block_1_55' title="bbox 1887 2187 3495 2281">
    <p class='ocr_par' dir='ltr' id='par_1_55' title="bbox 1887 2187 3495 2281">
     <span class='ocr_line' id='line_1_55' title="bbox 1887 2187 3495 2281; baseline 0.017 -40"><span class='ocrx_word' id='word_1_549' title='bbox 1887 2187 2084 2281; x_wconf 64' lang='lat' dir='ltr'><strong>(Deut.</strong></span> <span class='ocrx_word' id='word_1_550' title='bbox 2109 2207 2255 2248; x_wconf 67' lang='grc' dir='ltr'>χχιιι</span> <span class='ocrx_word' id='word_1_551' title='bbox 2275 2235 2288 2258; x_wconf 89' lang='grc'><strong><em>,</em></strong></span> <span class='ocrx_word' id='word_1_552' title='bbox 2319 2195 2354 2250; x_wconf 85' lang='grc'>8</span> <span class='ocrx_word' id='word_1_553' title='bbox 2377 2205 2427 2252; x_wconf 79' lang='lat' dir='ltr'><strong>et</strong></span> <span class='ocrx_word' id='word_1_554' title='bbox 2453 2196 2516 2263; x_wconf 91' lang='lat'><strong>9;</strong></span> <span class='ocrx_word' id='word_1_555' title='bbox 2545 2199 2650 2253; x_wconf 74' lang='lat' dir='ltr'><strong>vid.</strong></span> <span class='ocrx_word' id='word_1_556' title='bbox 2687 2200 2858 2256; x_wconf 83' lang='lat' dir='ltr'><strong>Tract.</strong></span> <span class='ocrx_word' id='word_1_557' title='bbox 2890 2202 2984 2259; x_wconf 82' lang='lat' dir='ltr'><strong>Ps.</strong></span> <span class='ocrx_word' id='word_1_558' title='bbox 3017 2220 3076 2268; x_wconf 88' lang='grc' dir='ltr'>ιι,</span> <span class='ocrx_word' id='word_1_559' title='bbox 3099 2223 3152 2261; x_wconf 85' lang='lat' dir='ltr'><strong>u.</strong></span> <span class='ocrx_word' id='word_1_560' title='bbox 3185 2208 3298 2281; x_wconf 75' lang='lat'><strong>31).</strong></span> <span class='ocrx_word' id='word_1_561' title='bbox 3331 2210 3495 2268; x_wconf 85' lang='lat' dir='ltr'><strong>Israel</strong></span> 
     </span>
    </p>
   </div>
   <div class='ocr_carea' id='block_1_56' title="bbox 1886 2279 3496 2363">
    <p class='ocr_par' dir='ltr' id='par_1_56' title="bbox 1886 2279 3496 2363">
     <span class='ocr_line' id='line_1_56' title="bbox 1886 2279 3496 2363; baseline 0.017 -28"><span class='ocrx_word' id='word_1_562' title='bbox 1886 2279 1990 2338; x_wconf 86' lang='lat' dir='ltr'><strong>iste</strong></span> <span class='ocrx_word' id='word_1_563' title='bbox 2021 2284 2073 2340; x_wconf 93' lang='lat' dir='ltr'><strong>in</strong></span> <span class='ocrx_word' id='word_1_564' title='bbox 2106 2284 2482 2346; x_wconf 75' lang='lat' dir='ltr'><strong>hzeroditatem</strong></span> <span class='ocrx_word' id='word_1_565' title='bbox 2507 2302 2764 2349; x_wconf 80' lang='lat' dir='ltr'><strong>teternam</strong></span> <span class='ocrx_word' id='word_1_566' title='bbox 2798 2297 2976 2353; x_wconf 83' lang='lat' dir='ltr'><strong>luerat</strong></span> <span class='ocrx_word' id='word_1_567' title='bbox 3005 2301 3210 2356; x_wconf 90' lang='lat' dir='ltr'><strong>electus</strong></span> <span class='ocrx_word' id='word_1_568' title='bbox 3243 2279 3264 2357; x_wconf 38' lang='grc' dir='ltr'><strong>ε’</strong></span> <span class='ocrx_word' id='word_1_569' title='bbox 3291 2314 3343 2360; x_wconf 88' lang='lat' dir='ltr'><strong>et</strong></span> <span class='ocrx_word' id='word_1_570' title='bbox 3371 2305 3496 2363; x_wconf 92' lang='lat' dir='ltr'><strong>ideo</strong></span> 
     </span>
    </p>
   </div>
   <div class='ocr_carea' id='block_1_57' title="bbox 1886 2374 3493 2466">
    <p class='ocr_par' dir='ltr' id='par_1_57' title="bbox 1886 2374 3493 2466">
     <span class='ocr_line' id='line_1_57' title="bbox 1886 2374 3493 2466; baseline 0.019 -40"><span class='ocrx_word' id='word_1_571' title='bbox 1886 2374 2009 2442; x_wconf 87' lang='lat' dir='ltr'><strong>quia</strong></span> <span class='ocrx_word' id='word_1_572' title='bbox 2051 2375 2142 2432; x_wconf 89' lang='lat' dir='ltr'><strong>ille</strong></span> <span class='ocrx_word' id='word_1_573' title='bbox 2174 2380 2350 2446; x_wconf 89' lang='lat' dir='ltr'><strong>portio</strong></span> <span class='ocrx_word' id='word_1_574' title='bbox 2387 2381 2600 2438; x_wconf 90' lang='lat' dir='ltr'><strong>Domini</strong></span> <span class='ocrx_word' id='word_1_575' title='bbox 2641 2395 2788 2453; x_wconf 88' lang='lat' dir='ltr'><strong>erat,</strong></span> <span class='ocrx_word' id='word_1_576' title='bbox 2833 2391 3016 2445; x_wconf 85' lang='lat' dir='ltr'><strong>caeteri</strong></span> <span class='ocrx_word' id='word_1_577' title='bbox 3049 2395 3198 2461; x_wconf 86' lang='lat' dir='ltr'><strong>quasi</strong></span> <span class='ocrx_word' id='word_1_578' title='bbox 3231 2395 3493 2466; x_wconf 79' lang='lat' dir='ltr'><strong>incogniti</strong></span> 
     </span>
    </p>
   </div>
   <div class='ocr_carea' id='block_1_58' title="bbox 1887 2463 3491 2554">
    <p class='ocr_par' dir='ltr' id='par_1_58' title="bbox 1887 2463 3491 2554">
     <span class='ocr_line' id='line_1_58' title="bbox 1887 2463 3491 2554; baseline 0.015 -36"><span class='ocrx_word' id='word_1_579' title='bbox 1887 2463 2246 2537; x_wconf 82' lang='lat' dir='ltr'><strong>habebantur,</strong></span> <span class='ocrx_word' id='word_1_580' title='bbox 2267 2470 2389 2540; x_wconf 89' lang='lat' dir='ltr'><strong>quia</strong></span> <span class='ocrx_word' id='word_1_581' title='bbox 2418 2471 2496 2526; x_wconf 92' lang='lat' dir='ltr'><strong>illi</strong></span> <span class='ocrx_word' id='word_1_582' title='bbox 2519 2484 2702 2530; x_wconf 85' lang='lat' dir='ltr'><strong>essent</strong></span> <span class='ocrx_word' id='word_1_583' title='bbox 2729 2491 2826 2546; x_wconf 92' lang='lat' dir='ltr'><strong>per</strong></span> <span class='ocrx_word' id='word_1_584' title='bbox 2850 2479 3190 2551; x_wconf 71' lang='lat' dir='ltr'><strong>privilegium</strong></span> <span class='ocrx_word' id='word_1_585' title='bbox 3221 2463 3491 2554; x_wconf 32' lang='lat' dir='ltr'><strong>parti—onis</strong></span> 
     </span>
    </p>
   </div>
   <div class='ocr_carea' id='block_1_59' title="bbox 1885 2557 3488 2643">
    <p class='ocr_par' dir='ltr' id='par_1_59' title="bbox 1885 2557 3488 2643">
     <span class='ocr_line' id='line_1_59' title="bbox 1885 2557 3488 2643; baseline 0.014 -32"><span class='ocrx_word' id='word_1_586' title='bbox 1885 2557 2066 2614; x_wconf 88' lang='lat' dir='ltr'><strong>electi.</strong></span> <span class='ocrx_word' id='word_1_587' title='bbox 2103 2559 2194 2616; x_wconf 92' lang='lat' dir='ltr'><strong>Sui</strong></span> <span class='ocrx_word' id='word_1_588' title='bbox 2225 2573 2405 2620; x_wconf 87' lang='lat' dir='ltr'><strong>autem</strong></span> <span class='ocrx_word' id='word_1_589' title='bbox 2437 2579 2662 2632; x_wconf 85' lang='lat' dir='ltr'><strong>omnes;</strong></span> <span class='ocrx_word' id='word_1_590' title='bbox 2687 2567 2814 2638; x_wconf 85' lang='lat' dir='ltr'><strong>quia</strong></span> <span class='ocrx_word' id='word_1_591' title='bbox 2844 2569 2946 2625; x_wconf 84' lang='lat' dir='ltr'><strong>sibi</strong></span> <span class='ocrx_word' id='word_1_592' title='bbox 2975 2572 3118 2638; x_wconf 86' lang='lat' dir='ltr'><strong>quod</strong></span> <span class='ocrx_word' id='word_1_593' title='bbox 3147 2584 3275 2630; x_wconf 80' lang='lat' dir='ltr'><strong>sunt</strong></span> <span class='ocrx_word' id='word_1_594' title='bbox 3297 2617 3312 2643; x_wconf 93' lang='lat'><strong>,</strong></span> <span class='ocrx_word' id='word_1_595' title='bbox 3345 2585 3488 2633; x_wconf 87' lang='lat' dir='ltr'><strong>tam-</strong></span> 
     </span>
    </p>
   </div>
   <div class='ocr_carea' id='block_1_60' title="bbox 1886 2655 2661 2721">
    <p class='ocr_par' dir='ltr' id='par_1_60' title="bbox 1886 2655 2661 2721">
     <span class='ocr_line' id='line_1_60' title="bbox 1886 2655 2661 2721; baseline 0.009 -16"><span class='ocrx_word' id='word_1_596' title='bbox 1886 2665 2045 2721; x_wconf 88' lang='lat' dir='ltr'><strong>quam</strong></span> <span class='ocrx_word' id='word_1_597' title='bbox 2075 2655 2286 2714; x_wconf 84' lang='lat' dir='ltr'><strong>auctori</strong></span> <span class='ocrx_word' id='word_1_598' title='bbox 2315 2671 2414 2712; x_wconf 89' lang='lat' dir='ltr'><strong>suo</strong></span> <span class='ocrx_word' id='word_1_599' title='bbox 2440 2657 2661 2715; x_wconf 87' lang='lat' dir='ltr'><strong>debent.</strong></span> 
     </span>
    </p>
   </div>
   <div class='ocr_carea' id='block_1_61' title="bbox 1959 2744 3490 2825">
    <p class='ocr_par' dir='ltr' id='par_1_61' title="bbox 1959 2744 3490 2825">
     <span class='ocr_line' id='line_1_61' title="bbox 1959 2744 3490 2825; baseline 0.012 -26"><span class='ocrx_word' id='word_1_600' title='bbox 1959 2745 2012 2800; x_wconf 89' lang='lat'><strong>7.</strong></span> <span class='ocrx_word' id='word_1_601' title='bbox 2045 2744 2248 2803; x_wconf 81' lang='lat' dir='ltr'><strong>Christo</strong></span> <span class='ocrx_word' id='word_1_602' title='bbox 2289 2750 2516 2818; x_wconf 82' lang='lat' dir='ltr'><strong>quando,</strong></span> <span class='ocrx_word' id='word_1_603' title='bbox 2549 2769 2658 2820; x_wconf 79' lang='lat' dir='ltr'><strong>cur,</strong></span> <span class='ocrx_word' id='word_1_604' title='bbox 2691 2763 2738 2807; x_wconf 88' lang='lat' dir='ltr'><strong>st</strong></span> <span class='ocrx_word' id='word_1_605' title='bbox 2767 2766 3014 2825; x_wconf 73' lang='lat' dir='ltr'><strong>quatenus</strong></span> <span class='ocrx_word' id='word_1_606' title='bbox 3045 2758 3167 2814; x_wconf 84' lang='lat' dir='ltr'><strong>data</strong></span> <span class='ocrx_word' id='word_1_607' title='bbox 3195 2763 3388 2817; x_wconf 84' lang='lat' dir='ltr'><strong>omnia.</strong></span> <span class='ocrx_word' id='word_1_608' title='bbox 3419 2793 3490 2806; x_wconf 74' lang='lat'><strong>-</strong></span> 
     </span>
    </p>
   </div>
   <div class='ocr_carea' id='block_1_62' title="bbox 1887 2833 3494 2926">
    <p class='ocr_par' dir='ltr' id='par_1_62' title="bbox 1887 2833 3494 2926">
     <span class='ocr_line' id='line_1_62' title="bbox 1887 2833 3494 2926; baseline 0.013 -36"><span class='ocrx_word' id='word_1_609' title='bbox 1887 2833 2100 2893; x_wconf 89' lang='lat' dir='ltr'><strong>Snbditi</strong></span> <span class='ocrx_word' id='word_1_610' title='bbox 2123 2847 2301 2895; x_wconf 86' lang='lat' dir='ltr'><strong>autem</strong></span> <span class='ocrx_word' id='word_1_611' title='bbox 2327 2841 2376 2896; x_wconf 90' lang='lat' dir='ltr'><strong>ei</strong></span> <span class='ocrx_word' id='word_1_612' title='bbox 2401 2851 2550 2908; x_wconf 89' lang='lat' dir='ltr'><strong>sunt,</strong></span> <span class='ocrx_word' id='word_1_613' title='bbox 2576 2857 2698 2899; x_wconf 89' lang='lat' dir='ltr'><strong>cum</strong></span> <span class='ocrx_word' id='word_1_614' title='bbox 2722 2845 2942 2913; x_wconf 90' lang='lat' dir='ltr'><strong>dicitur,</strong></span> <span class='ocrx_word' id='word_1_615' title='bbox 2960 2847 3109 2904; x_wconf 77' lang='lat' dir='ltr'><strong>Sicut</strong></span> <span class='ocrx_word' id='word_1_616' title='bbox 3130 2851 3314 2907; x_wconf 78' lang='lat' dir='ltr'><strong>dedisti</strong></span> <span class='ocrx_word' id='word_1_617' title='bbox 3337 2855 3384 2908; x_wconf 83' lang='lat' dir='ltr'><strong>ei</strong></span> <span class='ocrx_word' id='word_1_618' title='bbox 3400 2871 3494 2926; x_wconf 88' lang='lat' dir='ltr'><strong>po-</strong></span> 
     </span>
    </p>
   </div>
   <div class='ocr_carea' id='block_1_63' title="bbox 1887 2934 3495 3014">
    <p class='ocr_par' dir='ltr' id='par_1_63' title="bbox 1887 2934 3495 3014">
     <span class='ocr_line' id='line_1_63' title="bbox 1887 2934 3495 3014; baseline 0.014 -31"><span class='ocrx_word' id='word_1_619' title='bbox 1887 2938 2116 2988; x_wconf 82' lang='lat' dir='ltr'><strong>testateat</strong></span> <span class='ocrx_word' id='word_1_620' title='bbox 2143 2934 2308 2988; x_wconf 80' lang='lat' dir='ltr'><strong>omnis</strong></span> <span class='ocrx_word' id='word_1_621' title='bbox 2329 2937 2520 3004; x_wconf 83' lang='lat' dir='ltr'><strong>carnis,</strong></span> <span class='ocrx_word' id='word_1_622' title='bbox 2554 2948 2610 2992; x_wconf 87' lang='lat' dir='ltr'><strong>ut</strong></span> <span class='ocrx_word' id='word_1_623' title='bbox 2638 2954 2787 2994; x_wconf 86' lang='lat' dir='ltr'><strong>omne</strong></span> <span class='ocrx_word' id='word_1_624' title='bbox 2813 2942 2954 3012; x_wconf 87' lang='lat' dir='ltr'><strong>quod</strong></span> <span class='ocrx_word' id='word_1_625' title='bbox 2993 2943 3179 3001; x_wconf 78' lang='lat' dir='ltr'><strong>dedisti</strong></span> <span class='ocrx_word' id='word_1_626' title='bbox 3209 2947 3284 3014; x_wconf 89' lang='lat' dir='ltr'><strong>ei,</strong></span> <span class='ocrx_word' id='word_1_627' title='bbox 3311 2949 3398 3003; x_wconf 84' lang='lat' dir='ltr'><strong>det</strong></span> <span class='ocrx_word' id='word_1_628' title='bbox 3416 2951 3495 3005; x_wconf 84' lang='lat' dir='ltr'><strong>illi</strong></span> 
     </span>
    </p>
   </div>
   <div class='ocr_carea' id='block_1_64' title="bbox 1885 3013 3494 3102">
    <p class='ocr_par' dir='ltr' id='par_1_64' title="bbox 1885 3013 3494 3102">
     <span class='ocr_line' id='line_1_64' title="bbox 1885 3013 3494 3102; baseline 0.014 -27"><span class='ocrx_word' id='word_1_629' title='bbox 1885 3022 2042 3080; x_wconf 83' lang='lat' dir='ltr'><strong>vitam</strong></span> <span class='ocrx_word' id='word_1_630' title='bbox 2070 3013 2316 3080; x_wconf 64' lang='lat' dir='ltr'><strong>(sternam</strong></span> <span class='ocrx_word' id='word_1_631' title='bbox 2343 3027 2544 3097; x_wconf 75' lang='lat' dir='ltr'><strong>(Joau.</strong></span> <span class='ocrx_word' id='word_1_632' title='bbox 2577 3045 2708 3096; x_wconf 80' lang='lat' dir='ltr'><strong>xvu,</strong></span> <span class='ocrx_word' id='word_1_633' title='bbox 2740 3031 2844 3102; x_wconf 77' lang='lat'><strong>2);</strong></span> <span class='ocrx_word' id='word_1_634' title='bbox 2869 3043 2924 3087; x_wconf 91' lang='lat' dir='ltr'><strong>et</strong></span> <span class='ocrx_word' id='word_1_635' title='bbox 2950 3033 3080 3090; x_wconf 88' lang='lat' dir='ltr'><strong>illud</strong></span> <span class='ocrx_word' id='word_1_636' title='bbox 3106 3078 3120 3099; x_wconf 90' lang='lat'><strong>,</strong></span> <span class='ocrx_word' id='word_1_637' title='bbox 3154 3013 3340 3094; x_wconf 83' lang='lat' dir='ltr'><strong>Omnia</strong></span> <span class='ocrx_word' id='word_1_638' title='bbox 3369 3042 3494 3097; x_wconf 88' lang='lat' dir='ltr'><strong>data</strong></span> 
     </span>
    </p>
   </div>
   <div class='ocr_carea' id='block_1_65' title="bbox 1886 3113 3494 3202">
    <p class='ocr_par' dir='ltr' id='par_1_65' title="bbox 1886 3113 3494 3202">
     <span class='ocr_line' id='line_1_65' title="bbox 1886 3113 3494 3202; baseline 0.014 -34"><span class='ocrx_word' id='word_1_639' title='bbox 1886 3125 2004 3172; x_wconf 85' lang='lat' dir='ltr'><strong>sunt</strong></span> <span class='ocrx_word' id='word_1_640' title='bbox 2031 3117 2158 3170; x_wconf 81' lang='lat' dir='ltr'><strong>mihi</strong></span> <span class='ocrx_word' id='word_1_641' title='bbox 2181 3117 2236 3171; x_wconf 82' lang='lat' dir='ltr'><strong>in</strong></span> <span class='ocrx_word' id='word_1_642' title='bbox 2273 3119 2398 3173; x_wconf 80' lang='lat' dir='ltr'><strong>caelo</strong></span> <span class='ocrx_word' id='word_1_643' title='bbox 2437 3129 2484 3174; x_wconf 72' lang='lat' dir='ltr'><strong>et</strong></span> <span class='ocrx_word' id='word_1_644' title='bbox 2509 3120 2562 3174; x_wconf 87' lang='lat' dir='ltr'><strong>in</strong></span> <span class='ocrx_word' id='word_1_645' title='bbox 2589 3129 2724 3176; x_wconf 83' lang='lat' dir='ltr'><strong>terra</strong></span> <span class='ocrx_word' id='word_1_646' title='bbox 2748 3121 2962 3193; x_wconf 70' lang='lat' dir='ltr'><strong>(Matth.</strong></span> <span class='ocrx_word' id='word_1_647' title='bbox 2991 3113 3184 3196; x_wconf 74' lang='lat' dir='ltr'><strong>xxvnt,</strong></span> <span class='ocrx_word' id='word_1_648' title='bbox 3214 3129 3329 3202; x_wconf 70' lang='lat'><strong>18).</strong></span> <span class='ocrx_word' id='word_1_649' title='bbox 3359 3131 3494 3191; x_wconf 85' lang='lat' dir='ltr'><strong>Data</strong></span> 
     </span>
    </p>
   </div>
   <div class='ocr_carea' id='block_1_66' title="bbox 1886 3302 3492 3389">
    <p class='ocr_par' dir='ltr' id='par_1_66' title="bbox 1886 3302 3492 3389">
     <span class='ocr_line' id='line_1_66' title="bbox 1886 3302 3492 3389; baseline 0.016 -39"><span class='ocrx_word' id='word_1_650' title='bbox 1886 3313 1982 3367; x_wconf 80' lang='lat' dir='ltr'><strong>per</strong></span> <span class='ocrx_word' id='word_1_651' title='bbox 2025 3315 2186 3369; x_wconf 84' lang='lat' dir='ltr'><strong>quem</strong></span> <span class='ocrx_word' id='word_1_652' title='bbox 2233 3302 2467 3358; x_wconf 84' lang='lat' dir='ltr'><strong>mundus</strong></span> <span class='ocrx_word' id='word_1_653' title='bbox 2516 3317 2634 3360; x_wconf 88' lang='lat' dir='ltr'><strong>erat</strong></span> <span class='ocrx_word' id='word_1_654' title='bbox 2683 3307 2886 3372; x_wconf 79' lang='lat' dir='ltr'><strong>factus,</strong></span> <span class='ocrx_word' id='word_1_655' title='bbox 2915 3312 3004 3381; x_wconf 89' lang='lat' dir='ltr'><strong>qui</strong></span> <span class='ocrx_word' id='word_1_656' title='bbox 3035 3313 3259 3383; x_wconf 80' lang='lat' dir='ltr'><strong>gloriam</strong></span> <span class='ocrx_word' id='word_1_657' title='bbox 3298 3320 3492 3389; x_wconf 80' lang='lat' dir='ltr'><strong>repetit</strong></span> 
     </span>
    </p>
   </div>
   <div class='ocr_carea' id='block_1_67' title="bbox 1885 3395 3492 3476">
    <p class='ocr_par' dir='ltr' id='par_1_67' title="bbox 1885 3395 3492 3476">
     <span class='ocr_line' id='line_1_67' title="bbox 1885 3395 3492 3476; baseline 0.014 -31"><span class='ocrx_word' id='word_1_658' title='bbox 1885 3406 2046 3461; x_wconf 84' lang='lat' dir='ltr'><strong>quam</strong></span> <span class='ocrx_word' id='word_1_659' title='bbox 2075 3403 2201 3448; x_wconf 89' lang='lat' dir='ltr'><strong>ante</strong></span> <span class='ocrx_word' id='word_1_660' title='bbox 2230 3395 2676 3453; x_wconf 82' lang='lat' dir='ltr'><strong>constitutionem</strong></span> <span class='ocrx_word' id='word_1_661' title='bbox 2709 3400 2894 3455; x_wconf 91' lang='lat' dir='ltr'><strong>mundi</strong></span> <span class='ocrx_word' id='word_1_662' title='bbox 2917 3401 3176 3460; x_wconf 85' lang='lat' dir='ltr'><strong>habuerat</strong></span> <span class='ocrx_word' id='word_1_663' title='bbox 3206 3407 3356 3476; x_wconf 84' lang='lat' dir='ltr'><strong>apud</strong></span> <span class='ocrx_word' id='word_1_664' title='bbox 3390 3409 3492 3466; x_wconf 84' lang='lat' dir='ltr'><strong>Pa-</strong></span> 
     </span>
    </p>
   </div>
   <div class='ocr_carea' id='block_1_68' title="bbox 1885 3484 3494 3568">
    <p class='ocr_par' dir='ltr' id='par_1_68' title="bbox 1885 3484 3494 3568">
     <span class='ocr_line' id='line_1_68' title="bbox 1885 3484 3494 3568; baseline 0.011 -30"><span class='ocrx_word' id='word_1_665' title='bbox 1885 3491 2024 3542; x_wconf 87' lang='lat' dir='ltr'><strong>trem</strong></span> <span class='ocrx_word' id='word_1_666' title='bbox 2050 3503 2063 3539; x_wconf 89' lang='lat'><strong>:</strong></span> <span class='ocrx_word' id='word_1_667' title='bbox 2087 3484 2184 3542; x_wconf 84' lang='lat' dir='ltr'><strong>sed</strong></span> <span class='ocrx_word' id='word_1_668' title='bbox 2207 3485 2332 3542; x_wconf 90' lang='lat' dir='ltr'><strong>data</strong></span> <span class='ocrx_word' id='word_1_669' title='bbox 2365 3495 2488 3556; x_wconf 89' lang='lat' dir='ltr'><strong>post</strong></span> <span class='ocrx_word' id='word_1_670' title='bbox 2511 3487 2747 3544; x_wconf 87' lang='lat' dir='ltr'><strong>hominis</strong></span> <span class='ocrx_word' id='word_1_671' title='bbox 2774 3493 3204 3564; x_wconf 78' lang='lat' dir='ltr'><strong>assumptionem</strong></span> <span class='ocrx_word' id='word_1_672' title='bbox 3224 3513 3239 3561; x_wconf 87' lang='lat'><strong>;</strong></span> <span class='ocrx_word' id='word_1_673' title='bbox 3263 3499 3386 3568; x_wconf 90' lang='lat' dir='ltr'><strong>quia</strong></span> <span class='ocrx_word' id='word_1_674' title='bbox 3419 3502 3494 3558; x_wconf 84' lang='lat' dir='ltr'><strong>ita</strong></span> 
     </span>
    </p>
   </div>
   <div class='ocr_carea' id='block_1_69' title="bbox 1884 3577 3491 3654">
    <p class='ocr_par' dir='ltr' id='par_1_69' title="bbox 1884 3577 3491 3654">
     <span class='ocr_line' id='line_1_69' title="bbox 1884 3577 3491 3654; baseline 0.011 -22"><span class='ocrx_word' id='word_1_675' title='bbox 1884 3577 2086 3634; x_wconf 88' lang='lat' dir='ltr'><strong>dictum</strong></span> <span class='ocrx_word' id='word_1_676' title='bbox 2110 3587 2215 3644; x_wconf 83' lang='lat' dir='ltr'><strong>est,</strong></span> <span class='ocrx_word' id='word_1_677' title='bbox 2241 3580 2340 3648; x_wconf 84' lang='lat' dir='ltr'><strong>Qui</strong></span> <span class='ocrx_word' id='word_1_678' title='bbox 2369 3595 2494 3636; x_wconf 84' lang='lat' dir='ltr'><strong>cum</strong></span> <span class='ocrx_word' id='word_1_679' title='bbox 2521 3582 2766 3638; x_wconf 79' lang='lat' dir='ltr'><strong>informa</strong></span> <span class='ocrx_word' id='word_1_680' title='bbox 2784 3585 2872 3640; x_wconf 90' lang='lat' dir='ltr'><strong>Dei</strong></span> <span class='ocrx_word' id='word_1_681' title='bbox 2901 3597 3065 3654; x_wconf 83' lang='lat' dir='ltr'><strong>esset,</strong></span> <span class='ocrx_word' id='word_1_682' title='bbox 3091 3587 3317 3646; x_wconf 80' lang='lat' dir='ltr'><strong>formam</strong></span> <span class='ocrx_word' id='word_1_683' title='bbox 3341 3595 3491 3650; x_wconf 80' lang='lat' dir='ltr'><strong>servi</strong></span> 
     </span>
    </p>
   </div>
   <div class='ocr_carea' id='block_1_70' title="bbox 1882 3671 3560 3746">
    <p class='ocr_par' dir='ltr' id='par_1_70' title="bbox 1882 3671 3560 3746">
     <span class='ocr_line' id='line_1_70' title="bbox 1882 3671 3560 3746; baseline 0.011 -24"><span class='ocrx_word' id='word_1_684' title='bbox 1882 3671 2087 3740; x_wconf 86' lang='lat' dir='ltr'><strong>accepit</strong></span> <span class='ocrx_word' id='word_1_685' title='bbox 2115 3687 2128 3724; x_wconf 90' lang='lat'><strong>:</strong></span> <span class='ocrx_word' id='word_1_686' title='bbox 2159 3679 2381 3741; x_wconf 86' lang='lat' dir='ltr'><strong>propter</strong></span> <span class='ocrx_word' id='word_1_687' title='bbox 2400 3673 2544 3742; x_wconf 92' lang='lat' dir='ltr'><strong>quod</strong></span> <span class='ocrx_word' id='word_1_688' title='bbox 2575 3675 2833 3730; x_wconf 78' lang='lat' dir='ltr'><strong>exaltavit</strong></span> <span class='ocrx_word' id='word_1_689' title='bbox 2860 3676 3012 3733; x_wconf 89' lang='lat' dir='ltr'><strong>illum</strong></span> <span class='ocrx_word' id='word_1_690' title='bbox 3041 3679 3205 3746; x_wconf 89' lang='lat' dir='ltr'><strong>Deus,</strong></span> <span class='ocrx_word' id='word_1_691' title='bbox 3235 3692 3289 3737; x_wconf 90' lang='lat' dir='ltr'><strong>et</strong></span> <span class='ocrx_word' id='word_1_692' title='bbox 3315 3684 3486 3740; x_wconf 66' lang='lat' dir='ltr'><strong>dona.</strong></span> <span class='ocrx_word' id='word_1_693' title='bbox 3543 3699 3560 3710; x_wconf 80' lang='grc'><strong>“</strong></span> 
     </span>
    </p>
   </div>
   <div class='ocr_carea' id='block_1_71' title="bbox 1882 3761 3489 3846">
    <p class='ocr_par' dir='ltr' id='par_1_71' title="bbox 1882 3761 3489 3846">
     <span class='ocr_line' id='line_1_71' title="bbox 1882 3761 3489 3846; baseline 0.011 -31"><span class='ocrx_word' id='word_1_694' title='bbox 1882 3761 1957 3816; x_wconf 85' lang='lat' dir='ltr'><strong>vit</strong></span> <span class='ocrx_word' id='word_1_695' title='bbox 1985 3761 2061 3816; x_wconf 91' lang='lat' dir='ltr'><strong>illi</strong></span> <span class='ocrx_word' id='word_1_696' title='bbox 2091 3776 2308 3829; x_wconf 84' lang='lat' dir='ltr'><strong>nomen,</strong></span> <span class='ocrx_word' id='word_1_697' title='bbox 2343 3765 2488 3834; x_wconf 88' lang='lat' dir='ltr'><strong>quod</strong></span> <span class='ocrx_word' id='word_1_698' title='bbox 2530 3775 2616 3821; x_wconf 88' lang='lat' dir='ltr'><strong>cst</strong></span> <span class='ocrx_word' id='word_1_699' title='bbox 2663 3781 2830 3838; x_wconf 89' lang='lat' dir='ltr'><strong>super</strong></span> <span class='ocrx_word' id='word_1_700' title='bbox 2872 3784 3035 3826; x_wconf 84' lang='lat' dir='ltr'><strong>omne</strong></span> <span class='ocrx_word' id='word_1_701' title='bbox 3076 3787 3273 3830; x_wconf 92' lang='lat' dir='ltr'><strong>nomen</strong></span> <span class='ocrx_word' id='word_1_702' title='bbox 3311 3776 3331 3846; x_wconf 86' lang='lat'>(</span> <span class='ocrx_word' id='word_1_703' title='bbox 3361 3775 3489 3832; x_wconf 75' lang='lat' dir='ltr'><strong>Phi-</strong></span> 
     </span>
    </p>
   </div>
   <div class='ocr_carea' id='block_1_72' title="bbox 1885 3853 3488 3928">
    <p class='ocr_par' dir='ltr' id='par_1_72' title="bbox 1885 3853 3488 3928">
     <span class='ocr_line' id='line_1_72' title="bbox 1885 3853 3488 3928; baseline 0.012 -21"><span class='ocrx_word' id='word_1_704' title='bbox 1885 3853 1977 3925; x_wconf 87' lang='lat' dir='ltr'><strong>lip.</strong></span> <span class='ocrx_word' id='word_1_705' title='bbox 2011 3870 2070 3921; x_wconf 86' lang='lat' dir='ltr'><strong>u,</strong></span> <span class='ocrx_word' id='word_1_706' title='bbox 2105 3854 2135 3908; x_wconf 88' lang='lat'><strong>7</strong></span> <span class='ocrx_word' id='word_1_707' title='bbox 2180 3865 2227 3910; x_wconf 82' lang='lat' dir='ltr'><strong>et</strong></span> <span class='ocrx_word' id='word_1_708' title='bbox 2253 3855 2329 3925; x_wconf 91' lang='lat'><strong>9).</strong></span> <span class='ocrx_word' id='word_1_709' title='bbox 2363 3855 2501 3924; x_wconf 87' lang='lat' dir='ltr'><strong>Quid</strong></span> <span class='ocrx_word' id='word_1_710' title='bbox 2529 3873 2695 3928; x_wconf 86' lang='lat' dir='ltr'><strong>ergo,</strong></span> <span class='ocrx_word' id='word_1_711' title='bbox 2721 3860 2805 3915; x_wconf 85' lang='lat' dir='ltr'><strong>vel</strong></span> <span class='ocrx_word' id='word_1_712' title='bbox 2835 3860 2924 3915; x_wconf 86' lang='lat' dir='ltr'><strong>cui</strong></span> <span class='ocrx_word' id='word_1_713' title='bbox 2952 3862 3232 3919; x_wconf 71' lang='lat' dir='ltr'><strong>donatur?</strong></span> <span class='ocrx_word' id='word_1_714' title='bbox 3267 3865 3383 3923; x_wconf 89' lang='lat' dir='ltr'><strong>Non</strong></span> <span class='ocrx_word' id='word_1_715' title='bbox 3436 3871 3488 3928; x_wconf 86' lang='lat' dir='ltr'><strong>ei</strong></span> 
     </span>
    </p>
   </div>
   <div class='ocr_carea' id='block_1_73' title="bbox 1883 3950 3484 4020">
    <p class='ocr_par' dir='ltr' id='par_1_73' title="bbox 1883 3950 3484 4020">
     <span class='ocr_line' id='line_1_73' title="bbox 1883 3950 3484 4020; baseline 0.009 -16"><span class='ocrx_word' id='word_1_716' title='bbox 1883 3950 2084 4020; x_wconf 83' lang='lat' dir='ltr'><strong>utique,</strong></span> <span class='ocrx_word' id='word_1_717' title='bbox 2117 3951 2206 4020; x_wconf 83' lang='lat' dir='ltr'><strong>qui</strong></span> <span class='ocrx_word' id='word_1_718' title='bbox 2241 3951 2294 4005; x_wconf 87' lang='lat' dir='ltr'><strong>in</strong></span> <span class='ocrx_word' id='word_1_719' title='bbox 2321 3950 2494 4007; x_wconf 72' lang='lat' dir='ltr'><strong>forma</strong></span> <span class='ocrx_word' id='word_1_720' title='bbox 2537 3952 2626 4008; x_wconf 83' lang='lat' dir='ltr'><strong>Dei</strong></span> <span class='ocrx_word' id='word_1_721' title='bbox 2659 3965 2777 4008; x_wconf 87' lang='lat' dir='ltr'><strong>erat</strong></span> <span class='ocrx_word' id='word_1_722' title='bbox 2803 3995 2817 4020; x_wconf 92' lang='lat'><strong>,</strong></span> <span class='ocrx_word' id='word_1_723' title='bbox 2847 3955 3079 4012; x_wconf 85' lang='lat' dir='ltr'><strong>donatur</strong></span> <span class='ocrx_word' id='word_1_724' title='bbox 3099 3968 3158 4013; x_wconf 90' lang='lat' dir='ltr'><strong>ut</strong></span> <span class='ocrx_word' id='word_1_725' title='bbox 3190 3960 3282 4015; x_wconf 89' lang='lat' dir='ltr'><strong>Dei</strong></span> <span class='ocrx_word' id='word_1_726' title='bbox 3309 3960 3484 4020; x_wconf 80' lang='lat' dir='ltr'><strong>forma</strong></span> 
     </span>
    </p>
   </div>
   <div class='ocr_carea' id='block_1_74' title="bbox 1881 4041 3481 4120">
    <p class='ocr_par' dir='ltr' id='par_1_74' title="bbox 1881 4041 3481 4120">
     <span class='ocr_line' id='line_1_74' title="bbox 1881 4041 3481 4120; baseline 0.008 -22"><span class='ocrx_word' id='word_1_727' title='bbox 1881 4042 1980 4108; x_wconf 85' lang='lat' dir='ltr'><strong>sit;</strong></span> <span class='ocrx_word' id='word_1_728' title='bbox 2009 4049 2126 4098; x_wconf 87' lang='lat' dir='ltr'><strong>erat</strong></span> <span class='ocrx_word' id='word_1_729' title='bbox 2147 4044 2312 4108; x_wconf 79' lang='lat' dir='ltr'><strong>enim,</strong></span> <span class='ocrx_word' id='word_1_730' title='bbox 2334 4053 2386 4099; x_wconf 88' lang='lat' dir='ltr'><strong>et</strong></span> <span class='ocrx_word' id='word_1_731' title='bbox 2404 4043 2530 4115; x_wconf 87' lang='lat' dir='ltr'><strong>quia</strong></span> <span class='ocrx_word' id='word_1_732' title='bbox 2559 4041 2695 4111; x_wconf 79' lang='lat' dir='ltr'><strong>erat,</strong></span> <span class='ocrx_word' id='word_1_733' title='bbox 2710 4045 2821 4116; x_wconf 88' lang='lat' dir='ltr'><strong>jam</strong></span> <span class='ocrx_word' id='word_1_734' title='bbox 2849 4062 2954 4102; x_wconf 91' lang='lat' dir='ltr'><strong>non</strong></span> <span class='ocrx_word' id='word_1_735' title='bbox 2979 4050 3169 4120; x_wconf 87' lang='lat' dir='ltr'><strong>egebat</strong></span> <span class='ocrx_word' id='word_1_736' title='bbox 3192 4051 3294 4106; x_wconf 84' lang='lat' dir='ltr'><strong>hoc</strong></span> <span class='ocrx_word' id='word_1_737' title='bbox 3316 4053 3481 4111; x_wconf 87' lang='lat' dir='ltr'><strong>dono.</strong></span> 
     </span>
    </p>
   </div>
   <div class='ocr_carea' id='block_1_75' title="bbox 1881 4134 3480 4212">
    <p class='ocr_par' dir='ltr' id='par_1_75' title="bbox 1881 4134 3480 4212">
     <span class='ocr_line' id='line_1_75' title="bbox 1881 4134 3480 4212; baseline 0.008 -25"><span class='ocrx_word' id='word_1_738' title='bbox 1881 4136 1988 4191; x_wconf 86' lang='lat' dir='ltr'><strong>Sed</strong></span> <span class='ocrx_word' id='word_1_739' title='bbox 2014 4134 2113 4194; x_wconf 77' lang='lat' dir='ltr'><strong>fuit</strong></span> <span class='ocrx_word' id='word_1_740' title='bbox 2143 4149 2302 4189; x_wconf 84' lang='lat' dir='ltr'><strong>causa</strong></span> <span class='ocrx_word' id='word_1_741' title='bbox 2333 4135 2593 4204; x_wconf 68' lang='lat' dir='ltr'><strong>donandi,</strong></span> <span class='ocrx_word' id='word_1_742' title='bbox 2622 4137 2746 4206; x_wconf 88' lang='lat' dir='ltr'><strong>quia</strong></span> <span class='ocrx_word' id='word_1_743' title='bbox 2777 4138 2868 4206; x_wconf 90' lang='lat' dir='ltr'><strong>qui</strong></span> <span class='ocrx_word' id='word_1_744' title='bbox 2912 4139 2967 4192; x_wconf 92' lang='lat' dir='ltr'><strong>in</strong></span> <span class='ocrx_word' id='word_1_745' title='bbox 3015 4138 3188 4195; x_wconf 78' lang='lat' dir='ltr'><strong>forma</strong></span> <span class='ocrx_word' id='word_1_746' title='bbox 3221 4142 3316 4198; x_wconf 89' lang='lat' dir='ltr'><strong>Dci</strong></span> <span class='ocrx_word' id='word_1_747' title='bbox 3341 4157 3480 4212; x_wconf 84' lang='lat' dir='ltr'><strong>erat,</strong></span> 
     </span>
    </p>
   </div>
   <div class='ocr_carea' id='block_1_76' title="bbox 1880 4225 3481 4304">
    <p class='ocr_par' dir='ltr' id='par_1_76' title="bbox 1880 4225 3481 4304">
     <span class='ocr_line' id='line_1_76' title="bbox 1880 4225 3481 4304; baseline 0.006 -22"><span class='ocrx_word' id='word_1_748' title='bbox 1880 4225 2107 4287; x_wconf 82' lang='lat' dir='ltr'><strong>formam</strong></span> <span class='ocrx_word' id='word_1_749' title='bbox 2132 4226 2274 4280; x_wconf 88' lang='lat' dir='ltr'><strong>servi</strong></span> <span class='ocrx_word' id='word_1_750' title='bbox 2304 4227 2542 4296; x_wconf 86' lang='lat' dir='ltr'><strong>accepit;</strong></span> <span class='ocrx_word' id='word_1_751' title='bbox 2566 4235 2621 4282; x_wconf 90' lang='lat' dir='ltr'><strong>et</strong></span> <span class='ocrx_word' id='word_1_752' title='bbox 2642 4241 2702 4283; x_wconf 86' lang='lat' dir='ltr'><strong>se</strong></span> <span class='ocrx_word' id='word_1_753' title='bbox 2731 4227 2800 4283; x_wconf 90' lang='lat' dir='ltr'><strong>de</strong></span> <span class='ocrx_word' id='word_1_754' title='bbox 2841 4227 3011 4286; x_wconf 82' lang='lat' dir='ltr'><strong>forma</strong></span> <span class='ocrx_word' id='word_1_755' title='bbox 3059 4232 3152 4286; x_wconf 85' lang='lat' dir='ltr'><strong>Dei</strong></span> <span class='ocrx_word' id='word_1_756' title='bbox 3183 4248 3481 4304; x_wconf 85' lang='lat' dir='ltr'><strong>evacuans,</strong></span> 
     </span>
    </p>
   </div>
   <div class='ocr_carea' id='block_1_77' title="bbox 1879 4316 3479 4388">
    <p class='ocr_par' dir='ltr' id='par_1_77' title="bbox 1879 4316 3479 4388">
     <span class='ocr_line' id='line_1_77' title="bbox 1879 4316 3479 4388; baseline 0.007 -17"><span class='ocrx_word' id='word_1_757' title='bbox 1879 4316 2110 4378; x_wconf 80' lang='lat' dir='ltr'><strong>formam</strong></span> <span class='ocrx_word' id='word_1_758' title='bbox 2131 4317 2272 4373; x_wconf 85' lang='lat' dir='ltr'><strong>servi</strong></span> <span class='ocrx_word' id='word_1_759' title='bbox 2292 4316 2455 4388; x_wconf 76' lang='lat'><strong>613</strong></span> <span class='ocrx_word' id='word_1_760' title='bbox 2482 4331 2783 4383; x_wconf 87' lang='lat' dir='ltr'><strong>assumens,</strong></span> <span class='ocrx_word' id='word_1_761' title='bbox 2802 4333 2973 4388; x_wconf 79' lang='lat' dir='ltr'><strong>usque</strong></span> <span class='ocrx_word' id='word_1_762' title='bbox 2991 4319 3060 4376; x_wconf 85' lang='lat' dir='ltr'><strong>ad</strong></span> <span class='ocrx_word' id='word_1_763' title='bbox 3091 4331 3318 4378; x_wconf 85' lang='lat' dir='ltr'><strong>mortem</strong></span> <span class='ocrx_word' id='word_1_764' title='bbox 3345 4327 3479 4382; x_wconf 84' lang='lat' dir='ltr'><strong>obe-</strong></span> 
     </span>
    </p>
   </div>
   <div class='ocr_carea' id='block_1_78' title="bbox 1879 4403 3484 4480">
    <p class='ocr_par' dir='ltr' id='par_1_78' title="bbox 1879 4403 3484 4480">
     <span class='ocr_line' id='line_1_78' title="bbox 1879 4403 3484 4480; baseline 0.006 -16"><span class='ocrx_word' id='word_1_765' title='bbox 1879 4408 2037 4464; x_wconf 84' lang='lat' dir='ltr'><strong>diens</strong></span> <span class='ocrx_word' id='word_1_766' title='bbox 2064 4407 2180 4464; x_wconf 81' lang='lat' dir='ltr'><strong>luit.</strong></span> <span class='ocrx_word' id='word_1_767' title='bbox 2199 4403 2534 4464; x_wconf 72' lang='lat' dir='ltr'><strong>Obedientia:</strong></span> <span class='ocrx_word' id='word_1_768' title='bbox 2555 4421 2685 4480; x_wconf 78' lang='lat' dir='ltr'><strong>ergo</strong></span> <span class='ocrx_word' id='word_1_769' title='bbox 2709 4408 2804 4472; x_wconf 89' lang='lat' dir='ltr'><strong>illi,</strong></span> <span class='ocrx_word' id='word_1_770' title='bbox 2829 4423 2924 4478; x_wconf 88' lang='lat' dir='ltr'><strong>per</strong></span> <span class='ocrx_word' id='word_1_771' title='bbox 2944 4425 3105 4480; x_wconf 91' lang='lat' dir='ltr'><strong>quam</strong></span> <span class='ocrx_word' id='word_1_772' title='bbox 3130 4411 3347 4472; x_wconf 84' lang='lat' dir='ltr'><strong>habitus</strong></span> <span class='ocrx_word' id='word_1_773' title='bbox 3364 4432 3484 4473; x_wconf 81' lang='lat' dir='ltr'><strong>ser-</strong></span> 
     </span>
    </p>
   </div>
   <div class='ocr_carea' id='block_1_79' title="bbox 1879 4500 3485 4578">
    <p class='ocr_par' dir='ltr' id='par_1_79' title="bbox 1879 4500 3485 4578">
     <span class='ocr_line' id='line_1_79' title="bbox 1879 4500 3485 4578; baseline 0.006 -20"><span class='ocrx_word' id='word_1_774' title='bbox 1879 4503 2000 4558; x_wconf 89' lang='lat' dir='ltr'><strong>vilis</strong></span> <span class='ocrx_word' id='word_1_775' title='bbox 2023 4501 2314 4564; x_wconf 81' lang='lat' dir='ltr'><strong>assumitur</strong></span> <span class='ocrx_word' id='word_1_776' title='bbox 2334 4541 2350 4566; x_wconf 87' lang='lat'><strong>,</strong></span> <span class='ocrx_word' id='word_1_777' title='bbox 2383 4509 2439 4556; x_wconf 90' lang='lat' dir='ltr'><strong>et</strong></span> <span class='ocrx_word' id='word_1_778' title='bbox 2467 4500 2567 4570; x_wconf 87' lang='lat' dir='ltr'><strong>ipsi</strong></span> <span class='ocrx_word' id='word_1_779' title='bbox 2601 4500 2802 4557; x_wconf 85' lang='lat' dir='ltr'><strong>habitui</strong></span> <span class='ocrx_word' id='word_1_780' title='bbox 2833 4503 3018 4561; x_wconf 79' lang='lat' dir='ltr'><strong>servili</strong></span> <span class='ocrx_word' id='word_1_781' title='bbox 3059 4504 3116 4561; x_wconf 85' lang='lat' dir='ltr'><strong>id</strong></span> <span class='ocrx_word' id='word_1_782' title='bbox 3137 4505 3388 4578; x_wconf 80' lang='lat' dir='ltr'><strong>donatur,</strong></span> <span class='ocrx_word' id='word_1_783' title='bbox 3423 4525 3485 4568; x_wconf 80' lang='lat' dir='ltr'><strong>ut</strong></span> 
     </span>
    </p>
   </div>
   <div class='ocr_carea' id='block_1_80' title="bbox 196 4591 3478 4676">
    <p class='ocr_par' dir='ltr' id='par_1_80' title="bbox 196 4591 3478 4676">
     <span class='ocr_line' id='line_1_80' title="bbox 196 4591 3478 4676; baseline 0.001 -21"><span class='ocrx_word' id='word_1_784' title='bbox 196 4615 350 4664; x_wconf 73' lang='lat' dir='ltr'><strong>mus,</strong></span> <span class='ocrx_word' id='word_1_785' title='bbox 366 4599 482 4653; x_wconf 83' lang='lat' dir='ltr'><strong>etin</strong></span> <span class='ocrx_word' id='word_1_786' title='bbox 503 4599 617 4668; x_wconf 83' lang='lat' dir='ltr'><strong>ipso</strong></span> <span class='ocrx_word' id='word_1_787' title='bbox 640 4601 856 4670; x_wconf 74' lang='lat' dir='ltr'><strong>speravi.</strong></span> <span class='ocrx_word' id='word_1_788' title='bbox 884 4598 1081 4656; x_wconf 81' lang='lat' dir='ltr'><strong>Carent</strong></span> <span class='ocrx_word' id='word_1_789' title='bbox 1109 4601 1210 4656; x_wconf 86' lang='lat' dir='ltr'><strong>ista</strong></span> <span class='ocrx_word' id='word_1_790' title='bbox 1223 4600 1561 4676; x_wconf 78' lang='lat' dir='ltr'><strong>difﬁcultate.</strong></span> <span class='ocrx_word' id='word_1_791' title='bbox 1584 4602 1776 4662; x_wconf 79' lang='lat' dir='ltr'><strong>Omnia</strong></span> <span class='ocrx_word' id='word_1_792' title='bbox 1800 4601 1861 4662; x_wconf 73' lang='grc' dir='ltr'><strong><em>Β</em></strong></span> <span class='ocrx_word' id='word_1_793' title='bbox 1880 4595 2026 4667; x_wconf 74' lang='lat' dir='ltr'><strong>quod</strong></span> <span class='ocrx_word' id='word_1_794' title='bbox 2048 4604 2160 4652; x_wconf 78' lang='lat' dir='ltr'><strong>erat</strong></span> <span class='ocrx_word' id='word_1_795' title='bbox 2184 4592 2260 4667; x_wconf 71' lang='grc' dir='ltr'><strong>(ὁ)</strong></span> <span class='ocrx_word' id='word_1_796' title='bbox 2287 4601 2431 4650; x_wconf 82' lang='lat' dir='ltr'><strong>esset</strong></span> <span class='ocrx_word' id='word_1_797' title='bbox 2456 4610 2468 4646; x_wconf 91' lang='lat'><strong>:</strong></span> <span class='ocrx_word' id='word_1_798' title='bbox 2501 4593 2553 4648; x_wconf 90' lang='lat' dir='ltr'><strong>in</strong></span> <span class='ocrx_word' id='word_1_799' title='bbox 2580 4591 2750 4648; x_wconf 78' lang='lat' dir='ltr'><strong>forma</strong></span> <span class='ocrx_word' id='word_1_800' title='bbox 2774 4594 2978 4651; x_wconf 88' lang='lat' dir='ltr'><strong>scilicet</strong></span> <span class='ocrx_word' id='word_1_801' title='bbox 3001 4595 3096 4652; x_wconf 85' lang='lat' dir='ltr'><strong>Dei</strong></span> <span class='ocrx_word' id='word_1_802' title='bbox 3121 4608 3286 4654; x_wconf 80' lang='lat' dir='ltr'><strong>esset.</strong></span> <span class='ocrx_word' id='word_1_803' title='bbox 3313 4601 3478 4658; x_wconf 78' lang='lat' dir='ltr'><strong>Dani-</strong></span> 
     </span>
    </p>
   </div>
   <div class='ocr_carea' id='block_1_81' title="bbox 197 4690 1769 4764">
    <p class='ocr_par' dir='ltr' id='par_1_81' title="bbox 197 4690 1769 4764">
     <span class='ocr_line' id='line_1_81' title="bbox 197 4690 1769 4764; baseline 0.001 -17"><span class='ocrx_word' id='word_1_804' title='bbox 197 4691 333 4747; x_wconf 83' lang='lat' dir='ltr'><strong>euiin</strong></span> <span class='ocrx_word' id='word_1_805' title='bbox 357 4690 412 4744; x_wconf 90' lang='lat' dir='ltr'><strong>in</strong></span> <span class='ocrx_word' id='word_1_806' title='bbox 443 4690 754 4761; x_wconf 83' lang='lat' dir='ltr'><strong>Evangeliis</strong></span> <span class='ocrx_word' id='word_1_807' title='bbox 777 4693 880 4749; x_wconf 86' lang='lat' dir='ltr'><strong>ista</strong></span> <span class='ocrx_word' id='word_1_808' title='bbox 901 4700 1049 4764; x_wconf 85' lang='lat' dir='ltr'><strong>gesta</strong></span> <span class='ocrx_word' id='word_1_809' title='bbox 1073 4692 1140 4752; x_wconf 81' lang='lat' dir='ltr'><strong>ab</strong></span> <span class='ocrx_word' id='word_1_810' title='bbox 1166 4707 1231 4750; x_wconf 86' lang='lat' dir='ltr'><strong>eo</strong></span> <span class='ocrx_word' id='word_1_811' title='bbox 1255 4701 1418 4762; x_wconf 85' lang='lat' dir='ltr'><strong>atque</strong></span> <span class='ocrx_word' id='word_1_812' title='bbox 1436 4694 1577 4750; x_wconf 86' lang='lat' dir='ltr'><strong>dicta</strong></span> <span class='ocrx_word' id='word_1_813' title='bbox 1608 4703 1769 4750; x_wconf 80' lang='lat' dir='ltr'><strong>sunt:</strong></span> 
     </span>
    </p>
   </div>
   <div class='ocr_carea' id='block_1_82' title="bbox 196 4782 1776 4855">
    <p class='ocr_par' dir='ltr' id='par_1_82' title="bbox 196 4782 1776 4855">
     <span class='ocr_line' id='line_1_82' title="bbox 196 4782 1776 4855; baseline 0.003 -17"><span class='ocrx_word' id='word_1_814' title='bbox 196 4782 524 4839; x_wconf 90' lang='lat' dir='ltr'><strong>uthonorem</strong></span> <span class='ocrx_word' id='word_1_815' title='bbox 570 4784 866 4854; x_wconf 87' lang='lat' dir='ltr'><strong>majestatis</strong></span> <span class='ocrx_word' id='word_1_816' title='bbox 909 4793 1146 4855; x_wconf 64' lang='lat' dir='ltr'><strong>paternae</strong></span> <span class='ocrx_word' id='word_1_817' title='bbox 1179 4800 1273 4855; x_wconf 87' lang='lat' dir='ltr'><strong>per</strong></span> <span class='ocrx_word' id='word_1_818' title='bbox 1303 4787 1620 4842; x_wconf 88' lang='lat' dir='ltr'><strong>humilitatis</strong></span> <span class='ocrx_word' id='word_1_819' title='bbox 1649 4802 1776 4842; x_wconf 85' lang='lat' dir='ltr'><strong>nos-</strong></span> 
     </span>
    </p>
   </div>
   <div class='ocr_carea' id='block_1_83' title="bbox 197 4967 1775 5100">
    <p class='ocr_par' dir='ltr' id='par_1_83' title="bbox 197 4967 1775 5100">
     <span class='ocr_line' id='line_1_83' title="bbox 197 4967 1775 5100; baseline 0.002 -77"><span class='ocrx_word' id='word_1_820' title='bbox 197 4967 404 5100; x_wconf 52' lang='lat' dir='ltr'><strong>le(tirno</strong></span> <span class='ocrx_word' id='word_1_821' title='bbox 434 4985 536 5052; x_wconf 65' lang='lat' dir='ltr'><strong>ins.</strong></span> <span class='ocrx_word' id='word_1_822' title='bbox 568 4985 672 5025; x_wconf 80' lang='lat' dir='ltr'><strong>non</strong></span> <span class='ocrx_word' id='word_1_823' title='bbox 693 4980 1050 5040; x_wconf 76' lang='lat' dir='ltr'><strong>cognoverunt.</strong></span> <span class='ocrx_word' id='word_1_824' title='bbox 1069 4969 1240 5028; x_wconf 81' lang='lat' dir='ltr'><strong>Aliter</strong></span> <span class='ocrx_word' id='word_1_825' title='bbox 1269 4979 1452 5028; x_wconf 83' lang='lat' dir='ltr'><strong>tamen</strong></span> <span class='ocrx_word' id='word_1_826' title='bbox 1477 4972 1657 5044; x_wconf 80' lang='lat' dir='ltr'><strong>legere</strong></span> <span class='ocrx_word' id='word_1_827' title='bbox 1685 4987 1775 5028; x_wconf 88' lang='lat' dir='ltr'><strong>so-</strong></span> 
     </span>
     <span class='ocr_line' id='line_1_84' title="bbox 251 5051 534 5096; baseline -0.004 0"><span class='ocrx_word' id='word_1_828' title='bbox 251 5051 269 5096; x_wconf 71' lang='grc' dir='ltr'><strong>ι</strong></span> <span class='ocrx_word' id='word_1_829' title='bbox 337 5060 346 5094; x_wconf 94' lang='lat' dir='ltr'><strong>l</strong></span> <span class='ocrx_word' id='word_1_830' title='bbox 371 5057 534 5096; x_wconf 69' lang='grc'><strong>21⁸1118.</strong></span> 
     </span>
    </p>
   </div>
   <div class='ocr_carea' id='block_1_84' title="bbox 251 5051 534 5096">
    <p class='ocr_par' dir='ltr' id='par_1_84' title="bbox 251 5051 534 5096">
     <span class='ocr_line' id='line_1_85' title="bbox 251 5051 534 5096; baseline -0.004 0"><span class='ocrx_word' id='word_1_831' title='bbox 251 5051 269 5096; x_wconf 91' lang='grc' dir='ltr'><strong>ι</strong></span> <span class='ocrx_word' id='word_1_832' title='bbox 293 5051 534 5096; x_wconf 73' lang='lat' dir='ltr'><strong>lltlat‘tus.</strong></span> 
     </span>
    </p>
   </div>
   <div class='ocr_carea' id='block_1_85' title="bbox 267 5131 1771 5202">
    <p class='ocr_par' dir='ltr' id='par_1_85' title="bbox 267 5131 1771 5202">
     <span class='ocr_line' id='line_1_86' title="bbox 267 5131 1771 5202; baseline 0.002 -17"><span class='ocrx_word' id='word_1_833' title='bbox 267 5131 338 5202; x_wconf 88' lang='lat' dir='ltr'><strong>(b)</strong></span> <span class='ocrx_word' id='word_1_834' title='bbox 363 5131 473 5187; x_wconf 85' lang='lat' dir='ltr'><strong>Hoc</strong></span> <span class='ocrx_word' id='word_1_835' title='bbox 500 5133 628 5197; x_wconf 83' lang='lat' dir='ltr'><strong>est,‘</strong></span> <span class='ocrx_word' id='word_1_836' title='bbox 646 5140 703 5186; x_wconf 88' lang='lat' dir='ltr'><strong>ut</strong></span> <span class='ocrx_word' id='word_1_837' title='bbox 732 5131 872 5202; x_wconf 90' lang='lat' dir='ltr'><strong>quod</strong></span> <span class='ocrx_word' id='word_1_838' title='bbox 916 5144 1032 5189; x_wconf 88' lang='lat' dir='ltr'><strong>erat</strong></span> <span class='ocrx_word' id='word_1_839' title='bbox 1073 5134 1366 5190; x_wconf 91' lang='lat' dir='ltr'><strong>secundum</strong></span> <span class='ocrx_word' id='word_1_840' title='bbox 1414 5135 1771 5199; x_wconf 84' lang='lat' dir='ltr'><strong>divinitatem,</strong></span> 
     </span>
    </p>
   </div>
   <div class='ocr_carea' id='block_1_86' title="bbox 201 5203 1771 5330">
    <p class='ocr_par' dir='ltr' id='par_1_86' title="bbox 201 5203 1771 5330">
     <span class='ocr_line' id='line_1_87' title="bbox 201 5203 1771 5330; baseline 0 -70"><span class='ocrx_word' id='word_1_841' title='bbox 201 5213 334 5330; x_wconf 47' lang='lat' dir='ltr'><strong>eiset</strong></span> <span class='ocrx_word' id='word_1_842' title='bbox 353 5204 509 5328; x_wconf 60' lang='lat'><strong>83:!&quot;</strong></span> <span class='ocrx_word' id='word_1_843' title='bbox 527 5203 826 5260; x_wconf 87' lang='lat' dir='ltr'><strong>secundum</strong></span> <span class='ocrx_word' id='word_1_844' title='bbox 847 5218 1083 5262; x_wconf 90' lang='lat' dir='ltr'><strong>carnem.</strong></span> <span class='ocrx_word' id='word_1_845' title='bbox 1107 5207 1240 5262; x_wconf 87' lang='lat' dir='ltr'><strong>Tum</strong></span> <span class='ocrx_word' id='word_1_846' title='bbox 1260 5207 1429 5262; x_wconf 80' lang='lat' dir='ltr'><strong>forma</strong></span> <span class='ocrx_word' id='word_1_847' title='bbox 1454 5207 1568 5272; x_wconf 88' lang='lat' dir='ltr'><strong>Dei,</strong></span> <span class='ocrx_word' id='word_1_848' title='bbox 1596 5206 1645 5260; x_wconf 89' lang='lat' dir='ltr'><strong>id</strong></span> <span class='ocrx_word' id='word_1_849' title='bbox 1669 5216 1771 5271; x_wconf 84' lang='lat' dir='ltr'><strong>est,</strong></span> 
     </span>
     <span class='ocr_line' id='line_1_88' title="bbox 201 5288 496 5330; baseline -0.01 0"><span class='ocrx_word' id='word_1_850' title='bbox 201 5291 230 5330; x_wconf 78' lang='grc' dir='ltr'><strong>ι</strong></span> <span class='ocrx_word' id='word_1_851' title='bbox 283 5288 351 5330; x_wconf 82' lang='lat' dir='ltr'><strong>ria</strong></span> <span class='ocrx_word' id='word_1_852' title='bbox 459 5290 496 5327; x_wconf 86' lang='lat' dir='ltr'><strong>i.</strong></span> 
     </span>
    </p>
   </div>
   <div class='ocr_carea' id='block_1_87' title="bbox 199 5288 496 5360">
    <p class='ocr_par' dir='ltr' id='par_1_87' title="bbox 199 5288 496 5360">
     <span class='ocr_line' id='line_1_89' title="bbox 199 5288 496 5360; baseline -0.013 -29"><span class='ocrx_word' id='word_1_853' title='bbox 199 5288 351 5360; x_wconf 59' lang='lat' dir='ltr'><strong>$l’0l‘la</strong></span> <span class='ocrx_word' id='word_1_854' title='bbox 380 5288 496 5328; x_wconf 76' lang='lat' dir='ltr'><strong>vei.</strong></span> 
     </span>
    </p>
   </div>
   <div class='ocr_carea' id='block_1_88' title="bbox 267 5386 1767 5463">
    <p class='ocr_par' dir='ltr' id='par_1_88' title="bbox 267 5386 1767 5463">
     <span class='ocr_line' id='line_1_90' title="bbox 267 5386 1767 5463; baseline -0.01 -4"><span class='ocrx_word' id='word_1_855' title='bbox 267 5386 332 5459; x_wconf 76' lang='grc' dir='ltr'><strong>(ε)</strong></span> <span class='ocrx_word' id='word_1_856' title='bbox 357 5387 412 5440; x_wconf 76' lang='grc' dir='ltr'><strong>ίη</strong></span> <span class='ocrx_word' id='word_1_857' title='bbox 439 5387 686 5463; x_wconf 70' lang='grc' dir='ltr'>νυιειιιῖε,</span> <span class='ocrx_word' id='word_1_858' title='bbox 719 5401 975 5452; x_wconf 77' lang='lat' dir='ltr'><strong>evacuatw</strong></span> <span class='ocrx_word' id='word_1_859' title='bbox 997 5397 1194 5463; x_wconf 71' lang='lat' dir='ltr'><strong>formw.</strong></span> <span class='ocrx_word' id='word_1_860' title='bbox 1225 5393 1296 5452; x_wconf 80' lang='lat' dir='ltr'><strong>At</strong></span> <span class='ocrx_word' id='word_1_861' title='bbox 1330 5395 1382 5450; x_wconf 91' lang='lat' dir='ltr'><strong>in</strong></span> <span class='ocrx_word' id='word_1_862' title='bbox 1410 5409 1512 5448; x_wconf 84' lang='lat' dir='ltr'><strong>ms.</strong></span> <span class='ocrx_word' id='word_1_863' title='bbox 1560 5408 1767 5463; x_wconf 79' lang='lat' dir='ltr'><strong>evacua-</strong></span> 
     </span>
    </p>
   </div>
   <div class='ocr_carea' id='block_1_89' title="bbox 203 5460 1759 5532">
    <p class='ocr_par' dir='ltr' id='par_1_89' title="bbox 203 5460 1759 5532">
     <span class='ocr_line' id='line_1_91' title="bbox 203 5460 1759 5532; baseline 0.001 -19"><span class='ocrx_word' id='word_1_864' title='bbox 203 5462 268 5516; x_wconf 87' lang='lat' dir='ltr'><strong>tio</strong></span> <span class='ocrx_word' id='word_1_865' title='bbox 287 5463 454 5529; x_wconf 68' lang='lat' dir='ltr'><strong>forma:</strong></span> <span class='ocrx_word' id='word_1_866' title='bbox 472 5476 495 5513; x_wconf 81' lang='grc'><strong>;.</strong></span> <span class='ocrx_word' id='word_1_867' title='bbox 519 5462 734 5532; x_wconf 83' lang='lat' dir='ltr'><strong>rectius,</strong></span> <span class='ocrx_word' id='word_1_868' title='bbox 759 5473 814 5516; x_wconf 84' lang='lat' dir='ltr'><strong>ut</strong></span> <span class='ocrx_word' id='word_1_869' title='bbox 845 5460 1009 5532; x_wconf 81' lang='lat' dir='ltr'><strong>liquet</strong></span> <span class='ocrx_word' id='word_1_870' title='bbox 1027 5481 1095 5520; x_wconf 84' lang='lat' dir='ltr'><strong>ex</strong></span> <span class='ocrx_word' id='word_1_871' title='bbox 1127 5467 1219 5521; x_wconf 88' lang='lat' dir='ltr'><strong>lib.</strong></span> <span class='ocrx_word' id='word_1_872' title='bbox 1248 5482 1300 5521; x_wconf 83' lang='lat' dir='ltr'><strong>ix</strong></span> <span class='ocrx_word' id='word_1_873' title='bbox 1330 5467 1396 5520; x_wconf 88' lang='lat' dir='ltr'><strong>de</strong></span> <span class='ocrx_word' id='word_1_874' title='bbox 1418 5465 1568 5520; x_wconf 89' lang='lat' dir='ltr'><strong>Trin.</strong></span> <span class='ocrx_word' id='word_1_875' title='bbox 1597 5481 1649 5517; x_wconf 86' lang='grc' dir='ltr'>ιι.</span> <span class='ocrx_word' id='word_1_876' title='bbox 1671 5460 1759 5528; x_wconf 72' lang='grc' dir='ltr'><strong>Μ,</strong></span> 
     </span>
    </p>
   </div>
   <div class='ocr_carea' id='block_1_90' title="bbox 201 5531 1757 5605">
    <p class='ocr_par' dir='ltr' id='par_1_90' title="bbox 201 5531 1757 5605">
     <span class='ocr_line' id='line_1_92' title="bbox 201 5531 1757 5605; baseline 0.001 -21"><span class='ocrx_word' id='word_1_877' title='bbox 201 5532 286 5603; x_wconf 88' lang='lat' dir='ltr'><strong>qni</strong></span> <span class='ocrx_word' id='word_1_878' title='bbox 308 5532 448 5605; x_wconf 78' lang='lat' dir='ltr'><strong>locus</strong></span> <span class='ocrx_word' id='word_1_879' title='bbox 469 5546 596 5605; x_wconf 73' lang='lat' dir='ltr'><strong>cum</strong></span> <span class='ocrx_word' id='word_1_880' title='bbox 620 5531 722 5588; x_wconf 85' lang='lat' dir='ltr'><strong>hoc</strong></span> <span class='ocrx_word' id='word_1_881' title='bbox 747 5531 1124 5592; x_wconf 70' lang='lat' dir='ltr'><strong>conferendas.</strong></span> <span class='ocrx_word' id='word_1_882' title='bbox 1149 5538 1262 5605; x_wconf 85' lang='lat' dir='ltr'><strong>Qua</strong></span> <span class='ocrx_word' id='word_1_883' title='bbox 1291 5539 1498 5593; x_wconf 86' lang='lat' dir='ltr'><strong>ratione</strong></span> <span class='ocrx_word' id='word_1_884' title='bbox 1519 5549 1757 5604; x_wconf 82' lang='lat' dir='ltr'><strong>assump-</strong></span> 
     </span>
    </p>
   </div>
   <div class='ocr_carea' id='block_1_91' title="bbox 202 5602 1764 5676">
    <p class='ocr_par' dir='ltr' id='par_1_91' title="bbox 202 5602 1764 5676">
     <span class='ocr_line' id='line_1_93' title="bbox 202 5602 1764 5676; baseline -0.012 2"><span class='ocrx_word' id='word_1_885' title='bbox 202 5602 426 5676; x_wconf 52' lang='lat' dir='ltr'><strong>“wiser</strong></span> <span class='ocrx_word' id='word_1_886' title='bbox 435 5602 524 5676; x_wconf 53' lang='lat' dir='ltr'><strong>Y1“</strong></span> <span class='ocrx_word' id='word_1_887' title='bbox 542 5603 637 5676; x_wconf 61' lang='grc' dir='ltr'><strong>,[οΓ</strong></span> <span class='ocrx_word' id='word_1_888' title='bbox 641 5618 723 5676; x_wconf 52' lang='lat'><strong>‘9&#39;&quot;</strong></span> <span class='ocrx_word' id='word_1_889' title='bbox 752 5605 844 5662; x_wconf 55' lang='lat' dir='ltr'><strong>uel</strong></span> <span class='ocrx_word' id='word_1_890' title='bbox 869 5602 1196 5674; x_wconf 56' lang='lat' dir='ltr'><strong>“adiuratur;</strong></span> <span class='ocrx_word' id='word_1_891' title='bbox 1219 5608 1594 5676; x_wconf 77' lang='lat' dir='ltr'><strong>Fragmentum</strong></span> <span class='ocrx_word' id='word_1_892' title='bbox 1624 5602 1764 5676; x_wconf 72' lang='lat' dir='ltr'><strong>quod</strong></span> 
     </span>
    </p>
   </div>
   <div class='ocr_carea' id='block_1_92' title="bbox 205 5671 1768 5744">
    <p class='ocr_par' dir='ltr' id='par_1_92' title="bbox 205 5671 1768 5744">
     <span class='ocr_line' id='line_1_94' title="bbox 205 5671 1768 5744; baseline 0.006 -17"><span class='ocrx_word' id='word_1_893' title='bbox 205 5689 265 5732; x_wconf 68' lang='lat' dir='ltr'><strong>es</strong></span> <span class='ocrx_word' id='word_1_894' title='bbox 301 5671 495 5736; x_wconf 73' lang='lat' dir='ltr'><strong>Hilario</strong></span> <span class='ocrx_word' id='word_1_895' title='bbox 542 5672 724 5744; x_wconf 65' lang='lat' dir='ltr'><strong>laudat</strong></span> <span class='ocrx_word' id='word_1_896' title='bbox 746 5671 1037 5744; x_wconf 79' lang='lat' dir='ltr'><strong>Arnobius,</strong></span> <span class='ocrx_word' id='word_1_897' title='bbox 1063 5678 1134 5734; x_wconf 86' lang='lat' dir='ltr'><strong>lib</strong></span> <span class='ocrx_word' id='word_1_898' title='bbox 1161 5671 1196 5732; x_wconf 83' lang='lat' dir='ltr'><strong>ii</strong></span> <span class='ocrx_word' id='word_1_899' title='bbox 1219 5681 1286 5737; x_wconf 83' lang='lat' dir='ltr'><strong>de</strong></span> <span class='ocrx_word' id='word_1_900' title='bbox 1319 5671 1490 5742; x_wconf 81' lang='lat' dir='ltr'><strong>Contl.</strong></span> <span class='ocrx_word' id='word_1_901' title='bbox 1521 5671 1768 5737; x_wconf 52' lang='lat' dir='ltr'><strong>cum&#39;Se-r</strong></span> 
     </span>
    </p>
   </div>
   <div class='ocr_carea' id='block_1_93' title="bbox 204 5742 1768 5820">
    <p class='ocr_par' dir='ltr' id='par_1_93' title="bbox 204 5742 1768 5820">
     <span class='ocr_line' id='line_1_95' title="bbox 204 5742 1768 5820; baseline 0.004 -18"><span class='ocrx_word' id='word_1_902' title='bbox 204 5745 406 5820; x_wconf 27' lang='grc' dir='ltr'><strong>τδρ-,διε</strong></span> <span class='ocrx_word' id='word_1_903' title='bbox 431 5742 698 5820; x_wconf 57' lang='lat' dir='ltr'><strong>explicat;</strong></span> <span class='ocrx_word' id='word_1_904' title='bbox 729 5745 1006 5816; x_wconf 63' lang='lat' dir='ltr'><strong>Superum</strong></span> <span class='ocrx_word' id='word_1_905' title='bbox 1025 5742 1030 5744; x_wconf 39' lang='grc'><strong><em>⁷</em></strong></span> <span class='ocrx_word' id='word_1_906' title='bbox 1049 5749 1190 5807; x_wconf 76' lang='lat' dir='ltr'><strong>enim.</strong></span> <span class='ocrx_word' id='word_1_907' title='bbox 1222 5752 1522 5820; x_wconf 74' lang='lat' dir='ltr'><strong>ninguitudo</strong></span> <span class='ocrx_word' id='word_1_908' title='bbox 1561 5750 1768 5807; x_wconf 73' lang='grc' dir='ltr'><strong>υοηιέηὶ</strong></span> 
     </span>
    </p>
   </div>
   <div class='ocr_carea' id='block_1_94' title="bbox 206 5815 1776 5896">
    <p class='ocr_par' dir='ltr' id='par_1_94' title="bbox 206 5815 1776 5896">
     <span class='ocr_line' id='line_1_96' title="bbox 206 5815 1776 5896; baseline 0.003 -27"><span class='ocrx_word' id='word_1_909' title='bbox 206 5816 483 5896; x_wconf 73' lang='lat' dir='ltr'><strong>parvitatem</strong></span> <span class='ocrx_word' id='word_1_910' title='bbox 530 5815 722 5870; x_wconf 81' lang='lat' dir='ltr'><strong>servilis</strong></span> <span class='ocrx_word' id='word_1_911' title='bbox 771 5815 966 5887; x_wconf 71' lang='lat' dir='ltr'><strong>furtiue,</strong></span> <span class='ocrx_word' id='word_1_912' title='bbox 1009 5820 1081 5873; x_wconf 85' lang='lat' dir='ltr'><strong>ita</strong></span> <span class='ocrx_word' id='word_1_913' title='bbox 1111 5833 1167 5875; x_wconf 84' lang='lat' dir='ltr'><strong>ut</strong></span> <span class='ocrx_word' id='word_1_914' title='bbox 1217 5815 1329 5891; x_wconf 76' lang='lat' dir='ltr'><strong>ipsa</strong></span> <span class='ocrx_word' id='word_1_915' title='bbox 1375 5823 1573 5876; x_wconf 80' lang='lat' dir='ltr'><strong>servilis</strong></span> <span class='ocrx_word' id='word_1_916' title='bbox 1602 5822 1776 5889; x_wconf 77' lang='lat' dir='ltr'><strong>{orntu-</strong></span> 
     </span>
    </p>
   </div>
   <div class='ocr_carea' id='block_1_95' title="bbox 1887 4683 3480 4758">
    <p class='ocr_par' dir='ltr' id='par_1_95' title="bbox 1887 4683 3480 4758">
     <span class='ocr_line' id='line_1_97' title="bbox 1887 4683 3480 4758; baseline 0.004 -13"><span class='ocrx_word' id='word_1_917' title='bbox 1887 4706 2019 4746; x_wconf 77' lang='lat' dir='ltr'><strong>num</strong></span> <span class='ocrx_word' id='word_1_918' title='bbox 2060 4687 2204 4746; x_wconf 83' lang='lat' dir='ltr'><strong>enim</strong></span> <span class='ocrx_word' id='word_1_919' title='bbox 2235 4685 2303 4746; x_wconf 86' lang='lat' dir='ltr'><strong>ad</strong></span> <span class='ocrx_word' id='word_1_920' title='bbox 2347 4686 2728 4742; x_wconf 84' lang='lat' dir='ltr'><strong>detrimentum</strong></span> <span class='ocrx_word' id='word_1_921' title='bbox 2763 4687 2846 4742; x_wconf 85' lang='lat' dir='ltr'><strong>sui</strong></span> <span class='ocrx_word' id='word_1_922' title='bbox 2882 4683 2954 4758; x_wconf 73' lang='grc' dir='ltr'><strong>(ο)</strong></span> <span class='ocrx_word' id='word_1_923' title='bbox 2980 4692 3260 4747; x_wconf 79' lang='lat' dir='ltr'><strong>evacuatio</strong></span> <span class='ocrx_word' id='word_1_924' title='bbox 3290 4692 3480 4752; x_wconf 65' lang='lat' dir='ltr'><strong>forma</strong></span> 
     </span>
    </p>
   </div>
   <div class='ocr_carea' id='block_1_96' title="bbox 1884 4772 3476 4847">
    <p class='ocr_par' dir='ltr' id='par_1_96' title="bbox 1884 4772 3476 4847">
     <span class='ocr_line' id='line_1_98' title="bbox 1884 4772 3476 4847; baseline 0.003 -9"><span class='ocrx_word' id='word_1_925' title='bbox 1884 4781 1980 4838; x_wconf 91' lang='lat' dir='ltr'><strong>Dei</strong></span> <span class='ocrx_word' id='word_1_926' title='bbox 2024 4772 2234 4844; x_wconf 85' lang='lat' dir='ltr'><strong>nescit;</strong></span> <span class='ocrx_word' id='word_1_927' title='bbox 2266 4777 2619 4847; x_wconf 86' lang='lat' dir='ltr'><strong>assumptioni</strong></span> <span class='ocrx_word' id='word_1_928' title='bbox 2667 4777 2846 4847; x_wconf 91' lang='lat' dir='ltr'><strong>potius</strong></span> <span class='ocrx_word' id='word_1_929' title='bbox 2888 4779 3070 4834; x_wconf 89' lang='lat' dir='ltr'><strong>servili</strong></span> <span class='ocrx_word' id='word_1_930' title='bbox 3115 4779 3348 4839; x_wconf 74' lang='lat' dir='ltr'><strong>formam</strong></span> <span class='ocrx_word' id='word_1_931' title='bbox 3379 4786 3476 4842; x_wconf 87' lang='lat' dir='ltr'><strong>Dei</strong></span> 
     </span>
    </p>
   </div>
   <div class='ocr_carea' id='block_1_97' title="bbox 1877 4962 3482 5039">
    <p class='ocr_par' dir='ltr' id='par_1_97' title="bbox 1877 4962 3482 5039">
     <span class='ocr_line' id='line_1_99' title="bbox 1877 4962 3482 5039; baseline 0.006 -19"><span class='ocrx_word' id='word_1_932' title='bbox 1877 4982 2033 5039; x_wconf 80' lang='lat' dir='ltr'><strong>quant</strong></span> <span class='ocrx_word' id='word_1_933' title='bbox 2061 4962 2341 5035; x_wconf 85' lang='lat' dir='ltr'><strong>assumpsit</strong></span> <span class='ocrx_word' id='word_1_934' title='bbox 2365 4971 2581 5039; x_wconf 59' lang='lat' dir='ltr'><strong>cessaret</strong></span> <span class='ocrx_word' id='word_1_935' title='bbox 2610 4977 2720 5039; x_wconf 70' lang='lat' dir='ltr'><strong>esse</strong></span> <span class='ocrx_word' id='word_1_936' title='bbox 2739 4962 2938 5039; x_wconf 66' lang='lat' dir='ltr'><strong>seruilis</strong></span> <span class='ocrx_word' id='word_1_937' title='bbox 2960 4981 3050 5034; x_wconf 72' lang='lat' dir='ltr'><strong>per</strong></span> <span class='ocrx_word' id='word_1_938' title='bbox 3063 4979 3178 5039; x_wconf 77' lang='lat' dir='ltr'><strong>eum</strong></span> <span class='ocrx_word' id='word_1_939' title='bbox 3193 4965 3482 5030; x_wconf 75' lang='lat' dir='ltr'><strong>Dominum</strong></span> 
     </span>
    </p>
   </div>
   <div class='ocr_carea' id='block_1_98' title="bbox 1877 5033 3474 5115">
    <p class='ocr_par' dir='ltr' id='par_1_98' title="bbox 1877 5033 3474 5115">
     <span class='ocr_line' id='line_1_100' title="bbox 1877 5033 3474 5115; baseline 0.004 -25"><span class='ocrx_word' id='word_1_940' title='bbox 1877 5033 2103 5115; x_wconf 50' lang='lat' dir='ltr'><strong>quicum</strong></span> <span class='ocrx_word' id='word_1_941' title='bbox 2149 5033 2445 5115; x_wconf 72' lang='lat' dir='ltr'><strong>assumpsit.</strong></span> <span class='ocrx_word' id='word_1_942' title='bbox 2481 5034 2594 5086; x_wconf 87' lang='lat' dir='ltr'><strong>Erit</strong></span> <span class='ocrx_word' id='word_1_943' title='bbox 2633 5033 2770 5114; x_wconf 71' lang='lat' dir='ltr'><strong>forte</strong></span> <span class='ocrx_word' id='word_1_944' title='bbox 2799 5033 3031 5115; x_wconf 66' lang='lat' dir='ltr'><strong>quith</strong></span> <span class='ocrx_word' id='word_1_945' title='bbox 3069 5037 3141 5115; x_wconf 78' lang='lat' dir='ltr'><strong>ita</strong></span> <span class='ocrx_word' id='word_1_946' title='bbox 3182 5040 3474 5115; x_wconf 82' lang='lat' dir='ltr'><strong>intelligat,</strong></span> 
     </span>
    </p>
   </div>
   <div class='ocr_carea' id='block_1_99' title="bbox 1879 5104 3476 5175">
    <p class='ocr_par' dir='ltr' id='par_1_99' title="bbox 1879 5104 3476 5175">
     <span class='ocr_line' id='line_1_101' title="bbox 1879 5104 3476 5175; baseline 0.006 -9"><span class='ocrx_word' id='word_1_947' title='bbox 1879 5104 1940 5166; x_wconf 81' lang='lat' dir='ltr'><strong>ut</strong></span> <span class='ocrx_word' id='word_1_948' title='bbox 1969 5109 2202 5164; x_wconf 83' lang='lat' dir='ltr'><strong>Verbum</strong></span> <span class='ocrx_word' id='word_1_949' title='bbox 2233 5121 2338 5160; x_wconf 88' lang='lat' dir='ltr'><strong>non</strong></span> <span class='ocrx_word' id='word_1_950' title='bbox 2370 5105 2705 5175; x_wconf 85' lang='lat' dir='ltr'><strong>degenerarit</strong></span> <span class='ocrx_word' id='word_1_951' title='bbox 2742 5104 2795 5158; x_wconf 90' lang='lat' dir='ltr'><strong>in</strong></span> <span class='ocrx_word' id='word_1_952' title='bbox 2825 5105 3225 5166; x_wconf 67' lang='lat' dir='ltr'><strong>subsistentiam</strong></span> <span class='ocrx_word' id='word_1_953' title='bbox 3243 5104 3476 5175; x_wconf 74' lang='lat' dir='ltr'><strong>hominis</strong></span> 
     </span>
    </p>
   </div>
   <div class='ocr_carea' id='block_1_100' title="bbox 1878 5176 3476 5250">
    <p class='ocr_par' dir='ltr' id='par_1_100' title="bbox 1878 5176 3476 5250">
     <span class='ocr_line' id='line_1_102' title="bbox 1878 5176 3476 5250; baseline 0.003 -13"><span class='ocrx_word' id='word_1_954' title='bbox 1878 5177 2300 5250; x_wconf 10' lang='lat' dir='ltr'><strong>assumpti,’sed</strong></span> <span class='ocrx_word' id='word_1_955' title='bbox 2342 5176 2506 5232; x_wconf 84' lang='lat' dir='ltr'><strong>homo</strong></span> <span class='ocrx_word' id='word_1_956' title='bbox 2544 5176 2729 5250; x_wconf 80' lang='lat' dir='ltr'><strong>potius</strong></span> <span class='ocrx_word' id='word_1_957' title='bbox 2752 5177 3040 5245; x_wconf 77' lang='lat' dir='ltr'><strong>profecerit</strong></span> <span class='ocrx_word' id='word_1_958' title='bbox 3078 5181 3131 5234; x_wconf 87' lang='lat' dir='ltr'><strong>in</strong></span> <span class='ocrx_word' id='word_1_959' title='bbox 3167 5184 3476 5250; x_wconf 61' lang='lat' dir='ltr'><strong>subsisten-</strong></span> 
     </span>
    </p>
   </div>
   <div class='ocr_carea' id='block_1_101' title="bbox 1880 5247 3472 5316">
    <p class='ocr_par' dir='ltr' id='par_1_101' title="bbox 1880 5247 3472 5316">
     <span class='ocr_line' id='line_1_103' title="bbox 1880 5247 3472 5316; baseline 0.006 -9"><span class='ocrx_word' id='word_1_960' title='bbox 1880 5255 2006 5308; x_wconf 88' lang='lat' dir='ltr'><strong>tiam</strong></span> <span class='ocrx_word' id='word_1_961' title='bbox 2042 5247 2238 5304; x_wconf 79' lang='lat' dir='ltr'><strong>Verbi:</strong></span> <span class='ocrx_word' id='word_1_962' title='bbox 2285 5263 2392 5316; x_wconf 78' lang='lat' dir='ltr'><strong>quo</strong></span> <span class='ocrx_word' id='word_1_963' title='bbox 2421 5262 2580 5302; x_wconf 90' lang='lat' dir='ltr'><strong>sensu</strong></span> <span class='ocrx_word' id='word_1_964' title='bbox 2623 5247 2824 5303; x_wconf 84' lang='lat' dir='ltr'><strong>dixisse</strong></span> <span class='ocrx_word' id='word_1_965' title='bbox 2876 5251 3088 5306; x_wconf 83' lang='lat' dir='ltr'><strong>videtur</strong></span> <span class='ocrx_word' id='word_1_966' title='bbox 3125 5247 3472 5316; x_wconf 70' lang='lat' dir='ltr'><strong>Leuci-insin</strong></span> 
     </span>
    </p>
   </div>
   <div class='ocr_carea' id='block_1_102' title="bbox 1877 5317 3468 5400">
    <p class='ocr_par' dir='ltr' id='par_1_102' title="bbox 1877 5317 3468 5400">
     <span class='ocr_line' id='line_1_104' title="bbox 1877 5317 3468 5400; baseline 0.002 -21"><span class='ocrx_word' id='word_1_967' title='bbox 1877 5323 2062 5400; x_wconf 77' lang='lat' dir='ltr'><strong>libello</strong></span> <span class='ocrx_word' id='word_1_968' title='bbox 2087 5319 2514 5400; x_wconf 39' lang='lat' dir='ltr'><strong>emendationis,</strong></span> <span class='ocrx_word' id='word_1_969' title='bbox 2531 5317 2662 5372; x_wconf 86' lang='lat' dir='ltr'><strong>Caro</strong></span> <span class='ocrx_word' id='word_1_970' title='bbox 2700 5319 2858 5389; x_wconf 79' lang='lat' dir='ltr'><strong>igitur</strong></span> <span class='ocrx_word' id='word_1_971' title='bbox 2881 5322 3096 5392; x_wconf 79' lang='lat' dir='ltr'><strong>profecit</strong></span> <span class='ocrx_word' id='word_1_972' title='bbox 3115 5324 3166 5378; x_wconf 79' lang='lat' dir='ltr'><strong>in</strong></span> <span class='ocrx_word' id='word_1_973' title='bbox 3207 5317 3426 5400; x_wconf 66' lang='lat' dir='ltr'><strong>Verbum</strong></span> <span class='ocrx_word' id='word_1_974' title='bbox 3447 5367 3468 5400; x_wconf 79' lang='grc'><em>,</em></span> 
     </span>
    </p>
   </div>
   <div class='ocr_carea' id='block_1_103' title="bbox 1872 5391 3466 5462">
    <p class='ocr_par' dir='ltr' id='par_1_103' title="bbox 1872 5391 3466 5462">
     <span class='ocr_line' id='line_1_105' title="bbox 1872 5391 3466 5462; baseline 0.001 -12"><span class='ocrx_word' id='word_1_975' title='bbox 1872 5411 1976 5450; x_wconf 84' lang='grc' dir='ltr'><strong>ηοη</strong></span> <span class='ocrx_word' id='word_1_976' title='bbox 2017 5393 2230 5448; x_wconf 81' lang='lat' dir='ltr'><strong>Verbum</strong></span> <span class='ocrx_word' id='word_1_977' title='bbox 2260 5391 2475 5462; x_wconf 77' lang='lat' dir='ltr'><strong>profecit</strong></span> <span class='ocrx_word' id='word_1_978' title='bbox 2498 5391 2552 5444; x_wconf 82' lang='lat' dir='ltr'><strong>in</strong></span> <span class='ocrx_word' id='word_1_979' title='bbox 2580 5405 2789 5462; x_wconf 82' lang='lat' dir='ltr'><strong>carnem</strong></span> <span class='ocrx_word' id='word_1_980' title='bbox 2808 5407 2827 5445; x_wconf 82' lang='lat'><strong>.&#39;</strong></span> <span class='ocrx_word' id='word_1_981' title='bbox 2853 5391 3092 5448; x_wconf 75' lang='lat' dir='ltr'><strong>ettainen</strong></span> <span class='ocrx_word' id='word_1_982' title='bbox 3105 5409 3218 5448; x_wconf 80' lang='lat' dir='ltr'><strong>vero</strong></span> <span class='ocrx_word' id='word_1_983' title='bbox 3251 5391 3466 5452; x_wconf 64' lang='lat' dir='ltr'><strong>Verba»;</strong></span> 
     </span>
    </p>
   </div>
   <div class='ocr_carea' id='block_1_104' title="bbox 1873 5461 3468 5536">
    <p class='ocr_par' dir='ltr' id='par_1_104' title="bbox 1873 5461 3468 5536">
     <span class='ocr_line' id='line_1_106' title="bbox 1873 5461 3468 5536; baseline 0.002 -16"><span class='ocrx_word' id='word_1_984' title='bbox 1873 5483 1993 5520; x_wconf 88' lang='lat' dir='ltr'><strong>caro</strong></span> <span class='ocrx_word' id='word_1_985' title='bbox 2038 5461 2350 5536; x_wconf 80' lang='lat' dir='ltr'><strong>factumest.</strong></span> <span class='ocrx_word' id='word_1_986' title='bbox 2382 5462 2514 5517; x_wconf 84' lang='lat' dir='ltr'><strong>Cum</strong></span> <span class='ocrx_word' id='word_1_987' title='bbox 2542 5472 2728 5536; x_wconf 72' lang='lat' dir='ltr'><strong>tamen</strong></span> <span class='ocrx_word' id='word_1_988' title='bbox 2763 5461 2845 5536; x_wconf 13' lang='lat' dir='ltr'><strong>de,</strong></span> <span class='ocrx_word' id='word_1_989' title='bbox 2870 5463 3116 5531; x_wconf 83' lang='lat' dir='ltr'><strong>profectu</strong></span> <span class='ocrx_word' id='word_1_990' title='bbox 3154 5464 3241 5518; x_wconf 87' lang='lat' dir='ltr'><strong>hic</strong></span> <span class='ocrx_word' id='word_1_991' title='bbox 3281 5481 3468 5524; x_wconf 88' lang='lat' dir='ltr'><strong>sermo</strong></span> 
     </span>
    </p>
   </div>
   <div class='ocr_carea' id='block_1_105' title="bbox 1873 5534 3459 5606">
    <p class='ocr_par' dir='ltr' id='par_1_105' title="bbox 1873 5534 3459 5606">
     <span class='ocr_line' id='line_1_107' title="bbox 1873 5534 3459 5606; baseline -0.001 -14"><span class='ocrx_word' id='word_1_992' title='bbox 1873 5539 1962 5603; x_wconf 84' lang='lat' dir='ltr'><strong>sit,</strong></span> <span class='ocrx_word' id='word_1_993' title='bbox 1995 5534 2153 5606; x_wconf 82' lang='lat' dir='ltr'><strong>quem</strong></span> <span class='ocrx_word' id='word_1_994' title='bbox 2181 5535 2428 5590; x_wconf 74' lang='lat' dir='ltr'><strong>Christus</strong></span> <span class='ocrx_word' id='word_1_995' title='bbox 2459 5549 2552 5599; x_wconf 88' lang='lat' dir='ltr'><strong>per</strong></span> <span class='ocrx_word' id='word_1_996' title='bbox 2579 5534 2938 5606; x_wconf 59' lang='lat' dir='ltr'><strong>obedientiam</strong></span> <span class='ocrx_word' id='word_1_997' title='bbox 2990 5549 3157 5606; x_wconf 73' lang='lat' dir='ltr'><strong>usque</strong></span> <span class='ocrx_word' id='word_1_998' title='bbox 3194 5537 3261 5606; x_wconf 77' lang='lat' dir='ltr'><strong>ad</strong></span> <span class='ocrx_word' id='word_1_999' title='bbox 3301 5551 3459 5606; x_wconf 10' lang='lat' dir='ltr'><strong>imor-</strong></span> 
     </span>
    </p>
   </div>
   <div class='ocr_carea' id='block_1_106' title="bbox 1875 5602 3463 5678">
    <p class='ocr_par' dir='ltr' id='par_1_106' title="bbox 1875 5602 3463 5678">
     <span class='ocr_line' id='line_1_108' title="bbox 1875 5602 3463 5678; baseline 0 -17"><span class='ocrx_word' id='word_1_1000' title='bbox 1875 5617 1989 5678; x_wconf 84' lang='lat' dir='ltr'><strong>tem</strong></span> <span class='ocrx_word' id='word_1_1001' title='bbox 2011 5602 2292 5678; x_wconf 79' lang='lat' dir='ltr'><strong>acquisivit</strong></span> <span class='ocrx_word' id='word_1_1002' title='bbox 2318 5647 2335 5678; x_wconf 81' lang='lat'><strong>,</strong></span> <span class='ocrx_word' id='word_1_1003' title='bbox 2374 5606 2440 5662; x_wconf 88' lang='lat' dir='ltr'><strong>dc</strong></span> <span class='ocrx_word' id='word_1_1004' title='bbox 2466 5604 2860 5678; x_wconf 69' lang='lat' dir='ltr'><strong>gloria_potius</strong></span> <span class='ocrx_word' id='word_1_1005' title='bbox 2888 5618 3053 5670; x_wconf 76' lang='lat' dir='ltr'><strong>qliam.</strong></span> <span class='ocrx_word' id='word_1_1006' title='bbox 3071 5602 3141 5655; x_wconf 80' lang='lat' dir='ltr'><strong>de</strong></span> <span class='ocrx_word' id='word_1_1007' title='bbox 3165 5602 3463 5678; x_wconf 71' lang='lat' dir='ltr'><strong>subsisten-</strong></span> 
     </span>
    </p>
   </div>
   <div class='ocr_carea' id='block_1_107' title="bbox 1875 5671 3461 5752">
    <p class='ocr_par' dir='ltr' id='par_1_107' title="bbox 1875 5671 3461 5752">
     <span class='ocr_line' id='line_1_109' title="bbox 1875 5671 3461 5752; baseline -0.007 -19"><span class='ocrx_word' id='word_1_1008' title='bbox 1875 5677 1946 5734; x_wconf 87' lang='lat' dir='ltr'><strong>tia</strong></span> <span class='ocrx_word' id='word_1_1009' title='bbox 1977 5671 2186 5733; x_wconf 52' lang='lat' dir='ltr'><strong>vide&#39;tur</strong></span> <span class='ocrx_word' id='word_1_1010' title='bbox 2211 5671 2608 5752; x_wconf 73' lang='lat' dir='ltr'><strong>intelligendus.</strong></span> <span class='ocrx_word' id='word_1_1011' title='bbox 2643 5672 2835 5752; x_wconf 81' lang='lat' dir='ltr'><strong>Forma</strong></span> <span class='ocrx_word' id='word_1_1012' title='bbox 2872 5680 3052 5752; x_wconf 69' lang='lat' dir='ltr'><strong>amem</strong></span> <span class='ocrx_word' id='word_1_1013' title='bbox 3093 5671 3307 5752; x_wconf 78' lang='lat' dir='ltr'><strong>servilis</strong></span> <span class='ocrx_word' id='word_1_1014' title='bbox 3337 5688 3461 5731; x_wconf 65' lang='lat' dir='ltr'><strong>ces—</strong></span> 
     </span>
    </p>
   </div>
   <div class='ocr_carea' id='block_1_108' title="bbox 1875 5739 3459 5812">
    <p class='ocr_par' dir='ltr' id='par_1_108' title="bbox 1875 5739 3459 5812">
     <span class='ocr_line' id='line_1_110' title="bbox 1875 5739 3459 5812; baseline -0.011 -6"><span class='ocrx_word' id='word_1_1015' title='bbox 1875 5760 1960 5806; x_wconf 78' lang='lat' dir='ltr'><strong>sat</strong></span> <span class='ocrx_word' id='word_1_1016' title='bbox 1985 5764 2108 5805; x_wconf 85' lang='lat' dir='ltr'><strong>esse</strong></span> <span class='ocrx_word' id='word_1_1017' title='bbox 2130 5747 2363 5812; x_wconf 67' lang='lat' dir='ltr'><strong>servilis,</strong></span> <span class='ocrx_word' id='word_1_1018' title='bbox 2387 5739 2506 5804; x_wconf 70' lang='lat' dir='ltr'><strong>iraa</strong></span> <span class='ocrx_word' id='word_1_1019' title='bbox 2549 5743 2799 5812; x_wconf 71' lang='lat' dir='ltr'><strong>interitu,</strong></span> <span class='ocrx_word' id='word_1_1020' title='bbox 2831 5739 2924 5794; x_wconf 76' lang='lat' dir='ltr'><strong>sed</strong></span> <span class='ocrx_word' id='word_1_1021' title='bbox 2954 5739 3321 5812; x_wconf 67' lang='lat' dir='ltr'><strong>(temptatione</strong></span> <span class='ocrx_word' id='word_1_1022' title='bbox 3361 5759 3459 5801; x_wconf 82' lang='lat' dir='ltr'><strong>na.</strong></span> 
     </span>
    </p>
   </div>
   <div class='ocr_carea' id='block_1_109' title="bbox 1877 5809 3457 5890">
    <p class='ocr_par' dir='ltr' id='par_1_109' title="bbox 1877 5809 3457 5890">
     <span class='ocr_line' id='line_1_111' title="bbox 1877 5809 3457 5890; baseline -0.004 -12"><span class='ocrx_word' id='word_1_1023' title='bbox 1877 5830 2012 5883; x_wconf 77' lang='lat' dir='ltr'><strong>tunae</strong></span> <span class='ocrx_word' id='word_1_1024' title='bbox 2041 5836 2054 5874; x_wconf 88' lang='lat'><strong>:</strong></span> <span class='ocrx_word' id='word_1_1025' title='bbox 2103 5809 2366 5890; x_wconf 77' lang='lat' dir='ltr'><strong>quatenus</strong></span> <span class='ocrx_word' id='word_1_1026' title='bbox 2409 5833 2476 5874; x_wconf 83' lang='lat' dir='ltr'><strong>ex</strong></span> <span class='ocrx_word' id='word_1_1027' title='bbox 2506 5811 2736 5877; x_wconf 68' lang='lat' dir='ltr'><strong>mortali,</strong></span> <span class='ocrx_word' id='word_1_1028' title='bbox 2764 5809 3096 5878; x_wconf 62' lang='lat' dir='ltr'><strong>corruptibili</strong></span> <span class='ocrx_word' id='word_1_1029' title='bbox 3130 5817 3186 5866; x_wconf 86' lang='lat' dir='ltr'><strong>et</strong></span> <span class='ocrx_word' id='word_1_1030' title='bbox 3221 5811 3457 5886; x_wconf 80' lang='lat' dir='ltr'><strong>inﬁrma,</strong></span> 
     </span>
    </p>
   </div>
  </div>
