3984 6208
518 298 625 354 847

1704 298 1951 356 SANCTI
1991 297 2247 355 HILARII
2285 299 2589 358 EPISCOPI

3725 301 3840 358 818

512 426 702 470 rursus
726 411 1121 483 acquirens.lta
1142 426 1317 483 neque
1341 413 1520 471 Virtus
1545 415 1620 489 (a)
1646 416 1697 470 in
1722 416 2106 483 humilitatem,
2135 418 2185 477 Α
2215 417 2328 486 ipsc
2367 419 2637 489 cognovit,
2670 418 2915 486 scilicet,
2950 424 3009 474 ut
3047 417 3340 473 conformis
3380 418 3495 474 Deo
3539 418 3661 485 ﬁat,
3708 419 3840 489 quia

514 521 638 562 sese
668 506 794 561 licet
830 504 1117 570 cohibens,
1151 505 1351 561 deiecit
1390 524 1456 562 ex
1485 522 1636 573 sese,
1669 523 1789 564 cum
1821 510 1962 580 quod
1996 518 2114 565 erat

515 608 599 654 est
628 616 640 652 :
671 606 726 653 et
755 596 1030 652 humilitas
1069 598 1305 654 cohibita
1337 600 1390 654 in
1422 606 1543 655 sese
1576 599 1789 656 Virtute
1839 611 2106 670 suscepta,

512 704 634 745 cum
660 688 801 758 quod
832 705 937 743 non
962 698 1078 745 erat
1101 704 1224 746 esse
1253 693 1441 763 coepit,
1469 692 1767 762 proiectum
1793 694 1911 763 ejus
1930 710 2051 764 qua:
2080 710 2109 749 a

507 796 571 836 se
612 795 720 835 non
760 780 1031 836 deiecerat
1081 781 1303 838 Virtutis
1350 778 1576 854 accepit.
1615 786 1678 839 Et
1729 783 1844 841 hmc
1892 786 2108 854 quidem

508 873 805 945 evangelici
830 875 1195 940 sacramenti,
1226 884 1281 930 et
1311 876 1559 931 humana:
1600 878 1713 945 spei
1752 877 1948 934 veritas
1976 888 2057 933 est
2090 919 2106 944 ,

509 964 805 1020 humanam
838 976 1087 1020 naturam
1111 967 1622 1039 corruptibilemqne
1642 985 1859 1026 carnem
1893 985 1989 1041 per
2009 970 2111 1027 hu-

506 1058 598 1129 jus
623 1060 809 1129 gloria:
838 1059 1260 1117 demutationem
1292 1062 1344 1117 in
1380 1074 1638 1120 aeternam
1668 1064 2105 1122 transformatam

508 1165 632 1207 esse
661 1152 1039 1208 substantiam.

581 1244 635 1297 8.
669 1242 767 1299 Dei
792 1245 971 1298 notitia
988 1244 1228 1317 indignus
1256 1247 1425 1302 homo.
1456 1246 1707 1319 Deputari
1729 1250 1873 1317 quid.
1911 1249 2106 1304 Vanum

508 1342 585 1388 est
599 1334 850 1403 quidquid
862 1336 1294 1391 transitorium.”
1298 1355 1413 1392 omo
1433 1347 1681 1409 quatenus
1701 1338 1869 1394 Deum
1889 1356 2106 1411 cognos-

508 1436 631 1493 cat,
664 1436 751 1480 aut
784 1427 852 1479 ad
892 1428 1016 1496 quid
1068 1428 1356 1499 deputetur.
1386 1460 1459 1470 —
1503 1432 1608 1487 Sed
1645 1432 1803 1503 hujus
1830 1441 2103 1505 tamquam

503 1517 808 1574 difﬁcillimi
856 1519 980 1574 iacti
1010 1520 1422 1579 admirationem
1448 1566 1463 1591 ,
1510 1537 1561 1579 et
1591 1531 1840 1581 maxima:
1878 1542 1942 1582 ac
1988 1527 2106 1596 pul-

505 1609 797 1666 cherrima:
823 1613 937 1682 spei
980 1613 1203 1682 donum,
1233 1617 1398 1671 etiam
1447 1621 1697 1688 prmsenti
1740 1622 1946 1691 psalmo
1979 1636 2104 1691 pro-

503 1701 755 1771 pheticus
775 1718 957 1759 sermo
986 1713 1213 1760 testatur
1242 1750 1256 1773 ,
1287 1709 1569 1763 dicensad
1603 1712 1652 1765 id
1684 1712 1824 1781 quod
1856 1713 2097 1769 dixerat:

2217 509 2332 564 haec
2356 511 2426 564 sit
2445 509 2723 580 deputatio
2749 509 3073 579 cognitionis
3102 509 3341 565 indultae.

2287 603 2340 657 9.
2376 602 2583 657 Inimici
2608 602 2877 674 fortissimi
2903 603 3179 657 dwtnones.
3213 602 3415 658 Montes
3443 602 3632 658 iidem.
3664 632 3741 643 -——
3771 602 3841 656 Et

2213 693 2335 763 quia
2362 710 2429 750 ex
2477 709 2706 765 persona
2735 693 2876 765 'ejus
2907 693 3140 749 hominis
3165 734 3180 759 ,
3212 709 3371 765 quem
3424 694 3699 750 Dominus
3745 709 3840 749 as-

2211 789 2469 858 Sumpsit,
2503 788 2621 843 haec
2668 788 2845 843 omnis
2894 787 3067 843 oratio
3094 797 3209 853 est;
3242 787 3345 843 scit
3372 803 3494 842 cum
3528 797 3742 858 quanta
3773 803 3837 843 se

2212 879 2473 951 dignitate
2504 881 2645 936 Deus
2672 880 2881 951 legibus
2910 880 3101 936 mortis
3124 881 3390 950 absolvat,
3419 890 3477 936 et
3503 881 3832 953 iniquorum

2212 972 2459 1028 manibus
2503 987 2600 1041 per
2628 972 2852 1042 gloriam
2914 972 3330 1028 resurrectionis
3406 972 3686 1041 abripiat,
3744 973 3838 1029 di-

2211 1079 2389 1120 cens:
2440 1063 2662 1119 Domine
2691 1106 2706 1131 ,
2762 1066 2957 1119 inclina
3036 1065 3193 1120 ctelos
3259 1076 3393 1133 tuos,
3426 1075 3474 1121 et
3524 1066 3794 1122 descende
3816 1084 3839 1131 ;

2210 1169 2365 1229 tange
2389 1167 2607 1223 montes,
2633 1168 2681 1211 et
2706 1157 3073 1229 fumigabunt;
3100 1175 3315 1215 corusca
3345 1162 3758 1227 coruscationes,
3786 1167 3835 1215 et

2211 1251 2483 1322 dissipabis
2508 1267 2595 1306 eos
2619 1269 2638 1317 ;
2666 1252 2837 1306 emitte
2860 1253 3071 1324 sagittas
3100 1262 3236 1319 tuas,
3268 1263 3317 1307 et
3351 1254 3688 1308 conturbabis
3714 1271 3830 1308 eos.

2210 1342 2428 1399 Emittes
2458 1360 2670 1398 manum
2696 1355 2839 1399 tuam
2867 1346 2932 1399 de
2975 1347 3100 1399 alto.
3148 1345 3335 1401 Simile
3363 1345 3449 1401 his
3478 1346 3648 1401 dictis
3680 1347 3831 1416 psal-

2210 1457 2299 1497 mo
2328 1441 2481 1512 cujus
2508 1442 2758 1513 superius
2790 1440 3137 1497 meminimus
3160 1442 3473 1499 continetur
3499 1460 3512 1496 :
3564 1441 3639 1496 Et
3671 1442 3833 1496 incli-

2207 1535 2346 1590 navit
2375 1536 2559 1590 caelum
2584 1577 2599 1600 ,
2630 1544 2676 1591 et
2715 1535 2973 1590 descendit
2998 1533 3117 1605 (Ps.
3154 1551 3285 1600 xvn,
3338 1534 3451 1602 10),
3471 1545 3519 1590 et
3572 1535 3831 1591 carbones

2206 1629 2436 1681 succensi
2480 1637 2600 1682 sunt
2623 1628 2685 1681 ab
2712 1643 2791 1695 eo,
2824 1637 2870 1681 et
2916 1628 3051 1698 ignis
3103 1643 3137 1680 a
3179 1627 3313 1697 facie
3354 1628 3462 1698 ejus
3488 1626 3575 1698 (ά)
3603 1628 3830 1681 exarde-

2202 1729 2324 1783 scet,
2360 1730 2409 1773 et
2427 1720 2690 1773 adscendit
2711 1724 2882 1791 fumus
2902 1736 2956 1774 tn
2981 1721 3062 1774 ira
3091 1723 3203 1793 ejus
3228 1718 3414 1790 (Ibid.,
3442 1719 3524 1790 9).
3557 1719 3716 1774 Misit
3742 1736 3832 1775 sa-

503 1790 793 1890 Subjiciens
840 1796 1087 1890 papulutn
1145 1814 1312 1851 meum
1384 1800 1476 1852 sub
1519 1819 1631 1867 me;
1668 1802 1885 1858 Domine
1913 1847 1926 1870 ,
1975 1808 2098 1876 quid
2130 1809 2174 1868 Β
2201 1812 2374 1882 gittas,
2425 1821 2470 1865 et
2498 1790 2765 1879 dissipauit
2811 1828 2940 1877 eos;
2978 1822 3033 1890 et
3064 1790 3276 1884 fulgura
3319 1813 3727 1882 multiplicauit,
3777 1827 3831 1867 et

504 1893 578 1937 est
631 1884 781 1938 homo
813 1924 829 1951 ,
888 1887 1007 1955 quia
1059 1888 1322 1941 innotuisti
1376 1891 1459 1956 ei;
1514 1903 1601 1945 aut
1647 1895 1787 1963 ﬁlius
1841 1897 2095 1966 hominis,

500 1975 638 2044 quod
665 1976 880 2048 deputas
926 1996 1037 2032 eum
1061 1980 1085 2032 ?
1115 1979 1281 2035 Homo
1311 1983 1523 2037 vanitati
1567 1986 1746 2040 similis
1788 1991 1955 2059 [actus
1982 2000 2056 2043 est
2084 2007 2102 2046 :

501 2065 613 2121 dies
658 2067 771 2136 ejus
813 2068 949 2122 sicut
979 2070 1159 2124 umbra
1202 2080 1523 2142 prcetereunt.
1558 2074 1674 2130 Non
1704 2077 2016 2135 differentcr
2045 2080 2097 2136 in

497 2167 690 2214 octavo
716 2176 930 2231 quoque
982 2163 1192 2232 psalmo
1242 2168 1538 2234 proclamat
1561 2169 1811 2240 ;Spiritus
1840 2183 2097 2232 sanctus:

495 2250 639 2318 Quid
665 2262 749 2307 est
778 2252 965 2320 homo,
992 2255 1135 2325 quod
1168 2272 1376 2313 memor
1406 2274 1466 2315 es
1499 2260 1642 2331 ejus,
1696 2272 1788 2318 aut
1829 2263 1971 2321 ﬁlius
2003 2266 2100 2320 hc-

495 2344 661 2401 minis
685 2388 699 2413 ,
733 2348 985 2418 quoniam
1008 2350 1194 2405 visitas
1218 2354 1380 2407 eum?
1413 2351 1695 2411 Confessio
1723 2356 1821 2412 ista
1848 2359 2099 2428 pulcher-

498 2438 638 2493 rima
667 2448 772 2504 est,
806 2448 863 2494 ut
894 2439 1170 2512 indignum
1222 2458 1281 2499 se
1326 2444 1488 2501 homo
1534 2456 1684 2503 tanto
1727 2466 1951 2506 munere
1982 2452 2098 2523 ipse

498 2537 750 2587 testetur.
792 2533 861 2587 Et
901 2550 1022 2590 cum
1068 2551 1128 2591 se
1177 2536 1453 2609 indignum
1500 2541 1828 2611 conﬁtetur,
1870 2548 2095 2615 gratiam

503 2622 624 2691 ejus
654 2624 743 2694 qui
776 2624 875 2678 sibi
900 2626 1015 2680 hare
1044 2627 1303 2699 largiatur
1331 2634 1560 2687 extollit.
1600 2635 1753 2701 Quod
1810 2639 1954 2693 enim
1985 2656 2096 2695 mc-

494 2712 661 2766 ritum
718 2714 952 2769 hominis
1006 2726 1133 2783 est,
1189 2731 1249 2774 ut
1297 2722 1347 2777 ei
1396 2738 1455 2778 se
1505 2727 1921 2796 cognoscibilem
1957 2731 2098 2786 Deus

496 2813 755 2872 praestet,
807 2813 865 2858 nt
912 2808 1342 2879 incognoscibilis
1394 2826 1580 2871 natura
1636 2822 1925 2889 cognitioni
1967 2840 2095 2879 nos-

496 2902 597 2951 trae
649 2910 771 2951 sese
811 2896 925 2967 ipsa
963 2900 1276 2957 submittat?
1319 2903 1426 2959 Ant
1450 2922 1569 2975 quae
1593 2908 1824 2980 dignitas
1862 2922 1945 2967 est
2002 2915 2095 2969 ﬁlii

496 2985 778 3055 hominis,
826 3000 883 3043 ιιι
935 2990 1268 3061 deputetur?
1326 2997 1620 3067 Deputatur
1674 3012 1892 3071 autem,
1933 3005 2093 3075 quid-

496 3079 626 3148 quid
658 3078 726 3136 de
755 3095 821 3137 eo
849 3080 899 3136 in
928 3098 1036 3151 quo
1076 3092 1160 3140 est
1194 3086 1245 3140 in
1274 3087 1421 3143 aliud
1451 3090 1769 3148 destinatur.
1808 3094 1903 3151 Rei
1932 3106 2091 3153 natu-

2202 1903 2517 1958 conturbavit
2548 1921 2631 1958 eos
2666 1903 2853 1974 (Ibid.,
2897 1902 3009 1975 15).
3040 1903 3181 1959 illisit
3207 1921 3234 1958 e
3255 1921 3474 1971 summa,
3518 1915 3568 1959 et
3617 1906 3829 1975 accepit

2202 2009 2303 2060 me,
2334 2004 2383 2048 et
2408 1995 2688 2063 assumpsit
2712 2011 2791 2048 me
2818 1996 2882 2049 de
2928 1995 3259 2051 multitudine
3282 2012 3548 2066 aquarum.
3605 1994 3826 2066 Eripuit

2201 2103 2283 2141 me
2311 2088 2375 2141 de
2421 2088 2641 2142 inimicis
2666 2089 2795 2143 meis
2818 2089 3114 2160 fortissimis
3144 2089 3331 2161 (lbid.,
3376 2091 3464 2154 l7,
3493 2088 3610 2159 18).
3638 2090 3701 2145 In
3754 2106 3823 2146 eo

2200 2190 2378 2238 autem
2410 2182 2553 2252 quod
2583 2182 2904 2238 fortissimos
2934 2183 3104 2249 dixit,
3163 2198 3451 2253 possumus
3495 2184 3817 2255 intelligere

2201 2290 2337 2346 quos
2361 2275 2557 2330 dixerit
2586 2294 2600 2342 ;
2630 2291 2824 2346 nempe
2852 2275 2920 2330 de
2949 2276 3143 2346 quibus
3192 2275 3487 2344 Apostolus
3520 2278 3600 2330 ait
3638 2295 3650 2329 :
3687 2276 3823 2331 Non

2201 2377 2274 2421 est
2301 2368 2444 2421 nobis
2470 2385 2643 2439 pugna
2669 2370 2911 2423 adversus
2936 2385 3139 2423 carnem
3168 2379 3214 2424 et
3236 2371 3557 2441 sanguinem,
3589 2370 3686 2425 sed
3714 2372 3786 2425 ad
3796 2402 3817 2411 ο

2200 2477 2376 2516 versus
2400 2461 2829 2533 nmndipotentes,
2872 2462 3116 2517 adversus
3145 2462 3416 2533 'spiritales
3460 2464 3721 2534 nequitias
3760 2465 3815 2517 in

2201 2556 2485 2610 caelestibus
2506 2554 2722 2626 (Epltes.
2752 2571 2825 2623 vi,
2852 2554 2942 2627 ιε)
2966 2573 2978 2608 :
3007 2567 3194 2612 satana
3216 2557 3334 2627 ipso
3350 2556 3481 2611 sein
3508 2571 3607 2612 cor
3626 2555 3809 2624 ludat,

2202 2657 2258 2703 ut
2285 2648 2572 2703 Dominum
2621 2648 2899 2714 traderet,
2926 2650 3199 2705 inserente
3228 2648 3382 2721 (Luc.
3411 2665 3551 2715 nn,
3586 2650 3665 2719 5).
3700 2648 3810 2705 Sed

2199 2752 2252 2798 et
2284 2744 2335 2797 in
2370 2743 2471 2797 hoc
2494 2743 2701 2813 psalmo
2752 2744 2853 2799 hoc
2890 2744 3256 2800 contuendum
3304 2754 3388 2800 est
3412 2762 3425 2797 :
3450 2743 3685 2799 σοι-αισα
3716 2760 3810 2798 co-

2198 2837 2540 2901 ruscationes,
2570 2845 2619 2889 et
2644 2836 2920 2905 dissipabis
2945 2852 3031 2890 eos
3051 2854 3071 2903 ;
3095 2837 3266 2891 emitte
3292 2836 3507 2907 sagittas
3546 2846 3661 2890 tuas
3692 2876 3709 2900 ,
3763 2848 3813 2895 et

2202 2930 2527 2983 conturbabis
2555 2946 2662 2984 eos.
2694 2928 2810 2984 Non
2846 2929 2969 2984 illos
2990 2928 3257 3000 superius,
3290 2929 3359 2986 de
3382 2929 3581 3001 quibus
3629 2933 3702 2986 ita
3738 2933 3813 3004 (e)

2198 3032 2558 3088 memoraret,
2585 3024 2823 3079 ostendit
2856 3041 2869 3077 :
2920 3024 3064 3095 quod
3112 3038 3336 3080 necesse
3364 3032 3449 3079 est
3494 3024 3563 3079 ad
3594 3036 3812 3083 montes

2198 3116 2296 3173 hos
2318 3118 2524 3182 referri,
2544 3119 2636 3188 qui
2650 3117 2715 3172 ad
2731 3116 2903 3172 solum
2922 3117 3013 3172 Dei
3031 3125 3225 3171 tactum
3251 3116 3551 3172 fumabunt.
3568 3118 3637 3173 Et
3651 3117 3805 3176 nede

494 3184 613 3225 ram
639 3172 926 3228 verborum
961 3175 1129 3230 virtus
1158 3178 1446 3249 eloquitur.
1480 3181 1652 3239 llomo
1679 3187 1902 3242 vanitati
1936 3189 2087 3245 simi-

2204 3210 2420 3265 terrenis
2436 3212 2549 3265 istis
2565 3210 2833 3265 montibus
2850 3210 3051 3264 dictum
3065 3211 3456 3277 existimemus,
3474 3216 3684 3280 psalmo
3696 3213 3811 3269 alio

486 3262 555 3320 lis
579 3263 822 3331 cﬁ‘ectus,
841 3274 897 3321 et
914 3267 1067 3337 cujus
1091 3268 1207 3326 dies
1240 3280 1510 3343 tamquam
1528 3276 1717 3332 umbra
1739 3289 2085 3351 prmtereunt,

489 3376 590 3431 per
643 3362 900 3418 indultum
950 3366 1315 3435 cognitionem
1369 3370 1460 3424 Dei
1506 3372 1811 3442 deputatur.
1870 3376 2089 3435 Vanitas

490 3455 750 3509 saxulum
793 3464 897 3523 est,
941 3457 1096 3529 cujus
1144 3459 1355 3515 habitus
1383 3471 1439 3517 et
1486 3464 1655 3520 forma
1687 3468 1918 3524 tolletur.
1976 3470 2089 3526 Deo

492 3547 637 3601 enim
669 3548 829 3603 inane
856 3558 964 3613 est,
998 3551 1256 3620 quidquid
1284 3556 1530 3623 quamvis
1559 3569 1947 3627 ex5let,tamen
1981 3581 2087 3621 non

494 3636 569 3693 ita
601 3640 847 3695 subsistit
868 3652 925 3695 ut
942 3654 1155 3700 maneat
1177 3662 1190 3697 :
1212 3649 1852 3727 etumbraqumcumque,
1876 3662 2089 3717 etiamsi

490 3728 583 3795 sit,
619 3738 795 3785 tamen
842 3747 947 3786 non
993 3745 1111 3800 est;
1144 3738 1270 3807 quia
1312 3755 1434 3794 cum
1483 3744 1577 3806 ﬁt,
1628 3746 1860 3804 abeunte
1889 3766 1956 3806 eo
1992 3767 2087 3821 per

492 3834 654 3889 quem
708 3822 1040 3877 efﬁciebatur
1070 3826 1145 3896 (b)
1197 3831 1471 3885 eximitur.
1528 3834 1700 3890 Homo
1750 3841 1929 3910 itaque
1979 3858 2087 3899 non

488 3910 703 3977 umbra,
734 3913 831 3968 sed
860 3915 1063 3970 umbrae
1092 3918 1316 3985 similis;
1351 3938 1523 3994 neque
1550 3928 1778 3995 vanitas,
1811 3933 1906 3987 sed
1933 3936 2087 3991 simi-

489 4003 560 4059 lis
583 4005 805 4060 vanitati
853 4022 949 4076 per
979 4009 1427 4071 intercessionem
1476 4021 1665 4075 mortis
1701 4022 1958 4092 eﬁ'cctus;
1995 4045 2089 4100 per

489 4095 757 4152 indultam
791 4114 921 4155 vero
950 4100 1049 4156 sibi
1079 4104 1442 4175 cognitionem
1477 4110 1566 4165 Dei
1599 4112 1904 4185 deputatur.
1936 4095 2007 4175 Et
2034 4122 2086 4176 in

492 4187 622 4257 quid
664 4189 972 4260 deputetur,
1024 4198 1260 4267 cognitio
1300 4199 1505 4257 indulta
1544 4212 1788 4263 testatur.
1842 4211 1897 4266 Si
1942 4216 2086 4270 enim

491 4282 743 4375 cognitus
774 4285 886 4341 ﬁeri
916 4286 1080 4359 614
1109 4289 1251 4346 Deus
1282 4291 1483 4349 homini
1514 4339 1527 4361 ,
1567 4299 1669 4354 nisi
1698 4316 1976 4375 assumpto
1994 4307 2090 4364 ho-

492 4374 663 4481 mine,
692 4392 796 4432 non
826 4381 1028 4448 potuit;
1061 4384 1182 4452 quia
1214 4385 1688 4458 incognoscibilem
1719 4374 2045 4468 cognoscere
2067 4444 2084 4473 ,

494 4484 599 4524 ﬂlSl
631 4487 728 4541 per
775 4484 1019 4530 naturam
1069 4487 1348 4546 nostram,
1378 4494 1565 4540 natura
1597 4498 1778 4546 nostra
1828 4509 1934 4551 non
1987 4513 2088 4568 p0-

2189 3303 2560 3366 admonemnr,
2580 3317 2700 3357 cum
2732 3301 2926 3357 dicitur
2950 3296 3047 3374 ,(Ῑ)
3067 3301 3134 3358 Ut
3160 3303 3287 3373 quid
3313 3304 3630 3373 suscepistis
3652 3320 3809 3361 mon-

2193 3404 2271 3450 tes
2284 3394 2626 3464 coagulatos?
2647 3403 2967 3464 etqnantum
2981 3394 3208 3465 intelligi
3225 3394 3565 3463 conceditur,
3589 3407 3804 3453 montes

2189 3485 2457 3541 interdum
2490 3487 2649 3541 etiam
2682 3485 2975 3541 diabolicas
2998 3495 3315 3556 potestates,
3347 3497 3409 3543 ut
3440 3504 3584 3544 nunc
3614 3489 3669 3543 in
3700 3490 3806 3545 hoc

2191 3578 2327 3644 loco,
2358 3578 2647 3649 signiﬁcari
2670 3577 3045 3631 arbitramur:
3079 3578 3169 3649 qui
3185 3579 3593 3634 constitutiones
3605 3580 3803 3635 divinae

2188 3672 2321 3743 legis
2337 3671 2677 3743 transgressi,
2705 3682 2972 3741 tamquam
2984 3685 3052 3726 ex
3066 3671 3218 3726 Iactis
3238 3669 3573 3737 sinceritate,
3609 3672 3799 3729 vitiosa

2190 3766 2397 3837 coaguli
2412 3766 2754 3836 corruptione
2768 3765 3183 3836 coagulaverint.
3201 3766 3266 3821 Et
3281 3766 3378 3821 hos
3399 3780 3523 3823 esse
3539 3768 3804 3837 potentis-

2189 3860 2356 3915 simos
2369 3860 2612 3915 inimicos
2626 3873 2755 3914 suos
2766 3859 3000 3929 psalmus
3018 3857 3445 3931 anterior;(xvn)
3460 3860 3674 3915 locutus
3696 3869 3798 3915 est.

2263 3952 2348 4007 10.
2363 3952 2645 4007 Descensus
2666 3951 2786 4015 Dei,
2807 3962 2853 4007 et
2868 3953 3132 4007 inclinatio
3149 3953 3261 4007 ειειὶ
3285 3952 3805 4023 quid.—Descendit

2191 4059 2321 4116 ergo
2344 4044 2601 4099 Dominus
2621 4046 2876 4100 inclinato
2897 4044 3037 4101 coelo
3062 4060 3182 4111 suo,
3204 4060 3311 4100 non
3325 4045 3599 4115 corporali
3624 4053 3793 4109 motu,

2190 4144 2250 4190 ut
2291 4134 2617 4189 declinatum
2648 4134 3013 4190 descendente
3051 4150 3118 4190 eo
3166 4136 3361 4190 cadum
3408 4136 3527 4193 sit:
3579 4135 3676 4193 sed
3708 4149 3801 4205 per

2190 4228 2525 4299 corporalem
2541 4230 2985 4298 signiﬁcationem
3005 4228 3263 4300 spiritalis
3280 4243 3473 4285 sensus
3492 4230 3795 4298 instruitur,

2196 4328 2256 4375 ut
2283 4319 2447 4392 615
2478 4335 2598 4375 cum
2640 4321 2753 4376 Deo
2782 4336 3024 4387 somnus,
3078 4320 3296 4391 vigilias,
3339 4324 3629 4390 memoria,
3658 4322 3793 4377 obli-

2190 4412 2300 4477 vio,
2328 4414 2600 4468 discessus
2637 4425 2692 4468 et
2740 4427 2991 4470 accessus
3031 4412 3401 4480 adscribitur;
3449 4414 3575 4485 quia
3603 4414 3677 4487 (g)
3707 4430 3797 4470 se-

2190 4502 2425 4557 cundum
2456 4504 2774 4558 meritorum
2821 4512 3126 4559 nostrorum
3156 4504 3515 4559 diﬁ‘erentiam
3539 4547 3555 4571 ,
3587 4504 3793 4560 unicui-

494 4561 629 4666 lilii;
663 4572 719 4618 Cl
746 4580 841 4634 De?
868 4566 1008 4623 hanc
1036 4573 1400 4642 cognitionem
1442 4576 1602 4634 homo
1634 4580 1704 4653 (ε)
1734 4585 1825 4654 qui
1864 4587 2090 4659 deputa.
2115 4574 2172 4637 Ῑ)
2195 4610 2300 4665 que
2320 4604 2564 4649 nostrum
2596 4605 2687 4650 aut
2706 4595 2981 4652 dormiens
3003 4605 3098 4650 aut
3125 4595 3373 4666 vigilans,
3397 4605 3491 4651 aut
3512 4596 3792 4652 immemor

492 4664 613 4726 tur,
659 4672 885 4717 necesse
922 4672 1003 4718 est
1047 4673 1104 4719 ut
1136 4666 1185 4721 in
1232 4667 1281 4723 id
1328 4669 1645 4741 deputetur,
1680 4675 1735 4730 in
1782 4693 1890 4750 quo
1923 4681 2085 4739 Deum

491 4856 673 4953 evadit
701 4866 920 4923 (eterna,
950 4862 1394 4953 incorrnptibilis,
1432 4868 1662 4953 gloriosa
1690 4892 1703 4939 ;
1728 4892 1849 4947 qtne
1870 4883 2086 4953 quidem

490 4942 600 5012 non
628 4928 885 5012 humana:
904 4943 1053 5012 sunt,
1076 4928 1395 5012 sed-divinae
1424 4928 1797 5012 proprietates.

591 4999 645 5063 a)
669 4999 767 5053 Ms.
796 5002 918 5054 Mtc.
950 5005 1002 5057 in
1033 5005 1337 5063 humilitate.

565 4997 645 5139 Y1;
669 4999 767 5053 Ms.
796 5002 918 5054 Mtc.
950 5005 1002 5057 in
1033 5005 1337 5063 humilitate.
1424 4997 1439 5010 ⁸
1526 4997 1538 5012 ¹
1592 4997 1797 5003 ““”’“”

576 5068 618 5159 ,ὁ
792 5071 966 5159 prima
1001 5077 1130 5157 edit,
1158 5077 1276 5159 Par.
1301 5096 1420 5159 cum
1449 5100 1549 5159 ms.
1580 5088 1643 5142 At
1671 5099 1942 5159 postrema
1964 5112 2086 5154 cum

491 5138 651 5223 l_3ad.,
666 5138 763 5223 .Er.
782 5138 837 5195 et
856 5144 999 5212 Lips.
1029 5148 1339 5205 eminanilnr.
1354 5138 1590 5211 Verbum

490 5209 614 5264 dem
631 5209 677 5263 vi
697 5211 876 5266 denuo
901 5209 1143 5271 recurret
1168 5237 1221 5274 n.
1256 5225 1340 5279 15.

665 5280 990 5372 -ίιεῗεβηάυῐη
1025 5289 1282 5372 _Vide_ltlr_,_
1322 5296 1473 5372 ltomo
1502 5301 1627 5367 quid
1673 5302 1991 5372 deputatur;
2021 5325 2085 5366 ac

488 5350 705 5442 deinde,
740 5350 939 5442 necesse
963 5368 1037 5439 est
1065 5370 1120 5412 ut
1147 5366 1199 5442 in
1228 5350 1282 5417 id
1315 5350 2085 5442 deputetur;

486 5424 742 5511 ιιυᾳνηιιρςι
770 5434 874 5511 εεξ,
902 5428 1056 5511 ριιῇιιε
1087 5433 1163 5486 rei
1194 5449 1353 5511 causa
1381 5424 1552 5511 :Deum

558 5494 1449 5592 (ρληιιίΑρΡιιιιιξὺιιιΔΑεεατςινςιινδείι.Δ
1483 5512 1553 5566 At
1588 5494 1855 5570 'nitiitiiii.
1906 5520 2083 5592 legere

482 5566 660 5690 :qlgre
703 5570 1014 5636 exardescet,
1067 5583 1279 5628 constat
1323 5591 1387 5631 ex
1436 5587 1592 5638 tract.
1626 5566 2082 5658 vitiivitii-5

498 5772 517 5823 ι
556 5706 626 5775 (ι’)
650 5709 737 5764 Sic
761 5726 862 5765 ms.
898 5712 1015 5768 Mic.
1048 5714 1100 5769 in
1123 5731 1229 5784 quo
1258 5720 1419 5789 paulo
1465 5735 1591 5781 ante
1622 5728 1816 5797 nullos,
1846 5750 1944 5806 pro
1974 5754 2080 5793 non

520 5772 615 5831 Ιοε.
648 5778 717 5831 ΑΙ,
751 5782 889 5831 anud
919 5783 1040 5831 Par-
1076 5801 1324 5831 nmmos-nt
1358 5810 1369 5823 -
1411 5794 1462 5831 in
1511 5797 1627 5831 omn
1672 5812 1849 5831 man...
1901 5808 2055 5831 Μυκη-

541 5789 615 5828 os.
648 5778 717 5832 At
751 5782 890 5849 apud
917 5783 1040 5838 Par.
1076 5778 1324 5845 memorat
1356 5810 1369 5849 :
1411 5794 1464 5852 in
1509 5778 2077 5879 ειῖιέ’ῐιίὶῐὲἐιι¹ί’ἕιιὶἱῖἑξ

2208 4696 2298 4744 aut
2321 4686 2633 4754 recordans,
2664 4696 2758 4744 aut
2780 4688 2920 4744 desit
2963 4698 3054 4744 aut
3082 4688 3242 4745 adsit.
3270 4690 3447 4760 Atque
3470 4689 3543 4744 ita
3567 4688 3793 4747 inclina-

2197 4896 2520 4965 ntemorarat.
2556 4889 2684 4946 Vult
2723 4891 2956 4965 Hilarius
2994 4891 3468 4965 psalmographum
3499 4893 3791 4965 superiori-

2197 4909 2520 4943 memorarat.
2565 4909 2684 4946 Vllll
2725 4909 2956 4947 ﬂllﬂl‘llls
2994 4909 3297 4964 psalmogra
3343 4909 3468 4948 num
3499 4910 3791 4965 SllpCl‘lOl‘l-

2195 4959 2296 5013 bus
2323 4960 2481 5036 dictis
2508 4976 2612 5036 non
2640 4963 2943 5036 ostendisse
2967 4964 3035 5017 ad
3063 4979 3201 5034 quos
3234 4909 3465 5021 regnet
3495 4981 3791 5036 pronomen

2197 5046 2303 5105 cos,
2344 5032 2431 5085 uhi
2477 5032 2693 5105 sultjicit
2721 5035 2992 5095 dissipabis
3018 5032 3125 5101 eos,
3165 5032 3642 5105 contnrbabis'eos,
3690 5038 3795 5093 nisi

2196 5102 2261 5155 ad
2298 5112 2507 5157 montes
2538 5104 2820 5158 referatur.

2268 5172 2335 5243 (Ι)
2367 5172 2438 5227 Ita
2486 5190 2587 5229 ms.
2631 5176 2900 5243 quomodo
2943 5185 3000 5232 et
3043 5178 3095 5233 in
3146 5179 3286 5246 psal.
3324 5196 3489 5243 van,
3521 5180 3696 5243 n.16,
3724 5195 3790 5235 ex

2194 5247 2683 5321 tuss._restituttmt
2733 5258 2833 5321 est.
2884 5248 2955 5304 At
2979 5252 3185 5316 excusi,
3242 5261 3297 5304 ut
3341 5252 3464 5321 quid
3508 5252 3785 5321 suscipitis.

2193 5314 2447 5370 Montium
2500 5320 2715 5393 nomine
2768 5320 3043 5375 dzemones
3083 5314 3458 5393 intelligendos
3507 5314 3787 5393 esse'jam

2193 5395 2470 5459 ostensum
2499 5398 2579 5459 est
2610 5388 2659 5441 in
2688 5394 2823 5459 psal.
2860 5407 3009 5458 LXIV,
3044 5409 3098 5446 η.
3123 5394 3177 5449 8.

2268 5459 2345 5528 (g)
2375 5457 2525 5523 Quod
2561 5458 2666 5526 hic,
2689 5457 2973 5515 secundum
2998 5457 3292 5518 meritorum
3315 5475 3612 5519 nostrorum
3643 5463 3791 5529 dilic-

2189 5531 2427 5592 renn'am,
2450 5539 2581 5593 etc.,
2602 5531 2703 5585 hoc
2731 5534 2783 5588 in
2809 5549 2887 5600 ps.
2904 5550 3028 5595 cxx,
3054 5553 3107 5589 ιι.
3131 5536 3165 5590 9
3190 5535 3519 5590 :Secundum
3546 5538 3792 5590 uniuscu-

2180 5602 2369 5676 jusque
2398 5616 2561 5654 mores
2606 5619 2668 5676 ac
2696 5606 2922 5658 studium
2966 5607 3244 5676 unicuique
3271 5603 3411 5660 Deus
3455 5608 3661 5673 adjacet
3688 5624 3706 5661 :
3734 5615 3788 5662 et

2191 5671 2347 5748 paulo
2395 5678 2519 5748 ante
2549 5713 2562 5736 ,
2596 5673 2890 5748 Secundum
2919 5677 3074 5747 ﬁdem
3102 5671 3331 5731 nostram
3365 5688 3453 5732 aut
3483 5671 3786 5748 vigilantem

2187 5750 2275 5866 ﬁt:
2297 5741 2649 5867 dorztu'entem,
2665 5744 2762 5803 Dei
2781 5741 3031 5804 auxilium
3053 5748 3312 5805 nobiscum
3335 5759 3426 5804 aut
3446 5741 3677 5821 vigilabit
3694 5757 3786 5804 aut

2257 5828 2384 5867 rmte
2411 5857 2424 5867 .

2257 5828 2424 5871 rmtet.
