3984 6208
541 209 643 262 851

1763 201 2020 260 SANCTI
2058 197 2314 254 HILAﬁll
2355 197 2660 256 EPISCOPI

3771 191 3858 246 833

545 342 636 381 mo
685 326 917 392 collidit,
961 337 1082 381 cum
1133 339 1391 380 coronam
1440 324 1684 392 spineam
1722 329 1964 390 coaptat,
2013 314 2218 377 cumA
2318 315 2400 370 19.
2445 314 2600 369 Aliud
2625 314 2688 368 ob
2714 313 2970 366 indultam
2995 312 3185 366 sanctis
3204 311 3477 383 judicandi
3514 317 3856 380 potestatem.

542 421 700 476 clavo
729 431 925 474 manus
950 433 1012 473 ac
1040 418 1208 487 pedes
1243 417 1372 487 ﬁgit,
1407 431 1530 472 cum
1560 414 1630 471 fel
1658 422 1814 469 aceto
1853 412 2135 476 admiscet,

543 525 668 567 cum
699 511 880 565 omnia
909 509 1212 579 iniquitatis
1239 524 1405 580 opera
1427 515 1788 564 consummat.

620 603 706 657 17.
738 600 1011 657 Canticum
1054 617 1259 664 novum,
1292 602 1528 672 gentibus
1563 600 1626 654 ob
1655 615 1836 655 novam
1873 597 1972 654 Dei
2005 599 2138 654 neti-

541 697 687 752 tiam.
719 725 791 738 -—-
821 697 951 750 Post
986 711 1110 767 qua:
1148 705 1400 767 potenter
1449 711 1480 749 a
1522 695 1748 750 Domino
1788 703 1941 765 gesta
1978 700 2140 764 atque

549 786 814 859 perfecta,
860 799 1000 843 novo
1047 788 1204 843 nobis
1233 787 1480 858 gloriosa:
1501 786 1742 842 victoriae
1781 787 1888 841 erit
1929 785 2141 840 cantico

542 879 958 936 concinendum.
982 880 1074 936 Ait
1093 879 1431 946 enim,Vsus.
1451 880 1487 935 9
1507 897 1519 932 :
1543 877 1684 933 Deus
1705 878 1866 951 317
1885 879 2141 932 canticum

545 991 730 1029 neeum
760 977 974 1029 cantabo
995 976 1106 1041 tibi,
1137 975 1382 1046 psalterio
1419 973 1740 1027 deeachordo
1781 971 2000 1038 psallam
2029 971 2136 1025 tibi.

546 1068 616 1122 Et
645 1066 792 1138 quod
828 1069 930 1121 hoc
965 1082 1162 1122 novum
1192 1067 1460 1122 canticum
1505 1066 1596 1131 sit,
1640 1064 2005 1121 contuendum
2035 1072 2138 1120 est.

545 1161 741 1216 Plures
767 1170 945 1216 autem
992 1175 1190 1215 novum
1219 1160 1488 1215 canticum
1514 1168 1800 1214 cantantes
1832 1157 2020 1228 psalmi
2050 1171 2140 1212 re-

541 1255 847 1324 periuntur.
887 1253 1282 1321 Nonagesimus-
1297 1252 1444 1308 enim
1481 1263 1533 1306 et
1558 1251 1776 1321 quintus
1803 1248 2041 1319 psalmus
2069 1247 2142 1302 ita

545 1348 710 1415 cmpit
741 1361 755 1398 :
785 1345 998 1400 Cantate
1027 1343 1251 1399 Domino
1271 1345 1525 1398 canticum
1562 1357 1768 1406 nouam,
1799 1349 2002 1394 cantate
2033 1336 2145 1392 Do-

544 1439 684 1492 mino
724 1439 891 1492 omnis
931 1447 1068 1493 terra
1108 1456 1126 1493 :
1160 1449 1211 1493 et
1244 1443 1480 1502 rursum,
1512 1436 1822 1490 Annuntiate
1865 1434 1999 1488 inter
2020 1449 2145 1504 gen-

545 1539 619 1584 tes
647 1529 866 1601 gloriam
900 1532 1036 1601 ejus,
1075 1531 1129 1583 in
1179 1531 1318 1584 omni
1362 1527 1557 1599 papula
1603 1527 1861 1582 mirabilia
1906 1529 2019 1599 ejus
2045 1542 2064 1580 :
2093 1533 2148 1581 et

545 1635 782 1688 rursum,
814 1619 1202 1676 Cemmeveatur
1231 1638 1264 1674 a
1295 1619 1430 1689 {acie
1466 1619 1576 1689 ejus
1615 1617 1780 1672 omnis
1807 1627 1962 1682 terra,
1995 1616 2147 1670 dicite

2242 437 2312 448 —-—
2341 405 2535 461 Cantat
2571 418 2624 460 et
2660 405 2991 460 centesimus
3019 403 3459 474 quadragesimus
3492 415 3706 455 nonus
3731 400 3856 469 psal-

2243 516 2362 556 mus
2385 500 2652 555 canticum
2701 513 2920 553 novum.
2954 495 3017 550 Et
3051 512 3147 551 cur
3175 495 3245 550 sit
3295 495 3399 550 hoc
3440 493 3752 550 canticum
3781 508 3862 545 no-

2243 609 2389 661 vum,
2420 607 2541 647 mox
2571 590 2838 660 Propheta
2871 589 3122 658 subjecit,
3165 587 3372 653 dicens,
3409 584 3708 640 Exaltabit
3734 601 3858 638 man-

2242 695 2410 740 suetos
2435 685 2488 738 in
2515 685 2751 738 salutem.
2805 681 3149 736 Exsultabunt
3176 681 3336 734 sancti
3386 678 3436 732 in
3464 678 3686 747 gloria,
3728 676 3860 731 Icta-

2245 775 2435 838 buntur
2461 775 2514 828 in
2541 773 2788 827 cubilibus
2810 772 2938 826 suis.
2969 769 3035 825 Et
3055 770 3419 826 exsultationes
3441 767 3550 823 Dei
3578 769 3641 822 in
3666 779 3862 838 gutture

2245 884 2445 932 eorum,
2473 879 2519 921 et
2545 866 2706 938 gladii
2737 867 2812 920 bis
2835 864 2971 920 acuti
2999 868 3052 918 in
3075 863 3310 917 manibus
3334 878 3544 928 eorum,
3594 861 3782 934 618
3807 862 3861 914 ad

2245 960 2537 1031 faciendam
2558 959 2830 1014 vindictam
2855 959 2908 1012 in
2930 957 3241 1020 nationibus,
3269 956 3675 1024 increpationes
3701 955 3757 1008 in
3785 973 3864 1026 po-

2247 1054 2406 1122 pulis,
2436 1053 2502 1106 ad
2527 1053 2818 1122 alligandos
2843 1067 2983 1122 reges
3007 1065 3186 1104 eorum
3221 1050 3276 1104 in
3314 1050 3534 1108 manicis
3568 1058 3625 1102 et
3653 1065 3859 1114 compe-
3921 1050 3945 1122 |,

2246 1143 2420 1210 dibus,
2445 1155 2495 1196 et
2519 1143 2712 1197 nobiles
2747 1157 2930 1196 eorum
2968 1142 3024 1195 in
3054 1141 3267 1196 vinculis
3295 1141 3516 1212 ferreis;
3577 1152 3643 1197 ut
3673 1143 3862 1211 faciant

2245 1237 2300 1289 in
2311 1236 2390 1290 his
2404 1235 2655 1302 iudicium
2669 1234 3036 1304 conscriptum,
3050 1233 3217 1304 gloria
3227 1235 3336 1288 lucc
3349 1245 3422 1288 est
3434 1233 3700 1288 erunibus
3727 1250 3864 1286 sanc-

2249 1328 2313 1382 tis
2335 1330 2447 1400 ejus
2475 1326 2596 1398 (Ps.
2629 1341 2813 1393 cxux,
2844 1324 2878 1379 4
2909 1335 2957 1380 et
2987 1320 3184 1396 seqq).
3212 1324 3326 1381 Hoc
3345 1325 3638 1384 canticum
3678 1341 3862 1380 novum

2249 1430 2355 1485 est,
2389 1420 2485 1476 Dei
2514 1429 2730 1476 saucios
2774 1418 2960 1490 judicii
3006 1420 3194 1474 mterni
3249 1435 3468 1475 sumere
3501 1429 3861 1490 potestatein.

2248 1511 2434 1569 Sancti
2483 1513 2648 1580 enim,
2699 1511 2996 1568 secundum
3027 1511 3369 1582 Apostolum,
3412 1512 3702 1568 mundum
3730 1513 3862 1583 judi-

2203 1626 2216 1636 -
2250 1607 2456 1662 cabunt
2485 1606 2548 1678 (l
2577 1605 2696 1662 Cor.
2727 1623 2800 1675 Vl,
2831 1606 2868 1660 2
2895 1609 2934 1677 ).
2974 1606 3084 1662 Hoc
3131 1607 3290 1678 igitur
3315 1621 3515 1662 novum
3544 1618 3816 1662 cantatur
3837 1623 3860 1661 α

527 1714 598 1766 in
635 1713 951 1777 nationibus,
991 1710 1243 1767 Dominus
1280 1710 1529 1781 regnabit.
1577 1709 1691 1765 Hoc
1735 1708 2006 1764 canticum
2049 1723 2146 1762 no-
2171 1705 2225 1768 B
2255 1701 2434 1766 nobis.
2467 1699 2599 1755 ultio
2622 1699 2676 1754 iu
2707 1699 2972 1764 nationes.
3003 1700 3233 1770 arsuilio
3257 1699 3312 1754 in
3340 1700 3605 1770 populos,
3639 1700 3859 1757 nranica

548 1823 702 1872 vum,
730 1808 873 1877 quod
903 1807 1080 1862 omnis
1110 1814 1256 1861 terra
1284 1815 1483 1869 cantat,
1539 1803 1683 1872 quod
1713 1803 1827 1872 jam
1854 1817 1962 1857 non
2003 1801 2146 1856 intra

543 1897 747 1952 Iudaeus
772 1897 851 1967 (a)
874 1896 1070 1951 limbos
1095 1901 1259 1965 atque
1302 1895 1439 1948 lines
1466 1893 1706 1962 cognitio
1733 1891 1872 1960 ejus,
1900 1890 1993 1961 qui
2022 1904 2146 1945 om-

547 1991 636 2043 nia
664 1989 890 2054 creavit,
930 2001 1052 2042 esse
1079 1987 1430 2050 celebratur;
1461 1985 1605 2054 quod
1640 1984 1752 2053 jam
1791 1983 1932 2038 inter
1956 1990 2146 2051 gentes

545 2081 716 2150 gloria
748 2079 842 2134 Dei
883 2077 1168 2133 invisibilis
1207 2075 1508 2142 nuntiatur,
1536 2074 1677 2145 quod
1724 2088 1914 2129 omnes
1959 2071 2148 2143 patria:

545 2172 787 2244 gentium
843 2170 1208 2226 laudationem
1265 2167 1490 2224 honoris
1546 2167 1713 2223 debiti
1771 2164 2098 2222 confitentur
2125 2203 2144 2233 ,

548 2265 692 2337 quod
728 2265 780 2320 in
813 2264 1122 2320 nationibus
1155 2264 1295 2319 Deus
1321 2271 1648 2333 regnaturus
1673 2260 1998 2316 ostenditur.
2039 2259 2149 2315 No-

546 2374 674 2413 vum
707 2361 810 2414 hoc
857 2359 1000 2414 inter
1031 2365 1111 2413 tot
1139 2372 1358 2414 errores
1397 2356 1584 2413 saeculi
1633 2355 1905 2410 canticum
1953 2361 2061 2419 est,
2092 2359 2151 2408 et.

547 2451 856 2507 errantibus
883 2459 1042 2506 antea
1063 2448 1632 2520 gentibusinopinatus
1653 2447 1742 2503 hic
1763 2447 1996 2519 hymnus
2018 2455 2102 2501 est
2127 2462 2143 2500 :

545 2551 644 2616 per
667 2550 829 2616 quem
862 2547 1002 2601 Deus
1044 2544 1352 2608 invisibilis,
1387 2546 1758 2614 incorporeus,
1789 2548 2047 2606 internus,
2093 2547 2148 2594 et

543 2637 674 2707 justi
695 2637 886 2707 judicii
906 2637 1094 2707 iudex,
1115 2647 1173 2693 et
1201 2638 1374 2694 beata:
1393 2636 1714 2694 eternitatis
1750 2651 1844 2692 res
1869 2651 1991 2692 esse
2019 2649 2148 2690 cau-

550 2733 713 2782 tatur.

575 2831 588 2844 "
621 2820 709 2875 18.
753 2821 988 2875 Alterum
1029 2820 1092 2876 ob
1137 2822 1423 2877 mirabilem
1471 2820 1664 2876 Christi
1701 2822 2142 2876 resurrectionem.

547 2942 616 2954 —
657 2914 755 2969 Est
784 2925 840 2968 et
876 2915 1261 2984 nonagesimus
1302 2917 1563 2984 septimus
1601 2916 1838 2984 psalmus
1876 2914 2145 2968 catitioum

546 3021 750 3062 novum
793 3018 1060 3063 cantans:
1094 3007 1309 3061 Cantate
1355 3007 1582 3062 Domino
1630 3009 1888 3062 canticum
1932 3021 2140 3073 narum,

2247 1805 2303 1849 et
2329 1794 2620 1864 compedes
2646 1809 2854 1864 regum,
2901 1804 2956 1850 ct
2981 1795 3236 1852 nobilium
3281 1796 3498 1854 vincula
3549 1798 3771 1864 ferrea,
3817 1808 3862 1854 et

2247 1885 2537 1955 conscripti
2564 1885 2621 1940 in
2646 1899 2742 1941 eos
2759 1885 2950 1956 judicii
2979 1888 3266 1943 sententia.

2320 1978 2410 2034 ‘20.
2453 1977 2767 2034 Psalterium
2795 1980 3190 2036 decacherdum.
3233 1981 3398 2053 Reges
3423 1985 3575 2055 regni
3610 1981 3720 2038 Dei
3749 2001 3858 2038 cen-

2247 2082 2429 2129 sortes.
2461 2101 2532 2113 —-
2560 2073 2716 2140 Quod
2737 2074 2900 2130 etiam
2944 2075 2999 2130 in
3043 2076 3202 2147 hujus
3247 2077 3438 2147 psalmi
3465 2095 3628 2134 novo
3656 2080 3858 2136 cantica

2249 2164 2430 2222 simile
2453 2175 2700 2222 cantatur
2732 2185 2746 2222 :
2776 2166 2914 2223 Deus
2943 2171 3230 2224 cantionem
3274 2187 3456 2225 novam
3487 2175 3725 2230 cantabo
3751 2176 3850 2240 tibi,

2250 2259 2305 2312 in
2330 2259 2572 2329 psalterio
2617 2260 2934 2316 decue/tarde
2976 2262 3194 2330 psallunt
3231 2264 3341 2330 tibi,
3391 2265 3480 2334 qui
3509 2265 3615 2321 das
3646 2267 3853 2323 salutem

2249 2353 2470 2423 regibus.
2519 2353 2576 2408 In
2621 2354 2961 2411 decacliordo
3011 2357 3171 2426 igitur
3214 2358 3492 2428 psalterio,
3549 2359 3610 2416 id
3641 2369 3752 2426 est,
3781 2359 3851 2414 vel

2249 2445 2393 2516 quod
2414 2446 2603 2502 decem
2624 2447 2952 2504 chordarum
2980 2449 3112 2505 illud
3139 2452 3450 2520 psalterium
3472 2452 3573 2519 sit,
3606 2453 3698 2508 vel
3721 2450 3849 2523 quod

2249 2539 2437 2596 decem
2461 2540 2749 2598 verborum
2773 2557 2979 2612 organo
3003 2553 3163 2614 atque
3184 2545 3352 2616 gestis
3375 2547 3562 2602 cantio
3586 2562 3732 2602 nova
3763 2547 3848 2601 ista

2249 2643 2498 2690 cantatur
2527 2651 2540 2688 ε
2572 2633 2656 2689 vel
2705 2634 2849 2704 quod
2903 2634 3067 2692 homo
3127 2638 3244 2706 ipse
3283 2638 3471 2694 decem
3521 2640 3848 2710 quihusdam

2249 2725 2470 2782 chordis
2499 2726 2745 2782 manibus
2763 2741 2828 2782 ac
2855 2727 3082 2797 pedibus
3111 2738 3387 2798 extentus,
3429 2732 3714 2801 perfectus
3742 2733 3844 2801 spi-

2251 2819 2483 2873 ritalium
2509 2832 2736 2888 operum
2780 2833 2998 2874 suorum
3025 2830 3180 2890 gestu
3216 2830 3476 2892 motuque
3503 2824 3591 2880 sic
3639 2823 3843 2895 psallat,

2251 2919 2310 2964 ut
2334 2911 2640 2966 cantionem
2670 2927 2868 2967 novam
2909 2913 3048 2968 hanc
3075 2923 3274 2969 cantet.
3305 2914 3453 2982 Vsus
3484 2915 3577 2971 10.
3614 2916 3718 2983 Qui
3761 2915 3843 2969 dat

2247 3005 2463 3058 salutem
2490 3004 2691 3076 regibus
2713 3021 2731 3058 :
2761 3005 2976 3076 regibus
3015 3007 3209 3073 quibus
3250 3006 3448 3062 dictum
3499 3018 3614 3076 est,
3648 3008 3691 3062 γ
3698 3009 3838 3072 enitr,

543 3099 666 3168 quia
690 3100 947 3153 mirabilia
973 3100 1094 3171 fecit
1124 3098 1397 3154 Dominus.
1430 3099 1535 3156 Sed
1560 3101 1743 3154 nescio
1761 3116 1828 3154 an
1851 3099 2053 3155 ideirco
2074 3099 2144 3154 sit
2167 3083 2215 3148 C
2246 3095 2495 3152 benedicti
2519 3096 2696 3152 Patris
2726 3100 2844 3166 nisi,
2888 3098 3139 3169 possidete
3181 3113 3531 3170 purpuratum
3579 3102 3722 3157 nobis
3764 3118 3836 3154 re-

544 3189 757 3245 cantico
785 3205 924 3245 novo
973 3190 1323 3257 cantandum,
1352 3191 1479 3261 quia
1520 3191 1791 3245 mirabilia
1819 3191 1959 3246 Deus
1989 3188 2139 3245 fecit.

541 3281 684 3338 Olim
708 3280 786 3356 (b)
813 3283 1010 3339 ctnlum
1053 3283 1477 3353 pulcherrimum
1517 3293 1680 3353 atque
1709 3283 1984 3339 immobile
2027 3298 2142 3337 uia-

542 3387 654 3438 net.
709 3378 835 3432 olim
883 3379 934 3432 in
979 3393 1046 3433 eo
1086 3387 1230 3432 astra
1263 3378 1548 3433 indefessis
1578 3377 1880 3433 ofﬁciorum
1912 3392 2136 3432 suorum

541 3471 791 3527 cursibus
823 3481 1194 3542 perseverant,
1225 3473 1357 3527 olim
1386 3483 1630 3542 tempera
1661 3471 1876 3528 alterno
1910 3479 1965 3526 et
1995 3472 2141 3527 inde-

541 3565 784 3620 mutablll
833 3579 1059 3620 recursu
1107 3574 1514 3636 temperantur,
1575 3565 1703 3621 olim
1753 3575 1893 3621 terra
1944 3567 2138 3621 annuis

537 3655 799 3718 fructibus
826 3657 978 3714 dives
1004 3665 1107 3723 est,
1131 3658 1260 3712 olim
1289 3657 1453 3713 homo
1480 3658 1713 3713 maxime
1736 3653 1982 3714 mirabile
2003 3671 2138 3729 opus

541 3745 637 3800 Dei
686 3749 960 3802 nascitur:
994 3758 1048 3804 et
1077 3751 1123 3804 si
1173 3749 1305 3803 nihil
1336 3757 1521 3820 postea
1567 3751 1706 3804 Deus
1735 3751 1982 3806 mirabile
2010 3761 2133 3807 eum

540 3839 657 3893 haec
685 3840 889 3894 creavit
915 3833 1133 3908 adjecit,
1165 3856 1350 3908 quer
1376 3841 1520 3910 quod
1551 3855 1750 3896 novum
1778 3844 2044 3897 canticum
2067 3843 2136 3898 ob

539 3931 804 3984 mirabilis
828 3930 963 3985 facta
987 3931 1313 3986 cantandum
1332 3933 1421 3986 sit.
1449 3933 1514 3987 Et
1536 3945 1641 3987 non
1659 3933 1751 3988 diu
1773 3947 1872 3989 nos
1897 3936 2135 4005 psalmus

536 4020 738 4091 patitur
762 4035 966 4077 errare.
999 4021 1080 4077 0b
1120 4031 1241 4093 quin
1271 4023 1415 4078 enim
1445 4024 1713 4080 mirabilia
1761 4039 1959 4081 novum
2005 4041 2134 4083 cnn-

532 4116 700 4170 ticum
729 4121 994 4182 cantaret,
1045 4115 1284 4173 ostendit
1325 4117 1512 4174 dicens
1540 4133 1552 4171 t
1587 4096 1842 4174 Ltberatiit
1869 4135 1983 4176 eum
2010 4122 2135 4177 deic-

534 4217 646 4262 tera
675 4210 785 4280 ejus
809 4217 858 4262 et
887 4207 1156 4263 brachium
1189 4218 1424 4264 sanctum
1458 4214 1590 4284 ejus.
1631 4211 1828 4268 Netum
1868 4215 1984 4286 fecit
2020 4213 2130 4268 De.

530 4302 703 4355 minus
727 4300 954 4356 salutare
976 4315 1126 4356 suum
1166 4313 1285 4356 ante
1313 4313 1638 4372 conspectum
1674 4297 1901 4375 gentium
1955 4305 2128 4379 (Psal.

529 4403 696 4460 xerit,
732 4394 756 4446 l
784 4401 831 4447 et
859 4392 940 4460 2).
978 4394 1091 4449 l-loc
1119 4407 1316 4450 novum
1343 4397 1610 4452 canticum
1629 4407 1732 4462 est,
1763 4399 1863 4454 hoc
1890 4400 2133 4457 mirabile

2245 3203 2402 3260 gnum
2430 3205 2463 3242 a
2503 3190 2866 3245 constitutione
2906 3191 3084 3244 mundi
3128 3189 3346 3261 (Matth.
3394 3209 3516 3260 xxv,
3551 3193 3627 3248 54
3657 3195 3716 3265 )z
3758 3193 3835 3262 qui

2247 3281 2457 3337 nobiles
2486 3283 2743 3353 ligabunt,
2795 3284 2884 3354 qui
2913 3299 3068 3354 reges
3113 3285 3336 3340 manicis
3383 3297 3438 3340 ct
3486 3287 3832 3358 compedibus

2244 3375 2656 3446 constringent,
2703 3378 2793 3446 qui
2834 3375 3191 3446 judicabunt,
3257 3387 3526 3449 urguent,
3606 3379 3833 3436 vindici-

2241 3468 2396 3525 bunt.

2313 3561 2403 3615 21.
2443 3559 2633 3616 Christi
2664 3559 2917 3627 liberatio,
2959 3561 3101 3615 salus
3140 3577 3340 3634 regem.
3369 3592 3441 3603 —
3469 3562 3536 3618 Et
3568 3562 3827 3634 quomodo

2241 3654 2394 3709 salus
2435 3652 2653 3723 regibus
2681 3652 2859 3720 detur,
2906 3653 3142 3710 ostendit
3174 3672 3187 3710 :
3222 3653 3343 3722 Qui,
3395 3655 3596 3726 inquit,
3653 3656 3824 3711 liberat

2242 3743 2410 3798 David
2447 3759 2649 3799 servum
2675 3751 2862 3799 tuum:
2892 3759 3015 3800 eum
3043 3760 3236 3814 nempe
3284 3746 3474 3815 David,
3506 3747 3576 3802 de
3617 3762 3723 3818 quo
3749 3745 3823 3800 hic

2239 3835 2383 3891 idem
2414 3835 2550 3892 liber
2594 3852 2660 3892 ex
2709 3852 2940 3907 persona
2972 3837 3068 3894 Dei
3099 3838 3267 3908 patris
3313 3838 3420 3893 alio
3453 3841 3665 3910 psalmo
3707 3853 3814 3911 pro-

2240 3928 2460 3998 phetat:
2488 3926 2649 3983 Posui
2687 3929 3003 3999 adjutoriunt
3033 3946 3186 4001 super
3227 3938 3503 4000 potentem,
3536 3941 3584 3986 et
3617 3931 3820 3986 exaltari

2237 4021 2454 4075 electum
2493 4020 2558 4076 de
2602 4021 2746 4092 plebe
2787 4039 2919 4079 mea.
2971 4021 3150 4078 Inueni
3202 4024 3367 4078 David
3411 4041 3618 4080 seruum
3648 4042 3815 4089 meum,

2237 4113 2353 4169 oleo
2377 4124 2553 4169 sancte
2574 4130 2682 4169 meo
2702 4117 2826 4170 unxi
2846 4133 2982 4171 eum.
3008 4116 3196 4172 Manus
3215 4118 3353 4172 enim
3373 4135 3483 4174 mea
3503 4120 3817 4175 auxiliabitar

2239 4210 2302 4264 ei.
2334 4209 2456 4281 Ipse
2483 4209 2755 4279 invocabit,
2787 4209 2944 4266 Pater
2969 4229 3109 4266 meus
3135 4229 3188 4267 es
3213 4221 3288 4279 tu,
3336 4209 3477 4268 Deus
3507 4230 3678 4291 meus,
3716 4228 3815 4267 sus-

2237 4315 2413 4374 ceptor
2439 4305 2620 4360 salutis
2645 4321 2786 4360 mete.
2813 4303 2883 4360 Et
2913 4321 3003 4375 ego
3027 4307 3427 4378 primogenitum
3456 4325 3647 4379 ponam
3690 4321 3808 4368 eum,

2237 4397 2493 4452 excelsum
2517 4413 2671 4467 super
2697 4413 2869 4451 omnes
2895 4413 3036 4469 reges
3065 4408 3233 4452 teme.
3278 4396 3345 4453 Et
3390 4399 3534 4453 sedes
3559 4402 3669 4470 ejus
3695 4399 3811 4452 sicut

488 4495 501 4512 °
531 4484 627 4538 Dei
642 4491 723 4539 est
739 4503 751 4537 :
769 4485 910 4554 quod
935 4484 1318 4541 liberaviteum
1340 4486 1560 4543 dextera
1580 4489 1717 4557 ejus,
1735 4491 1878 4560 quod
1903 4491 2004 4546 sibi
2028 4492 2129 4562 ipsi
2157 4472 2211 4533 Ῑ)
2235 4490 2314 4545 sol
2342 4491 2397 4544 in
2423 4500 2696 4559 conspectu
2717 4507 2850 4556 meo,
2877 4502 2920 4546 et
2941 4491 3072 4546 sicut
3100 4491 3224 4546 luna
3247 4491 3474 4564 perfecta
3501 4494 3554 4547 in
3579 4504 3805 4548 internum

530 4575 757 4630 salutem
788 4578 957 4630 virtus
983 4592 1078 4632 sua
1109 4578 1317 4634 tribuit.
1353 4579 1679 4636 Potestatem
1720 4583 1889 4648 cuitu,
1927 4586 2123 4656 inquit,
2231 4594 2280 4637 et
2303 4585 2444 4638 testis
2489 4585 2542 4639 in
2569 4584 2692 4639 creto
2723 4583 2890 4653 ﬁdelis
2917 4584 3036 4656 (Ps.
3064 4601 3326 4652 Lxxxutt,
3359 4585 3431 4640 20
3457 4596 3505 4640 et
3547 4585 3722 4656 θείη).
3750 4583 3807 4635 Et

2231 4690 2444 4730 rursum
2474 4676 2525 4730 in
2557 4679 2760 4745 psalmo
2785 4675 2977 4732 eodem
3000 4693 3063 4731 ex
3088 4692 3314 4745 persona
3341 4678 3456 4746 ejus
3478 4677 3544 4732 ad
3563 4679 3763 4732 Patrem
3788 4691 3801 4731 :

2233 4763 2377 4822 Sicut
2398 4768 2590 4836 jurasti
2618 4765 2787 4821 David
2815 4771 2866 4821 in
2890 4768 3094 4821 veritate
3115 4777 3226 4836 tua,
3254 4784 3446 4823 menter
3471 4778 3579 4824 este
3605 4767 3806 4823 Domine

2229 4858 2492 4931 opprobrii
2509 4861 2640 4915 serui
2659 4861 2752 4928 tui,
2783 4859 2921 4931 quod
2946 4861 3172 4914 continui
3198 4861 3251 4914 in
3272 4860 3387 4913 sinu
3408 4877 3516 4914 meo
3544 4862 3800 4916 multarunt

2232 4955 2476 5028 gentium.
2503 4953 2654 5020 Quod
2671 4952 3100 5022 exprobrauerunt
3121 4953 3313 5005 inimici
3329 4955 3403 5006 tui
3426 4953 3668 5022 Domine,
3683 4952 3803 5024 quod

529 4666 708 4722 habeo
737 4667 970 4723 animam
1003 4684 1176 4724 meam
1208 4672 1465 4741 ponendi,
1505 4683 1560 4728 et
1590 4684 1914 4747 potestatem
1949 4679 2126 4737 habeo

527 4759 761 4816 animam
791 4776 969 4816 meam
997 4763 1306 4819 resumendi
1335 4763 1516 4838 (Joan.
1535 4783 1589 4834 ι,
1619 4765 1730 4840 18).
1759 4769 1872 4828 Νοη
1901 4782 2124 4831 externo

526 4859 673 4927 eguit
698 4861 1003 4930 unigenitus
1051 4861 1145 4917 Dei
1180 4863 1321 4917 illius
1349 4862 1415 4917 ad
1457 4865 1772 4921 solvendum
1823 4868 2118 4938 hominem,

523 4948 578 5002 in
605 4965 711 5020 quo
740 4953 884 5006 nasci
916 4953 1090 5007 voluit
1115 4994 1130 5021 ,
1161 4954 1379 5022 auxilio,
1409 4964 1463 5010 et
1499 4956 1562 5028 (f.
1600 4955 1718 5029 sed)
1747 4959 1800 5013 in
1830 4959 1998 5029 gloria
2022 4976 2119 5032 pa-

525 5050 693 5096 ternae
714 5043 1008 5113 majestatis
1035 5062 1258 5102 manens
1284 5061 1378 5103 sua
1401 5049 1457 5104 in
1478 5065 1538 5106 se
1567 5065 1695 5106 usus
1715 5061 1798 5108 est
1827 5063 2113 5122 potestate:
2226 5048 2656 5121 exprobrauerunt
2678 5046 3122 5099 commutationem
3144 5043 3336 5099 Christi
3362 5048 3436 5100 tui
3465 5045 3653 5116 (Ibid,
3685 5047 3745 5102 50
3762 5053 3801 5098 et

522 5148 622 5201 per
649 5151 807 5204 quam
836 5140 1249 5196 resurrectionis
1289 5142 1519 5213 gloriam
1549 5146 1788 5200 salutare
1830 5162 1985 5201 suum
2020 5163 2114 5202 no-
2224 5141 2410 5213 seqq.).
2461 5138 2759 5211 Opprobria
2795 5137 3086 5193 multarum
3103 5141 3345 5210 gentium
3375 5138 3429 5194 in
3458 5139 3635 5196 sinum
3664 5153 3798 5196 suum

521 5232 632 5277 tum
677 5227 925 5296 gentibus
967 5227 1111 5299 feeit,
1162 5246 1284 5288 cum
1332 5234 1389 5290 in
1418 5249 1484 5290 eo
1511 5220 1714 5292 natura:
1743 5251 1854 5292 suae
1891 5251 2110 5296 carnem
2224 5233 2390 5288 David
2423 5232 2511 5287 hic
2539 5244 2676 5285 unus
2695 5228 2928 5298 excepit.
2959 5227 3080 5301 Ipse
3105 5231 3239 5284 enim
3266 5240 3475 5300 peccata
3499 5243 3676 5288 nostra
3701 5245 3799 5284 sus-

517 5316 574 5372 in
605 5323 823 5373 aeterna:
868 5317 1053 5380 salutis
1095 5325 1452 5385 substantiam
1500 5325 1938 5387 translermatam
1985 5347 2111 5392 esse

2246 5328 2376 5398 epit,
2402 5336 2447 5380 et
2475 5324 2794 5396 inﬁrmitates
2832 5334 3035 5379 nostras
3074 5325 3332 5396 portavit;
3386 5326 3546 5380 licere
3585 5331 3698 5401 ejus
3720 5337 3798 5378 nos

516 5420 870 5479 οοειιοεουηιο
2220 5421 2388 5478 sanati
2413 5433 2590 5476 sumus
2643 5412 2794 5488 (Esa.
2825 5432 2937 5485 Lm,
2967 5415 3045 5490 5).
3076 5417 3152 5474 lta
3180 5416 3307 5473 dum
3349 5411 3437 5474 hic
3477 5417 3647 5475 David
3680 5417 3794 5474 libe-

587 5608 662 5680 (a)
699 5609 756 5668 In
788 5615 890 5670 ms.
925 5613 1082 5673 libros
1115 5623 1267 5687 atque
1292 5609 1439 5688 ﬁnes.

2246 5627 2368 5765 mg?
2407 5627 2520 5686 Hoc
2565 5633 2689 5698 est,
2743 5625 2851 5705 iam
2903 5628 2970 5686 ab
3017 5587 3248 5702 antiquis
3290 5643 3352 5686 ac
3390 5626 3584 5712 primis
3610 5641 3796 5714 tempo-
