3984 6208
138 168 299 226 853

1329 173 1745 237 TRACTA’I‘US
1779 177 1845 237 IN
1882 177 2091 238 CXLIV
2131 181 2482 242 PSAIJIUM.

3419 195 3529 257 864

146 299 235 338 ra
246 292 403 355 tur,
434 294 492 342 et
521 286 623 359 legi
650 287 844 344 mortis
870 288 1144 355 eximitur,
1176 288 1322 345 salus
1347 306 1564 363 quoque
1608 292 1827 365 regibus
1851 294 1907 358 Α
1931 294 2160 365 Stiterit,
2184 299 2541 356 aeternitatem
2574 310 2749 359 tamen
2774 302 2882 360 illis
2907 305 2998 377 qui
3028 304 3113 363 his
3139 316 3289 364 recte
3309 315 3533 367 utentur

150 377 405 435 datur.
446 377 565 451 Ipse
592 390 675 435 est
710 382 855 436 enim
896 380 1284 456 primogenitus
1324 396 1389 437 ex
1421 383 1646 441 mortuis
1702 384 1825 456 (Co-

154 468 333 526 loss.
383 486 428 537 1,
465 468 576 542 18).
608 468 677 527 Et
721 482 776 526 ut
820 470 873 525 in
896 444 1065 527 iidem
1095 488 1267 527 omnes
1293 473 1558 542 morimur,
1590 474 1662 529 ita
1688 444 1736 530 et
1774 478 1828 532 in

158 558 430 617 Christo
458 578 630 618 omnes
652 579 993 634 resurgemus.
1025 561 1045 637 (
1073 561 1094 618 I
1121 560 1242 618 Cor.
1268 579 1381 631 Vlll,
1408 563 1531 636 22.)
1555 564 1828 623 Liberatio

161 666 341 725 ergo
378 654 523 723 ejus,
551 653 699 709 salus
724 670 909 725 regum
940 663 1039 709 est.
1075 654 1397 726 Regnabuut
1427 657 1577 714 enim
1607 657 1827 715 confor-

160 759 323 800 mcs
360 746 558 816 gloriae
585 759 719 812 sine,
766 759 864 815 per
891 756 1223 817 assumptam
1262 747 1330 803 ab
1358 764 1424 804 eo
1475 758 1677 808 natura:
1704 748 1832 807 nos-1

163 848 302 915 Irae
337 840 428 911 (α)
461 838 917 910 coniunctionem,
951 856 1162 897 rursum
1184 857 1374 899 omnes
1396 843 1450 900 in
1478 853 1684 903 natura:
1710 846 1828 919 ejus

161 946 326 989 com
336 948 607 991 lﬂllﬂlOlle
636 948 900 991 mansuri.

263 1024 462 1099 619
475 1024 559 1079 22.
591 1024 831 1095 Eripitur
854 1040 983 1096 ergo
1003 1025 1090 1081 hic
1114 1025 1277 1083 David
1300 1024 1367 1084 de
1380 1027 1553 1099 gladio
1566 1028 1827 1101 maligno-

173 1132 358 1173 rum.
391 1118 649 1189 Spiritum
676 1116 819 1174 enim
844 1117 1000 1175 Jesus
1019 1120 1198 1189 posuit
1226 1135 1348 1175 cum
1377 1122 1544 1177 voluit
1575 1142 1586 1178 :
1617 1138 1714 1179 nec
1735 1139 1829 1179 ex-

177 1210 489 1282 spectavit
520 1223 576 1266 ut
598 1212 833 1266 animam
865 1211 1187 1282 impressum
1211 1214 1710 1271 vulnusemitteret.
1734 1214 1830 1274 Jus

180 1304 423 1361 anima:
453 1305 570 1378 ejus
597 1320 790 1360 manus
831 1305 1134 1378 irreligiosa
1166 1322 1273 1362 non
1307 1307 1515 1363 habuit.
1546 1309 1635 1364 Ait
1660 1307 1826 1379 enim,

184 1399 291 1457 De
322 1398 763 1478 gladiomaligno
787 1417 910 1455 erue
946 1418 1042 1456 me.
1076 1401 1410 1475 Quamquam
1457 1401 1600 1459 enim
1642 1403 1827 1461 exani-

186 1492 318 1548 mis
346 1492 465 1564 jatn
496 1492 745 1561 corporis
775 1492 915 1548 latus
942 1491 1102 1550 miles
1128 1494 1473 1551 transloderit
1500 1493 1679 1569 (Joan.
1709 1513 1823 1567 XIX,

186 1583 307 1658 5|)
336 1627 355 1649 ,
390 1599 523 1640 usus
564 1592 648 1639 est
680 1583 982 1639 ministerio
1018 1585 1239 1641 saevitia:
1268 1604 1280 1642 :
1307 1596 1562 1643 caeterum
1588 1599 1826 1659 potestas

1934 386 2207 457 impertiet
2255 407 2267 442 :
2299 390 2392 462 qui
2419 391 2733 451 cohmredes
2774 409 2875 451 nos
2905 394 3027 453 Filii
3053 397 3139 455 sui
3166 398 3219 455 in
3256 398 3376 470 ipso
3401 410 3529 459 ante

1933 480 2377 537 constitutionem
2408 485 2592 540 smculi
2620 484 2812 559 elegit,
2844 487 2935 558 qui
2960 488 3063 545 erit
3090 489 3235 546 Deus
3264 492 3444 549 omnia
3473 494 3527 551 in

1933 571 2185 629 omnibus
2216 591 2228 629 :
2264 572 2338 648 (b)
2369 576 2469 644 ipsi
2508 577 2701 647 gloria,
2735 579 2879 645 laus,
2917 579 3113 650 honor,
3141 581 3332 653 virtus,
3362 584 3535 657 impe-

1929 660 2071 721 rium
2128 665 2275 722 Patri
2320 667 2373 723 iu
2421 666 2606 738 Filio,
2647 670 2789 726 Filio
2837 671 2891 727 iu
2937 673 3095 732 Patre
3125 684 3179 731 et
3224 674 3278 731 in
3320 675 3529 747 Spiritu

1931 754 2155 826 Sancto,
2183 767 2239 813 et
2268 774 2407 817 nunc
2436 770 2490 817 et
2518 776 2733 833 semper
2759 769 2815 819 et
2840 764 2893 820 in
2924 766 3105 825 omnia
3133 767 3334 825 saecula
3359 783 3533 827 sazcu-

1930 846 2127 904 lorum.
2159 847 2356 908 Amen.

2370 942 2751 1003 PSALMUS
2804 945 3074 1004 CXLIV.

2058 1082 2062 1085 γ
2429 1035 2686 1091 Laudatio
2716 1037 2814 1109 ipsi
2843 1037 3030 1094 David.

2002 1120 2258 1179 Exaltabo
2297 1134 2345 1180 te
2386 1123 2527 1180 Deus
2566 1143 2708 1181 meus
2746 1137 2793 1181 et
2825 1145 2915 1183 rex
2944 1147 3116 1197 meus,
3156 1138 3206 1186 et
3234 1131 3530 1188 benedicam

1929 1230 2111 1269 nomen
2133 1224 2273 1269 tuum
2299 1218 2354 1270 in
2375 1218 2621 1273 steculum
2641 1229 2688 1273 et
2710 1220 2762 1273 in
2783 1219 3030 1276 saxulum
3058 1223 3253 1278 steculi.
3289 1223 3392 1281 Per
3418 1231 3526 1283 sin-

1927 1309 2076 1380 gulos
2099 1309 2263 1383 620
2292 1310 2398 1365 dies
2424 1311 2717 1368 benedicam
2748 1325 2813 1381 te,
2842 1323 2889 1369 et
2918 1314 3139 1371 laudabo
3179 1332 3363 1372 nomen
3387 1329 3529 1374 tuum

1927 1405 1982 1459 in
2016 1409 2263 1460 steculum
2295 1417 2342 1461 et
2369 1409 2423 1461 in
2466 1410 2713 1464 steculum
2749 1410 2943 1467 saeculi.
2988 1410 3213 1484 Magnus
3242 1413 3529 1485 Dominus,

1928 1506 1976 1551 et
2000 1495 2273 1554 laudabilis
2304 1500 2456 1554 nimis
2475 1543 2490 1569 ,
2532 1509 2580 1555 et
2622 1490 2986 1572 magnitudinis
3015 1506 3127 1575 ejus
3154 1522 3253 1560 non
3282 1516 3354 1561 est
3387 1508 3527 1578 ﬁnis.

1931 1587 2201 1648 Generatio
2227 1602 2274 1648 et
2298 1595 2552 1665 generatio
2580 1595 2810 1650 laudabit
2832 1612 2987 1669 opera
3012 1607 3101 1653 tua
3127 1641 3142 1667 ,
3164 1609 3212 1654 et
3253 1601 3532 1667 potentiam

193 1677 452 1749 spiritus
472 1675 778 1744 emittendi,
802 1691 1023 1733 causam
1052 1677 1317 1735 violanda:
1342 1678 1396 1733 iu
1420 1694 1480 1735 se
1502 1681 1698 1736 animm
1720 1695 1827 1738 non
1859 1686 1909 1748 B
1938 1692 2082 1739 tuam
2108 1688 2527 1756 pronuntiabunt.
2554 1687 2618 1742 Et
2645 1690 3079 1762 magniﬁcentiam
3100 1692 3384 1764 majestatis
3407 1702 3531 1761 tuae,

198 1766 476 1841 reliquit.

289 1864 391 1921 23.
420 1860 596 1918 Falstc
615 1860 876 1928 felicitatis
904 1863 1078 1934 opinio
1106 1863 1437 1936 reprobatur.
1474 1894 1544 1907 --
1565 1864 1832 1921 Consum-

207 1965 343 2012 mat
394 1954 592 2012 deinde
640 1955 954 2011 cantionem
1009 1971 1206 2013 novam
1258 1972 1414 2011 novae
1470 1955 1833 2015 confessionis

215 2049 480 2122 hymno,
535 2058 750 2105 terrena
797 2046 1000 2118 judicia
1051 2058 1107 2105 et
1158 2049 1501 2105 smcularium
1564 2048 1833 2108 bonorum

214 2141 430 2214 gaudia
488 2141 623 2199 falsa
689 2140 1098 2211 coudemnans,
1153 2158 1273 2199 cum
1330 2145 1403 2199 ait
1436 2163 1449 2198 :
1482 2143 1715 2211 Quorum
1777 2164 1833 2203 os

216 2236 466 2293 locutum
506 2247 579 2292 est
608 2239 885 2292 vanitatem
908 2280 924 2304 ,
953 2249 1000 2292 et
1047 2236 1257 2292 dextera
1287 2256 1463 2294 eorum
1501 2240 1708 2295 dextera
1735 2240 1834 2295 ini-

218 2330 447 2401 quitatis
476 2347 498 2397 ;
542 2327 709 2386 Vens.
748 2329 860 2385 12-
886 2329 953 2385 I5
989 2344 1003 2380 :
1050 2327 1285 2396 Quorum
1316 2331 1414 2400 ﬁlii
1458 2331 1586 2386 sicut
1634 2332 1834 2388 novella

218 2421 485 2492 plantatio
516 2422 738 2476 stabilita
782 2420 833 2475 in
862 2421 1136 2492 juventute
1162 2440 1277 2476 sua.
1306 2419 1462 2487 Filia:
1497 2439 1671 2479 eorum
1694 2434 1831 2479 c’om-

220 2511 418 2584 posita:
442 2553 456 2576 ,
486 2512 883 2566 circumornata:
910 2511 1165 2584 quomodo
1207 2513 1492 2568 similitudo
1531 2516 1725 2586 templi.
1763 2512 1835 2570 Et

222 2608 595 2680 promptuaria
624 2624 799 2661 eorunt
827 2607 981 2680 plena
1005 2648 1020 2673 ,
1054 2608 1343 2663 eructuntia
1372 2624 1435 2662 ea:
1472 2606 1566 2662 hoc
1596 2610 1648 2663 in
1674 2608 1829 2665 illud.

230 2700 373 2755 Ores
401 2718 573 2755 eorum
603 2705 798 2773 fetoste,
825 2698 1142 2755 abundantes
1173 2700 1226 2754 in
1257 2699 1538 2772 egressibus
1562 2702 1669 2777 suis
1694 2719 1712 2755 :
1737 2700 1829 2757 bo-

227 2809 316 2848 ves
338 2809 512 2848 eorum
538 2807 742 2847 crasste.
760 2790 884 2845 Non
916 2802 990 2846 est
1009 2794 1164 2846 ruina
1184 2791 1439 2858 maceriae,
1470 2808 1631 2863 neque
1659 2801 1829 2848 trans-

230 2887 365 2951 itus,
398 2902 559 2957 neque
607 2885 803 2939 clamor
827 2884 881 2939 in
904 2884 1089 2957 plateis
1115 2900 1313 2940 eorum.
1341 2884 1557 2940 Beatum
1590 2886 1833 2942 dixerunt

227 2977 483 3049 populum
508 2976 594 3032 cui
621 2975 731 3030 lucc
755 2988 872 3030 sunt
898 2993 913 3032 :
942 2974 1119 3031 beatus
1144 2975 1365 3050 papulas
1389 2978 1539 3050 cujus
1574 2975 1831 3035 Dominus

1937 1786 1985 1833 et
2008 1779 2332 1832 sanctitatem
2369 1788 2509 1834 tuam
2542 1779 2843 1849 loquentur,
2869 1790 2915 1835 et
2952 1782 3207 1837 mirabilia
3234 1791 3325 1837 tua
3351 1800 3535 1840 narra-
3584 1798 3599 1815 '

1937 1870 2077 1925 bunt.
2137 1869 2207 1924 Et
2230 1872 2467 1925 virtutem
2496 1873 2801 1928 terribilium
2832 1882 3038 1927 tuorum
3079 1874 3282 1941 dicent,
3309 1885 3358 1929 et
3386 1854 3533 1947 mag;

1936 1962 2220 2017 nitudinem
2243 1973 2382 2017 tuam
2401 1964 2702 2019 narrabant.
2727 1962 3036 2018 Memoriam
3060 1965 3392 2022 abundantia
3411 1983 3533 2022 sua-

1936 2053 2107 2109 vitatis
2135 2064 2237 2109 tua:
2256 2054 2577 2121 eructabunt,
2609 2064 2655 2108 et
2677 2055 2931 2124 iustitiam
2960 2066 3100 2110 tuam
3122 2056 3310 2131 (Infra,
3339 2058 3536 2127 iustitia

1936 2152 2023 2197 tua
2072 2143 2396 2198 exultabant.
2445 2143 2719 2199 Miserator
2765 2155 2814 2198 et
2851 2146 3143 2201 misericors
3174 2145 3459 2214 Dominus,
3487 2160 3533 2204 et

1937 2234 2101 2308 (Infra
2148 2235 2299 2290 abest
2323 2234 2392 2307 et)
2443 2236 2639 2307 patiens
2660 2247 2706 2290 et
2736 2235 2909 2291 multa
2938 2237 3319 2295 misericordite.
3344 2238 3534 2296 Suavis

1937 2325 2188 2381 Dominus
2230 2328 2501 2394 universis,
2530 2337 2577 2382 et
2622 2329 2968 2383 miserationes
3017 2329 3132 2399 ejus
3169 2348 3322 2405 super
3348 2333 3535 2399 omnia

1936 2436 2091 2490 opera
2120 2419 2247 2491 ejus.
2265 2417 2617 2489 Conﬁteantur
2638 2419 2726 2473 tibi
2743 2416 2962 2473 Domine
2991 2421 3160 2474 omnia
3175 2437 3328 2491 opera
3355 2432 3463 2493 tua,
3488 2433 3535 2480 et
3568 2480 3577 2487 ,

1934 2515 2102 2569 sancti
2123 2516 2195 2567 tui
2222 2513 2517 2568 benedicant
2542 2523 2589 2567 te
2611 2512 2794 2582 (Infra,
2821 2514 3162 2583 confiteantur
3191 2516 3325 2588 tibi).
3356 2514 3534 2589 Conﬁ-

1937 2617 2129 2661 teantur
2164 2604 2277 2659 tibi:
2298 2603 2515 2677 gloriam
2544 2604 2689 2676 regni
2716 2604 2788 2658 tui
2814 2598 3001 2672 dicent,
3024 2613 3071 2659 et
3091 2607 3369 2679 potentiam
3391 2620 3531 2665 luant

1936 2700 2205 2768 loquentur
2233 2715 2252 2752 :
2282 2708 2337 2752 ut
2383 2708 2556 2752 notam
2580 2697 2770 2771 faciant
2807 2696 2932 2768 ﬁliis
2961 2699 3226 2753 hominum
3253 2703 3530 2773 potentiam

1935 2800 2159 2858 tuam,et
2188 2790 2406 2862 gloriam
2426 2788 2817 2862 magniﬁcentitc
2841 2788 2986 2860 regni
3005 2788 3101 2844 tui.
3132 2789 3365 2864 Regnum
3387 2803 3530 2847 tuum

1934 2900 2143 2954 regnum
2164 2881 2330 2955 (Infra
2360 2899 2465 2937 non
2496 2883 2759 2952 repetitur
2783 2881 3018 2953 regnum)
3050 2884 3277 2938 onmium
3305 2885 3525 2943 sarculo-

1933 2990 2050 3027 rum
2077 2990 2095 3027 :
2118 2983 2163 3027 et
2179 2973 2460 3027 dominatio
2490 2983 2577 3027 tua
2602 2973 2656 3026 in
2679 2972 2816 3027 omni
2836 2975 3159 3046 generatione
3190 2983 3236 3029 et
3266 2980 3523 3046 progenie.

228 3065 379 3123 Deus
399 3071 531 3142 ejus.
579 3067 651 3123 Et
698 3066 816 3123 hazc
844 3077 1008 3135 sunt,
1057 3078 1315 3138 quantum
1360 3067 1596 3123 arbitror
1616 3110 1631 3135 ,
1666 3067 1829 3139 hujus
1855 3071 1900 3135 C
1938 3063 2133 3120 Fidelis
2159 3064 2411 3120 Dominus
2451 3065 2504 3119 in
2556 3063 2718 3120 verbis
2746 3065 2873 3130 suis,
2904 3073 2949 3119 et
2978 3075 3185 3122 sanctus
3214 3066 3267 3120 in
3295 3067 3529 3124 omnibus

229 3160 417 3217 smculi
457 3160 597 3216 bona
640 3160 915 3214 communi
961 3160 1335 3214 universorum
1384 3159 1544 3215 beata
1583 3159 1826 3232 judicio,

228 3268 326 3309 res
353 3252 533 3307 smcnli
578 3252 725 3323 loqui
756 3259 919 3323 atque
948 3266 1140 3321 agere,
1171 3266 1364 3320 rapere
1394 3260 1485 3305 aut
1523 3268 1705 3307 etnere
1732 3252 1829 3306 ho-

238 3362 436 3414 nores,
466 3345 565 3401 sub
599 3346 771 3418 pretio
801 3343 937 3400 falso
967 3344 1232 3399 ditescere
1256 3385 1271 3411 ,
1298 3342 1521 3415 gloriari
1550 3343 1603 3398 in
1632 3342 1829 3400 adulta:

232 3449 411 3501 aetatis
447 3442 665 3510 liberis,
702 3458 930 3514 quorum
974 3438 1382 3495 elllorcsceutes
1424 3438 1551 3493 anni
1596 3439 1828 3495 novella:

234 3535 611 3592 exsultationis
636 3532 890 3589 ﬁrmitate
912 3532 1205 3598 conﬁdant,
1230 3542 1417 3601 optare
1446 3529 1677 3601 speciosi
1706 3547 1829 3587 cor-

234 3628 383 3700 poris
412 3627 569 3695 ﬁlias,
599 3636 763 3698 atque
793 3640 887 3681 eas
906 3626 960 3682 in
990 3624 1207 3680 modum
1254 3624 1440 3694 templi
1473 3624 1669 3680 damno
1709 3624 1829 3680 iuu-

238 3719 320 3778 tili
368 3720 608 3791 pecunia:
654 3719 890 3792 ingentis
931 3733 1169 3785 ornare,
1222 3716 1588 3790 multiplicatis
1633 3716 1828 3773 horrea

235 3812 497 3871 fructibus
539 3830 833 3887 rumpere,
875 3829 996 3885 quae
1026 3820 1312 3883 congestas
1340 3826 1470 3882 opes
1518 3812 1570 3866 in
1613 3827 1829 3882 promp-

238 3900 404 3967 tuaria
426 3909 528 3963 alia
561 3918 784 3979 angusta
818 3906 901 3964 his
922 3923 1042 3977 qua:
1060 3907 1112 3961 in
1140 3921 1201 3961 se
1227 3905 1535 3960 conduntur
1557 3911 1824 3973 eructent,

237 3999 516 4073 geminatis
541 4016 756 4073 quoque
786 4014 915 4055 oves
957 3994 1154 4053 fetibus
1188 3996 1329 4052 velle
1356 4038 1372 4064 ,
1404 4011 1537 4068 quas
1581 4011 1828 4068 egressas

238 4093 416 4151 nullus
443 4092 569 4148 ferae
598 4104 857 4147 occursus
884 4090 1192 4156 imminuat,
1223 4087 1480 4144 delectari
1513 4088 1675 4143 boum
1704 4102 1830 4142 suo-

239 4202 355 4242 rum
399 4184 620 4256 sagiua,
694 4184 1052 4255 circutnscpta
1112 4182 1276 4238 etiam
1330 4181 1616 4235 domorum
1673 4179 1825 4236 ﬁrma

240 4276 502 4349 praebere,
533 4291 599 4331 ne
630 4274 945 4351 transeundi
973 4289 1070 4343 per
1099 4288 1159 4330 ea
1186 4273 1434 4345 cuiquam
1463 4274 1534 4327 sit
1554 4282 1824 4343 potestas;

243 4384 347 4424 non
374 4367 523 4435 ﬁere,
552 4383 659 4423 non
692 4367 897 4439 lugere,
932 4381 1039 4421 non
1067 4380 1307 4439 gemere,
1338 4362 1431 4420 sed
1464 4380 1723 4436 prospero
1752 4364 1829 4421 fe—

1937 3156 2100 3227 (lnl'ra
2122 3157 2337 3212 additur
2363 3156 2630 3229 aperibus)
2658 3157 2781 3213 suis.
2823 3156 3108 3228 Suffulciet
3135 3157 3389 3214 Dominus
3415 3178 3529 3214 ont-

1933 3269 2021 3307 nes
2048 3252 2133 3323 qui
2164 3262 2407 3307 corruunt
2436 3250 2617 3325 (Infra,
2638 3250 2887 3319 stt/fulcit,
2903 3250 3105 3322 ruunt),
3122 3268 3167 3305 et
3193 3253 3399 3325 corrigit
3424 3252 3534 3325 (Iu-

1932 3344 2036 3414 I‘ra,
2060 3345 2226 3418 erigit)
2253 3360 2425 3399 omnes
2450 3345 2621 3400 elisos.
2653 3344 2804 3399 Oculi
2833 3345 3061 3400 ontnium
3082 3345 3135 3400 in
3165 3357 3211 3400 te
3234 3359 3457 3420 sperant,
3483 3360 3529 3405 et

1933 3435 2026 3490 das
2050 3434 2240 3509 (Infra,
2274 3435 2490 3490 Domine
2517 3446 2563 3490 et
2588 3446 2640 3489 tu
2664 3433 2777 3508 das)
2806 3453 2972 3490 escam
2995 3436 3202 3492 illorunt
3229 3438 3282 3492 in
3305 3448 3530 3511 tempore

1933 3536 2245 3600 opportuno.
2280 3528 2459 3601 Aperis
2485 3539 2539 3581 tu
2566 3545 2776 3581 manuni
2807 3539 2964 3595 tuam,
3000 3540 3048 3583 et
3093 3529 3276 3599 imples
3328 3547 3526 3585 ommm

1931 3625 2155 3678 animam
2180 3622 2513 3696 beneplacito.
2544 3623 2726 3678 Justus
2755 3621 3008 3677 Dominus
3056 3626 3108 3677 in
3148 3620 3384 3679 omnibus
3432 3625 3526 3680 viis

1931 3716 2037 3770 suis
2062 3731 2080 3770 :
2103 3724 2150 3769 et
2180 3725 2387 3769 sanctus
2426 3717 2479 3769 in
2535 3715 2766 3769 omnibus
2813 3713 3051 3785 Operibus
3079 3714 3205 3771 suis.
3244 3713 3415 3786 PrOpe
3455 3726 3528 3773 est

1932 3811 2185 3868 Dominus
2239 3815 2469 3869 omnibus
2493 3812 2658 3887 (Infra
2685 3814 2840 3871 abest
2892 3815 3151 3887 omnibus)
3178 3816 3529 3870 invocantibus

1931 3923 2067 3973 eum,
2094 3906 2329 3962 omnibus
2350 3908 2699 3962 invocantibus
2728 3924 2843 3962 eum
2873 3906 2924 3962 in
2953 3907 3174 3962 veritate.
3201 3905 3527 3962 Voluntatem

1932 4002 2215 4056 timentium
2236 4018 2289 4055 se
2305 4002 2431 4074 facit
2458 3999 2642 4077 (Infra,
2669 4001 2822 4073 faciet
2846 4002 2883 4071 ),
2932 4012 2976 4054 et
3024 4000 3307 4054 orationem
3355 4017 3528 4055 eorum

1931 4094 2186 4155 exaudiet,
2208 4101 2254 4146 et
2280 4093 2447 4146 salvos
2478 4093 2626 4165 faciet
2654 4110 2761 4149 eos.
2796 4091 3055 4147 Custodiet
3077 4092 3328 4147 Dominus
3354 4110 3541 4156 omnes_

1932 4185 2198 4255 diligentes
2223 4181 2406 4253 (Infra,
2426 4182 2645 4238 custodit
2668 4182 2806 4237 Deus
2829 4183 3117 4255 diligentes)
3135 4184 3322 4256 ipsum,
3352 4194 3398 4237 et
3420 4201 3528 4237 om-

1932 4292 2021 4331 nes
2052 4284 2343 4348 peccatores
2369 4275 2645 4350 disperdat.
2675 4276 3047 4332 Laudationem
3075 4275 3172 4331 Dei
3197 4274 3385 4350 (Infra,
3420 4275 3528 4330 Do-

1935 4370 2084 4440 mini)
2112 4369 2343 4440 loquetur
2371 4388 2425 4425 os
2452 4387 2616 4424 meum
2641 4412 2656 4435 ,
2690 4382 2734 4424 et
2775 4370 3035 4426 benedicat
3079 4370 3243 4423 omnis
3271 4386 3394 4424 caro
3434 4386 3527 4424 no-

245 4462 455 4519 licitatis
504 4478 616 4518 sum
673 4477 836 4518 cursu
886 4461 1028 4517 nulla
1068 4461 1311 4517 adversae
1350 4460 1670 4515 calamitatis
1713 4475 1829 4514 mo-
1855 4464 1907 4526 D
1936 4480 2048 4517 men
2076 4471 2308 4517 sanctum
2336 4464 2443 4530 ejus
2474 4463 2527 4517 in
2557 4463 2799 4519 sterulum
2830 4472 2874 4518 et
2904 4464 2956 4516 in
2987 4461 3230 4517 saeculum
3258 4461 3451 4539 sa’culi.

242 4555 388 4613 Iestia
429 4555 697 4627 impediri.
730 4556 956 4613 Beatum
1002 4555 1141 4611 hunc
1186 4554 1439 4627 populum
1484 4557 1569 4610 cui
1600 4553 1713 4609 haec
1740 4568 1826 4608 es-

245 4659 359 4705 sent
384 4640 640 4703 dixerunt
686 4666 699 4701 :
731 4646 828 4704 sed
863 4646 1131 4717 Propheta
1160 4647 1261 4701 scit
1292 4645 1479 4701 falsam
1521 4662 1643 4702 csse
1668 4645 1829 4717 hujus

248 4740 586 4811 beatitudinis
625 4741 958 4811 opinionem.
982 4738 1121 4808 Quid
1158 4738 1303 4793 enim
1333 4737 1448 4793 hinc
1500 4747 1577 4793 tot
1600 4749 1653 4793 et
1684 4748 1826 4793 tanta

247 4833 418 4891 saeculi
440 4832 578 4887 hona
600 4831 665 4887 ad
689 4832 877 4899 vitam,
901 4848 1021 4903 qua:
1051 4841 1226 4905 morte
1248 4830 1637 4904 intercipienda
1659 4840 1825 4901 esset,

249 4924 559 4997 acquirent?
586 4922 653 4978 Et
674 4923 798 4979 ideo
823 4924 911 4995 qui
939 4924 1166 4995 populus
1193 4923 1381 4979 beatus
1402 4934 1565 4988 esset,
1591 4923 1828 4979 ostendit

250 5019 438 5082 dicens,
463 5015 656 5073 Beatus
676 5017 899 5089 populus
919 5019 1071 5092 cujus
1095 5014 1346 5070 Dominus
1368 5015 1504 5070 Deus
1527 5018 1658 5089 ejus.
1686 5015 1827 5073 Deus

249 5110 332 5167 ille
360 5109 645 5177 Dominus,
678 5108 769 5181 qui
805 5123 925 5164 cum
954 5108 1232 5179 superiora
1264 5107 1381 5162 haec
1408 5114 1621 5163 terrena
1680 5125 1823 5180 prte-

318 5305 387 5389 fa)
423 5303 580 5389 Bad.,
622 5303 716 5359 Er.
741 5303 984 5389 ‘et'Lip‘s.
1027 5303 1373 5389 co'nditionem
1398 5318 1417 5358 :
1441 5304 1671 5388 quodet
1698 5320 1836 5389 prses

259 5374 376 5434 tulit
394 5385 660 5444 postrema
688 5374 855 5429 editio
900 5375 1025 5430 Par.
1076 5375 1392 5430 Retinemus
1415 5390 1538 5430 cum
1568 5374 1738 5447 prima
1782 5385 1839 5432 et

244 5444 348 5505 'ms.
378 5447 812 5515 conjunctionem,
852 5447 903 5500 id
944 5457 1049 5509 est,
1083 5446 1436 5513 societatem;
1467 5446 1545 5502 sic
1570 5444 1714 5501 enim
1744 5448 1839 5501 ha-

262 5520 400 5574 betur
442 5519 496 5571 in
527 5520 662 5586 psal.
696 5532 861 5580 uvn.
892 5532 946 5571 n.
977 5517 1046 5571 57
1077 5534 1090 5571 :
1116 5516 1374 5589 Mirabilis
1412 5534 1531 5589 ergo
1557 5519 1610 5571 in
1652 5519 1841 5573 sanctis

266 5590 385 5645 Deus
409 5599 505 5655 est,
537 5603 666 5660 quos
691 5604 808 5660 cum
830 5604 925 5642 con
935 5589 1122 5659 formes
1148 5588 1329 5660 glorite
1354 5588 1581 5658 corporis
1605 5590 1685 5644 sui
1709 5593 1843 5659 fece-

269 5661 343 5728 rit,
370 5676 456 5736 per
476 5676 530 5716 se
552 5658 643 5729 qui
670 5658 1050 5725 mediator’est,
1080 5658 1235 5719 etiam
1258 5659 1314 5716 in
1339 5661 1587 5716 unitatem
1616 5658 1842 5731 paterna

2361 4551 2775 4610 TRACTATUS
2829 4552 3094 4608 I’SALMI.

2011 4648 2060 4702 1.
2094 4643 2325 4702 Christus
2354 4646 2449 4701 hoc
2477 4648 2676 4720 psalmo
2709 4647 2914 4701 nomine
2952 4645 3118 4700 David
3162 4644 3423 4702 laudatur.
3456 4674 3528 4685 —-

1936 4741 2229 4798 Absolutus
2257 4751 2338 4797 est
2381 4742 2631 4797 Psalmus
2655 4785 2669 4808 ,
2706 4741 2798 4796 Dci
2841 4750 3045 4797 tantum
3076 4739 3323 4797 laudibus
3363 4756 3524 4798 occu-

1936 4844 2113 4906 patus.
2144 4835 2249 4891 Sed
2286 4844 2341 4890 ct
2372 4836 2555 4891 titulus
2597 4837 2711 4906 ipse
2742 4836 2910 4892 solam
2937 4836 3204 4892 contineri
3232 4836 3285 4913 in
3314 4836 3524 4907 psalmo

1936 4925 2369 4997 praedicationem
2395 4926 2485 4982 Dei
2508 4925 2717 4982 edocet.
2743 4925 2970 4999 Adjecto
2996 4935 3198 4995 autem,
3224 4926 3521 4985 secundum

1934 5015 2226 5086 grmcitatis
2253 5016 2721 5086 consuetudinem,
2751 5034 2893 5073 nunc
2919 5033 3131 5090 quoque
3163 5020 3293 5075 utin
3316 5020 3528 5079 ueteris

1936 5108 2056 5165 aliis
2092 5109 2410 5180 pronomine
2437 5152 2451 5177 ,
2482 5111 2721 5167 ostendit
2751 5111 2898 5167 illum
2933 5112 3100 5169 David
3144 5114 3249 5170 isto
3279 5100 3531 5173 laudante

1945 5310 2227 5387 maiestatis
2266 5320 2493 5365 assumet
2517 5329 2536 5367 :
2564 5312 2684 5367 dum
2712 5323 2777 5387 et
2813 5314 2866 5369 in
2911 5332 2968 5371 eo
2995 5332 3084 5387 per
3111 5327 3346 5373 naturam
3377 5318 3536 5376 Pater

1946 5391 2126 5454 est,“
2156 5383 2245 5438 ille
2268 5397 2474 5436 rursum
2496 5400 2585 5454 per
2612 5386 2905 5441 societatem
2930 5383 3098 5441 carnis
3124 5391 3175 5442 in
3198 5388 3340 5442 nobis
3366 5400 3459 5450 est,

2025 5453 2102 5525 (ὁ)
2144 5455 2438 5527 ξίηευιτιιξὶε
2492 5453 2574 5510 est
2613 5456 2729 5511 haec
2776 5459 3013 5512 ciauSnIa
3060 5473 3157 5527 per
3190 5457 3530 5527 dosologiam

1955 5523 2117 5579 totius
2149 5523 2449 5590 ‘I’tiuitatis,
2498 5541 2617 5581 cum
2666 5528 2849 5583 caeteri
2895 5523 3151 5585 tractatus
3197 5526 3365 5581 solius
3393 5523 3537 5587 'lt‘iliI

1948 5594 2325 5653 benedictione
2349 5595 2526 5654 claudi
2557 5598 2782 5655 soleant.
