3984 6208
461 188 570 245 855

1681 181 1927 242 SANCTI
1953 182 2211 243 HILARII
2249 181 2551 241 EPISCOPI

3679 180 3784 238 856

464 304 693 362 laudari.
726 305 796 362 Et
837 305 960 377 quis
987 304 1076 360 llic
1113 303 1222 368 sit,
1255 316 1412 374 quem
1456 302 1694 374 psalmus
1720 303 1808 360 hic
1837 303 2059 372 laudet,
2089 306 2138 368 Α
2169 304 2328 360 Patre
2355 303 2563 359 laudari
2599 320 2613 360 :
2641 309 2696 358 et
2731 317 2854 357 cum
2877 317 2942 358 ex
2973 301 3293 358 substantias
3316 299 3699 357 similitudine
3723 315 3785 357 ac

466 401 708 458 clamant
735 400 973 456 omnium
1002 408 1305 468 temporum
1335 412 1522 454 omnes
1548 399 1867 468 prophetiae,
1887 406 1946 454 ut
1971 399 2058 454 hic

474 495 590 565 ipse
614 493 884 561 Propheta
915 506 1060 562 saepe
1089 491 1157 547 de
1183 506 1249 548 eo
1275 491 1346 546 ita
1376 501 1712 548 contestatus
1737 500 1823 546 est
1853 509 1865 544 :
1896 491 2058 546 Sedes

2165 401 2497 471 proprietate
2523 407 2732 454 natura:
2759 398 2896 453 alter
2925 398 2978 452 in
3005 397 3177 453 altero
3207 398 3298 463 sit,
3331 406 3390 453 et
3418 396 3596 453 ambo
3617 412 3788 452 unum

2161 495 2288 562 sint,
2317 502 2374 551 et
2416 495 2506 565 qui
2536 493 2673 548 vidit
2703 493 2939 559 Patrem,
2971 491 3154 548 videat
3177 500 3230 547 et
3260 490 3486 557 Filium,
3523 490 3784 564 (subaud.

473 598 560 641 tua
597 585 737 639 Deus
781 586 836 638 in
877 585 1123 639 steculam
1160 584 1376 649 sceculi,
1406 586 1550 655 virga
1575 585 1829 655 quitatis
1853 625 1867 650 ,
1895 583 2055 656 621
2163 589 2476 644 meminisse
2513 585 2796 658 debemus)
2841 601 2947 640 non
2997 584 3220 640 differre
3267 584 3389 654 quis
3435 599 3510 640 ex
3564 583 3788 639 duobus

467 681 611 749 virga
631 677 776 747 regni
790 677 882 730 tui.
901 675 1143 730 Dilexisti
1161 677 1444 744 justitiam,
1468 685 1514 731 et
1531 677 1684 730 odisti
1709 676 2059 746 iniquitatem;

471 779 737 844 prapterea
763 770 910 824 unxit
930 779 996 835 te,
1024 767 1180 832 Deus,
1199 765 1341 823 Deus
1363 768 1650 839 tuus(Psal.
1680 783 1824 834 xuv,
1849 769 1881 822 7
1903 810 1916 832 ,
1976 767 2056 838 8).

467 864 538 918 Et
579 875 790 917 rursum
821 877 835 914 :
866 860 936 914 Et
967 861 1254 915 adorabunt
1275 876 1389 916 eum
1425 876 1598 945 qmnes
1617 876 1779 932 rcges,
1819 871 1866 914 et
1891 875 2065 915 omnes

468 964 640 1027 gentes
659 955 875 1009 servient
891 955 956 1008 ei.
976 953 1089 1008 Erit
1106 971 1287 1009 nomen
1303 954 1419 1021 eius
1437 955 1752 1009 benedictum
1773 955 1827 1008 in
1847 954 2060 1022 saecula,

469 1055 587 1100 ante
608 1047 766 1101 solem
792 1055 1053 1118 permanet
1081 1063 1261 1100 nomen
1285 1050 1422 1120 ejus.
1451 1045 1516 1100 Et
1542 1047 1899 1101 benedicentur
1925 1047 1978 1100 in
2006 1063 2065 1101 eo

473 1156 646 1195 omnes
684 1139 843 1194 tribus
875 1150 1024 1194 teme
1051 1181 1066 1205 ,
1101 1157 1274 1196 omnes
1301 1151 1472 1211 gentes
1503 1140 1903 1212 magniﬁcabunt
1950 1156 2066 1195 eum

473 1235 594 1307 (Ps.
656 1251 799 1300 ωλι,
844 1237 902 1290 ll
938 1278 952 1300 ,
986 1235 1096 1308 l7).
1128 1235 1296 1306 Hujus
1328 1237 1490 1304 igitur
1530 1236 1645 1290 laus
1670 1245 1916 1290 cantatur
1965 1236 2066 1289 hoc

476 1329 704 1400 psalmo,
735 1345 800 1384 ex
841 1329 994 1404 cujus
1030 1343 1260 1400 persona
1302 1329 1508 1384 dictum
1559 1329 1928 1394 meminimus,
1957 1326 2067 1398 Ego

469 1433 639 1477 autem
687 1425 995 1477 constitutus
1039 1439 1152 1476 sum
1180 1438 1271 1476 rea:
1291 1422 1352 1474 ab
1384 1438 1442 1476 eo
1469 1439 1622 1492 super
1655 1421 1798 1477 -Sion
1845 1429 2070 1475 montem

471 1523 703 1569 sanctum
723 1515 850 1581 eius.
869 1513 1120 1568 Dominus
1145 1513 1275 1567 dixit
1299 1513 1368 1565 ad
1395 1527 1495 1580 me,
1519 1510 1690 1566 Filius
1719 1527 1861 1565 meus
1913 1528 1964 1566 es
1991 1520 2068 1578 tu,

476 1623 571 1678 ego
600 1605 753 1660 hodie
777 1610 934 1678 genui
957 1615 1024 1661 te.
1053 1606 1212 1660 Posce
1236 1623 1269 1660 a
1292 1621 1391 1669 me,
1419 1613 1467 1658 et
1497 1603 1630 1658 dabo
1657 1603 1745 1658 tibi
1768 1613 1942 1674 gentes
1966 1603 2072 1658 Ita:-

2164 680 2374 735 laudari
2404 679 2788 744 existimetur;
2836 693 2956 733 cum
2986 687 3274 747 utrumque
3314 676 3415 730 sibi
3462 675 3714 731 invicem
3738 686 3790 730 et

2164 773 2382 827 virtutis
2412 782 2574 840 atque
2600 786 2823 840 Operum
2846 769 3162 833 similitudo,
3195 767 3648 829 etindill‘erentis
3697 782 3792 821 na-

2167 874 2302 920 turae
2322 879 2387 920 ex
2407 865 2571 936 622
2598 865 2754 919 Patre
2778 863 2890 919 Deo
2915 863 3096 934 genita
3126 871 3180 918 et
3211 861 3348 917 Filio
3382 862 3499 916 Deo
3529 871 3667 917 nata
3708 860 3795 917 di-

2169 959 2366 1015 vinitas
2392 973 2556 1014 unum
2587 972 2686 1014 eos
2709 973 2831 1014 esse
2855 965 3102 1012 testetur.

2239 1053 2294 1106 Δ.
2333 1049 2400 1106 In
2435 1067 2520 1106 eos
2561 1052 2647 1116 qui
2697 1049 2795 1105 Dei
2824 1049 3197 1120 providentiam
3242 1057 3331 1103 aut
3374 1048 3572 1102 anima:
3605 1056 3798 1118 negant

2167 1143 2628 1197 immortalitatem.
2681 1171 2752 1181 --
2803 1141 3029 1211 (Scriptus
3070 1155 3199 1210 ergo
3251 1140 3321 1194 ita
3374 1138 3636 1210 psalmus
3689 1147 3794 1204 est,

2173 1233 2338 1289 Vens.
2374 1235 2398 1288 1
2429 1241 2486 1289 et
2509 1233 2545 1286 2
2585 1252 2598 1289 :
2649 1231 2905 1286 Exaltabo
2933 1242 2981 1287 te
3005 1231 3143 1286 Deus
3172 1248 3311 1284 meus
3336 1239 3385 1285 et
3413 1247 3509 1284 rea:
3541 1246 3720 1295 meus,
3753 1239 3798 1283 et

2173 1325 2469 1380 benedicam
2505 1341 2687 1379 nomen
2717 1334 2863 1378 tuum
2892 1326 2946 1378 in
2973 1325 3218 1378 saeculum
3249 1334 3294 1377 et
3325 1324 3378 1378 in
3409 1322 3673 1377 steculum
3703 1337 3799 1376 sa:-

2173 1418 2295 1473 culi.
2324 1416 2430 1472 Per
2457 1417 2689 1489 singulos
2716 1417 2825 1472 dies
2856 1417 3147 1470 benedicam
3166 1425 3232 1482 te,
3261 1423 3310 1470 et
3340 1414 3578 1470 laudabo
3605 1431 3798 1469 nomen

2177 1521 2321 1566 tuum
2347 1511 2401 1565 in
2420 1513 2666 1566 swculum
2695 1518 2740 1565 et
2769 1511 2822 1564 in
2849 1511 3094 1565 steculum
3123 1509 3318 1565 saeculi.
3350 1508 3515 1563 Ratio
3541 1517 3604 1564 et
3625 1509 3802 1564 virtus

2177 1605 2508 1679 prophetica:
2562 1604 3037 1674 magniloquentia:
3091 1619 3186 1674 per
3224 1605 3492 1658 intentam
3529 1603 3800 1658 audiendi

478 1698 748 1752 reditatem
792 1707 954 1764 tuam,
999 1707 1046 1752 et
1073 1698 1439 1770 possessionem
1469 1706 1611 1750 tuam
1643 1696 1885 1750 terminos
1907 1705 2072 1750 terrm.
2106 1705 2154 1764 Β
2181 1696 2512 1768 diligentiam
2543 1695 2816 1751 noscenda
2845 1705 2948 1751 est.
2972 1695 3064 1752 Ait
3087 1697 3230 1750 enim
3259 1694 3557 1750 :Exaltabo
3585 1707 3641 1749 te
3664 1693 3802 1747 Deus

475 1788 640 1860 Reges
669 1806 753 1844 eos
789 1791 842 1843 in
872 1790 1014 1861 uirga
1042 1790 1211 1860 ferrea
1253 1788 1370 1861 (Ps.
1426 1804 1485 1855 tt,
1512 1788 1546 1843 6
1589 1797 1636 1842 et
1686 1788 1878 1858 seqq.).
1907 1787 2075 1858 Cujus

473 1882 623 1951 regni
648 1879 1040 1950 perennitatem
1065 1881 1251 1936 Daniel
1275 1881 1344 1934 ita
1367 1887 1702 1936 contestatus
1723 1888 1831 1945 est,
1854 1879 2071 1934 dicens:

476 1971 549 2027 Et
569 1974 620 2026 in
643 1972 820 2028 diebus
838 1990 1049 2046 regnum
1069 1973 1276 2028 illorum
1296 1972 1535 2028 excitabit
1556 1971 1698 2027 Deus
1722 1972 1834 2027 caeli
1862 1989 2076 2046 regnum

474 2065 641 2131 aliud,
656 2065 791 2140 quod
812 2081 1093 2137 numquam
1120 2075 1476 2136 corrumpetur
1503 2082 1662 2136 usque
1688 2067 1741 2119 in
1761 2067 1972 2131 stecula,
1997 2083 2078 2120 re-

475 2177 733 2231 gnumque
759 2162 871 2230 ejus
896 2161 1047 2214 alteri
1061 2165 1368 2230 population
1393 2161 1708 2228 relinquetur
1731 2176 1748 2214 :
1772 2163 2080 2215 comminuet

478 2261 526 2306 et
546 2253 805 2306 ventilabit
827 2253 997 2306 omnia
1017 2268 1198 2322 regna,
1222 2251 1380 2306 ethoc
1397 2268 1607 2325 regnum
1621 2253 2077 2326 (subaud.,stabit)

477 2344 531 2398 in
551 2353 795 2398 wternum
811 2341 1162 2414 (Dan.tt,M).
1179 2342 1245 2397 Et
1259 2359 1470 2398 rursum
1489 2359 1504 2396 :
1523 2341 1590 2397 Et
1603 2359 1718 2399 ecce
1737 2361 1850 2399 cum
1863 2345 2080 2400 nubibus

482 2440 614 2505 cwli,
646 2440 779 2495 sicut
807 2440 947 2510 ﬁlius
974 2439 1194 2494 hominis
1220 2439 1448 2507 veniens,
1480 2450 1526 2494 et
1554 2457 1716 2510 usque
1741 2441 1810 2495 ad
1829 2452 2080 2496 vetustum

481 2535 680 2587 dierum
709 2534 957 2605 peruenit,
990 2540 1037 2588 et
1064 2532 1268 2588 oblatus
1300 2541 1375 2588 est
1403 2533 1470 2596 ei,
1502 2542 1550 2586 et
1586 2533 1737 2586 datus
1768 2542 1839 2587 est
1867 2534 1914 2586 ei
1940 2535 2084 2606 prin—

482 2627 681 2696 cipatus
705 2634 750 2679 et
775 2626 938 2678 honor
960 2634 1008 2680 et
1035 2641 1245 2697 regnum
1273 2641 1291 2679 :
1319 2635 1368 2680 et
1397 2641 1573 2680 omnes
1614 2627 1820 2698 populi,
1847 2627 2010 2682 tribus
2037 2640 2084 2685 et

483 2719 676 2789 lingua:
693 2717 909 2771 servient
927 2718 992 2782 ei,
1018 2728 1064 2770 et
1092 2727 1313 2786 potestas
1326 2719 1437 2788 ejus
1458 2729 1683 2790 potestas
1706 2730 1951 2791 perpetua
1968 2738 2084 2792 qua:

482 2825 759 2880 numquam
784 2809 1058 2875 transibit,
1090 2819 1138 2862 et
1167 2826 1380 2879 regnum
1422 2813 1533 2882 ejus
1571 2828 1672 2865 non
1727 2823 2085 2884 corrumpetur

486 2899 650 2975 (Dan.
683 2917 778 2969 vn,
811 2901 898 2968 l5,
935 2899 1045 2972 14).
1082 2900 1178 2956 Hic
1200 2901 1363 2970 igitur
1391 2917 1487 2957 rex
1529 2904 1776 2959 laudatur
1822 2921 1918 2974 per
1959 2908 2081 2977 ista,

486 3011 608 3066 quas
626 2994 833 3065 psalmo
859 2995 1205 3051 continentur
1225 3012 1238 3048 ε
1258 2993 1513 3050 Exaltabo
1537 3006 1585 3049 te
1597 2995 1740 3050 Deus
1765 3014 1908 3054 meus
1925 3011 1972 3053 et
1993 3017 2085 3055 rea:

2180 1805 2321 1842 metu
2349 1799 2394 1841 et
2423 1804 2517 1841 rex
2542 1803 2702 1842 meus.
2743 1787 2893 1842 Multi
2930 1787 3093 1842 Deum
3126 1802 3222 1858 per
3247 1802 3331 1852 ea,
3361 1802 3482 1856 quae
3517 1785 3578 1840 in
3610 1786 3804 1856 operi-

2178 1879 2280 1934 bus
2307 1878 2490 1934 mundi
2543 1879 2612 1934 ab
2661 1893 2729 1933 eo
2785 1879 3016 1934 instituti
3073 1879 3366 1950 cognitioni
3408 1885 3624 1933 nostra:
3677 1886 3805 1932 sunt

2180 1971 2442 2042 subjecta,
2502 1969 2849 2042 magniﬁcam.
2897 1987 2912 2026 :
2963 1971 3058 2027 sed
3100 1970 3253 2041 pauci
3285 1979 3432 2036 sunt,
3461 1971 3560 2040 qui
3612 1983 3804 2040 regem
3867 1969 3870 1972 ’

2180 2064 2281 2120 sibi
2335 2064 2572 2119 futurum
2610 2064 2778 2120 velint
2831 2063 3074 2130 credere,
3125 2063 3255 2118 dum
3297 2070 3391 2117 aut
3442 2075 3640 2117 curant
3709 2077 3804 2116 ne-

2180 2165 2309 2227 gant
2340 2155 2416 2227 (a)
2448 2156 2808 2212 humanorum
2839 2170 3064 2228 operum
3097 2155 3208 2210 Deo
3247 2168 3391 2220 esse,
3425 2162 3522 2208 aut
3552 2153 3624 2209 ad
3665 2167 3804 2209 con-

2183 2253 2466 2309 solandam
2488 2268 2676 2308 eorum
2714 2267 2835 2324 qua:
2887 2252 3051 2322 impie
3097 2260 3323 2322 egerunt
3370 2250 3802 2314 conscientiam,

2184 2354 2511 2414 prmsumpta
2533 2345 2729 2399 anima:
2757 2352 2812 2399 et
2838 2345 3082 2414 corporis
3121 2341 3417 2398 abolitione
3435 2383 3450 2406 ,
3490 2342 3696 2396 nolunt
3723 2341 3807 2397 di-

2185 2445 2365 2498 vinum
2399 2441 2454 2497 in
2485 2442 2658 2499 bonos
2687 2453 2742 2497 et
2763 2441 2934 2496 malos
2959 2440 3312 2498 constitutum
3341 2451 3465 2494 esse.
3499 2437 3798 2510 judicium.

2187 2535 2294 2594 Sed
2336 2535 2599 2607 propheta
2642 2535 2769 2591 hinc
2797 2533 3127 2606 praedicandi
3167 2535 3262 2590 Dei
3289 2533 3454 2590 sumit
3479 2531 3800 2600 exordium,

2188 2627 2330 2700 quod
2358 2627 2459 2684 sibi
2487 2643 2581 2682 rex
2611 2627 2700 2682 sit.
2733 2627 2839 2684 Sed
2867 2637 2921 2683 et
2951 2641 3094 2682 nunc
3121 2627 3338 2697 quidem
3396 2638 3598 2681 nomen
3648 2623 3798 2694 ejus,

2188 2720 2278 2790 qui
2310 2718 2412 2774 sibi
2439 2734 2530 2774 rex
2560 2728 2720 2790 atque
2762 2721 2900 2775 Deus
2931 2720 3022 2786 sit,
3047 2719 3117 2774 ob
3137 2718 3602 2788 expectationem
3634 2716 3795 2787 regni

2188 2811 2479 2879 benedicit,
2501 2827 2623 2867 cum
2667 2814 2744 2867 ait
2782 2831 2793 2865 :
2822 2811 3131 2868 Benedicam
3155 2828 3336 2866 nomen
3367 2821 3512 2865 tuum
3541 2812 3596 2863 in
3623 2825 3799 2864 siccu-

2188 2902 2316 2956 lum.
2351 2903 2456 2959 Sed
2501 2903 2625 2973 quia
2655 2904 2757 2959 scit
2785 2919 2844 2960 se
2885 2905 3111 2974 gratiam
3165 2904 3277 2959 Deo
3304 2913 3466 2973 atque
3513 2906 3629 2972 regi
3668 2916 3799 2970 suo,

2187 2996 2350 3052 etiam
2382 3005 2491 3052 tum
2522 3011 2646 3052 cum
2688 2999 2739 3052 in
2777 3012 2943 3068 regno
2985 2997 3103 3068 ejus
3131 3007 3368 3062 maneat,
3399 2997 3634 3061 debere;
3666 2997 3799 3067 quia

485 3105 658 3143 meus:
679 3099 730 3143 et
749 3102 842 3158 per
861 3087 1010 3152 illud,
1036 3087 1221 3142 Sancti
1235 3089 1309 3141 tui
1329 3089 1714 3159 conﬁtebuntur
1731 3091 1841 3155 tibi,
1863 3093 2083 3164 gloriam
2108 3088 2156 3152 C
2187 3087 2460 3144 detnutata
2496 3089 2686 3145 caduci
2714 3089 2958 3160 corporis
2985 3091 3064 3145 sui
3092 3089 3422 3158 infirmitate,
3453 3089 3799 3160 depulsoque

486 3179 630 3252 regni
653 3180 726 3232 tui
752 3179 941 3242 dicent,
969 3189 1017 3234 et
1036 3180 1312 3252 potentiam
1331 3190 1470 3234 tuam
1489 3181 1978 3253 loquentur.Notam
2004 3185 2086 3256 fa-

488 3273 623 3327 ciant
641 3271 764 3342 ﬁliis
788 3271 1052 3326 hominum
1076 3273 1353 3340 potentiam
1378 3282 1540 3340 tuam,
1569 3284 1619 3329 et
1642 3275 1864 3347 gloriam
1887 3278 2087 3348 magni-

489 3366 708 3435 ﬁcentiw
734 3365 877 3436 regni
896 3365 994 3418 tui.
1019 3365 1254 3436 Regnum
1270 3375 1412 3420 tuum
1430 3383 1644 3438 regnum
1673 3370 1903 3423 onmium
1925 3386 2087 3426 sarcu-

489 3458 657 3512 lorum
682 3499 696 3523 ,
728 3467 775 3512 et
808 3457 1092 3512 dominatio
1122 3468 1210 3512 tua
1249 3459 1302 3511 in
1330 3461 1470 3513 omni
1512 3461 1840 3531 generatione
1883 3473 1932 3517 et
1964 3479 2087 3533 pro-

487 3552 653 3622 genie.

559 3645 615 3698 2.
645 3645 744 3698 Dei
765 3645 834 3698 ad
852 3645 1241 3700 admirationem
1265 3645 1745 3702 instituimur.—Et
1762 3664 2085 3719 quamquam

489 3738 578 3793 hic
606 3737 676 3792 ob
706 3739 896 3792 aeterni
925 3740 1074 3808 regni
1101 3738 1350 3807 gloriam,
1380 3755 1488 3811 qua
1515 3743 1716 3796 sanctis
1744 3758 2086 3814 conregnan-

487 3832 632 3886 tibus
659 3832 774 3898 ipse
814 3831 1078 3899 regnabit,
1117 3832 1236 3885 laus
1269 3832 1378 3885 Deo
1427 3833 1707 3902 prophetas
1743 3836 2087 3894 confessione

488 3930 766 3987 cantetur;
803 3930 981 3977 tamen
1007 3921 1078 3977 ita
1115 3923 1440 3979 laudationis
1472 3926 1643 3995 ipsius
1670 3929 1810 3982 ratio
1855 3939 1908 3985 et
1950 3933 2085 3988 ordo

487 4015 781 4085 dispositus
807 4023 910 4080 est,
945 4023 1108 4080 utea,
1141 4031 1260 4086 qua:
1289 4017 1355 4072 de
1375 4033 1442 4072 eo
1471 4019 1612 4074 dicta
1644 4030 1790 4088 sunt,
1825 4037 1889 4077 ex
1923 4037 2084 4077 sensu

487 4107 792 4163 communis
818 4107 1193 4178 intelligentiae
1223 4109 1586 4178 praedicentur
1617 4129 1630 4167 :
1665 4120 1722 4167 ut
1751 4113 1802 4168 in
1826 4122 2083 4184 quantum

487 4201 708 4256 humani
739 4201 1006 4255 sermonis
1037 4202 1372 4257 consuetudo
1401 4205 1686 4272 permittit,
1716 4205 1785 4262 de
1821 4205 2084 4263 immensa

483 4294 572 4348 illa
603 4302 659 4349 et
702 4293 1234 4364 incomprehensibili
1283 4295 1376 4351 Dei
1423 4304 1635 4365 natura,
1687 4299 1814 4355 licet
1865 4316 1970 4355 non
2017 4302 2084 4357 ad

485 4385 778 4455 perfectam
811 4385 1134 4457 cognitionis
1169 4387 1473 4451 veritatem,
1507 4397 1685 4444 tamen
1737 4390 1803 4444 ad
1849 4385 2084 4445 admira-

2191 3181 2426 3237 initnicm
2474 3185 2663 3236 mortis
2689 3183 2939 3252 imperio,
2973 3182 3084 3252 regi
3111 3196 3210 3237 suo
3241 3180 3536 3237 conformis
3566 3190 3623 3237 et
3643 3195 3796 3236 coae-

2193 3284 2376 3330 ternus
2399 3275 2620 3331 adsistat
2655 3294 2669 3331 :
2698 3275 2916 3346 adjecit,
2946 3286 2993 3330 et
3020 3277 3074 3330 in
3095 3275 3334 3330 sa’culum
3365 3274 3565 3340 steculi,
3598 3273 3652 3328 id
3681 3283 3795 3341 est,

2190 3370 2246 3424 in
2269 3369 2359 3424 illo
2395 3369 2616 3438 saeculo,
2664 3384 2791 3439 quo,
2851 3369 3035 3424 habitu
3065 3367 3250 3424 sccculi
3294 3366 3452 3436 hujus
3503 3376 3784 3437 exempto,

2193 3461 2269 3534 (b)
2291 3462 2402 3531 jam
2462 3469 2520 3516 ut
2549 3463 2802 3517 sacculum
2829 3461 3012 3517 steculi
3041 3502 3054 3526 ,
3100 3460 3415 3516 mternitatis
3437 3461 3789 3516 successione

2209 3555 2577 3611 renovabitur.

2262 3647 2317 3702 5.
2357 3647 2736 3702 Benedictionis
2756 3657 2803 3702 et
2830 3647 2999 3702 laudis
3019 3647 3316 3701 discrimen.
3350 3643 3638 3715 Utrumque
3659 3659 3791 3700 sem-

2191 3758 2280 3813 per
2307 3741 2548 3796 debemus
2583 3741 2707 3796 Deo.
2741 3772 2811 3783 —
2843 3743 2908 3797 Et
2937 3741 2991 3795 in
3031 3740 3134 3796 hoc
3157 3739 3372 3810 quidem
3405 3739 3610 3793 smculo
3643 3738 3792 3809 quis-

2188 3848 2293 3901 que
2316 3833 2642 3888 benedicens
2675 3834 2841 3888 Deum
2875 3841 3051 3903 potest
3073 3848 3180 3888 non
3199 3845 3416 3901 semper
3443 3831 3497 3884 in
3529 3829 3788 3886 benedic-

2192 3925 2352 3978 tionis
2369 3924 2430 3977 of
2433 3924 2550 3978 licio
2575 3940 2919 3994 permanere,
2943 3925 3070 3980 dum
3100 3924 3172 3998 (c)
3193 3935 3285 3979 aut
3305 3925 3451 3978 luctu
3474 3923 3784 3992 impeditur,

2189 4029 2282 4070 aut
2309 4026 2454 4072 metu
2471 4027 2786 4088 occupatur,
2806 4029 2900 4073 aut
2921 4018 3238 4090 aegritudine
3265 4018 3460 4072 anxius
3483 4017 3783 4084 detinetur;

2189 4118 2243 4162 et
2277 4118 2368 4164 aut
2411 4117 2754 4178 torpescente
2778 4111 2981 4178 animo,
3033 4121 3121 4164 aut
3173 4111 3401 4179 ingrato,
3437 4110 3490 4163 in
3535 4109 3786 4164 benedic-

2189 4201 2426 4257 tionibus
2450 4201 2543 4257 Dei
2561 4213 2740 4258 mutus
2760 4215 2862 4258 est.
2893 4203 2998 4260 Sed
3029 4202 3282 4272 perfectio
3306 4201 3641 4273 pr0pltetalis
3667 4201 3783 4255 fidei

2187 4294 2255 4348 ab
2284 4295 2437 4350 istius
2453 4294 2598 4350 modi
2619 4295 2992 4350 intlrmitatum
3013 4293 3472 4350 demutationibus
3494 4293 3665 4348 libera
3683 4301 3782 4360 est,

2189 4383 2394 4452 dicens,
2438 4384 2546 4440 Per
2572 4388 2802 4455 singulos
2849 4387 2962 4442 dies
2991 4387 3290 4442 benedicam
3336 4395 3403 4440 te.
3447 4384 3666 4441 Nullum
3694 4400 3782 4439 va-

483 4477 687 4532 tionem
717 4492 816 4532 nos
847 4477 1078 4547 iungentis
1105 4477 1270 4542 illius,
1302 4494 1421 4548 qua;
1451 4479 1568 4548 ejus
1609 4488 1712 4547 est,
1745 4481 1958 4536 virtutis
2000 4482 2083 4536 in-
2108 4480 2159 4539 D
2186 4493 2345 4532 eumn
2391 4478 2551 4532 habet
2579 4489 2814 4550 tempus,
2843 4490 2897 4536 et
2921 4480 3039 4536 dies
3063 4481 3113 4535 ei
3146 4479 3288 4534 nulla
3314 4490 3398 4536 est
3434 4481 3630 4545 otiosa,
3656 4479 3779 4550 quin

485 4571 693 4625 stituat.
737 4569 1036 4624 Possumus
1068 4570 1230 4624 .enim
1272 4586 1395 4625 eum
1447 4573 1682 4627 maxime
1713 4581 1972 4643 quantum
2024 4575 2077 4629 in

485 4661 642 4716 nobis
664 4669 750 4716 est
775 4661 1030 4716 admirari
1065 4662 1355 4734 :cognosci
1384 4673 1564 4718 autem
1605 4678 1634 4717 a
1666 4664 1818 4720 nobis
1844 4674 2078 4737 quantus

480 4754 601 4824 ipse
628 4762 713 4808 est
739 4768 844 4808 non
875 4763 1075 4824 potest.

549 4847 603 4901 5.
649 4843 826 4900 Patris
849 4855 940 4899 aut
966 4843 1095 4899 Filii
1135 4845 1250 4899 laus
1281 4854 1354 4900 est
1393 4854 1591 4900 mutua.
1628 4876 1701 4888 —
1728 4845 1926 4903 Verum
1953 4863 2075 4903 cum

476 4939 531 4992 ln
554 4938 700 4992 omni
731 4938 937 5007 psalmo
959 4937 1189 5008 simplex
1222 4937 1316 4992 Dei
1340 4947 1397 4994 et
1419 4937 1668 4994 absoluta
1689 4939 1926 4996 laudatio
1955 4950 2071 5007 est;

474 5029 788 5084 meminisse
833 5029 1096 5084 debemus
1143 5029 1360 5085 Patrem
1391 5031 1445 5086 in
1475 5029 1634 5098 Filio,
1664 5041 1720 5088 et
1769 5032 1964 5088 Filium
2015 5033 2070 5087 in

547 5187 626 5259 (a)
666 5188 741 5243 lta
774 5187 998 5259 aﬂ'ectus
1018 5187 1232 5245 videtur
1248 5190 1486 5259 ‘l‘ullius,
1516 5202 1573 5248 ut
1605 5193 1707 5249 hoc
1729 5207 1915 5248 verum
1942 5207 2066 5248 esse

475 5258 764 5333 voluisset;
790 5274 910 5312 cum
938 5258 1005 5313 de
1029 5259 1281 5318 Stratone
1307 5258 1639 5333 praemittens
1676 5264 1750 5319 lib
1785 5280 1836 5318 tv
1870 5273 2062 5331 quaest.

471 5330 642 5408 Acad.
669 5352 685 5408 ;_
711 5329 746 5408 ¹Ι
754 5347 842 5400 pse
869 5338 1037 5408 autem
1052 5333 1284 5408 singulas
1308 5329 1504 5408 'mundi
1538 5347 1706 5408 partes
1741 5329 2063 5406 persequens,

2181 4585 2399 4641 semper
2442 4571 2495 4626 in
2527 4572 2958 4629 benedictionum
2989 4572 3334 4630 confessione
3361 4584 3630 4629 versetur.
3681 4573 3783 4628 Ac-

2183 4666 2312 4720 cidit
2341 4675 2521 4722 autem
2545 4667 2878 4738 frequenter,
2903 4679 2960 4724 ut
2993 4669 3063 4724 de
3095 4670 3290 4739 quibus
3317 4669 3456 4725 bene
3486 4669 3634 4742 loqui
3660 4685 3784 4743 pos-

2186 4757 2381 4822 simus,
2417 4758 2639 4815 laudare
2663 4775 2759 4816 eos
2792 4777 2897 4816 non
2922 4762 3212 4831 possimus.
3243 4761 3529 4819 Abstinere
3557 4779 3585 4818 a
3616 4765 3779 4832 malo,

2184 4847 2564 4904 benedictione
2594 4850 2814 4922 dignum
2836 4861 2935 4907 est.
2963 4851 3071 4908 Sed
3101 4853 3278 4908 solum
3317 4853 3516 4908 malum
3547 4869 3657 4910 non
3695 4855 3783 4910 ad-

2183 4941 2420 5005 mittere,
2454 4956 2560 4996 non
2602 4941 2764 4998 habet
2804 4943 3039 5010 laudem,
3087 4943 3192 4999 nisi
3236 4944 3362 4999 mali
3398 4945 3780 5002 abstinentiam

2179 5031 2343 5088 etiam
2376 5033 2547 5105 gloria
2581 5034 2706 5091 boni
2737 5036 2917 5106 operis
2946 5048 3328 5108 consequatur.
3363 5038 3428 5094 Et
3457 5037 3780 5095 beneficium

2175 5191 2268 5247 Dei
2312 5196 2646 5268 providentia
2679 5197 3078 5268 incertus,quid
3095 5201 3298 5257 sentire
3339 5202 3502 5259 debet
3528 5202 3778 5260 christia-

2173 5267 2412 5340 nus,jct_ti
2441 5278 2589 5340 certe
2620 5277 2832 5340 constat
2852 5267 3099 5340 oppesita
3130 5277 3396 5328 sententia
3421 5274 3444 5328 l

2255 5336 2327 5411 (b)
2365 5337 2421 5392 In
2451 5339 2830 5414 vulgatis,__iant
2865 5336 3223 5414 in'steculum.
3277 5345 3497 5400 Rectius
3543 5345 3597 5400 in
3642 5361 3772 5414 ms.,

2162 5409 2279 5485 jam
2301 5419 2352 5485 ut
2373 5409 2634 5485 steculuni.
2677 5409 2766 5463 Sic
2788 5410 2840 5465 in
2883 5413 3015 5478 psal.
3045 5427 3238 5475 cxvut,
3290 5431 3344 5468 n.
3393 5415 3424 5469 7
3468 5433 3482 5469 :
3528 5418 3614 5470 Ait
3637 5409 3780 5471 enim

2170 5479 2415 5539 stecnlunt
2437 5479 2632 5556 stac-ali,
2661 5486 3189 5556 tamquam‘temporis
3225 5496 3449 5556 tempus,
3487 5489 3625 5553 quod
3653 5505 3768 5542 suc-

2168 5557 2374 5610 cedente
2398 5549 2618 5617 quadam
2657 5549 3006 5608 vicissitudine
3040 5549 3194 5624 hujus
3221 5549 3398 5611 steculi
3434 5549 3677 5613 naculum
3704 5560 3770 5613 sit

2354 5638 2400 5673 m
2408 5660 2421 5673 .

2170 5631 2421 5698 futurum.

2245 5693 2318 5768 (c)
2361 5692 2415 5748 lu
2445 5706 2546 5748 ms.
2575 5703 2664 5749 aut
2693 5697 2804 5752 loco
2835 5696 3128 5769 impeditur.

470 5401 721 5475 quidquid
748 5410 836 5454 aut
863 5401 948 5476 sit,
965 5412 1067 5476 aut
1097 5401 1205 5471 ﬁat,
1243 5401 1564 5460 naturalibus
1595 5407 1710 5476 ﬁeri
1736 5401 1845 5476 aut,
1874 5401 2066 5474 factum

471 5473 580 5528 esse
602 5475 742 5526 docet
761 5473 1065 5544 ponderibus
1089 5483 1137 5528 et
1179 5476 1437 5540 motibus;
1473 5473 1668 5532 exinde
1711 5473 1946 5544 snbjicit,
1979 5475 2068 5532 Sic

473 5547 559 5598 ille
590 5556 634 5596 et
667 5544 829 5597 Deum
857 5560 1007 5612 apere
1031 5561 1216 5614 magno
1245 5546 1444 5608 liberat,
1485 5559 1529 5599 et
1573 5565 1650 5601 me
1693 5551 1892 5600 titnore.
1941 5547 2066 5613 Quis

476 5617 608 5668 enim
633 5625 813 5682 potest,
840 5630 956 5667 cum
983 5617 1229 5669 existimet
1259 5633 1289 5667 a
1313 5614 1418 5668 Deo
1439 5633 1493 5672 se
1519 5619 1715 5682 curari,
1741 5635 1839 5672 non
1881 5630 1928 5672 et
1959 5619 2066 5673 dies

475 5694 521 5738 et
551 5695 721 5741 noctes
734 5686 963 5741 divinum
994 5701 1181 5743 numen
1226 5686 1452 5743 horrere.
1509 5689 1566 5744 Si
1612 5689 1729 5745 hzcc
1755 5690 1969 5760 gentilis
1998 5691 2066 5753 de
