  <div class='ocr_page' id='page_1' title='image "/cluster/home/n/w/nwhite01/storage/ocr_20150623/9/uva.x000826531/448.png"; bbox 0 0 3984 6208; ppageno 0'>
   <div class='ocr_carea' id='block_1_1' title="bbox 19 238 136 294">
    <p class='ocr_par' dir='ltr' id='par_1_1' title="bbox 19 238 136 294">
     <span class='ocr_line' id='line_1_1' title="bbox 19 238 136 294; baseline -0.026 0"><span class='ocrx_word' id='word_1_1' title='bbox 19 238 136 294; x_wconf 69' lang='lat'><strong>357</strong></span> 
     </span>
    </p>
   </div>
   <div class='ocr_carea' id='block_1_2' title="bbox 1165 235 2324 296">
    <p class='ocr_par' dir='ltr' id='par_1_2' title="bbox 1165 235 2324 296">
     <span class='ocr_line' id='line_1_2' title="bbox 1165 235 2324 296; baseline -0.002 -3"><span class='ocrx_word' id='word_1_2' title='bbox 1165 235 1581 296; x_wconf 80' lang='lat' dir='ltr'><strong>TRACTATUS</strong></span> <span class='ocrx_word' id='word_1_3' title='bbox 1619 235 1685 293; x_wconf 86' lang='lat' dir='ltr'><strong>IN</strong></span> <span class='ocrx_word' id='word_1_4' title='bbox 1724 235 1934 294; x_wconf 79' lang='lat' dir='ltr'><strong>CXLIV</strong></span> <span class='ocrx_word' id='word_1_5' title='bbox 1973 235 2324 295; x_wconf 76' lang='lat' dir='ltr'><strong>PSALMUM.</strong></span> 
     </span>
    </p>
   </div>
   <div class='ocr_carea' id='block_1_3' title="bbox 3281 233 3389 292">
    <p class='ocr_par' dir='ltr' id='par_1_3' title="bbox 3281 233 3389 292">
     <span class='ocr_line' id='line_1_3' title="bbox 3281 233 3389 292; baseline -0.019 0"><span class='ocrx_word' id='word_1_6' title='bbox 3281 233 3389 292; x_wconf 85' lang='lat'><strong>858</strong></span> 
     </span>
    </p>
   </div>
   <div class='ocr_carea' id='block_1_4' title="bbox 19 347 3384 424">
    <p class='ocr_par' dir='ltr' id='par_1_4' title="bbox 19 347 3384 424">
     <span class='ocr_line' id='line_1_4' title="bbox 19 347 3384 424; baseline -0 -19"><span class='ocrx_word' id='word_1_7' title='bbox 19 349 295 422; x_wconf 60' lang='lat' dir='ltr'><strong>quidem</strong></span> <span class='ocrx_word' id='word_1_8' title='bbox 352 348 414 405; x_wconf 91' lang='lat' dir='ltr'><strong>in</strong></span> <span class='ocrx_word' id='word_1_9' title='bbox 457 365 554 406; x_wconf 89' lang='lat' dir='ltr'><strong>nos</strong></span> <span class='ocrx_word' id='word_1_10' title='bbox 602 349 924 407; x_wconf 88' lang='lat' dir='ltr'><strong>benedicere</strong></span> <span class='ocrx_word' id='word_1_11' title='bbox 970 364 1289 421; x_wconf 86' lang='lat' dir='ltr'><strong>possumus;</strong></span> <span class='ocrx_word' id='word_1_12' title='bbox 1342 352 1465 422; x_wconf 91' lang='lat' dir='ltr'><strong>quia</strong></span> <span class='ocrx_word' id='word_1_13' title='bbox 1497 358 1685 406; x_wconf 88' lang='lat' dir='ltr'><strong>natura</strong></span> <span class='ocrx_word' id='word_1_14' title='bbox 1712 352 1767 412; x_wconf 82' lang='grc' dir='ltr'>Α</span> <span class='ocrx_word' id='word_1_15' title='bbox 1861 351 1916 407; x_wconf 90' lang='lat'><strong>9.</strong></span> <span class='ocrx_word' id='word_1_16' title='bbox 1959 350 2291 424; x_wconf 78' lang='lat' dir='ltr'><strong>Magni/iens.</strong></span> <span class='ocrx_word' id='word_1_17' title='bbox 2321 381 2391 391; x_wconf 91' lang='lat'><strong>—</strong></span> <span class='ocrx_word' id='word_1_18' title='bbox 2419 348 2524 406; x_wconf 86' lang='lat' dir='ltr'><strong>Sed</strong></span> <span class='ocrx_word' id='word_1_19' title='bbox 2548 349 2783 421; x_wconf 88' lang='lat' dir='ltr'><strong>potentia</strong></span> <span class='ocrx_word' id='word_1_20' title='bbox 2814 364 3036 421; x_wconf 86' lang='lat' dir='ltr'><strong>operum</strong></span> <span class='ocrx_word' id='word_1_21' title='bbox 3060 363 3124 406; x_wconf 89' lang='lat' dir='ltr'><strong>ea</strong></span> <span class='ocrx_word' id='word_1_22' title='bbox 3167 347 3384 406; x_wconf 90' lang='lat' dir='ltr'><strong>demum</strong></span> 
     </span>
    </p>
   </div>
   <div class='ocr_carea' id='block_1_5' title="bbox 19 442 1686 515">
    <p class='ocr_par' dir='ltr' id='par_1_5' title="bbox 19 442 1686 515">
     <span class='ocr_line' id='line_1_5' title="bbox 19 442 1686 515; baseline 0.001 -17"><span class='ocrx_word' id='word_1_23' title='bbox 19 444 258 515; x_wconf 68' lang='lat' dir='ltr'><strong>exigit,</strong></span> <span class='ocrx_word' id='word_1_24' title='bbox 302 457 424 498; x_wconf 91' lang='lat' dir='ltr'><strong>non</strong></span> <span class='ocrx_word' id='word_1_25' title='bbox 452 442 758 500; x_wconf 74' lang='lat' dir='ltr'><strong>obtrectare</strong></span> <span class='ocrx_word' id='word_1_26' title='bbox 797 458 896 500; x_wconf 88' lang='lat' dir='ltr'><strong>nos</strong></span> <span class='ocrx_word' id='word_1_27' title='bbox 924 443 1049 510; x_wconf 86' lang='lat' dir='ltr'><strong>illis,</strong></span> <span class='ocrx_word' id='word_1_28' title='bbox 1093 457 1324 514; x_wconf 89' lang='lat' dir='ltr'><strong>quorum</strong></span> <span class='ocrx_word' id='word_1_29' title='bbox 1353 443 1686 500; x_wconf 85' lang='lat' dir='ltr'><strong>benevolen-</strong></span> 
     </span>
    </p>
   </div>
   <div class='ocr_carea' id='block_1_6' title="bbox 19 535 1684 607">
    <p class='ocr_par' dir='ltr' id='par_1_6' title="bbox 19 535 1684 607">
     <span class='ocr_line' id='line_1_6' title="bbox 19 535 1684 607; baseline 0.001 -17"><span class='ocrx_word' id='word_1_30' title='bbox 19 535 104 590; x_wconf 83' lang='lat' dir='ltr'><strong>tia</strong></span> <span class='ocrx_word' id='word_1_31' title='bbox 147 535 554 592; x_wconf 86' lang='lat' dir='ltr'><strong>confovemur</strong></span> <span class='ocrx_word' id='word_1_32' title='bbox 581 551 595 589; x_wconf 91' lang='lat'><strong>:</strong></span> <span class='ocrx_word' id='word_1_33' title='bbox 619 535 713 591; x_wconf 90' lang='lat' dir='ltr'><strong>sed</strong></span> <span class='ocrx_word' id='word_1_34' title='bbox 737 539 781 592; x_wconf 89' lang='lat' dir='ltr'><strong>si</strong></span> <span class='ocrx_word' id='word_1_35' title='bbox 812 547 868 593; x_wconf 91' lang='lat' dir='ltr'><strong>et</strong></span> <span class='ocrx_word' id='word_1_36' title='bbox 916 537 1037 592; x_wconf 90' lang='lat' dir='ltr'><strong>aliis</strong></span> <span class='ocrx_word' id='word_1_37' title='bbox 1074 535 1220 592; x_wconf 88' lang='lat' dir='ltr'><strong>vitiis</strong></span> <span class='ocrx_word' id='word_1_38' title='bbox 1265 536 1506 607; x_wconf 89' lang='lat' dir='ltr'><strong>adspersi</strong></span> <span class='ocrx_word' id='word_1_39' title='bbox 1538 544 1684 604; x_wconf 92' lang='lat' dir='ltr'><strong>sunt,</strong></span> 
     </span>
    </p>
   </div>
   <div class='ocr_carea' id='block_1_7' title="bbox 20 629 1684 702">
    <p class='ocr_par' dir='ltr' id='par_1_7' title="bbox 20 629 1684 702">
     <span class='ocr_line' id='line_1_7' title="bbox 20 629 1684 702; baseline 0.001 -18"><span class='ocrx_word' id='word_1_40' title='bbox 20 639 256 685; x_wconf 76' lang='lat' dir='ltr'><strong>10$ll‘0</strong></span> <span class='ocrx_word' id='word_1_41' title='bbox 282 629 514 701; x_wconf 88' lang='lat' dir='ltr'><strong>quidem</strong></span> <span class='ocrx_word' id='word_1_42' title='bbox 545 631 832 686; x_wconf 90' lang='lat' dir='ltr'><strong>commodo</strong></span> <span class='ocrx_word' id='word_1_43' title='bbox 857 631 1270 697; x_wconf 73' lang='lat' dir='ltr'><strong>benedicuntur,</strong></span> <span class='ocrx_word' id='word_1_44' title='bbox 1311 631 1405 687; x_wconf 92' lang='lat' dir='ltr'><strong>sed</strong></span> <span class='ocrx_word' id='word_1_45' title='bbox 1445 632 1557 686; x_wconf 86' lang='lat' dir='ltr'><strong>veri</strong></span> <span class='ocrx_word' id='word_1_46' title='bbox 1597 631 1684 702; x_wconf 89' lang='lat' dir='ltr'><strong>ju-</strong></span> 
     </span>
    </p>
   </div>
   <div class='ocr_carea' id='block_1_8' title="bbox 19 721 1684 792">
    <p class='ocr_par' dir='ltr' id='par_1_8' title="bbox 19 721 1684 792">
     <span class='ocr_line' id='line_1_8' title="bbox 19 721 1684 792; baseline 0.002 -16"><span class='ocrx_word' id='word_1_47' title='bbox 19 721 196 777; x_wconf 62' lang='lat' dir='ltr'><strong>dicio</strong></span> <span class='ocrx_word' id='word_1_48' title='bbox 237 737 365 777; x_wconf 90' lang='lat' dir='ltr'><strong>non</strong></span> <span class='ocrx_word' id='word_1_49' title='bbox 395 722 774 792; x_wconf 70' lang='lat' dir='ltr'><strong>prmdicantur.</strong></span> <span class='ocrx_word' id='word_1_50' title='bbox 802 723 1070 780; x_wconf 86' lang='lat' dir='ltr'><strong>Perfectio</strong></span> <span class='ocrx_word' id='word_1_51' title='bbox 1091 731 1269 780; x_wconf 91' lang='lat' dir='ltr'><strong>autem</strong></span> <span class='ocrx_word' id='word_1_52' title='bbox 1315 723 1406 780; x_wconf 90' lang='lat' dir='ltr'><strong>Dei</strong></span> <span class='ocrx_word' id='word_1_53' title='bbox 1448 723 1578 779; x_wconf 84' lang='lat' dir='ltr'><strong>nihil</strong></span> <span class='ocrx_word' id='word_1_54' title='bbox 1630 723 1684 779; x_wconf 90' lang='lat' dir='ltr'><strong>in</strong></span> 
     </span>
    </p>
   </div>
   <div class='ocr_carea' id='block_1_9' title="bbox 19 814 1686 885">
    <p class='ocr_par' dir='ltr' id='par_1_9' title="bbox 19 814 1686 885">
     <span class='ocr_line' id='line_1_9' title="bbox 19 814 1686 885; baseline 0.002 -18"><span class='ocrx_word' id='word_1_55' title='bbox 19 828 81 868; x_wconf 74' lang='lat' dir='ltr'><strong>se</strong></span> <span class='ocrx_word' id='word_1_56' title='bbox 119 828 277 869; x_wconf 85' lang='lat' dir='ltr'><strong>esse</strong></span> <span class='ocrx_word' id='word_1_57' title='bbox 311 814 522 883; x_wconf 88' lang='lat' dir='ltr'><strong>patitur</strong></span> <span class='ocrx_word' id='word_1_58' title='bbox 547 829 643 885; x_wconf 92' lang='lat' dir='ltr'><strong>pro</strong></span> <span class='ocrx_word' id='word_1_59' title='bbox 684 823 856 885; x_wconf 89' lang='lat' dir='ltr'><strong>parte.</strong></span> <span class='ocrx_word' id='word_1_60' title='bbox 887 815 1020 871; x_wconf 85' lang='lat' dir='ltr'><strong>Nam</strong></span> <span class='ocrx_word' id='word_1_61' title='bbox 1051 827 1109 872; x_wconf 91' lang='lat' dir='ltr'><strong>ut</strong></span> <span class='ocrx_word' id='word_1_62' title='bbox 1137 814 1476 882; x_wconf 70' lang='lat' dir='ltr'><strong>benedictus,</strong></span> <span class='ocrx_word' id='word_1_63' title='bbox 1517 817 1587 870; x_wconf 93' lang='lat' dir='ltr'><strong>ita</strong></span> <span class='ocrx_word' id='word_1_64' title='bbox 1631 824 1686 872; x_wconf 90' lang='lat' dir='ltr'><strong>et</strong></span> 
     </span>
    </p>
   </div>
   <div class='ocr_carea' id='block_1_10' title="bbox 19 899 1681 978">
    <p class='ocr_par' dir='ltr' id='par_1_10' title="bbox 19 899 1681 978">
     <span class='ocr_line' id='line_1_10' title="bbox 19 899 1681 978; baseline 0.002 -19"><span class='ocrx_word' id='word_1_65' title='bbox 19 904 371 962; x_wconf 74' lang='lat' dir='ltr'><strong>laudabilis</strong></span> <span class='ocrx_word' id='word_1_66' title='bbox 403 914 487 961; x_wconf 90' lang='lat' dir='ltr'><strong>est</strong></span> <span class='ocrx_word' id='word_1_67' title='bbox 509 921 524 971; x_wconf 90' lang='lat'><strong>;</strong></span> <span class='ocrx_word' id='word_1_68' title='bbox 567 906 770 962; x_wconf 85' lang='lat' dir='ltr'><strong>habens</strong></span> <span class='ocrx_word' id='word_1_69' title='bbox 793 915 850 962; x_wconf 90' lang='lat' dir='ltr'><strong>et</strong></span> <span class='ocrx_word' id='word_1_70' title='bbox 869 923 937 962; x_wconf 81' lang='lat' dir='ltr'><strong>ex</strong></span> <span class='ocrx_word' id='word_1_71' title='bbox 962 907 1069 976; x_wconf 90' lang='lat' dir='ltr'><strong>his,</strong></span> <span class='ocrx_word' id='word_1_72' title='bbox 1095 908 1290 978; x_wconf 90' lang='lat' dir='ltr'><strong>quibus</strong></span> <span class='ocrx_word' id='word_1_73' title='bbox 1325 899 1681 965; x_wconf 81' lang='lat' dir='ltr'><strong>beneﬁcentia</strong></span> 
     </span>
    </p>
   </div>
   <div class='ocr_carea' id='block_1_11' title="bbox 19 998 1680 1065">
    <p class='ocr_par' dir='ltr' id='par_1_11' title="bbox 19 998 1680 1065">
     <span class='ocr_line' id='line_1_11' title="bbox 19 998 1680 1065; baseline 0.002 -13"><span class='ocrx_word' id='word_1_74' title='bbox 19 998 79 1053; x_wconf 88' lang='lat' dir='ltr'><strong>in</strong></span> <span class='ocrx_word' id='word_1_75' title='bbox 118 1012 242 1053; x_wconf 91' lang='lat' dir='ltr'><strong>nos</strong></span> <span class='ocrx_word' id='word_1_76' title='bbox 274 1013 382 1053; x_wconf 90' lang='lat' dir='ltr'><strong>sua</strong></span> <span class='ocrx_word' id='word_1_77' title='bbox 429 998 653 1065; x_wconf 92' lang='lat' dir='ltr'><strong>utimur,</strong></span> <span class='ocrx_word' id='word_1_78' title='bbox 698 999 1090 1056; x_wconf 76' lang='lat' dir='ltr'><strong>benedictionis</strong></span> <span class='ocrx_word' id='word_1_79' title='bbox 1138 1009 1336 1056; x_wconf 66' lang='lat' dir='ltr'><strong>nostra:</strong></span> <span class='ocrx_word' id='word_1_80' title='bbox 1381 1001 1680 1057; x_wconf 84' lang='lat' dir='ltr'><strong>confessio-</strong></span> 
     </span>
    </p>
   </div>
   <div class='ocr_carea' id='block_1_12' title="bbox 19 1091 1682 1163">
    <p class='ocr_par' dir='ltr' id='par_1_12' title="bbox 19 1091 1682 1163">
     <span class='ocr_line' id='line_1_12' title="bbox 19 1091 1682 1163; baseline 0.004 -18"><span class='ocrx_word' id='word_1_81' title='bbox 19 1106 200 1156; x_wconf 86' lang='lat' dir='ltr'><strong>nem,</strong></span> <span class='ocrx_word' id='word_1_82' title='bbox 241 1100 307 1146; x_wconf 87' lang='lat' dir='ltr'><strong>et</strong></span> <span class='ocrx_word' id='word_1_83' title='bbox 337 1105 412 1146; x_wconf 80' lang='lat' dir='ltr'><strong>ex</strong></span> <span class='ocrx_word' id='word_1_84' title='bbox 452 1091 812 1163; x_wconf 89' lang='lat' dir='ltr'><strong>perfectarum</strong></span> <span class='ocrx_word' id='word_1_85' title='bbox 857 1093 908 1148; x_wconf 94' lang='lat' dir='ltr'><strong>in</strong></span> <span class='ocrx_word' id='word_1_86' title='bbox 955 1108 1015 1150; x_wconf 89' lang='lat' dir='ltr'><strong>se</strong></span> <span class='ocrx_word' id='word_1_87' title='bbox 1041 1094 1296 1149; x_wconf 85' lang='lat' dir='ltr'><strong>virtutum</strong></span> <span class='ocrx_word' id='word_1_88' title='bbox 1327 1094 1682 1152; x_wconf 81' lang='lat' dir='ltr'><strong>admiratione</strong></span> 
     </span>
    </p>
   </div>
   <div class='ocr_carea' id='block_1_13' title="bbox 19 1184 1680 1260">
    <p class='ocr_par' dir='ltr' id='par_1_13' title="bbox 19 1184 1680 1260">
     <span class='ocr_line' id='line_1_13' title="bbox 19 1184 1680 1260; baseline 0.003 -22"><span class='ocrx_word' id='word_1_89' title='bbox 19 1184 431 1254; x_wconf 75' lang='lat' dir='ltr'><strong>praeconium.</strong></span> <span class='ocrx_word' id='word_1_90' title='bbox 457 1184 540 1240; x_wconf 90' lang='lat' dir='ltr'><strong>0b</strong></span> <span class='ocrx_word' id='word_1_91' title='bbox 566 1185 710 1256; x_wconf 91' lang='lat' dir='ltr'><strong>quod</strong></span> <span class='ocrx_word' id='word_1_92' title='bbox 742 1185 1126 1243; x_wconf 88' lang='lat' dir='ltr'><strong>benedicturus</strong></span> <span class='ocrx_word' id='word_1_93' title='bbox 1154 1202 1252 1258; x_wconf 91' lang='lat' dir='ltr'><strong>per</strong></span> <span class='ocrx_word' id='word_1_94' title='bbox 1284 1187 1401 1243; x_wconf 89' lang='lat' dir='ltr'><strong>dies</strong></span> <span class='ocrx_word' id='word_1_95' title='bbox 1440 1188 1680 1260; x_wconf 90' lang='lat' dir='ltr'><strong>singulos</strong></span> 
     </span>
    </p>
   </div>
   <div class='ocr_carea' id='block_1_14' title="bbox 19 1277 1679 1349">
    <p class='ocr_par' dir='ltr' id='par_1_14' title="bbox 19 1277 1679 1349">
     <span class='ocr_line' id='line_1_14' title="bbox 19 1277 1679 1349; baseline 0.004 -19"><span class='ocrx_word' id='word_1_96' title='bbox 19 1277 216 1348; x_wconf 71' lang='lat'><strong>623</strong></span> <span class='ocrx_word' id='word_1_97' title='bbox 250 1277 553 1347; x_wconf 90' lang='lat' dir='ltr'><strong>propheta,</strong></span> <span class='ocrx_word' id='word_1_98' title='bbox 580 1279 743 1334; x_wconf 89' lang='lat' dir='ltr'><strong>etiam</strong></span> <span class='ocrx_word' id='word_1_99' title='bbox 793 1279 845 1335; x_wconf 93' lang='lat' dir='ltr'><strong>id</strong></span> <span class='ocrx_word' id='word_1_100' title='bbox 873 1279 1086 1349; x_wconf 85' lang='lat' dir='ltr'><strong>adjecit,</strong></span> <span class='ocrx_word' id='word_1_101' title='bbox 1113 1279 1182 1334; x_wconf 89' lang='lat' dir='ltr'><strong>Et</strong></span> <span class='ocrx_word' id='word_1_102' title='bbox 1229 1281 1450 1336; x_wconf 81' lang='lat' dir='ltr'><strong>laudabo</strong></span> <span class='ocrx_word' id='word_1_103' title='bbox 1495 1299 1679 1337; x_wconf 86' lang='lat' dir='ltr'><strong>nomen</strong></span> 
     </span>
    </p>
   </div>
   <div class='ocr_carea' id='block_1_15' title="bbox 19 1370 1677 1447">
    <p class='ocr_par' dir='ltr' id='par_1_15' title="bbox 19 1370 1677 1447">
     <span class='ocr_line' id='line_1_15' title="bbox 19 1370 1677 1447; baseline 0.006 -27"><span class='ocrx_word' id='word_1_104' title='bbox 19 1378 194 1423; x_wconf 84' lang='lat' dir='ltr'><strong>mum</strong></span> <span class='ocrx_word' id='word_1_105' title='bbox 220 1370 282 1422; x_wconf 86' lang='lat' dir='ltr'><strong>in</strong></span> <span class='ocrx_word' id='word_1_106' title='bbox 316 1371 568 1425; x_wconf 68' lang='lat' dir='ltr'><strong>saeculum</strong></span> <span class='ocrx_word' id='word_1_107' title='bbox 591 1381 639 1426; x_wconf 88' lang='lat' dir='ltr'><strong>et</strong></span> <span class='ocrx_word' id='word_1_108' title='bbox 680 1372 734 1426; x_wconf 90' lang='lat' dir='ltr'><strong>in</strong></span> <span class='ocrx_word' id='word_1_109' title='bbox 761 1374 1006 1427; x_wconf 79' lang='lat' dir='ltr'><strong>steculum</strong></span> <span class='ocrx_word' id='word_1_110' title='bbox 1033 1374 1212 1427; x_wconf 78' lang='lat' dir='ltr'><strong>steculi</strong></span> <span class='ocrx_word' id='word_1_111' title='bbox 1239 1373 1314 1447; x_wconf 89' lang='lat' dir='ltr'><strong>(a)</strong></span> <span class='ocrx_word' id='word_1_112' title='bbox 1340 1373 1477 1429; x_wconf 87' lang='lat' dir='ltr'><strong>Cum</strong></span> <span class='ocrx_word' id='word_1_113' title='bbox 1509 1374 1677 1430; x_wconf 91' lang='lat' dir='ltr'><strong>bene-</strong></span> 
     </span>
    </p>
   </div>
   <div class='ocr_carea' id='block_1_16' title="bbox 19 1462 1676 1532">
    <p class='ocr_par' dir='ltr' id='par_1_16' title="bbox 19 1462 1676 1532">
     <span class='ocr_line' id='line_1_16' title="bbox 19 1462 1676 1532; baseline 0.004 -16"><span class='ocrx_word' id='word_1_114' title='bbox 19 1462 266 1517; x_wconf 87' lang='lat' dir='ltr'><strong>dictum</strong></span> <span class='ocrx_word' id='word_1_115' title='bbox 298 1462 512 1530; x_wconf 88' lang='lat' dir='ltr'><strong>laudat,</strong></span> <span class='ocrx_word' id='word_1_116' title='bbox 537 1474 591 1520; x_wconf 91' lang='lat' dir='ltr'><strong>et</strong></span> <span class='ocrx_word' id='word_1_117' title='bbox 621 1463 805 1519; x_wconf 86' lang='lat' dir='ltr'><strong>laudat</strong></span> <span class='ocrx_word' id='word_1_118' title='bbox 829 1465 883 1520; x_wconf 91' lang='lat' dir='ltr'><strong>in</strong></span> <span class='ocrx_word' id='word_1_119' title='bbox 911 1466 1168 1520; x_wconf 65' lang='lat' dir='ltr'><strong>saeculum</strong></span> <span class='ocrx_word' id='word_1_120' title='bbox 1199 1465 1382 1521; x_wconf 67' lang='lat' dir='ltr'><strong>stccnli</strong></span> <span class='ocrx_word' id='word_1_121' title='bbox 1406 1508 1422 1532; x_wconf 91' lang='lat'><strong>,</strong></span> <span class='ocrx_word' id='word_1_122' title='bbox 1448 1467 1501 1521; x_wconf 90' lang='lat' dir='ltr'><strong>in</strong></span> <span class='ocrx_word' id='word_1_123' title='bbox 1530 1467 1676 1522; x_wconf 92' lang='lat' dir='ltr'><strong>nullo</strong></span> 
     </span>
    </p>
   </div>
   <div class='ocr_carea' id='block_1_17' title="bbox 19 1557 1670 1630">
    <p class='ocr_par' dir='ltr' id='par_1_17' title="bbox 19 1557 1670 1630">
     <span class='ocr_line' id='line_1_17' title="bbox 19 1557 1670 1630; baseline 0.003 -18"><span class='ocrx_word' id='word_1_124' title='bbox 19 1557 354 1628; x_wconf 75' lang='lat' dir='ltr'><strong>propheta:</strong></span> <span class='ocrx_word' id='word_1_125' title='bbox 383 1557 620 1613; x_wconf 82' lang='lat' dir='ltr'><strong>ofﬁcium</strong></span> <span class='ocrx_word' id='word_1_126' title='bbox 653 1560 928 1615; x_wconf 91' lang='lat' dir='ltr'><strong>inﬁrmum</strong></span> <span class='ocrx_word' id='word_1_127' title='bbox 975 1570 1078 1628; x_wconf 89' lang='lat' dir='ltr'><strong>est,</strong></span> <span class='ocrx_word' id='word_1_128' title='bbox 1122 1575 1221 1616; x_wconf 91' lang='lat' dir='ltr'><strong>nec</strong></span> <span class='ocrx_word' id='word_1_129' title='bbox 1272 1560 1670 1630; x_wconf 86' lang='lat' dir='ltr'><strong>benedictione,</strong></span> 
     </span>
    </p>
   </div>
   <div class='ocr_carea' id='block_1_18' title="bbox 19 1649 810 1722">
    <p class='ocr_par' dir='ltr' id='par_1_18' title="bbox 19 1649 810 1722">
     <span class='ocr_line' id='line_1_18' title="bbox 19 1649 810 1722; baseline 0.001 -18"><span class='ocrx_word' id='word_1_130' title='bbox 19 1664 144 1706; x_wconf 91' lang='lat' dir='ltr'><strong>nec</strong></span> <span class='ocrx_word' id='word_1_131' title='bbox 179 1649 382 1716; x_wconf 89' lang='lat' dir='ltr'><strong>laude,</strong></span> <span class='ocrx_word' id='word_1_132' title='bbox 417 1665 514 1706; x_wconf 94' lang='lat' dir='ltr'><strong>nec</strong></span> <span class='ocrx_word' id='word_1_133' title='bbox 545 1659 810 1722; x_wconf 88' lang='lat' dir='ltr'><strong>tempore.</strong></span> 
     </span>
    </p>
   </div>
   <div class='ocr_carea' id='block_1_19' title="bbox 1792 443 3386 515">
    <p class='ocr_par' dir='ltr' id='par_1_19' title="bbox 1792 443 3386 515">
     <span class='ocr_line' id='line_1_19' title="bbox 1792 443 3386 515; baseline 0.001 -19"><span class='ocrx_word' id='word_1_134' title='bbox 1792 443 2131 513; x_wconf 66' lang='lat' dir='ltr'><strong>praedicanda</strong></span> <span class='ocrx_word' id='word_1_135' title='bbox 2163 453 2276 513; x_wconf 82' lang='lat' dir='ltr'><strong>est,</strong></span> <span class='ocrx_word' id='word_1_136' title='bbox 2331 443 2408 515; x_wconf 83' lang='grc' dir='ltr'><strong>(ά)</strong></span> <span class='ocrx_word' id='word_1_137' title='bbox 2456 458 2576 513; x_wconf 83' lang='lat' dir='ltr'><strong>quae</strong></span> <span class='ocrx_word' id='word_1_138' title='bbox 2623 443 3037 514; x_wconf 87' lang='lat' dir='ltr'><strong>magniﬁcentiae</strong></span> <span class='ocrx_word' id='word_1_139' title='bbox 3073 449 3386 512; x_wconf 68' lang='lat' dir='ltr'><strong>exaequetur</strong></span> 
     </span>
    </p>
   </div>
   <div class='ocr_carea' id='block_1_20' title="bbox 1791 533 3385 608">
    <p class='ocr_par' dir='ltr' id='par_1_20' title="bbox 1791 533 3385 608">
     <span class='ocr_line' id='line_1_20' title="bbox 1791 533 3385 608; baseline -0.002 -16"><span class='ocrx_word' id='word_1_140' title='bbox 1791 539 2068 607; x_wconf 92' lang='lat' dir='ltr'><strong>operantis</strong></span> <span class='ocrx_word' id='word_1_141' title='bbox 2101 555 2112 591; x_wconf 93' lang='lat'><strong>:</strong></span> <span class='ocrx_word' id='word_1_142' title='bbox 2148 546 2206 592; x_wconf 93' lang='lat' dir='ltr'><strong>ut</strong></span> <span class='ocrx_word' id='word_1_143' title='bbox 2237 536 2469 608; x_wconf 86' lang='lat' dir='ltr'><strong>potentis</strong></span> <span class='ocrx_word' id='word_1_144' title='bbox 2496 537 2911 608; x_wconf 87' lang='lat' dir='ltr'><strong>magniﬁcentiae</strong></span> <span class='ocrx_word' id='word_1_145' title='bbox 2948 546 3139 606; x_wconf 89' lang='lat' dir='ltr'><strong>potens</strong></span> <span class='ocrx_word' id='word_1_146' title='bbox 3184 533 3385 591; x_wconf 88' lang='lat' dir='ltr'><strong>intelli-</strong></span> 
     </span>
    </p>
   </div>
   <div class='ocr_carea' id='block_1_21' title="bbox 1789 625 3380 700">
    <p class='ocr_par' dir='ltr' id='par_1_21' title="bbox 1789 625 3380 700">
     <span class='ocr_line' id='line_1_21' title="bbox 1789 625 3380 700; baseline 0 -19"><span class='ocrx_word' id='word_1_147' title='bbox 1789 634 1944 698; x_wconf 81' lang='lat' dir='ltr'><strong>gatur</strong></span> <span class='ocrx_word' id='word_1_148' title='bbox 1971 630 2235 698; x_wconf 86' lang='lat' dir='ltr'><strong>operatio.</strong></span> <span class='ocrx_word' id='word_1_149' title='bbox 2264 629 2343 684; x_wconf 88' lang='lat' dir='ltr'><strong>Ub</strong></span> <span class='ocrx_word' id='word_1_150' title='bbox 2375 627 2516 698; x_wconf 90' lang='lat' dir='ltr'><strong>quod</strong></span> <span class='ocrx_word' id='word_1_151' title='bbox 2543 629 2912 700; x_wconf 88' lang='lat' dir='ltr'><strong>consequitur,</strong></span> <span class='ocrx_word' id='word_1_152' title='bbox 2947 627 3107 683; x_wconf 73' lang='lat' dir='ltr'><strong>Vens.</strong></span> <span class='ocrx_word' id='word_1_153' title='bbox 3137 627 3172 683; x_wconf 82' lang='lat'><strong>5</strong></span> <span class='ocrx_word' id='word_1_154' title='bbox 3210 643 3224 681; x_wconf 88' lang='lat'><strong>:</strong></span> <span class='ocrx_word' id='word_1_155' title='bbox 3257 625 3380 682; x_wconf 72' lang='lat' dir='ltr'><strong>lfa-</strong></span> 
     </span>
    </p>
   </div>
   <div class='ocr_carea' id='block_1_22' title="bbox 1787 723 3062 793">
    <p class='ocr_par' dir='ltr' id='par_1_22' title="bbox 1787 723 3062 793">
     <span class='ocr_line' id='line_1_22' title="bbox 1787 723 3062 793; baseline 0.002 -17"><span class='ocrx_word' id='word_1_156' title='bbox 1787 723 2134 792; x_wconf 77' lang='lat' dir='ltr'><strong>gniﬁceatiam</strong></span> <span class='ocrx_word' id='word_1_157' title='bbox 2167 723 2446 793; x_wconf 86' lang='lat' dir='ltr'><strong>majestatis</strong></span> <span class='ocrx_word' id='word_1_158' title='bbox 2475 731 2595 776; x_wconf 82' lang='lat' dir='ltr'><strong>tute.</strong></span> <span class='ocrx_word' id='word_1_159' title='bbox 3059 761 3062 764; x_wconf 62' lang='grc' dir='ltr'><em>η</em></span> 
     </span>
    </p>
   </div>
   <div class='ocr_carea' id='block_1_23' title="bbox 1863 813 3381 887">
    <p class='ocr_par' dir='ltr' id='par_1_23' title="bbox 1863 813 3381 887">
     <span class='ocr_line' id='line_1_23' title="bbox 1863 813 3381 887; baseline 0.003 -19"><span class='ocrx_word' id='word_1_160' title='bbox 1863 815 1948 872; x_wconf 83' lang='grc'><strong>10.</strong></span> <span class='ocrx_word' id='word_1_161' title='bbox 1992 814 2214 870; x_wconf 88' lang='lat' dir='ltr'><strong>Sanctus</strong></span> <span class='ocrx_word' id='word_1_162' title='bbox 2235 832 2324 871; x_wconf 86' lang='lat' dir='ltr'><strong>seu</strong></span> <span class='ocrx_word' id='word_1_163' title='bbox 2347 815 2617 886; x_wconf 78' lang='lat' dir='ltr'><strong>beneﬁcus.</strong></span> <span class='ocrx_word' id='word_1_164' title='bbox 2647 845 2722 857; x_wconf 91' lang='lat'><strong><em>—</em></strong></span> <span class='ocrx_word' id='word_1_165' title='bbox 2743 813 2850 871; x_wconf 88' lang='lat' dir='ltr'><strong>Sed</strong></span> <span class='ocrx_word' id='word_1_166' title='bbox 2875 815 3267 887; x_wconf 90' lang='lat' dir='ltr'><strong>magniﬁcentia</strong></span> <span class='ocrx_word' id='word_1_167' title='bbox 3286 857 3302 882; x_wconf 93' lang='lat'><strong>,</strong></span> <span class='ocrx_word' id='word_1_168' title='bbox 3334 817 3381 872; x_wconf 90' lang='lat' dir='ltr'><strong>si</strong></span> 
     </span>
    </p>
   </div>
   <div class='ocr_carea' id='block_1_24' title="bbox 1788 905 3381 976">
    <p class='ocr_par' dir='ltr' id='par_1_24' title="bbox 1788 905 3381 976">
     <span class='ocr_line' id='line_1_24' title="bbox 1788 905 3381 976; baseline 0.003 -16"><span class='ocrx_word' id='word_1_169' title='bbox 1788 905 1931 976; x_wconf 92' lang='lat' dir='ltr'><strong>quod</strong></span> <span class='ocrx_word' id='word_1_170' title='bbox 1962 906 2014 961; x_wconf 93' lang='lat' dir='ltr'><strong>in</strong></span> <span class='ocrx_word' id='word_1_171' title='bbox 2038 922 2098 963; x_wconf 89' lang='lat' dir='ltr'><strong>se</strong></span> <span class='ocrx_word' id='word_1_172' title='bbox 2127 916 2212 963; x_wconf 91' lang='lat' dir='ltr'><strong>est</strong></span> <span class='ocrx_word' id='word_1_173' title='bbox 2251 917 2457 962; x_wconf 90' lang='lat' dir='ltr'><strong>tantum</strong></span> <span class='ocrx_word' id='word_1_174' title='bbox 2493 908 2595 962; x_wconf 88' lang='lat' dir='ltr'><strong>sibi</strong></span> <span class='ocrx_word' id='word_1_175' title='bbox 2634 908 2848 973; x_wconf 82' lang='lat' dir='ltr'><strong>habeat,</strong></span> <span class='ocrx_word' id='word_1_176' title='bbox 2882 907 3042 964; x_wconf 89' lang='lat' dir='ltr'><strong>habet</strong></span> <span class='ocrx_word' id='word_1_177' title='bbox 3069 908 3381 964; x_wconf 87' lang='lat' dir='ltr'><strong>admiratio-</strong></span> 
     </span>
    </p>
   </div>
   <div class='ocr_carea' id='block_1_25' title="bbox 1786 1000 3382 1075">
    <p class='ocr_par' dir='ltr' id='par_1_25' title="bbox 1786 1000 3382 1075">
     <span class='ocr_line' id='line_1_25' title="bbox 1786 1000 3382 1075; baseline 0.004 -21"><span class='ocrx_word' id='word_1_178' title='bbox 1786 1014 1934 1066; x_wconf 89' lang='lat' dir='ltr'><strong>nem,</strong></span> <span class='ocrx_word' id='word_1_179' title='bbox 1963 1015 2068 1056; x_wconf 93' lang='lat' dir='ltr'><strong>non</strong></span> <span class='ocrx_word' id='word_1_180' title='bbox 2093 1000 2254 1057; x_wconf 88' lang='lat' dir='ltr'><strong>habet</strong></span> <span class='ocrx_word' id='word_1_181' title='bbox 2283 1001 2495 1056; x_wconf 92' lang='lat' dir='ltr'><strong>laudem</strong></span> <span class='ocrx_word' id='word_1_182' title='bbox 2527 1017 2542 1056; x_wconf 87' lang='lat'><strong>:</strong></span> <span class='ocrx_word' id='word_1_183' title='bbox 2570 1010 2626 1056; x_wconf 87' lang='lat' dir='ltr'><strong>et</strong></span> <span class='ocrx_word' id='word_1_184' title='bbox 2653 1002 2827 1057; x_wconf 87' lang='lat' dir='ltr'><strong>otiosa</strong></span> <span class='ocrx_word' id='word_1_185' title='bbox 2875 1004 2999 1059; x_wconf 92' lang='lat' dir='ltr'><strong>aliis</strong></span> <span class='ocrx_word' id='word_1_186' title='bbox 3028 1016 3112 1060; x_wconf 92' lang='lat' dir='ltr'><strong>est</strong></span> <span class='ocrx_word' id='word_1_187' title='bbox 3147 1009 3382 1075; x_wconf 87' lang='lat' dir='ltr'><strong>p0tentis</strong></span> 
     </span>
    </p>
   </div>
   <div class='ocr_carea' id='block_1_26' title="bbox 1784 1093 3376 1173">
    <p class='ocr_par' dir='ltr' id='par_1_26' title="bbox 1784 1093 3376 1173">
     <span class='ocr_line' id='line_1_26' title="bbox 1784 1093 3376 1173; baseline 0.004 -27"><span class='ocrx_word' id='word_1_188' title='bbox 1784 1093 2048 1161; x_wconf 87' lang='lat' dir='ltr'><strong>operatio,</strong></span> <span class='ocrx_word' id='word_1_189' title='bbox 2072 1093 2176 1148; x_wconf 87' lang='lat' dir='ltr'><strong>nisi</strong></span> <span class='ocrx_word' id='word_1_190' title='bbox 2205 1108 2303 1173; x_wconf 84' lang='lat' dir='ltr'><strong>per</strong></span> <span class='ocrx_word' id='word_1_191' title='bbox 2322 1094 2595 1164; x_wconf 89' lang='lat' dir='ltr'><strong>operantis</strong></span> <span class='ocrx_word' id='word_1_192' title='bbox 2615 1096 2957 1152; x_wconf 85' lang='lat' dir='ltr'><strong>sanctitatem</strong></span> <span class='ocrx_word' id='word_1_193' title='bbox 2975 1112 3126 1153; x_wconf 90' lang='lat' dir='ltr'><strong>usum</strong></span> <span class='ocrx_word' id='word_1_194' title='bbox 3147 1099 3376 1169; x_wconf 89' lang='lat' dir='ltr'><strong>aliquem</strong></span> 
     </span>
    </p>
   </div>
   <div class='ocr_carea' id='block_1_27' title="bbox 1783 1186 3377 1261">
    <p class='ocr_par' dir='ltr' id='par_1_27' title="bbox 1783 1186 3377 1261">
     <span class='ocr_line' id='line_1_27' title="bbox 1783 1186 3377 1261; baseline 0.003 -19"><span class='ocrx_word' id='word_1_195' title='bbox 1783 1202 1850 1242; x_wconf 82' lang='lat' dir='ltr'><strong>ex</strong></span> <span class='ocrx_word' id='word_1_196' title='bbox 1876 1202 1934 1242; x_wconf 89' lang='lat' dir='ltr'><strong>se</strong></span> <span class='ocrx_word' id='word_1_197' title='bbox 1964 1186 2073 1241; x_wconf 83' lang='lat' dir='ltr'><strong>illis</strong></span> <span class='ocrx_word' id='word_1_198' title='bbox 2102 1187 2195 1258; x_wconf 89' lang='lat' dir='ltr'><strong>qui</strong></span> <span class='ocrx_word' id='word_1_199' title='bbox 2221 1187 2514 1243; x_wconf 88' lang='lat' dir='ltr'><strong>laudabunt</strong></span> <span class='ocrx_word' id='word_1_200' title='bbox 2557 1199 2612 1244; x_wconf 92' lang='lat' dir='ltr'><strong>et</strong></span> <span class='ocrx_word' id='word_1_201' title='bbox 2648 1189 3056 1246; x_wconf 89' lang='lat' dir='ltr'><strong>admirabuntur</strong></span> <span class='ocrx_word' id='word_1_202' title='bbox 3085 1191 3377 1261; x_wconf 86' lang='lat' dir='ltr'><strong>impertiet.</strong></span> 
     </span>
    </p>
   </div>
   <div class='ocr_carea' id='block_1_28' title="bbox 1782 1277 3379 1350">
    <p class='ocr_par' dir='ltr' id='par_1_28' title="bbox 1782 1277 3379 1350">
     <span class='ocr_line' id='line_1_28' title="bbox 1782 1277 3379 1350; baseline 0.001 -16"><span class='ocrx_word' id='word_1_203' title='bbox 1782 1277 1868 1334; x_wconf 80' lang='lat' dir='ltr'><strong>Ex</strong></span> <span class='ocrx_word' id='word_1_204' title='bbox 1891 1294 1996 1350; x_wconf 91' lang='lat' dir='ltr'><strong>quo</strong></span> <span class='ocrx_word' id='word_1_205' title='bbox 2025 1288 2394 1348; x_wconf 85' lang='lat' dir='ltr'><strong>competenter</strong></span> <span class='ocrx_word' id='word_1_206' title='bbox 2432 1281 2536 1334; x_wconf 92' lang='lat' dir='ltr'><strong>hoc</strong></span> <span class='ocrx_word' id='word_1_207' title='bbox 2587 1279 2832 1350; x_wconf 89' lang='lat' dir='ltr'><strong>sequitur</strong></span> <span class='ocrx_word' id='word_1_208' title='bbox 2887 1297 2902 1336; x_wconf 92' lang='lat'>:</span> <span class='ocrx_word' id='word_1_209' title='bbox 2951 1281 3018 1336; x_wconf 85' lang='lat' dir='ltr'><strong>Et</strong></span> <span class='ocrx_word' id='word_1_210' title='bbox 3061 1284 3379 1338; x_wconf 74' lang='lat' dir='ltr'><strong>sanctitatem</strong></span> 
     </span>
    </p>
   </div>
   <div class='ocr_carea' id='block_1_29' title="bbox 1781 1371 3375 1443">
    <p class='ocr_par' dir='ltr' id='par_1_29' title="bbox 1781 1371 3375 1443">
     <span class='ocr_line' id='line_1_29' title="bbox 1781 1371 3375 1443; baseline 0.004 -19"><span class='ocrx_word' id='word_1_211' title='bbox 1781 1379 1922 1425; x_wconf 89' lang='lat' dir='ltr'><strong>tuam</strong></span> <span class='ocrx_word' id='word_1_212' title='bbox 1965 1371 2254 1442; x_wconf 82' lang='lat' dir='ltr'><strong>loquentur.</strong></span> <span class='ocrx_word' id='word_1_213' title='bbox 2288 1371 2356 1427; x_wconf 87' lang='lat' dir='ltr'><strong>Et</strong></span> <span class='ocrx_word' id='word_1_214' title='bbox 2384 1373 2642 1426; x_wconf 88' lang='lat' dir='ltr'><strong>sanctitas</strong></span> <span class='ocrx_word' id='word_1_215' title='bbox 2669 1371 2886 1442; x_wconf 91' lang='lat' dir='ltr'><strong>quidem</strong></span> <span class='ocrx_word' id='word_1_216' title='bbox 2926 1373 3036 1443; x_wconf 89' lang='lat' dir='ltr'><strong>jam</strong></span> <span class='ocrx_word' id='word_1_217' title='bbox 3083 1376 3221 1431; x_wconf 90' lang='lat' dir='ltr'><strong>bona</strong></span> <span class='ocrx_word' id='word_1_218' title='bbox 3267 1385 3375 1442; x_wconf 90' lang='lat' dir='ltr'><strong>est,</strong></span> 
     </span>
    </p>
   </div>
   <div class='ocr_carea' id='block_1_30' title="bbox 1781 1463 3374 1538">
    <p class='ocr_par' dir='ltr' id='par_1_30' title="bbox 1781 1463 3374 1538">
     <span class='ocr_line' id='line_1_30' title="bbox 1781 1463 3374 1538; baseline 0.003 -19"><span class='ocrx_word' id='word_1_219' title='bbox 1781 1478 1956 1535; x_wconf 90' lang='lat' dir='ltr'><strong>neque</strong></span> <span class='ocrx_word' id='word_1_220' title='bbox 2007 1474 2210 1519; x_wconf 89' lang='lat' dir='ltr'><strong>tantum</strong></span> <span class='ocrx_word' id='word_1_221' title='bbox 2243 1465 2344 1520; x_wconf 91' lang='lat' dir='ltr'><strong>sibi</strong></span> <span class='ocrx_word' id='word_1_222' title='bbox 2375 1463 2584 1536; x_wconf 89' lang='lat' dir='ltr'><strong>proﬁcit</strong></span> <span class='ocrx_word' id='word_1_223' title='bbox 2615 1481 2627 1516; x_wconf 93' lang='lat'><strong>:</strong></span> <span class='ocrx_word' id='word_1_224' title='bbox 2662 1479 2839 1534; x_wconf 90' lang='lat' dir='ltr'><strong>neque</strong></span> <span class='ocrx_word' id='word_1_225' title='bbox 2871 1465 2972 1522; x_wconf 90' lang='lat' dir='ltr'><strong>hoc</strong></span> <span class='ocrx_word' id='word_1_226' title='bbox 3017 1467 3161 1538; x_wconf 91' lang='lat' dir='ltr'><strong>quod</strong></span> <span class='ocrx_word' id='word_1_227' title='bbox 3191 1482 3256 1524; x_wconf 74' lang='lat' dir='ltr'><strong>ex</strong></span> <span class='ocrx_word' id='word_1_228' title='bbox 3314 1483 3374 1524; x_wconf 85' lang='lat' dir='ltr'><strong>se</strong></span> 
     </span>
    </p>
   </div>
   <div class='ocr_carea' id='block_1_31' title="bbox 1778 1555 3377 1627">
    <p class='ocr_par' dir='ltr' id='par_1_31' title="bbox 1778 1555 3377 1627">
     <span class='ocr_line' id='line_1_31' title="bbox 1778 1555 3377 1627; baseline 0.003 -17"><span class='ocrx_word' id='word_1_229' title='bbox 1778 1564 1881 1621; x_wconf 89' lang='lat' dir='ltr'><strong>est,</strong></span> <span class='ocrx_word' id='word_1_230' title='bbox 1935 1556 2071 1611; x_wconf 87' lang='lat' dir='ltr'><strong>intra</strong></span> <span class='ocrx_word' id='word_1_231' title='bbox 2114 1571 2272 1612; x_wconf 89' lang='lat' dir='ltr'><strong>usum</strong></span> <span class='ocrx_word' id='word_1_232' title='bbox 2327 1555 2596 1612; x_wconf 87' lang='lat' dir='ltr'><strong>commodi</strong></span> <span class='ocrx_word' id='word_1_233' title='bbox 2642 1557 2846 1627; x_wconf 82' lang='lat' dir='ltr'><strong>proprii</strong></span> <span class='ocrx_word' id='word_1_234' title='bbox 2897 1561 3186 1614; x_wconf 87' lang='lat' dir='ltr'><strong>consumit.</strong></span> <span class='ocrx_word' id='word_1_235' title='bbox 3243 1559 3377 1615; x_wconf 83' lang='lat' dir='ltr'><strong>Nam</strong></span> 
     </span>
    </p>
   </div>
   <div class='ocr_carea' id='block_1_32' title="bbox 1777 1648 3375 1720">
    <p class='ocr_par' dir='ltr' id='par_1_32' title="bbox 1777 1648 3375 1720">
     <span class='ocr_line' id='line_1_32' title="bbox 1777 1648 3375 1720; baseline 0.003 -18"><span class='ocrx_word' id='word_1_236' title='bbox 1777 1648 1964 1716; x_wconf 91' lang='lat' dir='ltr'><strong>etiam,</strong></span> <span class='ocrx_word' id='word_1_237' title='bbox 1991 1649 2057 1703; x_wconf 91' lang='lat' dir='ltr'><strong>ad</strong></span> <span class='ocrx_word' id='word_1_238' title='bbox 2088 1650 2483 1718; x_wconf 84' lang='lat' dir='ltr'><strong>provocandam</strong></span> <span class='ocrx_word' id='word_1_239' title='bbox 2507 1653 2559 1706; x_wconf 91' lang='lat' dir='ltr'><strong>iu</strong></span> <span class='ocrx_word' id='word_1_240' title='bbox 2591 1668 2650 1710; x_wconf 92' lang='lat' dir='ltr'><strong>se</strong></span> <span class='ocrx_word' id='word_1_241' title='bbox 2677 1651 2906 1708; x_wconf 91' lang='lat' dir='ltr'><strong>aliorum</strong></span> <span class='ocrx_word' id='word_1_242' title='bbox 2942 1651 3375 1720; x_wconf 91' lang='lat' dir='ltr'><strong>beneﬁcentiam,</strong></span> 
     </span>
    </p>
   </div>
   <div class='ocr_carea' id='block_1_33' title="bbox 108 1739 3378 1816">
    <p class='ocr_par' dir='ltr' id='par_1_33' title="bbox 108 1739 3378 1816">
     <span class='ocr_line' id='line_1_33' title="bbox 108 1739 3378 1816; baseline 0.001 -21"><span class='ocrx_word' id='word_1_243' title='bbox 108 1741 173 1796; x_wconf 86' lang='lat'><strong>6.</strong></span> <span class='ocrx_word' id='word_1_244' title='bbox 227 1739 424 1795; x_wconf 84' lang='lat' dir='ltr'><strong>Prima</strong></span> <span class='ocrx_word' id='word_1_245' title='bbox 451 1742 700 1796; x_wconf 87' lang='lat' dir='ltr'><strong>laudandi</strong></span> <span class='ocrx_word' id='word_1_246' title='bbox 734 1741 832 1798; x_wconf 85' lang='lat' dir='ltr'><strong>Dei</strong></span> <span class='ocrx_word' id='word_1_247' title='bbox 862 1744 1018 1809; x_wconf 86' lang='lat' dir='ltr'><strong>ratio,</strong></span> <span class='ocrx_word' id='word_1_248' title='bbox 1050 1747 1162 1816; x_wconf 85' lang='lat' dir='ltr'><strong>ejus</strong></span> <span class='ocrx_word' id='word_1_249' title='bbox 1181 1743 1432 1813; x_wconf 85' lang='lat' dir='ltr'><strong>inﬁnitas.</strong></span> <span class='ocrx_word' id='word_1_250' title='bbox 1469 1775 1540 1785; x_wconf 89' lang='lat'><strong>—-</strong></span> <span class='ocrx_word' id='word_1_251' title='bbox 1568 1745 1663 1800; x_wconf 90' lang='lat' dir='ltr'><strong>De-</strong></span> <span class='ocrx_word' id='word_1_252' title='bbox 1698 1749 1746 1809; x_wconf 84' lang='grc' dir='ltr'>Β</span> <span class='ocrx_word' id='word_1_253' title='bbox 1772 1742 2070 1797; x_wconf 86' lang='lat' dir='ltr'><strong>sanctitatis</strong></span> <span class='ocrx_word' id='word_1_254' title='bbox 2091 1742 2257 1814; x_wconf 63' lang='grc'><strong>624</strong></span> <span class='ocrx_word' id='word_1_255' title='bbox 2302 1743 2494 1798; x_wconf 87' lang='lat' dir='ltr'><strong>ofliciis</strong></span> <span class='ocrx_word' id='word_1_256' title='bbox 2543 1760 2668 1802; x_wconf 89' lang='lat' dir='ltr'><strong>sese</strong></span> <span class='ocrx_word' id='word_1_257' title='bbox 2712 1746 2827 1816; x_wconf 86' lang='lat' dir='ltr'><strong>ipsa</strong></span> <span class='ocrx_word' id='word_1_258' title='bbox 2878 1743 3238 1800; x_wconf 87' lang='lat' dir='ltr'><strong>commendat.</strong></span> <span class='ocrx_word' id='word_1_259' title='bbox 3271 1743 3378 1800; x_wconf 90' lang='lat' dir='ltr'><strong>Sed</strong></span> 
     </span>
    </p>
   </div>
   <div class='ocr_carea' id='block_1_34' title="bbox 23 1833 1670 1906">
    <p class='ocr_par' dir='ltr' id='par_1_34' title="bbox 23 1833 1670 1906">
     <span class='ocr_line' id='line_1_34' title="bbox 23 1833 1670 1906; baseline 0.002 -19"><span class='ocrx_word' id='word_1_260' title='bbox 23 1833 174 1888; x_wconf 85' lang='lat' dir='ltr'><strong>hinc</strong></span> <span class='ocrx_word' id='word_1_261' title='bbox 209 1833 490 1904; x_wconf 88' lang='lat' dir='ltr'><strong>sequitur,</strong></span> <span class='ocrx_word' id='word_1_262' title='bbox 521 1833 686 1889; x_wconf 74' lang='lat' dir='ltr'><strong>Vens.</strong></span> <span class='ocrx_word' id='word_1_263' title='bbox 718 1835 752 1888; x_wconf 61' lang='grc' dir='ltr'>ὅ</span> <span class='ocrx_word' id='word_1_264' title='bbox 780 1853 792 1888; x_wconf 92' lang='lat'>:</span> <span class='ocrx_word' id='word_1_265' title='bbox 827 1834 1053 1906; x_wconf 78' lang='lat' dir='ltr'><strong>Magnus</strong></span> <span class='ocrx_word' id='word_1_266' title='bbox 1090 1835 1358 1903; x_wconf 81' lang='lat' dir='ltr'><strong>Dominus,</strong></span> <span class='ocrx_word' id='word_1_267' title='bbox 1413 1848 1458 1891; x_wconf 89' lang='lat' dir='ltr'><strong>et</strong></span> <span class='ocrx_word' id='word_1_268' title='bbox 1487 1837 1670 1891; x_wconf 86' lang='lat' dir='ltr'><strong>lauda-</strong></span> 
     </span>
    </p>
   </div>
   <div class='ocr_carea' id='block_1_35' title="bbox 25 1927 1669 2000">
    <p class='ocr_par' dir='ltr' id='par_1_35' title="bbox 25 1927 1669 2000">
     <span class='ocr_line' id='line_1_35' title="bbox 25 1927 1669 2000; baseline 0.004 -19"><span class='ocrx_word' id='word_1_269' title='bbox 25 1927 167 1983; x_wconf 84' lang='lat' dir='ltr'><strong>bilis</strong></span> <span class='ocrx_word' id='word_1_270' title='bbox 201 1927 396 1994; x_wconf 81' lang='lat' dir='ltr'><strong>nimis,</strong></span> <span class='ocrx_word' id='word_1_271' title='bbox 425 1939 472 1983; x_wconf 89' lang='lat' dir='ltr'><strong>et</strong></span> <span class='ocrx_word' id='word_1_272' title='bbox 493 1928 865 1999; x_wconf 78' lang='lat' dir='ltr'><strong>magnitudinis</strong></span> <span class='ocrx_word' id='word_1_273' title='bbox 892 1931 1006 2000; x_wconf 87' lang='lat' dir='ltr'><strong>ejus</strong></span> <span class='ocrx_word' id='word_1_274' title='bbox 1032 1941 1228 1984; x_wconf 88' lang='lat' dir='ltr'><strong>nonest</strong></span> <span class='ocrx_word' id='word_1_275' title='bbox 1252 1930 1390 1994; x_wconf 80' lang='lat' dir='ltr'><strong>ﬁnis.</strong></span> <span class='ocrx_word' id='word_1_276' title='bbox 1417 1930 1543 1985; x_wconf 61' lang='lat' dir='ltr'><strong>Haec</strong></span> <span class='ocrx_word' id='word_1_277' title='bbox 1573 1930 1669 1987; x_wconf 89' lang='lat' dir='ltr'><strong>Dei</strong></span> 
     </span>
    </p>
   </div>
   <div class='ocr_carea' id='block_1_36' title="bbox 28 2019 1671 2092">
    <p class='ocr_par' dir='ltr' id='par_1_36' title="bbox 28 2019 1671 2092">
     <span class='ocr_line' id='line_1_36' title="bbox 28 2019 1671 2092; baseline 0.004 -18"><span class='ocrx_word' id='word_1_278' title='bbox 28 2021 230 2091; x_wconf 89' lang='lat' dir='ltr'><strong>prima</strong></span> <span class='ocrx_word' id='word_1_279' title='bbox 258 2029 321 2075; x_wconf 88' lang='lat' dir='ltr'><strong>et</strong></span> <span class='ocrx_word' id='word_1_280' title='bbox 351 2022 621 2091; x_wconf 63' lang='lat' dir='ltr'><strong>praecipua</strong></span> <span class='ocrx_word' id='word_1_281' title='bbox 652 2019 890 2076; x_wconf 91' lang='lat' dir='ltr'><strong>laudatio</strong></span> <span class='ocrx_word' id='word_1_282' title='bbox 918 2031 1020 2086; x_wconf 90' lang='lat' dir='ltr'><strong>est,</strong></span> <span class='ocrx_word' id='word_1_283' title='bbox 1053 2021 1197 2092; x_wconf 91' lang='lat' dir='ltr'><strong>quod</strong></span> <span class='ocrx_word' id='word_1_284' title='bbox 1224 2021 1357 2077; x_wconf 91' lang='lat' dir='ltr'><strong>nihil</strong></span> <span class='ocrx_word' id='word_1_285' title='bbox 1394 2023 1446 2077; x_wconf 93' lang='lat' dir='ltr'><strong>in</strong></span> <span class='ocrx_word' id='word_1_286' title='bbox 1476 2038 1536 2078; x_wconf 88' lang='lat' dir='ltr'><strong>se</strong></span> <span class='ocrx_word' id='word_1_287' title='bbox 1557 2039 1671 2080; x_wconf 86' lang='lat' dir='ltr'><strong>me-</strong></span> 
     </span>
    </p>
   </div>
   <div class='ocr_carea' id='block_1_37' title="bbox 30 2111 1671 2183">
    <p class='ocr_par' dir='ltr' id='par_1_37' title="bbox 30 2111 1671 2183">
     <span class='ocr_line' id='line_1_37' title="bbox 30 2111 1671 2183; baseline 0.002 -17"><span class='ocrx_word' id='word_1_288' title='bbox 30 2112 290 2178; x_wconf 88' lang='lat' dir='ltr'><strong>diocre,</strong></span> <span class='ocrx_word' id='word_1_289' title='bbox 347 2111 485 2167; x_wconf 91' lang='lat' dir='ltr'><strong>nihil</strong></span> <span class='ocrx_word' id='word_1_290' title='bbox 531 2114 1023 2183; x_wconf 90' lang='lat' dir='ltr'><strong>circumscriptum,</strong></span> <span class='ocrx_word' id='word_1_291' title='bbox 1085 2112 1218 2168; x_wconf 88' lang='lat' dir='ltr'><strong>nihil</strong></span> <span class='ocrx_word' id='word_1_292' title='bbox 1271 2127 1550 2168; x_wconf 88' lang='lat' dir='ltr'><strong>emensmn</strong></span> <span class='ocrx_word' id='word_1_293' title='bbox 1615 2125 1671 2170; x_wconf 88' lang='lat' dir='ltr'><strong>et</strong></span> 
     </span>
    </p>
   </div>
   <div class='ocr_carea' id='block_1_38' title="bbox 35 2203 1670 2278">
    <p class='ocr_par' dir='ltr' id='par_1_38' title="bbox 35 2203 1670 2278">
     <span class='ocr_line' id='line_1_38' title="bbox 35 2203 1670 2278; baseline 0.003 -20"><span class='ocrx_word' id='word_1_294' title='bbox 35 2203 456 2275; x_wconf 77' lang='lat' dir='ltr'><strong>magnitudinis</strong></span> <span class='ocrx_word' id='word_1_295' title='bbox 481 2220 595 2260; x_wconf 83' lang='lat' dir='ltr'><strong>suae</strong></span> <span class='ocrx_word' id='word_1_296' title='bbox 624 2204 822 2262; x_wconf 92' lang='lat' dir='ltr'><strong>haheat</strong></span> <span class='ocrx_word' id='word_1_297' title='bbox 859 2216 913 2261; x_wconf 92' lang='lat' dir='ltr'><strong>et</strong></span> <span class='ocrx_word' id='word_1_298' title='bbox 957 2205 1152 2261; x_wconf 85' lang='lat' dir='ltr'><strong>laudis.</strong></span> <span class='ocrx_word' id='word_1_299' title='bbox 1197 2205 1385 2262; x_wconf 81' lang='lat' dir='ltr'><strong>Virtus</strong></span> <span class='ocrx_word' id='word_1_300' title='bbox 1412 2207 1528 2276; x_wconf 89' lang='lat' dir='ltr'><strong>ejus</strong></span> <span class='ocrx_word' id='word_1_301' title='bbox 1553 2208 1670 2278; x_wconf 88' lang='lat' dir='ltr'><strong>opi-</strong></span> 
     </span>
    </p>
   </div>
   <div class='ocr_carea' id='block_1_39' title="bbox 37 2299 1670 2366">
    <p class='ocr_par' dir='ltr' id='par_1_39' title="bbox 37 2299 1670 2366">
     <span class='ocr_line' id='line_1_39' title="bbox 37 2299 1670 2366; baseline 0.001 -12"><span class='ocrx_word' id='word_1_302' title='bbox 37 2299 224 2354; x_wconf 85' lang='lat' dir='ltr'><strong>uione</strong></span> <span class='ocrx_word' id='word_1_303' title='bbox 249 2313 363 2354; x_wconf 92' lang='lat' dir='ltr'><strong>non</strong></span> <span class='ocrx_word' id='word_1_304' title='bbox 394 2299 684 2366; x_wconf 87' lang='lat' dir='ltr'><strong>clauditur,</strong></span> <span class='ocrx_word' id='word_1_305' title='bbox 718 2300 853 2355; x_wconf 88' lang='lat' dir='ltr'><strong>locis</strong></span> <span class='ocrx_word' id='word_1_306' title='bbox 875 2314 982 2355; x_wconf 92' lang='lat' dir='ltr'><strong>non</strong></span> <span class='ocrx_word' id='word_1_307' title='bbox 1009 2299 1336 2366; x_wconf 87' lang='lat' dir='ltr'><strong>continetur,</strong></span> <span class='ocrx_word' id='word_1_308' title='bbox 1358 2300 1670 2356; x_wconf 88' lang='lat' dir='ltr'><strong>nominibus</strong></span> 
     </span>
    </p>
   </div>
   <div class='ocr_carea' id='block_1_40' title="bbox 43 2393 1670 2464">
    <p class='ocr_par' dir='ltr' id='par_1_40' title="bbox 43 2393 1670 2464">
     <span class='ocr_line' id='line_1_40' title="bbox 43 2393 1670 2464; baseline 0.003 -18"><span class='ocrx_word' id='word_1_309' title='bbox 43 2406 166 2447; x_wconf 88' lang='lat' dir='ltr'><strong>non</strong></span> <span class='ocrx_word' id='word_1_310' title='bbox 193 2393 539 2459; x_wconf 87' lang='lat' dir='ltr'><strong>enuntiatur,</strong></span> <span class='ocrx_word' id='word_1_311' title='bbox 585 2394 920 2464; x_wconf 89' lang='lat' dir='ltr'><strong>temporibus</strong></span> <span class='ocrx_word' id='word_1_312' title='bbox 949 2408 1055 2449; x_wconf 92' lang='lat' dir='ltr'><strong>non</strong></span> <span class='ocrx_word' id='word_1_313' title='bbox 1083 2393 1330 2449; x_wconf 90' lang='lat' dir='ltr'><strong>subditur</strong></span> <span class='ocrx_word' id='word_1_314' title='bbox 1362 2411 1375 2446; x_wconf 86' lang='lat'>:</span> <span class='ocrx_word' id='word_1_315' title='bbox 1408 2403 1559 2450; x_wconf 89' lang='lat' dir='ltr'><strong>artus</strong></span> <span class='ocrx_word' id='word_1_316' title='bbox 1602 2395 1670 2451; x_wconf 88' lang='lat' dir='ltr'><strong>ad</strong></span> 
     </span>
    </p>
   </div>
   <div class='ocr_carea' id='block_1_41' title="bbox 46 2484 1667 2557">
    <p class='ocr_par' dir='ltr' id='par_1_41' title="bbox 46 2484 1667 2557">
     <span class='ocr_line' id='line_1_41' title="bbox 46 2484 1667 2557; baseline 0.002 -17"><span class='ocrx_word' id='word_1_317' title='bbox 46 2484 108 2540; x_wconf 93' lang='lat' dir='ltr'><strong>id</strong></span> <span class='ocrx_word' id='word_1_318' title='bbox 134 2498 338 2540; x_wconf 84' lang='lat' dir='ltr'><strong>sensus</strong></span> <span class='ocrx_word' id='word_1_319' title='bbox 363 2494 550 2541; x_wconf 87' lang='lat' dir='ltr'><strong>noster</strong></span> <span class='ocrx_word' id='word_1_320' title='bbox 577 2495 684 2552; x_wconf 90' lang='lat' dir='ltr'><strong>est,</strong></span> <span class='ocrx_word' id='word_1_321' title='bbox 717 2486 989 2557; x_wconf 89' lang='lat' dir='ltr'><strong>ingenium</strong></span> <span class='ocrx_word' id='word_1_322' title='bbox 1020 2487 1184 2543; x_wconf 86' lang='lat' dir='ltr'><strong>hebes</strong></span> <span class='ocrx_word' id='word_1_323' title='bbox 1205 2496 1310 2554; x_wconf 92' lang='lat' dir='ltr'><strong>est,</strong></span> <span class='ocrx_word' id='word_1_324' title='bbox 1343 2503 1524 2543; x_wconf 92' lang='lat' dir='ltr'><strong>sermo</strong></span> <span class='ocrx_word' id='word_1_325' title='bbox 1545 2505 1667 2544; x_wconf 88' lang='lat' dir='ltr'><strong>mu—</strong></span> 
     </span>
    </p>
   </div>
   <div class='ocr_carea' id='block_1_42' title="bbox 51 2575 1669 2652">
    <p class='ocr_par' dir='ltr' id='par_1_42' title="bbox 51 2575 1669 2652">
     <span class='ocr_line' id='line_1_42' title="bbox 51 2575 1669 2652; baseline 0.003 -21"><span class='ocrx_word' id='word_1_326' title='bbox 51 2584 148 2631; x_wconf 91' lang='lat' dir='ltr'><strong>tus</strong></span> <span class='ocrx_word' id='word_1_327' title='bbox 171 2584 279 2630; x_wconf 90' lang='lat' dir='ltr'><strong>est.</strong></span> <span class='ocrx_word' id='word_1_328' title='bbox 311 2575 500 2631; x_wconf 84' lang='lat' dir='ltr'><strong>Finem</strong></span> <span class='ocrx_word' id='word_1_329' title='bbox 528 2577 915 2648; x_wconf 78' lang='lat' dir='ltr'><strong>magnificentia</strong></span> <span class='ocrx_word' id='word_1_330' title='bbox 939 2579 1103 2648; x_wconf 87' lang='lat' dir='ltr'><strong>ipsius</strong></span> <span class='ocrx_word' id='word_1_331' title='bbox 1130 2580 1334 2635; x_wconf 90' lang='lat' dir='ltr'><strong>nescit:</strong></span> <span class='ocrx_word' id='word_1_332' title='bbox 1359 2589 1412 2634; x_wconf 94' lang='lat' dir='ltr'><strong>et</strong></span> <span class='ocrx_word' id='word_1_333' title='bbox 1437 2580 1669 2652; x_wconf 87' lang='lat' dir='ltr'><strong>aliquam</strong></span> 
     </span>
    </p>
   </div>
   <div class='ocr_carea' id='block_1_43' title="bbox 53 2666 1670 2741">
    <p class='ocr_par' dir='ltr' id='par_1_43' title="bbox 53 2666 1670 2741">
     <span class='ocr_line' id='line_1_43' title="bbox 53 2666 1670 2741; baseline 0.002 -18"><span class='ocrx_word' id='word_1_334' title='bbox 53 2666 401 2723; x_wconf 83' lang='lat' dir='ltr'><strong>ementiendi</strong></span> <span class='ocrx_word' id='word_1_335' title='bbox 433 2683 492 2724; x_wconf 91' lang='lat' dir='ltr'><strong>se</strong></span> <span class='ocrx_word' id='word_1_336' title='bbox 537 2669 845 2738; x_wconf 89' lang='lat' dir='ltr'><strong>opinionem</strong></span> <span class='ocrx_word' id='word_1_337' title='bbox 901 2671 1163 2727; x_wconf 92' lang='lat' dir='ltr'><strong>immensa</strong></span> <span class='ocrx_word' id='word_1_338' title='bbox 1204 2671 1521 2741; x_wconf 88' lang='lat' dir='ltr'><strong>magnitudo</strong></span> <span class='ocrx_word' id='word_1_339' title='bbox 1562 2688 1670 2728; x_wconf 91' lang='lat' dir='ltr'><strong>non</strong></span> 
     </span>
    </p>
   </div>
   <div class='ocr_carea' id='block_1_44' title="bbox 56 2760 1672 2834">
    <p class='ocr_par' dir='ltr' id='par_1_44' title="bbox 56 2760 1672 2834">
     <span class='ocr_line' id='line_1_44' title="bbox 56 2760 1672 2834; baseline 0.004 -20"><span class='ocrx_word' id='word_1_340' title='bbox 56 2762 291 2832; x_wconf 90' lang='lat' dir='ltr'><strong>patitur.</strong></span> <span class='ocrx_word' id='word_1_341' title='bbox 356 2760 588 2817; x_wconf 79' lang='lat' dir='ltr'><strong>Extenta</strong></span> <span class='ocrx_word' id='word_1_342' title='bbox 620 2763 837 2833; x_wconf 90' lang='lat' dir='ltr'><strong>ubique,</strong></span> <span class='ocrx_word' id='word_1_343' title='bbox 873 2770 1089 2819; x_wconf 77' lang='lat' dir='ltr'><strong>extenta</strong></span> <span class='ocrx_word' id='word_1_344' title='bbox 1120 2779 1338 2834; x_wconf 90' lang='lat' dir='ltr'><strong>semper</strong></span> <span class='ocrx_word' id='word_1_345' title='bbox 1383 2774 1486 2832; x_wconf 90' lang='lat' dir='ltr'><strong>est,</strong></span> <span class='ocrx_word' id='word_1_346' title='bbox 1535 2763 1672 2820; x_wconf 92' lang='lat' dir='ltr'><strong>hanc</strong></span> 
     </span>
    </p>
   </div>
   <div class='ocr_carea' id='block_1_45' title="bbox 63 2853 1672 2912">
    <p class='ocr_par' dir='ltr' id='par_1_45' title="bbox 63 2853 1672 2912">
     <span class='ocr_line' id='line_1_45' title="bbox 63 2853 1672 2912; baseline 0.001 -2"><span class='ocrx_word' id='word_1_347' title='bbox 63 2855 284 2910; x_wconf 82' lang='lat' dir='ltr'><strong>habens</strong></span> <span class='ocrx_word' id='word_1_348' title='bbox 314 2853 594 2910; x_wconf 86' lang='lat' dir='ltr'><strong>inﬁnitatis</strong></span> <span class='ocrx_word' id='word_1_349' title='bbox 618 2871 730 2911; x_wconf 76' lang='lat' dir='ltr'><strong>sua:</strong></span> <span class='ocrx_word' id='word_1_350' title='bbox 756 2855 968 2912; x_wconf 91' lang='lat' dir='ltr'><strong>laudem</strong></span> <span class='ocrx_word' id='word_1_351' title='bbox 996 2875 1010 2912; x_wconf 90' lang='lat'><strong>:</strong></span> <span class='ocrx_word' id='word_1_352' title='bbox 1046 2865 1299 2912; x_wconf 74' lang='lat' dir='ltr'><strong>creterum</strong></span> <span class='ocrx_word' id='word_1_353' title='bbox 1340 2871 1555 2912; x_wconf 92' lang='lat' dir='ltr'><strong>omnem</strong></span> <span class='ocrx_word' id='word_1_354' title='bbox 1589 2859 1672 2912; x_wconf 85' lang='lat' dir='ltr'><strong>in-</strong></span> 
     </span>
    </p>
   </div>
   <div class='ocr_carea' id='block_1_46' title="bbox 67 2949 1672 3023">
    <p class='ocr_par' dir='ltr' id='par_1_46' title="bbox 67 2949 1672 3023">
     <span class='ocr_line' id='line_1_46' title="bbox 67 2949 1672 3023; baseline 0.002 -20"><span class='ocrx_word' id='word_1_355' title='bbox 67 2949 430 3020; x_wconf 85' lang='lat' dir='ltr'><strong>tclligentiam</strong></span> <span class='ocrx_word' id='word_1_356' title='bbox 482 2949 704 3005; x_wconf 81' lang='lat' dir='ltr'><strong>inﬁnita:</strong></span> <span class='ocrx_word' id='word_1_357' title='bbox 761 2950 921 3021; x_wconf 87' lang='lat' dir='ltr'><strong>hujus</strong></span> <span class='ocrx_word' id='word_1_358' title='bbox 973 2953 1025 3006; x_wconf 90' lang='lat' dir='ltr'><strong>in</strong></span> <span class='ocrx_word' id='word_1_359' title='bbox 1079 2965 1138 3006; x_wconf 91' lang='lat' dir='ltr'><strong>se</strong></span> <span class='ocrx_word' id='word_1_360' title='bbox 1190 2950 1464 3023; x_wconf 86' lang='lat' dir='ltr'><strong>qualitatis</strong></span> <span class='ocrx_word' id='word_1_361' title='bbox 1516 2965 1672 3008; x_wconf 80' lang='lat' dir='ltr'><strong>exce-</strong></span> 
     </span>
    </p>
   </div>
   <div class='ocr_carea' id='block_1_47' title="bbox 68 3041 234 3097">
    <p class='ocr_par' dir='ltr' id='par_1_47' title="bbox 68 3041 234 3097">
     <span class='ocr_line' id='line_1_47' title="bbox 68 3041 234 3097; baseline -0.018 -1"><span class='ocrx_word' id='word_1_362' title='bbox 68 3041 234 3097; x_wconf 89' lang='lat' dir='ltr'><strong>dens.</strong></span> 
     </span>
    </p>
   </div>
   <div class='ocr_carea' id='block_1_48' title="bbox 1772 1834 3379 1909">
    <p class='ocr_par' dir='ltr' id='par_1_48' title="bbox 1772 1834 3379 1909">
     <span class='ocr_line' id='line_1_48' title="bbox 1772 1834 3379 1909; baseline 0.002 -19"><span class='ocrx_word' id='word_1_363' title='bbox 1772 1836 1989 1891; x_wconf 90' lang='lat' dir='ltr'><strong>nihilde</strong></span> <span class='ocrx_word' id='word_1_364' title='bbox 2010 1851 2068 1892; x_wconf 90' lang='lat' dir='ltr'><strong>se</strong></span> <span class='ocrx_word' id='word_1_365' title='bbox 2095 1838 2312 1908; x_wconf 87' lang='lat' dir='ltr'><strong>dignum</strong></span> <span class='ocrx_word' id='word_1_366' title='bbox 2343 1838 2700 1895; x_wconf 90' lang='lat' dir='ltr'><strong>admiratione</strong></span> <span class='ocrx_word' id='word_1_367' title='bbox 2720 1834 3030 1909; x_wconf 65' lang='lat' dir='ltr'><strong>praestabit,</strong></span> <span class='ocrx_word' id='word_1_368' title='bbox 3061 1838 3107 1892; x_wconf 90' lang='lat' dir='ltr'><strong>si</strong></span> <span class='ocrx_word' id='word_1_369' title='bbox 3137 1837 3238 1893; x_wconf 89' lang='lat' dir='ltr'><strong>sibi</strong></span> <span class='ocrx_word' id='word_1_370' title='bbox 3262 1837 3379 1894; x_wconf 89' lang='lat' dir='ltr'><strong>sola</strong></span> 
     </span>
    </p>
   </div>
   <div class='ocr_carea' id='block_1_49' title="bbox 1774 1926 3382 1999">
    <p class='ocr_par' dir='ltr' id='par_1_49' title="bbox 1774 1926 3382 1999">
     <span class='ocr_line' id='line_1_49' title="bbox 1774 1926 3382 1999; baseline 0.001 -17"><span class='ocrx_word' id='word_1_371' title='bbox 1774 1927 1865 1982; x_wconf 91' lang='lat' dir='ltr'><strong>sit.</strong></span> <span class='ocrx_word' id='word_1_372' title='bbox 1915 1926 1986 1981; x_wconf 80' lang='lat' dir='ltr'><strong>At</strong></span> <span class='ocrx_word' id='word_1_373' title='bbox 2017 1942 2146 1982; x_wconf 90' lang='lat' dir='ltr'><strong>vero</strong></span> <span class='ocrx_word' id='word_1_374' title='bbox 2179 1929 2280 1984; x_wconf 90' lang='lat' dir='ltr'><strong>hoc</strong></span> <span class='ocrx_word' id='word_1_375' title='bbox 2311 1929 2588 1999; x_wconf 87' lang='lat' dir='ltr'><strong>proprium</strong></span> <span class='ocrx_word' id='word_1_376' title='bbox 2619 1940 2704 1986; x_wconf 92' lang='lat' dir='ltr'><strong>est</strong></span> <span class='ocrx_word' id='word_1_377' title='bbox 2731 1940 2787 1986; x_wconf 90' lang='lat' dir='ltr'><strong>et</strong></span> <span class='ocrx_word' id='word_1_378' title='bbox 2813 1929 3132 1985; x_wconf 90' lang='lat' dir='ltr'><strong>admirabile</strong></span> <span class='ocrx_word' id='word_1_379' title='bbox 3178 1930 3382 1985; x_wconf 89' lang='lat' dir='ltr'><strong>sancti-</strong></span> 
     </span>
    </p>
   </div>
   <div class='ocr_carea' id='block_1_50' title="bbox 1772 2019 3372 2092">
    <p class='ocr_par' dir='ltr' id='par_1_50' title="bbox 1772 2019 3372 2092">
     <span class='ocr_line' id='line_1_50' title="bbox 1772 2019 3372 2092; baseline 0.003 -20"><span class='ocrx_word' id='word_1_380' title='bbox 1772 2019 1917 2087; x_wconf 92' lang='lat' dir='ltr'><strong>tatis,</strong></span> <span class='ocrx_word' id='word_1_381' title='bbox 1942 2033 2064 2074; x_wconf 94' lang='lat' dir='ltr'><strong>cum</strong></span> <span class='ocrx_word' id='word_1_382' title='bbox 2107 2019 2209 2076; x_wconf 90' lang='lat' dir='ltr'><strong>hoc</strong></span> <span class='ocrx_word' id='word_1_383' title='bbox 2253 2022 2394 2090; x_wconf 90' lang='lat' dir='ltr'><strong>quod</strong></span> <span class='ocrx_word' id='word_1_384' title='bbox 2423 2021 2475 2076; x_wconf 94' lang='lat' dir='ltr'><strong>iu</strong></span> <span class='ocrx_word' id='word_1_385' title='bbox 2505 2035 2565 2078; x_wconf 90' lang='lat' dir='ltr'><strong>se</strong></span> <span class='ocrx_word' id='word_1_386' title='bbox 2591 2031 2695 2088; x_wconf 92' lang='lat' dir='ltr'><strong>est,</strong></span> <span class='ocrx_word' id='word_1_387' title='bbox 2723 2024 2774 2076; x_wconf 92' lang='lat' dir='ltr'><strong>in</strong></span> <span class='ocrx_word' id='word_1_388' title='bbox 2801 2037 2960 2077; x_wconf 92' lang='lat' dir='ltr'><strong>usum</strong></span> <span class='ocrx_word' id='word_1_389' title='bbox 2991 2021 3221 2077; x_wconf 87' lang='lat' dir='ltr'><strong>aliorum</strong></span> <span class='ocrx_word' id='word_1_390' title='bbox 3250 2022 3372 2092; x_wconf 93' lang='lat' dir='ltr'><strong>qui-</strong></span> 
     </span>
    </p>
   </div>
   <div class='ocr_carea' id='block_1_51' title="bbox 1770 2110 3376 2186">
    <p class='ocr_par' dir='ltr' id='par_1_51' title="bbox 1770 2110 3376 2186">
     <span class='ocr_line' id='line_1_51' title="bbox 1770 2110 3376 2186; baseline 0.003 -21"><span class='ocrx_word' id='word_1_391' title='bbox 1770 2110 1873 2165; x_wconf 90' lang='lat' dir='ltr'><strong>bus</strong></span> <span class='ocrx_word' id='word_1_392' title='bbox 1902 2120 1985 2166; x_wconf 86' lang='lat' dir='ltr'><strong>est</strong></span> <span class='ocrx_word' id='word_1_393' title='bbox 2016 2121 2201 2168; x_wconf 88' lang='lat' dir='ltr'><strong>sancta</strong></span> <span class='ocrx_word' id='word_1_394' title='bbox 2227 2114 2490 2169; x_wconf 89' lang='lat' dir='ltr'><strong>concedat</strong></span> <span class='ocrx_word' id='word_1_395' title='bbox 2524 2131 2537 2168; x_wconf 92' lang='lat'><strong>:</strong></span> <span class='ocrx_word' id='word_1_396' title='bbox 2569 2115 2682 2185; x_wconf 91' lang='lat' dir='ltr'><strong>ipsa</strong></span> <span class='ocrx_word' id='word_1_397' title='bbox 2707 2114 2886 2186; x_wconf 88' lang='lat' dir='ltr'><strong>aliquo</strong></span> <span class='ocrx_word' id='word_1_398' title='bbox 2916 2129 3020 2168; x_wconf 92' lang='lat' dir='ltr'><strong>non</strong></span> <span class='ocrx_word' id='word_1_399' title='bbox 3053 2128 3239 2184; x_wconf 89' lang='lat' dir='ltr'><strong>egens,</strong></span> <span class='ocrx_word' id='word_1_400' title='bbox 3273 2114 3376 2170; x_wconf 88' lang='lat' dir='ltr'><strong>nisi</strong></span> 
     </span>
    </p>
   </div>
   <div class='ocr_carea' id='block_1_52' title="bbox 1769 2203 3374 2272">
    <p class='ocr_par' dir='ltr' id='par_1_52' title="bbox 1769 2203 3374 2272">
     <span class='ocr_line' id='line_1_52' title="bbox 1769 2203 3374 2272; baseline 0.002 -14"><span class='ocrx_word' id='word_1_401' title='bbox 1769 2203 1910 2258; x_wconf 89' lang='lat' dir='ltr'><strong>forte</strong></span> <span class='ocrx_word' id='word_1_402' title='bbox 1961 2219 2056 2272; x_wconf 91' lang='lat' dir='ltr'><strong>per</strong></span> <span class='ocrx_word' id='word_1_403' title='bbox 2095 2205 2524 2261; x_wconf 81' lang='lat' dir='ltr'><strong>benevolentiam</strong></span> <span class='ocrx_word' id='word_1_404' title='bbox 2554 2221 2620 2261; x_wconf 93' lang='lat' dir='ltr'><strong>eo</strong></span> <span class='ocrx_word' id='word_1_405' title='bbox 2647 2213 2878 2272; x_wconf 89' lang='lat' dir='ltr'><strong>tantum,</strong></span> <span class='ocrx_word' id='word_1_406' title='bbox 2912 2215 2970 2261; x_wconf 93' lang='lat' dir='ltr'><strong>ut</strong></span> <span class='ocrx_word' id='word_1_407' title='bbox 2998 2220 3058 2260; x_wconf 92' lang='lat' dir='ltr'><strong>se</strong></span> <span class='ocrx_word' id='word_1_408' title='bbox 3085 2205 3220 2259; x_wconf 89' lang='lat' dir='ltr'><strong>alius</strong></span> <span class='ocrx_word' id='word_1_409' title='bbox 3252 2215 3374 2261; x_wconf 83' lang='lat' dir='ltr'><strong>uta-</strong></span> 
     </span>
    </p>
   </div>
   <div class='ocr_carea' id='block_1_53' title="bbox 1771 2296 3372 2368">
    <p class='ocr_par' dir='ltr' id='par_1_53' title="bbox 1771 2296 3372 2368">
     <span class='ocr_line' id='line_1_53' title="bbox 1771 2296 3372 2368; baseline 0.002 -18"><span class='ocrx_word' id='word_1_410' title='bbox 1771 2304 1880 2351; x_wconf 91' lang='lat' dir='ltr'><strong>tur.</strong></span> <span class='ocrx_word' id='word_1_411' title='bbox 1913 2296 1995 2352; x_wconf 84' lang='lat' dir='ltr'><strong>Ad</strong></span> <span class='ocrx_word' id='word_1_412' title='bbox 2025 2297 2076 2352; x_wconf 88' lang='lat' dir='ltr'><strong>id</strong></span> <span class='ocrx_word' id='word_1_413' title='bbox 2099 2313 2227 2368; x_wconf 87' lang='lat' dir='ltr'><strong>ergo</strong></span> <span class='ocrx_word' id='word_1_414' title='bbox 2250 2298 2390 2368; x_wconf 90' lang='lat' dir='ltr'><strong>quod</strong></span> <span class='ocrx_word' id='word_1_415' title='bbox 2413 2298 2616 2354; x_wconf 90' lang='lat' dir='ltr'><strong>dictum</strong></span> <span class='ocrx_word' id='word_1_416' title='bbox 2637 2307 2743 2364; x_wconf 91' lang='lat' dir='ltr'><strong>est,</strong></span> <span class='ocrx_word' id='word_1_417' title='bbox 2773 2297 2842 2352; x_wconf 84' lang='lat' dir='ltr'><strong>Et</strong></span> <span class='ocrx_word' id='word_1_418' title='bbox 2870 2300 3194 2353; x_wconf 81' lang='lat' dir='ltr'><strong>sanctitatem</strong></span> <span class='ocrx_word' id='word_1_419' title='bbox 3230 2309 3372 2353; x_wconf 87' lang='lat' dir='ltr'><strong>tuam</strong></span> 
     </span>
    </p>
   </div>
   <div class='ocr_carea' id='block_1_54' title="bbox 1771 2390 3374 2467">
    <p class='ocr_par' dir='ltr' id='par_1_54' title="bbox 1771 2390 3374 2467">
     <span class='ocr_line' id='line_1_54' title="bbox 1771 2390 3374 2467; baseline 0.001 -21"><span class='ocrx_word' id='word_1_420' title='bbox 1771 2390 2076 2462; x_wconf 85' lang='lat' dir='ltr'><strong>loquentur;</strong></span> <span class='ocrx_word' id='word_1_421' title='bbox 2106 2394 2302 2451; x_wconf 85' lang='lat' dir='ltr'><strong>merito</strong></span> <span class='ocrx_word' id='word_1_422' title='bbox 2323 2395 2571 2466; x_wconf 87' lang='lat' dir='ltr'><strong>subjecit,</strong></span> <span class='ocrx_word' id='word_1_423' title='bbox 2597 2393 2666 2450; x_wconf 86' lang='lat' dir='ltr'><strong>Et</strong></span> <span class='ocrx_word' id='word_1_424' title='bbox 2691 2393 2759 2467; x_wconf 90' lang='lat' dir='ltr'><strong>(e)</strong></span> <span class='ocrx_word' id='word_1_425' title='bbox 2787 2395 3044 2450; x_wconf 86' lang='lat' dir='ltr'><strong>mirabilia</strong></span> <span class='ocrx_word' id='word_1_426' title='bbox 3067 2404 3156 2449; x_wconf 88' lang='lat' dir='ltr'><strong>tua</strong></span> <span class='ocrx_word' id='word_1_427' title='bbox 3187 2410 3374 2449; x_wconf 87' lang='lat' dir='ltr'><strong>narra-</strong></span> 
     </span>
    </p>
   </div>
   <div class='ocr_carea' id='block_1_55' title="bbox 1773 2485 1914 2538">
    <p class='ocr_par' dir='ltr' id='par_1_55' title="bbox 1773 2485 1914 2538">
     <span class='ocr_line' id='line_1_55' title="bbox 1773 2485 1914 2538; baseline 0 0"><span class='ocrx_word' id='word_1_428' title='bbox 1773 2485 1914 2538; x_wconf 90' lang='lat' dir='ltr'><strong>bunt.</strong></span> 
     </span>
    </p>
   </div>
   <div class='ocr_carea' id='block_1_56' title="bbox 1847 2578 3368 2650">
    <p class='ocr_par' dir='ltr' id='par_1_56' title="bbox 1847 2578 3368 2650">
     <span class='ocr_line' id='line_1_56' title="bbox 1847 2578 3368 2650; baseline 0.002 -17"><span class='ocrx_word' id='word_1_429' title='bbox 1847 2578 1935 2633; x_wconf 80' lang='grc' dir='ltr'><strong>Η.</strong></span> <span class='ocrx_word' id='word_1_430' title='bbox 1979 2578 2137 2634; x_wconf 81' lang='lat' dir='ltr'><strong>Malis</strong></span> <span class='ocrx_word' id='word_1_431' title='bbox 2165 2580 2423 2634; x_wconf 87' lang='lat' dir='ltr'><strong>terribilis.</strong></span> <span class='ocrx_word' id='word_1_432' title='bbox 2475 2609 2548 2620; x_wconf 90' lang='lat'><strong>——</strong></span> <span class='ocrx_word' id='word_1_433' title='bbox 2607 2581 2672 2635; x_wconf 85' lang='lat' dir='ltr'><strong>Et</strong></span> <span class='ocrx_word' id='word_1_434' title='bbox 2719 2580 2962 2636; x_wconf 90' lang='lat' dir='ltr'><strong>mirabile</strong></span> <span class='ocrx_word' id='word_1_435' title='bbox 3005 2579 3220 2650; x_wconf 87' lang='lat' dir='ltr'><strong>quidem</strong></span> <span class='ocrx_word' id='word_1_436' title='bbox 3262 2587 3368 2647; x_wconf 81' lang='lat' dir='ltr'><strong>eSt,</strong></span> 
     </span>
    </p>
   </div>
   <div class='ocr_carea' id='block_1_57' title="bbox 1772 2670 3372 2743">
    <p class='ocr_par' dir='ltr' id='par_1_57' title="bbox 1772 2670 3372 2743">
     <span class='ocr_line' id='line_1_57' title="bbox 1772 2670 3372 2743; baseline 0 -17"><span class='ocrx_word' id='word_1_437' title='bbox 1772 2671 2111 2726; x_wconf 87' lang='lat' dir='ltr'><strong>sanctitatem</strong></span> <span class='ocrx_word' id='word_1_438' title='bbox 2144 2673 2274 2727; x_wconf 89' lang='lat' dir='ltr'><strong>nihil</strong></span> <span class='ocrx_word' id='word_1_439' title='bbox 2305 2673 2406 2726; x_wconf 87' lang='lat' dir='ltr'><strong>sibi</strong></span> <span class='ocrx_word' id='word_1_440' title='bbox 2459 2671 2824 2743; x_wconf 89' lang='lat' dir='ltr'><strong>proﬁcientem</strong></span> <span class='ocrx_word' id='word_1_441' title='bbox 2877 2674 2927 2726; x_wconf 93' lang='lat' dir='ltr'><strong>in</strong></span> <span class='ocrx_word' id='word_1_442' title='bbox 2980 2686 3134 2726; x_wconf 92' lang='lat' dir='ltr'><strong>usum</strong></span> <span class='ocrx_word' id='word_1_443' title='bbox 3180 2670 3372 2726; x_wconf 82' lang='lat' dir='ltr'><strong>aliena:</strong></span> 
     </span>
    </p>
   </div>
   <div class='ocr_carea' id='block_1_58' title="bbox 1771 2763 3363 2828">
    <p class='ocr_par' dir='ltr' id='par_1_58' title="bbox 1771 2763 3363 2828">
     <span class='ocr_line' id='line_1_58' title="bbox 1771 2763 3363 2828; baseline -0.002 -9"><span class='ocrx_word' id='word_1_444' title='bbox 1771 2763 2114 2819; x_wconf 88' lang='lat' dir='ltr'><strong>beatitudinis</strong></span> <span class='ocrx_word' id='word_1_445' title='bbox 2144 2764 2441 2820; x_wconf 80' lang='lat' dir='ltr'><strong>exuberare</strong></span> <span class='ocrx_word' id='word_1_446' title='bbox 2475 2781 2486 2816; x_wconf 94' lang='lat'>:</span> <span class='ocrx_word' id='word_1_447' title='bbox 2521 2763 2615 2818; x_wconf 92' lang='lat' dir='ltr'><strong>sed</strong></span> <span class='ocrx_word' id='word_1_448' title='bbox 2645 2763 2942 2818; x_wconf 92' lang='lat' dir='ltr'><strong>mirabilius</strong></span> <span class='ocrx_word' id='word_1_449' title='bbox 2966 2774 3070 2828; x_wconf 91' lang='lat' dir='ltr'><strong>est,</strong></span> <span class='ocrx_word' id='word_1_450' title='bbox 3103 2764 3363 2818; x_wconf 88' lang='lat' dir='ltr'><strong>sanctita-</strong></span> 
     </span>
    </p>
   </div>
   <div class='ocr_carea' id='block_1_59' title="bbox 1775 2855 3369 2928">
    <p class='ocr_par' dir='ltr' id='par_1_59' title="bbox 1775 2855 3369 2928">
     <span class='ocr_line' id='line_1_59' title="bbox 1775 2855 3369 2928; baseline 0.002 -20"><span class='ocrx_word' id='word_1_451' title='bbox 1775 2864 1880 2910; x_wconf 91' lang='lat' dir='ltr'><strong>tem</strong></span> <span class='ocrx_word' id='word_1_452' title='bbox 1914 2856 2125 2925; x_wconf 88' lang='lat' dir='ltr'><strong>plenam</strong></span> <span class='ocrx_word' id='word_1_453' title='bbox 2149 2871 2272 2912; x_wconf 89' lang='lat' dir='ltr'><strong>esse</strong></span> <span class='ocrx_word' id='word_1_454' title='bbox 2300 2855 2370 2928; x_wconf 68' lang='grc' dir='ltr'><strong>(ί)</strong></span> <span class='ocrx_word' id='word_1_455' title='bbox 2409 2855 2667 2922; x_wconf 80' lang='lat' dir='ltr'><strong>terroris;</strong></span> <span class='ocrx_word' id='word_1_456' title='bbox 2701 2872 2766 2911; x_wconf 87' lang='lat' dir='ltr'><strong>ne</strong></span> <span class='ocrx_word' id='word_1_457' title='bbox 2789 2856 2832 2910; x_wconf 92' lang='lat' dir='ltr'><strong>si</strong></span> <span class='ocrx_word' id='word_1_458' title='bbox 2866 2871 2971 2911; x_wconf 91' lang='lat' dir='ltr'><strong>non</strong></span> <span class='ocrx_word' id='word_1_459' title='bbox 3018 2855 3369 2911; x_wconf 91' lang='lat' dir='ltr'><strong>indiscretam</strong></span> 
     </span>
    </p>
   </div>
   <div class='ocr_carea' id='block_1_60' title="bbox 1773 2948 3372 3018">
    <p class='ocr_par' dir='ltr' id='par_1_60' title="bbox 1773 2948 3372 3018">
     <span class='ocr_line' id='line_1_60' title="bbox 1773 2948 3372 3018; baseline 0.001 -16"><span class='ocrx_word' id='word_1_460' title='bbox 1773 2962 1835 3004; x_wconf 90' lang='lat' dir='ltr'><strong>se</strong></span> <span class='ocrx_word' id='word_1_461' title='bbox 1867 2950 2138 3005; x_wconf 87' lang='lat' dir='ltr'><strong>utentibus</strong></span> <span class='ocrx_word' id='word_1_462' title='bbox 2159 2960 2250 3004; x_wconf 90' lang='lat' dir='ltr'><strong>aut</strong></span> <span class='ocrx_word' id='word_1_463' title='bbox 2275 2948 2670 3006; x_wconf 89' lang='lat' dir='ltr'><strong>abundantibus</strong></span> <span class='ocrx_word' id='word_1_464' title='bbox 2699 2956 2938 3018; x_wconf 76' lang='lat' dir='ltr'><strong>prmstet,</strong></span> <span class='ocrx_word' id='word_1_465' title='bbox 2965 2948 3092 3003; x_wconf 92' lang='lat' dir='ltr'><strong>dum</strong></span> <span class='ocrx_word' id='word_1_466' title='bbox 3122 2948 3278 3004; x_wconf 91' lang='lat' dir='ltr'><strong>bonis</strong></span> <span class='ocrx_word' id='word_1_467' title='bbox 3309 2962 3372 3003; x_wconf 91' lang='lat' dir='ltr'><strong>ac</strong></span> 
     </span>
    </p>
   </div>
   <div class='ocr_carea' id='block_1_61' title="bbox 1775 3043 3372 3117">
    <p class='ocr_par' dir='ltr' id='par_1_61' title="bbox 1775 3043 3372 3117">
     <span class='ocr_line' id='line_1_61' title="bbox 1775 3043 3372 3117; baseline 0.001 -21"><span class='ocrx_word' id='word_1_468' title='bbox 1775 3043 1932 3098; x_wconf 90' lang='lat' dir='ltr'><strong>malis</strong></span> <span class='ocrx_word' id='word_1_469' title='bbox 1958 3045 2260 3114; x_wconf 89' lang='lat' dir='ltr'><strong>promiscua</strong></span> <span class='ocrx_word' id='word_1_470' title='bbox 2291 3053 2395 3112; x_wconf 89' lang='lat' dir='ltr'><strong>est,</strong></span> <span class='ocrx_word' id='word_1_471' title='bbox 2428 3058 2481 3100; x_wconf 90' lang='lat' dir='ltr'><strong>et</strong></span> <span class='ocrx_word' id='word_1_472' title='bbox 2504 3053 2774 3117; x_wconf 85' lang='lat' dir='ltr'><strong>tamquam</strong></span> <span class='ocrx_word' id='word_1_473' title='bbox 2806 3060 2871 3099; x_wconf 81' lang='lat' dir='ltr'><strong>ex</strong></span> <span class='ocrx_word' id='word_1_474' title='bbox 2899 3052 3105 3099; x_wconf 72' lang='lat' dir='ltr'><strong>natura:</strong></span> <span class='ocrx_word' id='word_1_475' title='bbox 3135 3044 3372 3099; x_wconf 90' lang='lat' dir='ltr'><strong>necessi-</strong></span> 
     </span>
    </p>
   </div>
   <div class='ocr_carea' id='block_1_62' title="bbox 148 3135 3374 3208">
    <p class='ocr_par' dir='ltr' id='par_1_62' title="bbox 148 3135 3374 3208">
     <span class='ocr_line' id='line_1_62' title="bbox 148 3135 3374 3208; baseline 0 -19"><span class='ocrx_word' id='word_1_476' title='bbox 148 3135 202 3189; x_wconf 89' lang='lat'><strong>7.</strong></span> <span class='ocrx_word' id='word_1_477' title='bbox 247 3137 288 3188; x_wconf 83' lang='lat' dir='ltr'><strong><em>A</em></strong></span> <span class='ocrx_word' id='word_1_478' title='bbox 333 3135 512 3203; x_wconf 81' lang='lat' dir='ltr'><strong>quibus</strong></span> <span class='ocrx_word' id='word_1_479' title='bbox 555 3135 867 3192; x_wconf 83' lang='lat' dir='ltr'><strong>laudandus.</strong></span> <span class='ocrx_word' id='word_1_480' title='bbox 912 3166 982 3177; x_wconf 92' lang='lat'>—</span> <span class='ocrx_word' id='word_1_481' title='bbox 1033 3137 1097 3191; x_wconf 89' lang='lat' dir='ltr'><strong>Et</strong></span> <span class='ocrx_word' id='word_1_482' title='bbox 1123 3136 1246 3207; x_wconf 92' lang='lat' dir='ltr'><strong>quia</strong></span> <span class='ocrx_word' id='word_1_483' title='bbox 1278 3135 1392 3192; x_wconf 78' lang='lat' dir='ltr'><strong>lucc</strong></span> <span class='ocrx_word' id='word_1_484' title='bbox 1446 3137 1530 3192; x_wconf 91' lang='lat' dir='ltr'><strong>vel</strong></span> <span class='ocrx_word' id='word_1_485' title='bbox 1571 3138 1672 3192; x_wconf 92' lang='lat' dir='ltr'><strong>im-</strong></span> <span class='ocrx_word' id='word_1_486' title='bbox 1698 3137 1744 3202; x_wconf 88' lang='lat' dir='ltr'>C</span> <span class='ocrx_word' id='word_1_487' title='bbox 1775 3144 1885 3191; x_wconf 90' lang='lat' dir='ltr'><strong>tate</strong></span> <span class='ocrx_word' id='word_1_488' title='bbox 1911 3151 1970 3192; x_wconf 92' lang='lat' dir='ltr'><strong>se</strong></span> <span class='ocrx_word' id='word_1_489' title='bbox 1993 3139 2258 3208; x_wconf 79' lang='lat' dir='ltr'><strong>praebens,</strong></span> <span class='ocrx_word' id='word_1_490' title='bbox 2292 3138 2701 3194; x_wconf 88' lang='lat' dir='ltr'><strong>admirationem</strong></span> <span class='ocrx_word' id='word_1_491' title='bbox 2748 3153 2852 3190; x_wconf 87' lang='lat' dir='ltr'><strong>non</strong></span> <span class='ocrx_word' id='word_1_492' title='bbox 2881 3135 3076 3192; x_wconf 87' lang='lat' dir='ltr'><strong>habeat</strong></span> <span class='ocrx_word' id='word_1_493' title='bbox 3118 3135 3374 3192; x_wconf 85' lang='lat' dir='ltr'><strong>sanctita-</strong></span> 
     </span>
    </p>
   </div>
   <div class='ocr_carea' id='block_1_63' title="bbox 74 3231 1669 3303">
    <p class='ocr_par' dir='ltr' id='par_1_63' title="bbox 74 3231 1669 3303">
     <span class='ocr_line' id='line_1_63' title="bbox 74 3231 1669 3303; baseline 0.002 -17"><span class='ocrx_word' id='word_1_494' title='bbox 74 3245 280 3286; x_wconf 75' lang='lat' dir='ltr'><strong>mensze</strong></span> <span class='ocrx_word' id='word_1_495' title='bbox 311 3231 690 3302; x_wconf 87' lang='lat' dir='ltr'><strong>magnitudinis</strong></span> <span class='ocrx_word' id='word_1_496' title='bbox 729 3234 987 3303; x_wconf 89' lang='lat' dir='ltr'><strong>cognitio,</strong></span> <span class='ocrx_word' id='word_1_497' title='bbox 1027 3234 1110 3290; x_wconf 88' lang='lat' dir='ltr'><strong>vel</strong></span> <span class='ocrx_word' id='word_1_498' title='bbox 1155 3234 1390 3289; x_wconf 89' lang='lat' dir='ltr'><strong>laudatio</strong></span> <span class='ocrx_word' id='word_1_499' title='bbox 1445 3249 1669 3303; x_wconf 88' lang='lat' dir='ltr'><strong>operum</strong></span> 
     </span>
    </p>
   </div>
   <div class='ocr_carea' id='block_1_64' title="bbox 78 3323 1674 3398">
    <p class='ocr_par' dir='ltr' id='par_1_64' title="bbox 78 3323 1674 3398">
     <span class='ocr_line' id='line_1_64' title="bbox 78 3323 1674 3398; baseline 0.004 -20"><span class='ocrx_word' id='word_1_500' title='bbox 78 3323 174 3379; x_wconf 89' lang='lat' dir='ltr'><strong>Dei</strong></span> <span class='ocrx_word' id='word_1_501' title='bbox 200 3339 305 3379; x_wconf 94' lang='lat' dir='ltr'><strong>non</strong></span> <span class='ocrx_word' id='word_1_502' title='bbox 333 3326 572 3380; x_wconf 91' lang='lat' dir='ltr'><strong>omnium</strong></span> <span class='ocrx_word' id='word_1_503' title='bbox 598 3328 834 3397; x_wconf 87' lang='lat' dir='ltr'><strong>gentium</strong></span> <span class='ocrx_word' id='word_1_504' title='bbox 860 3336 972 3393; x_wconf 69' lang='lat' dir='ltr'><strong>est;</strong></span> <span class='ocrx_word' id='word_1_505' title='bbox 1011 3327 1208 3398; x_wconf 90' lang='lat' dir='ltr'><strong>quibus</strong></span> <span class='ocrx_word' id='word_1_506' title='bbox 1233 3343 1263 3383; x_wconf 90' lang='lat' dir='ltr'><strong>a</strong></span> <span class='ocrx_word' id='word_1_507' title='bbox 1289 3330 1674 3385; x_wconf 90' lang='lat' dir='ltr'><strong>constitutione</strong></span> 
     </span>
    </p>
   </div>
   <div class='ocr_carea' id='block_1_65' title="bbox 83 3416 1676 3492">
    <p class='ocr_par' dir='ltr' id='par_1_65' title="bbox 83 3416 1676 3492">
     <span class='ocr_line' id='line_1_65' title="bbox 83 3416 1676 3492; baseline 0.003 -21"><span class='ocrx_word' id='word_1_508' title='bbox 83 3416 271 3472; x_wconf 77' lang='lat' dir='ltr'><strong>mundi</strong></span> <span class='ocrx_word' id='word_1_509' title='bbox 304 3417 406 3472; x_wconf 87' lang='lat' dir='ltr'><strong>vita</strong></span> <span class='ocrx_word' id='word_1_510' title='bbox 430 3427 485 3473; x_wconf 93' lang='lat' dir='ltr'><strong>et</strong></span> <span class='ocrx_word' id='word_1_511' title='bbox 533 3433 728 3474; x_wconf 91' lang='lat' dir='ltr'><strong>sensus</strong></span> <span class='ocrx_word' id='word_1_512' title='bbox 753 3419 944 3476; x_wconf 91' lang='lat' dir='ltr'><strong>fuisset</strong></span> <span class='ocrx_word' id='word_1_513' title='bbox 972 3419 1256 3492; x_wconf 86' lang='lat' dir='ltr'><strong>futuraque</strong></span> <span class='ocrx_word' id='word_1_514' title='bbox 1277 3429 1444 3486; x_wconf 90' lang='lat' dir='ltr'><strong>esset,</strong></span> <span class='ocrx_word' id='word_1_515' title='bbox 1483 3436 1676 3476; x_wconf 90' lang='lat' dir='ltr'><strong>conse-</strong></span> 
     </span>
    </p>
   </div>
   <div class='ocr_carea' id='block_1_66' title="bbox 79 3510 1672 3587">
    <p class='ocr_par' dir='ltr' id='par_1_66' title="bbox 79 3510 1672 3587">
     <span class='ocr_line' id='line_1_66' title="bbox 79 3510 1672 3587; baseline 0.003 -23"><span class='ocrx_word' id='word_1_516' title='bbox 79 3519 308 3581; x_wconf 89' lang='lat' dir='ltr'><strong>quenter</strong></span> <span class='ocrx_word' id='word_1_517' title='bbox 327 3510 575 3580; x_wconf 90' lang='lat' dir='ltr'><strong>subjecit,</strong></span> <span class='ocrx_word' id='word_1_518' title='bbox 605 3511 770 3569; x_wconf 77' lang='lat' dir='ltr'><strong>Vens.</strong></span> <span class='ocrx_word' id='word_1_519' title='bbox 805 3515 839 3570; x_wconf 68' lang='grc' dir='ltr'>ι</span> <span class='ocrx_word' id='word_1_520' title='bbox 865 3532 877 3566; x_wconf 89' lang='lat'><strong>:</strong></span> <span class='ocrx_word' id='word_1_521' title='bbox 905 3513 1173 3569; x_wconf 83' lang='lat' dir='ltr'><strong>Generatio</strong></span> <span class='ocrx_word' id='word_1_522' title='bbox 1203 3523 1252 3570; x_wconf 91' lang='lat' dir='ltr'><strong>et</strong></span> <span class='ocrx_word' id='word_1_523' title='bbox 1277 3516 1534 3587; x_wconf 86' lang='lat' dir='ltr'><strong>generatio</strong></span> <span class='ocrx_word' id='word_1_524' title='bbox 1557 3516 1672 3569; x_wconf 83' lang='lat' dir='ltr'><strong>lau-</strong></span> 
     </span>
    </p>
   </div>
   <div class='ocr_carea' id='block_1_67' title="bbox 81 3602 1675 3678">
    <p class='ocr_par' dir='ltr' id='par_1_67' title="bbox 81 3602 1675 3678">
     <span class='ocr_line' id='line_1_67' title="bbox 81 3602 1675 3678; baseline 0.004 -23"><span class='ocrx_word' id='word_1_525' title='bbox 81 3602 220 3656; x_wconf 82' lang='lat' dir='ltr'><strong>dabit</strong></span> <span class='ocrx_word' id='word_1_526' title='bbox 248 3619 397 3671; x_wconf 83' lang='lat' dir='ltr'><strong>opera</strong></span> <span class='ocrx_word' id='word_1_527' title='bbox 443 3613 550 3659; x_wconf 88' lang='lat' dir='ltr'><strong>tua.</strong></span> <span class='ocrx_word' id='word_1_528' title='bbox 601 3603 716 3660; x_wconf 84' lang='lat' dir='ltr'><strong>Non</strong></span> <span class='ocrx_word' id='word_1_529' title='bbox 750 3607 932 3676; x_wconf 89' lang='lat' dir='ltr'><strong>utique</strong></span> <span class='ocrx_word' id='word_1_530' title='bbox 957 3606 1335 3677; x_wconf 89' lang='lat' dir='ltr'><strong>generationes</strong></span> <span class='ocrx_word' id='word_1_531' title='bbox 1362 3615 1414 3662; x_wconf 92' lang='lat' dir='ltr'><strong>et</strong></span> <span class='ocrx_word' id='word_1_532' title='bbox 1449 3622 1675 3678; x_wconf 87' lang='lat' dir='ltr'><strong>genera-</strong></span> 
     </span>
    </p>
   </div>
   <div class='ocr_carea' id='block_1_68' title="bbox 84 3693 1674 3769">
    <p class='ocr_par' dir='ltr' id='par_1_68' title="bbox 84 3693 1674 3769">
     <span class='ocr_line' id='line_1_68' title="bbox 84 3693 1674 3769; baseline 0.006 -22"><span class='ocrx_word' id='word_1_533' title='bbox 84 3693 275 3759; x_wconf 89' lang='lat' dir='ltr'><strong>tiones,</strong></span> <span class='ocrx_word' id='word_1_534' title='bbox 305 3709 420 3766; x_wconf 82' lang='lat' dir='ltr'><strong>quae</strong></span> <span class='ocrx_word' id='word_1_535' title='bbox 460 3703 514 3750; x_wconf 92' lang='lat' dir='ltr'><strong>et</strong></span> <span class='ocrx_word' id='word_1_536' title='bbox 556 3696 894 3766; x_wconf 83' lang='lat' dir='ltr'><strong>temporibus</strong></span> <span class='ocrx_word' id='word_1_537' title='bbox 922 3707 974 3752; x_wconf 92' lang='lat' dir='ltr'><strong>ct</strong></span> <span class='ocrx_word' id='word_1_538' title='bbox 1019 3697 1267 3768; x_wconf 89' lang='lat' dir='ltr'><strong>gentibus</strong></span> <span class='ocrx_word' id='word_1_539' title='bbox 1293 3698 1475 3752; x_wconf 75' lang='lat' dir='ltr'><strong>multa:</strong></span> <span class='ocrx_word' id='word_1_540' title='bbox 1513 3705 1674 3769; x_wconf 89' lang='lat' dir='ltr'><strong>atque</strong></span> 
     </span>
    </p>
   </div>
   <div class='ocr_carea' id='block_1_69' title="bbox 86 3787 1668 3864">
    <p class='ocr_par' dir='ltr' id='par_1_69' title="bbox 86 3787 1668 3864">
     <span class='ocr_line' id='line_1_69' title="bbox 86 3787 1668 3864; baseline 0.003 -22"><span class='ocrx_word' id='word_1_541' title='bbox 86 3787 322 3842; x_wconf 73' lang='lat' dir='ltr'><strong>adversm</strong></span> <span class='ocrx_word' id='word_1_542' title='bbox 363 3797 489 3844; x_wconf 90' lang='lat' dir='ltr'><strong>sunt</strong></span> <span class='ocrx_word' id='word_1_543' title='bbox 528 3806 540 3842; x_wconf 92' lang='lat'><strong>:</strong></span> <span class='ocrx_word' id='word_1_544' title='bbox 587 3789 682 3845; x_wconf 91' lang='lat' dir='ltr'><strong>sed</strong></span> <span class='ocrx_word' id='word_1_545' title='bbox 713 3797 970 3861; x_wconf 84' lang='lat' dir='ltr'><strong>generatio</strong></span> <span class='ocrx_word' id='word_1_546' title='bbox 997 3807 1117 3861; x_wconf 65' lang='lat' dir='ltr'><strong>qua:</strong></span> <span class='ocrx_word' id='word_1_547' title='bbox 1165 3791 1232 3846; x_wconf 91' lang='lat' dir='ltr'><strong>ab</strong></span> <span class='ocrx_word' id='word_1_548' title='bbox 1271 3791 1541 3846; x_wconf 81' lang='lat' dir='ltr'><strong>Abraham</strong></span> <span class='ocrx_word' id='word_1_549' title='bbox 1591 3791 1668 3864; x_wconf 87' lang='lat' dir='ltr'><strong>(b)</strong></span> 
     </span>
    </p>
   </div>
   <div class='ocr_carea' id='block_1_70' title="bbox 88 3882 1671 3956">
    <p class='ocr_par' dir='ltr' id='par_1_70' title="bbox 88 3882 1671 3956">
     <span class='ocr_line' id='line_1_70' title="bbox 88 3882 1671 3956; baseline 0.004 -20"><span class='ocrx_word' id='word_1_550' title='bbox 88 3882 267 3952; x_wconf 68' lang='lat' dir='ltr'><strong>erepit,</strong></span> <span class='ocrx_word' id='word_1_551' title='bbox 295 3898 410 3952; x_wconf 79' lang='lat' dir='ltr'><strong>qua:</strong></span> <span class='ocrx_word' id='word_1_552' title='bbox 449 3897 544 3954; x_wconf 90' lang='lat' dir='ltr'><strong>per</strong></span> <span class='ocrx_word' id='word_1_553' title='bbox 568 3883 781 3954; x_wconf 87' lang='lat' dir='ltr'><strong>signum</strong></span> <span class='ocrx_word' id='word_1_554' title='bbox 829 3885 1258 3940; x_wconf 87' lang='lat' dir='ltr'><strong>circumcisionis</strong></span> <span class='ocrx_word' id='word_1_555' title='bbox 1289 3885 1575 3956; x_wconf 89' lang='lat' dir='ltr'><strong>deputatur</strong></span> <span class='ocrx_word' id='word_1_556' title='bbox 1617 3887 1671 3942; x_wconf 92' lang='lat' dir='ltr'><strong>in</strong></span> 
     </span>
    </p>
   </div>
   <div class='ocr_carea' id='block_1_71' title="bbox 91 3975 1672 4050">
    <p class='ocr_par' dir='ltr' id='par_1_71' title="bbox 91 3975 1672 4050">
     <span class='ocr_line' id='line_1_71' title="bbox 91 3975 1672 4050; baseline 0.003 -18"><span class='ocrx_word' id='word_1_557' title='bbox 91 3975 281 4047; x_wconf 79' lang='lat' dir='ltr'><strong>Legem</strong></span> <span class='ocrx_word' id='word_1_558' title='bbox 311 3993 322 4040; x_wconf 94' lang='lat'><strong>;</strong></span> <span class='ocrx_word' id='word_1_559' title='bbox 356 3986 402 4030; x_wconf 87' lang='lat' dir='ltr'><strong>et</strong></span> <span class='ocrx_word' id='word_1_560' title='bbox 429 3977 689 4048; x_wconf 86' lang='lat' dir='ltr'><strong>generatio</strong></span> <span class='ocrx_word' id='word_1_561' title='bbox 717 3993 836 4048; x_wconf 66' lang='lat' dir='ltr'><strong>qua}</strong></span> <span class='ocrx_word' id='word_1_562' title='bbox 867 3989 1157 4033; x_wconf 84' lang='lat' dir='ltr'><strong>renovatur</strong></span> <span class='ocrx_word' id='word_1_563' title='bbox 1187 3978 1237 4033; x_wconf 92' lang='lat' dir='ltr'><strong>in</strong></span> <span class='ocrx_word' id='word_1_564' title='bbox 1264 3976 1500 4048; x_wconf 89' lang='lat' dir='ltr'><strong>Christo,</strong></span> <span class='ocrx_word' id='word_1_565' title='bbox 1552 3995 1672 4050; x_wconf 71' lang='lat' dir='ltr'><strong>qua:</strong></span> 
     </span>
    </p>
   </div>
   <div class='ocr_carea' id='block_1_72' title="bbox 93 4069 1674 4145">
    <p class='ocr_par' dir='ltr' id='par_1_72' title="bbox 93 4069 1674 4145">
     <span class='ocr_line' id='line_1_72' title="bbox 93 4069 1674 4145; baseline 0.004 -21"><span class='ocrx_word' id='word_1_566' title='bbox 93 4085 153 4125; x_wconf 80' lang='lat' dir='ltr'><strong>ex</strong></span> <span class='ocrx_word' id='word_1_567' title='bbox 185 4069 430 4126; x_wconf 86' lang='lat' dir='ltr'><strong>doctrinis</strong></span> <span class='ocrx_word' id='word_1_568' title='bbox 460 4070 785 4142; x_wconf 83' lang='lat' dir='ltr'><strong>propheticis</strong></span> <span class='ocrx_word' id='word_1_569' title='bbox 812 4071 879 4128; x_wconf 91' lang='lat' dir='ltr'><strong>ad</strong></span> <span class='ocrx_word' id='word_1_570' title='bbox 921 4072 1080 4129; x_wconf 90' lang='lat' dir='ltr'><strong>ﬁdem</strong></span> <span class='ocrx_word' id='word_1_571' title='bbox 1119 4074 1441 4145; x_wconf 76' lang='lat' dir='ltr'><strong>evangelica:</strong></span> <span class='ocrx_word' id='word_1_572' title='bbox 1476 4075 1674 4144; x_wconf 87' lang='lat' dir='ltr'><strong>justifi-</strong></span> 
     </span>
    </p>
   </div>
   <div class='ocr_carea' id='block_1_73' title="bbox 93 4165 1670 4239">
    <p class='ocr_par' dir='ltr' id='par_1_73' title="bbox 93 4165 1670 4239">
     <span class='ocr_line' id='line_1_73' title="bbox 93 4165 1670 4239; baseline 0.003 -21"><span class='ocrx_word' id='word_1_573' title='bbox 93 4165 310 4218; x_wconf 88' lang='lat' dir='ltr'><strong>cationis</strong></span> <span class='ocrx_word' id='word_1_574' title='bbox 334 4165 632 4221; x_wconf 88' lang='lat' dir='ltr'><strong>instruitur.</strong></span> <span class='ocrx_word' id='word_1_575' title='bbox 683 4165 883 4222; x_wconf 86' lang='lat' dir='ltr'><strong>Harum</strong></span> <span class='ocrx_word' id='word_1_576' title='bbox 916 4167 1077 4239; x_wconf 89' lang='lat' dir='ltr'><strong>igitur</strong></span> <span class='ocrx_word' id='word_1_577' title='bbox 1105 4168 1514 4239; x_wconf 89' lang='lat' dir='ltr'><strong>generationum</strong></span> <span class='ocrx_word' id='word_1_578' title='bbox 1547 4183 1670 4239; x_wconf 89' lang='lat' dir='ltr'><strong>pro-</strong></span> 
     </span>
    </p>
   </div>
   <div class='ocr_carea' id='block_1_74' title="bbox 96 4257 964 4331">
    <p class='ocr_par' dir='ltr' id='par_1_74' title="bbox 96 4257 964 4331">
     <span class='ocr_line' id='line_1_74' title="bbox 96 4257 964 4331; baseline 0.005 -19"><span class='ocrx_word' id='word_1_579' title='bbox 96 4257 262 4328; x_wconf 90' lang='lat' dir='ltr'><strong>prium</strong></span> <span class='ocrx_word' id='word_1_580' title='bbox 288 4269 385 4322; x_wconf 91' lang='lat' dir='ltr'><strong>est,</strong></span> <span class='ocrx_word' id='word_1_581' title='bbox 415 4259 507 4315; x_wconf 88' lang='lat' dir='ltr'><strong>Dei</strong></span> <span class='ocrx_word' id='word_1_582' title='bbox 531 4275 694 4331; x_wconf 91' lang='lat' dir='ltr'><strong>opera</strong></span> <span class='ocrx_word' id='word_1_583' title='bbox 724 4261 964 4316; x_wconf 91' lang='lat' dir='ltr'><strong>laudare.</strong></span> 
     </span>
    </p>
   </div>
   <div class='ocr_carea' id='block_1_75' title="bbox 167 4350 1675 4426">
    <p class='ocr_par' dir='ltr' id='par_1_75' title="bbox 167 4350 1675 4426">
     <span class='ocr_line' id='line_1_75' title="bbox 167 4350 1675 4426; baseline 0.002 -20"><span class='ocrx_word' id='word_1_584' title='bbox 167 4351 219 4406; x_wconf 88' lang='lat'><strong>8.</strong></span> <span class='ocrx_word' id='word_1_585' title='bbox 256 4350 562 4407; x_wconf 86' lang='lat' dir='ltr'><strong>Laudandus</strong></span> <span class='ocrx_word' id='word_1_586' title='bbox 589 4351 730 4408; x_wconf 84' lang='lat' dir='ltr'><strong>Deus</strong></span> <span class='ocrx_word' id='word_1_587' title='bbox 773 4355 895 4426; x_wconf 86' lang='lat' dir='ltr'><strong>quia</strong></span> <span class='ocrx_word' id='word_1_588' title='bbox 923 4355 976 4408; x_wconf 91' lang='lat' dir='ltr'><strong>in</strong></span> <span class='ocrx_word' id='word_1_589' title='bbox 1005 4353 1156 4426; x_wconf 80' lang='lat' dir='ltr'><strong>factis</strong></span> <span class='ocrx_word' id='word_1_590' title='bbox 1184 4362 1380 4424; x_wconf 81' lang='lat' dir='ltr'><strong>potens.</strong></span> <span class='ocrx_word' id='word_1_591' title='bbox 1423 4383 1494 4394; x_wconf 85' lang='lat'><strong>—-</strong></span> <span class='ocrx_word' id='word_1_592' title='bbox 1539 4353 1675 4409; x_wconf 87' lang='lat' dir='ltr'><strong>Lau-</strong></span> 
     </span>
    </p>
   </div>
   <div class='ocr_carea' id='block_1_76' title="bbox 99 4443 1668 4516">
    <p class='ocr_par' dir='ltr' id='par_1_76' title="bbox 99 4443 1668 4516">
     <span class='ocr_line' id='line_1_76' title="bbox 99 4443 1668 4516; baseline 0.001 -18"><span class='ocrx_word' id='word_1_593' title='bbox 99 4443 209 4498; x_wconf 90' lang='lat' dir='ltr'><strong>dari</strong></span> <span class='ocrx_word' id='word_1_594' title='bbox 231 4459 382 4514; x_wconf 88' lang='lat' dir='ltr'><strong>opera</strong></span> <span class='ocrx_word' id='word_1_595' title='bbox 410 4445 504 4499; x_wconf 89' lang='lat' dir='ltr'><strong>Dei</strong></span> <span class='ocrx_word' id='word_1_596' title='bbox 547 4459 654 4501; x_wconf 92' lang='lat' dir='ltr'><strong>non</strong></span> <span class='ocrx_word' id='word_1_597' title='bbox 684 4445 790 4500; x_wconf 90' lang='lat' dir='ltr'><strong>alia</strong></span> <span class='ocrx_word' id='word_1_598' title='bbox 821 4446 958 4501; x_wconf 89' lang='lat' dir='ltr'><strong>ratio</strong></span> <span class='ocrx_word' id='word_1_599' title='bbox 997 4447 1274 4512; x_wconf 91' lang='lat' dir='ltr'><strong>admonet,</strong></span> <span class='ocrx_word' id='word_1_600' title='bbox 1321 4461 1481 4516; x_wconf 91' lang='lat' dir='ltr'><strong>quam</strong></span> <span class='ocrx_word' id='word_1_601' title='bbox 1526 4445 1668 4516; x_wconf 91' lang='lat' dir='ltr'><strong>quod</strong></span> 
     </span>
    </p>
   </div>
   <div class='ocr_carea' id='block_1_77' title="bbox 1777 3228 3372 3294">
    <p class='ocr_par' dir='ltr' id='par_1_77' title="bbox 1777 3228 3372 3294">
     <span class='ocr_line' id='line_1_77' title="bbox 1777 3228 3372 3294; baseline 0.001 -11"><span class='ocrx_word' id='word_1_602' title='bbox 1777 3229 1863 3283; x_wconf 88' lang='lat' dir='ltr'><strong>tis.</strong></span> <span class='ocrx_word' id='word_1_603' title='bbox 1899 3229 1966 3284; x_wconf 85' lang='lat' dir='ltr'><strong>Et</strong></span> <span class='ocrx_word' id='word_1_604' title='bbox 2014 3230 2215 3287; x_wconf 87' lang='lat' dir='ltr'><strong>idcirco</strong></span> <span class='ocrx_word' id='word_1_605' title='bbox 2261 3248 2385 3286; x_wconf 81' lang='lat' dir='ltr'><strong>mox</strong></span> <span class='ocrx_word' id='word_1_606' title='bbox 2432 3231 2692 3294; x_wconf 91' lang='lat' dir='ltr'><strong>subdidit,</strong></span> <span class='ocrx_word' id='word_1_607' title='bbox 2731 3228 2898 3284; x_wconf 72' lang='lat' dir='ltr'><strong>Vens.</strong></span> <span class='ocrx_word' id='word_1_608' title='bbox 2931 3230 2965 3284; x_wconf 88' lang='lat'><strong><em>6</em></strong></span> <span class='ocrx_word' id='word_1_609' title='bbox 2997 3248 3010 3284; x_wconf 91' lang='lat'><strong>:</strong></span> <span class='ocrx_word' id='word_1_610' title='bbox 3037 3229 3103 3284; x_wconf 86' lang='lat' dir='ltr'><strong>Et</strong></span> <span class='ocrx_word' id='word_1_611' title='bbox 3134 3231 3372 3284; x_wconf 82' lang='lat' dir='ltr'><strong>virtutem</strong></span> 
     </span>
    </p>
   </div>
   <div class='ocr_carea' id='block_1_78' title="bbox 1775 3321 3368 3392">
    <p class='ocr_par' dir='ltr' id='par_1_78' title="bbox 1775 3321 3368 3392">
     <span class='ocr_line' id='line_1_78' title="bbox 1775 3321 3368 3392; baseline 0.001 -18"><span class='ocrx_word' id='word_1_612' title='bbox 1775 3321 2078 3376; x_wconf 85' lang='lat' dir='ltr'><strong>terribilium</strong></span> <span class='ocrx_word' id='word_1_613' title='bbox 2119 3332 2324 3378; x_wconf 88' lang='lat' dir='ltr'><strong>tuorum</strong></span> <span class='ocrx_word' id='word_1_614' title='bbox 2351 3324 2518 3378; x_wconf 89' lang='lat' dir='ltr'><strong>dicent</strong></span> <span class='ocrx_word' id='word_1_615' title='bbox 2548 3339 2566 3376; x_wconf 93' lang='lat'><strong><em>:</em></strong></span> <span class='ocrx_word' id='word_1_616' title='bbox 2593 3332 2650 3376; x_wconf 90' lang='lat' dir='ltr'><strong>ut</strong></span> <span class='ocrx_word' id='word_1_617' title='bbox 2679 3321 3018 3376; x_wconf 88' lang='lat' dir='ltr'><strong>sanctitatem</strong></span> <span class='ocrx_word' id='word_1_618' title='bbox 3064 3322 3368 3392; x_wconf 89' lang='lat' dir='ltr'><strong>loquentes,</strong></span> 
     </span>
    </p>
   </div>
   <div class='ocr_carea' id='block_1_79' title="bbox 1775 3415 3368 3485">
    <p class='ocr_par' dir='ltr' id='par_1_79' title="bbox 1775 3415 3368 3485">
     <span class='ocr_line' id='line_1_79' title="bbox 1775 3415 3368 3485; baseline 0.001 -17"><span class='ocrx_word' id='word_1_619' title='bbox 1775 3424 1829 3469; x_wconf 88' lang='lat' dir='ltr'><strong>et</strong></span> <span class='ocrx_word' id='word_1_620' title='bbox 1885 3415 2150 3471; x_wconf 88' lang='lat' dir='ltr'><strong>mirabilia</strong></span> <span class='ocrx_word' id='word_1_621' title='bbox 2196 3429 2502 3482; x_wconf 89' lang='lat' dir='ltr'><strong>narrantes,</strong></span> <span class='ocrx_word' id='word_1_622' title='bbox 2549 3416 2733 3471; x_wconf 88' lang='lat' dir='ltr'><strong>dicant</strong></span> <span class='ocrx_word' id='word_1_623' title='bbox 2781 3430 2995 3485; x_wconf 90' lang='lat' dir='ltr'><strong>quoque</strong></span> <span class='ocrx_word' id='word_1_624' title='bbox 3049 3415 3368 3471; x_wconf 89' lang='lat' dir='ltr'><strong>terribilium</strong></span> 
     </span>
    </p>
   </div>
   <div class='ocr_carea' id='block_1_80' title="bbox 1775 3505 3372 3577">
    <p class='ocr_par' dir='ltr' id='par_1_80' title="bbox 1775 3505 3372 3577">
     <span class='ocr_line' id='line_1_80' title="bbox 1775 3505 3372 3577; baseline 0.003 -18"><span class='ocrx_word' id='word_1_625' title='bbox 1775 3506 2061 3575; x_wconf 88' lang='lat' dir='ltr'><strong>virtutem,</strong></span> <span class='ocrx_word' id='word_1_626' title='bbox 2095 3509 2271 3564; x_wconf 89' lang='lat' dir='ltr'><strong>media</strong></span> <span class='ocrx_word' id='word_1_627' title='bbox 2299 3509 2653 3566; x_wconf 89' lang='lat' dir='ltr'><strong>admiratione</strong></span> <span class='ocrx_word' id='word_1_628' title='bbox 2679 3505 2822 3560; x_wconf 82' lang='lat' dir='ltr'><strong>inter</strong></span> <span class='ocrx_word' id='word_1_629' title='bbox 2841 3507 3182 3563; x_wconf 91' lang='lat' dir='ltr'><strong>sanctitatem</strong></span> <span class='ocrx_word' id='word_1_630' title='bbox 3209 3518 3372 3577; x_wconf 89' lang='lat' dir='ltr'><strong>atque</strong></span> 
     </span>
    </p>
   </div>
   <div class='ocr_carea' id='block_1_81' title="bbox 1774 3601 3373 3666">
    <p class='ocr_par' dir='ltr' id='par_1_81' title="bbox 1774 3601 3373 3666">
     <span class='ocr_line' id='line_1_81' title="bbox 1774 3601 3373 3666; baseline 0.003 -14"><span class='ocrx_word' id='word_1_631' title='bbox 1774 3605 2059 3666; x_wconf 90' lang='lat' dir='ltr'><strong>terrorem,</strong></span> <span class='ocrx_word' id='word_1_632' title='bbox 2093 3601 2217 3656; x_wconf 92' lang='lat' dir='ltr'><strong>dum</strong></span> <span class='ocrx_word' id='word_1_633' title='bbox 2244 3613 2293 3657; x_wconf 88' lang='lat' dir='ltr'><strong>et</strong></span> <span class='ocrx_word' id='word_1_634' title='bbox 2324 3611 2498 3658; x_wconf 90' lang='lat' dir='ltr'><strong>terror</strong></span> <span class='ocrx_word' id='word_1_635' title='bbox 2523 3605 2702 3660; x_wconf 88' lang='lat' dir='ltr'><strong>suavis</strong></span> <span class='ocrx_word' id='word_1_636' title='bbox 2746 3610 2800 3656; x_wconf 91' lang='lat' dir='ltr'><strong>et</strong></span> <span class='ocrx_word' id='word_1_637' title='bbox 2839 3602 3094 3657; x_wconf 81' lang='lat' dir='ltr'><strong>terribilis</strong></span> <span class='ocrx_word' id='word_1_638' title='bbox 3135 3601 3373 3656; x_wconf 88' lang='lat' dir='ltr'><strong>suavitas</strong></span> 
     </span>
    </p>
   </div>
   <div class='ocr_carea' id='block_1_82' title="bbox 1772 3690 3372 3755">
    <p class='ocr_par' dir='ltr' id='par_1_82' title="bbox 1772 3690 3372 3755">
     <span class='ocr_line' id='line_1_82' title="bbox 1772 3690 3372 3755; baseline 0.004 -11"><span class='ocrx_word' id='word_1_639' title='bbox 1772 3690 2146 3748; x_wconf 89' lang='lat' dir='ltr'><strong>admirabilem</strong></span> <span class='ocrx_word' id='word_1_640' title='bbox 2199 3694 2326 3751; x_wconf 84' lang='lat' dir='ltr'><strong>facit</strong></span> <span class='ocrx_word' id='word_1_641' title='bbox 2378 3706 2435 3752; x_wconf 90' lang='lat' dir='ltr'><strong>et</strong></span> <span class='ocrx_word' id='word_1_642' title='bbox 2485 3709 2750 3755; x_wconf 90' lang='lat' dir='ltr'><strong>terrorem</strong></span> <span class='ocrx_word' id='word_1_643' title='bbox 2796 3712 3014 3754; x_wconf 89' lang='lat' dir='ltr'><strong>suavem</strong></span> <span class='ocrx_word' id='word_1_644' title='bbox 3061 3706 3113 3752; x_wconf 89' lang='lat' dir='ltr'><strong>et</strong></span> <span class='ocrx_word' id='word_1_645' title='bbox 3164 3694 3372 3751; x_wconf 89' lang='lat' dir='ltr'><strong>terribi-</strong></span> 
     </span>
    </p>
   </div>
   <div class='ocr_carea' id='block_1_83' title="bbox 1774 3782 2249 3844">
    <p class='ocr_par' dir='ltr' id='par_1_83' title="bbox 1774 3782 2249 3844">
     <span class='ocr_line' id='line_1_83' title="bbox 1774 3782 2249 3844; baseline 0.017 -7"><span class='ocrx_word' id='word_1_646' title='bbox 1774 3782 1878 3838; x_wconf 90' lang='lat' dir='ltr'><strong>lem</strong></span> <span class='ocrx_word' id='word_1_647' title='bbox 1909 3786 2249 3844; x_wconf 90' lang='lat' dir='ltr'><strong>suavitatem.</strong></span> 
     </span>
    </p>
   </div>
   <div class='ocr_carea' id='block_1_84' title="bbox 1856 3881 3373 3955">
    <p class='ocr_par' dir='ltr' id='par_1_84' title="bbox 1856 3881 3373 3955">
     <span class='ocr_line' id='line_1_84' title="bbox 1856 3881 3373 3955; baseline -0.002 -17"><span class='ocrx_word' id='word_1_648' title='bbox 1856 3882 1942 3938; x_wconf 75' lang='grc'><strong>19..</strong></span> <span class='ocrx_word' id='word_1_649' title='bbox 1986 3881 2210 3955; x_wconf 77' lang='lat' dir='ltr'><strong>Magnus</strong></span> <span class='ocrx_word' id='word_1_650' title='bbox 2241 3883 2350 3939; x_wconf 86' lang='lat' dir='ltr'><strong>sine</strong></span> <span class='ocrx_word' id='word_1_651' title='bbox 2371 3884 2541 3940; x_wconf 88' lang='lat' dir='ltr'><strong>modo.</strong></span> <span class='ocrx_word' id='word_1_652' title='bbox 2573 3884 2751 3940; x_wconf 88' lang='lat' dir='ltr'><strong>Bonus</strong></span> <span class='ocrx_word' id='word_1_653' title='bbox 2783 3900 2982 3953; x_wconf 84' lang='lat' dir='ltr'><strong>semper</strong></span> <span class='ocrx_word' id='word_1_654' title='bbox 3008 3891 3054 3938; x_wconf 86' lang='lat' dir='ltr'><strong>el</strong></span> <span class='ocrx_word' id='word_1_655' title='bbox 3101 3881 3373 3938; x_wconf 84' lang='lat' dir='ltr'><strong>abundan-</strong></span> 
     </span>
    </p>
   </div>
   <div class='ocr_carea' id='block_1_85' title="bbox 1774 3978 3372 4050">
    <p class='ocr_par' dir='ltr' id='par_1_85' title="bbox 1774 3978 3372 4050">
     <span class='ocr_line' id='line_1_85' title="bbox 1774 3978 3372 4050; baseline -0.001 -18"><span class='ocrx_word' id='word_1_656' title='bbox 1774 3988 1866 4033; x_wconf 89' lang='lat' dir='ltr'><strong>ter.</strong></span> <span class='ocrx_word' id='word_1_657' title='bbox 1895 4008 1965 4018; x_wconf 91' lang='lat'><strong><em>-—</em></strong></span> <span class='ocrx_word' id='word_1_658' title='bbox 1995 3978 2076 4035; x_wconf 91' lang='lat' dir='ltr'><strong>0h</strong></span> <span class='ocrx_word' id='word_1_659' title='bbox 2101 3978 2246 4050; x_wconf 91' lang='lat' dir='ltr'><strong>quod</strong></span> <span class='ocrx_word' id='word_1_660' title='bbox 2275 3979 2544 4050; x_wconf 82' lang='lat' dir='ltr'><strong>ingentem</strong></span> <span class='ocrx_word' id='word_1_661' title='bbox 2574 3979 2713 4036; x_wconf 85' lang='lat' dir='ltr'><strong>hanc</strong></span> <span class='ocrx_word' id='word_1_662' title='bbox 2740 3978 3074 4035; x_wconf 82' lang='lat' dir='ltr'><strong>admirandae</strong></span> <span class='ocrx_word' id='word_1_663' title='bbox 3105 3989 3372 4046; x_wconf 90' lang='lat' dir='ltr'><strong>tempera-</strong></span> 
     </span>
    </p>
   </div>
   <div class='ocr_carea' id='block_1_86' title="bbox 1773 4065 3371 4141">
    <p class='ocr_par' dir='ltr' id='par_1_86' title="bbox 1773 4065 3371 4141">
     <span class='ocr_line' id='line_1_86' title="bbox 1773 4065 3371 4141; baseline -0.003 -17"><span class='ocrx_word' id='word_1_664' title='bbox 1773 4071 1934 4125; x_wconf 90' lang='lat' dir='ltr'><strong>tionis</strong></span> <span class='ocrx_word' id='word_1_665' title='bbox 1951 4070 2370 4141; x_wconf 88' lang='lat' dir='ltr'><strong>magnitudinem</strong></span> <span class='ocrx_word' id='word_1_666' title='bbox 2399 4070 2658 4141; x_wconf 89' lang='lat' dir='ltr'><strong>propheta</strong></span> <span class='ocrx_word' id='word_1_667' title='bbox 2683 4067 3274 4139; x_wconf 81' lang='lat' dir='ltr'><strong>intelligens,subjecit,</strong></span> <span class='ocrx_word' id='word_1_668' title='bbox 3303 4065 3371 4120; x_wconf 78' lang='lat' dir='ltr'><strong>Et</strong></span> 
     </span>
    </p>
   </div>
   <div class='ocr_carea' id='block_1_87' title="bbox 1773 4158 3370 4234">
    <p class='ocr_par' dir='ltr' id='par_1_87' title="bbox 1773 4158 3370 4234">
     <span class='ocr_line' id='line_1_87' title="bbox 1773 4158 3370 4234; baseline -0.003 -17"><span class='ocrx_word' id='word_1_669' title='bbox 1773 4165 2174 4234; x_wconf 83' lang='lat' dir='ltr'><strong>magnitudinem</strong></span> <span class='ocrx_word' id='word_1_670' title='bbox 2191 4173 2331 4217; x_wconf 89' lang='lat' dir='ltr'><strong>tuam</strong></span> <span class='ocrx_word' id='word_1_671' title='bbox 2349 4165 2649 4218; x_wconf 80' lang='lat' dir='ltr'><strong>narrabant.</strong></span> <span class='ocrx_word' id='word_1_672' title='bbox 2683 4162 3062 4233; x_wconf 78' lang='lat' dir='ltr'><strong>Magnitudinis</strong></span> <span class='ocrx_word' id='word_1_673' title='bbox 3083 4159 3228 4214; x_wconf 90' lang='lat' dir='ltr'><strong>enim</strong></span> <span class='ocrx_word' id='word_1_674' title='bbox 3253 4158 3370 4212; x_wconf 88' lang='lat' dir='ltr'><strong>inﬁ-</strong></span> 
     </span>
    </p>
   </div>
   <div class='ocr_carea' id='block_1_88' title="bbox 1774 4251 3369 4325">
    <p class='ocr_par' dir='ltr' id='par_1_88' title="bbox 1774 4251 3369 4325">
     <span class='ocr_line' id='line_1_88' title="bbox 1774 4251 3369 4325; baseline -0.004 -13"><span class='ocrx_word' id='word_1_675' title='bbox 1774 4259 1899 4312; x_wconf 76' lang='lat' dir='ltr'><strong>nita:</strong></span> <span class='ocrx_word' id='word_1_676' title='bbox 1916 4263 2019 4318; x_wconf 89' lang='lat' dir='ltr'><strong>est,</strong></span> <span class='ocrx_word' id='word_1_677' title='bbox 2045 4257 2096 4310; x_wconf 92' lang='lat' dir='ltr'><strong>in</strong></span> <span class='ocrx_word' id='word_1_678' title='bbox 2122 4257 2230 4310; x_wconf 86' lang='lat' dir='ltr'><strong>Deo</strong></span> <span class='ocrx_word' id='word_1_679' title='bbox 2246 4257 2386 4325; x_wconf 88' lang='lat' dir='ltr'><strong>quod</strong></span> <span class='ocrx_word' id='word_1_680' title='bbox 2419 4256 2656 4310; x_wconf 88' lang='lat' dir='ltr'><strong>terribile</strong></span> <span class='ocrx_word' id='word_1_681' title='bbox 2683 4263 2766 4310; x_wconf 91' lang='lat' dir='ltr'><strong>est</strong></span> <span class='ocrx_word' id='word_1_682' title='bbox 2787 4269 2947 4310; x_wconf 87' lang='lat' dir='ltr'><strong>suave</strong></span> <span class='ocrx_word' id='word_1_683' title='bbox 2974 4269 3118 4319; x_wconf 87' lang='lat' dir='ltr'><strong>esse,</strong></span> <span class='ocrx_word' id='word_1_684' title='bbox 3143 4260 3199 4308; x_wconf 91' lang='lat' dir='ltr'><strong>et</strong></span> <span class='ocrx_word' id='word_1_685' title='bbox 3223 4251 3369 4321; x_wconf 91' lang='lat' dir='ltr'><strong>quod</strong></span> 
     </span>
    </p>
   </div>
   <div class='ocr_carea' id='block_1_89' title="bbox 1773 4343 3372 4418">
    <p class='ocr_par' dir='ltr' id='par_1_89' title="bbox 1773 4343 3372 4418">
     <span class='ocr_line' id='line_1_89' title="bbox 1773 4343 3372 4418; baseline -0.004 -14"><span class='ocrx_word' id='word_1_686' title='bbox 1773 4365 1942 4406; x_wconf 89' lang='lat' dir='ltr'><strong>suave</strong></span> <span class='ocrx_word' id='word_1_687' title='bbox 1980 4357 2063 4404; x_wconf 88' lang='lat' dir='ltr'><strong>est</strong></span> <span class='ocrx_word' id='word_1_688' title='bbox 2091 4363 2213 4403; x_wconf 89' lang='lat' dir='ltr'><strong>esse</strong></span> <span class='ocrx_word' id='word_1_689' title='bbox 2235 4348 2494 4403; x_wconf 90' lang='lat' dir='ltr'><strong>terribile.</strong></span> <span class='ocrx_word' id='word_1_690' title='bbox 2545 4347 2852 4418; x_wconf 79' lang='lat' dir='ltr'><strong>Magnitudo</strong></span> <span class='ocrx_word' id='word_1_691' title='bbox 2872 4356 3048 4400; x_wconf 87' lang='lat' dir='ltr'><strong>autem</strong></span> <span class='ocrx_word' id='word_1_692' title='bbox 3079 4360 3184 4400; x_wconf 92' lang='lat' dir='ltr'><strong>non</strong></span> <span class='ocrx_word' id='word_1_693' title='bbox 3211 4343 3372 4399; x_wconf 85' lang='lat' dir='ltr'><strong>habet</strong></span> 
     </span>
    </p>
   </div>
   <div class='ocr_carea' id='block_1_90' title="bbox 1774 4436 3370 4509">
    <p class='ocr_par' dir='ltr' id='par_1_90' title="bbox 1774 4436 3370 4509">
     <span class='ocr_line' id='line_1_90' title="bbox 1774 4436 3370 4509; baseline -0.007 -9"><span class='ocrx_word' id='word_1_694' title='bbox 1774 4446 2027 4499; x_wconf 91' lang='lat' dir='ltr'><strong>modum:</strong></span> <span class='ocrx_word' id='word_1_695' title='bbox 2050 4457 2116 4497; x_wconf 90' lang='lat' dir='ltr'><strong>ne</strong></span> <span class='ocrx_word' id='word_1_696' title='bbox 2137 4442 2181 4496; x_wconf 92' lang='lat' dir='ltr'><strong>si</strong></span> <span class='ocrx_word' id='word_1_697' title='bbox 2206 4439 2478 4496; x_wconf 88' lang='lat' dir='ltr'><strong>moderata</strong></span> <span class='ocrx_word' id='word_1_698' title='bbox 2499 4441 2588 4504; x_wconf 91' lang='lat' dir='ltr'><strong>sit,</strong></span> <span class='ocrx_word' id='word_1_699' title='bbox 2604 4440 2716 4509; x_wconf 88' lang='lat' dir='ltr'><strong>jam</strong></span> <span class='ocrx_word' id='word_1_700' title='bbox 2733 4437 3039 4509; x_wconf 81' lang='lat' dir='ltr'><strong>magnitudo</strong></span> <span class='ocrx_word' id='word_1_701' title='bbox 3061 4451 3166 4491; x_wconf 95' lang='lat' dir='ltr'><strong>non</strong></span> <span class='ocrx_word' id='word_1_702' title='bbox 3189 4436 3255 4490; x_wconf 89' lang='lat' dir='ltr'><strong>sit</strong></span> <span class='ocrx_word' id='word_1_703' title='bbox 3275 4449 3370 4505; x_wconf 88' lang='lat' dir='ltr'><strong>per</strong></span> 
     </span>
    </p>
   </div>
   <div class='ocr_carea' id='block_1_91' title="bbox 100 4529 3369 4609">
    <p class='ocr_par' dir='ltr' id='par_1_91' title="bbox 100 4529 3369 4609">
     <span class='ocr_line' id='line_1_91' title="bbox 100 4529 3369 4609; baseline -0.002 -18"><span class='ocrx_word' id='word_1_704' title='bbox 100 4535 265 4591; x_wconf 87' lang='lat' dir='ltr'><strong>omnia</strong></span> <span class='ocrx_word' id='word_1_705' title='bbox 292 4535 354 4589; x_wconf 90' lang='lat' dir='ltr'><strong>ab</strong></span> <span class='ocrx_word' id='word_1_706' title='bbox 377 4549 442 4591; x_wconf 91' lang='lat' dir='ltr'><strong>eo</strong></span> <span class='ocrx_word' id='word_1_707' title='bbox 471 4545 718 4607; x_wconf 89' lang='lat' dir='ltr'><strong>potenter</strong></span> <span class='ocrx_word' id='word_1_708' title='bbox 742 4537 932 4592; x_wconf 79' lang='lat' dir='ltr'><strong>effecta</strong></span> <span class='ocrx_word' id='word_1_709' title='bbox 962 4546 1088 4592; x_wconf 91' lang='lat' dir='ltr'><strong>sunt</strong></span> <span class='ocrx_word' id='word_1_710' title='bbox 1113 4538 1188 4608; x_wconf 81' lang='grc' dir='ltr'><strong>(ο)</strong></span> <span class='ocrx_word' id='word_1_711' title='bbox 1235 4555 1248 4591; x_wconf 92' lang='lat'><strong>:</strong></span> <span class='ocrx_word' id='word_1_712' title='bbox 1295 4538 1418 4609; x_wconf 91' lang='lat' dir='ltr'><strong>quia</strong></span> <span class='ocrx_word' id='word_1_713' title='bbox 1464 4553 1667 4608; x_wconf 71' lang='lat' dir='ltr'><strong>praeco-</strong></span> <span class='ocrx_word' id='word_1_714' title='bbox 1694 4533 1748 4593; x_wconf 93' lang='lat' dir='ltr'><strong>D</strong></span> <span class='ocrx_word' id='word_1_715' title='bbox 1773 4539 1845 4606; x_wconf 89' lang='lat' dir='ltr'><strong>id,</strong></span> <span class='ocrx_word' id='word_1_716' title='bbox 1891 4537 2031 4608; x_wconf 89' lang='lat' dir='ltr'><strong>quod</strong></span> <span class='ocrx_word' id='word_1_717' title='bbox 2064 4535 2223 4591; x_wconf 93' lang='lat' dir='ltr'><strong>modo</strong></span> <span class='ocrx_word' id='word_1_718' title='bbox 2249 4552 2353 4591; x_wconf 86' lang='lat' dir='ltr'><strong>non</strong></span> <span class='ocrx_word' id='word_1_719' title='bbox 2386 4543 2552 4591; x_wconf 79' lang='lat' dir='ltr'><strong>caret.</strong></span> <span class='ocrx_word' id='word_1_720' title='bbox 2588 4533 2655 4590; x_wconf 89' lang='lat' dir='ltr'><strong>Ut</strong></span> <span class='ocrx_word' id='word_1_721' title='bbox 2683 4548 2810 4602; x_wconf 83' lang='lat' dir='ltr'><strong>ergo</strong></span> <span class='ocrx_word' id='word_1_722' title='bbox 2829 4531 3059 4603; x_wconf 55' lang='lat' dir='ltr'><strong>proin-iac</strong></span> <span class='ocrx_word' id='word_1_723' title='bbox 3085 4529 3369 4585; x_wconf 88' lang='lat' dir='ltr'><strong>admiratio</strong></span> 
     </span>
    </p>
   </div>
   <div class='ocr_carea' id='block_1_92' title="bbox 101 4627 1660 4703">
    <p class='ocr_par' dir='ltr' id='par_1_92' title="bbox 101 4627 1660 4703">
     <span class='ocr_line' id='line_1_92' title="bbox 101 4627 1660 4703; baseline 0.001 -19"><span class='ocrx_word' id='word_1_724' title='bbox 101 4627 235 4684; x_wconf 88' lang='lat' dir='ltr'><strong>nium</strong></span> <span class='ocrx_word' id='word_1_725' title='bbox 258 4627 458 4695; x_wconf 90' lang='lat' dir='ltr'><strong>habeat,</strong></span> <span class='ocrx_word' id='word_1_726' title='bbox 493 4647 600 4686; x_wconf 91' lang='lat' dir='ltr'><strong>non</strong></span> <span class='ocrx_word' id='word_1_727' title='bbox 630 4630 832 4700; x_wconf 90' lang='lat' dir='ltr'><strong>aliquid</strong></span> <span class='ocrx_word' id='word_1_728' title='bbox 862 4631 1059 4701; x_wconf 87' lang='lat' dir='ltr'><strong>egisse,</strong></span> <span class='ocrx_word' id='word_1_729' title='bbox 1084 4631 1178 4687; x_wconf 90' lang='lat' dir='ltr'><strong>sed</strong></span> <span class='ocrx_word' id='word_1_730' title='bbox 1200 4641 1446 4701; x_wconf 87' lang='lat' dir='ltr'><strong>potenter</strong></span> <span class='ocrx_word' id='word_1_731' title='bbox 1465 4633 1660 4703; x_wconf 83' lang='lat' dir='ltr'><strong>egisse.</strong></span> 
     </span>
    </p>
   </div>
   <div class='ocr_carea' id='block_1_93' title="bbox 102 4722 1669 4795">
    <p class='ocr_par' dir='ltr' id='par_1_93' title="bbox 102 4722 1669 4795">
     <span class='ocr_line' id='line_1_93' title="bbox 102 4722 1669 4795; baseline 0.002 -20"><span class='ocrx_word' id='word_1_732' title='bbox 102 4722 164 4775; x_wconf 89' lang='lat' dir='ltr'><strong>Et</strong></span> <span class='ocrx_word' id='word_1_733' title='bbox 229 4722 338 4780; x_wconf 90' lang='lat' dir='ltr'><strong>ideo</strong></span> <span class='ocrx_word' id='word_1_734' title='bbox 397 4723 664 4794; x_wconf 82' lang='lat' dir='ltr'><strong>subjecit,</strong></span> <span class='ocrx_word' id='word_1_735' title='bbox 714 4722 784 4779; x_wconf 85' lang='lat' dir='ltr'><strong>Et</strong></span> <span class='ocrx_word' id='word_1_736' title='bbox 831 4725 1111 4794; x_wconf 83' lang='lat' dir='ltr'><strong>potentiam</strong></span> <span class='ocrx_word' id='word_1_737' title='bbox 1157 4734 1298 4779; x_wconf 88' lang='lat' dir='ltr'><strong>tuam</strong></span> <span class='ocrx_word' id='word_1_738' title='bbox 1363 4727 1669 4795; x_wconf 86' lang='lat' dir='ltr'><strong>pronuntia-</strong></span> 
     </span>
    </p>
   </div>
   <div class='ocr_carea' id='block_1_94' title="bbox 105 4813 235 4869">
    <p class='ocr_par' dir='ltr' id='par_1_94' title="bbox 105 4813 235 4869">
     <span class='ocr_line' id='line_1_94' title="bbox 105 4813 235 4869; baseline 0 -3"><span class='ocrx_word' id='word_1_739' title='bbox 105 4813 235 4869; x_wconf 86' lang='lat' dir='ltr'><strong>bunt.</strong></span> 
     </span>
    </p>
   </div>
   <div class='ocr_carea' id='block_1_95' title="bbox 174 4968 1670 5044">
    <p class='ocr_par' dir='ltr' id='par_1_95' title="bbox 174 4968 1670 5044">
     <span class='ocr_line' id='line_1_95' title="bbox 174 4968 1670 5044; baseline 0.005 -21"><span class='ocrx_word' id='word_1_740' title='bbox 174 4968 243 5041; x_wconf 88' lang='lat' dir='ltr'><strong>(a)</strong></span> <span class='ocrx_word' id='word_1_741' title='bbox 278 4969 365 5027; x_wconf 84' lang='lat' dir='ltr'><strong>Ms.</strong></span> <span class='ocrx_word' id='word_1_742' title='bbox 391 4970 490 5026; x_wconf 83' lang='lat' dir='ltr'><strong>Mic</strong></span> <span class='ocrx_word' id='word_1_743' title='bbox 509 4986 573 5029; x_wconf 91' lang='lat' dir='ltr'><strong>ac</strong></span> <span class='ocrx_word' id='word_1_744' title='bbox 597 4972 766 5044; x_wconf 84' lang='lat' dir='ltr'><strong>prima</strong></span> <span class='ocrx_word' id='word_1_745' title='bbox 789 4971 956 5029; x_wconf 89' lang='lat' dir='ltr'><strong>editio</strong></span> <span class='ocrx_word' id='word_1_746' title='bbox 977 4972 1098 5030; x_wconf 86' lang='lat' dir='ltr'><strong>Par.</strong></span> <span class='ocrx_word' id='word_1_747' title='bbox 1121 4989 1236 5029; x_wconf 90' lang='lat' dir='ltr'><strong>cum</strong></span> <span class='ocrx_word' id='word_1_748' title='bbox 1258 4973 1528 5042; x_wconf 88' lang='lat' dir='ltr'><strong>benedicit,</strong></span> <span class='ocrx_word' id='word_1_749' title='bbox 1556 4992 1670 5030; x_wconf 88' lang='lat' dir='ltr'><strong>cum</strong></span> 
     </span>
    </p>
   </div>
   <div class='ocr_carea' id='block_1_96' title="bbox 111 5041 758 5109">
    <p class='ocr_par' dir='ltr' id='par_1_96' title="bbox 111 5041 758 5109">
     <span class='ocr_line' id='line_1_96' title="bbox 111 5041 758 5109; baseline 0.011 -17"><span class='ocrx_word' id='word_1_750' title='bbox 111 5041 270 5094; x_wconf 84' lang='lat' dir='ltr'><strong>laudat</strong></span> <span class='ocrx_word' id='word_1_751' title='bbox 289 5044 332 5095; x_wconf 91' lang='lat' dir='ltr'><strong>in</strong></span> <span class='ocrx_word' id='word_1_752' title='bbox 360 5041 624 5109; x_wconf 65' lang='lat' dir='ltr'><strong>arculum,</strong></span> <span class='ocrx_word' id='word_1_753' title='bbox 651 5055 758 5100; x_wconf 87' lang='lat' dir='ltr'><strong>etc.</strong></span> 
     </span>
    </p>
   </div>
   <div class='ocr_carea' id='block_1_97' title="bbox 183 5113 1664 5186">
    <p class='ocr_par' dir='ltr' id='par_1_97' title="bbox 183 5113 1664 5186">
     <span class='ocr_line' id='line_1_97' title="bbox 183 5113 1664 5186; baseline 0.005 -21"><span class='ocrx_word' id='word_1_754' title='bbox 183 5113 251 5186; x_wconf 89' lang='lat' dir='ltr'><strong>(b)</strong></span> <span class='ocrx_word' id='word_1_755' title='bbox 288 5113 390 5167; x_wconf 83' lang='lat' dir='ltr'><strong>Non</strong></span> <span class='ocrx_word' id='word_1_756' title='bbox 408 5114 696 5184; x_wconf 84' lang='lat' dir='ltr'><strong>quodvelit</strong></span> <span class='ocrx_word' id='word_1_757' title='bbox 720 5116 953 5172; x_wconf 87' lang='lat' dir='ltr'><strong>Hilarius</strong></span> <span class='ocrx_word' id='word_1_758' title='bbox 973 5125 1095 5172; x_wconf 89' lang='lat' dir='ltr'><strong>ante</strong></span> <span class='ocrx_word' id='word_1_759' title='bbox 1115 5116 1386 5172; x_wconf 77' lang='lat' dir='ltr'><strong>Abraham</strong></span> <span class='ocrx_word' id='word_1_760' title='bbox 1406 5115 1664 5184; x_wconf 82' lang='lat' dir='ltr'><strong>defuisse,</strong></span> 
     </span>
    </p>
   </div>
   <div class='ocr_carea' id='block_1_98' title="bbox 113 5186 1674 5259">
    <p class='ocr_par' dir='ltr' id='par_1_98' title="bbox 113 5186 1674 5259">
     <span class='ocr_line' id='line_1_98' title="bbox 113 5186 1674 5259; baseline 0 -17"><span class='ocrx_word' id='word_1_761' title='bbox 113 5191 192 5259; x_wconf 88' lang='lat' dir='ltr'><strong>qui</strong></span> <span class='ocrx_word' id='word_1_762' title='bbox 223 5186 300 5259; x_wconf 77' lang='lat' dir='ltr'><strong>Dei</strong></span> <span class='ocrx_word' id='word_1_763' title='bbox 320 5201 474 5259; x_wconf 83' lang='lat' dir='ltr'><strong>opera</strong></span> <span class='ocrx_word' id='word_1_764' title='bbox 507 5186 807 5251; x_wconf 89' lang='lat' dir='ltr'><strong>laudarent,</strong></span> <span class='ocrx_word' id='word_1_765' title='bbox 841 5202 958 5242; x_wconf 91' lang='lat' dir='ltr'><strong>cum</strong></span> <span class='ocrx_word' id='word_1_766' title='bbox 984 5189 1182 5258; x_wconf 88' lang='lat' dir='ltr'><strong>passim</strong></span> <span class='ocrx_word' id='word_1_767' title='bbox 1208 5189 1419 5254; x_wconf 80' lang='lat' dir='ltr'><strong>doceat,</strong></span> <span class='ocrx_word' id='word_1_768' title='bbox 1445 5189 1505 5259; x_wconf 80' lang='lat' dir='ltr'><strong>in</strong></span> <span class='ocrx_word' id='word_1_769' title='bbox 1525 5205 1674 5242; x_wconf 86' lang='lat' dir='ltr'><strong>man-</strong></span> 
     </span>
    </p>
   </div>
   <div class='ocr_carea' id='block_1_99' title="bbox 115 5255 1667 5330">
    <p class='ocr_par' dir='ltr' id='par_1_99' title="bbox 115 5255 1667 5330">
     <span class='ocr_line' id='line_1_99' title="bbox 115 5255 1667 5330; baseline -0.002 -15"><span class='ocrx_word' id='word_1_770' title='bbox 115 5255 233 5315; x_wconf 84' lang='lat' dir='ltr'><strong>datis</strong></span> <span class='ocrx_word' id='word_1_771' title='bbox 259 5255 339 5330; x_wconf 82' lang='lat' dir='ltr'><strong>Dei</strong></span> <span class='ocrx_word' id='word_1_772' title='bbox 352 5259 464 5330; x_wconf 85' lang='lat' dir='ltr'><strong>jam</strong></span> <span class='ocrx_word' id='word_1_773' title='bbox 491 5259 717 5330; x_wconf 12' lang='lat' dir='ltr'><strong>arswculi</strong></span> <span class='ocrx_word' id='word_1_774' title='bbox 748 5255 1062 5314; x_wconf 81' lang='lat' dir='ltr'><strong>institutione</strong></span> <span class='ocrx_word' id='word_1_775' title='bbox 1082 5269 1386 5329; x_wconf 78' lang='lat' dir='ltr'><strong>perrectum.</strong></span> <span class='ocrx_word' id='word_1_776' title='bbox 1419 5258 1545 5313; x_wconf 64' lang='lat' dir='ltr'><strong>Haec</strong></span> <span class='ocrx_word' id='word_1_777' title='bbox 1569 5273 1667 5330; x_wconf 83' lang='lat' dir='ltr'><strong>au-</strong></span> 
     </span>
    </p>
   </div>
   <div class='ocr_carea' id='block_1_100' title="bbox 118 5327 1668 5398">
    <p class='ocr_par' dir='ltr' id='par_1_100' title="bbox 118 5327 1668 5398">
     <span class='ocr_line' id='line_1_100' title="bbox 118 5327 1668 5398; baseline -0.001 -11"><span class='ocrx_word' id='word_1_778' title='bbox 118 5345 211 5387; x_wconf 85' lang='lat' dir='ltr'><strong>tem</strong></span> <span class='ocrx_word' id='word_1_779' title='bbox 231 5327 406 5383; x_wconf 75' lang='lat' dir='ltr'><strong>diserte</strong></span> <span class='ocrx_word' id='word_1_780' title='bbox 433 5327 717 5383; x_wconf 86' lang='lat' dir='ltr'><strong>declarans</strong></span> <span class='ocrx_word' id='word_1_781' title='bbox 743 5331 795 5384; x_wconf 92' lang='lat' dir='ltr'><strong>iu</strong></span> <span class='ocrx_word' id='word_1_782' title='bbox 825 5344 906 5398; x_wconf 87' lang='lat' dir='ltr'><strong>ps.</strong></span> <span class='ocrx_word' id='word_1_783' title='bbox 937 5327 1118 5395; x_wconf 82' lang='lat' dir='ltr'><strong>cxvtu,</strong></span> <span class='ocrx_word' id='word_1_784' title='bbox 1165 5347 1218 5383; x_wconf 90' lang='lat' dir='ltr'><strong>n.</strong></span> <span class='ocrx_word' id='word_1_785' title='bbox 1245 5331 1299 5394; x_wconf 92' lang='lat'><strong>8,</strong></span> <span class='ocrx_word' id='word_1_786' title='bbox 1331 5330 1566 5398; x_wconf 83' lang='lat' dir='ltr'><strong>subjicit,</strong></span> <span class='ocrx_word' id='word_1_787' title='bbox 1598 5329 1668 5385; x_wconf 84' lang='lat' dir='ltr'><strong>In</strong></span> 
     </span>
    </p>
   </div>
   <div class='ocr_carea' id='block_1_101' title="bbox 120 5400 1669 5467">
    <p class='ocr_par' dir='ltr' id='par_1_101' title="bbox 120 5400 1669 5467">
     <span class='ocr_line' id='line_1_101' title="bbox 120 5400 1669 5467; baseline -0.001 -9"><span class='ocrx_word' id='word_1_788' title='bbox 120 5407 202 5458; x_wconf 83' lang='lat' dir='ltr'><strong>hac</strong></span> <span class='ocrx_word' id='word_1_789' title='bbox 226 5404 337 5454; x_wconf 86' lang='lat' dir='ltr'><strong>enim</strong></span> <span class='ocrx_word' id='word_1_790' title='bbox 360 5400 534 5452; x_wconf 83' lang='lat' dir='ltr'><strong>semita</strong></span> <span class='ocrx_word' id='word_1_791' title='bbox 563 5409 610 5454; x_wconf 86' lang='lat' dir='ltr'><strong>ct</strong></span> <span class='ocrx_word' id='word_1_792' title='bbox 655 5400 780 5454; x_wconf 80' lang='lat' dir='ltr'><strong>Abel</strong></span> <span class='ocrx_word' id='word_1_793' title='bbox 819 5403 1081 5467; x_wconf 84' lang='lat' dir='ltr'><strong>cucurrit,</strong></span> <span class='ocrx_word' id='word_1_794' title='bbox 1127 5411 1173 5452; x_wconf 89' lang='lat' dir='ltr'><strong>et</strong></span> <span class='ocrx_word' id='word_1_795' title='bbox 1223 5402 1348 5456; x_wconf 85' lang='lat' dir='ltr'><strong>Setlt</strong></span> <span class='ocrx_word' id='word_1_796' title='bbox 1386 5401 1588 5466; x_wconf 84' lang='lat' dir='ltr'><strong>institit,</strong></span> <span class='ocrx_word' id='word_1_797' title='bbox 1623 5411 1669 5456; x_wconf 88' lang='lat' dir='ltr'><strong>el</strong></span> 
     </span>
    </p>
   </div>
   <div class='ocr_carea' id='block_1_102' title="bbox 123 5469 1669 5541">
    <p class='ocr_par' dir='ltr' id='par_1_102' title="bbox 123 5469 1669 5541">
     <span class='ocr_line' id='line_1_102' title="bbox 123 5469 1669 5541; baseline -0.003 -13"><span class='ocrx_word' id='word_1_798' title='bbox 123 5474 274 5529; x_wconf 70' lang='lat' dir='ltr'><strong>Euoch</strong></span> <span class='ocrx_word' id='word_1_799' title='bbox 297 5471 497 5541; x_wconf 83' lang='lat' dir='ltr'><strong>placuit,</strong></span> <span class='ocrx_word' id='word_1_800' title='bbox 537 5480 584 5524; x_wconf 89' lang='lat' dir='ltr'><strong>et</strong></span> <span class='ocrx_word' id='word_1_801' title='bbox 638 5469 755 5524; x_wconf 84' lang='lat' dir='ltr'><strong>Noe</strong></span> <span class='ocrx_word' id='word_1_802' title='bbox 804 5472 1050 5525; x_wconf 83' lang='lat' dir='ltr'><strong>reservari</strong></span> <span class='ocrx_word' id='word_1_803' title='bbox 1099 5473 1301 5533; x_wconf 89' lang='lat' dir='ltr'><strong>meruit,</strong></span> <span class='ocrx_word' id='word_1_804' title='bbox 1326 5482 1374 5526; x_wconf 88' lang='lat' dir='ltr'><strong>et</strong></span> <span class='ocrx_word' id='word_1_805' title='bbox 1403 5470 1669 5524; x_wconf 82' lang='lat' dir='ltr'><strong>Melchise-</strong></span> 
     </span>
    </p>
   </div>
   <div class='ocr_carea' id='block_1_103' title="bbox 123 5539 1666 5613">
    <p class='ocr_par' dir='ltr' id='par_1_103' title="bbox 123 5539 1666 5613">
     <span class='ocr_line' id='line_1_103' title="bbox 123 5539 1666 5613; baseline -0.003 -13"><span class='ocrx_word' id='word_1_806' title='bbox 123 5547 247 5608; x_wconf 81' lang='lat' dir='ltr'><strong>dech,</strong></span> <span class='ocrx_word' id='word_1_807' title='bbox 277 5539 363 5596; x_wconf 80' lang='lat' dir='ltr'><strong>etc.</strong></span> <span class='ocrx_word' id='word_1_808' title='bbox 390 5539 572 5613; x_wconf 77' lang='lat' dir='ltr'><strong>Neque</strong></span> <span class='ocrx_word' id='word_1_809' title='bbox 601 5555 730 5594; x_wconf 90' lang='lat' dir='ltr'><strong>vero</strong></span> <span class='ocrx_word' id='word_1_810' title='bbox 762 5541 860 5613; x_wconf 84' lang='lat' dir='ltr'><strong>illi,</strong></span> <span class='ocrx_word' id='word_1_811' title='bbox 912 5543 1014 5595; x_wconf 91' lang='lat' dir='ltr'><strong>nisi</strong></span> <span class='ocrx_word' id='word_1_812' title='bbox 1045 5543 1208 5596; x_wconf 91' lang='lat' dir='ltr'><strong>Deum</strong></span> <span class='ocrx_word' id='word_1_813' title='bbox 1241 5543 1464 5613; x_wconf 77' lang='lat' dir='ltr'><strong>ejusque</strong></span> <span class='ocrx_word' id='word_1_814' title='bbox 1504 5556 1666 5611; x_wconf 91' lang='lat' dir='ltr'><strong>opera</strong></span> 
     </span>
    </p>
   </div>
   <div class='ocr_carea' id='block_1_104' title="bbox 123 5611 1666 5682">
    <p class='ocr_par' dir='ltr' id='par_1_104' title="bbox 123 5611 1666 5682">
     <span class='ocr_line' id='line_1_104' title="bbox 123 5611 1666 5682; baseline -0.003 -10"><span class='ocrx_word' id='word_1_815' title='bbox 123 5614 348 5672; x_wconf 80' lang='lat' dir='ltr'><strong>laudando</strong></span> <span class='ocrx_word' id='word_1_816' title='bbox 373 5612 708 5682; x_wconf 85' lang='lat' dir='ltr'><strong>placuerunt.</strong></span> <span class='ocrx_word' id='word_1_817' title='bbox 765 5611 875 5667; x_wconf 88' lang='lat' dir='ltr'><strong>[loc</strong></span> <span class='ocrx_word' id='word_1_818' title='bbox 919 5614 1079 5681; x_wconf 86' lang='lat' dir='ltr'><strong>igitur</strong></span> <span class='ocrx_word' id='word_1_819' title='bbox 1127 5620 1332 5667; x_wconf 87' lang='lat' dir='ltr'><strong>tantum</strong></span> <span class='ocrx_word' id='word_1_820' title='bbox 1379 5611 1484 5667; x_wconf 30' lang='lat' dir='ltr'><strong>‘sibi</strong></span> <span class='ocrx_word' id='word_1_821' title='bbox 1533 5615 1666 5682; x_wconf 90' lang='lat' dir='ltr'><strong>vult,</strong></span> 
     </span>
    </p>
   </div>
   <div class='ocr_carea' id='block_1_105' title="bbox 125 5683 1670 5757">
    <p class='ocr_par' dir='ltr' id='par_1_105' title="bbox 125 5683 1670 5757">
     <span class='ocr_line' id='line_1_105' title="bbox 125 5683 1670 5757; baseline -0.001 -15"><span class='ocrx_word' id='word_1_822' title='bbox 125 5684 474 5757; x_wconf 76' lang='lat' dir='ltr'><strong>generationem</strong></span> <span class='ocrx_word' id='word_1_823' title='bbox 495 5697 570 5757; x_wconf 88' lang='lat' dir='ltr'><strong>a_c_</strong></span> <span class='ocrx_word' id='word_1_824' title='bbox 587 5683 837 5757; x_wconf 84' lang='lat' dir='ltr'><strong>populum</strong></span> <span class='ocrx_word' id='word_1_825' title='bbox 868 5683 1215 5757; x_wconf 85' lang='lat' dir='ltr'><strong>peculiarem,</strong></span> <span class='ocrx_word' id='word_1_826' title='bbox 1243 5686 1333 5757; x_wconf 81' lang='lat' dir='ltr'><strong>qui</strong></span> <span class='ocrx_word' id='word_1_827' title='bbox 1363 5683 1526 5740; x_wconf 90' lang='lat' dir='ltr'><strong>Deum</strong></span> <span class='ocrx_word' id='word_1_828' title='bbox 1556 5684 1670 5740; x_wconf 88' lang='lat' dir='ltr'><strong>lau-</strong></span> 
     </span>
    </p>
   </div>
   <div class='ocr_carea' id='block_1_106' title="bbox 129 5751 1307 5824">
    <p class='ocr_par' dir='ltr' id='par_1_106' title="bbox 129 5751 1307 5824">
     <span class='ocr_line' id='line_1_106' title="bbox 129 5751 1307 5824; baseline -0.009 -7"><span class='ocrx_word' id='word_1_829' title='bbox 129 5751 272 5822; x_wconf 73' lang='lat' dir='ltr'><strong>daret,</strong></span> <span class='ocrx_word' id='word_1_830' title='bbox 297 5755 355 5811; x_wconf 87' lang='lat' dir='ltr'><strong>ab</strong></span> <span class='ocrx_word' id='word_1_831' title='bbox 375 5771 487 5812; x_wconf 66' lang='lat' dir='ltr'><strong>aevo</strong></span> <span class='ocrx_word' id='word_1_832' title='bbox 509 5751 744 5809; x_wconf 78' lang='lat' dir='ltr'><strong>Ahraha:</strong></span> <span class='ocrx_word' id='word_1_833' title='bbox 769 5751 998 5824; x_wconf 71' lang='lat' dir='ltr'><strong>ctrplsse</strong></span> <span class='ocrx_word' id='word_1_834' title='bbox 1019 5751 1307 5824; x_wconf 78' lang='lat' dir='ltr'><strong>segregari.</strong></span> 
     </span>
    </p>
   </div>
   <div class='ocr_carea' id='block_1_107' title="bbox 1772 4620 3370 4700">
    <p class='ocr_par' dir='ltr' id='par_1_107' title="bbox 1772 4620 3370 4700">
     <span class='ocr_line' id='line_1_107' title="bbox 1772 4620 3370 4700; baseline -0.008 -12"><span class='ocrx_word' id='word_1_835' title='bbox 1772 4632 2068 4688; x_wconf 90' lang='lat' dir='ltr'><strong>sanctitatis</strong></span> <span class='ocrx_word' id='word_1_836' title='bbox 2088 4638 2246 4700; x_wconf 92' lang='lat' dir='ltr'><strong>atque</strong></span> <span class='ocrx_word' id='word_1_837' title='bbox 2273 4629 2495 4684; x_wconf 90' lang='lat' dir='ltr'><strong>terroris</strong></span> <span class='ocrx_word' id='word_1_838' title='bbox 2522 4627 2574 4682; x_wconf 95' lang='lat' dir='ltr'><strong>in</strong></span> <span class='ocrx_word' id='word_1_839' title='bbox 2599 4623 2980 4696; x_wconf 90' lang='lat' dir='ltr'><strong>magnitudinis</strong></span> <span class='ocrx_word' id='word_1_840' title='bbox 3006 4638 3118 4678; x_wconf 75' lang='lat' dir='ltr'><strong>sua:</strong></span> <span class='ocrx_word' id='word_1_841' title='bbox 3136 4620 3370 4676; x_wconf 89' lang='lat' dir='ltr'><strong>inﬁnita-</strong></span> 
     </span>
    </p>
   </div>
   <div class='ocr_carea' id='block_1_108' title="bbox 1773 4715 3366 4794">
    <p class='ocr_par' dir='ltr' id='par_1_108' title="bbox 1773 4715 3366 4794">
     <span class='ocr_line' id='line_1_108' title="bbox 1773 4715 3366 4794; baseline -0.006 -14"><span class='ocrx_word' id='word_1_842' title='bbox 1773 4735 1826 4782; x_wconf 91' lang='lat' dir='ltr'><strong>te</strong></span> <span class='ocrx_word' id='word_1_843' title='bbox 1843 4725 2104 4780; x_wconf 89' lang='lat' dir='ltr'><strong>consistat</strong></span> <span class='ocrx_word' id='word_1_844' title='bbox 2132 4723 2207 4794; x_wconf 90' lang='lat' dir='ltr'><strong>(g)</strong></span> <span class='ocrx_word' id='word_1_845' title='bbox 2232 4740 2246 4788; x_wconf 91' lang='lat'><strong>;</strong></span> <span class='ocrx_word' id='word_1_846' title='bbox 2279 4737 2531 4776; x_wconf 87' lang='lat' dir='ltr'><strong>mansura</strong></span> <span class='ocrx_word' id='word_1_847' title='bbox 2553 4731 2634 4776; x_wconf 89' lang='lat' dir='ltr'><strong>est</strong></span> <span class='ocrx_word' id='word_1_848' title='bbox 2664 4728 2720 4774; x_wconf 91' lang='lat' dir='ltr'><strong>et</strong></span> <span class='ocrx_word' id='word_1_849' title='bbox 2738 4734 2953 4789; x_wconf 88' lang='lat' dir='ltr'><strong>semper</strong></span> <span class='ocrx_word' id='word_1_850' title='bbox 2975 4725 3029 4772; x_wconf 90' lang='lat' dir='ltr'><strong>et</strong></span> <span class='ocrx_word' id='word_1_851' title='bbox 3065 4715 3366 4782; x_wconf 90' lang='lat' dir='ltr'><strong>abundans,</strong></span> 
     </span>
    </p>
   </div>
   <div class='ocr_carea' id='block_1_109' title="bbox 1773 4807 3367 4884">
    <p class='ocr_par' dir='ltr' id='par_1_109' title="bbox 1773 4807 3367 4884">
     <span class='ocr_line' id='line_1_109' title="bbox 1773 4807 3367 4884; baseline -0.008 -11"><span class='ocrx_word' id='word_1_852' title='bbox 1773 4831 1872 4874; x_wconf 88' lang='lat' dir='ltr'><strong>nec</strong></span> <span class='ocrx_word' id='word_1_853' title='bbox 1891 4825 2131 4884; x_wconf 89' lang='lat' dir='ltr'><strong>tempore</strong></span> <span class='ocrx_word' id='word_1_854' title='bbox 2153 4812 2371 4868; x_wconf 85' lang='lat' dir='ltr'><strong>dctiuita</strong></span> <span class='ocrx_word' id='word_1_855' title='bbox 2403 4826 2504 4866; x_wconf 91' lang='lat' dir='ltr'><strong>nec</strong></span> <span class='ocrx_word' id='word_1_856' title='bbox 2524 4811 2698 4879; x_wconf 78' lang='lat' dir='ltr'><strong>capia.</strong></span> <span class='ocrx_word' id='word_1_857' title='bbox 2732 4809 2798 4864; x_wconf 86' lang='lat' dir='ltr'><strong>Et</strong></span> <span class='ocrx_word' id='word_1_858' title='bbox 2825 4808 3026 4864; x_wconf 91' lang='lat' dir='ltr'><strong>idcirco</strong></span> <span class='ocrx_word' id='word_1_859' title='bbox 3054 4807 3367 4873; x_wconf 80' lang='lat' dir='ltr'><strong>connexuit,</strong></span> 
     </span>
    </p>
   </div>
   <div class='ocr_carea' id='block_1_110' title="bbox 1872 4970 3056 5046">
    <p class='ocr_par' dir='ltr' id='par_1_110' title="bbox 1872 4970 3056 5046">
     <span class='ocr_line' id='line_1_110' title="bbox 1872 4970 3056 5046; baseline -0.007 -17"><span class='ocrx_word' id='word_1_860' title='bbox 1872 4973 1919 5046; x_wconf 91' lang='lat' dir='ltr'><strong>c)</strong></span> <span class='ocrx_word' id='word_1_861' title='bbox 1958 4971 2286 5046; x_wconf 81' lang='lat' dir='ltr'><strong>lnvulgatis,</strong></span> <span class='ocrx_word' id='word_1_862' title='bbox 2319 4971 2424 5042; x_wconf 88' lang='lat' dir='ltr'><strong>qui.</strong></span> <span class='ocrx_word' id='word_1_863' title='bbox 2452 4971 2676 5046; x_wconf 59' lang='lat' dir='ltr'><strong>ﬂectitis</strong></span> <span class='ocrx_word' id='word_1_864' title='bbox 2705 4970 2757 5023; x_wconf 93' lang='lat' dir='ltr'><strong>in</strong></span> <span class='ocrx_word' id='word_1_865' title='bbox 2790 4984 2890 5024; x_wconf 91' lang='lat' dir='ltr'><strong>ms.</strong></span> <span class='ocrx_word' id='word_1_866' title='bbox 2918 4970 3056 5040; x_wconf 91' lang='lat' dir='ltr'><strong>quia.</strong></span> 
     </span>
    </p>
   </div>
   <div class='ocr_carea' id='block_1_111' title="bbox 1872 5041 3370 5117">
    <p class='ocr_par' dir='ltr' id='par_1_111' title="bbox 1872 5041 3370 5117">
     <span class='ocr_line' id='line_1_111' title="bbox 1872 5041 3370 5117; baseline -0.001 -18"><span class='ocrx_word' id='word_1_867' title='bbox 1872 5041 1926 5117; x_wconf 54' lang='lat' dir='ltr'><strong>d&#39;)</strong></span> <span class='ocrx_word' id='word_1_868' title='bbox 1955 5041 2273 5117; x_wconf 13' lang='lat' dir='ltr'><strong>iEditi,’qua:</strong></span> <span class='ocrx_word' id='word_1_869' title='bbox 2289 5041 2719 5113; x_wconf 82' lang='lat' dir='ltr'><strong>magniﬁcentiam</strong></span> <span class='ocrx_word' id='word_1_870' title='bbox 2745 5052 3022 5111; x_wconf 74' lang='lat' dir='ltr'><strong>exequatur</strong></span> <span class='ocrx_word' id='word_1_871' title='bbox 3061 5041 3320 5110; x_wconf 84' lang='lat' dir='ltr'><strong>operanlis</strong></span> <span class='ocrx_word' id='word_1_872' title='bbox 3350 5057 3370 5098; x_wconf 83' lang='lat'><strong>.°</strong></span> 
     </span>
    </p>
   </div>
   <div class='ocr_carea' id='block_1_112' title="bbox 1774 5116 2346 5174">
    <p class='ocr_par' dir='ltr' id='par_1_112' title="bbox 1774 5116 2346 5174">
     <span class='ocr_line' id='line_1_112' title="bbox 1774 5116 2346 5174; baseline -0.014 0"><span class='ocrx_word' id='word_1_873' title='bbox 1774 5116 2128 5174; x_wconf 87' lang='lat' dir='ltr'><strong>emendantur</strong></span> <span class='ocrx_word' id='word_1_874' title='bbox 2154 5130 2216 5168; x_wconf 73' lang='lat' dir='ltr'><strong>ex</strong></span> <span class='ocrx_word' id='word_1_875' title='bbox 2246 5129 2346 5167; x_wconf 88' lang='lat' dir='ltr'><strong>ms.</strong></span> 
     </span>
    </p>
   </div>
   <div class='ocr_carea' id='block_1_113' title="bbox 1846 5182 3368 5258">
    <p class='ocr_par' dir='ltr' id='par_1_113' title="bbox 1846 5182 3368 5258">
     <span class='ocr_line' id='line_1_113' title="bbox 1846 5182 3368 5258; baseline -0.001 -17"><span class='ocrx_word' id='word_1_876' title='bbox 1846 5187 2204 5258; x_wconf 82' lang='lat' dir='ltr'><strong>(e)&#39;urigenes</strong></span> <span class='ocrx_word' id='word_1_877' title='bbox 2244 5182 2742 5258; x_wconf 78' lang='lat' dir='ltr'><strong>apud_Corderium</strong></span> <span class='ocrx_word' id='word_1_878' title='bbox 2795 5184 3073 5258; x_wconf 81' lang='lat' dir='ltr'><strong>mirabilia</strong></span> <span class='ocrx_word' id='word_1_879' title='bbox 3104 5183 3368 5258; x_wconf 81' lang='lat' dir='ltr'><strong>interpre-</strong></span> 
     </span>
    </p>
   </div>
   <div class='ocr_carea' id='block_1_114' title="bbox 1774 5255 3365 5326">
    <p class='ocr_par' dir='ltr' id='par_1_114' title="bbox 1774 5255 3365 5326">
     <span class='ocr_line' id='line_1_114' title="bbox 1774 5255 3365 5326; baseline -0.004 -11"><span class='ocrx_word' id='word_1_880' title='bbox 1774 5255 1907 5315; x_wconf 47' lang='lat' dir='ltr'><strong>tans&#39;</strong></span> <span class='ocrx_word' id='word_1_881' title='bbox 1942 5255 2191 5311; x_wconf 84' lang='lat' dir='ltr'><strong>miracula</strong></span> <span class='ocrx_word' id='word_1_882' title='bbox 2242 5270 2356 5321; x_wconf 76' lang='lat' dir='ltr'><strong>qua:</strong></span> <span class='ocrx_word' id='word_1_883' title='bbox 2396 5256 2451 5307; x_wconf 88' lang='lat' dir='ltr'><strong>in</strong></span> <span class='ocrx_word' id='word_1_884' title='bbox 2496 5255 2792 5323; x_wconf 77' lang='lat' dir='ltr'><strong>beneﬁcium</strong></span> <span class='ocrx_word' id='word_1_885' title='bbox 2821 5255 3158 5326; x_wconf 84' lang='lat' dir='ltr'><strong>quorumdam</strong></span> <span class='ocrx_word' id='word_1_886' title='bbox 3211 5255 3365 5325; x_wconf 79' lang='lat' dir='ltr'><strong>ﬁunt,</strong></span> 
     </span>
    </p>
   </div>
   <div class='ocr_carea' id='block_1_115' title="bbox 1775 5326 3368 5384">
    <p class='ocr_par' dir='ltr' id='par_1_115' title="bbox 1775 5326 3368 5384">
     <span class='ocr_line' id='line_1_115' title="bbox 1775 5326 3368 5384; baseline -0.003 0"><span class='ocrx_word' id='word_1_887' title='bbox 1775 5331 1914 5384; x_wconf 91' lang='lat' dir='ltr'><strong>hunc</strong></span> <span class='ocrx_word' id='word_1_888' title='bbox 1938 5329 2125 5383; x_wconf 87' lang='lat' dir='ltr'><strong>Hilarii</strong></span> <span class='ocrx_word' id='word_1_889' title='bbox 2148 5328 2322 5380; x_wconf 89' lang='lat' dir='ltr'><strong>locum</strong></span> <span class='ocrx_word' id='word_1_890' title='bbox 2356 5341 2462 5379; x_wconf 93' lang='lat' dir='ltr'><strong>non</strong></span> <span class='ocrx_word' id='word_1_891' title='bbox 2505 5326 2848 5380; x_wconf 85' lang='lat' dir='ltr'><strong>medioeriler</strong></span> <span class='ocrx_word' id='word_1_892' title='bbox 2879 5328 3126 5380; x_wconf 87' lang='lat' dir='ltr'><strong>illustrat.</strong></span> <span class='ocrx_word' id='word_1_893' title='bbox 3160 5327 3368 5382; x_wconf 84' lang='lat' dir='ltr'><strong>Sancti-</strong></span> 
     </span>
    </p>
   </div>
   <div class='ocr_carea' id='block_1_116' title="bbox 1773 5396 3364 5470">
    <p class='ocr_par' dir='ltr' id='par_1_116' title="bbox 1773 5396 3364 5470">
     <span class='ocr_line' id='line_1_116' title="bbox 1773 5396 3364 5470; baseline -0.004 -14"><span class='ocrx_word' id='word_1_894' title='bbox 1773 5410 1936 5456; x_wconf 88' lang='lat' dir='ltr'><strong>tatem</strong></span> <span class='ocrx_word' id='word_1_895' title='bbox 1961 5401 2251 5470; x_wconf 89' lang='lat' dir='ltr'><strong>loquuntur</strong></span> <span class='ocrx_word' id='word_1_896' title='bbox 2278 5396 2480 5468; x_wconf 88' lang='lat' dir='ltr'><strong>populi,</strong></span> <span class='ocrx_word' id='word_1_897' title='bbox 2507 5411 2627 5468; x_wconf 78' lang='lat' dir='ltr'><strong>quae</strong></span> <span class='ocrx_word' id='word_1_898' title='bbox 2648 5397 2925 5452; x_wconf 87' lang='lat' dir='ltr'><strong>miraculis</strong></span> <span class='ocrx_word' id='word_1_899' title='bbox 2954 5399 3055 5452; x_wconf 91' lang='lat' dir='ltr'><strong>sibi</strong></span> <span class='ocrx_word' id='word_1_900' title='bbox 3091 5409 3364 5466; x_wconf 88' lang='lat' dir='ltr'><strong>comperta</strong></span> 
     </span>
    </p>
   </div>
   <div class='ocr_carea' id='block_1_117' title="bbox 1772 5473 3050 5526">
    <p class='ocr_par' dir='ltr' id='par_1_117' title="bbox 1772 5473 3050 5526">
     <span class='ocr_line' id='line_1_117' title="bbox 1772 5473 3050 5526; baseline -0.013 0"><span class='ocrx_word' id='word_1_901' title='bbox 1772 5473 1950 5526; x_wconf 87' lang='lat' dir='ltr'><strong>fuerit.</strong></span> <span class='ocrx_word' id='word_1_902' title='bbox 3046 5506 3050 5510; x_wconf 92' lang='lat'><strong>.</strong></span> 
     </span>
    </p>
   </div>
   <div class='ocr_carea' id='block_1_118' title="bbox 1846 5537 3362 5615">
    <p class='ocr_par' dir='ltr' id='par_1_118' title="bbox 1846 5537 3362 5615">
     <span class='ocr_line' id='line_1_118' title="bbox 1846 5537 3362 5615; baseline -0.009 -16"><span class='ocrx_word' id='word_1_903' title='bbox 1846 5541 1915 5614; x_wconf 77' lang='lat' dir='ltr'><strong>(f)</strong></span> <span class='ocrx_word' id='word_1_904' title='bbox 1958 5541 2108 5615; x_wconf 79' lang='lat' dir='ltr'><strong>Apud</strong></span> <span class='ocrx_word' id='word_1_905' title='bbox 2139 5538 2293 5606; x_wconf 88' lang='lat' dir='ltr'><strong>Bad.,</strong></span> <span class='ocrx_word' id='word_1_906' title='bbox 2325 5539 2416 5594; x_wconf 85' lang='lat' dir='ltr'><strong>Er.</strong></span> <span class='ocrx_word' id='word_1_907' title='bbox 2446 5547 2498 5594; x_wconf 92' lang='lat' dir='ltr'><strong>et</strong></span> <span class='ocrx_word' id='word_1_908' title='bbox 2526 5538 2673 5615; x_wconf 57' lang='lat' dir='ltr'><strong>Lips.</strong></span> <span class='ocrx_word' id='word_1_909' title='bbox 2708 5541 2920 5600; x_wconf 85' lang='lat' dir='ltr'><strong>erroris,</strong></span> <span class='ocrx_word' id='word_1_910' title='bbox 2969 5537 3068 5591; x_wconf 86' lang='lat' dir='ltr'><strong>nisi</strong></span> <span class='ocrx_word' id='word_1_911' title='bbox 3110 5551 3228 5615; x_wconf 84' lang='lat' dir='ltr'><strong>non,</strong></span> <span class='ocrx_word' id='word_1_912' title='bbox 3253 5543 3362 5615; x_wconf 52' lang='lat' dir='ltr'><strong>etc,</strong></span> 
     </span>
    </p>
   </div>
   <div class='ocr_carea' id='block_1_119' title="bbox 1773 5611 3362 5678">
    <p class='ocr_par' dir='ltr' id='par_1_119' title="bbox 1773 5611 3362 5678">
     <span class='ocr_line' id='line_1_119' title="bbox 1773 5611 3362 5678; baseline -0.006 -10"><span class='ocrx_word' id='word_1_913' title='bbox 1773 5611 2043 5678; x_wconf 81' lang='lat' dir='ltr'><strong>corrupte.</strong></span> <span class='ocrx_word' id='word_1_914' title='bbox 2075 5613 2207 5666; x_wconf 74' lang='grc' dir='ltr'><strong>Ἰἰιιιι</strong></span> <span class='ocrx_word' id='word_1_915' title='bbox 2240 5615 2400 5665; x_wconf 82' lang='lat' dir='ltr'><strong>etiam</strong></span> <span class='ocrx_word' id='word_1_916' title='bbox 2449 5611 2588 5678; x_wconf 88' lang='lat' dir='ltr'><strong>apud</strong></span> <span class='ocrx_word' id='word_1_917' title='bbox 2637 5611 2756 5664; x_wconf 85' lang='lat' dir='ltr'><strong>Par.</strong></span> <span class='ocrx_word' id='word_1_918' title='bbox 2818 5618 3082 5663; x_wconf 86' lang='lat' dir='ltr'><strong>retentum</strong></span> <span class='ocrx_word' id='word_1_919' title='bbox 3131 5613 3212 5658; x_wconf 81' lang='lat' dir='ltr'><strong>est</strong></span> <span class='ocrx_word' id='word_1_920' title='bbox 3263 5611 3362 5658; x_wconf 76' lang='lat' dir='ltr'><strong>nisi</strong></span> 
     </span>
    </p>
   </div>
   <div class='ocr_carea' id='block_1_120' title="bbox 1769 5680 3074 5750">
    <p class='ocr_par' dir='ltr' id='par_1_120' title="bbox 1769 5680 3074 5750">
     <span class='ocr_line' id='line_1_120' title="bbox 1769 5680 3074 5750; baseline -0.01 -12"><span class='ocrx_word' id='word_1_921' title='bbox 1769 5701 1893 5740; x_wconf 90' lang='lat' dir='ltr'><strong>non.</strong></span> <span class='ocrx_word' id='word_1_922' title='bbox 1924 5682 2091 5737; x_wconf 91' lang='lat' dir='ltr'><strong>Totus</strong></span> <span class='ocrx_word' id='word_1_923' title='bbox 2114 5683 2197 5736; x_wconf 81' lang='lat' dir='ltr'><strong>hic</strong></span> <span class='ocrx_word' id='word_1_924' title='bbox 2233 5682 2383 5737; x_wconf 90' lang='lat' dir='ltr'><strong>locus</strong></span> <span class='ocrx_word' id='word_1_925' title='bbox 2407 5681 2518 5750; x_wconf 85' lang='lat' dir='ltr'><strong>jam</strong></span> <span class='ocrx_word' id='word_1_926' title='bbox 2544 5680 2858 5736; x_wconf 90' lang='lat' dir='ltr'><strong>emendatur</strong></span> <span class='ocrx_word' id='word_1_927' title='bbox 2881 5692 2951 5750; x_wconf 47' lang='lat' dir='ltr'><strong>es</strong></span> <span class='ocrx_word' id='word_1_928' title='bbox 2975 5691 3074 5727; x_wconf 89' lang='lat' dir='ltr'><strong>ms.</strong></span> 
     </span>
    </p>
   </div>
   <div class='ocr_carea' id='block_1_121' title="bbox 1848 5743 3358 5828">
    <p class='ocr_par' dir='ltr' id='par_1_121' title="bbox 1848 5743 3358 5828">
     <span class='ocr_line' id='line_1_121' title="bbox 1848 5743 3358 5828; baseline -0.007 -17"><span class='ocrx_word' id='word_1_929' title='bbox 1848 5754 1924 5826; x_wconf 79' lang='lat' dir='ltr'><strong>(g)</strong></span> <span class='ocrx_word' id='word_1_930' title='bbox 1947 5753 2054 5828; x_wconf 83' lang='lat' dir='ltr'><strong>_Sic</strong></span> <span class='ocrx_word' id='word_1_931' title='bbox 2083 5753 2253 5825; x_wconf 90' lang='lat' dir='ltr'><strong>prima</strong></span> <span class='ocrx_word' id='word_1_932' title='bbox 2277 5743 2446 5811; x_wconf 73' lang='lat' dir='ltr'><strong>editio</strong></span> <span class='ocrx_word' id='word_1_933' title='bbox 2476 5753 2594 5806; x_wconf 83' lang='lat' dir='ltr'><strong>Par.</strong></span> <span class='ocrx_word' id='word_1_934' title='bbox 2629 5764 2748 5804; x_wconf 91' lang='lat' dir='ltr'><strong>cum</strong></span> <span class='ocrx_word' id='word_1_935' title='bbox 2779 5760 2879 5800; x_wconf 89' lang='lat' dir='ltr'><strong>ms.</strong></span> <span class='ocrx_word' id='word_1_936' title='bbox 2910 5743 3135 5800; x_wconf 70' lang='lat' dir='ltr'><strong>Cmterae</strong></span> <span class='ocrx_word' id='word_1_937' title='bbox 3156 5752 3358 5816; x_wconf 84' lang='lat' dir='ltr'><strong>autem,</strong></span> 
     </span>
    </p>
   </div>
  </div>
