3984 6208
586 191 693 249 859

1731 176 1734 179 λ
1780 186 2029 246 SANCTI
2069 185 2331 249 HILARII
2369 187 2679 246 EPISCOPI
3831 189 3907 245 sta

583 305 750 363 Vens.
785 306 815 360 7
855 325 866 360 :
904 305 1207 361 Memoriam
1233 304 1565 361 abundantia!
1607 303 1872 362 suavitatis
1897 313 2001 363 tua:
2028 318 2175 359 eruc-
2207 303 2255 367 Δ
2286 310 2548 363 terrorem
2576 304 2853 372 sanctitas,
2880 312 2936 360 et
2960 312 3136 362 terror
3165 313 3435 377 temperet
3453 304 3858 373 sanctitatem.

583 400 760 457 tabunt
786 415 805 455 :
835 399 960 469 quia
985 413 1087 454 nec
1105 397 1365 463 memoria
1400 396 1671 455 oblivione
1693 394 2051 470 intercipitur,
2083 409 2183 453 nec

583 491 911 550 abundantia
941 506 1035 561 per
1063 490 1299 560 inopiam
1326 490 1647 547 detrahitur.

660 586 748 642 13.
789 581 1077 639 Bonitatetn
1097 582 1195 640 Dei
1210 584 1418 654 justitia
1443 583 1759 640 moderatur.
1783 612 1855 625 —-
1875 581 2069 638 Tenuit
2090 596 2185 638 au-

588 687 696 735 tem
723 677 967 732 ordinem
1021 677 1280 747 propheta
1319 676 1616 743 orationis;
1667 684 1726 731 ut
1772 675 2086 731 memoriam
2132 684 2187 731 et

587 768 971 828 abundantiam
1022 770 1326 837 suavitatis,
1355 769 1668 827 conditione
1714 779 1769 827 et
1811 769 2105 827 moderata:
2132 779 2187 824 et

589 872 926 920 conservatae
957 861 1335 932 magnitudinis
1361 871 1708 932 temperaret,
1737 861 1945 929 dicens,
1992 860 2062 918 Et
2107 861 2185 935 (τι)

580 956 789 1030 justitia
813 964 903 1009 tua
929 954 1282 1011 exsultabant.
1312 955 1524 1013 lnliuita
1548 956 1769 1028 quidem
1817 964 1903 1014 est
1929 956 2187 1015 memoria

590 1055 649 1104 et
675 1047 1003 1103 abundantia
1027 1047 1337 1115 suavitatis;
1384 1049 1509 1120 quia
1550 1063 1888 1122 nequaquam
1929 1050 2068 1106 Deus
2097 1056 2192 1105 aut

592 1141 927 1198 obliviscitur
956 1157 1078 1199 esse
1108 1143 1311 1210 suavis,
1339 1152 1431 1203 aut
1457 1142 1694 1208 desinit;
1725 1143 1821 1200 sed
1865 1142 2188 1201 infinitatem

593 1235 873 1292 memoria:
890 1244 1053 1307 atque
1080 1236 1421 1293 abundantiae
1446 1236 1651 1308 justitia
1677 1235 1957 1308 interjecta
2004 1236 2191 1293 mode-

591 1337 759 1387 ratur.
810 1327 1116 1385 Moderatur
1142 1338 1326 1386 autem
1373 1344 1479 1387 non
1531 1328 1802 1399 praebendi
1857 1327 2037 1395 modo.
2092 1328 2191 1386 sed

593 1419 823 1477 utendi:
860 1420 987 1477 dum
1012 1409 1153 1493 quod
1206 1438 1299 1492 per
1347 1421 1730 1479 abundantiam
1770 1430 1825 1479 et
1874 1423 2191 1479 memoriam

598 1514 692 1570 Dei
717 1530 932 1585 semper
959 1516 1128 1585 aequis
1154 1516 1404 1572 omnibus
1427 1522 1597 1586 patet,
1620 1516 1671 1574 id
1694 1517 1763 1575 ab
1791 1517 1987 1589 iniquis
2007 1517 2190 1574 utendi

593 1605 914 1676 indignitate
955 1622 1059 1663 non
1113 1608 1341 1677 capitur.
1397 1608 1666 1669 Sanctitas
1713 1609 1810 1667 Dei
1862 1610 1965 1667 iter
1993 1612 2194 1681 popqu

2361 396 2448 456 M.
2475 396 2509 453 J
2517 399 2693 455 ustitia
2708 396 2809 455 Dei
2825 400 3134 468 misericors,
3161 409 3209 455 et
3235 401 3608 459 misericordia
3616 401 3654 471 j
3660 410 3816 466 usta,
3833 419 3902 456 ea

2284 489 2359 543 sic
2387 489 2670 547 hominum.
2690 489 2951 547 Patientia
2975 489 3071 547 Dei
3100 508 3222 565 erga
3246 502 3572 564 peccatores.
3594 523 3682 533 —
3717 491 3788 547 Et
3813 492 3901 564 jus-

2287 582 2398 639 titia
2423 583 2639 655 quidem
2669 582 2878 656 (supple
2908 582 3373 662 bomittumjrecta
3403 594 3580 657 atque
3602 586 3780 641 utilis
3808 599 3899 642 est:

2289 672 2383 730 sed
2434 685 2611 730 tamen
2644 675 2846 753 eadem
2891 676 3007 746 ipsa
3045 675 3337 746 aliquando
3372 678 3639 751 praedura
3672 687 3814 743 est;
3855 680 3902 733 iu

2291 775 2350 823 ut
2386 768 2488 823 sibi
2529 768 2605 822 ttti
2625 767 2863 824 bonitate
2902 784 3009 827 non
3058 769 3236 830 liceat.
3266 768 3393 825 dum
3444 785 3550 840 pro
3583 769 3903 827 diversitate

2285 860 2472 931 judicii
2511 860 2855 918 decernendo
2894 861 3035 934 quod
3058 861 3266 934 justum
3292 871 3395 933 est,
3430 861 3494 917 tit
3538 878 3785 919 severa.
3819 864 3902 919 ὃτι

2294 952 2390 1009 Dei
2411 952 2620 1023 justitia
2648 952 2871 1024 justitiae
2902 968 3009 1009 non
3055 964 3367 1027 coaequatur
3398 953 3702 1011 humanm.
3740 953 3909 1026 Neque

2291 1045 2437 1101 enim
2479 1052 2687 1100 natura:
2732 1043 2838 1116 legi
2867 1042 3079 1100 subdita
3107 1053 3212 1111 est,
3235 1061 3331 1116 per
3357 1061 3524 1118 quam
3556 1054 3654 1103 est
3690 1044 3792 1101 lex
3824 1056 3911 1101 sta-

2292 1148 2408 1198 tuta
2434 1149 2644 1197 naturae
2676 1159 2691 1196 :
2725 1150 2781 1197 ut
2811 1141 3196 1199 necessitatem
3238 1157 3348 1198 non
3379 1141 3587 1197 habeat
3616 1141 3782 1198 bona
3824 1159 3909 1197 ora

2292 1248 2436 1298 esse,
2470 1247 2590 1289 cum
2613 1232 2758 1305 justo
2787 1229 2877 1289 sit.
2908 1232 3082 1289 Habet
3112 1232 3204 1291 Dei
3241 1232 3452 1305 justitia
3482 1233 3813 1289 miserandi
3840 1249 3909 1289 vo-

2293 1325 2553 1382 luntatem
2602 1342 2615 1379 :
2655 1340 2829 1395 neque
2870 1334 3050 1382 tamen
3081 1340 3174 1395 per
3228 1325 3529 1383 miserandi
3562 1327 3905 1383 voluntatem

2294 1418 2366 1472 ita
2393 1432 2422 1472 a
2448 1431 2510 1474 se
2550 1416 2654 1472 erit
2680 1416 2974 1480 demutztta,
3022 1432 3091 1477 ne
3123 1416 3332 1489 justitia
3374 1418 3466 1472 sit.
3512 1417 3789 1475 llumana
3836 1435 3909 1474 au~

2295 1519 2401 1569 tem
2427 1511 2632 1582 justitia
2654 1511 2798 1569 solet
2815 1511 2868 1567 in
2892 1510 2943 1567 id
2966 1509 3243 1578 devenire,
3273 1526 3341 1567 ne
3374 1510 3713 1567 misericors
3745 1514 3822 1567 sit
3842 1523 3912 1579 ;et
3948 1509 3949 1587 Τ

2295 1602 2662 1658 misericordia
2694 1604 2764 1656 ita
2778 1616 2838 1658 se
2869 1611 3143 1673 praestare,
3160 1617 3226 1657 ne
3238 1601 3382 1672 justa
3412 1603 3503 1659 sit.
3532 1601 3909 1659 Misericordia

593 1711 696 1759 suo
724 1698 898 1755 diviso
942 1701 1078 1759 mari
1110 1702 1338 1770 prmbuit
1387 1701 1605 1773 (Exodi
1634 1719 1744 1773 xlv,
1782 1702 1856 1759 23
1900 1713 1949 1759 et
1976 1702 2143 1775 seqq.)
2174 1722 2187 1759 ς
2220 1691 2270 1753 Β
2296 1696 2439 1751 enim
2471 1692 2543 1767 (c)
2572 1710 2678 1751 non
2708 1694 2833 1763 erit,
2862 1693 2910 1750 si
2938 1693 3321 1750 miserabiliter
3348 1694 3497 1766 inopi
3542 1695 3899 1751 calumniauti

593 1788 690 1844 sed
721 1789 908 1845 eadem
949 1792 1206 1849 sanctitas
1228 1800 1283 1847 et
1314 1793 1566 1850 terribilis
1590 1793 1691 1849 fuit
1709 1793 1901 1861 virtus,
1949 1810 2071 1851 cum
2099 1796 2188 1853 in-

592 1880 794 1950 gressis
816 1880 867 1934 in
895 1880 1071 1944 ipsum
1103 1882 1206 1938 iter
1235 1881 1439 1954 impiis,
1470 1884 1559 1940 ubi
1590 1883 1768 1942 fuerat
1791 1886 1941 1942 salus
1968 1886 2187 1959 religio-

596 1987 805 2039 sorum,
833 1972 998 2047 325
1027 1973 1097 2029 ibi
1141 1989 1295 2045 ptena
1317 1977 1560 2033 constitit
1592 1976 1904 2049 impiorum.
1945 1978 2192 2037 Circum-

594 2072 741 2120 stant
766 2063 902 2119 alios
929 2064 1180 2121 lirtnitate
1206 2066 1347 2122 muri
1368 2066 1615 2123 solidata:
1633 2069 1809 2138 undte,
1831 2069 1966 2126 alios
1995 2070 2191 2129 refusas

596 2156 729 2228 ipsa:
750 2157 857 2214 illm
884 2173 1006 2229 qua:
1031 2159 1388 2216 constiterant
1408 2160 1720 2221 absorbent.
1750 2161 1831 2218 Ad
1869 2163 2001 2220 istos
2042 2163 2193 2234 pela-

595 2264 695 2320 gus
720 2259 965 2305 naturain
991 2264 1145 2306 suam
1173 2252 1381 2320 nescit;
1411 2253 1511 2311 hos
1535 2270 1630 2325 per
1657 2264 1901 2311 naturam
1929 2270 2081 2312 suam
2103 2271 2198 2327 pu-

593 2341 692 2401 nit.
720 2340 799 2398 Ad
825 2341 957 2398 istos
984 2358 1050 2398 ex
1077 2344 1210 2398 mari
1239 2353 1380 2400 terra
1410 2354 1532 2414 est;
1563 2335 1682 2403 isiis
1708 2346 1850 2417 quod
1899 2358 2017 2404 crat
2044 2363 2194 2411 mare

590 2443 696 2490 est.
723 2434 922 2490 Horum
949 2435 1096 2492 salus
1120 2437 1379 2493 sanctitas
1407 2448 1527 2506 est;
1581 2440 1771 2495 horum
1823 2457 1969 2498 mors
2017 2451 2194 2501 terror

593 2535 698 2583 est.
757 2527 866 2583 Aut
914 2544 1038 2585 cum
1066 2529 1240 2587 tribus
1285 2532 1467 2601 pueris
1498 2532 1551 2588 in
1581 2535 1798 2591 camino
1824 2536 2189 2603 cantantibus,

590 2620 1001 2678 circumstantes
1056 2621 1289 2682 ﬂammis
1308 2639 1441 2694 quas
1496 2624 1569 2681 illi
1620 2641 1726 2682 non
1774 2628 2015 2689 sentiunt
2056 2629 2192 2687 adu-

592 2723 808 2780 runtur,
840 2714 947 2770 illis
970 2714 1027 2770 in
1056 2718 1197 2773 roris
1242 2716 1471 2776 humore
1518 2720 1657 2792 ignis
1705 2728 2059 2793 temperatur,
2093 2722 2194 2783 bos

595 2816 904 2863 exaestuans
930 2807 1066 2879 ignis
1091 2809 1344 2866 amburit.
1368 2810 1505 2881 Ipsa:
1523 2813 1665 2868 intus
1692 2822 1950 2884 extraque
1963 2813 2196 2875 ﬂammat

595 2909 742 2969 sunt,
765 2915 1015 2972 quarum,
1046 2916 1143 2974 pro
1171 2902 1479 2961 diversitate
1502 2907 1843 2975 meritorum,
1871 2914 1928 2963 ct
1950 2906 2137 2965 deﬁcit
2161 2924 2194 2967 a

598 3005 659 3051 se
690 3002 901 3063 natura,
934 3010 1035 3051 nec
1054 2994 1255 3051 deficit.
1279 2995 1415 3052 Nam
1442 2998 1584 3068 quod
1610 3008 1714 3066 est,
1744 3009 1927 3057 manet
1954 3015 2082 3072 erga
2099 3016 2199 3063 eos

2290 1787 2381 1858 jus
2422 1786 2779 1859 opulentioris
2815 1786 3078 1852 invideas,
3113 1788 3161 1843 si
3211 1786 3430 1844 feminae
3485 1788 3784 1863 lacryutas
3828 1791 3906 1845 viri

2294 1878 2552 1951 praeferas
2582 1879 2946 1946 contuntelite,
2975 1879 3023 1937 si
3047 1879 3175 1936 catci
3203 1879 3449 1935 convicia
3482 1895 3593 1935 non
3630 1889 3805 1952 putes
3834 1897 3901 1935 ar-

2290 1972 2522 2044 guendo.
2557 1972 2628 2027 At
2649 1987 2778 2027 vero
2818 1987 2849 2028 e
2892 1972 3165 2028 contrario
3207 1970 3646 2028 misericordiam
3690 1972 3893 2043 justitia

2294 2083 2404 2125 non
2433 2066 2659 2137 tenebit,
2688 2068 2734 2125 si
2763 2066 2935 2125 furem
2963 2067 3121 2123 unius
3149 2065 3380 2136 nummi,
3411 2075 3472 2121 ut
3500 2065 3688 2123 furem
3721 2068 3897 2137 ingen-

2294 2162 2362 2219 tis
2386 2162 2631 2219 thesauri
2663 2162 2897 2233 plectas;
2930 2175 3052 2216 cum
3087 2169 3265 2216 tamen
3296 2159 3348 2215 in
3389 2175 3502 2215 uno
3526 2161 3897 2241 nummatis:
3948 2144 3949 2153 ‘

2294 2270 2514 2312 Saurum
2537 2253 2786 2311 habuerit
2809 2253 2900 2327 qui
2930 2252 3110 2309 amisit
3140 2270 3154 2307 :
3184 2261 3242 2308 ut
3267 2250 3684 2308 adolescentem
3718 2251 3776 2308 in
3807 2268 3894 2306 uno

2296 2357 2501 2405 tantum
2533 2355 2587 2403 et
2625 2346 2817 2405 eodem
2846 2344 3034 2401 infami
3075 2343 3339 2400 adulterio
3371 2344 3675 2412 irretitum,
3711 2347 3826 2416 pari
3854 2347 3892 2397 in

2294 2452 2492 2510 morte,
2521 2448 2577 2500 ut
2603 2440 2833 2512 plurium
2863 2438 3252 2496 adulteriorum
3282 2436 3575 2505 artiﬁcem,
3604 2439 3689 2510 (ά)
3726 2455 3892 2511 pretia-

2295 2531 2414 2594 rutn
2437 2536 2738 2607 quaestione
2758 2533 3013 2600 vexabis;
3047 2548 3171 2589 cum
3190 2540 3372 2589 tamen
3403 2532 3618 2589 crimen
3650 2542 3728 2589 stt
3764 2548 3892 2587 mot-

2297 2630 2367 2687 tis
2390 2630 2444 2687 in
2474 2638 2721 2700 utroque.
2751 2626 2919 2701 626
2954 2625 3080 2682 llaec
3128 2634 3290 2698 atque
3342 2624 3655 2681 istiusmodi
3704 2625 3890 2696 imper-

2298 2724 2494 2781 fectam
2544 2722 2748 2780 iaciunt
2784 2733 2840 2778 et
2862 2719 3287 2776 misericordiam
3332 2726 3387 2774 et
3411 2718 3688 2791 justitiam
3726 2719 3892 2774 huma-

2299 2833 2455 2883 nam;
2480 2816 2573 2872 Dei
2603 2813 3070 2884 autemjustitiam
3100 2812 3509 2869 misericordem
3538 2821 3775 2882 praestat
3801 2811 3892 2864 cri-

2299 2910 2632 2966 minosorum
2659 2907 2834 2981 panis
2878 2905 3084 2963 indulta
3116 2906 3390 2974 patientia.
3424 2903 3685 2973 Quicum
3718 2915 3893 2960 contra
3948 2932 3949 2941 ι

2302 3014 2509 3056 morem
2554 2999 2803 3053 humana:
2855 2996 3207 3067 impatientia:
3250 3011 3357 3050 non
3411 2995 3642 3051 festinat
3687 2997 3892 3067 punire,
3948 3046 3949 3069 η

599 3084 738 3155 ignis
758 3100 879 3141 esse
896 3100 1031 3157 quos
1053 3088 1191 3154 urit;
1226 3095 1284 3144 et
1313 3087 1455 3159 quod
1486 3087 1559 3161 (ὁ)
1590 3103 1697 3145 non
1722 3097 1826 3156 est,
1853 3105 2079 3148 necesse
2104 3104 2192 3151 est
2219 3085 2264 3148 C
2299 3092 2584 3149 miseratus
2612 3098 2737 3147 est:
2762 3097 2957 3147 tenens
2980 3088 3242 3158 justitiam
3284 3086 3336 3142 in
3370 3102 3555 3158 paena,
3587 3097 3720 3159 post
3751 3088 3892 3142 mise-

597 3175 653 3232 in
684 3176 766 3232 his
789 3192 910 3234 esse
951 3179 1144 3250 quibus
1171 3195 1259 3236 ros
1285 3190 1388 3237 est.
1438 3179 1615 3254 Atque
1655 3182 1727 3239 ita
1766 3183 2187 3256 magnitudinem

2295 3184 2584 3243 ricordiatu
2618 3199 2724 3239 non
2755 3180 3069 3255 proliciente
3112 3180 3403 3251 patientia;
3439 3180 3653 3235 habens
3693 3181 3891 3235 miscri-

598 3274 875 3327 memoria:
896 3281 950 3328 et
977 3273 1274 3330 sanctitatis
1310 3274 1405 3330 Dei
1430 3274 1637 3346 justitia
1677 3275 1792 3335 sola
1840 3277 2190 3348 moderatur;
2291 3279 2533 3338 cordiatn
2564 3278 2616 3335 in
2650 3292 2828 3348 poena,
2862 3283 2983 3345 post
3005 3274 3318 3344 patientiam
3348 3271 3420 3343 (e)
3448 3273 3772 3329 exsereudo
3789 3273 3893 3343 jus-

597 3378 720 3422 cutu
753 3379 847 3435 per
861 3365 1126 3437 justitiam
1168 3367 1260 3423 Dei
1304 3366 1373 3423 ad
1417 3366 1633 3441 iniquos
1679 3378 1842 3441 atque
1893 3371 2091 3443 justas,
2138 3382 2195 3429 et

602 3520 843 3560 mensura
873 3514 945 3559 est
970 3522 989 3561 :
1011 3504 1153 3573 quod
1200 3506 1390 3577 nequit
1415 3516 1559 3562 stare
1584 3520 1704 3562 cum
1737 3505 1979 3575 proxime
2017 3504 2198 3574 dictis,

599 3592 704 3631 non
727 3576 877 3631 habet
905 3578 1135 3642 modum,
1163 3588 1267 3632 etc.

676 3646 963 3771 (quEditi,
976 3649 1234 3721 justitiam
1258 3658 1419 3717 tuam,
1441 3664 1622 3722 grasco
1644 3657 1792 3705 textu
1817 3657 1872 3706 ct
1890 3664 1994 3707 ms.
2028 3649 2198 3707 rel'ra-

676 3733 707 3771 n
738 3735 748 3770 I
795 3733 875 3771 IIS.

605 3732 875 3788 ganttnus.

678 3806 752 3871 (b)
791 3806 1085 3882 Vocabula,
1117 3826 1218 3863 non
1240 3819 1332 3877 est,
1359 3809 1744 3882 desiderantur
1757 3809 1810 3882 in
1839 3809 1988 3881 prius
2017 3810 2199 3882 vulga-

610 3876 678 3930 tis
724 3893 738 3928 :
787 3879 1104 3952 supplentur
1136 3894 1199 3933 ex
1251 3876 1351 3933 ms.
1381 3879 1509 3952 Post
1541 3876 2192 3952 illasubittt'elligendttin.

608 3962 791 4018 nempe
815 3963 920 4001 ros.
948 3948 1134 4022 Potest
1151 3957 1211 4022 _et
1232 3957 1341 4004 tota
1370 3949 1581 4018 phrasis
1604 3950 1697 4022 sic
1726 3952 1917 4006 inverti
1946 3948 1964 4005 Ξ
1988 3962 2034 4005 et
2059 3953 2197 4022 quod

607 4028 705 4091 est,
736 4034 936 4091 necesse
965 4030 1038 4075 est
1056 4020 1112 4074 in
1139 4020 1218 4076 his
1246 4037 1348 4075 non
1371 4037 1481 4091 esse
1505 4020 1686 4091 quibus
1712 4036 1798 4077 ros
1827 4031 1921 4077 est.
1958 4022 2025 4079 Ut
2046 4020 2195 4080 enim

611 4088 839 4144 habetur
872 4090 964 4144 lib.
996 4107 1026 4145 x
1055 4090 1123 4145 de
1163 4092 1313 4147 Trin.
1350 4109 1401 4147 n.
1436 4088 1547 4147 4":
1578 4090 1834 4146 Naturam
1864 4109 2009 4148 suam
2034 4093 2087 4148 in
2118 4095 2199 4149 Itis

610 4170 657 4215 et
687 4177 903 4235 corpora
930 4172 978 4215 et
1003 4162 1134 4235 ignis
1154 4163 1337 4217 amittit
1356 4178 1377 4228 ;
1396 4180 1517 4217 nam
1544 4179 1702 4234 neque
1721 4164 1815 4219 illa
1842 4174 2076 4229 uruntur,
2105 4182 2200 4221 ne-

610 4233 814 4300 queille
836 4239 943 4287 urit
978 4249 997 4287 :
1025 4233 1087 4288 et
1118 4245 1287 4289 tamen
1315 4235 1370 4289 in
1392 4236 1588 4290 caneris
1623 4233 1682 4289 in
1719 4245 2028 4292 naturasua
2051 4249 2123 4292 est
2151 4245 2203 4293 et

607 4305 755 4376 ignis
773 4314 821 4359 et
840 4320 1062 4377 corpus;
1088 4322 1207 4361 nam
1233 4306 1619 4363 circumstantes
1639 4307 1842 4363 ardent.

685 4400 764 4469 (c)
782 4398 989 4474 Dicant
1006 4399 1389 4474 adjiciendum,
1412 4409 1504 4455 aut
1519 4400 2199 4474 subintelligendumjusta.
2230 4395 2286 4456 D

613 4469 736 4526 Mox
765 4469 905 4541 apud
928 4470 1088 4537 B.td.,
1121 4471 1210 4544 Er.
1236 4483 1286 4527 ct
1312 4470 1460 4539 Lips.
1493 4489 1506 4524 :
1531 4472 1575 4544 si
1602 4469 1817 4539 [animi
1841 4469 2083 4544 lacrymis
2112 4474 2208 4529 viri

613 4545 858 4613 praeferas
885 4542 1256 4598 contumelias:
1283 4547 1462 4598 minus
1481 4541 1546 4598 ad
1572 4558 1711 4599 rem.

688 4632 769 4702 (ά)
800 4632 959 4702 Editi,
978 4650 1147 4700 ρωηα,
1177 4650 1277 4689 non
1293 4634 1603 4702 quwstione:
1634 4632 1991 4690 emendantur
2017 4648 2084 4690 ex
2116 4649 2209 4689 co-

618 4702 742 4760 dice
788 4703 1137 4772 Miciaeeusi,
1190 4706 1344 4775 cujus
1393 4707 1680 4760 lectionem
1734 4707 2018 4761 conﬁrmat
2067 4704 2203 4761 Cod.

615 4775 822 4832 Theod.
846 4776 882 4831 l.
908 4793 959 4832 tv
983 4794 998 4833 :
1021 4793 1237 4847 quarunt
1258 4778 1476 4846 appell.,
1498 4777 1584 4833 ubi
1609 4779 1848 4837 sancitur
1869 4787 1927 4833 ut
1953 4776 2206 4835 adulterii

613 4848 818 4904 crimen
854 4847 1219 4919 quwstionibus
1263 4847 1501 4902 adhibitis
1544 4848 1886 4920 approbetur;
1929 4858 2088 4917 atque
2130 4849 2203 4903 ita

612 4922 887 5001 sacrilegos
921 4921 1219 5001 nuptiarum
1257 4926 1517 5001 tamquam
1572 4920 1871 5001 manifestos
1919 4920 2201 5001 parricidas

613 4993 815 5066 Quaere
857 4991 1003 5066 culeo
1043 4992 1201 5057 vivos,
1242 4991 1323 5066 uel
1358 5006 1567 5066 exurere
1600 4991 1927 5066 judicantem'
1948 4998 2198 5066 oporteat.

613 5061 801 5134 Eidem
829 5062 1152 5132 sum-agatur
1173 5061 1410 5134 celebris
1431 5060 1740 5134 Hieronymi
1771 5060 1997 5134 epistola
2029 5076 2152 5134 nix
2179 5101 2197 5131 ,

615 5131 905 5187 demuliere
919 5129 1106 5203 septies
1127 5134 1247 5200 icta,
1270 5134 1348 5193 sic
1367 5133 1436 5189 ab
1455 5148 1523 5189 eo
1554 5129 1826 5201 inscripta,
1858 5129 1978 5202 quia
2009 5129 2202 5187 mulier

613 5203 875 5259 innocms
915 5220 1017 5259 una
1054 5220 1177 5259 cum
1218 5205 1416 5275 juvene
1457 5203 1709 5260 adulterii
1753 5208 2001 5259 accusata
2030 5203 2203 5275 toties

612 5288 870 5347 percussa
924 5284 1027 5344 est,
1069 5290 1192 5330 cunt
1220 5272 1449 5346 'juvettis
1486 5276 1692 5331 malens
1729 5289 1787 5347 se
1826 5289 1975 5347 reum
2022 5272 2195 5347 fateri,

612 5344 774 5418 quam
823 5344 1110 5403 diuturnos
1152 5344 1519 5403 acerbissima:
1564 5345 1875 5418 qtlmSlIOIIis
1932 5345 2199 5401 cruciatus

614 5416 877 5486 perferre,
902 5419 1079 5488 capite
1109 5428 1384 5473 truncatus
1409 5416 1918 5488 esset.‘Ambrosius
1959 5429 2199 5488 quoque,

610 5489 707 5545 lib.
736 5489 806 5544 de
830 5486 982 5559 lapsu
1009 5488 1157 5560 Virg.
1190 5504 1434 5545 consecr.
1464 5503 1515 5544 c.
1549 5489 1603 5553 5,
1636 5506 1687 5560 u.
1716 5502 1813 5551 ιι,
1844 5486 2015 5560 innuit
2058 5486 2203 5560 mor-

613 5562 683 5616 tis
714 5557 926 5634 prenam
962 5563 1016 5617 in
1039 5557 1316 5617 adulteros
1348 5560 1642 5634 decretam.
1678 5559 1902 5634 Detnutn
1945 5557 2201 5634 .ln_stin_ia-

616 5628 730 5688 nus'
766 5632 987 5689 Novella
1017 5647 1237 5699 cautv,
1268 5646 1319 5688 c.
1360 5630 1451 5701 10,
1478 5628 1813 5688 Constantini
1856 5630 2199 5687 constitutio-

613 5716 738 5760 nem
760 5705 829 5761 de
857 5720 1014 5777 poena
1041 5702 1304 5765 adulteris
1328 5700 1617 5779 inﬂigeuda
1651 5700 1843 5777 probat
1869 5711 2029 5778 atque
2065 5716 2200 5760 con-

2293 3374 2489 3437 titiatn.
2520 3371 2636 3427 Non
2666 3370 2810 3431 enim
2840 3369 2981 3425 Deus
3026 3367 3168 3440 rapit
3207 3366 3569 3423 humanorum
3609 3366 3888 3422 criminum

2305 3508 2504 3563 firmat.
2556 3506 2711 3562 Hunc
2751 3505 2885 3576 legis
2937 3513 3048 3559 tam
3087 3517 3291 3576 severa:
3335 3502 3568 3576 primum
3626 3514 3891 3558 auctorem

2304 3580 2458 3636 multi
2510 3576 2733 3634 faciunt.
2764 3573 2836 3633 Δὶ
2876 3591 2997 3633 eam
3027 3583 3156 3630 ante
3198 3573 3619 3631 Constantinum
3670 3577 3890 3645 viguisse

2304 3666 2411 3706 non
2444 3647 2649 3706 inficias
2698 3648 2839 3708 ierit,
2876 3647 2961 3715 qui
2991 3645 3132 3715 apud
3161 3645 3477 3715 Eusebium,
3514 3645 3607 3700 lib.
3657 3662 3708 3702 tv
3770 3647 3887 3701 llist.

2304 3719 2450 3777 Eccl.
2483 3736 2533 3775 c.
2562 3719 2649 3785 i7,
2681 3719 2811 3773 edit.
2837 3714 2983 3782 vat,
3025 3714 3249 3787 legetit.
3291 3714 3421 3787 Cum
3456 3714 3701 3771 Urbicius
3733 3716 3891 3771 Ptolev

2301 3808 2489 3864 mtuum
2514 3790 2589 3864 ad
2605 3791 2914 3864 supplicium
2944 3786 3341 3864 elucijussisset,
3391 3786 3663 3864 Lucius...
3696 3792 3770 3843 sic
3804 3787 3889 3843 Ur-

2302 3863 2491 3918 bicium
2520 3860 2773 3917 allocutus
2788 3871 2864 3915 est
2893 3877 2914 3916 :
2943 3860 3081 3926 Quid
3105 3876 3271 3914 causa:
3292 3867 3391 3923 est,
3431 3869 3486 3912 ut
3520 3860 3781 3914 hominem
3809 3878 3886 3914 ue-

2301 3951 2398 4005 que
2427 3934 2690 4005 adulterii,
2721 3949 2880 4005 neque
2909 3932 3072 4005 stupri
3098 3931 3400 4005 convictum,
3428 3946 3520 3985 nec
3567 3930 3883 4005 homicidam,

2305 4001 2396 4059 nec
2412 4004 2647 4073 furem...
2671 4001 3122 4058 condemunveris?
3146 4001 3469 4073 l’tolcmmus
3496 4013 3682 4073 autem
3701 4001 3768 4055 Μ.
3789 4002 3884 4057 Au-

2305 4071 2440 4131 rclio
2470 4075 2771 4141 imperante
2811 4088 3000 4144 passus
3028 4082 3114 4127 est
3172 4088 3186 4125 :
3230 4071 3339 4140 jam
3385 4081 3497 4125 tum
3532 4072 3698 4140 igitur
3715 4074 3885 4127 mortis

2309 4160 2464 4217 paena
2513 4146 2888 4217 plectebantur
2918 4145 3185 4217 adulteri.
3214 4144 3317 4217 fita
3385 4153 3609 4217 auctori
3637 4146 3882 4217 pascimus

2308 4214 2360 4272 S.
2400 4214 2689 4284 Vincentii,
2732 4216 2784 4270 in
2810 4216 2956 4271 Actis
2980 4217 3177 4271 sincer.
3210 4215 3401 4285 Marb,
3428 4228 3553 4285 pag.
3581 4214 3710 4280 392,
3755 4233 3805 4269 ιι.
3836 4217 3881 4280 5,

2308 4229 2360 4272 δ.
2406 4229 2689 4284 Vtttcenttt,
2732 4232 2784 4270 tn
2810 4229 2956 4271 acus
2980 4230 3177 4271 sutcer.
3210 4229 3396 4281 nsart.,
3428 4229 3553 4338 pag.
3581 4229 3710 4280 oua,
3755 4233 3805 4269 ιι.
3836 4229 3880 4280 5,

2308 4289 2451 4344 inter
2476 4289 2727 4353 crimina,
2768 4303 2886 4358 quae
2915 4285 3234 4358 capitalibus
3265 4284 3438 4358 poenis
3460 4301 3490 4338 ο
3536 4287 3701 4358 ιιῳςῑιι
3724 4298 3880 4351 erant,

2311 4359 2630 4414 adulterium
2654 4355 2920 4413 recenset.
2945 4355 3002 4412 lu
3036 4356 3225 4411 iisdem
3248 4355 3403 4422 actis,
3437 4370 3561 4425 pag.
3582 4355 3881 4421 HLAcba-

2310 4432 2417 4486 tius
2454 4430 2714 4485 Martiano
2759 4430 3028 4483 consulari
3075 4428 3221 4483 Decii
3266 4428 3614 4495 imperatoris
3642 4430 3882 4497 praefecto

2309 4502 2408 4571 sibi
2433 4500 2645 4571 jubenti
2675 4541 2691 4566 ,
2722 4500 2822 4555 Aut
2867 4500 3129 4566 sacrifica,
3186 4509 3276 4554 aut
3313 4514 3537 4571 morere,
3569 4501 3879 4568 respondet:

2308 4570 2407 4625 Jus
2438 4569 2719 4639 ‘pttblicum
2773 4570 2917 4642 punit
2947 4580 3298 4642 scortatorem,
3344 4569 3658 4642 adulterum,
3696 4572 3879 4642 furem.

2309 4653 2657 4710 corruptorem
2692 4638 2840 4696 sexta
2891 4641 3071 4706 virilis,
3116 4640 3403 4710 maleﬁcum
3457 4651 3504 4693 et
3562 4638 3877 4693 bonricidmn.

2316 4712 2515 4768 Horum
2533 4715 2579 4768 si
2607 4729 2722 4768 rests
2741 4729 2873 4778 sum,
2904 4724 3021 4766 ante
3038 4727 3209 4765 uocem
3235 4724 3377 4766 tuam
3388 4714 3505 4783 jatst
3534 4711 3650 4778 ipse
3676 4728 3756 4766 nte
3777 4729 3879 4764 coa-

2310 4785 2512 4839 demno.
2546 4784 2626 4839 Ad
2651 4784 2767 4840 bare
2789 4783 3080 4848 Arnobius,
3107 4784 3195 4837 lib.
3233 4798 3305 4845 tv.
3336 4793 3525 4852 contra
3543 4789 3737 4852 gentes
3775 4784 3879 4837 deo—

2310 4871 2427 4910 rum
2446 4857 2722 4925 gentilium
2744 4854 3001 4909 adulteria
3026 4853 3378 4922 exprobrans,
3409 4850 3683 4925 Ilorrtines,
3709 4855 3874 4917 inquit,

2304 4924 2562 5000 adulteria
2585 4926 2780 5000 legibus
2801 4924 3099 5000 __vindicant,
3134 4934 3182 5000 et
3222 4924 3529 5000 capitalibus
3553 4940 3645 5000 eos
3682 4926 3875 5000 amcitia!

2304 4998 2486 5080 prunis,
2516 4993 2650 5080 quoi
2675 4999 2727 5050 in
2757 4996 2923 5080 aliena
2951 4993 3425 5080 colustra/tenuerint
3456 4993 3656 5080 [tndem
3695 4993 3874 5080 gemat

2302 5066 2356 5122 se
2377 5066 2545 5124 lectuli
2562 5066 3208 5141 expugnatiouede'ecisse.
3235 5066 3517 5122 Postremo
3539 5070 3619 5119 Au
3663 5066 3866 5127 uT-tiuus,

2304 5138 2400 5193 lib.
2434 5156 2489 5193 ιιι
2512 5138 2580 5193 de
2609 5139 2724 5193 Civ.
2762 5137 2879 5193 Dei.
2909 5153 2958 5193 c.
3072 5137 3163 5193 ubi
3203 5138 3276 5192 ait
3310 5154 3322 5190 :
3349 5136 3566 5193 Antiqui
3610 5082 3866 5191 ﬁnitioni...

2304 5138 2400 5195 lib.
2434 5156 2489 5196 ιιι
2512 5138 2580 5194 de
2609 5136 2724 5194 Civ'.
2762 5137 2879 5206 Dei,
2909 5153 2958 5194 c.
2987 5136 3043 5205 5,
3072 5137 3163 5193 ubi
3203 5138 3276 5192 ait
3310 5154 3322 5190 :
3349 5136 3566 5205 Antiqui
3610 5136 3869 5191 Romani...

2305 5209 2570 5267 adulteras
2594 5210 2838 5281 feminas,
2870 5209 3098 5281 quamvis
3122 5208 3296 5277 aliqua
3320 5207 3678 5281 damnatione.
3695 5226 3789 5264 non
3816 5219 3871 5281 ta:

2308 5297 2423 5336 men
2447 5275 2605 5336 morte
2627 5275 2944 5351 plectebant;
2986 5275 3293 5351 significare
3329 5275 3542 5336 videtur
3570 5279 3732 5337 alium
3760 5276 3869 5349 apud

2306 5349 2636 5423 posteriores
2655 5366 2857 5423 morere
2887 5349 3417 5423 obtinuisseLNeque
3439 5364 3673 5423 necesse
3692 5363 3769 5404 eet
3785 5363 3865 5423 uo

2305 5418 2528 5479 ineamus
2552 5425 2773 5493 antiqua
2803 5422 2920 5493 lege
2946 5418 3364 5485 caututn.'Deut.
3395 5436 3531 5489 χιιι,
3562 5420 3732 5490 22,υι
3752 5420 3869 5475 adul-

2306 5503 2388 5551 ter
2415 5504 2470 5549 et
2495 5493 2737 5549 adultera
2769 5504 2941 5550 morte
2968 5495 3310 5563 punirentur.

2381 5565 2450 5691 (ἓ)
2483 5566 2597 5634 llic,
2625 5575 2679 5623 ut
2698 5576 2753 5623 et
2771 5564 2925 5636 alias,
2949 5562 3000 5622 in
3016 5564 3242 5640 vulgatis
3262 5562 3619 5622 substitutum
3634 5572 3866 5623 cratem.

2381 5654 2393 5691 ι
2433 5653 2483 5691 o.

2303 5652 2483 5694 cenae.
