3984 6208
28 325 150 382 865

1166 321 1586 382 TBACTATUS
1621 318 1689 379 IN
1723 319 1909 380 CXLV
1950 322 2295 382 PSALMUM.

3253 323 3358 382 866

29 455 223 498 turum
256 443 606 500 exterminavit
632 442 816 516 (Infra,
847 442 1095 498 viam"...
1120 440 1518 513 exterminabit).
1542 439 1657 496 -Re-
1683 441 1737 501 A
1759 442 2090 513 sperandum.
2118 471 2192 484 —
2212 441 2340 496 Post
2368 453 2488 510 quae
2517 438 2710 496 stultas
2738 439 3014 496 hominum
3047 439 3351 510 opiniones,

26 537 231 606 gnabit
253 537 511 593 Dominus
537 537 590 592 in
637 538 878 592 swculunt
901 538 1095 611 (Infra,
1125 539 1179 593 in
1199 537 1488 609 aeternum)
1519 535 1658 592 Deus

30 636 169 683 tuus
201 628 362 699 Sion,
377 630 429 684 in
448 629 776 700 generatione
797 639 843 684 et
863 631 1263 701 generationem.

495 770 583 825 TR
593 770 907 830 ACTATUS
945 769 1214 829 PSALMI.

124 905 180 961 l.
219 903 381 960 Tituli
415 921 536 976 pars
581 905 780 974 addita,
813 923 988 976 quare.
1026 907 1143 961 Vita
1188 907 1378 962 misera
1423 908 1512 976 qui
1556 922 1660 962 non

32 996 158 1051 vita
206 1007 407 1052 nostra.
448 994 718 1053 —Etiam
766 999 890 1053 huic
939 999 1146 1069 psalmo
1204 997 1404 1054 addere
1456 997 1658 1070 aliquid

35 1091 479 1146 translatoribus
504 1091 676 1146 visum
708 1099 812 1146 est.
848 1090 979 1146 Nam
1006 1090 1408 1147 cumJlebra’is
1439 1090 1517 1163 (a)
1541 1092 1656 1146 sola

35 1184 298 1251 alleluia,
327 1185 398 1239 sit
420 1183 642 1254 prmlata
686 1183 980 1251 confessio,
1029 1183 1137 1239 illis
1165 1184 1366 1253 placuit
1403 1185 1660 1255 Aggaeum

38 1286 106 1333 et
133 1276 462 1333 Zachariam
513 1277 566 1332 in
610 1275 766 1332 titulo
816 1275 1127 1332 anteferre:
1163 1275 1266 1331 hoc
1295 1290 1383 1340 eo,
1429 1284 1491 1330 ut
1520 1276 1662 1346 psal-

37 1387 211 1426 mum
256 1385 381 1427 esse
422 1369 796 1440 prapheticum
841 1381 1190 1425 nosceremus
1220 1387 1234 1423 :
1267 1368 1386 1439 quia
1417 1383 1517 1439 per
1560 1367 1662 1423 hos

39 1462 382 1534 prophetas,
439 1461 541 1516 sub
569 1461 765 1532 quibus
805 1459 1068 1516 :ediﬁcata
1116 1475 1329 1519 rursum
1360 1460 1660 1516 Jerusalem

40 1564 162 1619 est,
191 1555 315 1625 ipso
341 1553 432 1609 illo
475 1564 584 1609 tum
631 1562 877 1624 tempore
924 1562 1141 1609 aeterna:
1167 1553 1466 1609 Jerusalem
1494 1553 1664 1608 aedili-

41 1647 206 1702 catio
233 1645 584 1718 prmdicatur,
613 1645 776 1701 etiam
807 1645 1100 1715 Evangelio
1143 1653 1397 1710 testante,
1431 1660 1555 1700 cum
1584 1645 1666 1698 in-

1763 545 1819 591 et
1851 537 2039 592 inanes
2069 536 2121 591 in
2170 549 2355 607 regum
2401 533 2711 590 nominibus
2743 534 3048 606 religiones,
3080 549 3214 603 quos
3255 533 3360 589 sibi

1761 629 1894 685 deos
1925 629 2215 699 antiquitas
2248 628 2420 695 ﬁnxit,
2455 626 2731 697 redarguit
2753 626 2942 682 dicens
2975 644 2988 680 :
3024 625 3204 682 Nolite
3229 641 3352 679 can-

1760 723 1922 792 ﬁdere
1948 723 2003 778 in
2047 721 2392 794 principibus,
2425 720 2588 775 Vsus.
2617 720 2651 774 5
2680 728 2734 775 et
2761 718 2817 785 4,
2846 720 2898 773 in
2925 719 3050 788 ﬁliis
3091 718 3358 772 hominum

1760 814 1814 867 in
1839 815 2022 884 quibus
2051 830 2154 868 non
2199 821 2276 866 est
2313 813 2475 866 salus.
2511 808 2689 865 Exibit
2726 809 2936 882 spiritus
2965 823 3162 873 eorum,
3195 816 3244 862 et
3270 822 3356 861 re-

1761 915 2016 960 vertentur
2043 907 2096 960 in
2133 914 2321 959 terram
2362 919 2511 957 suam
2535 918 2554 956 :
2580 903 2636 956 in
2674 902 2768 956 illa
2808 902 2892 956 die
2915 900 3152 972 peribunt
3183 915 3357 954 omnes

1761 996 2098 1066 cogitationes
2141 1010 2337 1049 eorum.
2370 993 2658 1052 Conlidere
2700 992 2869 1048 vetuit
2922 992 2976 1047 in
3029 993 3263 1061 regibus.
3296 992 3365 1046 Et

1762 1089 1957 1159 quibus
1988 1087 2242 1159 regibus?
2285 1087 2560 1158 subjecit:
2614 1095 2664 1141 et
2710 1087 2764 1140 in
2791 1087 2936 1156 ﬁliis,
2961 1086 3155 1158 inquit,
3196 1087 3361 1140 Itami-

1763 1197 1904 1235 num.
1939 1180 2007 1235 Et
2037 1179 2232 1250 quibus
2262 1179 2385 1234 ﬁliis
2416 1179 2731 1235 hominum?
2759 1179 2943 1250 quibus
2977 1195 3077 1234 non
3106 1187 3178 1234 est
3196 1180 3360 1234 salus.

1764 1274 1832 1328 Et
1876 1288 1973 1329 cur
2014 1273 2160 1330 salus
2201 1288 2308 1328 non
2339 1273 2448 1328 sit?
2487 1272 2724 1329 aSIeudit
2755 1289 2770 1327 :
2797 1273 2976 1329 Exibit
3017 1275 3234 1344 spiritus
3277 1291 3364 1350 ea-

1763 1382 1901 1434 rum,
1928 1375 1974 1420 et
1999 1382 2172 1421 omnes
2199 1363 2514 1421 revertentur
2537 1368 2591 1420 in
2614 1375 2802 1422 terram
2833 1383 3000 1421 suam.
3027 1365 3093 1422 Et
3123 1382 3370 1422 reversu-

1764 1457 1841 1513 ris
1881 1458 1933 1512 in
1983 1467 2184 1513 terram
2232 1459 2357 1529 quid
2381 1459 2526 1514 erit?
2559 1458 2624 1513 In
2667 1461 2758 1515 illa
2805 1460 2887 1515 die
2928 1461 3164 1532 peribunt
3194 1478 3368 1517 omnes

1766 1552 2098 1622 cogitationes
2141 1568 2319 1607 eorum
2354 1569 2373 1607 :
2403 1563 2672 1626 corrupta:
2708 1554 2814 1625 ipsi
2856 1556 3066 1611 scilicet
3110 1555 3366 1627 originis;

1766 1645 1890 1716 quia
1942 1660 2064 1701 esse
2113 1646 2206 1701 lilii
2248 1646 2526 1703 hominum
2569 1651 2942 1720 perstiterunt,
2991 1667 3091 1706 nec
3133 1650 3227 1705 ﬁlii
3271 1648 3370 1705 Dei

44 1753 325 1812 gressuro
355 1739 612 1808 templum
647 1739 898 1805 Domino,
926 1747 980 1792 et
1008 1737 1486 1792 nummulariorum
1515 1751 1666 1791 men-
1767 1750 1889 1792 esse
1916 1738 2206 1793 voluerunt
2231 1757 2242 1790 ε
2269 1739 2469 1794 nullius
2497 1755 2714 1810 quoque
2735 1741 2956 1808 salutis;
2981 1743 3103 1812 quia
3135 1749 3369 1797 exeunte

47 1847 177 1896 sas,
221 1841 278 1886 et
304 1832 598 1886 ementium
625 1845 690 1885 ac
708 1829 1054 1885 vendentium
1093 1829 1308 1899 negotia
1331 1828 1664 1884 subversuro
1692 1828 1742 1888 B
1768 1827 1980 1897 Spiritu,
2001 1828 2120 1883 etin
2145 1837 2342 1884 terram
2368 1829 3366 1902 eorporibusdissolutis,cogitationes

43 1925 287 1999 (Matth.
323 1939 434 1988 xxi,
469 1923 504 1978 4
536 1964 552 1991 ,
617 1921 696 1994 5),
745 1922 818 1977 ita
866 1921 1126 1991 scriptum
1167 1930 1290 1976 est:
1326 1919 1439 1976 Hoc
1485 1929 1665 1974 autem
1770 1935 1958 1975 eorum
1990 1936 2265 1992 corporea:
2297 1931 2460 1993 atque
2493 1933 2720 1997 terrente
2747 1939 2869 1981 eum
2899 1936 3115 1982 terreno
3147 1940 3377 1997 corpore

54 2018 274 2074 factum
301 2027 405 2083 est,
439 2025 497 2071 ut
542 2014 864 2084 impleretur
893 2011 1039 2085 quod
1078 2013 1281 2068 dictum
1311 2019 1398 2068 est
1442 2025 1537 2082 per
1565 2010 1668 2064 Za-
1773 2013 2094 2068 interibunt.
2643 2082 2652 2090 _

55 2110 318 2166 chariam
364 2107 680 2179 prophetam
734 2105 1007 2162 dicentem
1053 2121 1066 2158 :
1104 2103 1274 2158 Dicite
1324 2104 1449 2172 [ilite
1499 2103 1629 2157 Sion
1654 2143 1668 2165 ,
1845 2105 1900 2158 4.
1931 2106 2097 2173 Quam
2118 2109 2310 2162 rectius
2336 2107 2389 2162 in
2417 2107 2597 2164 mundi
2627 2109 2864 2180 opiﬁcem
2892 2121 3144 2182 speretur.
3175 2141 3247 2154 —
3269 2111 3376 2168 Sed

60 2203 216 2259 Ecce
252 2218 344 2257 rex.
368 2210 484 2255 tuus
511 2200 643 2255 venit
675 2199 767 2253 tibi
813 2207 1133 2264 mansuetus,
1161 2196 1343 2251 sedens
1385 2210 1540 2266 super
1568 2194 1674 2249 asi—
1774 2206 1835 2253 ut
1875 2198 1946 2253 ita
1979 2199 2031 2253 in
2061 2199 2363 2255 istiusmodi
2388 2215 2544 2270 rcges
2575 2201 2828 2257 ﬁduciam
2877 2219 2984 2259 non
3014 2203 3285 2271 conferas,
3318 2203 3371 2260 in

61 2311 198 2350 nam
225 2304 272 2349 et
299 2294 499 2365 pullum
520 2292 777 2347 novellum
796 2289 1120 2364 subjugalem
1142 2288 1359 2360 (Zacclt.
1389 2305 1462 2355 lx,
1499 2286 1580 2360 9).
1777 2305 1936 2363 quem
1982 2291 2312 2361 sperandum
2341 2303 2486 2348 esset
2526 2293 2786 2359 ostendit,
2818 2295 2984 2351 Vens.
3034 2296 3130 2353 5-7
3160 2296 3383 2352 :Beatus

146 2387 206 2441 2.
242 2386 328 2452 Et,
361 2394 419 2440 ut
441 2385 696 2452 arbitror,
731 2384 890 2455 hujus
917 2383 1218 2439 Jerusalem
1256 2381 1436 2452 potius
1461 2391 1518 2436 et
1546 2380 1675 2436 Sion
1779 2386 1926 2456 cujus
1955 2383 2095 2439 Deus
2128 2384 2290 2441 Jacob
2330 2385 2540 2459 adjutor
2577 2389 2692 2456 ejus
2720 2402 2740 2442 :
2764 2405 2882 2457 spes
2921 2391 3031 2460 ejus
3077 2389 3134 2442 in
3160 2388 3384 2442 Domino

67 2493 265 2550 regem
298 2478 538 2549 psalmus
587 2476 823 2532 oSIendit
851 2517 865 2540 ,
897 2475 987 2546 qui
1037 2476 1107 2530 ita
1148 2474 1317 2545 coepit
1339 2514 1354 2537 ,
1388 2472 1554 2528 Vsus.
1598 2472 1634 2526 2
1664 2489 1678 2524 :
1781 2475 1894 2532 Deo
1929 2477 2114 2547 ipsius,
2146 2478 2234 2548 qui
2266 2479 2384 2548 fecit
2415 2479 2600 2532 caelum
2645 2490 2690 2534 et
2731 2489 2941 2546 terram,
2973 2497 3114 2535 mare
3143 2490 3188 2535 et
3213 2480 3387 2535 immiti

70 2572 269 2627 Lauda
306 2570 481 2624 animo
532 2586 640 2623 mea
688 2568 987 2634 Dominum,
1035 2567 1258 2622 laudabo
1302 2564 1584 2620 Dominum
1626 2565 1684 2619 in
1782 2585 1897 2641 quae
1928 2570 1983 2624 in
2005 2571 2078 2624 eis
2107 2580 2259 2636 sunt;
2288 2570 2373 2639 qui
2401 2572 2624 2626 custodit
2651 2573 2910 2626 veritatem
2927 2573 2981 2626 in
3007 2575 3272 2640 saeculum,
3305 2577 3388 2644 fa-

74 2665 187 2719 uita
212 2679 345 2727 mea,
379 2661 600 2731 psallam
635 2659 745 2716 Dea
767 2675 877 2714 mea
903 2675 1058 2730 quam
1085 2659 1172 2712 diu
1201 2674 1308 2712 ero.
1353 2657 1600 2714 Scienter
1629 2665 1686 2711 et
1786 2662 1854 2716 cit
1870 2661 2130 2734 judicium
2169 2662 2249 2717 his
2292 2662 2380 2732 qui
2409 2663 2678 2732 patiuntur
2716 2664 2990 2736 injuriam.
3025 2663 3142 2719 Non
3171 2673 3254 2720 est
3290 2679 3385 2720 ca-

76 2759 156 2814 de
186 2756 464 2827 prophetae
500 2753 744 2809 doctrina
775 2752 1038 2808 dictorum
1070 2749 1316 2806 ordinem
1349 2747 1534 2805 tenuit.
1571 2746 1688 2802 Pri-
1788 2751 1922 2808 duca
1944 2751 2198 2823 cogitatio
2229 2752 2282 2808 in
2325 2768 2506 2825 regem
2548 2754 2850 2811 istiusmodi
2882 2771 3102 2825 sperare
3132 2775 3144 2810 :
3174 2766 3231 2813 et
3261 2771 3388 2829 spes

78 2866 238 2907 mum
263 2849 403 2905 enim
431 2862 550 2903 eam
583 2845 864 2920 (animam)
895 2846 1141 2901 hortatur
1179 2844 1247 2900 ad
1291 2843 1531 2910 laudem,
1566 2857 1686 2913 quae
1794 2843 1885 2899 illa
1916 2859 2024 2899 non
2053 2845 2255 2912 interit,
2294 2862 2414 2916 quae
2463 2847 2516 2900 in
2552 2842 2864 2903 Creatorem
2897 2848 3020 2905 (εωιὶ
3051 2858 3106 2904 et
3133 2857 3294 2905 terra:
3333 2859 3389 2906 et

81 2945 145 3000 in
175 2941 314 2996 hanc
353 2949 436 2996 est
474 2939 767 2995 constituta
809 2945 1076 3004 naturam,
1122 2945 1181 2991 ut
1207 2943 1424 2991 maneat
1460 2942 1686 2990 :eterna.
1792 2937 1955 2992 maris
1983 2946 2040 2992 et
2076 2937 2256 2992 omnis
2304 2938 2670 2994 universitatis
2714 2939 2871 3010 hujus
2919 2941 3248 2997 extenditur.
3292 2941 3392 2999 llic

87 3036 230 3093 Tum
263 3032 478 3100 deinde,
511 3034 635 3105 quia
671 3047 768 3103 per
806 3031 1222 3088 resurrectionis
1266 3031 1466 3085 donum
1489 3029 1694 3099 gloriﬁc
1794 3029 2095 3100 sperandus
2136 3029 2351 3101 adjutor
2383 3041 2488 3097 est,
2521 3030 2574 3086 in
2616 3046 2723 3102 quo
2751 3017 2908 3088 dolus
2959 3049 3065 3088 non
3114 3043 3215 3088 est.
3255 3033 3392 3090 Nam

92 3137 218 3185 cato
242 3140 470 3196 corpore
492 3134 660 3180 totum
687 3123 825 3197 (scil.
849 3138 1078 3194 corpore
1101 3133 1160 3178 ut
1188 3123 1394 3192 anima)
1419 3137 1476 3176 se
1503 3121 1555 3176 ei
1582 3135 1695 3176 mc-

1801 3139 1946 3192 cum,
1988 3124 2297 3202 secundum.
2327 3125 2686 3196 prOphetiam,
2736 3127 2914 3182 omnis
2962 3126 3124 3182 homo
3169 3126 3398 3182 mendax

94 3220 312 3278 minerit
352 3227 707 3283 cozeternum,
760 3227 1034 3286 tamquam
1082 3216 1151 3272 de
1192 3215 1372 3270 futuro
1416 3215 1695 3270 conﬁdens
1723 3213 1769 3276 C
1800 3217 1898 3284 sit;
1931 3219 2215 3273 veritatem
2254 3217 2310 3272 iu
2353 3217 2556 3274 saeculo
2590 3219 2739 3274 solus
2768 3220 2858 3274 ille
2889 3219 3168 3274 custodit:
3198 3228 3252 3275 et
3280 3235 3402 3275 cus-

96 3313 218 3369 ait:
250 3309 502 3365 Laudabo
538 3309 815 3363 Dominum
866 3309 919 3362 in
949 3309 1052 3362 vita
1092 3324 1227 3362 mea.
1277 3305 1394 3361 Non
1437 3305 1580 3360 enim
1631 3320 1694 3360 ea

99 3407 235 3473 vita,
275 3419 398 3475 quae
439 3417 582 3458 nunc
631 3411 716 3457 est
753 3417 848 3472 per
892 3400 1235 3456 inﬁrmitates
1290 3399 1556 3470 corporis,
1599 3413 1696 3453 sua

101 3510 190 3559 est
232 3517 245 3554 :
287 3499 356 3555 ab
411 3496 580 3552 Adam
611 3499 626 3560 ἴ
639 3510 868 3565 namque
899 3494 972 3566 (b)
1024 3493 1124 3550 ista
1182 3492 1366 3562 cmpit,
1420 3506 1527 3545 non
1574 3505 1695 3546 cum

94 3596 275 3653 Adam
314 3595 566 3650 inchoata
613 3603 714 3657 est,
752 3604 910 3662 quam
961 3601 1067 3642 non
1109 3586 1298 3651 vitam,
1341 3582 1435 3640 sed
1469 3592 1699 3637 mortem

96 3702 246 3754 esse,
277 3686 569 3757 Apostolus
596 3684 742 3741 novit
781 3681 969 3736 dicens
1001 3695 1013 3732 :
1049 3676 1207 3732 Miser
1251 3692 1341 3745 ego
1388 3676 1562 3740 homo,
1589 3674 1703 3742 quis

98 3798 185 3837 me
222 3780 452 3836 liberabit
479 3781 542 3835 de
569 3794 784 3850 corpore
811 3772 991 3830 mortis
1035 3773 1192 3844 hujus
1234 3770 1410 3841 (liam.
1441 3785 1536 3835 vn,
1564 3769 1705 3840 ριν

101 3874 167 3932 1η
214 3875 315 3932 hac
357 3891 492 3946 ergo
521 3875 630 3929 vita
663 3887 759 3926 sua
801 3871 992 3932 Deum,
1024 3865 1200 3938 qualis
1243 3865 1475 3937 primum
1526 3865 1577 3919 in
1609 3863 1706 3919 ho-

102 3969 258 4024 mine
284 3974 368 4022 est
393 3966 464 4038 (ο)
495 3966 760 4030 instituta,
787 3962 949 4034 631
980 3958 1241 4015 laudabit.
1286 3957 1420 4012 Tum
1452 3957 1610 4012 tertio
1641 3972 1709 4012 nc

105 4062 167 4118 in
203 4059 307 4115 hoc
333 4057 524 4114 eodem
554 4072 698 4113 nunc
727 4070 958 4124 corpore
1008 4049 1347 4120 irreligiosus
1372 4049 1710 4104 existimare-

109 4167 235 4220 tur;
258 4153 458 4224 adjecit
486 4170 499 4206 :
532 4151 768 4207 Psallam
800 4147 908 4202 Dea
934 4161 1046 4201 mea
1074 4161 1228 4213 quam
1259 4144 1350 4197 diu
1369 4159 1453 4197 era
1477 4141 1706 4215 (supple,

110 4249 169 4304 in
199 4248 300 4301 hac
323 4247 431 4300 vita
458 4245 654 4300 misera
676 4241 810 4308 ;vid.
835 4238 1050 4309 Prolog.
1070 4255 1121 4290 η.
1149 4234 1263 4306 19).
1293 4233 1510 4289 Inomni
1533 4241 1712 4286 autem

109 4342 222 4397 hoc
248 4334 579 4411 psalmorum
608 4335 768 4402 libro,
793 4333 846 4388 in
869 4332 1090 4405 psallere
1124 4328 1404 4398 religiosas
1435 4327 1712 4397 operatio-

113 4449 217 4492 nes
235 4432 479 4504 corporis
507 4429 797 4503 signiﬁcari
819 4425 1164 4508 meminimus
1198 4440 1212 4476 :
1242 4431 1365 4492 apta
1391 4429 1447 4478 ct
1475 4435 1717 4477 consona

113 4527 368 4598 corporei
399 4535 579 4581 motus
603 4523 868 4579 varietate
906 4517 1182 4592 plaeituri.

1799 3310 2012 3366 todiens
2039 3310 2346 3378 veritatem,
2374 3309 2633 3380 judicium
2677 3310 2805 3365 facit
2833 3311 2905 3366 ob
2946 3327 3041 3366 eos
3069 3311 3161 3381 qui
3188 3311 3402 3382 patiun-

1803 3413 1886 3459 tur
1917 3403 2188 3473 iujuriam.
2217 3403 2412 3459 Beatus
2444 3403 2534 3458 ille
2561 3413 2665 3471 est,
2692 3418 2851 3474 quem
2879 3403 3186 3474 adjuvando
3215 3419 3283 3459 ex
3310 3403 3400 3459 Ja-

1803 3499 1905 3553 cob
1935 3498 2012 3571 (ά)
2046 3497 2207 3552 faciet
2232 3497 2414 3553 Israel.
2461 3498 2598 3567 Spes
2636 3497 2755 3568 ejus
2801 3506 3002 3552 :eterna
3051 3506 3152 3561 est,
3185 3498 3309 3568 quia
3348 3497 3402 3552 in

1803 3589 2114 3644 Creatorem
2145 3589 2268 3646 caeli
2311 3598 2364 3644 et
2391 3596 2552 3644 terra:
2596 3589 2868 3659 marisque
2915 3588 3155 3644 conlidit.
3181 3587 3408 3646 Creator

1807 3691 1986 3737 autem
2017 3680 2209 3736 horum
2255 3681 2495 3737 omnium
2523 3679 2612 3736 hic
2652 3689 2708 3736 et
2736 3697 2902 3737 verus
2949 3689 3006 3736 et
3026 3681 3193 3752 judcx
3220 3690 3325 3749 est,
3352 3690 3409 3738 et

1808 3775 2096 3831 veritatem
2125 3772 2502 3839 custodiendo,
2531 3784 2584 3831 et
2609 3774 2854 3831 faciendo
2871 3775 3155 3845 judicium.

1882 3869 1936 3924 5.
1980 3866 2219 3923 Esuriem
2271 3866 2404 3922 verbi
2444 3867 2582 3924 Deus
2624 3869 2796 3924 satiat.
2829 3867 3109 3940 Compedes
3149 3871 3408 3944 spiritales

1811 3961 1982 4017 solvit.
2015 3958 2305 4015 Caecitatem
2347 3961 2526 4016 seculi
2547 3965 2709 4032 fugat.
2741 3991 2814 4002 -—
2843 3961 3028 4032 Neque
3067 3963 3239 4018 solum
3262 3963 3409 4034 judi-

1812 4053 1955 4108 cium
1989 4051 2138 4118 t‘acit,
2185 4051 2280 4107 sed
2331 4052 2493 4108 etiam
2525 4050 2576 4105 id
2617 4051 2759 4123 quod
2795 4052 3040 4123 sequitur
3068 4072 3082 4107 :
3112 4053 3214 4107 Dat
3244 4069 3412 4109 escam

1817 4143 2176 4200 esurientibus.
2205 4140 2460 4197 Dominus
2485 4143 2636 4197 solvit
2655 4145 2986 4215 compeditos,
3020 4144 3185 4202 Vsus.
3211 4147 3242 4201 8
3270 4155 3326 4202 et
3344 4147 3414 4202 9:

1817 4236 2071 4290 Dominus
2116 4233 2467 4303 sapienti/ient
2511 4249 2694 4302 cazcos,
2744 4234 2998 4290 Dominus
3046 4239 3197 4309 erigit
3237 4239 3415 4308 elisos,

1818 4325 2080 4381 Dominus
2104 4324 2274 4395 diligit
2296 4324 2489 4394 justas.
2522 4325 2778 4380 Dominus
2819 4328 3036 4381 custodit
3071 4331 3412 4401 proselgtum,

1819 4420 2077 4493 pupillum
2107 4426 2153 4473 et
2177 4417 2384 4472 viduam
2425 4418 2690 4487 suscipiet,
2722 4427 2769 4474 et
2810 4420 2943 4473 viam
2971 4429 3295 4493 peccatorum
3320 4439 3409 4478 ex-

1826 4512 2137 4570 terminabit.
2197 4511 2323 4568 Haec
2349 4511 2569 4583 quidem
2606 4521 2662 4567 et
2711 4513 3068 4584 carparaliter
3116 4516 3420 4589 intelligere

191 4622 249 4678 ὃ.
283 4618 351 4674 1η
379 4635 543 4690 reges,
573 4632 700 4688 quas
721 4615 840 4669 deos
879 4612 978 4667 sibi
1004 4609 1157 4680 ﬁnxit
1185 4607 1486 4676 antiquitas,
1516 4623 1618 4663 non
1649 4618 1723 4661 est
1751 4599 1800 4660 D
1826 4621 1934 4663 non
1973 4605 2208 4661 otiosum
2245 4610 2332 4660 est
2362 4602 2496 4660 :sed
2543 4602 2709 4660 altius
2745 4605 2931 4661 nescio
2970 4605 3098 4677 quid
3148 4617 3203 4664 et
3249 4609 3424 4681 majus

194 4762 272 4834 (a)
301 4759 506 4834 Italus.
531 4747 831 4834 Editi_vero
857 4750 982 4834 sala:
1006 4748 1252 4834 alleluite.
1285 4745 1721 4834 Dossctquidem

118 4817 524 4894 fer‘ri'alleluiw,
556 4838 614 4881 ut
641 4826 708 4881 ab
741 4822 924 4878 Hilarii
965 4836 1118 4894 more
1147 4833 1254 4894 non
1285 4817 1594 4894 dissonans,
1628 4817 1724 4894 sed

118 4888 232 4966 Han
264 4905 335 4959 ita
360 4888 679 4967 salte,'quod
707 4895 773 4950 ad
794 4893 1045 4967 confessio
1077 4889 1332 4946 refertur.
1347 4888 1716 4967 QuodAggwi

121 4957 768 5034 etitzacltarim'vocabula
817 4957 1028 5028 attinet,
1081 4969 1312 5034 testatur
1346 4957 1724 5034 Theodoretus

121 5030 190 5107 ea
214 5030 404 5102 senon
435 5041 596 5098 modo
624 5037 764 5108 apud
789 5037 1095 5108 Hebraeum.
1141 5033 1344 5108 aliosve
1379 5030 1718 5100 interpretes,

125 5102 224 5177 sed
258 5131 357 5172 nec
382 5115 522 5184 apud
555 5102 697 5168 LXX
717 5111 780 5184 in
799 5105 1042 5184 _hexa_plo
1069 5102 1362 5184 reperisse:
1549 5179 1558 5184 _
1651 5171 1663 5184 '

307 5170 473 5260 JEVdit'i,
499 5182 768 5260 ita‘cwpit.
799 5170 1023 5260 Rectius
1054 5170 1159 5260 ms.
1190 5175 1310 5260 ista,
1349 5170 1464 5260 hoe
1479 5171 1723 5260 estpvi'ta

126 5243 407 5332 corpbreis
436 5243 823 5332 cupiditatibus
851 5261 906 5304 et
935 5244 1333 5332 inﬁrmitatibus
1365 5243 1724 5332 miserehsuxb-

129 5312 263 5389 ditat.
297 5312 559 5398 Apposiie
585 5322 939 5398 Augustinus,
965 5319 999 5373 l.
1030 5334 1047 5373 ι
1079 5318 1318 5398 Retract:
1360 5328 1416 5398 εἰ..
1564 5330 1618 5368 n.
1650 5315 1684 5366 ὅ
1711 5333 1724 5365 ;

132 5384 265 5474 ipsa
285 5384 419 5456 enim
443 5414 554 5453 aere
583 5384 1098 5474 _ac_pr0pﬁe_natura
1119 5387 1336 5443 hominis
1362 5384 1572 5452 dicitur,
1605 5401 1729 5454 qua-

133 5464 200 5532 lis
228 5477 338 5529 sine
366 5471 486 5543 vitio
516 5467 748 5543 primitus
770 5464 976 5543 condita
997 5470 1088 5543 est.
1219 5530 1251 5543 Δ.
1357 5530 1368 5543 ,
1583 5528 1593 5539 ,
1665 5525 1697 5543 Δ,

208 5546 280 5618 (ο)
300 5543 362 5618 _ln
391 5532 641 5618 vulgatis,
687 5536 977 5618 constituta.
1001 5532 1320 5618 Ilillegantins
1346 5532 1729 5618 -

135 5601 275 5683 tuta,
293 5615 348 5668 in
371 5629 473 5683 qua
487 5601 777 5683 "nimirum,
810 5615 870 5660 ut
893 5601 1321 5683 esplicatltraet.‘
1342 5601 1480 5671 psal.
1508 5613 1726 5683 cxxxyt,

313 5685 348 5738 5
378 5670 396 5737 ἶ
421 5683 531 5736 sine
574 5670 874 5746 cupiditate,
906 5670 1014 5729 sine
1052 5674 1250 5737 dolare,
1277 5670 1390 5746 sine
1429 5681 1589 5746 metu,
1623 5670 1736 5723 sine

140 5703 290 5746 num.
313 5697 348 5738 5
378 5700 391 5737 ε
421 5697 531 5736 stne
574 5697 636 5732 cu
675 5697 874 5741 ιαιιαιε,
906 5697 1014 5729 sme
1052 5697 1250 5737 natura,
1277 5697 1390 5726 tunc
1429 5697 1589 5734 metu,
1623 5697 1733 5723 δυης

140 5757 350 5816 crimine
375 5756 480 5808 vita
503 5759 599 5805 est.
625 5697 731 5823 flic
753 5749 862 5802 vita
901 5745 1056 5823 beata
1079 5743 1388 5823 secundum
1415 5741 1570 5823 quid,
1624 5755 1733 5793 non

142 5813 240 5906 per
265 5839 487 5886 omnem
518 5819 754 5888 modum,
786 5832 908 5874 cum
937 5815 1093 5887 primi
1122 5813 1357 5873 hominis
1379 5813 1487 5871 vita
1517 5823 1738 5882 compa-

1832 4753 2002 4821 ratur.
2053 4743 2204 4821 Alias
2250 4743 2399 4821 enim.
2444 4747 3063 4821 post__resu_r_rectionem
3107 4752 3426 4821 corporibus

1831 4815 2031 4890 nostris
2063 4815 2230 4890 gates
2261 4815 2458 4890 passim
2507 4815 2691 4890 tribuit
2726 4817 2983 4886 Hilarius,
3014 4815 3219 4890 quibus
3253 4824 3427 4880 Adam

1831 4888 2043 4965 caruit;
2061 4884 2136 4940 Ea
2164 4897 2355 4965 autem
2374 4886 2518 4940 illius
2552 4886 2638 4965 hic
2669 4904 2829 4965 mens
2855 4884 3112 4965 est,_'quaa
3142 4893 3429 4965 Augustini

1832 4958 1927 5012 lib.
1959 4975 1976 5012 ι
2007 4956 2181 5036 Ριθιτζ,
2214 4971 2264 5010 c.
2299 4958 2388 5024 11,
2441 4974 2496 5036 n_.
2553 4959 2607 5036 3_,
2631 4959 2722 5036 ubi
2767 4961 2883 5036 ait:
2941 4956 3096 5028 Quod
3132 4956 3428 5036 dixi(Htec

1831 5039 2002 5083 autem
2041 5029 2240 5106 sanitas
2285 5037 2412 5106 tunc
2450 5029 2747 5106 ﬁrmissima
2785 5034 2881 5086 erit
2926 5044 3076 5104 atque
3121 5029 3428 5106 certissima,

1837 5118 1953 5178 cum
1982 5099 2222 5178 pristina:
2241 5100 2508 5178 stabilitati
2529 5111 2677 5178 certa
2701 5118 2792 5155 suo
2823 5099 3046 5178 tempore
3069 5116 3222 5178 atque
3253 5099 3434 5166 ordine

1838 5173 1936 5226 Itoc
1969 5187 2156 5252 corpus
2179 5171 2349 5252 fuerit
2376 5173 2708 5243 restitutum),
2740 5189 2840 5227 non
2870 5171 2942 5252 ita
2971 5171 3160 5233 dictum
3203 5191 3428 5252 putetur,

1873 5244 1981 5296 nasi
2011 5257 2112 5296 non
2147 5243 2247 5295 sint
2269 5246 2446 5318 futura
2476 5252 2590 5318 post
2611 5247 3033 5318 resurrectionem
3063 5243 3286 5318 corpora
3323 5243 3432 5307 me;

1861 5315 2176 5393 iara,.q-ua.m
2202 5316 2481 5393 primorum
2525 5313 2791 5393 hominum
2820 5319 2873 5372 in
2917 5313 3165 5388 paradiso
3188 5326 3434 5393 fuerunt;

1839 5388 1951 5459 cum
1998 5385 2090 5438 illa
2105 5386 2222 5459 jam
2252 5384 2485 5459 nonsint
2528 5385 2714 5459 alenda
2759 5384 3108 5459 corporalibus
3157 5384 3433 5456 alimentis,

1839 5455 2020 5527 quibus
2061 5455 2331 5527 alebantur
2360 5457 2494 5521 ista;
2530 5456 2619 5510 sed
2649 5455 2866 5527 pristina
2903 5465 3149 5516 stabilitas
3191 5455 3435 5514 hactenus

1841 5526 2140 5600 accipienda
2179 5536 2272 5600 est,
2306 5536 2554 5600 quatenus
2589 5531 2942 5600 tegritudinem
2973 5534 3045 5585 ita
3081 5530 3277 5583 nullam
3321 5545 3436 5582 cor-

1842 5612 1970 5666 pora
1995 5596 2087 5650 illa
2111 5596 2393 5667 patientur,
2417 5599 2550 5653 sicut
2575 5596 2664 5655 nec
2694 5602 2794 5655 ista
2820 5602 2930 5670 pati
2951 5608 3151 5669 possent
3176 5608 3296 5652 ante
3318 5615 3438 5665 pec-

1841 5675 2031 5720 catum.

1917 5736 2106 5864 (calta
2149 5754 2255 5797 ms.
2302 5741 2375 5798 At
2401 5740 2556 5808 editi,
2599 5740 2723 5811 facit
2762 5737 2951 5807 Israel,
2996 5745 3050 5794 et
3093 5750 3241 5806 mox,
3268 5739 3356 5807 qui
3383 5741 3441 5799 in

1917 5825 1961 5864 ea
2017 5825 2094 5864 re.

1845 5825 1872 5865 ο
1875 5825 1961 5866 rea
1966 5825 1983 5863 ι
1985 5825 2072 5864 ore
2078 5847 2094 5865 ο
