3984 6208
43 317 186 376 860

1189 317 1604 376 TBAC-‘IA'I‘US
1644 319 1707 379 IN
1750 319 1959 382 CXLVI
1997 316 2345 381 PSALHUll.
2433 317 2452 366 ῗ

3311 322 3418 385 870

44 438 246 490 circo
283 432 663 504 prtedislmus,
694 447 764 490 ne
789 433 911 504 quia
944 431 1362 489 translatoribus
1389 434 1562 488 visum
1592 445 1710 501 est,
1748 438 1794 500 Α
1823 448 1988 509 atque
2015 436 2401 493 observatione
2426 434 2669 491 laudant.
2701 434 2944 491 Advoest
2972 434 3135 506 igitur
3159 450 3258 494 nos
3291 455 3418 508 ιιι-ο-

54 523 224 578 liuic
274 535 335 578 et
369 523 626 581 anteriori
663 526 873 595 psalmo
916 527 969 580 in
1007 529 1258 595 Aggtcum
1298 535 1353 580 et
1397 526 1713 583 Zachariam

54 619 342 674 titulum
378 619 760 689 praescribere,
789 620 1162 680 existimemus
1191 619 1246 674 in
1276 619 1420 675 illius
1455 622 1716 686 temporis

57 704 368 760 homines
400 706 696 776 prophetia:
749 706 914 776 hujus
959 708 1357 777 praeseientiam
1398 709 1710 766 convenire.

59 797 394 867 PrOplteta
432 798 576 853 enim
609 816 714 853 non
760 800 978 870 ignarus
1006 801 1248 872 mysterii
1279 801 1546 869 cmlestis,
1592 817 1714 857 cum

65 890 144 944 iit
185 889 575 946 aediﬁcatione
599 891 692 947 Dei
723 893 962 948 civitatis
986 893 1272 948 humanam
1298 894 1715 951 aediﬁcationem

72 985 342 1042 inanem
369 1002 494 1043 esse
515 986 770 1054 dixisset,
799 1003 920 1042 cum
948 989 1058 1043 Deo
1083 989 1272 1043 civitas
1295 989 1394 1042 nisi
1427 988 1712 1060 peripsum

71 1079 384 1133 mdilicata
408 1090 611 1135 reterns
643 1095 764 1136 esse
794 1097 901 1136 non
933 1090 1149 1150 posset;
1195 1096 1300 1136 non
1335 1095 1433 1135 nos
1469 1065 1618 1136 “nunc
1648 1081 1714 1136 ad

72 1174 538 1242 gratulationem
554 1173 832 1230 adiﬁcatas
847 1189 878 1228 a
891 1175 1001 1230 Deo
1020 1190 1231 1232 rursum
1244 1177 1538 1231 Jerusalem
1552 1174 1717 1248 63‘,

75 1266 524 1334 adhortaretur,
556 1283 714 1337 quam
735 1283 872 1324 vane
897 1268 964 1322 ab
979 1267 1287 1326 hominibus
1315 1268 1568 1323 aediﬁcari
1591 1277 1716 1323 ante

81 1357 467 1426 prmdixcrat.
517 1357 669 1427 Quod
715 1360 760 1414 si
788 1363 910 1430 quis
948 1361 1086 1414 forte
1128 1359 1365 1429 putabit,
1396 1359 1446 1413 id
1488 1359 1630 1430 quod
1663 1361 1715 1415 in

77 1450 218 1504 alio
249 1451 466 1520 psalmo
489 1452 560 1506 ita
589 1451 792 1507 dictum
823 1463 903 1507 est
933 1469 946 1505 :
972 1450 1091 1507 Nisi
1115 1450 1362 1506 Dominus
1383 1452 1716 1522 wdiﬁcaverit

80 1543 368 1609 domum,
415 1545 469 1598 in
512 1561 696 1599 venunt
744 1545 978 1601 laborant
1005 1546 1090 1616 qui
1127 1547 1385 1616 ludiﬁcant
1426 1561 1574 1609 eam;
1619 1546 1719 1600 nisi

83 1635 376 1691 Dominus
403 1638 695 1692 custodierit
721 1639 976 1693 civitatem
995 1680 1008 1703 ,
1057 1639 1108 1692 in
1155 1654 1339 1692 uanum
1373 1639 1602 1710 vigilabit
1631 1639 1719 1710 qui

84 1729 345 1782 custodit
373 1746 485 1783 eam
526 1731 543 1799 (
573 1729 666 1786 Ps.
708 1745 867 1786 cxxvr
891 1773 904 1797 ,
937 1732 1021 1802 l),
1056 1729 1258 1786 idcirco
1282 1731 1485 1786 dictum
1513 1731 1679 1786 fuisse
1700 1772 1715 1797 ,

1820 530 1981 599 pheta
2029 528 2096 584 ad
2141 527 2236 586 Dei
2277 527 2536 583 laudem:
2586 529 2705 596 quia
2745 527 2908 582 bonus
2946 529 3175 600 psalmus
3214 540 3288 584 est
3323 540 3422 586 :ct

1818 629 2051 690 optatut
2081 619 2239 690 hujus
2281 619 2410 680 boni
2439 619 2629 688 psalmi
2677 619 2784 674 Deo
2826 630 3002 676 nostra
3050 622 3145 690 ﬁat
3176 625 3417 694 jucunda

1818 711 2078 780 laudatio,
2115 713 2325 767 scilicet
2354 719 2411 765 ut
2443 713 2706 782 placentia
2738 713 2846 768 Deo
2867 728 3031 784 Opera
3061 723 3245 770 nostra
3270 716 3381 770 sint
3401 756 3416 781 ,

1821 821 1916 875 per
1935 821 2056 876 qua:
2083 819 2112 859 a
2144 803 2301 860 nobis
2327 812 2605 876 gestorum
2635 813 2945 861 nostrorum
2979 805 3234 866 laudatur
3259 807 3419 864 obse-

1820 914 1970 970 quto.

1889 992 1925 1046 5
1980 989 2150 1046 Israel
2172 991 2254 1048 liis
2279 990 2649 1061 adiﬁcatarﬁn
2678 993 2782 1062 ﬁne
2796 1002 3080 1063 temporum
3109 1010 3425 1069 congregan-

1818 1085 2026 1139 dus.—-
2057 1085 2222 1140 Vens.
2253 1085 2371 1144 Q-l.
2408 1084 2702 1154 Ediﬁcans
2741 1085 3030 1143 Jerusalem
3078 1087 3420 1156 Dominus,et

1819 1177 2163 1248 dispersiones
2203 1175 2372 1232 Israel
2411 1195 2748 1250 congregans.
2801 1179 2906 1247 Qui
2949 1191 3099 1234 sanat
3173 1183 3418 1237 contritas

1819 1269 1988 1336 corde,
2019 1279 2066 1323 et
2086 1269 2267 1343 alligat
2294 1271 2622 1326 contritiones
2651 1288 2849 1325 eorum.
2905 1271 3196 1328 Numerans
3243 1274 3424 1329 multi-

1819 1361 2050 1416 tudinem
2071 1361 2358 1428 stellarum,
2381 1370 2428 1424 et
2457 1361 2690 1416 omnibus
2718 1362 2799 1416 Itis
2829 1363 3041 1420 nomina
3077 1381 3282 1420 uocans.
3314 1364 3419 1421 Re-

1818 1455 2059 1509 versuris
2084 1453 2152 1509 de
2179 1453 2468 1525 Babylonia
2492 1455 2544 1510 in
2567 1454 2868 1511 Jerusalem
2901 1455 3100 1512 ludatis
3127 1457 3290 1529 635
3320 1456 3423 1514 sub

1822 1547 1984 1604 Dario
2029 1547 2110 1619 (tt)
2139 1562 2266 1619 rege
2291 1548 2471 1604 edicto
2503 1538 2744 1618 potestas
2784 1549 2906 1604 data
2954 1560 3037 1605 est
3085 1551 3416 1608 revertendi.

1820 1637 2004 1710 Neque
2044 1639 2173 1695 alibi
2201 1648 2347 1708 tum,
2379 1656 2541 1711 quam
2588 1643 2640 1696 in
2667 1641 2823 1712 regni
2861 1642 3174 1713 Babylonia:
3216 1643 3421 1702 ﬁnibus

1819 1733 2249 1788 detinebantur:
2288 1749 2356 1788 ex
2402 1749 2507 1804 qua
2541 1749 2671 1803 ergo
2709 1734 3049 1803 dispersione
3090 1734 3257 1790 lsrael
3287 1749 3422 1788 con-

83 1821 237 1891 quia
279 1823 624 1878 eversionem
671 1823 788 1894 ejus
814 1823 963 1878 urbis
984 1866 998 1890 ,
1033 1825 1083 1878 in
1132 1839 1233 1894 qua
1265 1824 1525 1894 templum
1549 1821 1716 1878 tediii-
1745 1837 1794 1903 ι
1821 1827 2113 1896 gregatur?
2139 1825 2346 1895 Nempe
2375 1825 2443 1880 de
2463 1840 2549 1889 ea,
2578 1825 2646 1880 de
2672 1841 2775 1895 qua
2813 1826 2888 1880 ait
2933 1826 3213 1892 Dominus,
3243 1823 3420 1882 Emit-

83 1916 354 1972 candum
399 1926 582 1982 esset,
635 1918 902 1988 prapheta
947 1927 1366 1988 pramosceret:
1409 1916 1719 1972 meminisse

95 2011 236 2066 haec
265 2011 429 2066 debet
461 2013 533 2066 ita
563 2013 902 2083 intelligens,
949 2011 1199 2068 eutndent
1231 2011 1371 2066 hunc
1399 2015 1716 2082 prophetam

109 2103 546 2160 aedificationem
579 2122 698 2163 eam
720 2148 735 2172 ,
762 2121 882 2175 quae
905 2121 934 2160 a
961 2105 1265 2160 Zorobabel
1297 2104 1536 2160 secundo
1563 2104 1721 2158 inno-

89 2207 240 2251 vata
283 2206 391 2264 est,
441 2200 650 2254 inanem
692 2206 748 2252 et
790 2199 1048 2254 caducam
1103 2197 1341 2252 futuram
1391 2196 1562 2251 fuisse
1611 2211 1718 2250 non

97 2289 384 2359 ignorare
444 2291 723 2360 potuisse;
757 2305 931 2362 neque
979 2289 1158 2356 illam,
1207 2306 1329 2360 quae
1367 2305 1396 2343 a
1425 2287 1720 2344 Salomone

97 2397 296 2456 coepta
336 2397 420 2442 est
452 2429 465 2450 ,
510 2403 618 2442 non
652 2403 681 2441 a
712 2389 820 2443 Deo
849 2387 1197 2443 constitutam
1241 2385 1446 2440 idcirco
1476 2383 1678 2438 dixisse
1699 2423 1715 2451 ,

99 2481 247 2551 quia
279 2496 376 2550 per
401 2497 583 2550 regem
613 2480 928 2554 Babylonia
955 2478 1500 2551 (Nabuchodonosor,
1529 2476 1574 2531 ιι
1608 2475 1718 2529 Ρα-

103 2575 220 2630 ral.
256 2591 418 2630 xxxvi
443 2617 458 2642 ,
489 2574 585 2646 26)
611 2586 757 2631 esset
779 2574 1110 2630 destruenda
1132 2616 1147 2642 ,
1190 2587 1310 2628 cum
1355 2581 1472 2643 post
1503 2582 1723 2641 septua-

107 2669 266 2736 ginta
300 2667 498 2725 deinde
535 2682 711 2723 annos
750 2667 926 2740 (juxta
956 2667 1248 2721 vaticinium
1295 2665 1486 2720 let-em.
1548 2679 1678 2718 χχιιι
1703 2704 1719 2732 ,

109 2757 212 2828 10)
245 2773 458 2812 rursum
479 2759 669 2813 eadem
713 2759 785 2813 sit
813 2758 1143 2821 reformata;
1187 2757 1330 2812 hanc
1364 2771 1513 2822 vero,
1541 2771 1667 2826 .qnte
1689 2771 1719 2808 a

113 2852 424 2908 Zorobabel
464 2863 616 2924 gesta
641 2862 749 2921 est,
778 2867 901 2908 esse
932 2852 1348 2908 :ediﬁcationem
1390 2852 1481 2906 Dei
1525 2849 1722 2922 praedi-

112 2957 323 3010 catam,
363 2962 485 3001 cum
517 2946 716 3002 exinde
755 2947 936 3002 diruta
976 2955 1031 3002 et
1059 2947 1176 3002 sine
1219 2948 1395 3018 aliqua
1441 2955 1718 3002 restaura-

111 3036 365 3092 tiouesit
401 3038 697 3106 dissoluta;
729 3046 784 3094 et
823 3054 940 3094 eam
986 3038 1219 3093 dirutam
1271 3040 1395 3094 licet
1436 3039 1719 3094 renovatio

116 3130 197 3184 sit
219 3139 543 3195 consecuta,
565 3132 778 3185 inanem
807 3139 969 3200 atque
999 3130 1288 3186 humanam
1315 3141 1491 3184 tamen
1527 3130 1720 3200 pracdi-

1821 1927 1899 1974 tet
1928 1919 2166 1990 Angelos
2177 1933 2305 1974 suos
2324 1934 2447 1974 cum
2476 1918 2600 1974 tuba
2625 1928 2678 1974 et
2698 1934 2836 1974 voce
2866 1933 3082 1988 magna,
3107 1927 3163 1973 et
3187 1933 3421 1990 congre—

1818 2015 1966 2084 gabit
1990 2013 2198 2071 electos
2242 2028 2274 2068 a
2326 2019 2562 2084 quatuor
2609 2012 2823 2083 angulis
2869 2022 3152 2068 ventorum
3199 2012 3415 2085 (Matth.

1820 2121 1971 2174 xstv,
1999 2107 2092 2176 5|)
2131 2125 2144 2160 :
2173 2121 2406 2176 quorum
2439 2106 2789 2178 congregatio
2817 2113 3022 2160 emtum
3051 2115 3256 2160 sancta:
3285 2106 3426 2160 civi-

1818 2199 1947 2254 tatis
1974 2198 2193 2266 eltlciet,
2223 2213 2346 2270 qua:
2371 2197 2533 2256 hodie
2561 2213 2657 2268 per
2681 2198 2798 2269 spei
2823 2207 2878 2253 et
2915 2197 3042 2264 tldci
3074 2211 3212 2268 opus
3245 2196 3420 2252 aedili-

1819 2300 1974 2346 catur
2002 2292 2056 2346 in
2071 2291 2249 2346 nobis.
2267 2291 2334 2346 Et
2355 2290 2562 2348 idcirco
2589 2291 2839 2349 anterior
2863 2290 3152 2346 aediﬁcatio
3183 2288 3254 2362 (ε)
3284 2304 3416 2346 con-

1820 2384 2138 2454 gregatione
2163 2390 2268 2451 est,
2299 2383 2425 2452 quia
2470 2398 2568 2438 nos
2603 2382 2670 2450 ad
2700 2381 2896 2438 futura:
2933 2383 3172 2438 civitatis
3193 2397 3426 2451 congre-

1821 2479 2090 2548 gationem
2110 2479 2204 2533 Dei
2234 2478 2607 2534 misericordia
2633 2493 2732 2549 per
2757 2480 2983 2549 gratiam
3012 2478 3418 2548 justiﬁeationis

1821 2570 2071 2627 aediﬁcet.
2104 2571 2376 2626 Caeterum
2405 2571 2451 2626 si
2480 2571 2551 2626 de
2579 2580 2799 2627 terrena
2825 2570 3193 2626 aediﬁcatione
3230 2571 3421 2641 laqueo

1821 2670 1990 2726 retur,
2042 2663 2192 2734 prior
2237 2664 2410 2718 fuerat
2455 2664 2802 2733 congregatio
2851 2662 3190 2733 praedicanda
3232 2679 3244 2714 :
3294 2661 3421 2732 quia

1823 2770 1930 2810 non
1955 2755 2054 2811 nisi
2094 2765 2453 2827 congregatus
2479 2755 2644 2812 Israel
2671 2756 2974 2812 Jerusalem
2999 2756 3270 2812 mditicare
3292 2769 3424 2827 ροβε

1821 2859 1907 2905 set
1934 2864 2198 2905 eversam.

1894 2943 1948 2997 4.
1999 2943 2210 2997 Sonitus
2231 2945 2345 3015 ejus
2368 2942 2517 2998 modo
2535 2942 2796 3007 inchoata,
2821 2952 2934 2996 tum
2960 2943 3055 2998 erit
3075 2945 3323 3014 perfecta.
3352 2973 3424 2987 —-

1819 3033 1998 3089 Tenet
2022 3033 2219 3090 deinde
2246 3034 2492 3089 ordinem
2538 3042 2960 3105 competeutcm,
3001 3033 3218 3100 dicens,
3251 3034 3417 3090 Vens.

1825 3126 1859 3181 ὅ
1893 3142 1905 3178 :
1942 3125 2044 3192 Qui
2083 3133 2230 3182 sanat
2276 3127 2522 3180 contritas
2567 3128 2740 3191 corde,
2769 3136 2819 3182 et
2871 3127 3053 3199 alligat
3095 3127 3425 3181 contritiones

115 3237 318 3286 casse;
343 3223 479 3278 hanc
507 3237 635 3277 vero
665 3237 784 3292 quae
807 3223 924 3277 sine
955 3237 1052 3294 spe
1079 3221 1485 3277 reformationis
1510 3222 1721 3276 accide-
1745 3222 1790 3288 Ω
1823 3232 2021 3271 eorum.
2065 3217 2401 3288 Congregato
2451 3219 2594 3273 enim
2645 3219 2840 3283 Israel,
2873 3227 2930 3274 et
2971 3219 3026 3274 in
3089 3235 3248 3274 unam
3304 3235 3426 3289 qua:

117 3315 230 3379 rit,
257 3315 422 3370 divini
453 3317 633 3383 operis
665 3315 1028 3384 perpetuitate
1076 3316 1348 3370 renovari.
1383 3315 1510 3370 Htcc
1537 3315 1718 3369 omnia

117 3407 498 3478 intelligentiae
520 3423 720 3478 genera
751 3409 916 3462 stulta
945 3419 1111 3479 atque
1148 3409 1377 3463 ridicula
1401 3419 1547 3464 sunt.

201 3502 259 3558 2.
295 3501 582 3557 Jerusalem
612 3503 859 3572 spiritalis
886 3504 955 3556 ad
976 3502 1297 3557 laudandum
1319 3504 1466 3557 bonis
1487 3501 1722 3574 operibus

125 3595 296 3651 Deum
335 3597 603 3651 invitatur.
636 3627 707 3638 -—
746 3597 953 3651 Laudat
997 3609 1175 3651 autem
1225 3598 1485 3668 propheta
1539 3596 1720 3652 Domi-

127 3706 261 3746 num
310 3691 668 3752 aediﬁcantem
707 3691 1001 3746 Jerusalem
1045 3691 1229 3757 illaut,
1260 3706 1379 3761 qua:
1424 3689 1722 3746 secundum

131 3782 420 3853 Evangelia
464 3783 634 3838 sancti
673 3784 812 3852 regis
841 3783 1055 3854 (Matth.
1087 3799 1140 3848 v,
1176 3783 1274 3852 55)
1311 3792 1396 3840 est
1425 3783 1633 3849 civitas,
1670 3781 1723 3838 in

128 3890 242 3946 qua
262 3892 352 3943 per
377 3876 656 3930 Dominum
687 3885 1032 3945 resurgentes
1055 3878 1226 3932 sancti
1247 3875 1323 3948 (ο)
1347 3877 1725 3932 demonstran-

131 3980 244 4037 tur,
282 3985 398 4040 qute
428 3969 695 4025 invectum
740 3970 884 4040 pullo
907 3971 1073 4024 asinae
1111 3971 1392 4024 Dominum
1422 3969 1496 4041 (ὁ)
1540 3970 1592 4024 io
1629 3984 1726 4040 spe

129 4073 438 4119 sanctorum
485 4065 604 4119 laeta
645 4064 902 4135 sust-epit.
953 4062 1325 4134 Corporaliter
1367 4064 1584 4136 quidem
1634 4065 1726 4120 tali

137 4154 378 4210 vectione
427 4157 608 4221 illam,
659 4172 777 4227 quae
825 4157 1024 4211 occidit
1075 4157 1369 4228 prophetas
1416 4166 1472 4212 et
1523 4157 1728 4226 lapidat

135 4247 405 4316 apostolos
437 4246 652 4317 (Matth.
697 4263 819 4307 XXI,
856 4248 910 4318 9)
934 4289 947 4310 ,
971 4249 1244 4302 Dominus
1283 4247 1564 4318 ingressus
1603 4257 1722 4302 est:

138 4337 232 4393 sed
260 4338 479 4392 alterius
507 4337 744 4393 civitatis
805 4339 874 4409 (c)
903 4348 1024 4393 erat
1070 4339 1161 4393 illa
1210 4338 1416 4393 laetitia.
1460 4337 1543 4392 0b
1584 4338 1728 4394 illius

139 4445 266 4500 ergo
305 4429 710 4484 aediﬁcationem
744 4430 1003 4499 prOplteta
1048 4446 1146 4485 nos
1186 4431 1419 4485 advocat
1444 4471 1458 4496 ,
1497 4429 1683 4486 dicens
1710 4471 1724 4497 ,

150 4521 306 4576 Vens.
338 4523 360 4576 l
397 4541 408 4574 :
444 4522 676 4577 Laudato
697 4522 972 4577 Dominum
999 4567 1012 4590 ,
1041 4524 1285 4594 quoniam
1307 4524 1468 4578 bonus
1491 4533 1564 4577 est
1591 4524 1729 4592 psal-

1826 3307 2124 3363 tcdiftcatur
2159 3309 2435 3368 civitatem
2465 3309 2696 3364 collecto
2716 3352 2730 3375 ,
2781 3325 2972 3364 omnes
3001 3310 3250 3366 humana:
3279 3310 3428 3365 inﬁr-

1827 3403 2043 3458 mitates
2063 3413 2116 3458 et
2140 3403 2288 3474 labes
2308 3419 2587 3474 corporeae
2613 3403 2947 3459 aul'erentur.
2976 3403 3245 3474 Absorpta
3275 3405 3423 3459 enim
3498 3435 3504 3440 -

1821 3496 2203 3564 corruptione,
2245 3504 2304 3549 et
2341 3496 2594 3550 omnibus
2623 3494 2874 3550 humana:
2904 3505 3112 3556 natura:
3141 3495 3287 3550 vitiis
3329 3495 3426 3550 tle-

1829 3588 2052 3654 voratis,
2091 3587 2424 3655 incorruptio
2459 3598 2664 3642 caterua
2705 3597 2758 3643 et
2806 3587 2859 3641 in
2901 3587 3063 3642 nullis
3085 3586 3425 3641 anxietatum

1823 3683 2094 3737 mortibus
2117 3681 2447 3737 conterenda
2479 3681 2754 3736 succedet.
2791 3681 2951 3737 Venit
2971 3681 3112 3737 enim
3141 3681 3430 3747 Dominus,

1827 3775 2122 3829 secundum
2154 3773 2468 3846 Evangelia,
2508 3791 2691 3830 sanare
2725 3776 2972 3829 contritas
2993 3775 3148 3829 corde
3172 3817 3187 3841 ,
3234 3775 3427 3845 pradi-

1828 3882 1946 3920 care
1973 3867 2187 3936 captivis
2242 3867 2590 3920 remissionem
2637 3877 2685 3919 et
2719 3868 2866 3922 caecis
2918 3871 3120 3932 uisum,
3175 3867 3432 3922 dimittere

1827 3963 2118 4029 confractos
2144 3959 2198 4012 in
2229 3959 2484 4029 requiem,
2517 3959 2799 4030 praedicare
2821 3975 3014 4014 annuat
3049 3958 3260 4014 Domini
3285 3976 3433 4014 acce-

1831 4064 2000 4124 ptum,
2063 4063 2109 4108 et
2165 4053 2300 4107 diem
2351 4053 2694 4107 retributionis
2727 4050 2882 4124 (Luc.
2925 4066 3001 4117 tv,
3048 4051 3116 4105 18
3143 4092 3158 4116 ,
3194 4050 3305 4121 l9).
3359 4051 3430 4106 Et

1831 4146 1946 4200 lucc
1967 4145 2181 4216 quidem
2213 4159 2310 4214 pro
2339 4153 2492 4212 parte
2513 4144 2627 4212 jam
2649 4153 2821 4212 coepta
2835 4153 3004 4208 sunt;
3029 4143 3152 4213 quia
3179 4159 3274 4214 per
3305 4158 3433 4214 spc-

1829 4239 2010 4293 culum
2033 4245 2091 4293 et
2115 4237 2166 4291 in
2189 4237 2475 4306 aenigmate
2500 4244 2555 4290 et
2576 4237 2628 4289 in
2652 4235 2886 4303 imagine
2909 4234 3214 4290 futurorum
3238 4249 3432 4290 secun-

1830 4331 1957 4386 dum
1992 4330 2307 4400 Apostolum
2360 4327 2708 4384 demoramur
2751 4328 2796 4398 (l
2827 4327 2945 4382 Cor.
2996 4343 3124 4392 xm,
3156 4327 3274 4400 ts).
3323 4329 3430 4390 Sed

1830 4431 2010 4478 tamen
2034 4422 2271 4477 nondum
2291 4420 2458 4476 nobis
2483 4420 2602 4490 ejus
2633 4419 2893 4490 temporis
2935 4419 3141 4476 fructus
3174 4431 3292 4488 est,
3322 4437 3429 4492 quo

1831 4515 2129 4571 secundum
2159 4514 2476 4586 pmpltetam
2511 4513 2699 4569 dicere
2713 4512 2918 4583 adepta
2945 4515 3062 4584 spei
3083 4529 3435 4570 consumma-

141 4630 292 4668 ntur:
321 4612 431 4667 Deo
457 4627 630 4668 nostro
653 4616 890 4685 jucunda
915 4617 979 4670 sit
1005 4615 1264 4671 laudatio.
1290 4614 1408 4670 Non
1434 4615 1567 4670 levis
1601 4630 1722 4685 gra-

1835 4607 1979 4662 tione
2023 4607 2323 4678 possimus,
2367 4597 2676 4660 Convertere
2727 4607 2900 4662 anima
2949 4623 3062 4661 mea
3107 4607 3164 4661 in
3210 4609 3434 4679 requiem

145 4706 409 4763 tulationis
440 4707 556 4762 laus
579 4717 686 4772 est,
710 4708 862 4778 cujus
883 4708 1122 4778 psalmus
1149 4708 1322 4764 bonus
1348 4715 1451 4763 est.
1488 4707 1552 4762 Et
1583 4709 1724 4777 psal-

149 4815 272 4857 mus
304 4815 404 4855 non
435 4811 542 4856 tam
573 4803 756 4869 vocis,
797 4811 867 4856 -.nt
909 4802 1222 4872 frequenter
1250 4801 1518 4867 diximus,
1566 4816 1728 4872 quam

147 4910 405 4966 corporea:
427 4895 760 4966 operationis
781 4896 1019 4951 otllcium
1037 4894 1348 4966 signiﬁcare
1371 4894 1526 4948 solet.
1557 4895 1722 4949 Deum

147 4988 283 5044 enim
316 5003 418 5041 non
451 4998 558 5042 tam
589 5003 841 5043 sermone
863 5030 878 5055 ,
910 5003 1069 5057 quam
1101 5003 1160 5041 re
1183 4995 1241 5041 et
1270 4985 1442 5057 gestis
1473 4985 1732 5041 obedien-

148 5081 572 5138 titlaudamus:
615 5091 672 5136 ut
715 5097 865 5136 mare
903 5091 960 5137 et
1007 5090 1150 5136 terra
1206 5090 1264 5136 et
1319 5079 1516 5136 malum
1562 5078 1733 5134 Deum

148 5187 248 5229 non
278 5181 564 5242 tam-voce,
593 5188 756 5246 quam
783 5172 1088 5230 ciliciorum
1109 5187 1340 5229 suorum
1358 5169 1728 5227 vicissitudine

219 5373 287 5444 (α)
305 5371 359 5427 1η
390 5372 640 5442 vulgatis,
669 5373 1019 5428 demoramur.
1047 5371 1452 5444 Prmferendum
1480 5377 1729 5444 putamus

156 5440 391 5516 cautius.
445 5440 892 5507 derttonstrautur,
929 5455 1097 5516 atque
1137 5447 1222 5500 ltic
1267 5443 1445 5516 alludig
1481 5440 1548 5496 ad
1601 5440 1732 5504 illud

157 5514 324 5584 Matth.
355 5531 501 5570 xxv"
523 5559 538 5582 ,
566 5517 636 5572 55
668 5529 751 5572 :ct
771 5514 1024 5580 exeuntes
1043 5519 1105 5580 de
1137 5514 1473 5580 monumentis
1505 5521 1621 5582 post
1653 5528 1736 5568 re-

158 5589 493 5640 surrectioncm
524 5589 632 5660 ejus
661 5599 903 5644 venerunt
925 5591 976 5643 in
1004 5600 1233 5646 sanctam
1259 5590 1535 5650 civitatem,
1573 5593 1618 5636 et
1645 5599 1738 5660 ap-

158 5667 414 5731 paruerunt
460 5653 654 5712 multis.
700 5660 956 5731 Adeoque
986 5661 1398 5715 demonstrantur
1445 5653 1742 5725 respondet

158 5728 309 5782 verbo
335 5738 704 5798 apparuerunt.

229 5819 294 5890 (ὁ)
335 5819 474 5875 Editi
492 5859 508 5890 ,
538 5832 582 5876 et
611 5840 700 5894 spe
728 5843 749 5892 ,°
777 5825 1120 5897 corriguntur
1144 5839 1211 5882 ex
1244 5839 1344 5881 ms.

1833 4710 1976 4753 tuam
2013 4700 2176 4770 :quia
2207 4697 2458 4755 Dominus
2500 4700 2741 4771 benefecit
2789 4698 2858 4772 (f)
2913 4700 3028 4755 tibi.
3057 4700 3204 4767 .Quia
3250 4703 3439 4775 eripuit

1834 4794 2060 4848 animam
2087 4810 2251 4849 meam
2282 4795 2348 4849 de
2370 4805 2531 4849 morte
2555 4837 2567 4858 ,
2590 4794 2766 4849 oculos
2805 4810 2945 4849 meos
2971 4812 3006 4848 α
3029 4797 3282 4866 lacrymis
3305 4839 3319 4864 ,
3345 4813 3438 4869 pe-

1835 4888 1926 4940 des
1956 4904 2091 4941 meos
2124 4904 2157 4940 a
2198 4888 2375 4958 lapsu,
2405 4887 2617 4959 placebo
2649 4887 2871 4950 Domino
2895 4889 2947 4943 in
2970 4891 3175 4964 regione
3204 4892 3438 4954 visorum

1839 4976 2010 5050 (Psal.
2060 4993 2219 5046 cxiv,
2259 4980 2291 5033 7
2324 4988 2371 5034 et
2400 4979 2585 5051 seqq.).
2627 4980 2834 5036 Sanata
2873 4983 3018 5036 enim
3070 4984 3217 5038 omni
3261 4985 3444 5046 cordis

1838 5077 2184 5143 contritione,
2223 5084 2276 5131 et
2324 5091 2390 5131 ne
2417 5087 2680 5146 perpetuo
2713 5092 2932 5133 rursum
2964 5079 3157 5135 subeat
3193 5081 3441 5152 alligata,

1841 5171 1926 5227 ltis
1969 5171 2222 5226 omnibus
2271 5167 2628 5224 humanarum
2678 5169 2988 5242 passionum
3037 5171 3442 5232 inﬁrmitatibus

1908 5371 1983 5513 ξε)
2037 5373 2113 5428 Ita
2140 5387 2241 5428 ms.
2270 5372 2408 5428 Editi
2437 5388 2567 5428 vero
2599 5375 2717 5428 erit.

1934 5445 1993 5513 ά)
2035 5445 2158 5500 ﬂre
2191 5454 2428 5513 potestas
2450 5446 2680 5513 primum
2711 5464 2717 5499 ε

1934 5445 1993 5516 d)
2035 5445 2079 5500 ll
2098 5461 2158 5498 t-c
2191 5454 2428 5514 potestas
2450 5446 2680 5515 primum
2711 5461 2740 5500 a
2769 5447 2910 5516 Cyro
2935 5449 3070 5503 facta
3093 5458 3184 5502 est
3211 5447 3231 5501 l
3255 5447 3442 5501 Esdrte

1841 5533 1888 5580 t,
1919 5515 1974 5575 2.
2005 5532 2068 5571 ac
2092 5516 2286 5572 deinde
2315 5531 2346 5571 a
2369 5516 2529 5576 Dario
2578 5517 2724 5580 illius
2749 5515 3067 5582 successore
3116 5517 3438 5580 continuata

1842 5585 1863 5640 Ι
1915 5586 2102 5643 Esdrtn
2132 5604 2215 5654 γι,
2252 5586 2336 5644 14.

1877 5677 1992 5766 ομ)
2048 5653 2228 5747 Editi,
2273 5681 2602 5760 congregatio
2639 5653 2752 5732 non
2782 5686 2854 5732 est
2885 5691 2903 5730 :
2948 5676 3277 5749 castigantur
3309 5677 3443 5735 sub-

1847 5747 1984 5803 sidio
2007 5764 2109 5803 ms.
2367 5747 2390 5760 '
2445 5747 2484 5766 τ’

1921 5818 1991 5892 (f)
2033 5819 2121 5876 Sic
2159 5835 2263 5875 ms.
2300 5819 2442 5876 Editi
2466 5833 2617 5884 vero,
2645 5815 2791 5871 mihi.
