3984 6208
559 319 625 375 87
636 318 659 371 Ι

1753 296 2001 357 SANCTI
2044 292 2297 355 HlLARll
2336 292 2641 354 EPISCOPI

3775 289 3870 346 87!

566 426 809 491 liberati,
838 421 1170 496 placebimus
1199 419 1313 478 Deo
1337 418 1390 475 in
1417 417 1639 490 regione
1658 414 1904 473 vivorum
1924 456 1938 478 ,
1972 415 2149 469 anima
2176 412 2232 472 Α
2256 411 2418 467 Israel
2445 412 2677 469 voluerit
2709 432 2721 469 :
2753 417 2813 469 ut
2838 424 2982 469 nunc
3022 412 3076 468 in
3105 409 3297 470 eodem
3336 407 3441 465 hoc
3484 407 3714 480 psalmo
3756 422 3867 463 cum
3958 388 3959 473 ξ

563 530 746 579 nostra
768 520 819 574 in
848 518 1087 588 requiem
1117 530 1267 570 suam
1288 556 1301 579 ,
1331 529 1394 569 ex
1417 529 1523 584 qua
1545 528 1638 583 per
1664 509 2151 580 transgressionem

565 612 725 684 primi
785 609 1023 680 parentis
1069 608 1152 664 sui
1193 607 1325 663 Atla:
1369 606 1541 676 ejecta
1565 611 1680 671 est,
1712 608 2023 658 revertente
2056 598 2151 669 (V.

566 702 739 758 Tract.
773 700 867 755 Ps.
896 715 1060 765 cva,
1095 716 1148 753 η.
1172 696 1253 769 2).

637 796 690 851 5.
742 794 934 851 Stellas
953 833 969 861 ,
1005 792 1060 847 id
1082 802 1189 859 est,
1223 791 1407 846 electos
1434 789 1522 858 qui
1551 797 1690 843 vocet
1726 784 1868 843 Deus
1893 801 1953 840 ac
1982 800 2158 838 nume-

566 899 662 945 ret.
684 920 755 930 -—
783 887 889 945 Sed
918 894 1040 957 post
1068 884 1507 956 prtedicationem
1544 881 1714 936 sanati
1751 878 1931 935 cordis
1951 920 1965 945 ,
1994 876 2156 932 etiam

567 984 623 1041 id
670 984 736 1038 ad
800 980 1125 1053 praeconium
1176 978 1374 1034 divina:
1425 976 1680 1032 bonitatis
1728 973 1994 1044 adjectum
2046 979 2153 1025 est:

566 1076 863 1131 Numerans
918 1071 1297 1127 multitudinem
1350 1068 1649 1136 stellarum,
1702 1078 1751 1121 et
1793 1066 2029 1121 omnibus
2078 1064 2157 1119 his

566 1170 774 1225 nomina
822 1183 1026 1222 vocans.
1081 1165 1137 1221 Si
1193 1165 1310 1218 laus
1366 1163 1477 1219 Deo
1523 1162 1593 1216 ob
1654 1158 1971 1215 aediﬁcatam
2038 1171 2163 1213 cor-

564 1263 825 1336 poraliter
850 1259 1146 1317 Jerusalem
1180 1256 1453 1321 defertur;
1482 1253 1609 1324 quid
1637 1252 1724 1308 hic
1747 1266 2004 1309 numerus
2031 1249 2163 1306 stel-

565 1359 736 1415 larum
764 1366 817 1412 et
832 1354 1081 1411 omnibus
1108 1352 1188 1407 his
1217 1350 1434 1405 nomina
1458 1356 1725 1419 tamquam
1746 1346 1811 1401 ad
1835 1345 2159 1416 prmcipuam

564 1450 737 1508 divini
783 1448 962 1520 operis
1012 1446 1369 1502 laudationem
1422 1441 1799 1513 proferuntur?
1856 1440 1961 1495 Aut
2008 1454 2163 1493 num-

565 1542 693 1614 quid
740 1538 1062 1596 laudabilius
1109 1538 1217 1592 Deo
1246 1545 1331 1590 est
1381 1548 1698 1589 numerasse
1738 1540 1794 1587 et
1826 1544 2162 1600 nuncupasse

562 1635 769 1703 stellas,
802 1649 963 1704 quam
984 1646 1231 1696 creasse;
1257 1644 1377 1685 cum
1405 1628 1608 1684 creatio
1634 1635 1689 1681 et
1713 1639 1994 1679 numerum
2020 1622 2163 1678 fece—

564 1730 655 1794 rit,
683 1735 738 1784 et
763 1729 978 1782 nomina
1012 1724 1348 1794 imposuerit,
1364 1731 1418 1777 et
1443 1719 1717 1775 vocabulis
1737 1718 1952 1773 nomina
1974 1731 2164 1771 nume-

562 1836 790 1890 rumque
819 1817 1179 1873 discreverit?
1206 1814 1300 1869 sed
1324 1822 1673 1867 numerantur
1694 1810 1780 1864 hic
1803 1809 1995 1873 stellae,
2028 1822 2160 1878 quas
2188 1830 2237 1890 Β

563 1914 833 1971 Abraham
862 1910 1135 1966 contuitus
1163 1908 1216 1962 in
1240 1905 1497 1971 cmloest,
1526 1918 1658 1973 quas
1691 1901 1840 1956 Isaac
1865 1899 2076 1970 accepit
2105 1899 2158 1952 in

565 2006 797 2070 semine,
822 2017 958 2075 quas
978 2001 1177 2056 Paulus
1201 1997 1457 2055 discrevit
1484 1997 1537 2052 in
1567 1994 1759 2067 gloria.
1790 1992 1943 2061 Quod
1980 2001 2162 2047 autem

570 2096 877 2154 nominibus
904 2094 1015 2149 suis
1044 2101 1328 2157 vocentur,
1354 2088 1636 2144 audiamus
1665 2102 1787 2143 eum
1816 2086 1905 2156 qui
1942 2090 2162 2139 vocatu-

564 2205 656 2246 rus
673 2198 774 2245 est.
802 2186 966 2259 636
986 2186 1121 2240 Dicit
1145 2184 1288 2239 enim
1314 2182 1367 2237 in
1398 2180 1701 2250 Evangeliis
1735 2197 1750 2234 :
1786 2177 1964 2233 Nolite
1983 2176 2165 2231 mirari

564 2282 695 2347 ista;
721 2280 961 2351 quoniam
984 2279 1115 2332 venit
1143 2279 1268 2331 hora
1288 2318 1301 2341 ,
1324 2275 1380 2329 in
1409 2290 1510 2343 qua
1537 2288 1709 2327 omnes
1728 2270 1815 2341 qui
1842 2280 1958 2325 sunt
1986 2270 2040 2323 in
2056 2284 2166 2323 mo-

566 2374 845 2439 numentis,
876 2372 1081 2424 audient
1106 2384 1275 2423 vocem
1296 2370 1422 2440 ejus,
1440 2375 1486 2420 et
1517 2363 1786 2435 procedent
1805 2362 1981 2434 (Joan.
2002 2360 2163 2429 v,28,

564 2465 679 2538 29).
730 2464 1003 2520 Vocantur
1031 2478 1194 2532 ergo,
1245 2469 1299 2515 et
1334 2458 1601 2529 prodient.
1637 2456 1787 2512 Adeo
1825 2463 2007 2509 autem
2063 2468 2163 2508 nuo

565 2568 843 2617 merantur
859 2573 954 2628 per
973 2557 1161 2621 Deum,
1185 2563 1242 2608 ut
1270 2551 1452 2623 capilli
1478 2565 1713 2621 quoque,
1745 2548 1837 2618 qui
1866 2548 1919 2602 in
1941 2545 2167 2615 singulis

564 2653 719 2708 nobis
769 2647 1188 2704 innumerabiles
1235 2660 1357 2701 esse
1402 2643 1812 2707 existimantur,
1861 2642 2167 2694 innumero

564 2745 696 2810 sint,
723 2741 914 2797 eodem
945 2739 1171 2794 Domino
1192 2738 1404 2793 dicente
1437 2754 1449 2791 :
1483 2735 1671 2790 Nonne
1698 2742 1744 2788 et
1773 2732 1953 2803 capilli
1983 2730 2167 2802 capitis

563 2834 716 2890 vestri
779 2834 1029 2886 numerati
1058 2841 1175 2885 sunt
1206 2827 1360 2900 (Luc.
1386 2842 1461 2882 xu
1486 2868 1501 2891 ,
1538 2826 1637 2897 7)?
1666 2826 1776 2880 lloc
1810 2822 2038 2877 Domino
2068 2834 2169 2889 po-

565 2928 672 2983 tius
697 2925 948 2997 dignum,
982 2923 1083 2978 hoc
1114 2923 1165 2977 in
1196 2918 1563 2976 misericordia
1594 2916 1708 2986 ejus
1734 2910 2163 2983 praeferendum,

564 3028 626 3076 ut
644 3035 758 3085 eos,
788 3033 921 3089 quos
937 3016 1202 3072 contritus
1228 3012 1394 3067 corde
1419 3008 1707 3076 sanaverit,
1729 3018 1961 3076 quorum
1980 3002 2166 3072 alliga-

563 3113 703 3170 verit
730 3112 1106 3176 contritiones,
1153 3105 1459 3162 nominibus
1488 3111 1664 3167 vocet,
1707 3098 2167 3171 proprietatem.

563 3215 757 3273 meret,
805 3204 1013 3261 caelesti
1040 3204 1160 3257 luce
1185 3200 1465 3255 clariﬁcet.

562 3308 588 3363 Ρ
636 3299 692 3354 6.
743 3298 825 3354 Ob
871 3311 989 3367 quae
1045 3292 1308 3349 mirabilia
1366 3290 1485 3360 ejus
1532 3296 1695 3358 atque
1748 3284 2033 3356 praeclara,
2094 3280 2168 3335 ait

474 3423 485 3433 -
564 3391 732 3447 Vnus.
765 3390 799 3445 5
828 3396 884 3444 et
909 3392 941 3442 ti
968 3405 981 3439 :
1016 3385 1242 3458 Magnus
1273 3382 1527 3437 Dominus
1559 3388 1749 3445 noster,
1782 3385 1827 3431 et
1854 3391 2041 3447 magna
2062 3374 2166 3428 vir-

566 3495 647 3539 tus
675 3486 809 3557 ejus,
840 3491 885 3536 et
926 3480 1190 3551 sapientia:
1214 3477 1323 3548 ejus
1348 3493 1450 3531 non
1473 3482 1546 3529 est
1575 3488 1837 3528 numerus.
1868 3469 2169 3538 Suscipiens

564 3585 855 3630 mansuetos
885 3571 1164 3637 Dominus,
1196 3569 1472 3624 huntilians
1500 3575 1669 3621 autem
1696 3572 1984 3635 peccatores
2011 3575 2171 3629 usque

565 3668 633 3721 ad
655 3676 864 3736 terram.
914 3665 1029 3719 lloc
1080 3665 1224 3719 enim
1276 3666 1685 3716 mansuetorum
1718 3656 1995 3726 pr0prium
2046 3660 2164 3718 est,

567 3758 743 3829 (quia,
793 3756 1089 3813 secundum
1145 3753 1457 3824 Evangelia,
1503 3749 1767 3806 mansueti
1816 3744 2171 3817 possidebunt

567 3859 764 3906 terram
794 3848 1009 3919 (Matth.
1038 3863 1094 3913 v,
1124 3846 1204 3917 l),
1250 3856 1309 3898 ut
1335 3844 1479 3914 digni
1501 3842 1641 3911 apud
1682 3841 1849 3895 Deum
1878 3840 1988 3894 sint
2031 3850 2168 3891 nun-

564 3942 868 4012 cupatione,
907 3954 1153 4003 numero,
1186 3937 1450 3992 claritate.
1476 3934 1697 4004 Magnus
1728 3940 1814 3986 est
1865 3930 2161 3993 Dominus,

564 4052 686 4094 cum
715 4034 1081 4107 dispersiones
1109 4038 1419 4101 congregat.
1448 4027 1634 4099 Magna
1656 4027 1829 4081 virtus
1856 4024 1996 4094 ejus,
2029 4036 2154 4077 cum

566 4129 797 4188 contrita
824 4125 1105 4184 clariﬁcat.
1136 4121 1548 4180 lnnumerahilis
1581 4118 1851 4190 sapientia
1893 4118 2012 4187 ejus
2039 4122 2125 4170 est
2146 4155 2161 4180 ,

566 4241 688 4282 cum
712 4223 966 4279 universa
989 4229 1044 4276 et
1063 4218 1373 4275 nominibus
1400 4214 1660 4271 discernit
1689 4222 1744 4269 et
1773 4225 2023 4267 numero.
2057 4205 2166 4264 Sed

566 4317 658 4389 qui
690 4314 914 4385 suscipit
943 4322 1277 4378 mansuetos,
1310 4307 1556 4362 humiliat
1594 4318 1808 4376 quoque
1851 4310 2165 4374 peccatores

566 4424 738 4480 usque
767 4408 833 4463 ad
866 4416 1084 4462 terram.
1120 4404 1248 4458 Post
1268 4400 1522 4457 meritum
1547 4396 1872 4462 sanctitatis,
1915 4394 2164 4464 impieta-

567 4504 638 4558 tis
665 4515 823 4572 poena
866 4498 1108 4567 subjecta
1146 4504 1229 4551 est
1264 4512 1275 4547 :
1321 4508 1443 4549 cum
1481 4489 1747 4560 susceptis
1781 4484 2079 4543 mansuetis
2111 4485 2160 4538 in

2229 496 2481 562 'dixisset
2509 525 2520 559 :
2553 507 2852 577 ﬁdi/imus
2884 507 3209 573 Jerusalem,
3240 514 3287 560 et
3319 520 3640 575 congregans
3673 503 3871 573 disper-

2258 600 2425 654 siones
2455 599 2657 666 Israel,
2682 607 2739 655 et
2762 599 2828 655 ad
2861 598 3073 655 laudent
3103 599 3220 669 ejus
3258 596 3574 653 cohortatus
3626 594 3867 665 adjecit:

2262 689 2363 755 Qui
2394 692 2559 760 operit
2587 691 2771 747 caelum
2816 690 3063 755 nubibus,
3094 692 3181 761 qui
3222 699 3371 760 parat
3402 697 3550 743 teme
3585 687 3870 757 pluviam:

2260 790 2320 837 ut
2345 798 2449 839 non
2479 783 2617 839 alius
2643 791 2804 854 atque
2829 784 2965 839 alius
2992 783 3127 853 legis
3154 782 3272 837 latae
3298 789 3355 838 et
3382 780 3688 836 creationis
3722 778 3872 834 istius

2260 873 2402 931 Deus
2442 883 2622 945 posset
2666 874 2911 946 intelligi.
2944 875 3018 930 lta
3041 884 3221 931 autem
3263 881 3560 944 temperata
3592 871 3871 927 doctrinae

2263 968 2415 1024 istius
2444 970 2579 1023 ratio
2602 976 2704 1034 cst,
2733 976 2793 1023 ut
2819 982 2880 1023 ea
2906 968 3197 1023 creationis
3217 975 3547 1023 enumerata:
3567 974 3627 1021 et
3653 964 3871 1018 nomina

2261 1069 2819 1115 commemorarentur
2867 1068 2921 1115 Cl.
2959 1074 3188 1129 genera,
3227 1076 3344 1130 qua:
3390 1074 3510 1114 cum
3554 1066 3872 1113 creatorem

2264 1150 2430 1206 Deum
2443 1165 2565 1207 esse
2576 1150 2695 1206 latae
2710 1150 3678 1223 legis'ostenderent,signiﬁcationem
3695 1157 3872 1204 tamen

2262 1240 2315 1296 in
2336 1258 2396 1298 se
2420 1242 2972 1314 institutionistypicat
2985 1252 3040 1298 et
3061 1242 3391 1314 pr0pheticaz
3412 1242 3797 1297 continerent.
3819 1242 3878 1296 Et

2266 1350 2409 1390 nunc
2437 1336 2685 1392 conﬁteri
2723 1337 2891 1393 Deum
2924 1335 2995 1390 ob
3023 1334 3075 1390 id
3117 1336 3501 1402 admonemur,
3546 1335 3681 1405 quia
3717 1336 3877 1406 operit

2262 1427 2447 1482 caelum
2474 1428 2712 1494 nubibus,
2746 1428 2868 1500 quia
2900 1440 3046 1498 parat
3067 1438 3217 1483 teme
3241 1428 3487 1499 pluviam,
3512 1428 3645 1498 quia
3683 1429 3878 1497 produ-

2265 1521 2331 1574 cit
2362 1522 2414 1575 in
2446 1520 2697 1577 ntontibus
2726 1526 2920 1593 ftznum
2939 1562 2953 1585 ,
2986 1521 3109 1591 quia
3137 1520 3225 1574 dat
3252 1521 3499 1593 jumentis
3526 1537 3714 1574 escam
3743 1520 3878 1589 ipso-

2264 1629 2408 1679 rum,
2441 1624 2488 1668 et
2518 1615 2724 1669 herbam
2754 1614 2981 1669 servituti
3008 1614 3302 1679 hominum,
3335 1623 3381 1667 et
3409 1614 3568 1685 pullis
3595 1605 3876 1667 corvorum

2264 1706 2615 1762 invocantibus
2649 1722 2784 1761 eum.
2817 1705 2876 1761 ln
2910 1705 2992 1761 his
3018 1706 3162 1761 enim
3192 1705 3443 1761 omnibus
3470 1705 3564 1759 Dei
3595 1715 3658 1760 et
3696 1706 3875 1775 provi-

2265 1799 2442 1854 dentia
2470 1800 2838 1870 signiﬁcatur,
2868 1808 2923 1854 et
2951 1799 3163 1854 bonitas
3197 1816 3210 1852 :
3253 1808 3310 1853 ut
3351 1799 3605 1855 subiecto
3637 1799 3877 1854 nubibus

2264 1892 2403 1948 ctelo
2425 1892 2581 1948 terris
2613 1891 2822 1962 pluvias
2847 1891 3117 1957 infundat,
3139 1903 3194 1946 ut
3216 1892 3448 1949 vertices
3471 1893 3709 1949 collium
3743 1892 3879 1949 fumo

2268 1986 2495 2050 vestiat,
2518 1985 2777 2056 jumentis
2818 1984 3073 2055 pabulum
3105 1986 3345 2056 praebeat
3366 2026 3380 2047 ,
3409 1997 3463 2041 et
3499 1987 3705 2041 avibus
3733 1986 3878 2040 cibos

2266 2088 2514 2149 praestet,
2547 2080 2670 2150 quia
2691 2078 2759 2134 ab
2787 2094 2854 2134 eo
2896 2078 3206 2134 alimoniam
3248 2078 3409 2151 637
3456 2079 3723 2135 universa
3768 2093 3879 2149 quae

2266 2172 2470 2227 creavit
2493 2180 2829 2243 exspectent.
2866 2170 2973 2228 Sed
3003 2171 3119 2226 haec
3138 2174 3316 2226 omnia
3346 2171 3665 2241 diligentius
3722 2170 3879 2225 intro-

2268 2264 2904 2335 specta,signiflcationis
2934 2264 3154 2319 alterius
3182 2264 3432 2319 virtutem
3465 2264 3517 2317 in
3550 2278 3612 2318 se
3649 2263 3875 2318 habent.

2273 2388 2285 2420 ι
2345 2359 2400 2414 8.
2432 2357 2666 2413 Nubium
2706 2359 2849 2412 varia
2873 2359 3119 2430 acceptio.
3153 2357 3255 2412 His
3297 2358 3531 2411 doctrina
3572 2366 3877 2412 sanctorum

2267 2453 2608 2523 signiﬁcatur.
2630 2484 2701 2493 —
2730 2452 2944 2509 Scimus
2965 2454 3110 2508 enim
3135 2467 3257 2508 esse
3282 2452 3472 2518 nubes,
3506 2452 3719 2521 quibus
3748 2453 3877 2507 Deus

2270 2563 2338 2605 ne
2358 2563 2521 2619 super
2570 2549 2783 2606 vineam
2829 2548 3016 2619 plnant
3047 2547 3304 2615 mandat,
3335 2548 3477 2604 sicut
3508 2564 3607 2618 per
3656 2548 3877 2605 Esaiam

2270 2640 2470 2698 dictum
2519 2653 2647 2698 est:
2693 2642 2760 2696 Et
2814 2640 3032 2696 nubibus
3073 2640 3349 2705 mandabo,
3386 2656 3447 2694 ne
3492 2641 3687 2711 pluunt
3732 2654 3881 2712 super

2270 2752 2381 2791 eam
2434 2736 2701 2807 pluvium;
2755 2737 2903 2791 vinea
2958 2736 3090 2788 enim
3136 2732 3349 2787 Domini
3404 2733 3642 2789 Sabaoth
3692 2736 3877 2789 domus

2270 2825 2445 2881 Israel
2471 2835 2543 2881 est
2596 2824 2822 2897 (Esmv,
2856 2825 2933 2894 6).
2958 2824 3216 2879 Novimus
3237 2823 3432 2889 nubes,
3466 2841 3586 2895 qua:
3618 2841 3748 2896 pra:
3781 2825 3880 2880 ful-

2268 2931 2399 2986 gore
2428 2916 2545 2985 ejus
2594 2918 2646 2971 in
2680 2924 2974 2986 conspectu
3008 2915 3223 2971 Domini
3253 2927 3535 2976 transeunt
3564 2937 3577 2972 :
3613 2920 3755 2975 Prae
3786 2917 3880 2972 ful-

2269 3023 2421 3080 gore,
2455 3008 2650 3079 inquit,
2695 3007 2812 3078 ejus
2852 3007 2904 3062 in
2950 3018 3243 3079 conspectu
3272 3010 3390 3080 ejus
3422 3011 3594 3065 nubes
3630 3011 3880 3067 transie-

2270 3115 2395 3161 runt
2420 3104 2546 3176 (Ps.
2605 3121 2739 3170 xvn,
2773 3105 2889 3176 η).
2933 3104 3188 3162 Novimus
3210 3106 3382 3177 nubes
3403 3148 3418 3173 ,
3466 3121 3601 3177 quas
3633 3108 3799 3164 Deus
3828 3108 3875 3163 in

2194 3216 2241 3280 ρ
2274 3199 2592 3255 adscensum
2616 3214 2771 3255 suum
2803 3200 3011 3270 posuit;
3036 3209 3089 3254 et
3118 3201 3298 3269 posuit
3322 3201 3517 3257 nubem
3541 3200 3877 3260 adscensum

2272 3306 2451 3346 suum.
2478 3290 2598 3359 (Ps.
2632 3307 2743 3357 cm,
2797 3289 2877 3362 5.)
2908 3291 3164 3347 Novimus
3204 3293 3378 3349 nubes
3407 3294 3475 3349 ad
3516 3309 3656 3365 quas
3707 3310 3877 3368 usque

2274 3384 2368 3439 Dei
2420 3385 2619 3440 veritas
2673 3392 2793 3452 est;
2856 3384 2923 3438 Et
2987 3402 3145 3456 usque
3198 3388 3267 3440 ad
3317 3388 3475 3442 nubes
3520 3390 3718 3444 veritas
3793 3400 3876 3443 tua

2270 3474 2390 3548 (Ps.
2420 3494 2528 3542 Lvt,
2559 3478 2673 3547 ll).
2700 3477 2768 3532 Et
2795 3477 2892 3532 has
2937 3477 3107 3533 nubes
3145 3477 3351 3549 aliquot
3379 3478 3515 3535 locis
3544 3489 3861 3537 sanctorum

2270 3569 2569 3626 doctrinam
2602 3570 2892 3641 signiﬁcari
2934 3571 3073 3625 ratio
3103 3570 3348 3627 absoluta
3378 3582 3495 3637 est,
3532 3590 3657 3644 quae
3689 3576 3867 3630 vetitae

2271 3662 2580 3719 inﬁdelibus
2601 3662 2810 3733 pluere,
2840 3661 2915 3734 (b)
2948 3662 3166 3733 eloquio
3195 3663 3344 3718 arida
3379 3665 3674 3736 impiorum
3704 3665 3861 3722 corda

2271 3770 2377 3808 non
2401 3754 2596 3824 rigant.
2618 3753 2748 3822 Quae
2778 3768 2900 3808 cum
2934 3752 3193 3809 Dominus
3216 3754 3378 3818 adsit,
3402 3771 3525 3812 esse
3546 3758 3860 3814 cessabunt:

2272 3855 2331 3901 ut
2355 3847 2533 3918 (forte,
2561 3853 2618 3900 ttt
2644 3844 2804 3917 sicut)
2828 3853 2948 3901 orto
2976 3840 3093 3901 sulc
3116 3846 3395 3901 stellarum
3430 3848 3610 3903 lumen
3644 3848 3860 3904 hebeta-

2270 3950 2374 4004 tur,
2412 3942 2483 3993 ita
2510 3946 2567 3995 et
2586 3939 2830 3994 doctrina
2884 3938 3104 3993 nubium
3138 3940 3367 3995 Domino
3394 3939 3512 4010 ipso
3536 3940 3649 4010 jam
3683 3958 3782 4013 per
3806 3954 3859 3995 se

2267 4030 2505 4102 fulgente
2523 4039 2826 4100 praetereat.
2860 4030 2964 4086 Per
2982 4046 3118 4102 quas
3145 4035 3309 4087 etiam
3333 4032 3397 4089 ad
3434 4033 3723 4089 Dominum
3739 4048 3857 4089 con-

2268 4124 2569 4191 scenditur,
2626 4123 2753 4179 dum
2782 4122 2965 4179 divina
2999 4124 3311 4194 praedicatio
3364 4124 3467 4181 iter
3506 4126 3666 4182 nobis
3716 4123 3855 4197 regni
3941 4150 3951 4165 ο

2267 4218 2507 4274 caelestis
2562 4215 2801 4272 ostendit
2834 4234 2846 4271 :
2881 4225 2939 4272 et
2968 4214 3090 4271 ideo
3139 4215 3225 4271 ha:
3274 4216 3446 4274 nubes
3483 4218 3639 4273 nobis
3669 4218 3852 4290 posita:

2268 4318 2395 4365 sunt
2411 4308 2465 4363 iu
2482 4306 3047 4365 adscensumNeritas
3061 4323 3277 4379 quoque
3291 4308 3387 4365 Dei
3407 4324 3580 4380 usque
3598 4311 3666 4365 ad
3694 4311 3850 4366 nubes

2267 4402 2484 4460 easdem
2533 4411 2616 4456 est
2640 4418 2653 4466 ;
2679 4400 2804 4471 quia
2832 4400 2886 4455 in
2914 4415 2975 4457 se
2998 4415 3181 4455 veram
3212 4400 3305 4456 Dei
3350 4400 3718 4472 cognitionem
3747 4402 3851 4456 lucc

2266 4497 2517 4553 doctrina
2549 4494 2863 4568 prophetica
2883 4494 3153 4550 continet.

565 4593 812 4649 claritate
842 4590 1120 4647 stellarum
1139 4628 1154 4656 ,
1186 4596 1499 4659 peccatores
1529 4597 1699 4653 usque
1722 4581 1787 4636 ad
1834 4590 2032 4636 terram
2063 4577 2162 4632 hu-

2338 4592 2398 4649 9.
2434 4590 2623 4645 Pluvia
2655 4590 2765 4643 Dei-
2789 4589 3011 4660 eloquia.
3056 4586 3257 4643 Montes
3296 4588 3527 4659 fecundi,
3578 4590 3674 4646 riri
3713 4603 3850 4663 prte—

565 4686 752 4743 miliati
779 4683 860 4756 (a)
885 4682 1109 4739 infernae
1130 4681 1265 4751 legis
1287 4679 1490 4751 judicio
1516 4677 1875 4733 destinantur.

636 4782 692 4837 7.
746 4779 869 4836 Non
915 4780 1051 4834 alius
1079 4777 1289 4832 Greater
1311 4775 1572 4837 omnium,
1601 4772 1736 4826 alius
1766 4770 1890 4841 legis
1912 4768 2160 4823 Deus.—

564 4874 646 4932 Db
690 4888 811 4945 qua:
857 4886 991 4937 nos,
1039 4878 1311 4939 tamquam
1356 4874 1670 4922 cuncmnles
1713 4872 1769 4917 et
1814 4860 2157 4924 ha‘sitantes,

564 4966 827 5038 propheta
854 4964 1169 5020 cohortatur
1188 4960 1253 5015 ad
1281 4959 1513 5023 laudem,
1545 4956 1732 5012 dicens
1756 4998 1769 5021 ,
1800 4954 1964 5009 Vens.
1999 4954 2052 5019 7,
2081 4951 2114 5006 8
2144 4967 2159 5005 :

567 5056 815 5111 Inchoate
842 5053 1064 5109 Domino
1089 5054 1143 5106 in
1164 5052 1504 5123 confessione,
1533 5048 1736 5119 psallite
1766 5046 1870 5100 Deo
1900 5052 2075 5098 nostro
2105 5041 2160 5094 in

566 5151 791 5215 cithara,
838 5149 927 5219 qui
980 5148 1143 5220 operit
1182 5146 1363 5202 caelum
1394 5143 1649 5209 nubibus,
1694 5142 1782 5210 qui
1822 5147 1971 5209 parat
2013 5146 2161 5191 terra:

567 5245 825 5318 pluviam,
865 5242 950 5312 qui
982 5240 1218 5313 producit
1248 5241 1303 5294 in
1330 5239 1586 5293 montibus
1618 5240 1827 5305 (mnum,
1857 5233 1944 5303 qui
1965 5232 2052 5285 dat
2068 5232 2162 5302 ju-

566 5335 747 5392 mentis
776 5350 946 5389 escam
970 5333 1223 5403 ipsorum,
1252 5340 1301 5385 et
1331 5330 1488 5400 pullis
1510 5342 1780 5383 corvorum
1810 5323 2160 5378 invocantibus

565 5447 699 5486 eum.
725 5428 1055 5496 Frequenter
1077 5425 1330 5479 admonet
1350 5420 1697 5494 propheticus
1718 5431 1897 5473 sermo
1915 5456 1930 5483 ,
1959 5424 2015 5470 ut
2036 5430 2159 5471 eum

564 5523 930 5581 universitatis
959 5520 1119 5590 hujus
1149 5532 1269 5574 esse
1312 5516 1597 5570 Dominum
1639 5511 1956 5577 credamus,
2004 5526 2162 5582 quem

564 5620 741 5677 omnis
771 5620 856 5674 lex
891 5615 1059 5672 Deum
1087 5612 1267 5668 locuta
1297 5617 1411 5674 est,
1455 5608 1547 5679 qui
1582 5622 1641 5662 se
1667 5606 1963 5677 nuncupari
1997 5605 2163 5662 Deum

565 5744 579 5784 ὲ
643 5741 720 5851 ’a)
759 5735 932 5801 Editi,
956 5742 1183 5804 excepto
1212 5731 1335 5815 Par.
1359 5727 1572 5785 interna:
1604 5724 1747 5798 legis.

641 5779 713 5882 ξὺν
748 5809 846 5864 Ms.
881 5807 1052 5877 pluere
1072 5805 1292 5874 eloquia.

698 5804 715 5881 ξ
748 5809 846 5864 Ms.
881 5807 1052 5877 pluere
1072 5804 1292 5874 eloquia.

2269 4683 2634 4740 celsi—«llaec
2654 4698 2784 4755 ergo
2813 4682 2881 4736 ad
2908 4684 3483 4739 commemorationem
3520 4683 3615 4739 Dei
3641 4684 3845 4741 laudum

2268 4786 2635 4834 creaturarum
2658 4790 2857 4847 genera
2877 4774 3047 4831 electa
3071 4783 3219 4841 sunt,
3236 4791 3355 4847 qua:
3370 4792 3492 4832 cum
3521 4778 3845 4846 praeconium

2261 4870 2388 4925 inse
2408 4868 2681 4924 Creatoris
2708 4867 3082 4933 ostenderent,
3100 4867 3460 4938 parabolicam
3484 4876 3691 4939 tamen,
3718 4870 3840 4931 sive,

2264 4968 2323 5016 ut
2346 4961 2641 5031 Apostolus
2664 4962 2759 5025 ait,
2784 4960 3247 5032 allegorumenam
3276 4962 3430 5017 nobis
3454 4961 3755 5018 doctrinam
3780 4961 3842 5014 ita

2265 5061 2689 5109 commemorata
2727 5052 3035 5123 praeberent
3068 5051 3208 5124 (Gal.
3246 5068 3318 5118 tv,
3340 5052 3459 5125 24).
3487 5051 3709 5111 Caelum
3730 5064 3839 5123 ergo

2268 5147 2503 5203 nubibus
2531 5144 2921 5215 subtegitur,id
2953 5152 3059 5211 est,
3084 5144 3400 5215 prophetica
3422 5146 3671 5203 doctrina
3701 5148 3839 5203 rebus

2268 5248 2353 5296 est
2377 5239 2617 5310 subjecta
2648 5236 2864 5292 divinis.
2898 5235 3084 5293 Pluvia
3113 5237 3270 5293 terris
3299 5236 3619 5305 infunditur,
3646 5235 3837 5309 eloquia

2267 5333 2475 5389 scilicet
2529 5331 2714 5385 barum
2767 5329 3136 5385 sublecturum
3187 5328 3408 5385 nubium
3458 5330 3837 5398 profunduntur

2270 5441 2368 5497 per
2387 5441 2506 5497 qum
2528 5422 2849 5478 infructuosi
2880 5422 2980 5493 ipsi
3013 5431 3176 5492 atque
3196 5421 3332 5476 aridi
3370 5420 3443 5493 (c)
3468 5422 3534 5476 ad
3562 5421 3833 5478 eliciendos

2270 5534 2336 5575 ex
2361 5517 2517 5573 nobis
2558 5516 2760 5571 fructus
2790 5514 2935 5570 dono
2954 5512 3128 5570 divini
3153 5514 3343 5569 imbris
3368 5514 3751 5571 humescimus.
3776 5510 3829 5566 Et

2273 5611 2391 5669 hmc
2440 5609 2652 5681 eloquia
2690 5608 2869 5665 divina
2911 5616 3184 5681 tamquam
3232 5607 3458 5665 imbrem
3504 5603 3829 5681 intelligenda

2335 5728 2407 5802 (c)
2437 5727 2537 5786 Ms.
2568 5726 2637 5784 ad
2661 5725 2941 5800 eligendos.
