  <div class='ocr_page' id='page_1' title='image "/cluster/home/n/w/nwhite01/storage/ocr_20150623/9/uva.x000826531/459.png"; bbox 0 0 3984 6208; ppageno 0'>
   <div class='ocr_carea' id='block_1_1' title="bbox 549 255 3822 321">
    <p class='ocr_par' dir='ltr' id='par_1_1' title="bbox 549 255 3822 321">
     <span class='ocr_line' id='line_1_1' title="bbox 549 255 3822 321; baseline -0.002 -1"><span class='ocrx_word' id='word_1_1' title='bbox 549 264 656 321; x_wconf 85' lang='grc'><strong>879</strong></span> <span class='ocrx_word' id='word_1_2' title='bbox 1737 257 1981 315; x_wconf 79' lang='lat' dir='ltr'><strong>SANCTI</strong></span> <span class='ocrx_word' id='word_1_3' title='bbox 2013 255 2267 314; x_wconf 80' lang='lat' dir='ltr'><strong>lllLARll</strong></span> <span class='ocrx_word' id='word_1_4' title='bbox 2307 255 2614 315; x_wconf 84' lang='lat' dir='ltr'><strong>EPISCOPI</strong></span> <span class='ocrx_word' id='word_1_5' title='bbox 3744 260 3822 316; x_wconf 81' lang='lat'><strong>880</strong></span> 
     </span>
    </p>
   </div>
   <div class='ocr_carea' id='block_1_2' title="bbox 553 371 3822 450">
    <p class='ocr_par' dir='ltr' id='par_1_2' title="bbox 553 371 3822 450">
     <span class='ocr_line' id='line_1_2' title="bbox 553 371 3822 450; baseline -0.001 -17"><span class='ocrx_word' id='word_1_6' title='bbox 553 381 683 434; x_wconf 88' lang='lat' dir='ltr'><strong>ritus</strong></span> <span class='ocrx_word' id='word_1_7' title='bbox 710 376 948 450; x_wconf 68' lang='lat' dir='ltr'><strong>procellae</strong></span> <span class='ocrx_word' id='word_1_8' title='bbox 971 391 1084 446; x_wconf 80' lang='lat' dir='ltr'><strong>qua:</strong></span> <span class='ocrx_word' id='word_1_9' title='bbox 1113 373 1307 447; x_wconf 77' lang='lat' dir='ltr'><strong>faciunt</strong></span> <span class='ocrx_word' id='word_1_10' title='bbox 1338 373 1488 428; x_wconf 76' lang='lat' dir='ltr'><strong>verba</strong></span> <span class='ocrx_word' id='word_1_11' title='bbox 1509 371 1882 446; x_wconf 84' lang='lat' dir='ltr'><strong>ejus),&#39;montes</strong></span> <span class='ocrx_word' id='word_1_12' title='bbox 1903 381 1950 426; x_wconf 84' lang='lat' dir='ltr'><strong>ct</strong></span> <span class='ocrx_word' id='word_1_13' title='bbox 1971 387 2146 427; x_wconf 83' lang='lat' dir='ltr'><strong>omnes</strong></span> <span class='ocrx_word' id='word_1_14' title='bbox 2174 372 2220 432; x_wconf 78' lang='grc' dir='ltr'><strong>Α</strong></span> <span class='ocrx_word' id='word_1_15' title='bbox 2250 373 2418 444; x_wconf 82' lang='lat' dir='ltr'><strong>angeli</strong></span> <span class='ocrx_word' id='word_1_16' title='bbox 2439 371 3146 446; x_wconf 66' lang='lat' dir='ltr'><strong>praspicere(lPetr.1,12).</strong></span> <span class='ocrx_word' id='word_1_17' title='bbox 3173 373 3532 445; x_wconf 86' lang='lat' dir='ltr'><strong>Exspectalio</strong></span> <span class='ocrx_word' id='word_1_18' title='bbox 3551 374 3724 445; x_wconf 88' lang='lat' dir='ltr'><strong>itaque</strong></span> <span class='ocrx_word' id='word_1_19' title='bbox 3739 392 3822 434; x_wconf 75' lang='lat' dir='ltr'><strong>cte-</strong></span> 
     </span>
    </p>
   </div>
   <div class='ocr_carea' id='block_1_3' title="bbox 555 464 3817 540">
    <p class='ocr_par' dir='ltr' id='par_1_3' title="bbox 555 464 3817 540">
     <span class='ocr_line' id='line_1_3' title="bbox 555 464 3817 540; baseline 0 -16"><span class='ocrx_word' id='word_1_20' title='bbox 555 472 732 537; x_wconf 90' lang='lat' dir='ltr'><strong>colles,</strong></span> <span class='ocrx_word' id='word_1_21' title='bbox 767 471 905 540; x_wconf 88' lang='lat' dir='ltr'><strong>ligna</strong></span> <span class='ocrx_word' id='word_1_22' title='bbox 943 468 1213 538; x_wconf 76' lang='lat' dir='ltr'><strong>fructifera</strong></span> <span class='ocrx_word' id='word_1_23' title='bbox 1257 476 1302 521; x_wconf 87' lang='lat' dir='ltr'><strong>et</strong></span> <span class='ocrx_word' id='word_1_24' title='bbox 1332 483 1503 522; x_wconf 87' lang='lat' dir='ltr'><strong>omnes</strong></span> <span class='ocrx_word' id='word_1_25' title='bbox 1524 466 1682 530; x_wconf 86' lang='lat' dir='ltr'><strong>cedri,</strong></span> <span class='ocrx_word' id='word_1_26' title='bbox 1714 466 1882 520; x_wconf 74' lang='lat' dir='ltr'><strong>bestia:</strong></span> <span class='ocrx_word' id='word_1_27' title='bbox 1907 475 1952 519; x_wconf 86' lang='lat' dir='ltr'><strong>ct</strong></span> <span class='ocrx_word' id='word_1_28' title='bbox 1975 464 2145 518; x_wconf 88' lang='lat' dir='ltr'><strong>omnia</strong></span> <span class='ocrx_word' id='word_1_29' title='bbox 2252 465 2464 520; x_wconf 85' lang='lat' dir='ltr'><strong>lestium</strong></span> <span class='ocrx_word' id='word_1_30' title='bbox 2493 475 2575 521; x_wconf 90' lang='lat' dir='ltr'><strong>est</strong></span> <span class='ocrx_word' id='word_1_31' title='bbox 2618 466 2890 521; x_wconf 89' lang='lat' dir='ltr'><strong>beatitudo</strong></span> <span class='ocrx_word' id='word_1_32' title='bbox 2938 477 3148 522; x_wconf 87' lang='lat' dir='ltr'><strong>terrena</strong></span> <span class='ocrx_word' id='word_1_33' title='bbox 3173 467 3283 538; x_wconf 89' lang='lat' dir='ltr'><strong>(seu</strong></span> <span class='ocrx_word' id='word_1_34' title='bbox 3310 508 3323 531; x_wconf 94' lang='lat'><strong>,</strong></span> <span class='ocrx_word' id='word_1_35' title='bbox 3359 467 3755 539; x_wconf 73' lang='lat' dir='ltr'><strong>terrestrium):</strong></span> <span class='ocrx_word' id='word_1_36' title='bbox 3780 482 3817 524; x_wconf 82' lang='lat' dir='ltr'><strong>et</strong></span> 
     </span>
    </p>
   </div>
   <div class='ocr_carea' id='block_1_4' title="bbox 553 557 3820 636">
    <p class='ocr_par' dir='ltr' id='par_1_4' title="bbox 553 557 3820 636">
     <span class='ocr_line' id='line_1_4' title="bbox 553 557 3820 636; baseline 0.001 -21"><span class='ocrx_word' id='word_1_37' title='bbox 553 562 752 636; x_wconf 85' lang='lat' dir='ltr'><strong>(Infra,</strong></span> <span class='ocrx_word' id='word_1_38' title='bbox 781 559 1050 631; x_wconf 81' lang='lat' dir='ltr'><strong>universa)</strong></span> <span class='ocrx_word' id='word_1_39' title='bbox 1083 576 1270 630; x_wconf 86' lang='lat' dir='ltr'><strong>pecora</strong></span> <span class='ocrx_word' id='word_1_40' title='bbox 1291 601 1304 624; x_wconf 93' lang='lat'><strong>,</strong></span> <span class='ocrx_word' id='word_1_41' title='bbox 1335 568 1590 628; x_wconf 72' lang='lat' dir='ltr'><strong>serpentes</strong></span> <span class='ocrx_word' id='word_1_42' title='bbox 1612 568 1658 612; x_wconf 87' lang='lat' dir='ltr'><strong>et</strong></span> <span class='ocrx_word' id='word_1_43' title='bbox 1688 557 1916 612; x_wconf 86' lang='lat' dir='ltr'><strong>volucres</strong></span> <span class='ocrx_word' id='word_1_44' title='bbox 1953 572 2146 628; x_wconf 89' lang='lat' dir='ltr'><strong>pcnna—</strong></span> <span class='ocrx_word' id='word_1_45' title='bbox 2249 561 2611 629; x_wconf 80' lang='lat' dir='ltr'><strong>corruptionis</strong></span> <span class='ocrx_word' id='word_1_46' title='bbox 2637 568 2836 614; x_wconf 75' lang='lat' dir='ltr'><strong>nostra:</strong></span> <span class='ocrx_word' id='word_1_47' title='bbox 2863 560 3158 616; x_wconf 90' lang='lat' dir='ltr'><strong>demutatio</strong></span> <span class='ocrx_word' id='word_1_48' title='bbox 3180 561 3486 617; x_wconf 86' lang='lat' dir='ltr'><strong>divinarum</strong></span> <span class='ocrx_word' id='word_1_49' title='bbox 3518 565 3820 619; x_wconf 86' lang='lat' dir='ltr'><strong>creationum</strong></span> 
     </span>
    </p>
   </div>
   <div class='ocr_carea' id='block_1_5' title="bbox 547 649 3822 726">
    <p class='ocr_par' dir='ltr' id='par_1_5' title="bbox 547 649 3822 726">
     <span class='ocr_line' id='line_1_5' title="bbox 547 649 3822 726; baseline -0.001 -15"><span class='ocrx_word' id='word_1_50' title='bbox 547 667 818 726; x_wconf 71' lang='lat' dir='ltr'><strong>taz.reges</strong></span> <span class='ocrx_word' id='word_1_51' title='bbox 841 663 994 708; x_wconf 79' lang='lat' dir='ltr'><strong>terra:</strong></span> <span class='ocrx_word' id='word_1_52' title='bbox 1022 664 1068 708; x_wconf 90' lang='lat' dir='ltr'><strong>et</strong></span> <span class='ocrx_word' id='word_1_53' title='bbox 1119 669 1290 709; x_wconf 88' lang='lat' dir='ltr'><strong>omnes</strong></span> <span class='ocrx_word' id='word_1_54' title='bbox 1317 653 1528 724; x_wconf 88' lang='lat' dir='ltr'><strong>populi,</strong></span> <span class='ocrx_word' id='word_1_55' title='bbox 1578 652 1836 722; x_wconf 83' lang='lat' dir='ltr'><strong>principes</strong></span> <span class='ocrx_word' id='word_1_56' title='bbox 1875 660 1920 704; x_wconf 89' lang='lat' dir='ltr'><strong>et</strong></span> <span class='ocrx_word' id='word_1_57' title='bbox 1971 665 2144 703; x_wconf 88' lang='lat' dir='ltr'><strong>omnes</strong></span> <span class='ocrx_word' id='word_1_58' title='bbox 2246 649 2556 705; x_wconf 90' lang='lat' dir='ltr'><strong>demoratur</strong></span> <span class='ocrx_word' id='word_1_59' title='bbox 2607 651 2905 719; x_wconf 89' lang='lat' dir='ltr'><strong>elementa,</strong></span> <span class='ocrx_word' id='word_1_60' title='bbox 2970 653 3280 722; x_wconf 87' lang='lat' dir='ltr'><strong>prospicere</strong></span> <span class='ocrx_word' id='word_1_61' title='bbox 3326 653 3473 709; x_wconf 90' lang='lat' dir='ltr'><strong>hanc</strong></span> <span class='ocrx_word' id='word_1_62' title='bbox 3523 656 3822 724; x_wconf 63' lang='lat' dir='ltr'><strong>evangelica!</strong></span> 
     </span>
    </p>
   </div>
   <div class='ocr_carea' id='block_1_6' title="bbox 542 741 3819 821">
    <p class='ocr_par' dir='ltr' id='par_1_6' title="bbox 542 741 3819 821">
     <span class='ocr_line' id='line_1_6' title="bbox 542 741 3819 821; baseline -0.001 -20"><span class='ocrx_word' id='word_1_63' title='bbox 542 748 746 821; x_wconf 88' lang='lat' dir='ltr'><strong>judices</strong></span> <span class='ocrx_word' id='word_1_64' title='bbox 775 758 924 802; x_wconf 69' lang='lat' dir='ltr'><strong>terra:</strong></span> <span class='ocrx_word' id='word_1_65' title='bbox 945 788 961 815; x_wconf 96' lang='lat'><strong>,</strong></span> <span class='ocrx_word' id='word_1_66' title='bbox 977 751 1190 820; x_wconf 80' lang='lat' dir='ltr'><strong>juvenes</strong></span> <span class='ocrx_word' id='word_1_67' title='bbox 1236 757 1281 800; x_wconf 90' lang='lat' dir='ltr'><strong>et</strong></span> <span class='ocrx_word' id='word_1_68' title='bbox 1309 747 1528 818; x_wconf 77' lang='lat' dir='ltr'><strong>virgines</strong></span> <span class='ocrx_word' id='word_1_69' title='bbox 1549 787 1563 812; x_wconf 92' lang='lat'><strong>,</strong></span> <span class='ocrx_word' id='word_1_70' title='bbox 1589 746 1811 800; x_wconf 74' lang='lat' dir='ltr'><strong>seniores</strong></span> <span class='ocrx_word' id='word_1_71' title='bbox 1832 761 1945 798; x_wconf 89' lang='lat' dir='ltr'><strong>cum</strong></span> <span class='ocrx_word' id='word_1_72' title='bbox 1965 744 2144 816; x_wconf 87' lang='lat' dir='ltr'><strong>jnnio-</strong></span> <span class='ocrx_word' id='word_1_73' title='bbox 2245 741 2646 810; x_wconf 72' lang='lat' dir='ltr'><strong>praulicationis</strong></span> <span class='ocrx_word' id='word_1_74' title='bbox 2677 757 2824 813; x_wconf 85' lang='lat' dir='ltr'><strong>spem</strong></span> <span class='ocrx_word' id='word_1_75' title='bbox 2856 744 3292 813; x_wconf 82' lang='lat' dir='ltr'><strong>concupiscentia</strong></span> <span class='ocrx_word' id='word_1_76' title='bbox 3340 743 3488 817; x_wconf 89' lang='lat' dir='ltr'><strong>(scil.</strong></span> <span class='ocrx_word' id='word_1_77' title='bbox 3525 745 3819 812; x_wconf 80' lang='lat' dir='ltr'><strong>elementa),</strong></span> 
     </span>
    </p>
   </div>
   <div class='ocr_carea' id='block_1_7' title="bbox 547 833 3823 910">
    <p class='ocr_par' dir='ltr' id='par_1_7' title="bbox 547 833 3823 910">
     <span class='ocr_line' id='line_1_7' title="bbox 547 833 3823 910; baseline -0.001 -14"><span class='ocrx_word' id='word_1_78' title='bbox 547 841 690 896; x_wconf 86' lang='lat' dir='ltr'><strong>ribus</strong></span> <span class='ocrx_word' id='word_1_79' title='bbox 715 841 922 896; x_wconf 85' lang='lat' dir='ltr'><strong>laudent</strong></span> <span class='ocrx_word' id='word_1_80' title='bbox 971 858 1152 896; x_wconf 85' lang='lat' dir='ltr'><strong>nomen</strong></span> <span class='ocrx_word' id='word_1_81' title='bbox 1181 837 1427 903; x_wconf 85' lang='lat' dir='ltr'><strong>Domini;</strong></span> <span class='ocrx_word' id='word_1_82' title='bbox 1454 841 1576 910; x_wconf 88' lang='lat' dir='ltr'><strong>quia</strong></span> <span class='ocrx_word' id='word_1_83' title='bbox 1615 841 1894 893; x_wconf 78' lang='lat' dir='ltr'><strong>exaltatum</strong></span> <span class='ocrx_word' id='word_1_84' title='bbox 1925 848 1999 892; x_wconf 87' lang='lat' dir='ltr'><strong>est</strong></span> <span class='ocrx_word' id='word_1_85' title='bbox 2049 854 2142 892; x_wconf 85' lang='lat' dir='ltr'><strong>no-</strong></span> <span class='ocrx_word' id='word_1_86' title='bbox 2242 833 2466 903; x_wconf 84' lang='lat' dir='ltr'><strong>gloriam</strong></span> <span class='ocrx_word' id='word_1_87' title='bbox 2499 850 2648 890; x_wconf 89' lang='lat' dir='ltr'><strong>suam</strong></span> <span class='ocrx_word' id='word_1_88' title='bbox 2681 850 2743 890; x_wconf 75' lang='lat' dir='ltr'><strong>ex</strong></span> <span class='ocrx_word' id='word_1_89' title='bbox 2786 836 2970 906; x_wconf 67' lang='lat' dir='ltr'><strong>gloria:</strong></span> <span class='ocrx_word' id='word_1_90' title='bbox 3010 846 3208 890; x_wconf 82' lang='lat' dir='ltr'><strong>nostra:</strong></span> <span class='ocrx_word' id='word_1_91' title='bbox 3252 835 3698 892; x_wconf 87' lang='lat' dir='ltr'><strong>conformatione</strong></span> <span class='ocrx_word' id='word_1_92' title='bbox 3731 852 3823 892; x_wconf 81' lang='lat' dir='ltr'><strong>sus-</strong></span> 
     </span>
    </p>
   </div>
   <div class='ocr_carea' id='block_1_8' title="bbox 547 927 3817 1006">
    <p class='ocr_par' dir='ltr' id='par_1_8' title="bbox 547 927 3817 1006">
     <span class='ocr_line' id='line_1_8' title="bbox 547 927 3817 1006; baseline -0 -20"><span class='ocrx_word' id='word_1_93' title='bbox 547 949 663 988; x_wconf 91' lang='lat' dir='ltr'><strong>men</strong></span> <span class='ocrx_word' id='word_1_94' title='bbox 685 936 796 1006; x_wconf 87' lang='lat' dir='ltr'><strong>ejus</strong></span> <span class='ocrx_word' id='word_1_95' title='bbox 823 933 1006 987; x_wconf 91' lang='lat' dir='ltr'><strong>solius.</strong></span> <span class='ocrx_word' id='word_1_96' title='bbox 1032 932 1294 1002; x_wconf 77' lang='lat' dir='ltr'><strong>Confessio</strong></span> <span class='ocrx_word' id='word_1_97' title='bbox 1332 935 1445 1005; x_wconf 90' lang='lat' dir='ltr'><strong>ejus</strong></span> <span class='ocrx_word' id='word_1_98' title='bbox 1471 948 1626 1004; x_wconf 80' lang='lat' dir='ltr'><strong>super</strong></span> <span class='ocrx_word' id='word_1_99' title='bbox 1649 931 1830 986; x_wconf 76' lang='lat' dir='ltr'><strong>caelum</strong></span> <span class='ocrx_word' id='word_1_100' title='bbox 1859 931 2138 984; x_wconf 84' lang='lat' dir='ltr'><strong>elterratn.</strong></span> <span class='ocrx_word' id='word_1_101' title='bbox 2243 934 2496 995; x_wconf 89' lang='lat' dir='ltr'><strong>ceptttra:</strong></span> <span class='ocrx_word' id='word_1_102' title='bbox 2556 943 2659 997; x_wconf 88' lang='lat' dir='ltr'><strong>qua</strong></span> <span class='ocrx_word' id='word_1_103' title='bbox 2708 927 2818 995; x_wconf 91' lang='lat' dir='ltr'><strong>jam</strong></span> <span class='ocrx_word' id='word_1_104' title='bbox 2887 927 3180 983; x_wconf 89' lang='lat' dir='ltr'><strong>secundum</strong></span> <span class='ocrx_word' id='word_1_105' title='bbox 3243 928 3590 999; x_wconf 82' lang='lat' dir='ltr'><strong>prOphetiam</strong></span> <span class='ocrx_word' id='word_1_106' title='bbox 3660 929 3817 999; x_wconf 86' lang='lat' dir='ltr'><strong>psalmi</strong></span> 
     </span>
    </p>
   </div>
   <div class='ocr_carea' id='block_1_9' title="bbox 553 1016 3816 1096">
    <p class='ocr_par' dir='ltr' id='par_1_9' title="bbox 553 1016 3816 1096">
     <span class='ocr_line' id='line_1_9' title="bbox 553 1016 3816 1096; baseline 0.001 -17"><span class='ocrx_word' id='word_1_107' title='bbox 553 1024 849 1080; x_wconf 75' lang='lat' dir='ltr'><strong>Exsultavit</strong></span> <span class='ocrx_word' id='word_1_108' title='bbox 877 1025 1063 1096; x_wconf 82' lang='lat' dir='ltr'><strong>(Infra,</strong></span> <span class='ocrx_word' id='word_1_109' title='bbox 1096 1035 1142 1080; x_wconf 93' lang='lat' dir='ltr'><strong>et</strong></span> <span class='ocrx_word' id='word_1_110' title='bbox 1161 1024 1426 1096; x_wconf 75' lang='lat' dir='ltr'><strong>exultauit)</strong></span> <span class='ocrx_word' id='word_1_111' title='bbox 1445 1041 1600 1078; x_wconf 90' lang='lat' dir='ltr'><strong>cornu</strong></span> <span class='ocrx_word' id='word_1_112' title='bbox 1628 1024 1808 1096; x_wconf 87' lang='lat' dir='ltr'><strong>populi</strong></span> <span class='ocrx_word' id='word_1_113' title='bbox 1829 1024 1930 1078; x_wconf 89' lang='lat' dir='ltr'><strong>sui.</strong></span> <span class='ocrx_word' id='word_1_114' title='bbox 1967 1022 2136 1094; x_wconf 82' lang='lat' dir='ltr'><strong>Hym-</strong></span> <span class='ocrx_word' id='word_1_115' title='bbox 2244 1016 2441 1087; x_wconf 73' lang='lat' dir='ltr'><strong>adepta</strong></span> <span class='ocrx_word' id='word_1_116' title='bbox 2464 1059 2480 1084; x_wconf 88' lang='lat'><strong>,</strong></span> <span class='ocrx_word' id='word_1_117' title='bbox 2517 1017 2572 1072; x_wconf 84' lang='lat' dir='ltr'><strong>in</strong></span> <span class='ocrx_word' id='word_1_118' title='bbox 2603 1033 2896 1074; x_wconf 88' lang='lat' dir='ltr'><strong>consonam</strong></span> <span class='ocrx_word' id='word_1_119' title='bbox 2928 1019 3138 1075; x_wconf 83' lang='lat' dir='ltr'><strong>laudem</strong></span> <span class='ocrx_word' id='word_1_120' title='bbox 3190 1031 3461 1092; x_wconf 68' lang='lat' dir='ltr'><strong>perceptae</strong></span> <span class='ocrx_word' id='word_1_121' title='bbox 3494 1021 3816 1083; x_wconf 80' lang='lat' dir='ltr'><strong>beatitudinis</strong></span> 
     </span>
    </p>
   </div>
   <div class='ocr_carea' id='block_1_10' title="bbox 546 1108 2600 1192">
    <p class='ocr_par' dir='ltr' id='par_1_10' title="bbox 546 1108 2600 1192">
     <span class='ocr_line' id='line_1_10' title="bbox 546 1108 2600 1192; baseline -0.003 -19"><span class='ocrx_word' id='word_1_122' title='bbox 546 1135 645 1173; x_wconf 83' lang='lat' dir='ltr'><strong>nus</strong></span> <span class='ocrx_word' id='word_1_123' title='bbox 682 1119 914 1173; x_wconf 87' lang='lat' dir='ltr'><strong>omnibus</strong></span> <span class='ocrx_word' id='word_1_124' title='bbox 944 1120 1135 1174; x_wconf 81' lang='lat' dir='ltr'><strong>sanctis</strong></span> <span class='ocrx_word' id='word_1_125' title='bbox 1180 1121 1292 1192; x_wconf 87' lang='lat' dir='ltr'><strong>ejus</strong></span> <span class='ocrx_word' id='word_1_126' title='bbox 1318 1159 1333 1185; x_wconf 93' lang='lat'><strong>,</strong></span> <span class='ocrx_word' id='word_1_127' title='bbox 1374 1117 1496 1188; x_wconf 84' lang='lat' dir='ltr'><strong>ﬁliis</strong></span> <span class='ocrx_word' id='word_1_128' title='bbox 1522 1115 1710 1184; x_wconf 85' lang='lat' dir='ltr'><strong>Israel,</strong></span> <span class='ocrx_word' id='word_1_129' title='bbox 1740 1116 1928 1188; x_wconf 88' lang='lat' dir='ltr'><strong>populo</strong></span> <span class='ocrx_word' id='word_1_130' title='bbox 1949 1132 2138 1187; x_wconf 88' lang='lat' dir='ltr'><strong>appro-</strong></span> <span class='ocrx_word' id='word_1_131' title='bbox 2243 1108 2600 1166; x_wconf 82' lang='lat' dir='ltr'><strong>advocamur.</strong></span> 
     </span>
    </p>
   </div>
   <div class='ocr_carea' id='block_1_11' title="bbox 544 1203 3819 1283">
    <p class='ocr_par' dir='ltr' id='par_1_11' title="bbox 544 1203 3819 1283">
     <span class='ocr_line' id='line_1_11' title="bbox 544 1203 3819 1283; baseline -0 -20"><span class='ocrx_word' id='word_1_132' title='bbox 544 1211 812 1283; x_wconf 85' lang='lat' dir='ltr'><strong>pinquanti</strong></span> <span class='ocrx_word' id='word_1_133' title='bbox 829 1210 944 1266; x_wconf 85' lang='lat' dir='ltr'><strong>sibi.</strong></span> <span class='ocrx_word' id='word_1_134' title='bbox 990 1281 1056 1283; x_wconf 42' lang='grc' dir='ltr'>ὼ</span> <span class='ocrx_word' id='word_1_135' title='bbox 1100 1282 1104 1283; x_wconf 17' lang='grc' dir='ltr'><em>ν</em></span> <span class='ocrx_word' id='word_1_136' title='bbox 1143 1281 1243 1283; x_wconf 17' lang='grc' dir='ltr'><strong>-ῌν</strong></span> <span class='ocrx_word' id='word_1_137' title='bbox 1272 1279 1397 1283; x_wconf 34' lang='grc' dir='ltr'>ψη</span> <span class='ocrx_word' id='word_1_138' title='bbox 1434 1281 1496 1283; x_wconf 20' lang='lat' dir='ltr'><strong>A4</strong></span> <span class='ocrx_word' id='word_1_139' title='bbox 1570 1280 1587 1283; x_wconf 33' lang='grc' dir='ltr'><strong>Α</strong></span> <span class='ocrx_word' id='word_1_140' title='bbox 1611 1280 1684 1283; x_wconf 93' lang='lat'><strong>___</strong></span> <span class='ocrx_word' id='word_1_141' title='bbox 2315 1203 2368 1257; x_wconf 80' lang='grc'><strong>5-</strong></span> <span class='ocrx_word' id='word_1_142' title='bbox 2426 1203 2658 1260; x_wconf 79' lang='lat' dir='ltr'><strong>Mundus</strong></span> <span class='ocrx_word' id='word_1_143' title='bbox 2702 1222 2804 1261; x_wconf 89' lang='lat' dir='ltr'><strong>non</strong></span> <span class='ocrx_word' id='word_1_144' title='bbox 2833 1208 3105 1279; x_wconf 77' lang='lat' dir='ltr'><strong>forluims,</strong></span> <span class='ocrx_word' id='word_1_145' title='bbox 3151 1224 3253 1263; x_wconf 86' lang='lat' dir='ltr'><strong>non</strong></span> <span class='ocrx_word' id='word_1_146' title='bbox 3282 1207 3448 1264; x_wconf 82' lang='lat' dir='ltr'><strong>Deus.</strong></span> <span class='ocrx_word' id='word_1_147' title='bbox 3479 1207 3654 1264; x_wconf 81' lang='lat' dir='ltr'><strong>Nulla</strong></span> <span class='ocrx_word' id='word_1_148' title='bbox 3675 1211 3819 1264; x_wconf 81' lang='lat' dir='ltr'><strong>mundi</strong></span> 
     </span>
    </p>
   </div>
   <div class='ocr_carea' id='block_1_12' title="bbox 987 1279 3819 1370">
    <p class='ocr_par' dir='ltr' id='par_1_12' title="bbox 987 1279 3819 1370">
     <span class='ocr_line' id='line_1_12' title="bbox 987 1279 3819 1370; baseline 0.005 -27"><span class='ocrx_word' id='word_1_149' title='bbox 987 1279 1404 1338; x_wconf 70' lang='lat' dir='ltr'><strong>TRACTATUS</strong></span> <span class='ocrx_word' id='word_1_150' title='bbox 1433 1280 1704 1338; x_wconf 65' lang='lat' dir='ltr'><strong>PSALMI-</strong></span> <span class='ocrx_word' id='word_1_151' title='bbox 2237 1315 2356 1370; x_wconf 91' lang='lat' dir='ltr'><strong>pars</strong></span> <span class='ocrx_word' id='word_1_152' title='bbox 2408 1300 2602 1354; x_wconf 79' lang='lat' dir='ltr'><strong>honore</strong></span> <span class='ocrx_word' id='word_1_153' title='bbox 2647 1300 2820 1355; x_wconf 90' lang='lat' dir='ltr'><strong>divino</strong></span> <span class='ocrx_word' id='word_1_154' title='bbox 2865 1302 3097 1356; x_wconf 88' lang='lat' dir='ltr'><strong>colenda.</strong></span> <span class='ocrx_word' id='word_1_155' title='bbox 3130 1330 3203 1343; x_wconf 76' lang='grc' dir='ltr'><strong>-ο</strong></span> <span class='ocrx_word' id='word_1_156' title='bbox 3233 1301 3395 1357; x_wconf 72' lang='lat' dir='ltr'><strong>Vens.</strong></span> <span class='ocrx_word' id='word_1_157' title='bbox 3459 1302 3574 1357; x_wconf 70' lang='lat'><strong>1-6.</strong></span> <span class='ocrx_word' id='word_1_158' title='bbox 3619 1301 3819 1357; x_wconf 84' lang='lat' dir='ltr'><strong>Laudate</strong></span> 
     </span>
    </p>
   </div>
   <div class='ocr_carea' id='block_1_13' title="bbox 615 1388 3817 1467">
    <p class='ocr_par' dir='ltr' id='par_1_13' title="bbox 615 1388 3817 1467">
     <span class='ocr_line' id='line_1_13' title="bbox 615 1388 3817 1467; baseline -0.002 -14"><span class='ocrx_word' id='word_1_159' title='bbox 615 1399 668 1453; x_wconf 81' lang='grc'><strong>1.</strong></span> <span class='ocrx_word' id='word_1_160' title='bbox 696 1397 1018 1467; x_wconf 82' lang='lat' dir='ltr'><strong>Superiores</strong></span> <span class='ocrx_word' id='word_1_161' title='bbox 1049 1405 1159 1453; x_wconf 88' lang='lat' dir='ltr'><strong>tres</strong></span> <span class='ocrx_word' id='word_1_162' title='bbox 1202 1395 1426 1467; x_wconf 80' lang='lat' dir='ltr'><strong>psalmi,</strong></span> <span class='ocrx_word' id='word_1_163' title='bbox 1473 1395 1669 1465; x_wconf 82' lang='lat' dir='ltr'><strong>quibus</strong></span> <span class='ocrx_word' id='word_1_164' title='bbox 1711 1393 1993 1464; x_wconf 80' lang='lat' dir='ltr'><strong>prophetia</strong></span> <span class='ocrx_word' id='word_1_165' title='bbox 2037 1407 2135 1447; x_wconf 85' lang='lat' dir='ltr'><strong>nos</strong></span> <span class='ocrx_word' id='word_1_166' title='bbox 2247 1388 2525 1444; x_wconf 88' lang='lat' dir='ltr'><strong>Dominum</strong></span> <span class='ocrx_word' id='word_1_167' title='bbox 2548 1391 2612 1446; x_wconf 91' lang='lat' dir='ltr'><strong>de</strong></span> <span class='ocrx_word' id='word_1_168' title='bbox 2635 1393 2774 1446; x_wconf 70' lang='lat' dir='ltr'><strong>salis</strong></span> <span class='ocrx_word' id='word_1_169' title='bbox 2797 1433 2812 1457; x_wconf 94' lang='lat'><strong>,</strong></span> <span class='ocrx_word' id='word_1_170' title='bbox 2842 1392 3048 1447; x_wconf 84' lang='lat' dir='ltr'><strong>laudate</strong></span> <span class='ocrx_word' id='word_1_171' title='bbox 3075 1409 3188 1448; x_wconf 87' lang='lat' dir='ltr'><strong>eum</strong></span> <span class='ocrx_word' id='word_1_172' title='bbox 3227 1393 3281 1446; x_wconf 91' lang='lat' dir='ltr'><strong>in</strong></span> <span class='ocrx_word' id='word_1_173' title='bbox 3326 1393 3573 1448; x_wconf 74' lang='lat' dir='ltr'><strong>excelsis.</strong></span> <span class='ocrx_word' id='word_1_174' title='bbox 3614 1393 3817 1448; x_wconf 77' lang='lat' dir='ltr'><strong>Laudate</strong></span> 
     </span>
    </p>
   </div>
   <div class='ocr_carea' id='block_1_14' title="bbox 548 1484 3815 1556">
    <p class='ocr_par' dir='ltr' id='par_1_14' title="bbox 548 1484 3815 1556">
     <span class='ocr_line' id='line_1_14' title="bbox 548 1484 3815 1556; baseline -0.001 -12"><span class='ocrx_word' id='word_1_175' title='bbox 548 1488 616 1544; x_wconf 86' lang='lat' dir='ltr'><strong>ad</strong></span> <span class='ocrx_word' id='word_1_176' title='bbox 645 1489 852 1544; x_wconf 86' lang='lat' dir='ltr'><strong>laudem</strong></span> <span class='ocrx_word' id='word_1_177' title='bbox 883 1487 1096 1544; x_wconf 88' lang='lat' dir='ltr'><strong>Domini</strong></span> <span class='ocrx_word' id='word_1_178' title='bbox 1122 1488 1382 1553; x_wconf 91' lang='lat' dir='ltr'><strong>advocat,</strong></span> <span class='ocrx_word' id='word_1_179' title='bbox 1412 1484 1758 1542; x_wconf 68' lang='lat' dir='ltr'><strong>beam-illius</strong></span> <span class='ocrx_word' id='word_1_180' title='bbox 1787 1486 1900 1556; x_wconf 89' lang='lat' dir='ltr'><strong>spei</strong></span> <span class='ocrx_word' id='word_1_181' title='bbox 1934 1493 2135 1540; x_wconf 81' lang='lat' dir='ltr'><strong>nostra:</strong></span> <span class='ocrx_word' id='word_1_182' title='bbox 2237 1499 2351 1538; x_wconf 91' lang='lat' dir='ltr'><strong>eum</strong></span> <span class='ocrx_word' id='word_1_183' title='bbox 2373 1499 2544 1538; x_wconf 89' lang='lat' dir='ltr'><strong>omnes</strong></span> <span class='ocrx_word' id='word_1_184' title='bbox 2593 1486 2761 1556; x_wconf 85' lang='lat' dir='ltr'><strong>angeli</strong></span> <span class='ocrx_word' id='word_1_185' title='bbox 2781 1485 2893 1556; x_wconf 86' lang='lat' dir='ltr'><strong>ejus</strong></span> <span class='ocrx_word' id='word_1_186' title='bbox 2925 1503 2943 1540; x_wconf 94' lang='lat'><em>:</em></span> <span class='ocrx_word' id='word_1_187' title='bbox 2994 1485 3205 1540; x_wconf 84' lang='lat' dir='ltr'><strong>laudate</strong></span> <span class='ocrx_word' id='word_1_188' title='bbox 3255 1502 3370 1540; x_wconf 87' lang='lat' dir='ltr'><strong>eum</strong></span> <span class='ocrx_word' id='word_1_189' title='bbox 3418 1503 3605 1542; x_wconf 87' lang='lat' dir='ltr'><strong>omnes</strong></span> <span class='ocrx_word' id='word_1_190' title='bbox 3643 1489 3815 1542; x_wconf 75' lang='lat' dir='ltr'><strong>virtutes</strong></span> 
     </span>
    </p>
   </div>
   <div class='ocr_carea' id='block_1_15' title="bbox 535 1577 3809 1653">
    <p class='ocr_par' dir='ltr' id='par_1_15' title="bbox 535 1577 3809 1653">
     <span class='ocr_line' id='line_1_15' title="bbox 535 1577 3809 1653; baseline -0.002 -13"><span class='ocrx_word' id='word_1_191' title='bbox 535 1583 971 1640; x_wconf 86' lang='lat' dir='ltr'><strong>distributionem</strong></span> <span class='ocrx_word' id='word_1_192' title='bbox 1025 1583 1143 1653; x_wconf 86' lang='lat' dir='ltr'><strong>ipso</strong></span> <span class='ocrx_word' id='word_1_193' title='bbox 1195 1581 1609 1638; x_wconf 88' lang='lat' dir='ltr'><strong>collocationttm</strong></span> <span class='ocrx_word' id='word_1_194' title='bbox 1672 1596 1891 1635; x_wconf 90' lang='lat' dir='ltr'><strong>suarum</strong></span> <span class='ocrx_word' id='word_1_195' title='bbox 1945 1580 2134 1636; x_wconf 89' lang='lat' dir='ltr'><strong>ordine</strong></span> <span class='ocrx_word' id='word_1_196' title='bbox 2237 1579 2366 1650; x_wconf 86' lang='lat' dir='ltr'><strong>ejus.</strong></span> <span class='ocrx_word' id='word_1_197' title='bbox 2390 1577 2619 1632; x_wconf 86' lang='lat' dir='ltr'><strong>Laudate</strong></span> <span class='ocrx_word' id='word_1_198' title='bbox 2643 1595 2756 1632; x_wconf 88' lang='lat' dir='ltr'><strong>eum</strong></span> <span class='ocrx_word' id='word_1_199' title='bbox 2779 1579 2859 1633; x_wconf 86' lang='lat' dir='ltr'><strong>sol</strong></span> <span class='ocrx_word' id='word_1_200' title='bbox 2882 1588 2929 1633; x_wconf 89' lang='lat' dir='ltr'><strong>et</strong></span> <span class='ocrx_word' id='word_1_201' title='bbox 2952 1581 3073 1633; x_wconf 87' lang='lat' dir='ltr'><strong>luna</strong></span> <span class='ocrx_word' id='word_1_202' title='bbox 3099 1595 3114 1636; x_wconf 89' lang='lat'><strong>:</strong></span> <span class='ocrx_word' id='word_1_203' title='bbox 3142 1579 3348 1634; x_wconf 85' lang='lat' dir='ltr'><strong>laudate</strong></span> <span class='ocrx_word' id='word_1_204' title='bbox 3369 1597 3493 1635; x_wconf 85' lang='lat' dir='ltr'><strong>eum</strong></span> <span class='ocrx_word' id='word_1_205' title='bbox 3523 1598 3694 1636; x_wconf 89' lang='lat' dir='ltr'><strong>omnes</strong></span> <span class='ocrx_word' id='word_1_206' title='bbox 3719 1583 3809 1634; x_wconf 82' lang='lat' dir='ltr'><strong>stel-</strong></span> 
     </span>
    </p>
   </div>
   <div class='ocr_carea' id='block_1_16' title="bbox 533 1667 3812 1742">
    <p class='ocr_par' dir='ltr' id='par_1_16' title="bbox 533 1667 3812 1742">
     <span class='ocr_line' id='line_1_16' title="bbox 533 1667 3812 1742; baseline -0.002 -12"><span class='ocrx_word' id='word_1_207' title='bbox 533 1685 660 1730; x_wconf 89' lang='lat' dir='ltr'><strong>sunt</strong></span> <span class='ocrx_word' id='word_1_208' title='bbox 686 1677 878 1730; x_wconf 86' lang='lat' dir='ltr'><strong>secuti.</strong></span> <span class='ocrx_word' id='word_1_209' title='bbox 910 1675 1122 1729; x_wconf 90' lang='lat' dir='ltr'><strong>Primus</strong></span> <span class='ocrx_word' id='word_1_210' title='bbox 1152 1673 1294 1729; x_wconf 89' lang='lat' dir='ltr'><strong>enim</strong></span> <span class='ocrx_word' id='word_1_211' title='bbox 1319 1689 1504 1728; x_wconf 89' lang='lat' dir='ltr'><strong>eorum</strong></span> <span class='ocrx_word' id='word_1_212' title='bbox 1537 1674 1606 1728; x_wconf 90' lang='lat' dir='ltr'><strong>ob</strong></span> <span class='ocrx_word' id='word_1_213' title='bbox 1634 1687 1784 1742; x_wconf 89' lang='lat' dir='ltr'><strong>spem</strong></span> <span class='ocrx_word' id='word_1_214' title='bbox 1815 1671 2132 1727; x_wconf 64' lang='lat' dir='ltr'><strong>aeternitatis</strong></span> <span class='ocrx_word' id='word_1_215' title='bbox 2237 1667 2300 1722; x_wconf 76' lang='lat' dir='ltr'><strong>la:</strong></span> <span class='ocrx_word' id='word_1_216' title='bbox 2323 1677 2369 1722; x_wconf 91' lang='lat' dir='ltr'><strong>et</strong></span> <span class='ocrx_word' id='word_1_217' title='bbox 2391 1668 2581 1722; x_wconf 89' lang='lat' dir='ltr'><strong>lumen.</strong></span> <span class='ocrx_word' id='word_1_218' title='bbox 2617 1667 2848 1723; x_wconf 82' lang='lat' dir='ltr'><strong>Laudate</strong></span> <span class='ocrx_word' id='word_1_219' title='bbox 2875 1686 2990 1724; x_wconf 89' lang='lat' dir='ltr'><strong>eum</strong></span> <span class='ocrx_word' id='word_1_220' title='bbox 3032 1670 3144 1724; x_wconf 62' lang='lat' dir='ltr'><strong>caeli</strong></span> <span class='ocrx_word' id='word_1_221' title='bbox 3184 1671 3436 1726; x_wconf 70' lang='lat' dir='ltr'><strong>caelorum</strong></span> <span class='ocrx_word' id='word_1_222' title='bbox 3457 1689 3478 1726; x_wconf 90' lang='lat'><em>:</em></span> <span class='ocrx_word' id='word_1_223' title='bbox 3501 1684 3549 1726; x_wconf 80' lang='lat' dir='ltr'><strong>et</strong></span> <span class='ocrx_word' id='word_1_224' title='bbox 3571 1689 3702 1742; x_wconf 90' lang='lat' dir='ltr'><strong>aqua</strong></span> <span class='ocrx_word' id='word_1_225' title='bbox 3721 1687 3812 1742; x_wconf 80' lang='lat' dir='ltr'><strong>qua:</strong></span> 
     </span>
    </p>
   </div>
   <div class='ocr_carea' id='block_1_17' title="bbox 529 1760 3812 1837">
    <p class='ocr_par' dir='ltr' id='par_1_17' title="bbox 529 1760 3812 1837">
     <span class='ocr_line' id='line_1_17' title="bbox 529 1760 3812 1837; baseline -0.001 -14"><span class='ocrx_word' id='word_1_226' title='bbox 529 1775 586 1824; x_wconf 91' lang='lat' dir='ltr'><strong>et</strong></span> <span class='ocrx_word' id='word_1_227' title='bbox 604 1767 842 1822; x_wconf 71' lang='lat' dir='ltr'><strong>cmlestis</strong></span> <span class='ocrx_word' id='word_1_228' title='bbox 887 1768 1037 1837; x_wconf 87' lang='lat' dir='ltr'><strong>regni</strong></span> <span class='ocrx_word' id='word_1_229' title='bbox 1072 1765 1536 1835; x_wconf 78' lang='lat' dir='ltr'><strong>exspectationem</strong></span> <span class='ocrx_word' id='word_1_230' title='bbox 1569 1773 1818 1819; x_wconf 89' lang='lat' dir='ltr'><strong>cantatus</strong></span> <span class='ocrx_word' id='word_1_231' title='bbox 1874 1771 1981 1818; x_wconf 84' lang='lat' dir='ltr'><strong>est.</strong></span> <span class='ocrx_word' id='word_1_232' title='bbox 2033 1763 2131 1818; x_wconf 81' lang='lat' dir='ltr'><strong>Se—</strong></span> <span class='ocrx_word' id='word_1_233' title='bbox 2160 1762 2206 1822; x_wconf 91' lang='lat' dir='ltr'><strong>B</strong></span> <span class='ocrx_word' id='word_1_234' title='bbox 2234 1775 2390 1828; x_wconf 78' lang='lat' dir='ltr'><strong>super</strong></span> <span class='ocrx_word' id='word_1_235' title='bbox 2413 1760 2567 1814; x_wconf 76' lang='grc' dir='ltr'><strong>εωιοδ</strong></span> <span class='ocrx_word' id='word_1_236' title='bbox 2593 1772 2698 1827; x_wconf 69' lang='grc' dir='ltr'><strong>εει,</strong></span> <span class='ocrx_word' id='word_1_237' title='bbox 2733 1761 2904 1815; x_wconf 78' lang='lat' dir='ltr'><strong>laudet</strong></span> <span class='ocrx_word' id='word_1_238' title='bbox 2924 1778 3107 1816; x_wconf 82' lang='lat' dir='ltr'><strong>nomen</strong></span> <span class='ocrx_word' id='word_1_239' title='bbox 3136 1760 3369 1817; x_wconf 82' lang='lat' dir='ltr'><strong>Domini.</strong></span> <span class='ocrx_word' id='word_1_240' title='bbox 3398 1763 3540 1831; x_wconf 85' lang='lat' dir='ltr'><strong>Quia</strong></span> <span class='ocrx_word' id='word_1_241' title='bbox 3569 1767 3677 1832; x_wconf 87' lang='lat' dir='ltr'><strong>ipse</strong></span> <span class='ocrx_word' id='word_1_242' title='bbox 3696 1781 3812 1818; x_wconf 82' lang='lat' dir='ltr'><strong>utan-</strong></span> 
     </span>
    </p>
   </div>
   <div class='ocr_carea' id='block_1_18' title="bbox 535 1855 2128 1924">
    <p class='ocr_par' dir='ltr' id='par_1_18' title="bbox 535 1855 2128 1924">
     <span class='ocr_line' id='line_1_18' title="bbox 535 1855 2128 1924; baseline -0.004 -10"><span class='ocrx_word' id='word_1_243' title='bbox 535 1865 745 1914; x_wconf 86' lang='lat' dir='ltr'><strong>cundus</strong></span> <span class='ocrx_word' id='word_1_244' title='bbox 775 1859 845 1913; x_wconf 93' lang='lat' dir='ltr'><strong>ob</strong></span> <span class='ocrx_word' id='word_1_245' title='bbox 875 1858 1284 1912; x_wconf 73' lang='lat' dir='ltr'><strong>mdilicationem</strong></span> <span class='ocrx_word' id='word_1_246' title='bbox 1334 1865 1535 1910; x_wconf 66' lang='lat' dir='ltr'><strong>sancta:</strong></span> <span class='ocrx_word' id='word_1_247' title='bbox 1557 1855 1788 1909; x_wconf 78' lang='lat' dir='ltr'><strong>civitatis</strong></span> <span class='ocrx_word' id='word_1_248' title='bbox 1814 1863 1870 1908; x_wconf 89' lang='lat' dir='ltr'><strong>et</strong></span> <span class='ocrx_word' id='word_1_249' title='bbox 1897 1869 2128 1924; x_wconf 84' lang='lat' dir='ltr'><strong>congre-</strong></span> 
     </span>
    </p>
   </div>
   <div class='ocr_carea' id='block_1_19' title="bbox 536 1948 2129 2024">
    <p class='ocr_par' dir='ltr' id='par_1_19' title="bbox 536 1948 2129 2024">
     <span class='ocr_line' id='line_1_19' title="bbox 536 1948 2129 2024; baseline -0.002 -18"><span class='ocrx_word' id='word_1_250' title='bbox 536 1952 808 2024; x_wconf 87' lang='lat' dir='ltr'><strong>gationem</strong></span> <span class='ocrx_word' id='word_1_251' title='bbox 850 1959 1196 2017; x_wconf 89' lang='lat' dir='ltr'><strong>sanctorum,</strong></span> <span class='ocrx_word' id='word_1_252' title='bbox 1248 1951 1337 2021; x_wconf 90' lang='lat' dir='ltr'><strong>qui</strong></span> <span class='ocrx_word' id='word_1_253' title='bbox 1384 1950 1451 2006; x_wconf 88' lang='lat' dir='ltr'><strong>ad</strong></span> <span class='ocrx_word' id='word_1_254' title='bbox 1508 1948 1895 2022; x_wconf 86' lang='lat' dir='ltr'><strong>plenitudinem</strong></span> <span class='ocrx_word' id='word_1_255' title='bbox 1927 1957 2129 2004; x_wconf 76' lang='lat' dir='ltr'><strong>sanctze</strong></span> 
     </span>
    </p>
   </div>
   <div class='ocr_carea' id='block_1_20' title="bbox 535 2035 2127 2117">
    <p class='ocr_par' dir='ltr' id='par_1_20' title="bbox 535 2035 2127 2117">
     <span class='ocr_line' id='line_1_20' title="bbox 535 2035 2127 2117; baseline -0.006 -15"><span class='ocrx_word' id='word_1_256' title='bbox 535 2047 698 2117; x_wconf 82' lang='lat' dir='ltr'><strong>hujus</strong></span> <span class='ocrx_word' id='word_1_257' title='bbox 745 2047 983 2103; x_wconf 86' lang='lat' dir='ltr'><strong>civitatis</strong></span> <span class='ocrx_word' id='word_1_258' title='bbox 1011 2045 1370 2110; x_wconf 91' lang='lat' dir='ltr'><strong>conveniant,</strong></span> <span class='ocrx_word' id='word_1_259' title='bbox 1403 2043 1726 2099; x_wconf 90' lang='lat' dir='ltr'><strong>subsecutus</strong></span> <span class='ocrx_word' id='word_1_260' title='bbox 1759 2051 1861 2097; x_wconf 88' lang='lat' dir='ltr'><strong>est.</strong></span> <span class='ocrx_word' id='word_1_261' title='bbox 1905 2035 2127 2096; x_wconf 82' lang='lat' dir='ltr'><strong>Tertius</strong></span> 
     </span>
    </p>
   </div>
   <div class='ocr_carea' id='block_1_21' title="bbox 531 2131 2127 2210">
    <p class='ocr_par' dir='ltr' id='par_1_21' title="bbox 531 2131 2127 2210">
     <span class='ocr_line' id='line_1_21' title="bbox 531 2131 2127 2210; baseline -0.007 -14"><span class='ocrx_word' id='word_1_262' title='bbox 531 2141 637 2196; x_wconf 90' lang='lat' dir='ltr'><strong>iste</strong></span> <span class='ocrx_word' id='word_1_263' title='bbox 685 2139 798 2210; x_wconf 83' lang='lat' dir='ltr'><strong>jam</strong></span> <span class='ocrx_word' id='word_1_264' title='bbox 848 2139 918 2193; x_wconf 91' lang='lat' dir='ltr'><strong>ob</strong></span> <span class='ocrx_word' id='word_1_265' title='bbox 967 2137 1379 2208; x_wconf 78' lang='lat' dir='ltr'><strong>gratulationem</strong></span> <span class='ocrx_word' id='word_1_266' title='bbox 1451 2133 1798 2190; x_wconf 69' lang='lat' dir='ltr'><strong>cxmdilicataa</strong></span> <span class='ocrx_word' id='word_1_267' title='bbox 1857 2131 2127 2196; x_wconf 87' lang='lat' dir='ltr'><strong>civitatis,</strong></span> 
     </span>
    </p>
   </div>
   <div class='ocr_carea' id='block_1_22' title="bbox 531 2221 2128 2300">
    <p class='ocr_par' dir='ltr' id='par_1_22' title="bbox 531 2221 2128 2300">
     <span class='ocr_line' id='line_1_22' title="bbox 531 2221 2128 2300; baseline -0.008 -12"><span class='ocrx_word' id='word_1_268' title='bbox 531 2240 588 2288; x_wconf 89' lang='lat' dir='ltr'><strong>et</strong></span> <span class='ocrx_word' id='word_1_269' title='bbox 655 2242 854 2287; x_wconf 65' lang='lat' dir='ltr'><strong>aeterna</strong></span> <span class='ocrx_word' id='word_1_270' title='bbox 912 2245 1040 2300; x_wconf 86' lang='lat' dir='ltr'><strong>pace</strong></span> <span class='ocrx_word' id='word_1_271' title='bbox 1113 2227 1382 2292; x_wconf 74' lang='lat' dir='ltr'><strong>fundatze,</strong></span> <span class='ocrx_word' id='word_1_272' title='bbox 1433 2235 1488 2281; x_wconf 92' lang='lat' dir='ltr'><strong>et</strong></span> <span class='ocrx_word' id='word_1_273' title='bbox 1553 2223 1718 2297; x_wconf 67' lang='grc'><strong>644</strong></span> <span class='ocrx_word' id='word_1_274' title='bbox 1779 2232 1902 2294; x_wconf 90' lang='lat' dir='ltr'><strong>post</strong></span> <span class='ocrx_word' id='word_1_275' title='bbox 1945 2221 2128 2277; x_wconf 68' lang='lat' dir='ltr'><strong>saeculi</strong></span> 
     </span>
    </p>
   </div>
   <div class='ocr_carea' id='block_1_23' title="bbox 525 2314 2126 2394">
    <p class='ocr_par' dir='ltr' id='par_1_23' title="bbox 525 2314 2126 2394">
     <span class='ocr_line' id='line_1_23' title="bbox 525 2314 2126 2394; baseline -0.008 -14"><span class='ocrx_word' id='word_1_276' title='bbox 525 2339 689 2381; x_wconf 88' lang='lat' dir='ltr'><strong>urens</strong></span> <span class='ocrx_word' id='word_1_277' title='bbox 717 2338 984 2394; x_wconf 85' lang='lat' dir='ltr'><strong>arensque</strong></span> <span class='ocrx_word' id='word_1_278' title='bbox 1016 2321 1182 2392; x_wconf 80' lang='lat' dir='ltr'><strong>frigus</strong></span> <span class='ocrx_word' id='word_1_279' title='bbox 1217 2319 1436 2375; x_wconf 60' lang='lat' dir='ltr'><strong>caelesti</strong></span> <span class='ocrx_word' id='word_1_280' title='bbox 1469 2318 1657 2389; x_wconf 88' lang='lat' dir='ltr'><strong>spiritu</strong></span> <span class='ocrx_word' id='word_1_281' title='bbox 1690 2323 2003 2385; x_wconf 72' lang='lat' dir='ltr'><strong>temperata:</strong></span> <span class='ocrx_word' id='word_1_282' title='bbox 2025 2355 2039 2379; x_wconf 92' lang='lat'><strong>,</strong></span> <span class='ocrx_word' id='word_1_283' title='bbox 2073 2314 2126 2367; x_wconf 92' lang='lat' dir='ltr'><strong>in</strong></span> 
     </span>
    </p>
   </div>
   <div class='ocr_carea' id='block_1_24' title="bbox 532 2404 2126 2486">
    <p class='ocr_par' dir='ltr' id='par_1_24' title="bbox 532 2404 2126 2486">
     <span class='ocr_line' id='line_1_24' title="bbox 532 2404 2126 2486; baseline -0.008 -16"><span class='ocrx_word' id='word_1_284' title='bbox 532 2415 677 2471; x_wconf 88' lang='lat' dir='ltr'><strong>hunc</strong></span> <span class='ocrx_word' id='word_1_285' title='bbox 701 2414 959 2486; x_wconf 87' lang='lat' dir='ltr'><strong>hymnum</strong></span> <span class='ocrx_word' id='word_1_286' title='bbox 990 2420 1073 2468; x_wconf 85' lang='lat' dir='ltr'><strong>est</strong></span> <span class='ocrx_word' id='word_1_287' title='bbox 1115 2417 1479 2480; x_wconf 88' lang='lat' dir='ltr'><strong>comparatus.</strong></span> <span class='ocrx_word' id='word_1_288' title='bbox 1533 2407 1800 2462; x_wconf 71' lang='lat' dir='ltr'><strong>Doctrinm</strong></span> <span class='ocrx_word' id='word_1_289' title='bbox 1825 2419 1954 2475; x_wconf 84' lang='lat' dir='ltr'><strong>ergo</strong></span> <span class='ocrx_word' id='word_1_290' title='bbox 1985 2404 2126 2458; x_wconf 90' lang='lat' dir='ltr'><strong>idem</strong></span> 
     </span>
    </p>
   </div>
   <div class='ocr_carea' id='block_1_25' title="bbox 527 2499 2124 2576">
    <p class='ocr_par' dir='ltr' id='par_1_25' title="bbox 527 2499 2124 2576">
     <span class='ocr_line' id='line_1_25' title="bbox 527 2499 2124 2576; baseline -0.009 -10"><span class='ocrx_word' id='word_1_291' title='bbox 527 2518 612 2566; x_wconf 88' lang='lat' dir='ltr'><strong>est</strong></span> <span class='ocrx_word' id='word_1_292' title='bbox 638 2507 804 2574; x_wconf 85' lang='lat' dir='ltr'><strong>ordo,</strong></span> <span class='ocrx_word' id='word_1_293' title='bbox 837 2507 924 2576; x_wconf 92' lang='lat' dir='ltr'><strong>qni</strong></span> <span class='ocrx_word' id='word_1_294' title='bbox 952 2521 1157 2562; x_wconf 90' lang='lat' dir='ltr'><strong>rerum.</strong></span> <span class='ocrx_word' id='word_1_295' title='bbox 1188 2505 1354 2568; x_wconf 87' lang='lat' dir='ltr'><strong>Nam,</strong></span> <span class='ocrx_word' id='word_1_296' title='bbox 1404 2501 1700 2558; x_wconf 89' lang='lat' dir='ltr'><strong>secundum</strong></span> <span class='ocrx_word' id='word_1_297' title='bbox 1757 2499 2124 2570; x_wconf 81' lang='lat' dir='ltr'><strong>propheticam</strong></span> 
     </span>
    </p>
   </div>
   <div class='ocr_carea' id='block_1_26' title="bbox 531 2591 2128 2669">
    <p class='ocr_par' dir='ltr' id='par_1_26' title="bbox 531 2591 2128 2669">
     <span class='ocr_line' id='line_1_26' title="bbox 531 2591 2128 2669; baseline -0.007 -14"><span class='ocrx_word' id='word_1_298' title='bbox 531 2608 589 2656; x_wconf 92' lang='lat' dir='ltr'><strong>et</strong></span> <span class='ocrx_word' id='word_1_299' title='bbox 614 2599 966 2669; x_wconf 86' lang='lat' dir='ltr'><strong>apostolicam</strong></span> <span class='ocrx_word' id='word_1_300' title='bbox 992 2596 1469 2666; x_wconf 65' lang='lat' dir='ltr'><strong>praedicationem,</strong></span> <span class='ocrx_word' id='word_1_301' title='bbox 1521 2595 1664 2650; x_wconf 85' lang='lat' dir='ltr'><strong>beati</strong></span> <span class='ocrx_word' id='word_1_302' title='bbox 1699 2594 1852 2648; x_wconf 87' lang='lat' dir='ltr'><strong>istius</strong></span> <span class='ocrx_word' id='word_1_303' title='bbox 1892 2591 2042 2661; x_wconf 85' lang='lat' dir='ltr'><strong>regni</strong></span> <span class='ocrx_word' id='word_1_304' title='bbox 2073 2598 2128 2645; x_wconf 89' lang='lat' dir='ltr'><strong>et</strong></span> 
     </span>
    </p>
   </div>
   <div class='ocr_carea' id='block_1_27' title="bbox 527 2685 2126 2759">
    <p class='ocr_par' dir='ltr' id='par_1_27' title="bbox 527 2685 2126 2759">
     <span class='ocr_line' id='line_1_27' title="bbox 527 2685 2126 2759; baseline -0.006 -13"><span class='ocrx_word' id='word_1_305' title='bbox 527 2691 764 2746; x_wconf 86' lang='lat' dir='ltr'><strong>civitatis</strong></span> <span class='ocrx_word' id='word_1_306' title='bbox 793 2699 1012 2744; x_wconf 71' lang='lat' dir='ltr'><strong>mternze</strong></span> <span class='ocrx_word' id='word_1_307' title='bbox 1039 2691 1092 2743; x_wconf 92' lang='lat' dir='ltr'><strong>in</strong></span> <span class='ocrx_word' id='word_1_308' title='bbox 1125 2689 1208 2743; x_wconf 90' lang='lat' dir='ltr'><strong>his</strong></span> <span class='ocrx_word' id='word_1_309' title='bbox 1241 2688 1373 2743; x_wconf 90' lang='lat' dir='ltr'><strong>ordo</strong></span> <span class='ocrx_word' id='word_1_310' title='bbox 1395 2688 1690 2759; x_wconf 83' lang='lat' dir='ltr'><strong>dispositus</strong></span> <span class='ocrx_word' id='word_1_311' title='bbox 1721 2696 1801 2741; x_wconf 81' lang='lat' dir='ltr'><strong>est</strong></span> <span class='ocrx_word' id='word_1_312' title='bbox 1823 2728 1839 2753; x_wconf 93' lang='lat'><strong>,</strong></span> <span class='ocrx_word' id='word_1_313' title='bbox 1865 2685 1918 2739; x_wconf 89' lang='lat' dir='ltr'><strong>in</strong></span> <span class='ocrx_word' id='word_1_314' title='bbox 1949 2700 2126 2738; x_wconf 83' lang='lat' dir='ltr'><strong>resur-</strong></span> 
     </span>
    </p>
   </div>
   <div class='ocr_carea' id='block_1_28' title="bbox 529 2781 2122 2850">
    <p class='ocr_par' dir='ltr' id='par_1_28' title="bbox 529 2781 2122 2850">
     <span class='ocr_line' id='line_1_28' title="bbox 529 2781 2122 2850; baseline -0.005 -12"><span class='ocrx_word' id='word_1_315' title='bbox 529 2781 791 2838; x_wconf 84' lang='lat' dir='ltr'><strong>rectionis</strong></span> <span class='ocrx_word' id='word_1_316' title='bbox 821 2781 1219 2847; x_wconf 90' lang='lat' dir='ltr'><strong>demutatione,</strong></span> <span class='ocrx_word' id='word_1_317' title='bbox 1253 2781 1304 2834; x_wconf 91' lang='lat' dir='ltr'><strong>in</strong></span> <span class='ocrx_word' id='word_1_318' title='bbox 1334 2781 1754 2850; x_wconf 77' lang='lat' dir='ltr'><strong>congregatione</strong></span> <span class='ocrx_word' id='word_1_319' title='bbox 1780 2786 2086 2832; x_wconf 89' lang='lat' dir='ltr'><strong>sanctorum</strong></span> <span class='ocrx_word' id='word_1_320' title='bbox 2109 2819 2122 2842; x_wconf 91' lang='lat'><strong>,</strong></span> 
     </span>
    </p>
   </div>
   <div class='ocr_carea' id='block_1_29' title="bbox 532 2868 2127 2944">
    <p class='ocr_par' dir='ltr' id='par_1_29' title="bbox 532 2868 2127 2944">
     <span class='ocr_line' id='line_1_29' title="bbox 532 2868 2127 2944; baseline -0.007 -12"><span class='ocrx_word' id='word_1_321' title='bbox 532 2878 588 2932; x_wconf 87' lang='lat' dir='ltr'><strong>in</strong></span> <span class='ocrx_word' id='word_1_322' title='bbox 628 2874 1018 2931; x_wconf 90' lang='lat' dir='ltr'><strong>dominicorum</strong></span> <span class='ocrx_word' id='word_1_323' title='bbox 1074 2873 1268 2928; x_wconf 78' lang='lat' dir='ltr'><strong>civium</strong></span> <span class='ocrx_word' id='word_1_324' title='bbox 1311 2873 1388 2944; x_wconf 79' lang='grc' dir='ltr'><strong>(ιι)</strong></span> <span class='ocrx_word' id='word_1_325' title='bbox 1433 2869 1996 2941; x_wconf 87' lang='lat' dir='ltr'><strong>confreqttcntantium</strong></span> <span class='ocrx_word' id='word_1_326' title='bbox 2041 2868 2127 2922; x_wconf 85' lang='lat' dir='ltr'><strong>itt-</strong></span> 
     </span>
    </p>
   </div>
   <div class='ocr_carea' id='block_1_30' title="bbox 530 2969 734 3024">
    <p class='ocr_par' dir='ltr' id='par_1_30' title="bbox 530 2969 734 3024">
     <span class='ocr_line' id='line_1_30' title="bbox 530 2969 734 3024; baseline 0 0"><span class='ocrx_word' id='word_1_327' title='bbox 530 2969 734 3024; x_wconf 88' lang='lat' dir='ltr'><strong>colatu.</strong></span> 
     </span>
    </p>
   </div>
   <div class='ocr_carea' id='block_1_31' title="bbox 599 3053 2122 3127">
    <p class='ocr_par' dir='ltr' id='par_1_31' title="bbox 599 3053 2122 3127">
     <span class='ocr_line' id='line_1_31' title="bbox 599 3053 2122 3127; baseline -0.005 -13"><span class='ocrx_word' id='word_1_328' title='bbox 599 3060 656 3114; x_wconf 74' lang='lat'><strong>2.</strong></span> <span class='ocrx_word' id='word_1_329' title='bbox 687 3059 1063 3116; x_wconf 87' lang='lat' dir='ltr'><strong>Beatitudinem</strong></span> <span class='ocrx_word' id='word_1_330' title='bbox 1113 3064 1341 3112; x_wconf 88' lang='lat' dir='ltr'><strong>nostram</strong></span> <span class='ocrx_word' id='word_1_331' title='bbox 1389 3055 1474 3127; x_wconf 88' lang='lat' dir='ltr'><strong>qui</strong></span> <span class='ocrx_word' id='word_1_332' title='bbox 1517 3063 1774 3127; x_wconf 72' lang='lat' dir='ltr'><strong>exspectet</strong></span> <span class='ocrx_word' id='word_1_333' title='bbox 1829 3053 1992 3107; x_wconf 87' lang='lat' dir='ltr'><strong>omnis</strong></span> <span class='ocrx_word' id='word_1_334' title='bbox 2042 3069 2122 3107; x_wconf 77' lang='lat' dir='ltr'><strong>res</strong></span> 
     </span>
    </p>
   </div>
   <div class='ocr_carea' id='block_1_32' title="bbox 2233 1851 3809 1928">
    <p class='ocr_par' dir='ltr' id='par_1_32' title="bbox 2233 1851 3809 1928">
     <span class='ocr_line' id='line_1_32' title="bbox 2233 1851 3809 1928; baseline 0.006 -25"><span class='ocrx_word' id='word_1_335' title='bbox 2233 1851 2371 1905; x_wconf 88' lang='lat' dir='ltr'><strong>davit</strong></span> <span class='ocrx_word' id='word_1_336' title='bbox 2389 1893 2403 1916; x_wconf 86' lang='lat'><strong>,</strong></span> <span class='ocrx_word' id='word_1_337' title='bbox 2430 1862 2475 1906; x_wconf 90' lang='lat' dir='ltr'><strong>et</strong></span> <span class='ocrx_word' id='word_1_338' title='bbox 2496 1863 2666 1906; x_wconf 90' lang='lat' dir='ltr'><strong>creata</strong></span> <span class='ocrx_word' id='word_1_339' title='bbox 2691 1863 2850 1918; x_wconf 88' lang='lat' dir='ltr'><strong>sunt;</strong></span> <span class='ocrx_word' id='word_1_340' title='bbox 2893 1856 3001 1923; x_wconf 80' lang='lat' dir='ltr'><strong>ipse</strong></span> <span class='ocrx_word' id='word_1_341' title='bbox 3039 1855 3201 1919; x_wconf 77' lang='lat' dir='ltr'><strong>dixit,</strong></span> <span class='ocrx_word' id='word_1_342' title='bbox 3235 1865 3282 1910; x_wconf 89' lang='lat' dir='ltr'><strong>et</strong></span> <span class='ocrx_word' id='word_1_343' title='bbox 3309 1859 3452 1928; x_wconf 77' lang='lat' dir='ltr'><strong>facta</strong></span> <span class='ocrx_word' id='word_1_344' title='bbox 3483 1868 3640 1923; x_wconf 85' lang='lat' dir='ltr'><strong>sunt;</strong></span> <span class='ocrx_word' id='word_1_345' title='bbox 3663 1867 3708 1912; x_wconf 83' lang='lat' dir='ltr'><strong>et</strong></span> <span class='ocrx_word' id='word_1_346' title='bbox 3727 1867 3809 1912; x_wconf 86' lang='lat' dir='ltr'><strong>sta-</strong></span> 
     </span>
    </p>
   </div>
   <div class='ocr_carea' id='block_1_33' title="bbox 2233 1945 3808 2020">
    <p class='ocr_par' dir='ltr' id='par_1_33' title="bbox 2233 1945 3808 2020">
     <span class='ocr_line' id='line_1_33' title="bbox 2233 1945 3808 2020; baseline 0.004 -24"><span class='ocrx_word' id='word_1_347' title='bbox 2233 1945 2327 1997; x_wconf 89' lang='lat' dir='ltr'><strong>tuit</strong></span> <span class='ocrx_word' id='word_1_348' title='bbox 2351 1961 2409 1997; x_wconf 84' lang='lat' dir='ltr'><strong>ea</strong></span> <span class='ocrx_word' id='word_1_349' title='bbox 2450 1945 2504 1998; x_wconf 89' lang='lat' dir='ltr'><strong>in</strong></span> <span class='ocrx_word' id='word_1_350' title='bbox 2544 1947 2788 2000; x_wconf 75' lang='lat' dir='ltr'><strong>swculum</strong></span> <span class='ocrx_word' id='word_1_351' title='bbox 2818 1957 2864 2000; x_wconf 89' lang='lat' dir='ltr'><strong>et</strong></span> <span class='ocrx_word' id='word_1_352' title='bbox 2908 1948 2960 2000; x_wconf 89' lang='lat' dir='ltr'><strong>in</strong></span> <span class='ocrx_word' id='word_1_353' title='bbox 3006 1947 3252 2002; x_wconf 62' lang='lat' dir='ltr'><strong>sarculum</strong></span> <span class='ocrx_word' id='word_1_354' title='bbox 3279 1949 3460 2004; x_wconf 66' lang='lat' dir='ltr'><strong>seaculi</strong></span> <span class='ocrx_word' id='word_1_355' title='bbox 3483 1967 3502 2003; x_wconf 92' lang='lat'><strong><em>:</em></strong></span> <span class='ocrx_word' id='word_1_356' title='bbox 3534 1960 3808 2020; x_wconf 74' lang='lat' dir='ltr'><strong>prwcepttau</strong></span> 
     </span>
    </p>
   </div>
   <div class='ocr_carea' id='block_1_34' title="bbox 2242 2036 3810 2110">
    <p class='ocr_par' dir='ltr' id='par_1_34' title="bbox 2242 2036 3810 2110">
     <span class='ocr_line' id='line_1_34' title="bbox 2242 2036 3810 2110; baseline 0.004 -22"><span class='ocrx_word' id='word_1_357' title='bbox 2242 2036 2442 2105; x_wconf 89' lang='lat' dir='ltr'><strong>posuit,</strong></span> <span class='ocrx_word' id='word_1_358' title='bbox 2468 2047 2513 2090; x_wconf 91' lang='lat' dir='ltr'><strong>et</strong></span> <span class='ocrx_word' id='word_1_359' title='bbox 2539 2038 2962 2108; x_wconf 72' lang='lat' dir='ltr'><strong>nonpratteribit.</strong></span> <span class='ocrx_word' id='word_1_360' title='bbox 3007 2039 3268 2095; x_wconf 79' lang='lat' dir='ltr'><strong>Absolttto</strong></span> <span class='ocrx_word' id='word_1_361' title='bbox 3294 2041 3520 2110; x_wconf 89' lang='lat' dir='ltr'><strong>quidem</strong></span> <span class='ocrx_word' id='word_1_362' title='bbox 3577 2042 3642 2096; x_wconf 86' lang='lat' dir='ltr'><strong>ad</strong></span> <span class='ocrx_word' id='word_1_363' title='bbox 3687 2041 3810 2096; x_wconf 85' lang='lat' dir='ltr'><strong>intel-</strong></span> 
     </span>
    </p>
   </div>
   <div class='ocr_carea' id='block_1_35' title="bbox 2233 2126 3800 2200">
    <p class='ocr_par' dir='ltr' id='par_1_35' title="bbox 2233 2126 3800 2200">
     <span class='ocr_line' id='line_1_35' title="bbox 2233 2126 3800 2200; baseline 0.003 -20"><span class='ocrx_word' id='word_1_364' title='bbox 2233 2126 2504 2197; x_wconf 80' lang='lat' dir='ltr'><strong>ligentiam</strong></span> <span class='ocrx_word' id='word_1_365' title='bbox 2535 2143 2806 2196; x_wconf 86' lang='lat' dir='ltr'><strong>sermone,</strong></span> <span class='ocrx_word' id='word_1_366' title='bbox 2835 2132 3092 2200; x_wconf 87' lang='lat' dir='ltr'><strong>propheta</strong></span> <span class='ocrx_word' id='word_1_367' title='bbox 3116 2147 3305 2187; x_wconf 90' lang='lat' dir='ltr'><strong>omnes</strong></span> <span class='ocrx_word' id='word_1_368' title='bbox 3327 2135 3587 2190; x_wconf 72' lang='lat' dir='ltr'><strong>caelestes</strong></span> <span class='ocrx_word' id='word_1_369' title='bbox 3609 2134 3800 2189; x_wconf 81' lang='lat' dir='ltr'><strong>virtutes</strong></span> 
     </span>
    </p>
   </div>
   <div class='ocr_carea' id='block_1_36' title="bbox 2232 2219 3798 2295">
    <p class='ocr_par' dir='ltr' id='par_1_36' title="bbox 2232 2219 3798 2295">
     <span class='ocr_line' id='line_1_36' title="bbox 2232 2219 3798 2295; baseline 0.004 -23"><span class='ocrx_word' id='word_1_370' title='bbox 2232 2219 2551 2276; x_wconf 85' lang='lat' dir='ltr'><strong>adhortatur</strong></span> <span class='ocrx_word' id='word_1_371' title='bbox 2577 2223 2644 2276; x_wconf 89' lang='lat' dir='ltr'><strong>ad</strong></span> <span class='ocrx_word' id='word_1_372' title='bbox 2671 2221 2905 2287; x_wconf 89' lang='lat' dir='ltr'><strong>laudem,</strong></span> <span class='ocrx_word' id='word_1_373' title='bbox 2933 2223 3028 2279; x_wconf 90' lang='lat' dir='ltr'><strong>sed</strong></span> <span class='ocrx_word' id='word_1_374' title='bbox 3052 2240 3156 2279; x_wconf 92' lang='lat' dir='ltr'><strong>non</strong></span> <span class='ocrx_word' id='word_1_375' title='bbox 3195 2226 3313 2280; x_wconf 88' lang='lat' dir='ltr'><strong>sine</strong></span> <span class='ocrx_word' id='word_1_376' title='bbox 3347 2227 3592 2295; x_wconf 86' lang='lat' dir='ltr'><strong>perfecta</strong></span> <span class='ocrx_word' id='word_1_377' title='bbox 3621 2227 3798 2282; x_wconf 83' lang='lat' dir='ltr'><strong>ratione</strong></span> 
     </span>
    </p>
   </div>
   <div class='ocr_carea' id='block_1_37' title="bbox 2229 2310 3796 2386">
    <p class='ocr_par' dir='ltr' id='par_1_37' title="bbox 2229 2310 3796 2386">
     <span class='ocr_line' id='line_1_37' title="bbox 2229 2310 3796 2386; baseline 0.003 -20"><span class='ocrx_word' id='word_1_378' title='bbox 2229 2310 2508 2366; x_wconf 72' lang='lat' dir='ltr'><strong>doctrinm.</strong></span> <span class='ocrx_word' id='word_1_379' title='bbox 2537 2312 2772 2368; x_wconf 89' lang='lat' dir='ltr'><strong>Primum</strong></span> <span class='ocrx_word' id='word_1_380' title='bbox 2800 2316 2940 2369; x_wconf 88' lang='lat' dir='ltr'><strong>enim</strong></span> <span class='ocrx_word' id='word_1_381' title='bbox 2964 2331 3201 2371; x_wconf 90' lang='lat' dir='ltr'><strong>errorem</strong></span> <span class='ocrx_word' id='word_1_382' title='bbox 3229 2316 3369 2372; x_wconf 89' lang='lat' dir='ltr'><strong>hunc</strong></span> <span class='ocrx_word' id='word_1_383' title='bbox 3397 2318 3651 2372; x_wconf 80' lang='lat' dir='ltr'><strong>humana:</strong></span> <span class='ocrx_word' id='word_1_384' title='bbox 3676 2318 3796 2386; x_wconf 85' lang='lat' dir='ltr'><strong>igno-</strong></span> 
     </span>
    </p>
   </div>
   <div class='ocr_carea' id='block_1_38' title="bbox 2230 2405 3798 2478">
    <p class='ocr_par' dir='ltr' id='par_1_38' title="bbox 2230 2405 3798 2478">
     <span class='ocr_line' id='line_1_38' title="bbox 2230 2405 3798 2478; baseline 0.002 -20"><span class='ocrx_word' id='word_1_385' title='bbox 2230 2405 2455 2459; x_wconf 89' lang='lat' dir='ltr'><strong>rationis</strong></span> <span class='ocrx_word' id='word_1_386' title='bbox 2476 2407 2691 2473; x_wconf 80' lang='lat' dir='ltr'><strong>avertit,</strong></span> <span class='ocrx_word' id='word_1_387' title='bbox 2718 2422 2824 2478; x_wconf 93' lang='lat' dir='ltr'><strong>quo</strong></span> <span class='ocrx_word' id='word_1_388' title='bbox 2846 2407 3080 2463; x_wconf 81' lang='lat' dir='ltr'><strong>fortuitis</strong></span> <span class='ocrx_word' id='word_1_389' title='bbox 3106 2409 3464 2465; x_wconf 86' lang='lat' dir='ltr'><strong>concursibus</strong></span> <span class='ocrx_word' id='word_1_390' title='bbox 3486 2409 3628 2465; x_wconf 91' lang='lat' dir='ltr'><strong>hunc</strong></span> <span class='ocrx_word' id='word_1_391' title='bbox 3648 2407 3798 2463; x_wconf 88' lang='lat' dir='ltr'><strong>mundi</strong></span> 
     </span>
    </p>
   </div>
   <div class='ocr_carea' id='block_1_39' title="bbox 2232 2496 3798 2570">
    <p class='ocr_par' dir='ltr' id='par_1_39' title="bbox 2232 2496 3798 2570">
     <span class='ocr_line' id='line_1_39' title="bbox 2232 2496 3798 2570; baseline 0.002 -20"><span class='ocrx_word' id='word_1_392' title='bbox 2232 2496 2468 2551; x_wconf 84' lang='lat' dir='ltr'><strong>habitum</strong></span> <span class='ocrx_word' id='word_1_393' title='bbox 2501 2498 2553 2552; x_wconf 91' lang='lat' dir='ltr'><strong>in</strong></span> <span class='ocrx_word' id='word_1_394' title='bbox 2593 2514 2654 2554; x_wconf 86' lang='lat' dir='ltr'><strong>se</strong></span> <span class='ocrx_word' id='word_1_395' title='bbox 2682 2500 2887 2564; x_wconf 89' lang='lat' dir='ltr'><strong>coisse,</strong></span> <span class='ocrx_word' id='word_1_396' title='bbox 2927 2509 3088 2570; x_wconf 88' lang='lat' dir='ltr'><strong>atque</strong></span> <span class='ocrx_word' id='word_1_397' title='bbox 3113 2502 3183 2556; x_wconf 87' lang='lat' dir='ltr'><strong>ita</strong></span> <span class='ocrx_word' id='word_1_398' title='bbox 3226 2517 3292 2558; x_wconf 91' lang='lat' dir='ltr'><strong>ex</strong></span> <span class='ocrx_word' id='word_1_399' title='bbox 3336 2502 3725 2558; x_wconf 87' lang='lat' dir='ltr'><strong>inordinatione</strong></span> <span class='ocrx_word' id='word_1_400' title='bbox 3758 2501 3798 2554; x_wconf 89' lang='lat' dir='ltr'><strong>in</strong></span> 
     </span>
    </p>
   </div>
   <div class='ocr_carea' id='block_1_40' title="bbox 2230 2589 3798 2664">
    <p class='ocr_par' dir='ltr' id='par_1_40' title="bbox 2230 2589 3798 2664">
     <span class='ocr_line' id='line_1_40' title="bbox 2230 2589 3798 2664; baseline 0.001 -20"><span class='ocrx_word' id='word_1_401' title='bbox 2230 2589 2418 2644; x_wconf 88' lang='lat' dir='ltr'><strong>ordine</strong></span> <span class='ocrx_word' id='word_1_402' title='bbox 2465 2591 2804 2657; x_wconf 85' lang='lat' dir='ltr'><strong>constitisse,</strong></span> <span class='ocrx_word' id='word_1_403' title='bbox 2834 2592 3052 2661; x_wconf 84' lang='lat' dir='ltr'><strong>quidam</strong></span> <span class='ocrx_word' id='word_1_404' title='bbox 3101 2593 3214 2648; x_wconf 88' lang='lat' dir='ltr'><strong>ausi</strong></span> <span class='ocrx_word' id='word_1_405' title='bbox 3245 2602 3370 2648; x_wconf 89' lang='lat' dir='ltr'><strong>sunt</strong></span> <span class='ocrx_word' id='word_1_406' title='bbox 3420 2595 3667 2664; x_wconf 89' lang='lat' dir='ltr'><strong>opinari:</strong></span> <span class='ocrx_word' id='word_1_407' title='bbox 3712 2601 3798 2646; x_wconf 88' lang='lat' dir='ltr'><strong>tum</strong></span> 
     </span>
    </p>
   </div>
   <div class='ocr_carea' id='block_1_41' title="bbox 2229 2683 3795 2757">
    <p class='ocr_par' dir='ltr' id='par_1_41' title="bbox 2229 2683 3795 2757">
     <span class='ocr_line' id='line_1_41' title="bbox 2229 2683 3795 2757; baseline 0.001 -21"><span class='ocrx_word' id='word_1_408' title='bbox 2229 2683 2372 2752; x_wconf 88' lang='lat' dir='ltr'><strong>quod</strong></span> <span class='ocrx_word' id='word_1_409' title='bbox 2419 2683 2508 2738; x_wconf 88' lang='lat' dir='ltr'><strong>alii</strong></span> <span class='ocrx_word' id='word_1_410' title='bbox 2550 2683 2692 2740; x_wconf 88' lang='lat' dir='ltr'><strong>hunc</strong></span> <span class='ocrx_word' id='word_1_411' title='bbox 2737 2685 2911 2755; x_wconf 88' lang='lat' dir='ltr'><strong>ipsum</strong></span> <span class='ocrx_word' id='word_1_412' title='bbox 2955 2687 3212 2741; x_wconf 90' lang='lat' dir='ltr'><strong>mundum</strong></span> <span class='ocrx_word' id='word_1_413' title='bbox 3263 2687 3435 2742; x_wconf 88' lang='lat' dir='ltr'><strong>Deum</strong></span> <span class='ocrx_word' id='word_1_414' title='bbox 3479 2685 3795 2757; x_wconf 82' lang='lat' dir='ltr'><strong>esse,quise</strong></span> 
     </span>
    </p>
   </div>
   <div class='ocr_carea' id='block_1_42' title="bbox 2229 2775 3794 2850">
    <p class='ocr_par' dir='ltr' id='par_1_42' title="bbox 2229 2775 3794 2850">
     <span class='ocr_line' id='line_1_42' title="bbox 2229 2775 3794 2850; baseline 0.001 -24"><span class='ocrx_word' id='word_1_415' title='bbox 2229 2775 2386 2843; x_wconf 74' lang='lat' dir='ltr'><strong>agitet</strong></span> <span class='ocrx_word' id='word_1_416' title='bbox 2419 2790 2482 2828; x_wconf 91' lang='lat' dir='ltr'><strong>ac</strong></span> <span class='ocrx_word' id='word_1_417' title='bbox 2523 2785 2770 2841; x_wconf 83' lang='lat' dir='ltr'><strong>moveat,</strong></span> <span class='ocrx_word' id='word_1_418' title='bbox 2829 2785 2880 2830; x_wconf 90' lang='lat' dir='ltr'><strong>et</strong></span> <span class='ocrx_word' id='word_1_419' title='bbox 2923 2775 3087 2850; x_wconf 66' lang='grc'><strong>645</strong></span> <span class='ocrx_word' id='word_1_420' title='bbox 3138 2776 3189 2831; x_wconf 92' lang='lat' dir='ltr'><strong>in</strong></span> <span class='ocrx_word' id='word_1_421' title='bbox 3222 2793 3464 2833; x_wconf 89' lang='lat' dir='ltr'><strong>annnam</strong></span> <span class='ocrx_word' id='word_1_422' title='bbox 3517 2777 3794 2848; x_wconf 82' lang='lat' dir='ltr'><strong>temperiem</strong></span> 
     </span>
    </p>
   </div>
   <div class='ocr_carea' id='block_1_43' title="bbox 2227 2868 3795 2941">
    <p class='ocr_par' dir='ltr' id='par_1_43' title="bbox 2227 2868 3795 2941">
     <span class='ocr_line' id='line_1_43' title="bbox 2227 2868 3795 2941; baseline 0.001 -19"><span class='ocrx_word' id='word_1_423' title='bbox 2227 2881 2386 2922; x_wconf 87' lang='lat' dir='ltr'><strong>cursu</strong></span> <span class='ocrx_word' id='word_1_424' title='bbox 2413 2868 2672 2923; x_wconf 75' lang='lat' dir='ltr'><strong>dimensa:</strong></span> <span class='ocrx_word' id='word_1_425' title='bbox 2702 2870 2928 2924; x_wconf 88' lang='lat' dir='ltr'><strong>rationis</strong></span> <span class='ocrx_word' id='word_1_426' title='bbox 2951 2871 3291 2936; x_wconf 89' lang='lat' dir='ltr'><strong>moderetur,</strong></span> <span class='ocrx_word' id='word_1_427' title='bbox 3321 2872 3669 2929; x_wconf 85' lang='lat' dir='ltr'><strong>existiment:</strong></span> <span class='ocrx_word' id='word_1_428' title='bbox 3697 2885 3795 2941; x_wconf 84' lang='lat' dir='ltr'><strong>pos-</strong></span> 
     </span>
    </p>
   </div>
   <div class='ocr_carea' id='block_1_44' title="bbox 2235 2961 3792 3034">
    <p class='ocr_par' dir='ltr' id='par_1_44' title="bbox 2235 2961 3792 3034">
     <span class='ocr_line' id='line_1_44' title="bbox 2235 2961 3792 3034; baseline 0.003 -22"><span class='ocrx_word' id='word_1_429' title='bbox 2235 2968 2407 3014; x_wconf 87' lang='lat' dir='ltr'><strong>tremo</strong></span> <span class='ocrx_word' id='word_1_430' title='bbox 2454 2966 2596 3030; x_wconf 87' lang='lat' dir='ltr'><strong>quod</strong></span> <span class='ocrx_word' id='word_1_431' title='bbox 2647 2961 2893 3032; x_wconf 70' lang='lat' dir='ltr'><strong>qumdam</strong></span> <span class='ocrx_word' id='word_1_432' title='bbox 2925 2963 3028 3017; x_wconf 89' lang='lat' dir='ltr'><strong>sibi</strong></span> <span class='ocrx_word' id='word_1_433' title='bbox 3072 2979 3137 3019; x_wconf 86' lang='lat' dir='ltr'><strong>ex</strong></span> <span class='ocrx_word' id='word_1_434' title='bbox 3167 2963 3252 3018; x_wconf 91' lang='lat' dir='ltr'><strong>his</strong></span> <span class='ocrx_word' id='word_1_435' title='bbox 3283 2965 3412 3034; x_wconf 91' lang='lat' dir='ltr'><strong>ipsis</strong></span> <span class='ocrx_word' id='word_1_436' title='bbox 3469 2965 3792 3033; x_wconf 86' lang='lat' dir='ltr'><strong>unusquisque</strong></span> 
     </span>
    </p>
   </div>
   <div class='ocr_carea' id='block_1_45' title="bbox 2230 3055 3786 3128">
    <p class='ocr_par' dir='ltr' id='par_1_45' title="bbox 2230 3055 3786 3128">
     <span class='ocr_line' id='line_1_45' title="bbox 2230 3055 3786 3128; baseline 0.002 -20"><span class='ocrx_word' id='word_1_437' title='bbox 2230 3055 2358 3126; x_wconf 83' lang='lat' dir='ltr'><strong>legit</strong></span> <span class='ocrx_word' id='word_1_438' title='bbox 2387 3056 2702 3121; x_wconf 88' lang='lat' dir='ltr'><strong>elementis,</strong></span> <span class='ocrx_word' id='word_1_439' title='bbox 2736 3067 2827 3128; x_wconf 75' lang='lat' dir='ltr'><strong>aut</strong></span> <span class='ocrx_word' id='word_1_440' title='bbox 2847 3059 3040 3114; x_wconf 62' lang='lat' dir='ltr'><strong>caelum</strong></span> <span class='ocrx_word' id='word_1_441' title='bbox 3061 3098 3075 3124; x_wconf 95' lang='lat'><strong>,</strong></span> <span class='ocrx_word' id='word_1_442' title='bbox 3108 3067 3200 3112; x_wconf 91' lang='lat' dir='ltr'><strong>aut</strong></span> <span class='ocrx_word' id='word_1_443' title='bbox 3229 3059 3397 3115; x_wconf 89' lang='lat' dir='ltr'><strong>solem</strong></span> <span class='ocrx_word' id='word_1_444' title='bbox 3421 3102 3439 3126; x_wconf 94' lang='lat'><strong>,</strong></span> <span class='ocrx_word' id='word_1_445' title='bbox 3471 3069 3566 3114; x_wconf 81' lang='lat' dir='ltr'><strong>aut</strong></span> <span class='ocrx_word' id='word_1_446' title='bbox 3589 3071 3754 3128; x_wconf 84' lang='lat' dir='ltr'><strong>aquam</strong></span> <span class='ocrx_word' id='word_1_447' title='bbox 3773 3095 3786 3120; x_wconf 86' lang='lat'><strong>,</strong></span> 
     </span>
    </p>
   </div>
   <div class='ocr_carea' id='block_1_46' title="bbox 529 3145 3786 3224">
    <p class='ocr_par' dir='ltr' id='par_1_46' title="bbox 529 3145 3786 3224">
     <span class='ocr_line' id='line_1_46' title="bbox 529 3145 3786 3224; baseline -0.002 -17"><span class='ocrx_word' id='word_1_448' title='bbox 529 3163 720 3207; x_wconf 88' lang='lat' dir='ltr'><strong>creata.</strong></span> <span class='ocrx_word' id='word_1_449' title='bbox 745 3181 817 3194; x_wconf 68' lang='grc' dir='ltr'><strong>ν-</strong></span> <span class='ocrx_word' id='word_1_450' title='bbox 844 3151 972 3206; x_wconf 86' lang='lat' dir='ltr'><strong>Post</strong></span> <span class='ocrx_word' id='word_1_451' title='bbox 1001 3166 1154 3222; x_wconf 69' lang='lat' dir='ltr'><strong>quat,</strong></span> <span class='ocrx_word' id='word_1_452' title='bbox 1179 3150 1288 3219; x_wconf 83' lang='lat' dir='ltr'><strong>jam</strong></span> <span class='ocrx_word' id='word_1_453' title='bbox 1313 3149 1367 3204; x_wconf 89' lang='lat' dir='ltr'><strong>in</strong></span> <span class='ocrx_word' id='word_1_454' title='bbox 1404 3158 1602 3203; x_wconf 62' lang='lat' dir='ltr'><strong>arterna</strong></span> <span class='ocrx_word' id='word_1_455' title='bbox 1641 3145 1972 3202; x_wconf 86' lang='lat' dir='ltr'><strong>beatitudine</strong></span> <span class='ocrx_word' id='word_1_456' title='bbox 2001 3161 2116 3198; x_wconf 88' lang='lat' dir='ltr'><strong>om-</strong></span> <span class='ocrx_word' id='word_1_457' title='bbox 2150 3151 2195 3217; x_wconf 73' lang='grc' dir='ltr'><strong>ρ</strong></span> <span class='ocrx_word' id='word_1_458' title='bbox 2225 3155 2317 3200; x_wconf 88' lang='lat' dir='ltr'><strong>aut</strong></span> <span class='ocrx_word' id='word_1_459' title='bbox 2342 3162 2498 3208; x_wconf 89' lang='lat' dir='ltr'><strong>aera.</strong></span> <span class='ocrx_word' id='word_1_460' title='bbox 2528 3148 2722 3216; x_wconf 85' lang='lat' dir='ltr'><strong>quibus</strong></span> <span class='ocrx_word' id='word_1_461' title='bbox 2749 3148 2843 3204; x_wconf 88' lang='lat' dir='ltr'><strong>Dei</strong></span> <span class='ocrx_word' id='word_1_462' title='bbox 2872 3148 3132 3205; x_wconf 88' lang='lat' dir='ltr'><strong>honorem</strong></span> <span class='ocrx_word' id='word_1_463' title='bbox 3165 3149 3312 3205; x_wconf 88' lang='lat' dir='ltr'><strong>inani</strong></span> <span class='ocrx_word' id='word_1_464' title='bbox 3354 3161 3524 3224; x_wconf 86' lang='lat' dir='ltr'><strong>atque</strong></span> <span class='ocrx_word' id='word_1_465' title='bbox 3552 3150 3698 3221; x_wconf 86' lang='lat' dir='ltr'><strong>impia</strong></span> <span class='ocrx_word' id='word_1_466' title='bbox 3719 3163 3786 3202; x_wconf 85' lang='lat' dir='ltr'><strong>re-</strong></span> 
     </span>
    </p>
   </div>
   <div class='ocr_carea' id='block_1_47' title="bbox 529 3237 2118 3308">
    <p class='ocr_par' dir='ltr' id='par_1_47' title="bbox 529 3237 2118 3308">
     <span class='ocr_line' id='line_1_47' title="bbox 529 3237 2118 3308; baseline -0.005 -9"><span class='ocrx_word' id='word_1_467' title='bbox 529 3245 686 3301; x_wconf 89' lang='lat' dir='ltr'><strong>nibus</strong></span> <span class='ocrx_word' id='word_1_468' title='bbox 706 3243 1044 3308; x_wconf 86' lang='lat' dir='ltr'><strong>constitutis,</strong></span> <span class='ocrx_word' id='word_1_469' title='bbox 1078 3241 1144 3297; x_wconf 91' lang='lat' dir='ltr'><strong>ad</strong></span> <span class='ocrx_word' id='word_1_470' title='bbox 1173 3241 1445 3296; x_wconf 88' lang='lat' dir='ltr'><strong>canendas</strong></span> <span class='ocrx_word' id='word_1_471' title='bbox 1497 3239 1590 3295; x_wconf 91' lang='lat' dir='ltr'><strong>Dei</strong></span> <span class='ocrx_word' id='word_1_472' title='bbox 1622 3240 1809 3294; x_wconf 87' lang='lat' dir='ltr'><strong>laudes</strong></span> <span class='ocrx_word' id='word_1_473' title='bbox 1859 3237 1961 3293; x_wconf 91' lang='lat' dir='ltr'><strong>hoc</strong></span> <span class='ocrx_word' id='word_1_474' title='bbox 1985 3252 2118 3292; x_wconf 89' lang='lat' dir='ltr'><strong>con-</strong></span> 
     </span>
    </p>
   </div>
   <div class='ocr_carea' id='block_1_48' title="bbox 525 3331 2116 3406">
    <p class='ocr_par' dir='ltr' id='par_1_48' title="bbox 525 3331 2116 3406">
     <span class='ocr_line' id='line_1_48' title="bbox 525 3331 2116 3406; baseline -0.006 -14"><span class='ocrx_word' id='word_1_475' title='bbox 525 3335 773 3406; x_wconf 88' lang='lat' dir='ltr'><strong>sequenti</strong></span> <span class='ocrx_word' id='word_1_476' title='bbox 806 3335 1010 3405; x_wconf 87' lang='lat' dir='ltr'><strong>psalmo</strong></span> <span class='ocrx_word' id='word_1_477' title='bbox 1037 3332 1238 3388; x_wconf 87' lang='lat' dir='ltr'><strong>chorus</strong></span> <span class='ocrx_word' id='word_1_478' title='bbox 1259 3333 1562 3389; x_wconf 60' lang='lat' dir='ltr'><strong>caelestium</strong></span> <span class='ocrx_word' id='word_1_479' title='bbox 1594 3331 1853 3386; x_wconf 88' lang='lat' dir='ltr'><strong>virtutum</strong></span> <span class='ocrx_word' id='word_1_480' title='bbox 1880 3337 2116 3399; x_wconf 85' lang='lat' dir='ltr'><strong>potesta-</strong></span> 
     </span>
    </p>
   </div>
   <div class='ocr_carea' id='block_1_49' title="bbox 526 3423 2119 3500">
    <p class='ocr_par' dir='ltr' id='par_1_49' title="bbox 526 3423 2119 3500">
     <span class='ocr_line' id='line_1_49' title="bbox 526 3423 2119 3500; baseline -0.004 -16"><span class='ocrx_word' id='word_1_481' title='bbox 526 3440 750 3500; x_wconf 87' lang='lat' dir='ltr'><strong>tumqne</strong></span> <span class='ocrx_word' id='word_1_482' title='bbox 778 3429 1144 3484; x_wconf 89' lang='lat' dir='ltr'><strong>contrahitur:</strong></span> <span class='ocrx_word' id='word_1_483' title='bbox 1168 3437 1225 3482; x_wconf 89' lang='lat' dir='ltr'><strong>ut</strong></span> <span class='ocrx_word' id='word_1_484' title='bbox 1265 3428 1334 3481; x_wconf 92' lang='lat' dir='ltr'><strong>ob</strong></span> <span class='ocrx_word' id='word_1_485' title='bbox 1363 3426 1642 3496; x_wconf 79' lang='lat' dir='ltr'><strong>depulsam</strong></span> <span class='ocrx_word' id='word_1_486' title='bbox 1691 3423 1875 3479; x_wconf 77' lang='lat' dir='ltr'><strong>steculi</strong></span> <span class='ocrx_word' id='word_1_487' title='bbox 1910 3423 2119 3477; x_wconf 84' lang='lat' dir='ltr'><strong>vanita-</strong></span> 
     </span>
    </p>
   </div>
   <div class='ocr_carea' id='block_1_50' title="bbox 529 3518 2115 3590">
    <p class='ocr_par' dir='ltr' id='par_1_50' title="bbox 529 3518 2115 3590">
     <span class='ocr_line' id='line_1_50' title="bbox 529 3518 2115 3590; baseline -0.005 -12"><span class='ocrx_word' id='word_1_488' title='bbox 529 3533 636 3578; x_wconf 89' lang='lat' dir='ltr'><strong>tem</strong></span> <span class='ocrx_word' id='word_1_489' title='bbox 668 3530 912 3577; x_wconf 85' lang='lat' dir='ltr'><strong>creatura</strong></span> <span class='ocrx_word' id='word_1_490' title='bbox 955 3521 1131 3576; x_wconf 91' lang='lat' dir='ltr'><strong>omnis</strong></span> <span class='ocrx_word' id='word_1_491' title='bbox 1187 3536 1255 3574; x_wconf 84' lang='lat' dir='ltr'><strong>ex</strong></span> <span class='ocrx_word' id='word_1_492' title='bbox 1287 3520 1496 3590; x_wconf 87' lang='lat' dir='ltr'><strong>magnis</strong></span> <span class='ocrx_word' id='word_1_493' title='bbox 1547 3518 1845 3573; x_wconf 76' lang='lat' dir='ltr'><strong>officiorum</strong></span> <span class='ocrx_word' id='word_1_494' title='bbox 1895 3530 2115 3571; x_wconf 91' lang='lat' dir='ltr'><strong>suorum</strong></span> 
     </span>
    </p>
   </div>
   <div class='ocr_carea' id='block_1_51' title="bbox 525 3609 2115 3680">
    <p class='ocr_par' dir='ltr' id='par_1_51' title="bbox 525 3609 2115 3680">
     <span class='ocr_line' id='line_1_51' title="bbox 525 3609 2115 3680; baseline -0.004 -12"><span class='ocrx_word' id='word_1_495' title='bbox 525 3615 798 3668; x_wconf 88' lang='lat' dir='ltr'><strong>laboribus</strong></span> <span class='ocrx_word' id='word_1_496' title='bbox 818 3613 1066 3668; x_wconf 88' lang='lat' dir='ltr'><strong>absoluta</strong></span> <span class='ocrx_word' id='word_1_497' title='bbox 1087 3654 1100 3678; x_wconf 90' lang='lat'><strong>,</strong></span> <span class='ocrx_word' id='word_1_498' title='bbox 1126 3621 1182 3668; x_wconf 89' lang='lat' dir='ltr'><strong>et</strong></span> <span class='ocrx_word' id='word_1_499' title='bbox 1211 3616 1265 3666; x_wconf 82' lang='lat' dir='ltr'><strong>in</strong></span> <span class='ocrx_word' id='word_1_500' title='bbox 1292 3612 1449 3666; x_wconf 85' lang='lat' dir='ltr'><strong>beato</strong></span> <span class='ocrx_word' id='word_1_501' title='bbox 1478 3625 1643 3680; x_wconf 83' lang='lat' dir='ltr'><strong>regno</strong></span> <span class='ocrx_word' id='word_1_502' title='bbox 1672 3610 1990 3664; x_wconf 63' lang='lat' dir='ltr'><strong>aeternitatis</strong></span> <span class='ocrx_word' id='word_1_503' title='bbox 2014 3609 2115 3663; x_wconf 82' lang='lat' dir='ltr'><strong>ali-</strong></span> 
     </span>
    </p>
   </div>
   <div class='ocr_carea' id='block_1_52' title="bbox 523 3703 2117 3775">
    <p class='ocr_par' dir='ltr' id='par_1_52' title="bbox 523 3703 2117 3775">
     <span class='ocr_line' id='line_1_52' title="bbox 523 3703 2117 3775; baseline -0.002 -16"><span class='ocrx_word' id='word_1_504' title='bbox 523 3704 739 3775; x_wconf 91' lang='lat' dir='ltr'><strong>quando</strong></span> <span class='ocrx_word' id='word_1_505' title='bbox 782 3705 1084 3775; x_wconf 87' lang='lat' dir='ltr'><strong>respirans,</strong></span> <span class='ocrx_word' id='word_1_506' title='bbox 1130 3705 1296 3758; x_wconf 88' lang='lat' dir='ltr'><strong>Deum</strong></span> <span class='ocrx_word' id='word_1_507' title='bbox 1343 3719 1496 3758; x_wconf 91' lang='lat' dir='ltr'><strong>suum</strong></span> <span class='ocrx_word' id='word_1_508' title='bbox 1542 3711 1598 3756; x_wconf 85' lang='lat' dir='ltr'><strong>et</strong></span> <span class='ocrx_word' id='word_1_509' title='bbox 1632 3703 1750 3757; x_wconf 71' lang='lat' dir='ltr'><strong>lmta</strong></span> <span class='ocrx_word' id='word_1_510' title='bbox 1789 3704 2041 3773; x_wconf 83' lang='lat' dir='ltr'><strong>praedicet</strong></span> <span class='ocrx_word' id='word_1_511' title='bbox 2061 3711 2117 3758; x_wconf 89' lang='lat' dir='ltr'><strong>et</strong></span> 
     </span>
    </p>
   </div>
   <div class='ocr_carea' id='block_1_53' title="bbox 529 3793 2111 3865">
    <p class='ocr_par' dir='ltr' id='par_1_53' title="bbox 529 3793 2111 3865">
     <span class='ocr_line' id='line_1_53' title="bbox 529 3793 2111 3865; baseline -0.002 -16"><span class='ocrx_word' id='word_1_512' title='bbox 529 3796 744 3865; x_wconf 88' lang='lat' dir='ltr'><strong>quieta,</strong></span> <span class='ocrx_word' id='word_1_513' title='bbox 777 3803 833 3849; x_wconf 90' lang='lat' dir='ltr'><strong>et</strong></span> <span class='ocrx_word' id='word_1_514' title='bbox 892 3797 1003 3862; x_wconf 84' lang='lat' dir='ltr'><strong>ipsa</strong></span> <span class='ocrx_word' id='word_1_515' title='bbox 1057 3794 1352 3849; x_wconf 84' lang='lat' dir='ltr'><strong>secundum</strong></span> <span class='ocrx_word' id='word_1_516' title='bbox 1412 3793 1730 3861; x_wconf 82' lang='lat' dir='ltr'><strong>Apostolunt</strong></span> <span class='ocrx_word' id='word_1_517' title='bbox 1790 3794 1841 3846; x_wconf 90' lang='lat' dir='ltr'><strong>in</strong></span> <span class='ocrx_word' id='word_1_518' title='bbox 1887 3793 2111 3862; x_wconf 86' lang='lat' dir='ltr'><strong>gloriam</strong></span> 
     </span>
    </p>
   </div>
   <div class='ocr_carea' id='block_1_54' title="bbox 523 3881 2112 3950">
    <p class='ocr_par' dir='ltr' id='par_1_54' title="bbox 523 3881 2112 3950">
     <span class='ocr_line' id='line_1_54' title="bbox 523 3881 2112 3950; baseline -0.002 -9"><span class='ocrx_word' id='word_1_519' title='bbox 523 3885 698 3941; x_wconf 79' lang='lat' dir='ltr'><strong>beatae</strong></span> <span class='ocrx_word' id='word_1_520' title='bbox 742 3883 1054 3939; x_wconf 74' lang='lat' dir='ltr'><strong>mternitatis</strong></span> <span class='ocrx_word' id='word_1_521' title='bbox 1099 3893 1372 3950; x_wconf 86' lang='lat' dir='ltr'><strong>assumpta</strong></span> <span class='ocrx_word' id='word_1_522' title='bbox 1399 3924 1413 3949; x_wconf 94' lang='lat'><strong>,</strong></span> <span class='ocrx_word' id='word_1_523' title='bbox 1441 3897 1564 3936; x_wconf 89' lang='lat' dir='ltr'><strong>cum</strong></span> <span class='ocrx_word' id='word_1_524' title='bbox 1603 3882 1678 3936; x_wconf 85' lang='lat' dir='ltr'><strong>ait</strong></span> <span class='ocrx_word' id='word_1_525' title='bbox 1729 3900 1742 3935; x_wconf 90' lang='lat'><strong>:</strong></span> <span class='ocrx_word' id='word_1_526' title='bbox 1775 3881 1979 3936; x_wconf 85' lang='lat' dir='ltr'><strong>Etenim</strong></span> <span class='ocrx_word' id='word_1_527' title='bbox 2023 3900 2112 3938; x_wconf 80' lang='lat' dir='ltr'><strong>ea:-</strong></span> 
     </span>
    </p>
   </div>
   <div class='ocr_carea' id='block_1_55' title="bbox 522 3974 2114 4047">
    <p class='ocr_par' dir='ltr' id='par_1_55' title="bbox 522 3974 2114 4047">
     <span class='ocr_line' id='line_1_55' title="bbox 522 3974 2114 4047; baseline -0.001 -15"><span class='ocrx_word' id='word_1_528' title='bbox 522 3979 769 4047; x_wconf 88' lang='lat' dir='ltr'><strong>spectatio</strong></span> <span class='ocrx_word' id='word_1_529' title='bbox 793 3977 957 4042; x_wconf 87' lang='lat' dir='ltr'><strong>ipsius</strong></span> <span class='ocrx_word' id='word_1_530' title='bbox 996 3985 1243 4030; x_wconf 77' lang='lat' dir='ltr'><strong>creatura:</strong></span> <span class='ocrx_word' id='word_1_531' title='bbox 1265 3975 1618 4029; x_wconf 78' lang='lat' dir='ltr'><strong>reuelationem</strong></span> <span class='ocrx_word' id='word_1_532' title='bbox 1647 3975 1870 4043; x_wconf 83' lang='lat' dir='ltr'><strong>ﬁliorum</strong></span> <span class='ocrx_word' id='word_1_533' title='bbox 1895 3974 1994 4029; x_wconf 87' lang='lat' dir='ltr'><strong>Dei</strong></span> <span class='ocrx_word' id='word_1_534' title='bbox 2023 3992 2114 4030; x_wconf 76' lang='lat' dir='ltr'><strong>ea:-</strong></span> 
     </span>
    </p>
   </div>
   <div class='ocr_carea' id='block_1_56' title="bbox 521 4068 2106 4142">
    <p class='ocr_par' dir='ltr' id='par_1_56' title="bbox 521 4068 2106 4142">
     <span class='ocr_line' id='line_1_56' title="bbox 521 4068 2106 4142; baseline -0.001 -16"><span class='ocrx_word' id='word_1_535' title='bbox 521 4069 978 4142; x_wconf 85' lang='lat' dir='ltr'><strong>spectat.Vanitati</strong></span> <span class='ocrx_word' id='word_1_536' title='bbox 998 4070 1130 4124; x_wconf 87' lang='lat' dir='ltr'><strong>enim</strong></span> <span class='ocrx_word' id='word_1_537' title='bbox 1157 4079 1390 4123; x_wconf 88' lang='lat' dir='ltr'><strong>creatura</strong></span> <span class='ocrx_word' id='word_1_538' title='bbox 1414 4068 1642 4134; x_wconf 85' lang='lat' dir='ltr'><strong>subiecta</strong></span> <span class='ocrx_word' id='word_1_539' title='bbox 1662 4078 1762 4137; x_wconf 88' lang='lat' dir='ltr'><strong>est,</strong></span> <span class='ocrx_word' id='word_1_540' title='bbox 1796 4085 1895 4124; x_wconf 86' lang='lat' dir='ltr'><strong>non</strong></span> <span class='ocrx_word' id='word_1_541' title='bbox 1916 4069 2106 4136; x_wconf 88' lang='lat' dir='ltr'><strong>volens,</strong></span> 
     </span>
    </p>
   </div>
   <div class='ocr_carea' id='block_1_57' title="bbox 522 4162 2111 4236">
    <p class='ocr_par' dir='ltr' id='par_1_57' title="bbox 522 4162 2111 4236">
     <span class='ocr_line' id='line_1_57' title="bbox 522 4162 2111 4236; baseline -0.002 -17"><span class='ocrx_word' id='word_1_542' title='bbox 522 4166 612 4219; x_wconf 85' lang='lat' dir='ltr'><strong>sed</strong></span> <span class='ocrx_word' id='word_1_543' title='bbox 634 4173 839 4236; x_wconf 86' lang='lat' dir='ltr'><strong>praptcr</strong></span> <span class='ocrx_word' id='word_1_544' title='bbox 853 4181 968 4218; x_wconf 86' lang='lat' dir='ltr'><strong>eunt</strong></span> <span class='ocrx_word' id='word_1_545' title='bbox 986 4163 1059 4233; x_wconf 92' lang='lat' dir='ltr'><strong>(b)</strong></span> <span class='ocrx_word' id='word_1_546' title='bbox 1076 4163 1164 4229; x_wconf 87' lang='lat' dir='ltr'><strong>qui</strong></span> <span class='ocrx_word' id='word_1_547' title='bbox 1187 4162 1397 4236; x_wconf 84' lang='lat' dir='ltr'><strong>subjecit</strong></span> <span class='ocrx_word' id='word_1_548' title='bbox 1410 4163 1461 4215; x_wconf 91' lang='lat' dir='ltr'><strong>in</strong></span> <span class='ocrx_word' id='word_1_549' title='bbox 1483 4178 1602 4234; x_wconf 86' lang='lat' dir='ltr'><strong>spe:</strong></span> <span class='ocrx_word' id='word_1_550' title='bbox 1627 4163 1747 4233; x_wconf 88' lang='lat' dir='ltr'><strong>quia</strong></span> <span class='ocrx_word' id='word_1_551' title='bbox 1763 4171 1808 4215; x_wconf 77' lang='lat' dir='ltr'><strong>et</strong></span> <span class='ocrx_word' id='word_1_552' title='bbox 1837 4163 1948 4232; x_wconf 88' lang='lat' dir='ltr'><strong>ipsa</strong></span> <span class='ocrx_word' id='word_1_553' title='bbox 1969 4179 2111 4216; x_wconf 89' lang='lat' dir='ltr'><strong>crea-</strong></span> 
     </span>
    </p>
   </div>
   <div class='ocr_carea' id='block_1_58' title="bbox 521 4253 2111 4324">
    <p class='ocr_par' dir='ltr' id='par_1_58' title="bbox 521 4253 2111 4324">
     <span class='ocr_line' id='line_1_58' title="bbox 521 4253 2111 4324; baseline -0.001 -17"><span class='ocrx_word' id='word_1_554' title='bbox 521 4263 638 4308; x_wconf 87' lang='lat' dir='ltr'><strong>tura</strong></span> <span class='ocrx_word' id='word_1_555' title='bbox 669 4255 962 4310; x_wconf 82' lang='lat' dir='ltr'><strong>liberabitur</strong></span> <span class='ocrx_word' id='word_1_556' title='bbox 996 4271 1028 4307; x_wconf 91' lang='lat' dir='ltr'><strong>a</strong></span> <span class='ocrx_word' id='word_1_557' title='bbox 1056 4255 1291 4308; x_wconf 86' lang='lat' dir='ltr'><strong>servitute</strong></span> <span class='ocrx_word' id='word_1_558' title='bbox 1320 4255 1656 4324; x_wconf 85' lang='lat' dir='ltr'><strong>corruptionis</strong></span> <span class='ocrx_word' id='word_1_559' title='bbox 1675 4295 1690 4320; x_wconf 94' lang='lat'><strong>,</strong></span> <span class='ocrx_word' id='word_1_560' title='bbox 1743 4253 1797 4306; x_wconf 91' lang='lat' dir='ltr'><strong>in</strong></span> <span class='ocrx_word' id='word_1_561' title='bbox 1826 4253 2111 4309; x_wconf 87' lang='lat' dir='ltr'><strong>libertatem</strong></span> 
     </span>
    </p>
   </div>
   <div class='ocr_carea' id='block_1_59' title="bbox 2225 3237 3782 3314">
    <p class='ocr_par' dir='ltr' id='par_1_59' title="bbox 2225 3237 3782 3314">
     <span class='ocr_line' id='line_1_59' title="bbox 2225 3237 3782 3314; baseline 0 -23"><span class='ocrx_word' id='word_1_562' title='bbox 2225 3237 2420 3307; x_wconf 82' lang='lat' dir='ltr'><strong>ligione</strong></span> <span class='ocrx_word' id='word_1_563' title='bbox 2447 3237 2702 3294; x_wconf 86' lang='lat' dir='ltr'><strong>deferret.</strong></span> <span class='ocrx_word' id='word_1_564' title='bbox 2733 3239 2958 3294; x_wconf 87' lang='lat' dir='ltr'><strong>Omnem</strong></span> <span class='ocrx_word' id='word_1_565' title='bbox 3005 3241 3166 3312; x_wconf 89' lang='lat' dir='ltr'><strong>igitur</strong></span> <span class='ocrx_word' id='word_1_566' title='bbox 3189 3257 3430 3298; x_wconf 88' lang='lat' dir='ltr'><strong>errorem</strong></span> <span class='ocrx_word' id='word_1_567' title='bbox 3476 3238 3782 3314; x_wconf 83' lang='lat' dir='ltr'><strong>ignorationis</strong></span> 
     </span>
    </p>
   </div>
   <div class='ocr_carea' id='block_1_60' title="bbox 2224 3331 3783 3407">
    <p class='ocr_par' dir='ltr' id='par_1_60' title="bbox 2224 3331 3783 3407">
     <span class='ocr_line' id='line_1_60' title="bbox 2224 3331 3783 3407; baseline -0.001 -21"><span class='ocrx_word' id='word_1_568' title='bbox 2224 3331 2454 3386; x_wconf 88' lang='lat' dir='ltr'><strong>exclusit</strong></span> <span class='ocrx_word' id='word_1_569' title='bbox 2477 3373 2492 3396; x_wconf 92' lang='lat'><strong>,</strong></span> <span class='ocrx_word' id='word_1_570' title='bbox 2520 3331 2708 3387; x_wconf 90' lang='lat' dir='ltr'><strong>dicens</strong></span> <span class='ocrx_word' id='word_1_571' title='bbox 2733 3374 2749 3400; x_wconf 91' lang='lat'><strong>,</strong></span> <span class='ocrx_word' id='word_1_572' title='bbox 2787 3333 3040 3398; x_wconf 83' lang='lat' dir='ltr'><strong>Quoniam</strong></span> <span class='ocrx_word' id='word_1_573' title='bbox 3084 3334 3193 3404; x_wconf 86' lang='lat' dir='ltr'><strong>ipse</strong></span> <span class='ocrx_word' id='word_1_574' title='bbox 3222 3334 3355 3390; x_wconf 66' lang='lat' dir='ltr'><strong>dixit</strong></span> <span class='ocrx_word' id='word_1_575' title='bbox 3375 3379 3390 3402; x_wconf 93' lang='lat'><strong>,</strong></span> <span class='ocrx_word' id='word_1_576' title='bbox 3424 3347 3477 3390; x_wconf 86' lang='lat' dir='ltr'><strong>et</strong></span> <span class='ocrx_word' id='word_1_577' title='bbox 3504 3338 3635 3407; x_wconf 81' lang='lat' dir='ltr'><strong>facta</strong></span> <span class='ocrx_word' id='word_1_578' title='bbox 3659 3337 3783 3392; x_wconf 83' lang='lat' dir='ltr'><strong>sunt;</strong></span> 
     </span>
    </p>
   </div>
   <div class='ocr_carea' id='block_1_61' title="bbox 2220 3421 3781 3498">
    <p class='ocr_par' dir='ltr' id='par_1_61' title="bbox 2220 3421 3781 3498">
     <span class='ocr_line' id='line_1_61' title="bbox 2220 3421 3781 3498; baseline -0.002 -21"><span class='ocrx_word' id='word_1_579' title='bbox 2220 3425 2330 3491; x_wconf 88' lang='lat' dir='ltr'><strong>ipse</strong></span> <span class='ocrx_word' id='word_1_580' title='bbox 2361 3425 2602 3493; x_wconf 71' lang='lat' dir='ltr'><strong>prazcepit</strong></span> <span class='ocrx_word' id='word_1_581' title='bbox 2622 3465 2636 3486; x_wconf 90' lang='lat'><strong>,</strong></span> <span class='ocrx_word' id='word_1_582' title='bbox 2669 3434 2715 3478; x_wconf 90' lang='lat' dir='ltr'><strong>et</strong></span> <span class='ocrx_word' id='word_1_583' title='bbox 2740 3434 2908 3479; x_wconf 86' lang='lat' dir='ltr'><strong>creata</strong></span> <span class='ocrx_word' id='word_1_584' title='bbox 2937 3435 3073 3480; x_wconf 88' lang='lat' dir='ltr'><strong>sunt.</strong></span> <span class='ocrx_word' id='word_1_585' title='bbox 3103 3425 3293 3480; x_wconf 87' lang='lat' dir='ltr'><strong>Nullus</strong></span> <span class='ocrx_word' id='word_1_586' title='bbox 3327 3427 3597 3498; x_wconf 84' lang='lat' dir='ltr'><strong>igiturhic</strong></span> <span class='ocrx_word' id='word_1_587' title='bbox 3624 3421 3781 3480; x_wconf 82' lang='lat' dir='ltr'><strong>fortui-</strong></span> 
     </span>
    </p>
   </div>
   <div class='ocr_carea' id='block_1_62' title="bbox 2223 3517 3778 3589">
    <p class='ocr_par' dir='ltr' id='par_1_62' title="bbox 2223 3517 3778 3589">
     <span class='ocr_line' id='line_1_62' title="bbox 2223 3517 3778 3589; baseline -0.002 -19"><span class='ocrx_word' id='word_1_588' title='bbox 2223 3524 2399 3570; x_wconf 91' lang='lat' dir='ltr'><strong>torum</strong></span> <span class='ocrx_word' id='word_1_589' title='bbox 2465 3531 2792 3583; x_wconf 88' lang='lat' dir='ltr'><strong>concursus,</strong></span> <span class='ocrx_word' id='word_1_590' title='bbox 2882 3517 3024 3571; x_wconf 89' lang='lat' dir='ltr'><strong>nulla</strong></span> <span class='ocrx_word' id='word_1_591' title='bbox 3087 3526 3290 3572; x_wconf 86' lang='lat' dir='ltr'><strong>naturae</strong></span> <span class='ocrx_word' id='word_1_592' title='bbox 3336 3521 3569 3589; x_wconf 81' lang='lat' dir='ltr'><strong>propria:</strong></span> <span class='ocrx_word' id='word_1_593' title='bbox 3614 3518 3778 3576; x_wconf 89' lang='lat' dir='ltr'><strong>virtus,</strong></span> 
     </span>
    </p>
   </div>
   <div class='ocr_carea' id='block_1_63' title="bbox 2227 3611 3775 3680">
    <p class='ocr_par' dir='ltr' id='par_1_63' title="bbox 2227 3611 3775 3680">
     <span class='ocr_line' id='line_1_63' title="bbox 2227 3611 3775 3680; baseline 0 -17"><span class='ocrx_word' id='word_1_594' title='bbox 2227 3611 2370 3664; x_wconf 89' lang='lat' dir='ltr'><strong>nulla</strong></span> <span class='ocrx_word' id='word_1_595' title='bbox 2415 3612 2732 3666; x_wconf 67' lang='lat' dir='ltr'><strong>aeternitatis</strong></span> <span class='ocrx_word' id='word_1_596' title='bbox 2760 3625 2827 3666; x_wconf 90' lang='lat' dir='ltr'><strong>ex</strong></span> <span class='ocrx_word' id='word_1_597' title='bbox 2868 3620 3041 3667; x_wconf 90' lang='lat' dir='ltr'><strong>semet</strong></span> <span class='ocrx_word' id='word_1_598' title='bbox 3086 3612 3420 3680; x_wconf 87' lang='lat' dir='ltr'><strong>substantia,</strong></span> <span class='ocrx_word' id='word_1_599' title='bbox 3456 3616 3509 3670; x_wconf 89' lang='lat' dir='ltr'><strong>in</strong></span> <span class='ocrx_word' id='word_1_600' title='bbox 3554 3612 3633 3668; x_wconf 89' lang='lat' dir='ltr'><strong>his</strong></span> <span class='ocrx_word' id='word_1_601' title='bbox 3678 3621 3775 3680; x_wconf 71' lang='lat' dir='ltr'><strong>qua:</strong></span> 
     </span>
    </p>
   </div>
   <div class='ocr_carea' id='block_1_64' title="bbox 2223 3705 3102 3772">
    <p class='ocr_par' dir='ltr' id='par_1_64' title="bbox 2223 3705 3102 3772">
     <span class='ocr_line' id='line_1_64' title="bbox 2223 3705 3102 3772; baseline 0 -12"><span class='ocrx_word' id='word_1_602' title='bbox 2223 3715 2400 3760; x_wconf 81' lang='lat' dir='ltr'><strong>creata</strong></span> <span class='ocrx_word' id='word_1_603' title='bbox 2451 3705 2744 3772; x_wconf 85' lang='lat' dir='ltr'><strong>docentur,</strong></span> <span class='ocrx_word' id='word_1_604' title='bbox 2783 3705 3102 3761; x_wconf 88' lang='lat' dir='ltr'><strong>admittitur.</strong></span> 
     </span>
    </p>
   </div>
   <div class='ocr_carea' id='block_1_65' title="bbox 2293 3793 3773 3858">
    <p class='ocr_par' dir='ltr' id='par_1_65' title="bbox 2293 3793 3773 3858">
     <span class='ocr_line' id='line_1_65' title="bbox 2293 3793 3773 3858; baseline -0.001 -6"><span class='ocrx_word' id='word_1_605' title='bbox 2293 3800 2346 3853; x_wconf 75' lang='grc'><strong>4.</strong></span> <span class='ocrx_word' id='word_1_606' title='bbox 2392 3797 2590 3853; x_wconf 82' lang='lat' dir='ltr'><strong>Filium</strong></span> <span class='ocrx_word' id='word_1_607' title='bbox 2619 3797 2768 3854; x_wconf 87' lang='lat' dir='ltr'><strong>Patri</strong></span> <span class='ocrx_word' id='word_1_608' title='bbox 2795 3801 2848 3854; x_wconf 90' lang='lat' dir='ltr'><strong>in</strong></span> <span class='ocrx_word' id='word_1_609' title='bbox 2871 3803 3094 3855; x_wconf 87' lang='lat' dir='ltr'><strong>creando</strong></span> <span class='ocrx_word' id='word_1_610' title='bbox 3124 3801 3315 3855; x_wconf 87' lang='lat' dir='ltr'><strong>mundo</strong></span> <span class='ocrx_word' id='word_1_611' title='bbox 3353 3803 3623 3858; x_wconf 83' lang='lat' dir='ltr'><strong>adstitisse.</strong></span> <span class='ocrx_word' id='word_1_612' title='bbox 3648 3824 3708 3838; x_wconf 88' lang='lat'><strong>--</strong></span> <span class='ocrx_word' id='word_1_613' title='bbox 3727 3793 3773 3848; x_wconf 81' lang='lat' dir='ltr'><strong>1n</strong></span> 
     </span>
    </p>
   </div>
   <div class='ocr_carea' id='block_1_66' title="bbox 2217 3887 3771 3964">
    <p class='ocr_par' dir='ltr' id='par_1_66' title="bbox 2217 3887 3771 3964">
     <span class='ocr_line' id='line_1_66' title="bbox 2217 3887 3771 3964; baseline -0.001 -21"><span class='ocrx_word' id='word_1_614' title='bbox 2217 3905 2326 3960; x_wconf 93' lang='lat' dir='ltr'><strong>quo</strong></span> <span class='ocrx_word' id='word_1_615' title='bbox 2368 3889 2513 3945; x_wconf 86' lang='lat' dir='ltr'><strong>dicto</strong></span> <span class='ocrx_word' id='word_1_616' title='bbox 2555 3894 2717 3946; x_wconf 91' lang='lat' dir='ltr'><strong>etiam</strong></span> <span class='ocrx_word' id='word_1_617' title='bbox 2759 3892 2811 3946; x_wconf 82' lang='lat' dir='ltr'><strong>id</strong></span> <span class='ocrx_word' id='word_1_618' title='bbox 2851 3893 3099 3960; x_wconf 88' lang='lat' dir='ltr'><strong>docetur,</strong></span> <span class='ocrx_word' id='word_1_619' title='bbox 3143 3894 3286 3964; x_wconf 86' lang='lat' dir='ltr'><strong>quod</strong></span> <span class='ocrx_word' id='word_1_620' title='bbox 3325 3904 3380 3950; x_wconf 91' lang='lat' dir='ltr'><strong>et</strong></span> <span class='ocrx_word' id='word_1_621' title='bbox 3426 3893 3642 3952; x_wconf 85' lang='lat' dir='ltr'><strong>Genesis</strong></span> <span class='ocrx_word' id='word_1_622' title='bbox 3681 3887 3771 3944; x_wconf 87' lang='lat' dir='ltr'><strong>dis-</strong></span> 
     </span>
    </p>
   </div>
   <div class='ocr_carea' id='block_1_67' title="bbox 2219 3981 3773 4058">
    <p class='ocr_par' dir='ltr' id='par_1_67' title="bbox 2219 3981 3773 4058">
     <span class='ocr_line' id='line_1_67' title="bbox 2219 3981 3773 4058; baseline 0.001 -23"><span class='ocrx_word' id='word_1_623' title='bbox 2219 3982 2414 4046; x_wconf 88' lang='lat' dir='ltr'><strong>tinxit,</strong></span> <span class='ocrx_word' id='word_1_624' title='bbox 2453 3992 2506 4036; x_wconf 90' lang='lat' dir='ltr'><strong>ct</strong></span> <span class='ocrx_word' id='word_1_625' title='bbox 2535 3981 2830 4054; x_wconf 86' lang='lat' dir='ltr'><strong>Evangelia</strong></span> <span class='ocrx_word' id='word_1_626' title='bbox 2859 3993 3051 4040; x_wconf 88' lang='lat' dir='ltr'><strong>testata</strong></span> <span class='ocrx_word' id='word_1_627' title='bbox 3079 3996 3222 4052; x_wconf 88' lang='lat' dir='ltr'><strong>sunt,</strong></span> <span class='ocrx_word' id='word_1_628' title='bbox 3256 3995 3312 4042; x_wconf 89' lang='lat' dir='ltr'><strong>et</strong></span> <span class='ocrx_word' id='word_1_629' title='bbox 3348 3989 3632 4058; x_wconf 83' lang='lat' dir='ltr'><strong>Apostolus</strong></span> <span class='ocrx_word' id='word_1_630' title='bbox 3658 3991 3773 4054; x_wconf 66' lang='lat' dir='ltr'><strong>prt-</strong></span> 
     </span>
    </p>
   </div>
   <div class='ocr_carea' id='block_1_68' title="bbox 2216 4070 3770 4151">
    <p class='ocr_par' dir='ltr' id='par_1_68' title="bbox 2216 4070 3770 4151">
     <span class='ocr_line' id='line_1_68' title="bbox 2216 4070 3770 4151; baseline -0.001 -22"><span class='ocrx_word' id='word_1_631' title='bbox 2216 4073 2435 4141; x_wconf 91' lang='lat' dir='ltr'><strong>dicavit,</strong></span> <span class='ocrx_word' id='word_1_632' title='bbox 2472 4074 2565 4129; x_wconf 90' lang='lat' dir='ltr'><strong>Dei</strong></span> <span class='ocrx_word' id='word_1_633' title='bbox 2587 4075 2739 4141; x_wconf 82' lang='lat' dir='ltr'><strong>jussu</strong></span> <span class='ocrx_word' id='word_1_634' title='bbox 2765 4074 2904 4130; x_wconf 89' lang='lat' dir='ltr'><strong>facta</strong></span> <span class='ocrx_word' id='word_1_635' title='bbox 2929 4093 3049 4133; x_wconf 88' lang='lat' dir='ltr'><strong>esse</strong></span> <span class='ocrx_word' id='word_1_636' title='bbox 3069 4078 3250 4132; x_wconf 90' lang='lat' dir='ltr'><strong>omnia</strong></span> <span class='ocrx_word' id='word_1_637' title='bbox 3276 4097 3288 4131; x_wconf 87' lang='lat'>:</span> <span class='ocrx_word' id='word_1_638' title='bbox 3312 4095 3421 4135; x_wconf 91' lang='lat' dir='ltr'><strong>non</strong></span> <span class='ocrx_word' id='word_1_639' title='bbox 3453 4096 3546 4151; x_wconf 89' lang='lat' dir='ltr'><strong>per</strong></span> <span class='ocrx_word' id='word_1_640' title='bbox 3562 4093 3616 4134; x_wconf 90' lang='lat' dir='ltr'><strong>se</strong></span> <span class='ocrx_word' id='word_1_641' title='bbox 3634 4070 3770 4132; x_wconf 83' lang='lat' dir='ltr'><strong>exsti-</strong></span> 
     </span>
    </p>
   </div>
   <div class='ocr_carea' id='block_1_69' title="bbox 2215 4163 3761 4237">
    <p class='ocr_par' dir='ltr' id='par_1_69' title="bbox 2215 4163 3761 4237">
     <span class='ocr_line' id='line_1_69' title="bbox 2215 4163 3761 4237; baseline 0.003 -17"><span class='ocrx_word' id='word_1_642' title='bbox 2215 4166 2379 4233; x_wconf 86' lang='lat' dir='ltr'><strong>tisse,</strong></span> <span class='ocrx_word' id='word_1_643' title='bbox 2443 4176 2714 4236; x_wconf 83' lang='lat' dir='ltr'><strong>tamquam</strong></span> <span class='ocrx_word' id='word_1_644' title='bbox 2769 4167 2882 4237; x_wconf 85' lang='lat' dir='ltr'><strong>ipsa</strong></span> <span class='ocrx_word' id='word_1_645' title='bbox 2941 4169 3028 4223; x_wconf 91' lang='lat' dir='ltr'><strong>illa</strong></span> <span class='ocrx_word' id='word_1_646' title='bbox 3084 4169 3304 4224; x_wconf 90' lang='lat' dir='ltr'><strong>materia</strong></span> <span class='ocrx_word' id='word_1_647' title='bbox 3357 4170 3666 4228; x_wconf 74' lang='lat' dir='ltr'><strong>obedientize</strong></span> <span class='ocrx_word' id='word_1_648' title='bbox 3701 4163 3761 4232; x_wconf 75' lang='grc' dir='ltr'><strong>(τ)</strong></span> 
     </span>
    </p>
   </div>
   <div class='ocr_carea' id='block_1_70' title="bbox 2211 4259 3762 4334">
    <p class='ocr_par' dir='ltr' id='par_1_70' title="bbox 2211 4259 3762 4334">
     <span class='ocr_line' id='line_1_70' title="bbox 2211 4259 3762 4334; baseline -0.002 -21"><span class='ocrx_word' id='word_1_649' title='bbox 2211 4259 2391 4315; x_wconf 84' lang='lat' dir='ltr'><strong>vitalis</strong></span> <span class='ocrx_word' id='word_1_650' title='bbox 2416 4259 2726 4326; x_wconf 89' lang='lat' dir='ltr'><strong>exsisteret,</strong></span> <span class='ocrx_word' id='word_1_651' title='bbox 2761 4274 2884 4316; x_wconf 92' lang='lat' dir='ltr'><strong>cum</strong></span> <span class='ocrx_word' id='word_1_652' title='bbox 2915 4277 3037 4318; x_wconf 90' lang='lat' dir='ltr'><strong>esse</strong></span> <span class='ocrx_word' id='word_1_653' title='bbox 3066 4277 3128 4316; x_wconf 91' lang='lat' dir='ltr'><strong>ac</strong></span> <span class='ocrx_word' id='word_1_654' title='bbox 3155 4263 3455 4320; x_wconf 87' lang='lat' dir='ltr'><strong>subsistere</strong></span> <span class='ocrx_word' id='word_1_655' title='bbox 3479 4265 3728 4334; x_wconf 84' lang='lat' dir='ltr'><strong>juberetur</strong></span> <span class='ocrx_word' id='word_1_656' title='bbox 3752 4270 3762 4305; x_wconf 93' lang='lat'>:</span> 
     </span>
    </p>
   </div>
   <div class='ocr_carea' id='block_1_71' title="bbox 518 4343 3854 4420">
    <p class='ocr_par' dir='ltr' id='par_1_71' title="bbox 518 4343 3854 4420">
     <span class='ocr_line' id='line_1_71' title="bbox 518 4343 3854 4420; baseline -0.002 -17"><span class='ocrx_word' id='word_1_657' title='bbox 518 4349 770 4403; x_wconf 87' lang='lat' dir='ltr'><strong>claritatis</strong></span> <span class='ocrx_word' id='word_1_658' title='bbox 813 4348 1039 4418; x_wconf 82' lang='lat' dir='ltr'><strong>ﬁliorum</strong></span> <span class='ocrx_word' id='word_1_659' title='bbox 1070 4347 1166 4401; x_wconf 85' lang='lat' dir='ltr'><strong>Dei</strong></span> <span class='ocrx_word' id='word_1_660' title='bbox 1213 4348 1384 4420; x_wconf 76' lang='lat' dir='ltr'><strong>(llam.</strong></span> <span class='ocrx_word' id='word_1_661' title='bbox 1416 4363 1528 4413; x_wconf 88' lang='lat' dir='ltr'><strong>vnt,</strong></span> <span class='ocrx_word' id='word_1_662' title='bbox 1564 4347 1630 4402; x_wconf 72' lang='grc'>19</span> <span class='ocrx_word' id='word_1_663' title='bbox 1655 4357 1708 4402; x_wconf 92' lang='lat' dir='ltr'><strong>et</strong></span> <span class='ocrx_word' id='word_1_664' title='bbox 1745 4343 1929 4417; x_wconf 82' lang='lat' dir='ltr'><strong>seqq.);</strong></span> <span class='ocrx_word' id='word_1_665' title='bbox 1977 4346 2112 4402; x_wconf 90' lang='lat' dir='ltr'><strong>Hinc</strong></span> <span class='ocrx_word' id='word_1_666' title='bbox 2210 4350 2307 4408; x_wconf 87' lang='lat' dir='ltr'><strong>sed</strong></span> <span class='ocrx_word' id='word_1_667' title='bbox 2334 4351 2517 4406; x_wconf 88' lang='lat' dir='ltr'><strong>omnia</strong></span> <span class='ocrx_word' id='word_1_668' title='bbox 2545 4365 2610 4407; x_wconf 89' lang='lat' dir='ltr'><strong>ex</strong></span> <span class='ocrx_word' id='word_1_669' title='bbox 2639 4351 2894 4407; x_wconf 89' lang='lat' dir='ltr'><strong>mandato</strong></span> <span class='ocrx_word' id='word_1_670' title='bbox 2921 4360 3101 4408; x_wconf 88' lang='lat' dir='ltr'><strong>creata</strong></span> <span class='ocrx_word' id='word_1_671' title='bbox 3131 4368 3250 4408; x_wconf 89' lang='lat' dir='ltr'><strong>esse</strong></span> <span class='ocrx_word' id='word_1_672' title='bbox 3272 4395 3285 4416; x_wconf 92' lang='lat'><strong>,</strong></span> <span class='ocrx_word' id='word_1_673' title='bbox 3323 4363 3378 4408; x_wconf 87' lang='lat' dir='ltr'><strong>et</strong></span> <span class='ocrx_word' id='word_1_674' title='bbox 3408 4356 3602 4410; x_wconf 91' lang='lat' dir='ltr'><strong>dictum</strong></span> <span class='ocrx_word' id='word_1_675' title='bbox 3631 4347 3764 4404; x_wconf 83' lang='lat' dir='ltr'><strong>fuisse</strong></span> <span class='ocrx_word' id='word_1_676' title='bbox 3851 4383 3854 4388; x_wconf 57' lang='grc' dir='ltr'><strong>ε</strong></span> 
     </span>
    </p>
   </div>
   <div class='ocr_carea' id='block_1_72' title="bbox 517 4436 2106 4510">
    <p class='ocr_par' dir='ltr' id='par_1_72' title="bbox 517 4436 2106 4510">
     <span class='ocr_line' id='line_1_72' title="bbox 517 4436 2106 4510; baseline -0.001 -17"><span class='ocrx_word' id='word_1_677' title='bbox 517 4454 647 4509; x_wconf 90' lang='lat' dir='ltr'><strong>ergo</strong></span> <span class='ocrx_word' id='word_1_678' title='bbox 669 4439 902 4510; x_wconf 84' lang='lat' dir='ltr'><strong>hymnus</strong></span> <span class='ocrx_word' id='word_1_679' title='bbox 929 4447 1012 4495; x_wconf 91' lang='lat' dir='ltr'><strong>est</strong></span> <span class='ocrx_word' id='word_1_680' title='bbox 1036 4438 1299 4493; x_wconf 80' lang='lat' dir='ltr'><strong>libertatis</strong></span> <span class='ocrx_word' id='word_1_681' title='bbox 1343 4436 1564 4492; x_wconf 78' lang='lat' dir='ltr'><strong>indulta:</strong></span> <span class='ocrx_word' id='word_1_682' title='bbox 1585 4477 1599 4500; x_wconf 87' lang='lat'><strong>,</strong></span> <span class='ocrx_word' id='word_1_683' title='bbox 1633 4437 1774 4508; x_wconf 91' lang='lat' dir='ltr'><strong>quod</strong></span> <span class='ocrx_word' id='word_1_684' title='bbox 1805 4436 2106 4492; x_wconf 82' lang='lat' dir='ltr'><strong>officiorum</strong></span> 
     </span>
    </p>
   </div>
   <div class='ocr_carea' id='block_1_73' title="bbox 2209 4442 3763 4515">
    <p class='ocr_par' dir='ltr' id='par_1_73' title="bbox 2209 4442 3763 4515">
     <span class='ocr_line' id='line_1_73' title="bbox 2209 4442 3763 4515; baseline -0.003 -15"><span class='ocrx_word' id='word_1_685' title='bbox 2209 4445 2279 4499; x_wconf 86' lang='lat' dir='ltr'><strong>ab</strong></span> <span class='ocrx_word' id='word_1_686' title='bbox 2305 4459 2371 4500; x_wconf 90' lang='lat' dir='ltr'><strong>eo</strong></span> <span class='ocrx_word' id='word_1_687' title='bbox 2399 4443 2490 4513; x_wconf 88' lang='lat' dir='ltr'><strong>qui</strong></span> <span class='ocrx_word' id='word_1_688' title='bbox 2513 4443 2722 4498; x_wconf 88' lang='lat' dir='ltr'><strong>dicebat.</strong></span> <span class='ocrx_word' id='word_1_689' title='bbox 2754 4442 2834 4515; x_wconf 89' lang='lat' dir='ltr'><strong>(d)</strong></span> <span class='ocrx_word' id='word_1_690' title='bbox 2869 4453 2923 4498; x_wconf 92' lang='lat' dir='ltr'><strong>ut</strong></span> <span class='ocrx_word' id='word_1_691' title='bbox 2955 4445 3165 4501; x_wconf 84' lang='lat' dir='ltr'><strong>ﬁerent.</strong></span> <span class='ocrx_word' id='word_1_692' title='bbox 3200 4445 3275 4500; x_wconf 91' lang='lat' dir='ltr'><strong>lta</strong></span> <span class='ocrx_word' id='word_1_693' title='bbox 3303 4447 3450 4502; x_wconf 89' lang='lat' dir='ltr'><strong>enim</strong></span> <span class='ocrx_word' id='word_1_694' title='bbox 3474 4442 3676 4503; x_wconf 81' lang='lat' dir='ltr'><strong>Genesis</strong></span> <span class='ocrx_word' id='word_1_695' title='bbox 3696 4442 3763 4492; x_wconf 64' lang='lat' dir='ltr'><strong>est</strong></span> 
     </span>
    </p>
   </div>
   <div class='ocr_carea' id='block_1_74' title="bbox 517 4527 3756 4620">
    <p class='ocr_par' dir='ltr' id='par_1_74' title="bbox 517 4527 3756 4620">
     <span class='ocr_line' id='line_1_74' title="bbox 517 4527 3756 4620; baseline -0.001 -34"><span class='ocrx_word' id='word_1_696' title='bbox 517 4545 737 4586; x_wconf 89' lang='lat' dir='ltr'><strong>suorum</strong></span> <span class='ocrx_word' id='word_1_697' title='bbox 782 4533 1108 4586; x_wconf 84' lang='lat' dir='ltr'><strong>necessitate</strong></span> <span class='ocrx_word' id='word_1_698' title='bbox 1157 4531 1402 4586; x_wconf 89' lang='lat' dir='ltr'><strong>absoluta</strong></span> <span class='ocrx_word' id='word_1_699' title='bbox 1427 4572 1440 4595; x_wconf 86' lang='lat'><strong>,</strong></span> <span class='ocrx_word' id='word_1_700' title='bbox 1491 4538 1546 4585; x_wconf 90' lang='lat' dir='ltr'><strong>et</strong></span> <span class='ocrx_word' id='word_1_701' title='bbox 1574 4539 1730 4585; x_wconf 86' lang='lat' dir='ltr'><strong>antea</strong></span> <span class='ocrx_word' id='word_1_702' title='bbox 1753 4531 1806 4585; x_wconf 90' lang='lat' dir='ltr'><strong>in</strong></span> <span class='ocrx_word' id='word_1_703' title='bbox 1836 4546 1965 4586; x_wconf 88' lang='lat' dir='ltr'><strong>usus</strong></span> <span class='ocrx_word' id='word_1_704' title='bbox 1995 4529 2101 4586; x_wconf 85' lang='lat' dir='ltr'><strong>ltu-</strong></span> <span class='ocrx_word' id='word_1_705' title='bbox 2130 4557 2185 4620; x_wconf 79' lang='lat' dir='ltr'>D</span> <span class='ocrx_word' id='word_1_706' title='bbox 2211 4536 2386 4592; x_wconf 88' lang='lat' dir='ltr'><strong>locuta</strong></span> <span class='ocrx_word' id='word_1_707' title='bbox 2422 4550 2434 4589; x_wconf 76' lang='grc' dir='ltr'>ε</span> <span class='ocrx_word' id='word_1_708' title='bbox 2463 4534 2530 4590; x_wconf 86' lang='lat' dir='ltr'><strong>Et</strong></span> <span class='ocrx_word' id='word_1_709' title='bbox 2557 4535 2686 4589; x_wconf 76' lang='lat' dir='ltr'><strong>dixit</strong></span> <span class='ocrx_word' id='word_1_710' title='bbox 2713 4531 2925 4591; x_wconf 88' lang='lat' dir='ltr'><strong>Deus...</strong></span> <span class='ocrx_word' id='word_1_711' title='bbox 2956 4535 3024 4590; x_wconf 86' lang='lat' dir='ltr'><strong>Et</strong></span> <span class='ocrx_word' id='word_1_712' title='bbox 3042 4537 3159 4606; x_wconf 80' lang='lat' dir='ltr'><strong>fecit</strong></span> <span class='ocrx_word' id='word_1_713' title='bbox 3183 4535 3324 4592; x_wconf 83' lang='lat' dir='ltr'><strong>Deus</strong></span> <span class='ocrx_word' id='word_1_714' title='bbox 3350 4538 3506 4609; x_wconf 75' lang='lat' dir='ltr'><strong>(Gen.</strong></span> <span class='ocrx_word' id='word_1_715' title='bbox 3534 4555 3569 4604; x_wconf 80' lang='grc' dir='ltr'><strong>ι,</strong></span> <span class='ocrx_word' id='word_1_716' title='bbox 3588 4534 3618 4591; x_wconf 87' lang='grc'>6</span> <span class='ocrx_word' id='word_1_717' title='bbox 3642 4540 3681 4586; x_wconf 88' lang='lat' dir='ltr'><strong>et</strong></span> <span class='ocrx_word' id='word_1_718' title='bbox 3695 4527 3756 4598; x_wconf 81' lang='lat'><strong>7).</strong></span> 
     </span>
    </p>
   </div>
   <div class='ocr_carea' id='block_1_75' title="bbox 513 4622 2104 4694">
    <p class='ocr_par' dir='ltr' id='par_1_75' title="bbox 513 4622 2104 4694">
     <span class='ocr_line' id='line_1_75' title="bbox 513 4622 2104 4694; baseline 0.002 -17"><span class='ocrx_word' id='word_1_719' title='bbox 513 4624 659 4678; x_wconf 88' lang='lat' dir='ltr'><strong>mani</strong></span> <span class='ocrx_word' id='word_1_720' title='bbox 685 4625 925 4694; x_wconf 88' lang='lat' dir='ltr'><strong>subjecta</strong></span> <span class='ocrx_word' id='word_1_721' title='bbox 949 4624 1150 4680; x_wconf 88' lang='lat' dir='ltr'><strong>servitii</strong></span> <span class='ocrx_word' id='word_1_722' title='bbox 1174 4665 1188 4690; x_wconf 92' lang='lat'><strong>,</strong></span> <span class='ocrx_word' id='word_1_723' title='bbox 1207 4625 1316 4694; x_wconf 86' lang='lat' dir='ltr'><strong>jam</strong></span> <span class='ocrx_word' id='word_1_724' title='bbox 1349 4622 1682 4678; x_wconf 80' lang='lat' dir='ltr'><strong>conformata</strong></span> <span class='ocrx_word' id='word_1_725' title='bbox 1716 4622 1932 4678; x_wconf 89' lang='lat' dir='ltr'><strong>tandem</strong></span> <span class='ocrx_word' id='word_1_726' title='bbox 1965 4624 2104 4681; x_wconf 85' lang='lat' dir='ltr'><strong>lilio-</strong></span> 
     </span>
    </p>
   </div>
   <div class='ocr_carea' id='block_1_76' title="bbox 511 4713 2103 4788">
    <p class='ocr_par' dir='ltr' id='par_1_76' title="bbox 511 4713 2103 4788">
     <span class='ocr_line' id='line_1_76' title="bbox 511 4713 2103 4788; baseline 0.001 -16"><span class='ocrx_word' id='word_1_727' title='bbox 511 4732 632 4772; x_wconf 87' lang='lat' dir='ltr'><strong>rnm</strong></span> <span class='ocrx_word' id='word_1_728' title='bbox 667 4717 761 4773; x_wconf 91' lang='lat' dir='ltr'><strong>Dei</strong></span> <span class='ocrx_word' id='word_1_729' title='bbox 799 4717 966 4788; x_wconf 88' lang='lat' dir='ltr'><strong>gloria</strong></span> <span class='ocrx_word' id='word_1_730' title='bbox 1018 4716 1069 4770; x_wconf 92' lang='lat' dir='ltr'><strong>in</strong></span> <span class='ocrx_word' id='word_1_731' title='bbox 1101 4725 1358 4770; x_wconf 57' lang='lat' dir='ltr'><strong>aeternam</strong></span> <span class='ocrx_word' id='word_1_732' title='bbox 1412 4713 1827 4783; x_wconf 86' lang='lat' dir='ltr'><strong>beatitudinem,</strong></span> <span class='ocrx_word' id='word_1_733' title='bbox 1869 4718 2103 4774; x_wconf 89' lang='lat' dir='ltr'><strong>creatio-</strong></span> 
     </span>
    </p>
   </div>
   <div class='ocr_carea' id='block_1_77' title="bbox 511 4807 2100 4880">
    <p class='ocr_par' dir='ltr' id='par_1_77' title="bbox 511 4807 2100 4880">
     <span class='ocr_line' id='line_1_77' title="bbox 511 4807 2100 4880; baseline 0.001 -16"><span class='ocrx_word' id='word_1_734' title='bbox 511 4827 639 4865; x_wconf 89' lang='lat' dir='ltr'><strong>nnm</strong></span> <span class='ocrx_word' id='word_1_735' title='bbox 669 4811 933 4866; x_wconf 88' lang='lat' dir='ltr'><strong>elementa</strong></span> <span class='ocrx_word' id='word_1_736' title='bbox 957 4809 1319 4879; x_wconf 87' lang='lat' dir='ltr'><strong>requiescunt.</strong></span> <span class='ocrx_word' id='word_1_737' title='bbox 1345 4807 1512 4877; x_wconf 87' lang='lat' dir='ltr'><strong>Cujus</strong></span> <span class='ocrx_word' id='word_1_738' title='bbox 1554 4807 1900 4864; x_wconf 89' lang='lat' dir='ltr'><strong>beatitudinis</strong></span> <span class='ocrx_word' id='word_1_739' title='bbox 1941 4811 2100 4880; x_wconf 83' lang='lat' dir='ltr'><strong>longo</strong></span> 
     </span>
    </p>
   </div>
   <div class='ocr_carea' id='block_1_78' title="bbox 503 4899 2097 4971">
    <p class='ocr_par' dir='ltr' id='par_1_78' title="bbox 503 4899 2097 4971">
     <span class='ocr_line' id='line_1_78' title="bbox 503 4899 2097 4971; baseline 0.001 -16"><span class='ocrx_word' id='word_1_740' title='bbox 503 4903 614 4971; x_wconf 90' lang='lat' dir='ltr'><strong>jam</strong></span> <span class='ocrx_word' id='word_1_741' title='bbox 643 4903 732 4956; x_wconf 90' lang='lat' dir='ltr'><strong>diu</strong></span> <span class='ocrx_word' id='word_1_742' title='bbox 759 4900 1054 4957; x_wconf 82' lang='lat' dir='ltr'><strong>secundum</strong></span> <span class='ocrx_word' id='word_1_743' title='bbox 1086 4901 1386 4970; x_wconf 90' lang='lat' dir='ltr'><strong>apostolum</strong></span> <span class='ocrx_word' id='word_1_744' title='bbox 1440 4901 1654 4955; x_wconf 85' lang='lat' dir='ltr'><strong>Petrum</strong></span> <span class='ocrx_word' id='word_1_745' title='bbox 1705 4899 1976 4956; x_wconf 87' lang='lat' dir='ltr'><strong>desiderio</strong></span> <span class='ocrx_word' id='word_1_746' title='bbox 2002 4901 2097 4956; x_wconf 81' lang='lat' dir='ltr'><strong>dc-</strong></span> 
     </span>
    </p>
   </div>
   <div class='ocr_carea' id='block_1_79' title="bbox 509 4991 2101 5064">
    <p class='ocr_par' dir='ltr' id='par_1_79' title="bbox 509 4991 2101 5064">
     <span class='ocr_line' id='line_1_79' title="bbox 509 4991 2101 5064; baseline -0.001 -16"><span class='ocrx_word' id='word_1_747' title='bbox 509 4995 846 5058; x_wconf 90' lang='lat' dir='ltr'><strong>tinebantur,</strong></span> <span class='ocrx_word' id='word_1_748' title='bbox 879 5010 1001 5049; x_wconf 90' lang='lat' dir='ltr'><strong>cum</strong></span> <span class='ocrx_word' id='word_1_749' title='bbox 1052 4993 1154 5048; x_wconf 86' lang='lat' dir='ltr'><strong>ait:</strong></span> <span class='ocrx_word' id='word_1_750' title='bbox 1190 4991 1322 5047; x_wconf 63' lang='lat' dir='ltr'><strong>Ilaec</strong></span> <span class='ocrx_word' id='word_1_751' title='bbox 1345 5008 1460 5064; x_wconf 59' lang='lat' dir='ltr'><strong>quat</strong></span> <span class='ocrx_word' id='word_1_752' title='bbox 1488 4993 1639 5048; x_wconf 90' lang='lat' dir='ltr'><strong>modo</strong></span> <span class='ocrx_word' id='word_1_753' title='bbox 1683 4994 1821 5047; x_wconf 79' lang='lat' dir='ltr'><strong>vobis</strong></span> <span class='ocrx_word' id='word_1_754' title='bbox 1867 4994 2101 5047; x_wconf 88' lang='lat' dir='ltr'><strong>nuntiata</strong></span> 
     </span>
    </p>
   </div>
   <div class='ocr_carea' id='block_1_80' title="bbox 503 5083 2098 5156">
    <p class='ocr_par' dir='ltr' id='par_1_80' title="bbox 503 5083 2098 5156">
     <span class='ocr_line' id='line_1_80' title="bbox 503 5083 2098 5156; baseline -0.001 -17"><span class='ocrx_word' id='word_1_755' title='bbox 503 5094 660 5152; x_wconf 86' lang='lat' dir='ltr'><strong>sunt,</strong></span> <span class='ocrx_word' id='word_1_756' title='bbox 685 5101 774 5153; x_wconf 87' lang='lat' dir='ltr'><strong>per</strong></span> <span class='ocrx_word' id='word_1_757' title='bbox 816 5101 900 5139; x_wconf 89' lang='lat' dir='ltr'><strong>eos</strong></span> <span class='ocrx_word' id='word_1_758' title='bbox 929 5085 1015 5155; x_wconf 87' lang='lat' dir='ltr'><strong>qui</strong></span> <span class='ocrx_word' id='word_1_759' title='bbox 1065 5084 1202 5139; x_wconf 88' lang='lat' dir='ltr'><strong>vobis</strong></span> <span class='ocrx_word' id='word_1_760' title='bbox 1247 5083 1451 5154; x_wconf 88' lang='lat' dir='ltr'><strong>Spiritu</strong></span> <span class='ocrx_word' id='word_1_761' title='bbox 1487 5097 1664 5139; x_wconf 88' lang='lat' dir='ltr'><strong>sancto</strong></span> <span class='ocrx_word' id='word_1_762' title='bbox 1721 5085 2098 5156; x_wconf 75' lang='lat' dir='ltr'><strong>euangelizare-</strong></span> 
     </span>
    </p>
   </div>
   <div class='ocr_carea' id='block_1_81' title="bbox 501 5177 2099 5247">
    <p class='ocr_par' dir='ltr' id='par_1_81' title="bbox 501 5177 2099 5247">
     <span class='ocr_line' id='line_1_81' title="bbox 501 5177 2099 5247; baseline -0.001 -15"><span class='ocrx_word' id='word_1_763' title='bbox 501 5186 658 5246; x_wconf 87' lang='lat' dir='ltr'><strong>runt,</strong></span> <span class='ocrx_word' id='word_1_764' title='bbox 689 5177 970 5247; x_wconf 74' lang='lat' dir='ltr'><strong>quazmissa</strong></span> <span class='ocrx_word' id='word_1_765' title='bbox 994 5188 1112 5231; x_wconf 90' lang='lat' dir='ltr'><strong>sunt</strong></span> <span class='ocrx_word' id='word_1_766' title='bbox 1145 5193 1171 5231; x_wconf 91' lang='lat' dir='ltr'><strong>e</strong></span> <span class='ocrx_word' id='word_1_767' title='bbox 1196 5178 1342 5243; x_wconf 78' lang='lat' dir='ltr'><strong>caelo,</strong></span> <span class='ocrx_word' id='word_1_768' title='bbox 1382 5178 1434 5230; x_wconf 91' lang='lat' dir='ltr'><strong>in</strong></span> <span class='ocrx_word' id='word_1_769' title='bbox 1482 5194 1580 5247; x_wconf 87' lang='lat' dir='ltr'><strong>qua</strong></span> <span class='ocrx_word' id='word_1_770' title='bbox 1626 5194 1682 5232; x_wconf 90' lang='lat' dir='ltr'><strong>re</strong></span> <span class='ocrx_word' id='word_1_771' title='bbox 1730 5177 2099 5244; x_wconf 86' lang='lat' dir='ltr'><strong>concupiscunt</strong></span> 
     </span>
    </p>
   </div>
   <div class='ocr_carea' id='block_1_82' title="bbox 496 5337 2092 5409">
    <p class='ocr_par' dir='ltr' id='par_1_82' title="bbox 496 5337 2092 5409">
     <span class='ocr_line' id='line_1_82' title="bbox 496 5337 2092 5409; baseline -0.001 -16"><span class='ocrx_word' id='word_1_772' title='bbox 574 5339 651 5409; x_wconf 82' lang='grc' dir='ltr'><strong>(α)</strong></span> <span class='ocrx_word' id='word_1_773' title='bbox 689 5337 848 5406; x_wconf 91' lang='lat' dir='ltr'><strong>Bad.,</strong></span> <span class='ocrx_word' id='word_1_774' title='bbox 879 5337 970 5394; x_wconf 83' lang='lat' dir='ltr'><strong>Er.</strong></span> <span class='ocrx_word' id='word_1_775' title='bbox 1002 5346 1058 5394; x_wconf 89' lang='lat' dir='ltr'><strong>et</strong></span> <span class='ocrx_word' id='word_1_776' title='bbox 1101 5337 1246 5409; x_wconf 75' lang='lat' dir='ltr'><strong>Lips.</strong></span> <span class='ocrx_word' id='word_1_777' title='bbox 1293 5353 1408 5409; x_wconf 81' lang='lat' dir='ltr'><strong>cum</strong></span> <span class='ocrx_word' id='word_1_778' title='bbox 1434 5337 1865 5409; x_wconf 77' lang='lat' dir='ltr'><strong>frequentatione:</strong></span> <span class='ocrx_word' id='word_1_779' title='bbox 1899 5345 2092 5404; x_wconf 74' lang='lat' dir='ltr'><strong>przelcr</strong></span> 
     </span>
    </p>
   </div>
   <div class='ocr_carea' id='block_1_83' title="bbox 498 5405 2085 5467">
    <p class='ocr_par' dir='ltr' id='par_1_83' title="bbox 498 5405 2085 5467">
     <span class='ocr_line' id='line_1_83' title="bbox 498 5405 2085 5467; baseline -0.001 -3"><span class='ocrx_word' id='word_1_780' title='bbox 498 5405 702 5467; x_wconf 86' lang='lat' dir='ltr'><strong>morem</strong></span> <span class='ocrx_word' id='word_1_781' title='bbox 765 5405 1112 5466; x_wconf 88' lang='lat' dir='ltr'><strong>llilarianum.</strong></span> <span class='ocrx_word' id='word_1_782' title='bbox 1167 5405 1380 5462; x_wconf 77' lang='lat' dir='ltr'><strong>Confer</strong></span> <span class='ocrx_word' id='word_1_783' title='bbox 1425 5405 1706 5461; x_wconf 86' lang='lat' dir='ltr'><strong>numerum</strong></span> <span class='ocrx_word' id='word_1_784' title='bbox 1747 5405 1782 5460; x_wconf 72' lang='grc'>4</span> <span class='ocrx_word' id='word_1_785' title='bbox 1830 5417 2085 5464; x_wconf 88' lang='lat' dir='ltr'><strong>tractatus</strong></span> 
     </span>
    </p>
   </div>
   <div class='ocr_carea' id='block_1_84' title="bbox 497 5496 810 5538">
    <p class='ocr_par' dir='ltr' id='par_1_84' title="bbox 497 5496 810 5538">
     <span class='ocr_line' id='line_1_84' title="bbox 497 5496 810 5538; baseline 0 -2"><span class='ocrx_word' id='word_1_786' title='bbox 497 5496 810 5538; x_wconf 70' lang='lat' dir='ltr'><strong>SUDCI‘IOI‘IS.</strong></span> 
     </span>
    </p>
   </div>
   <div class='ocr_carea' id='block_1_85' title="bbox 565 5498 2080 5624">
    <p class='ocr_par' dir='ltr' id='par_1_85' title="bbox 565 5498 2080 5624">
     <span class='ocr_line' id='line_1_85' title="bbox 565 5498 2080 5624; baseline -0.002 -17"><span class='ocrx_word' id='word_1_787' title='bbox 565 5498 885 5624; x_wconf 43' lang='lat' dir='ltr'><strong>ggnsnilelsms.</strong></span> <span class='ocrx_word' id='word_1_788' title='bbox 910 5552 1061 5622; x_wconf 85' lang='lat' dir='ltr'><strong>juxta</strong></span> <span class='ocrx_word' id='word_1_789' title='bbox 1083 5563 1244 5619; x_wconf 81' lang='lat' dir='ltr'><strong>graec.</strong></span> <span class='ocrx_word' id='word_1_790' title='bbox 1267 5549 1344 5601; x_wconf 82' lang='lat' dir='ltr'><strong>Ac</strong></span> <span class='ocrx_word' id='word_1_791' title='bbox 1372 5544 1574 5615; x_wconf 83' lang='lat' dir='ltr'><strong>vulgati</strong></span> <span class='ocrx_word' id='word_1_792' title='bbox 1595 5549 1681 5624; x_wconf 84' lang='lat' dir='ltr'><strong>qui</strong></span> <span class='ocrx_word' id='word_1_793' title='bbox 1701 5547 1912 5617; x_wconf 77' lang='lat' dir='ltr'><strong>subjecit</strong></span> <span class='ocrx_word' id='word_1_794' title='bbox 1932 5566 2044 5605; x_wconf 90' lang='lat' dir='ltr'><strong>eam</strong></span> <span class='ocrx_word' id='word_1_795' title='bbox 2060 5567 2080 5604; x_wconf 70' lang='lat'><strong>.-</strong></span> 
     </span>
    </p>
   </div>
   <div class='ocr_carea' id='block_1_86' title="bbox 491 5619 1726 5690">
    <p class='ocr_par' dir='ltr' id='par_1_86' title="bbox 491 5619 1726 5690">
     <span class='ocr_line' id='line_1_86' title="bbox 491 5619 1726 5690; baseline -0.001 -16"><span class='ocrx_word' id='word_1_796' title='bbox 491 5630 545 5674; x_wconf 87' lang='lat' dir='ltr'><strong>et</strong></span> <span class='ocrx_word' id='word_1_797' title='bbox 573 5619 730 5690; x_wconf 77' lang='lat' dir='ltr'><strong>paulo</strong></span> <span class='ocrx_word' id='word_1_798' title='bbox 758 5633 882 5678; x_wconf 85' lang='lat' dir='ltr'><strong>ante</strong></span> <span class='ocrx_word' id='word_1_799' title='bbox 909 5619 1010 5676; x_wconf 80' lang='lat' dir='ltr'><strong>non</strong></span> <span class='ocrx_word' id='word_1_800' title='bbox 1031 5627 1213 5690; x_wconf 87' lang='lat' dir='ltr'><strong>sponte</strong></span> <span class='ocrx_word' id='word_1_801' title='bbox 1232 5660 1246 5685; x_wconf 97' lang='lat'><strong>,</strong></span> <span class='ocrx_word' id='word_1_802' title='bbox 1278 5632 1374 5688; x_wconf 89' lang='lat' dir='ltr'><strong>pro</strong></span> <span class='ocrx_word' id='word_1_803' title='bbox 1405 5633 1505 5690; x_wconf 77' lang='lat' dir='ltr'><strong>non</strong></span> <span class='ocrx_word' id='word_1_804' title='bbox 1535 5619 1726 5673; x_wconf 84' lang='lat' dir='ltr'><strong>volens.</strong></span> 
     </span>
    </p>
   </div>
   <div class='ocr_carea' id='block_1_87' title="bbox 561 5639 2060 5762">
    <p class='ocr_par' dir='ltr' id='par_1_87' title="bbox 561 5639 2060 5762">
     <span class='ocr_line' id='line_1_87' title="bbox 610 5639 1726 5690; baseline -0.002 -15"><span class='ocrx_word' id='word_1_805' title='bbox 610 5639 730 5678; x_wconf 86' lang='lat' dir='ltr'><strong>aulo</strong></span> <span class='ocrx_word' id='word_1_806' title='bbox 758 5639 882 5678; x_wconf 85' lang='lat' dir='ltr'><strong>ante</strong></span> <span class='ocrx_word' id='word_1_807' title='bbox 909 5640 1010 5676; x_wconf 86' lang='lat' dir='ltr'><strong>non</strong></span> <span class='ocrx_word' id='word_1_808' title='bbox 1031 5639 1213 5690; x_wconf 81' lang='lat' dir='ltr'><strong>sponte</strong></span> <span class='ocrx_word' id='word_1_809' title='bbox 1232 5660 1246 5685; x_wconf 84' lang='lat'><strong>,</strong></span> <span class='ocrx_word' id='word_1_810' title='bbox 1278 5639 1374 5688; x_wconf 81' lang='lat' dir='ltr'><strong>pro</strong></span> <span class='ocrx_word' id='word_1_811' title='bbox 1405 5639 1504 5671; x_wconf 84' lang='lat' dir='ltr'><strong>non</strong></span> <span class='ocrx_word' id='word_1_812' title='bbox 1535 5639 1726 5673; x_wconf 76' lang='lat' dir='ltr'><strong>vorans.</strong></span> 
     </span>
     <span class='ocr_line' id='line_1_88' title="bbox 561 5639 2060 5762; baseline 0.003 -18"><span class='ocrx_word' id='word_1_813' title='bbox 561 5639 630 5760; x_wconf 47' lang='grc' dir='ltr'><strong>ἃ)</strong></span> <span class='ocrx_word' id='word_1_814' title='bbox 667 5695 718 5746; x_wconf 87' lang='lat' dir='ltr'><strong>In</strong></span> <span class='ocrx_word' id='word_1_815' title='bbox 762 5694 1008 5762; x_wconf 89' lang='lat' dir='ltr'><strong>vulgatis,</strong></span> <span class='ocrx_word' id='word_1_816' title='bbox 1042 5691 1371 5756; x_wconf 56' lang='lat' dir='ltr'><strong>vitalis,,uno</strong></span> <span class='ocrx_word' id='word_1_817' title='bbox 1399 5688 1585 5762; x_wconf 88' lang='lat' dir='ltr'><strong>verbo,</strong></span> <span class='ocrx_word' id='word_1_818' title='bbox 1621 5690 1764 5760; x_wconf 86' lang='lat' dir='ltr'><strong>quod</strong></span> <span class='ocrx_word' id='word_1_819' title='bbox 1803 5707 2060 5760; x_wconf 71' lang='lat' dir='ltr'><strong>separan-</strong></span> 
     </span>
    </p>
   </div>
   <div class='ocr_carea' id='block_1_88' title="bbox 485 5761 2072 5834">
    <p class='ocr_par' dir='ltr' id='par_1_88' title="bbox 485 5761 2072 5834">
     <span class='ocr_line' id='line_1_89' title="bbox 485 5761 2072 5834; baseline 0.003 -18"><span class='ocrx_word' id='word_1_820' title='bbox 485 5761 613 5816; x_wconf 92' lang='lat' dir='ltr'><strong>dum</strong></span> <span class='ocrx_word' id='word_1_821' title='bbox 642 5761 891 5818; x_wconf 76' lang='lat' dir='ltr'><strong>duximus</strong></span> <span class='ocrx_word' id='word_1_822' title='bbox 923 5780 936 5818; x_wconf 87' lang='lat'><strong><em>:</em></strong></span> <span class='ocrx_word' id='word_1_823' title='bbox 969 5772 1026 5818; x_wconf 88' lang='lat' dir='ltr'><strong>ut</strong></span> <span class='ocrx_word' id='word_1_824' title='bbox 1049 5762 1153 5830; x_wconf 89' lang='lat' dir='ltr'><strong>hic,</strong></span> <span class='ocrx_word' id='word_1_825' title='bbox 1177 5768 1435 5832; x_wconf 84' lang='lat' dir='ltr'><strong>quantum</strong></span> <span class='ocrx_word' id='word_1_826' title='bbox 1475 5761 1716 5834; x_wconf 88' lang='lat' dir='ltr'><strong>sapimus</strong></span> <span class='ocrx_word' id='word_1_827' title='bbox 1736 5803 1753 5833; x_wconf 91' lang='lat'><strong>,</strong></span> <span class='ocrx_word' id='word_1_828' title='bbox 1791 5763 2072 5821; x_wconf 85' lang='lat' dir='ltr'><strong>refellatur</strong></span> 
     </span>
    </p>
   </div>
   <div class='ocr_carea' id='block_1_89' title="bbox 2205 4621 3756 4698">
    <p class='ocr_par' dir='ltr' id='par_1_89' title="bbox 2205 4621 3756 4698">
     <span class='ocr_line' id='line_1_90' title="bbox 2205 4621 3756 4698; baseline -0.008 -14"><span class='ocrx_word' id='word_1_829' title='bbox 2205 4629 2273 4684; x_wconf 90' lang='lat' dir='ltr'><strong>Et</strong></span> <span class='ocrx_word' id='word_1_830' title='bbox 2298 4642 2438 4684; x_wconf 89' lang='lat' dir='ltr'><strong>nunc</strong></span> <span class='ocrx_word' id='word_1_831' title='bbox 2459 4627 2726 4698; x_wconf 87' lang='lat' dir='ltr'><strong>Propheta</strong></span> <span class='ocrx_word' id='word_1_832' title='bbox 2756 4628 2850 4693; x_wconf 90' lang='lat' dir='ltr'><strong>ait,</strong></span> <span class='ocrx_word' id='word_1_833' title='bbox 2886 4627 3049 4694; x_wconf 77' lang='lat' dir='ltr'><strong>Dixit,</strong></span> <span class='ocrx_word' id='word_1_834' title='bbox 3083 4638 3130 4683; x_wconf 89' lang='lat' dir='ltr'><strong>et</strong></span> <span class='ocrx_word' id='word_1_835' title='bbox 3169 4633 3307 4698; x_wconf 81' lang='lat' dir='ltr'><strong>facta</strong></span> <span class='ocrx_word' id='word_1_836' title='bbox 3335 4644 3476 4684; x_wconf 80' lang='lat' dir='ltr'><strong>sunt.</strong></span> <span class='ocrx_word' id='word_1_837' title='bbox 3509 4628 3614 4685; x_wconf 88' lang='lat' dir='ltr'><strong>Non</strong></span> <span class='ocrx_word' id='word_1_838' title='bbox 3639 4621 3756 4678; x_wconf 86' lang='lat' dir='ltr'><strong>enim</strong></span> 
     </span>
    </p>
   </div>
   <div class='ocr_carea' id='block_1_90' title="bbox 2205 4711 3756 4790">
    <p class='ocr_par' dir='ltr' id='par_1_90' title="bbox 2205 4711 3756 4790">
     <span class='ocr_line' id='line_1_91' title="bbox 2205 4711 3756 4790; baseline -0.008 -15"><span class='ocrx_word' id='word_1_839' title='bbox 2205 4720 2309 4776; x_wconf 90' lang='lat' dir='ltr'><strong>sibi</strong></span> <span class='ocrx_word' id='word_1_840' title='bbox 2341 4719 2596 4790; x_wconf 82' lang='lat' dir='ltr'><strong>praecepit</strong></span> <span class='ocrx_word' id='word_1_841' title='bbox 2638 4727 2697 4774; x_wconf 91' lang='lat' dir='ltr'><strong>ut</strong></span> <span class='ocrx_word' id='word_1_842' title='bbox 2738 4720 2952 4787; x_wconf 86' lang='lat' dir='ltr'><strong>fierent,</strong></span> <span class='ocrx_word' id='word_1_843' title='bbox 2987 4720 3083 4775; x_wconf 89' lang='lat' dir='ltr'><strong>sed</strong></span> <span class='ocrx_word' id='word_1_844' title='bbox 3126 4730 3248 4775; x_wconf 90' lang='lat' dir='ltr'><strong>sunt</strong></span> <span class='ocrx_word' id='word_1_845' title='bbox 3289 4720 3430 4777; x_wconf 83' lang='lat' dir='ltr'><strong>faeta</strong></span> <span class='ocrx_word' id='word_1_846' title='bbox 3475 4735 3588 4777; x_wconf 92' lang='lat' dir='ltr'><strong>cum</strong></span> <span class='ocrx_word' id='word_1_847' title='bbox 3629 4711 3756 4770; x_wconf 83' lang='lat' dir='ltr'><strong>dixit.</strong></span> 
     </span>
    </p>
   </div>
   <div class='ocr_carea' id='block_1_91' title="bbox 2204 4811 3753 4886">
    <p class='ocr_par' dir='ltr' id='par_1_91' title="bbox 2204 4811 3753 4886">
     <span class='ocr_line' id='line_1_92' title="bbox 2204 4811 3753 4886; baseline -0.002 -19"><span class='ocrx_word' id='word_1_848' title='bbox 2204 4813 2366 4867; x_wconf 87' lang='lat' dir='ltr'><strong>Facta</strong></span> <span class='ocrx_word' id='word_1_849' title='bbox 2403 4822 2583 4868; x_wconf 86' lang='lat' dir='ltr'><strong>autem</strong></span> <span class='ocrx_word' id='word_1_850' title='bbox 2615 4823 2739 4869; x_wconf 88' lang='lat' dir='ltr'><strong>sunt</strong></span> <span class='ocrx_word' id='word_1_851' title='bbox 2769 4829 2864 4883; x_wconf 88' lang='lat' dir='ltr'><strong>per</strong></span> <span class='ocrx_word' id='word_1_852' title='bbox 2900 4828 3044 4880; x_wconf 91' lang='lat' dir='ltr'><strong>eum,</strong></span> <span class='ocrx_word' id='word_1_853' title='bbox 3079 4812 3144 4868; x_wconf 90' lang='lat' dir='ltr'><strong>de</strong></span> <span class='ocrx_word' id='word_1_854' title='bbox 3173 4827 3280 4882; x_wconf 90' lang='lat' dir='ltr'><strong>quo</strong></span> <span class='ocrx_word' id='word_1_855' title='bbox 3311 4811 3636 4886; x_wconf 82' lang='lat' dir='ltr'><strong>Evangelista</strong></span> <span class='ocrx_word' id='word_1_856' title='bbox 3665 4815 3753 4859; x_wconf 78' lang='lat' dir='ltr'><strong>les-</strong></span> 
     </span>
    </p>
   </div>
   <div class='ocr_carea' id='block_1_92' title="bbox 2200 4898 3755 4976">
    <p class='ocr_par' dir='ltr' id='par_1_92' title="bbox 2200 4898 3755 4976">
     <span class='ocr_line' id='line_1_93' title="bbox 2200 4898 3755 4976; baseline -0.003 -19"><span class='ocrx_word' id='word_1_857' title='bbox 2200 4912 2346 4958; x_wconf 79' lang='lat' dir='ltr'><strong>tattts</strong></span> <span class='ocrx_word' id='word_1_858' title='bbox 2387 4912 2491 4970; x_wconf 81' lang='lat' dir='ltr'><strong>est,</strong></span> <span class='ocrx_word' id='word_1_859' title='bbox 2523 4901 2710 4959; x_wconf 89' lang='lat' dir='ltr'><strong>Omnia</strong></span> <span class='ocrx_word' id='word_1_860' title='bbox 2752 4921 2841 4976; x_wconf 87' lang='lat' dir='ltr'><strong>per</strong></span> <span class='ocrx_word' id='word_1_861' title='bbox 2886 4905 3058 4974; x_wconf 88' lang='lat' dir='ltr'><strong>ipsum</strong></span> <span class='ocrx_word' id='word_1_862' title='bbox 3093 4904 3230 4973; x_wconf 80' lang='lat' dir='ltr'><strong>facta</strong></span> <span class='ocrx_word' id='word_1_863' title='bbox 3273 4915 3410 4970; x_wconf 83' lang='lat' dir='ltr'><strong>sunt,</strong></span> <span class='ocrx_word' id='word_1_864' title='bbox 3455 4917 3502 4959; x_wconf 86' lang='lat' dir='ltr'><strong>et</strong></span> <span class='ocrx_word' id='word_1_865' title='bbox 3541 4904 3639 4958; x_wconf 85' lang='lat' dir='ltr'><strong>sine</strong></span> <span class='ocrx_word' id='word_1_866' title='bbox 3662 4898 3755 4962; x_wconf 79' lang='lat' dir='ltr'><strong>ipw</strong></span> 
     </span>
    </p>
   </div>
   <div class='ocr_carea' id='block_1_93' title="bbox 2202 4977 3752 5071">
    <p class='ocr_par' dir='ltr' id='par_1_93' title="bbox 2202 4977 3752 5071">
     <span class='ocr_line' id='line_1_94' title="bbox 2202 4977 3752 5071; baseline 0.004 -23"><span class='ocrx_word' id='word_1_867' title='bbox 2202 4997 2396 5067; x_wconf 80' lang='lat' dir='ltr'><strong>factum</strong></span> <span class='ocrx_word' id='word_1_868' title='bbox 2435 5010 2506 5053; x_wconf 87' lang='lat' dir='ltr'><strong>est</strong></span> <span class='ocrx_word' id='word_1_869' title='bbox 2545 4977 2676 5052; x_wconf 78' lang='lat' dir='ltr'><strong>nihil</strong></span> <span class='ocrx_word' id='word_1_870' title='bbox 2706 4998 2883 5071; x_wconf 81' lang='lat' dir='ltr'><strong>(Joan.</strong></span> <span class='ocrx_word' id='word_1_871' title='bbox 2921 5013 2955 5062; x_wconf 89' lang='grc' dir='ltr'><strong>ι,</strong></span> <span class='ocrx_word' id='word_1_872' title='bbox 2988 4997 3047 5069; x_wconf 82' lang='grc'><strong>’5)</strong></span> <span class='ocrx_word' id='word_1_873' title='bbox 3081 5015 3094 5052; x_wconf 90' lang='lat'>:</span> <span class='ocrx_word' id='word_1_874' title='bbox 3125 5007 3179 5052; x_wconf 88' lang='lat' dir='ltr'><strong>et</strong></span> <span class='ocrx_word' id='word_1_875' title='bbox 3205 4995 3498 5067; x_wconf 82' lang='lat' dir='ltr'><strong>Apostolus</strong></span> <span class='ocrx_word' id='word_1_876' title='bbox 3533 4997 3601 5051; x_wconf 88' lang='lat' dir='ltr'><strong>ait</strong></span> <span class='ocrx_word' id='word_1_877' title='bbox 3629 5011 3641 5047; x_wconf 89' lang='lat'><strong><em>:</em></strong></span> <span class='ocrx_word' id='word_1_878' title='bbox 3669 4985 3752 5054; x_wconf 42' lang='lat'><strong>0&#39;“.</strong></span> 
     </span>
    </p>
   </div>
   <div class='ocr_carea' id='block_1_94' title="bbox 2203 5089 3751 5162">
    <p class='ocr_par' dir='ltr' id='par_1_94' title="bbox 2203 5089 3751 5162">
     <span class='ocr_line' id='line_1_95' title="bbox 2203 5089 3751 5162; baseline -0.002 -19"><span class='ocrx_word' id='word_1_879' title='bbox 2203 5101 2276 5144; x_wconf 86' lang='lat' dir='ltr'><strong>est</strong></span> <span class='ocrx_word' id='word_1_880' title='bbox 2300 5093 2466 5162; x_wconf 86' lang='lat' dir='ltr'><strong>imago</strong></span> <span class='ocrx_word' id='word_1_881' title='bbox 2497 5089 2594 5145; x_wconf 89' lang='lat' dir='ltr'><strong>Dei</strong></span> <span class='ocrx_word' id='word_1_882' title='bbox 2623 5090 2913 5155; x_wconf 87' lang='lat' dir='ltr'><strong>invisibilis,</strong></span> <span class='ocrx_word' id='word_1_883' title='bbox 2944 5091 3314 5162; x_wconf 86' lang='lat' dir='ltr'><strong>primogenitus</strong></span> <span class='ocrx_word' id='word_1_884' title='bbox 3343 5092 3507 5146; x_wconf 88' lang='lat' dir='ltr'><strong>onmis</strong></span> <span class='ocrx_word' id='word_1_885' title='bbox 3525 5092 3751 5143; x_wconf 70' lang='lat' dir='ltr'><strong>creatum.</strong></span> 
     </span>
    </p>
   </div>
   <div class='ocr_carea' id='block_1_95' title="bbox 2202 5171 3749 5254">
    <p class='ocr_par' dir='ltr' id='par_1_95' title="bbox 2202 5171 3749 5254">
     <span class='ocr_line' id='line_1_96' title="bbox 2202 5171 3749 5254; baseline -0.003 -19"><span class='ocrx_word' id='word_1_886' title='bbox 2202 5183 2322 5252; x_wconf 87' lang='lat' dir='ltr'><strong>quia</strong></span> <span class='ocrx_word' id='word_1_887' title='bbox 2350 5183 2402 5236; x_wconf 87' lang='lat' dir='ltr'><strong>in</strong></span> <span class='ocrx_word' id='word_1_888' title='bbox 2429 5183 2541 5254; x_wconf 87' lang='lat' dir='ltr'><strong>ipso</strong></span> <span class='ocrx_word' id='word_1_889' title='bbox 2567 5181 2772 5236; x_wconf 88' lang='lat' dir='ltr'><strong>condita</strong></span> <span class='ocrx_word' id='word_1_890' title='bbox 2798 5191 2918 5236; x_wconf 88' lang='lat' dir='ltr'><strong>sunt</strong></span> <span class='ocrx_word' id='word_1_891' title='bbox 2948 5183 3121 5236; x_wconf 89' lang='lat' dir='ltr'><strong>omnia</strong></span> <span class='ocrx_word' id='word_1_892' title='bbox 3148 5183 3199 5236; x_wconf 88' lang='lat' dir='ltr'><strong>in</strong></span> <span class='ocrx_word' id='word_1_893' title='bbox 3223 5182 3363 5237; x_wconf 72' lang='lat' dir='ltr'><strong>cwlis</strong></span> <span class='ocrx_word' id='word_1_894' title='bbox 3387 5191 3434 5237; x_wconf 88' lang='lat' dir='ltr'><strong>et</strong></span> <span class='ocrx_word' id='word_1_895' title='bbox 3454 5183 3506 5238; x_wconf 90' lang='lat' dir='ltr'><strong>in</strong></span> <span class='ocrx_word' id='word_1_896' title='bbox 3529 5189 3668 5238; x_wconf 84' lang='lat' dir='ltr'><strong>terra.</strong></span> <span class='ocrx_word' id='word_1_897' title='bbox 3687 5171 3749 5226; x_wconf 75' lang='grc' dir='ltr'><strong>υἱ·</strong></span> 
     </span>
    </p>
   </div>
   <div class='ocr_carea' id='block_1_96' title="bbox 2199 5329 3750 5414">
    <p class='ocr_par' dir='ltr' id='par_1_96' title="bbox 2199 5329 3750 5414">
     <span class='ocr_line' id='line_1_97' title="bbox 2199 5329 3750 5414; baseline -0.003 -21"><span class='ocrx_word' id='word_1_898' title='bbox 2199 5341 2442 5414; x_wconf 57' lang='lat' dir='ltr'><strong>quaedam</strong></span> <span class='ocrx_word' id='word_1_899' title='bbox 2471 5340 2762 5414; x_wconf 77' lang='lat' dir='ltr'><strong>sententia,</strong></span> <span class='ocrx_word' id='word_1_900' title='bbox 2781 5356 2902 5414; x_wconf 77' lang='lat' dir='ltr'><strong>quze</strong></span> <span class='ocrx_word' id='word_1_901' title='bbox 2932 5341 3094 5398; x_wconf 86' lang='lat' dir='ltr'><strong>vellet</strong></span> <span class='ocrx_word' id='word_1_902' title='bbox 3119 5341 3399 5414; x_wconf 84' lang='lat' dir='ltr'><strong>materiam</strong></span> <span class='ocrx_word' id='word_1_903' title='bbox 3429 5358 3522 5414; x_wconf 89' lang='lat' dir='ltr'><strong>per</strong></span> <span class='ocrx_word' id='word_1_904' title='bbox 3539 5355 3594 5397; x_wconf 88' lang='lat' dir='ltr'><strong>se</strong></span> <span class='ocrx_word' id='word_1_905' title='bbox 3612 5329 3750 5414; x_wconf 78' lang='lat' dir='ltr'><strong>exsti-</strong></span> 
     </span>
    </p>
   </div>
   <div class='ocr_carea' id='block_1_97' title="bbox 2193 5411 3743 5539">
    <p class='ocr_par' dir='ltr' id='par_1_97' title="bbox 2193 5411 3743 5539">
     <span class='ocr_line' id='line_1_98' title="bbox 2195 5411 3743 5537; baseline -0.001 -72"><span class='ocrx_word' id='word_1_906' title='bbox 2195 5411 2346 5537; x_wconf 70' lang='lat' dir='ltr'><strong>tislse,</strong></span> <span class='ocrx_word' id='word_1_907' title='bbox 2374 5424 2425 5468; x_wconf 90' lang='lat' dir='ltr'><strong>et</strong></span> <span class='ocrx_word' id='word_1_908' title='bbox 2443 5420 2718 5495; x_wconf 63' lang='lat' dir='ltr'><strong>praecepto</strong></span> <span class='ocrx_word' id='word_1_909' title='bbox 2747 5412 2840 5468; x_wconf 90' lang='lat' dir='ltr'><strong>Dei</strong></span> <span class='ocrx_word' id='word_1_910' title='bbox 2871 5423 3074 5467; x_wconf 88' lang='lat' dir='ltr'><strong>tantum</strong></span> <span class='ocrx_word' id='word_1_911' title='bbox 3101 5412 3402 5470; x_wconf 85' lang='lat' dir='ltr'><strong>obtinuisse</strong></span> <span class='ocrx_word' id='word_1_912' title='bbox 3430 5411 3639 5469; x_wconf 81' lang='lat' dir='ltr'><strong>formam</strong></span> <span class='ocrx_word' id='word_1_913' title='bbox 3658 5413 3743 5474; x_wconf 64' lang='lat' dir='ltr'><strong>qni</strong></span> 
     </span>
     <span class='ocr_line' id='line_1_99' title="bbox 2193 5491 2647 5539; baseline 0.004 -3"><span class='ocrx_word' id='word_1_914' title='bbox 2193 5491 2242 5536; x_wconf 89' lang='lat' dir='ltr'><strong>ta</strong></span> <span class='ocrx_word' id='word_1_915' title='bbox 2273 5501 2315 5536; x_wconf 87' lang='lat' dir='ltr'><strong>Is</strong></span> <span class='ocrx_word' id='word_1_916' title='bbox 2341 5492 2647 5539; x_wconf 75' lang='lat' dir='ltr'><strong>exsrsteret.</strong></span> 
     </span>
    </p>
   </div>
   <div class='ocr_carea' id='block_1_98' title="bbox 3397 5557 3740 5618">
    <p class='ocr_par' dir='ltr' id='par_1_98' title="bbox 3397 5557 3740 5618">
     <span class='ocr_line' id='line_1_100' title="bbox 3397 5557 3740 5618; baseline -0.023 -8"><span class='ocrx_word' id='word_1_917' title='bbox 3397 5564 3549 5618; x_wconf 85' lang='lat' dir='ltr'><strong>erenl,</strong></span> <span class='ocrx_word' id='word_1_918' title='bbox 3579 5557 3740 5614; x_wconf 73' lang='lat' dir='ltr'><strong>nempe</strong></span> 
     </span>
    </p>
   </div>
   <div class='ocr_carea' id='block_1_99' title="bbox 2257 5553 3392 5637">
    <p class='ocr_par' dir='ltr' id='par_1_99' title="bbox 2257 5553 3392 5637">
     <span class='ocr_line' id='line_1_101' title="bbox 2257 5553 3392 5637; baseline 0.001 -31"><span class='ocrx_word' id='word_1_919' title='bbox 2257 5554 2338 5637; x_wconf 73' lang='grc' dir='ltr'><strong>(ά)</strong></span> <span class='ocrx_word' id='word_1_920' title='bbox 2374 5554 2628 5637; x_wconf 32' lang='lat' dir='ltr'><strong>Editinut</strong></span> <span class='ocrx_word' id='word_1_921' title='bbox 2647 5553 2808 5637; x_wconf 77' lang='lat' dir='ltr'><strong>fieret.</strong></span> <span class='ocrx_word' id='word_1_922' title='bbox 2850 5553 3069 5637; x_wconf 62' lang='lat' dir='ltr'><strong>Rectius</strong></span> <span class='ocrx_word' id='word_1_923' title='bbox 3115 5565 3321 5637; x_wconf 42' lang='lat' dir='ltr'><strong>ms._‘t_t_t.</strong></span> <span class='ocrx_word' id='word_1_924' title='bbox 3354 5557 3392 5624; x_wconf 76' lang='grc' dir='ltr'><strong>[ἱ</strong></span> 
     </span>
    </p>
   </div>
   <div class='ocr_carea' id='block_1_100' title="bbox 2180 5619 3735 5693">
    <p class='ocr_par' dir='ltr' id='par_1_100' title="bbox 2180 5619 3735 5693">
     <span class='ocr_line' id='line_1_102' title="bbox 2180 5619 3735 5693; baseline -0.001 -14"><span class='ocrx_word' id='word_1_925' title='bbox 2180 5619 2380 5679; x_wconf 79' lang='lat' dir='ltr'><strong>omnia.</strong></span> <span class='ocrx_word' id='word_1_926' title='bbox 2417 5619 2858 5680; x_wconf 51' lang='lat' dir='ltr'><strong>Dicebat&#39;autem</strong></span> <span class='ocrx_word' id='word_1_927' title='bbox 2906 5626 3085 5693; x_wconf 87' lang='lat' dir='ltr'><strong>Pater,</strong></span> <span class='ocrx_word' id='word_1_928' title='bbox 3125 5633 3180 5681; x_wconf 89' lang='lat' dir='ltr'><strong>et</strong></span> <span class='ocrx_word' id='word_1_929' title='bbox 3225 5619 3392 5682; x_wconf 78' lang='lat' dir='ltr'><strong>Filius</strong></span> <span class='ocrx_word' id='word_1_930' title='bbox 3437 5624 3664 5685; x_wconf 84' lang='lat' dir='ltr'><strong>faciebat,</strong></span> <span class='ocrx_word' id='word_1_931' title='bbox 3690 5619 3735 5668; x_wconf 73' lang='grc' dir='ltr'><strong>υι</strong></span> 
     </span>
    </p>
   </div>
   <div class='ocr_carea' id='block_1_101' title="bbox 2176 5695 3183 5767">
    <p class='ocr_par' dir='ltr' id='par_1_101' title="bbox 2176 5695 3183 5767">
     <span class='ocr_line' id='line_1_103' title="bbox 2176 5695 3183 5767; baseline 0 -15"><span class='ocrx_word' id='word_1_932' title='bbox 2176 5695 2464 5767; x_wconf 88' lang='lat' dir='ltr'><strong>exponitur</strong></span> <span class='ocrx_word' id='word_1_933' title='bbox 2495 5695 2590 5750; x_wconf 92' lang='lat' dir='ltr'><strong>lib.</strong></span> <span class='ocrx_word' id='word_1_934' title='bbox 2621 5711 2672 5750; x_wconf 89' lang='lat' dir='ltr'><strong>tv</strong></span> <span class='ocrx_word' id='word_1_935' title='bbox 2698 5695 2767 5753; x_wconf 91' lang='lat' dir='ltr'><strong>de</strong></span> <span class='ocrx_word' id='word_1_936' title='bbox 2789 5695 2968 5764; x_wconf 88' lang='lat' dir='ltr'><strong>Trin.,</strong></span> <span class='ocrx_word' id='word_1_937' title='bbox 3001 5714 3056 5752; x_wconf 88' lang='grc' dir='ltr'><strong>η.</strong></span> <span class='ocrx_word' id='word_1_938' title='bbox 3093 5697 3183 5752; x_wconf 82' lang='grc'><strong>16.</strong></span> 
     </span>
    </p>
   </div>
  </div>
