3984 6208
170 295 317 355 881
1265 294 1682 352 TRACTATUS
1719 293 1786 350 1N
1823 292 2083 351 CXLVIII
2121 295 2468 354 PSALMUM.
3405 299 3513 356 882

168 411 394 466 sibilia
422 420 470 466 et
493 411 807 477 invisibilia;
833 411 935 466 sive
957 411 1138 478 Sedes,
1167 411 1270 466 sive
1291 409 1696 478 Dontinaliones,
1721 411 1824 465 sive
1849 411 1900 471 Α
1928 409 2121 466 lubiles
2149 411 2450 467 creationes
2477 427 2620 467 nunc
2655 411 2720 469 ad
2759 413 2974 470 laudem
3008 414 3100 471 Dei
3129 414 3292 472 luisse
3326 431 3516 474 nume-

198 501 592 573 Principatns,
620 505 725 557 sive
743 501 1050 571 Poteslates,
1066 505 1236 558 omnia
1257 520 1346 576 per
1371 505 1538 574 ipsum
1565 513 1612 558 et
1629 507 1680 557 in
1708 504 1818 575 ipso
1921 511 2088 568 ratas,
2111 503 2204 559 sed
2227 519 2319 560 eas
2338 520 2457 574 quae
2488 505 2538 558 in
2566 507 2880 562 :eternitatis
2904 516 3028 562 sunt
3053 507 3124 580 (c)
3154 510 3512 567 substantiam

198 596 445 651 condita
470 607 590 652 sunt
621 596 839 665 (Coloss.
874 613 912 662 ι,
944 598 1010 652 15
1034 608 1079 651 et
1106 597 1216 667 16).
1257 597 1325 652 Et
1361 597 1635 668 Sapientia
1661 597 1730 653 de
1758 613 1818 653 se
1920 597 2247 652 e0nstitutae.
2281 601 2356 652 Ac
2381 614 2448 654 ne
2470 598 2630 665 forte,
2659 601 2801 668 quod
2825 600 2878 656 in
2908 611 3170 657 :eternum
3203 616 3509 671 manerent,

181 689 279 744 ita
318 689 498 743 locuta
528 698 611 743 est
644 705 657 740 :
691 687 800 758 Ego
829 705 966 742 eram
990 689 1134 759 apud
1169 689 1318 743 illum
1337 689 1818 758 componens;milii
1920 688 2163 744 naturale
2186 688 2291 744 illis
2319 705 2441 746 esse
2469 706 2534 746 ex
2564 692 2878 747 substantiae
2901 692 3234 748 beatitudine
3261 694 3512 750 credere-

175 779 560 849 adgaudebat,
591 796 706 834 cum
749 781 1008 834 laetaretur
1050 780 1172 834 orbe
1215 781 1441 852 perfecto
1473 780 1655 852 (Prov.
1693 797 1808 848 vm,

177 871 334 944 3D).
365 869 558 926 Cessat
597 872 778 942 itaque
821 872 1144 942 ambiguitas
1176 874 1540 943 intelligentiae
1562 916 1577 938 ,
1607 881 1663 928 et
1693 875 1814 929 novi

179 974 254 1019 et
289 965 504 1020 veteris
529 964 862 1020 Testamenti
892 969 1211 1022 auctoritate
1237 968 1478 1022 convicta
1505 1009 1520 1034 ,
1554 967 1697 1022 Patri
1727 967 1813 1022 Fi-

183 1056 347 1113 litun
375 1066 501 1111 ante
529 1057 727 1112 saecula
758 1067 1066 1114 manentem
1099 1059 1152 1114 in
1181 1059 1405 1114 creandi
1431 1057 1615 1114 nutndi
1647 1074 1810 1115 exor-

182 1150 300 1205 dio
334 1150 630 1207 adstitisse.

273 1240 338 1296 5.
375 1241 636 1298 Creatura:
657 1259 760 1298 non
786 1243 1122 1298 dissoluenda:
1141 1243 1209 1298 ad
1229 1245 1434 1300 laudent
1466 1243 1563 1299 Dei
1584 1244 1807 1298 invitan-

182 1344 312 1389 tur.
351 1333 503 1400 Quod
538 1351 642 1388 non
671 1334 1032 1400 dissolventur,
1065 1336 1310 1390 mandato
1345 1335 1476 1400 Dei,
1513 1353 1614 1390 non
1655 1345 1808 1390 natu-

181 1442 276 1482 ra
319 1442 430 1481 suae
478 1426 679 1482 debent.
723 1455 796 1468 —
841 1428 1070 1483 Causam
1120 1429 1281 1484 etiam
1330 1428 1591 1500 pr0pheta
1645 1428 1802 1482 aliam

183 1517 389 1574 laudis
418 1518 616 1588 adjecit
642 1537 655 1574 :
689 1518 945 1584 Quoniam
973 1522 1078 1594 ipse
1100 1521 1249 1585 dixit,
1275 1531 1322 1576 et
1348 1525 1487 1592 facta
1515 1531 1670 1587 sunt;
1697 1521 1808 1589 ipse

185 1609 497 1677 mandavit,
532 1622 577 1665 et
597 1619 769 1665 creata
793 1622 949 1675 sunt;
978 1613 1155 1666 statuit
1185 1629 1242 1666 ea
1264 1612 1316 1666 in
1335 1612 1582 1667 saeculum
1607 1611 1802 1665 sa’culi.

190 1701 434 1758 Manent
469 1705 614 1759 enim
641 1719 720 1760 ex-
753 1704 920 1759 nihilo
945 1704 1232 1760 substituta
1253 1745 1270 1770 ,
1302 1711 1357 1759 et
1381 1703 1605 1775 gratiam
1641 1701 1808 1774 656

1925 788 2043 844 tur;
2075 779 2338 852 subjecit,
2375 779 2696 852 Praeceptum
2727 785 2928 854 posuit,
2960 794 3007 840 et
3046 801 3149 840 non
3181 787 3461 856 privteribit
3493 804 3511 841 :

1920 881 1979 926 ut
2022 872 2125 928 hoc
2167 875 2306 943 quod
2339 883 2484 940 sunt,
2533 875 2583 930 id
2617 885 2733 945 est,
2761 887 2817 932 ut
2859 887 3113 934 maneant
3143 879 3194 934 in
3225 890 3510 946 aeternum,

1917 979 2022 1018 non
2054 975 2257 1020 natura:
2283 982 2395 1021 suae
2435 981 2556 1023 esse
2588 968 2925 1039 intelligant,
2963 970 3057 1025 sed
3081 971 3350 1042 praecepti
3391 972 3509 1042 ejus

1914 1059 2003 1121 sit,
2036 1060 2124 1128 qui
2155 1067 2344 1127 potens
2371 1061 2442 1114 sit
2465 1062 2623 1116 rebus
2644 1077 2710 1117 ex
2743 1053 2911 1116 nihilo
2933 1063 3234 1119 substitutis
3257 1074 3504 1120 naturam

1914 1149 2235 1204 mternitatis
2261 1149 2476 1205 alierre.
2500 1150 2615 1206 Non
2639 1152 2803 1218 enim,
2831 1152 3020 1222 inquit,
3046 1154 3341 1223 praeteribit
3367 1171 3503 1225 pra:-

1914 1247 2151 1310 ceptum,
2187 1239 2236 1294 id
2268 1250 2370 1308 est,
2401 1243 2636 1298 mandati
2666 1244 2782 1314 ejus
2812 1260 2918 1299 non
2950 1245 3053 1299 erit
3080 1245 3199 1300 ﬁnis
3235 1265 3247 1300 :
3281 1246 3504 1318 (d)quia

1911 1331 1966 1386 in
2019 1340 2277 1386 teternum
2333 1343 2604 1400 maneant,
2663 1335 2857 1407 quibus
2915 1337 3273 1392 mternitatem
3325 1337 3508 1393 Virtus

1911 1426 2230 1480 aeternitatis
2263 1426 2500 1481 indulsit.

1984 1515 2034 1570 6.
2073 1515 2173 1584 Qui
2201 1516 2364 1570 Deum
2391 1519 2600 1573 laudent
2625 1520 2873 1576 inanima.
2904 1551 2974 1562 —
2993 1521 3120 1577 Post
3145 1538 3265 1593 qua:
3291 1538 3502 1579 rursum

1910 1617 2119 1664 terrena
2146 1620 2336 1666 Caetera
2367 1611 2698 1667 advocantur
2726 1614 2792 1668 ad
2826 1613 3062 1681 laudem,
3097 1630 3218 1685 quae
3244 1616 3346 1670 etsi
3389 1630 3496 1670 non

1907 1705 2086 1758 omnia
2117 1712 2242 1758 sunt
2273 1703 2464 1758 borum
2493 1707 2794 1761 ccelestium
2841 1715 2897 1761 ct
2928 1707 3208 1762 beatorum
3244 1707 3504 1762 bonorum

187 1811 264 1850 ex
300 1811 372 1852 eo
397 1796 538 1866 quod
565 1807 711 1859 sunt,
741 1795 984 1853 Creatori
1013 1812 1111 1852 suo
1135 1797 1336 1853 debent
1363 1796 1438 1870 (a)
1476 1813 1598 1851 cum
1638 1811 1802 1851 sensu
1831 1815 1881 1874 Β
1907 1797 2200 1860 consortia,
2237 1797 2427 1865 partim
2463 1813 2558 1867 per
2589 1799 3008 1854 irrationabilem
3042 1814 3282 1861 sensum,
3311 1800 3505 1870 partim

185 1890 328 1945 vita:
354 1905 488 1954 sum,
517 1882 808 1946 bonitatem
841 1891 959 1961 ejus
988 1901 1041 1946 et
1072 1892 1326 1947 virtutem
1357 1891 1670 1956 sentientis,
1709 1906 1804 1960 per

192 1997 372 2051 quem
398 1981 578 2038 vivere
595 1998 654 2038 se
675 1985 879 2038 sentire
901 1992 1201 2054 coeperunt.
1233 1983 1425 2039 Vivunt
1446 1994 1625 2038 autem
1648 1983 1803 2048 adeo,

187 2084 259 2128 ut
306 2081 366 2128 et
411 2074 464 2128 in
515 2075 773 2131 sarculum
827 2076 1008 2132 smculi
1061 2086 1334 2142 maneant,
1381 2086 1457 2144 et,
1508 2076 1804 2132 secundum

186 2167 552 2238 Apostolum,
587 2168 978 2224 revelatiouem
1011 2169 1241 2224 ﬁliorum
1275 2169 1369 2224 Dei
1401 2177 1741 2238 exspectent,
1774 2186 1804 2225 a

189 2260 569 2328 corruptionis
615 2261 838 2315 servitio
881 2262 931 2314 in
972 2260 1310 2318 conformem
1354 2277 1540 2317 eorum
1578 2261 1802 2333 gloriam

190 2349 506 2406 liberanda.
543 2351 919 2408 Contuendum
948 2363 1124 2420 autem
1158 2363 1270 2421 est,
1303 2354 1354 2408 in
1385 2353 1469 2409 bis
1500 2355 1763 2410 creaturis
1783 2398 1798 2422 ,

191 2456 322 2514 qua:
351 2443 402 2498 in
432 2444 692 2500 saeculum
739 2445 924 2500 saeculi
961 2453 1089 2500 sunt
1132 2455 1350 2511 statuta,
1393 2461 1568 2514 neque
1605 2447 1802 2501 caelum

193 2533 307 2588 hoc
338 2536 480 2605 quod
529 2536 934 2592 ﬁrmamentum
985 2545 1344 2606 nuncupatur,
1381 2553 1555 2607 neque
1601 2546 1800 2593 terram

196 2643 324 2698 qua:
364 2629 512 2686 arida
550 2630 690 2684 dicta
731 2639 836 2698 est,
885 2627 963 2700 (b)
999 2638 1384 2684 connumerata
1428 2628 1594 2685 fuisse
1628 2647 1642 2683 :
1677 2631 1802 2700 quia

194 2731 254 2778 et
283 2722 335 2776 in
359 2721 646 2792 Propltetis
673 2721 874 2777 dictum
907 2723 1004 2786 sit,
1040 2719 1176 2776 Ecce
1211 2738 1302 2792 ego
1330 2724 1462 2793 facio
1493 2723 1674 2775 coelum
1703 2739 1800 2776 no—

196 2828 340 2878 vum,
369 2823 415 2866 et
447 2823 634 2868 (errant
673 2829 854 2868 novam
883 2812 1035 2884 (Esa.
1065 2828 1195 2880 ων,
1231 2811 1340 2885 17),
1370 2822 1425 2868 et
1453 2813 1710 2869 Dominus
1744 2815 1800 2869 in

202 2903 503 2976 Evangelio
529 2905 728 2961 dixerit
756 2921 768 2960 :
796 2903 986 2960 Caelum
1017 2914 1066 2959 et
1088 2915 1240 2968 .terra
1267 2905 1616 2973 praeteribunt,
1651 2905 1802 2960 verba

202 3004 374 3049 autem
393 3013 506 3052 mea
533 3013 634 3050 non
659 2995 983 3065 prceteribunt
1012 2995 1224 3067 (Matth.
1256 3012 1401 3060 sxw,
1438 2994 1527 3067 55)
1556 3015 1567 3049 :
1592 2996 1660 3052 de
1681 2997 1800 3067 qui-

199 3089 306 3144 bus
336 3103 442 3143 non
470 3087 629 3159 hujus
651 3088 756 3144 loci
785 3103 966 3144 sermo
987 3099 1089 3142 est.
1115 3089 1344 3144 Tantum
1365 3088 1494 3144 illud
1518 3089 1585 3144 ad
1612 3089 1798 3144 admo-

1911 1902 2008 1957 per
2040 1888 2381 1942 inanimalem
2413 1897 2681 1955 naturam,
2715 1890 2904 1959 partim
2952 1906 3046 1960 per
3083 1890 3382 1960 impietatis
3423 1890 3504 1945 of-

1908 1979 2151 2044 fensam;
2187 1987 2364 2034 tamen
2398 1979 2566 2034 Deum
2599 1995 2694 2050 per
2721 1979 2797 2045 id,
2827 1979 2974 2051 quod
3022 1979 3145 2034 talia
3183 1991 3312 2036 sunt
3355 1981 3506 2036 insli-

1909 2077 2042 2134 tuta,
2076 2069 2189 2140 ipsa
2219 2071 2572 2125 institutionis
2605 2072 2656 2126 in
2681 2087 2739 2125 se
2771 2072 2966 2142 habitae
2997 2071 3335 2142 providentia
3364 2087 3501 2142 pra:-

1907 2131 2111 2217 dicant:
2142 2164 2229 2216 Ait
2257 2164 2400 2218 enim
2432 2165 2523 2230 ita,
2562 2164 2724 2220 Vens.
2753 2131 2890 2220 7-1έ
2920 2183 2933 2219 :
2958 2131 3190 2221 L-audate
3215 2131 3498 2220 Domi-num

1907 2254 1970 2306 de
1993 2263 2126 2306 terra
2150 2254 2397 2308 dracones
2431 2263 2477 2307 et
2505 2270 2679 2308 omnes
2700 2255 2892 2326 abyssi.
2918 2255 3088 2327 Ignis,
3122 2256 3343 2327 grando,
3385 2258 3498 2322 nim,

1906 2345 2226 2416 crystallum,
2250 2346 2461 2415 spiritus
2493 2348 2759 2414 procellas,
2793 2365 2906 2418 qua:
2938 2349 3133 2416 faciunt
3169 2348 3322 2402 verba
3351 2351 3464 2420 ejus
3487 2389 3500 2410 ,

1905 2448 2100 2492 montes
2128 2448 2174 2492 et
2195 2455 2366 2492 omnes
2397 2439 2574 2505 colles,
2603 2440 2741 2510 ligna
2769 2439 2930 2512 647
2954 2441 3225 2511 fructifera
3246 2451 3293 2495 et
3329 2457 3504 2495 omnes

1908 2531 2070 2596 cedri,
2103 2531 2276 2586 bestia:
2307 2541 2356 2586 et
2387 2533 2622 2586 universa
2657 2549 2864 2600 pecora,
2900 2545 3156 2603 serpentes
3195 2545 3242 2589 et
3275 2536 3504 2590 volucres

1905 2635 2159 2694 pennatw,
2192 2641 2336 2696 reges
2358 2635 2510 2680 terra:
2537 2635 2586 2679 et
2617 2642 2787 2680 omnes
2815 2627 3014 2697 populi,
3045 2629 3303 2697 principes
3323 2637 3368 2682 et
3395 2645 3504 2682 ont-

1906 2732 1993 2770 nes
2011 2716 2214 2786 judices
2242 2726 2411 2782 terrae,
2433 2721 2646 2790 juvenes
2667 2727 2713 2772 et
2739 2719 2980 2788 virgines,
3012 2720 3236 2773 seniores
3267 2735 3381 2773 cum
3412 2721 3507 2790 ju-

1904 2809 2135 2864 nioribus
2167 2811 2375 2866 laudent
2412 2829 2594 2866 nomen
2636 2810 2870 2867 Domini.
2911 2812 3104 2866 Omnia
3149 2812 3360 2868 laudem
3405 2811 3500 2868 Dei

1903 2903 2216 2969 concinunt,
2260 2905 2382 2959 licet
2408 2904 2654 2976 qundam
2681 2919 2845 2959 sensu
2877 2903 3050 2959 laudis
3082 2905 3318 2958 carentia
3351 2903 3500 2969 sint;

1902 2995 1996 3050 sed
2023 3011 2116 3066 per
2143 2997 2491 3052 institutionis
2519 2997 2762 3052 ordinem
2792 2997 3214 3067 qualitatetnque
3241 2995 3495 3066 gignendi

1903 3090 2230 3159 praeconiqu
2253 3091 2528 3146 Creatoris
2548 3092 2858 3148 ostendunt.
2888 3091 3098 3146 Deteuti
3125 3090 3176 3144 in
3209 3099 3351 3145 terra
3377 3090 3501 3144 dra~

203 3181 466 3238 nitionem
497 3179 1031 3236 commemorandum
1076 3195 1104 3234 a
1145 3181 1300 3237 nobis
1330 3181 1448 3248 luit,
1483 3197 1590 3238 non
1622 3183 1798 3239 disso-
1827 3199 1871 3264 ρ
1903 3201 2089 3255 cones,
2118 3204 2412 3261 eorumque
2442 3190 2623 3260 plures
2649 3189 2703 3244 in
2730 3188 2943 3259 abyssis
2975 3187 3211 3245 demersi
3244 3205 3259 3244 :
3297 3193 3356 3244 ut
3395 3200 3498 3243 nos

281 3385 356 3458 (a)
389 3386 446 3440 In
477 3386 658 3457 editis,
691 3401 810 3440 cum
838 3401 1045 3439 sensum
1078 3385 1344 3458 viuesuw,
1371 3384 1593 3458 bonitate
1617 3388 1730 3456 ejus
1759 3396 1806 3440 et

205 3456 440 3513 virtutem
461 3470 504 3512 et
535 3456 821 3519 scientiam,
857 3473 945 3524 per
984 3471 1131 3524 quem
1157 3457 1320 3509 vivere
1347 3472 1435 3508 seu
1466 3456 1655 3509 sentire
1698 3473 1802 3509 ca:-

211 3529 612 3598 pcrunt:valde
644 3527 974 3597 perturbate.
1014 3525 1269 3582 Confusio
1315 3527 1522 3598 tollitur
1561 3526 1803 3598 subsidio

206 3597 310 3656 nis.
346 3601 396 3654 in
429 3615 534 3669 quo
563 3609 740 3654 tamen
773 3600 1056 3664 sententiae,
1088 3614 1194 3652 non
1235 3597 1506 3652 sentientia
1544 3597 1802 3652 mendose

212 3671 462 3727 librarius
488 3671 867 3737 descripserat.

284 3744 354 3812 (b)
387 3742 477 3796 Sic
519 3757 621 3796 ms.
665 3744 736 3796 At
773 3740 902 3794 Bad.
937 3749 992 3795 et
1036 3740 1130 3795 Er.
1168 3747 1606 3794 connumeratam.
1649 3739 1799 3810 Lips.

212 3823 678 3869 commemoratam.
710 3813 831 3866 Par.
863 3821 1277 3865 comnmmorata.

287 3883 356 3954 (ε)
388 3884 547 3944 Edili,
571 3885 624 3936 in
645 3883 948 3937 mlernilatis
973 3895 1088 3936 sunt
1115 3881 1414 3954 substantia.
1449 3880 1667 3940 Rectius
1695 3897 1796 3954 ms.

213 3952 566 4018 substantiam,
602 3954 700 4008 ltoc
723 3964 823 4018 est,
856 3953 906 4006 in
931 3952 1282 4006 substantiam
1311 3961 1589 4015 :etcrnam,
1613 3966 1706 4005 seu
1731 3953 1796 4006 ad

215 4027 609 4081 Subsisteudum
641 4026 758 4080 sine
788 4025 912 4078 line.
947 4023 1082 4079 Cum
1119 4025 1232 4078 lucc
1267 4023 1332 4076 ad
1371 4032 1663 4078 memorata
1695 4022 1798 4076 iui-

219 4099 290 4152 lio
316 4112 366 4151 ιι.
391 4098 446 4158 5,
475 4097 793 4162 referantur,
823 4095 906 4148 ubi
931 4095 1036 4157 sol,
1063 4095 1207 4156 luna,
1241 4094 1434 4158 stella‘,
1463 4104 1567 4148 etc.
1592 4094 1656 4146 ad
1687 4095 1799 4146 latt-

221 4169 337 4223 dem
371 4167 462 4220 Dei
501 4167 870 4228 advocantur;
916 4167 1079 4235 qumri
1125 4173 1298 4227 potest
1339 4181 1466 4218 num
1513 4163 1798 4235 lirmditztits

217 4255 302 4294 rcs
329 4247 533 4292 creatas
557 4239 818 4290 animatas
842 4234 1069 4290 senserit
1100 4236 1354 4290 Hilarius.
1383 4237 1461 4289 Eo
1483 4234 1695 4303 quidem
1718 4250 1800 4288 er-

218 4325 337 4364 rore
357 4309 631 4377 inspersos
653 4309 796 4362 illius
826 4309 875 4361 in
907 4307 1006 4361 Job
1037 4307 1204 4361 libros
1230 4307 1297 4360 ad
1328 4316 1570 4377 sanctum
1593 4303 1797 4377 Grego-

219 4381 351 4436 rium
403 4375 591 4448 papam
642 4379 826 4433 scribit
874 4379 1110 4432 Licinius
1148 4386 1186 4431 t.
1232 4393 1267 4431 ιι
1335 4376 1518 4445 Spieil.
1555 4392 1608 4448 p.
1645 4375 1795 4448 369:

222 4453 357 4506 Satis
388 4447 566 4514 miror,
609 4452 778 4517 inquit
809 4449 1036 4504 barbaro
1075 4448 1285 4503 dicendi
1333 4447 1512 4513 modo,
1543 4447 1800 4501 hominem

224 4522 566 4575 doctissimum
597 4529 642 4573 el
681 4533 932 4579 sanctum,
964 4529 1016 4572 ut
1045 4519 1108 4573 de
1133 4519 1293 4572 stellis
1323 4519 1520 4572 uwuias
1563 4517 1800 4588 Origenis

1910 3399 2090 3457 matr,
2123 3391 2214 3446 sed
2253 3406 2373 3462 qua:
2419 3405 2522 3444 non
2562 3388 2925 3445 dissolvendae
2968 3397 3172 3445 essent.
3216 3387 3422 3443 Deinde
3451 3391 3499 3444 si

1908 3463 2058 3522 solis.
2090 3463 2250 3527 lume,
2275 3461 2560 3516 stellarum
2593 3471 2648 3516 et
2677 3476 2830 3528 aqua:
2871 3476 2992 3528 qua:
3030 3475 3193 3528 super
3235 3461 3402 3514 caelos
3432 3461 3531 3514 sit-

1909 3533 2184 3587 vocabulis
2213 3534 2359 3586 vivas
2383 3533 2708 3586 substantias
2735 3531 3019 3596 intellexit,
3053 3545 3114 3583 ea
3143 3545 3249 3584 non
3279 3531 3498 3600 proprie

1907 3602 2000 3656 sed
2029 3603 2346 3672 spiritaliter.
2371 3602 2692 3657 intellexerit
2714 3615 2936 3656 necesse
2959 3612 3060 3655 est.
3086 3599 3498 3670 Neque’inﬁcias

1907 3673 2026 3738 ibit,
2058 3675 2144 3743 qui
2191 3675 2331 3729 illius
2375 3674 2514 3728 dicta
2558 3683 2710 3728 tract.
2756 3687 2836 3741 ps.
2869 3687 3061 3737 cxxut,
3096 3688 3149 3724 ιι.
3179 3673 3232 3733 5,
3265 3686 3498 3740 perpen-

1907 3744 2000 3798 det
2027 3765 2036 3796 :
2071 3747 2156 3799 ubi
2187 3746 2360 3816 pritno
2397 3744 2568 3814 ponit,
2598 3743 2889 3799 absurdum
2919 3743 3086 3798 videri
3111 3751 3172 3796 ut
3199 3757 3354 3811 aqua:
3384 3743 3500 3816 ani-

1907 3817 2066 3870 males
2106 3813 2211 3869 sini
2252 3833 2265 3868 :
2312 3813 2421 3871 tum
2461 3819 2645 3877 sumit,
2693 3829 2862 3885 aquas
2910 3823 3287 3885 tamensuper
3329 3813 3498 3868 caelos

1907 3901 2029 3940 esse
2055 3903 2173 3956 qum
2208 3887 2425 3942 laudent
2459 3883 2777 3948 Dominum,
2815 3899 2878 3939 ac
2921 3884 3146 3952 proinde
3187 3883 3446 3956 animales
3481 3902 3494 3937 :

1906 3955 2228 4024 tandemque
2258 3957 2554 4022 concludit,
2597 3971 2853 4024 aquarum
2898 3956 3113 4009 nomine
3157 3955 3382 4024 populos
3413 3955 3496 4009 in-

1907 3973 2118 4012 tanaem
2164 3973 2228 4012 ue
2258 3973 2554 4022 conetuun,
2597 3973 2853 4024 aquarum
2898 3973 3113 4009 nonnne
3157 3973 3382 4024 populos
3413 3973 3488 4009 tn-

1907 3973 2222 4098 telligenﬂos
2249 4043 2390 4094 esse,
2422 4043 2558 4098 quos
2585 4028 2722 4082 inter
2745 4028 2856 4098 sint
2891 4027 3164 4098 caelestes,
3184 4026 3282 4078 sint
3309 4035 3358 4098 et
3388 4036 3488 4098 ter-

1904 4095 2102 4164 restres,
2134 4109 2240 4152 etc.
2272 4099 2376 4152 Eas
2423 4095 2589 4168 aquas
2620 4097 2787 4168 stragis
2822 4097 3038 4164 proprie
3083 4095 3290 4148 videtur
3322 4095 3492 4168 intel-

1906 4169 2074 4238 ligere
2105 4170 2156 4222 in
2195 4183 2276 4238 ps.
2309 4164 2514 4231 cxxxv,
2550 4186 2602 4219 u.
2634 4167 2688 4230 8,
2710 4166 2844 4238 dum
2875 4175 3027 4238 vocat
3055 4164 3488 4238 temperatiorem

1907 4234 2175 4303 naturam,
2197 4234 2370 4306 'cujus
2397 4240 2607 4306 objecta
2640 4236 2794 4306 primi
2836 4236 2958 4291 cwli
2988 4237 3145 4288 Sedes
3181 4234 3492 4306 circumfusi

1906 4309 2000 4363 Dei
2028 4309 2226 4365 virtute
2256 4305 2479 4364 nimium
2509 4305 2732 4362 accensa
2776 4316 3124 4373 temperetur,
3159 4313 3217 4358 ut
3257 4306 3324 4358 ab
3356 4305 3494 4359 infe-

1906 4381 2138 4436 rioribus
2160 4385 2229 4436 sit
2250 4379 2499 4450 patienda
2526 4377 2754 4450 naturis.
2783 4377 2967 4450 Neque
2987 4374 3387 4450 ctiam_dubium
3410 4385 3494 4429 est

1905 4465 1971 4504 ex
2003 4461 2156 4506 tract.
2187 4446 2269 4522 ps'.
2297 4466 2476 4517 estw,
2509 4466 2562 4504 ιι.
2593 4448 2651 4522 5,
2682 4447 3028 4522 quasstellas
3071 4446 3496 4522 animatasnsen-

1907 4523 2060 4588 serit,
2096 4516 2575 4591 ubi-explicaturus
2602 4516 2750 4591 illud,
2787 4517 3080 4591 Numerans
3115 4516 3491 4591 multitudinem

224 4594 532 4664 transferret.
562 4591 631 4644 At
659 4591 798 4672 quod
843 4593 908 4645 ad
950 4589 1333 4672 illuntulucinii
1369 4591 1561 4672 locum
1587 4587 1796 4670 attinet,
1824 4611 1878 4672 Ι)
1906 4587 2188 4672 stellarum,
2215 4587 2348 4659 ete.,
2374 4589 2832 4672 rejectoprimum
2857 4590 3050 4672 littera:
3075 4602 3236 4641 sensu
3257 4587 3496 4672 subjicit,

223 4678 324 4717 non
349 4659 553 4716 constat
581 4679 648 4716 an
677 4659 732 4716 in
763 4677 921 4717 veros
950 4661 1134 4714 Hilarii
1166 4661 1216 4713 in
1249 4660 1351 4714 Job
1377 4669 1633 4714 tractatus
1662 4659 1788 4712 inci-

225 4734 372 4790 derit.
410 4738 514 4787 Aut
544 4742 690 4787 certe
733 4749 764 4787 a
815 4732 1070 4801 praedicto
1113 4745 1298 4786 errore
1344 4747 1471 4800 pura
1509 4729 1798 4801 judicanda

225 4815 340 4860 sunt
384 4822 500 4873 qua.-
543 4804 592 4856 in
635 4803 737 4858 Jul)
775 4799 963 4859 scribit
1005 4801 1254 4862 Hilarius,
1302 4799 1411 4867 aut,
1442 4801 1582 4873 quod
1627 4799 1796 4873 nefas,

226 4871 422 4944 pondus
477 4883 529 4928 et
587 4875 792 4942 pondus
847 4875 1174 4944 Hieronymo
1199 4872 1642 4944 _atlri|ute_ndum.
1697 4871 1798 4936 Qui

227 4940 662 5016 cuimgetterat—im
690 4945 873 5016 Hilarii
901 4940 1066 5016 libros
1093 4940 1343 5016 iuoﬂ'cnso
1364 4942 1492 5016 pede
1512 4943 1799 5016 decurren-

229 5020 318 5070 tlos
345 5012 516 5076 discet,
545 5015 858 5070 nominatim
888 5015 956 5068 de
979 5013 1227 5082 Origenis
1264 5013 1318 5066 in
1354 5013 1455 5067 Job
1487 5012 1800 5068 tractatibus

229 5089 374 5156 epist.
405 5100 556 5140 LXXV
581 5088 655 5140 ait
678 5103 698 5156 7:
728 5086 806 5138 Ad
838 5095 886 5138 te
913 5087 1105 5156 ipsum,
1137 5083 1413 5156 “gilanti,
1439 5083 1636 5156 veniunt
1661 5098 1679 5135 :
1706 5098 1800 5156 cur

232 5154 457 5229 tractatus
487 5161 600 5229 ejus
639 5155 936 5229 (Origenis)
984 5156 1034 5229 in
1073 5155 1493 5229 Job__descriptos
1530 5155 1708 5229 babes,
1746 5154 1800 5205 in

231 5228 393 5298 quibus
423 5224 598 5281 contra
615 5224 876 5280 diabolum
907 5225 1231 5298 et_destellis
1260 5226 1490 5298 calor/ue
1505 5224 1797 5298 disputans,

232 5295 446 5370 quadam
474 5299 674 5352 locutus
696 5309 775 5370 est
795 5314 908 5370 qua;
936 5295 1166 5370 Ecclesia
1205 5313 1306 5349 non
1335 5296 1533 5370 recipit.
1564 5295 1672 5370 Cur
1700 5309 1796 5347 cx-

235 5365 435 5436 probrat
479 5373 593 5422 viro
638 5369 779 5438 quod
809 5365 910 5438 vel
948 5368 1246 5435 descriptos
1284 5365 1524 5437 apud'se
1570 5365 1802 5438 retineat

234 5441 462 5508 Origenis
492 5435 770 5504 tractatus,
799 5447 855 5493 et
879 5437 1088 5508 feminae
1117 5449 1303 5493 auctor
1322 5435 1409 5492 est
1433 5453 1538 5490 non
1563 5435 1802 5508 modout

237 5505 465 5575 retineat,
499 5510 594 5564 Sed
630 5518 686 5564 et
724 5511 865 5580 legat
896 5507 1083 5563 Hilarii
1115 5508 1302 5572 libros,
1334 5509 1434 5562 nisi
1467 5509 1599 5580 quia
1614 5507 1672 5580 in
1717 5505 1800 5559 Itis

239 5597 455 5639 errorem
511 5581 580 5635 de
626 5577 799 5635 stellis
839 5597 942 5633 mm
983 5580 1230 5646 advertit,
1277 5594 1434 5648 quem
1479 5581 1529 5633 in
1571 5577 1679 5633 illis
1715 5593 1802 5632 re-

241 5653 516 5724 spuendum
544 5650 932 5724 duxit?Neque
954 5650 1005 5704 in
1023 5650 1138 5724 boe
1165 5651 1282 5719 ipso
1315 5656 1544 5724 tractatu
1577 5648 1680 5724 nisi
1716 5658 1795 5702 te-

241 5719 368 5780 mere
393 5737 547 5778 error
569 5721 710 5776 idem
738 5719 1055 5790 reprehendi
1087 5729 1283 5789 potest.
1315 5719 1496 5774 Primo
1523 5719 1666 5774 enim
1690 5735 1797 5775 non

243 5797 305 5848 ait
324 5809 409 5850 eas
428 5798 633 5848 tantum
655 5802 996 5848 enumeratas
1025 5805 1146 5847 esse
1175 5790 1497 5857 ereationes,
1527 5804 1646 5858 quae
1681 5791 1794 5844 ani-

1905 4662 2014 4718 Sed
2035 4656 2365 4717 numerantur
2393 4656 2475 4714 hic
2504 4656 2684 4724 stellas,
2717 4677 2842 4729 quas
2869 4656 3128 4712 Abraham
3163 4659 3495 4729 contuitusin

1904 4735 2029 4788 caelo
2071 4744 2168 4800 est,
2200 4751 2326 4804 quas
2369 4732 2522 4804 Isaac
2561 4727 2754 4802 accepit
2793 4732 2846 4804 in
2883 4730 3095 4791 semine,
3135 4744 3260 4795 quas
3298 4727 3496 4804 Paulus

1901 4805 2134 4878 discrevit
2162 4799 2430 4878 ingloria.
2458 4803 2574 4878 Non
2597 4799 2749 4878 enim
2765 4802 3051 4878 obscurum
3079 4799 3488 4878 es_t,_stellarum

1905 4875 2125 4930 nmnine
2163 4869 2368 4931 ele'etns
2411 4882 2466 4929 et
2507 4874 2644 4928 ﬁlios
2687 4873 2920 4927 Abrahae
2961 4885 3084 4923 eum
3127 4869 3490 4936 interpretari.

1904 4945 2090 5014 Neque
2114 4961 2240 5000 vero
2260 4949 2381 5016 quis
2411 4944 2608 4998 dixerit
2637 4945 2832 5016 emtum
2859 4955 2916 5016 et
2948 4951 3145 5016 terram
3176 4939 3492 5008 spiritaliter

1906 5011 2172 5072 intellecta
2204 5011 2390 5072 ad'res
2426 5032 2532 5070 non
2564 5013 2934 5068 dissolvendas
2961 5011 3160 5079 pariter
3184 5024 3494 5063 accommo-

1908 5087 2023 5142 dari
2054 5091 2313 5157 potuisse.
2344 5086 2500 5140 Vetat
2523 5086 2664 5140 enim
2699 5083 2864 5157 illud,
2884 5081 3080 5157 Caelum
3109 5090 3157 5135 et
3185 5089 3323 5157 terra
3347 5091 3493 5157 tran-

1907 5152 2094 5214 sibunt.
2124 5158 2233 5214 Nec
2262 5158 2437 5214 simile
2467 5157 2755 5225 quidquam
2783 5153 3007 5207 habetur
3035 5154 3103 5207 de
3132 5152 3494 5207 creationibus

1907 5231 2155 5298 superius
2196 5227 2524 5285 memoratis.
2559 5227 2779 5280 Demqu
2814 5225 3174 5298 Hieronymus
3203 5225 3362 5298 epist.
3388 5237 3493 5276 an

1907 5294 2378 5370 ad'TIu-ophilum,
2405 5305 2671 5367 quatenus
2695 5297 2978 5370 U_r_igenem
3003 5294 3232 5370 Hilarius
3257 5294 3494 5346 imitatus

1907 5373 1973 5426 sit
2017 5365 2320 5442 declarans,
2359 5365 2485 5425 dum
2526 5371 2690 5422 dicit:
2725 5365 2901 5442 Noxia
2919 5381 3141 5442 raucaque
3181 5365 3488 5442 detruncata

1904 5443 2056 5496 utilia
2081 5441 2362 5506 transtulit,
2392 5442 2525 5494 satis
2553 5451 2738 5505 aperte
2769 5437 3036 5507 signiﬁcat
3057 5432 3211 5488 illum
3243 5432 3488 5507 Origenis

1904 5513 1972 5568 de
2000 5514 2170 5568 stellis
2205 5499 2426 5570 namias.
2461 5517 2520 5564 ut
2553 5499 2674 5564 cum
2707 5499 3259 5580 Liciitioloquamur,
3291 5499 3396 5580 vel,
3431 5505 3490 5577 ut

1903 5597 2026 5638 cum
2051 5585 2168 5652 ipso
2203 5583 2551 5654 Hieronymo,
2589 5595 2708 5650 quas
2736 5577 2977 5632 Ecclesia
3007 5588 3112 5628 nou
3143 5575 3353 5636 recipit,
3387 5575 3488 5619 mi-

1901 5655 2046 5710 nime
2069 5655 2427 5710 transtulisse.

1974 5725 2054 5796 (ά)
2087 5725 2138 5780 In
2173 5741 2274 5782 ms.
2307 5726 2430 5795 quin
2455 5732 2699 5779 internum
2730 5720 2983 5770 maneant.
