3984 6208
503 245 610 301 885

1679 241 1925 300 SANCTI
1964 241 2109 298 ﬂlLA

2211 240 2221 295 l
2263 240 2567 302 enisum
3686 243 3754 297 εει
3803 239 3841 302 It

500 361 640 418 intra
670 371 873 418 metum
907 371 965 418 et
1000 361 1340 430 religionem,
1378 358 1506 412 dum
1535 357 1636 428 ipsi
1669 357 1806 414 intra
1835 359 2094 430 abyssum
2125 359 2178 418 Δ
2206 357 2284 413 illi
2317 359 2502 428 utique
2529 359 2596 414 de
2621 359 2816 424 quibus
2839 359 3046 415 dictum
3067 368 3152 416 est
3181 378 3194 415 :
3229 360 3391 416 Plebs
3419 361 3534 415 hac
3563 360 3760 416 labiis-it
3807 357 3843 430 |'

502 461 809 523 terramque
849 453 1058 523 religati
1101 450 1393 522 impietatis
1437 459 1638 507 nestrm
1672 453 1847 521 pontis
1886 465 2098 522 praepao

502 556 710 609 rantur,
727 554 1058 601 coercerent.
1075 543 1272 598 Natura
1295 545 1450 612 ignis,
1470 545 1608 599 nivis
1633 546 1862 610 candor,
1880 545 1955 616 (a)
1973 561 2100 616 cry-

503 639 646 694 stalli
677 639 896 709 glacies,
939 639 1196 710 procella:
1239 637 1484 709 spiritus,
1537 640 1798 694 montium
1826 637 2047 694 celsitas
2080 678 2097 704 ,

504 731 780 788 distinctio
821 732 1062 797 collium,
1095 731 1353 788 arborum
1388 731 1626 797 (ructus,
1663 731 1957 787 bestiarum
2002 745 2099 785 va-

505 823 692 887 rietas,
728 837 982 892 pecorum
1010 820 1235 882 utilitas.
1263 831 1577 892 serpentum
1609 823 1780 885 nisus,
1813 821 2098 876 volucrum

505 916 738 982 volatus,
765 929 949 988 regum
981 923 1240 983 potestas,
1265 914 1586 984 populorum
1612 912 1922 978 famulatus,
1955 911 2105 981 prin-

505 1007 682 1074 cipum
711 1007 967 1078 dignitas,
988 1006 1230 1078 iudicum
1253 1003 1504 1074 a-quitas,
1531 1014 1750 1062 mtatum
1775 1005 2017 1060 omnium
2047 1011 2101 1060 et

487 1085 734 1157 sexuum
763 1116 964 1167 mores,
990 1099 1186 1167 studia,
1217 1100 1474 1163 virtutes;
1501 1098 1616 1152 [nec
1637 1098 1816 1166 itaque
1842 1096 2022 1151 omnia
2049 1096 2103 1154 in

507 1193 753 1251 diversos
784 1189 1194 1266 inell‘abilesquc
1221 1209 1351 1248 usus
1378 1192 1632 1257 formata,
1665 1193 1954 1255 distincta,
1980 1191 2102 1244 ani-

506 1298 684 1353 mata,
715 1289 948 1359 perlecta
971 1330 986 1354 ,
1018 1287 1296 1347 Creatoris
1328 1288 1721 1360 providentiam
1765 1285 2004 1342 laudant.
2040 1285 2108 1342 Et

507 1396 694 1436 eorum
727 1396 845 1449 qua:
870 1391 960 1434 aut
992 1379 1250 1446 inanima,
1277 1388 1369 1433 aut
1394 1377 1781 1435 irrationabilia
1804 1386 1953 1442 sunt,
1978 1391 2111 1446 qua-

509 1473 577 1529 lis
606 1472 840 1530 laudatio
870 1481 1018 1528 esset
1045 1472 1305 1536 ostendit,
1337 1471 1526 1528 dicens
1558 1488 1572 1528 :
1608 1468 1736 1536 Qua:
1756 1468 1955 1538 faciunt
1987 1484 2102 1524 uer-

510 1564 630 1620 bum
655 1565 768 1630 eius
793 1579 812 1618 :
834 1570 893 1618 ut
920 1576 988 1617 ex
1013 1578 1098 1628 eo,
1129 1563 1274 1634 quod
1300 1563 1354 1617 in
1384 1561 1529 1618 hunc
1553 1559 1856 1618 ofﬁciorum
1887 1575 2110 1618 suorum

2206 452 2444 516 Itonorttt,
2474 469 2561 507 cor
2598 462 2767 510 autem
2801 469 2976 507 eorum
3011 454 3160 526 longe
3191 465 3263 508 est
3290 471 3327 508 a
3367 470 3454 506 me
3483 451 3682 506 (Matth.
3705 469 3762 519 xv,

2204 542 2296 614 8);
2328 543 2424 598 sed
2454 544 2506 598 lti
2539 545 2627 614 qui
2661 545 3008 600 merebuntur
3042 545 3250 612 audire,
3305 543 3494 615 Prope
3529 554 3600 598 est
3634 541 3766 597 Doni-

2208 651 2304 691 uus
2347 637 2581 690 omnibus
2618 636 2969 690 invocantibus
3007 653 3125 691 eum
3160 635 3278 707 (Ps.
3322 651 3520 698 cxuv,
3564 636 3664 702 18).
3698 636 3769 688 ilbi

2207 743 2338 799 ergo
2370 728 2622 799 proprius
2655 727 2743 784 hic
2783 729 3019 800 hymnus
3054 738 3161 790 est.
3204 730 3290 798 qui
3327 730 3452 784 Deo
3496 727 3772 798 propinqua-

2207 821 2365 887 bunt,
2396 822 2489 892 qui
2520 839 2613 891 per
2645 823 2747 878 ltoc
2773 834 2973 879 sancta
3001 822 3300 878 Jerusalem
3337 838 3574 892 regnum
3605 823 3772 876 beatus

2205 922 2417 970 aeterno
2463 931 2632 984 regno
2677 915 2929 984 proximi,
2975 925 3095 986 post
3145 931 3381 988 regnum
3428 916 3641 972 Domini
3680 915 3772 971 less

2206 1003 2409 1060 Christi
2463 1006 2515 1060 in
2585 1021 2808 1075 regnum
2869 1008 2962 1062 Dei
3031 1010 3197 1076 putris
3265 1009 3510 1062 Domino
3595 1024 3772 1078 congre-

2209 1108 2368 1168 gante
2406 1099 2729 1166 transibunt,
2771 1099 3035 1167 Apostolo
3067 1100 3278 1155 dicente
3313 1119 3324 1153 :
3358 1100 3500 1155 Cum
3539 1101 3691 1155 tradet
3715 1118 3773 1154 re-

2210 1205 2366 1260 gnum
2399 1187 2508 1243 Deo
2546 1190 2680 1255 patri
2698 1230 2714 1255 ,
2737 1207 2854 1246 curn
2881 1191 3200 1246 concitaverit
3229 1207 3445 1246 omnem
3481 1191 3779 1262 principatus

2211 1291 2258 1338 et
2289 1297 2488 1336 omnem
2509 1292 2810 1354 potestatem
2833 1293 2881 1338 et
2901 1285 3137 1338 virtutem
3185 1284 3404 1354 Oportet
3433 1285 3576 1338 enim
3594 1301 3696 1339 esst
3718 1301 3778 1338 re-

2211 1391 2393 1444 gnare.
2416 1374 2577 1430 donec
2605 1384 2758 1444 ponat
2779 1392 2954 1432 omnes
2973 1377 3209 1431 inimicos
3231 1377 3324 1431 sub
3347 1377 3577 1448 pedibus
3598 1379 3780 1450 ejss(t).

2217 1467 2466 1526 Omnibus
2503 1469 2638 1525 enim
2680 1468 2922 1542 subjectis
2963 1469 3054 1524 sub
3097 1471 3310 1539 pedibus
3362 1473 3508 1542 ejus,
3557 1470 3783 1524 novissime

2215 1572 2491 1618 matur
2527 1578 2686 1618 mors.
2727 1560 2864 1617 Cum
2909 1563 3106 1618 dixerit
3149 1580 3164 1617 :
3197 1563 3392 1618 Omnia
3433 1573 3558 1618 sunt
3601 1563 3784 1636 subjects

510 1655 620 1710 sint
656 1655 904 1710 ordinem
945 1657 1256 1722 constituta,
1293 1654 1622 1726 praeconium
1658 1653 1776 1723 ejus
1819 1668 1851 1708 a
1887 1667 1996 1723 quo
2036 1653 2111 1710 ita
2137 1722 2180 1730 _
2217 1666 2402 1728 prater
2430 1657 2579 1713 illum
2598 1658 2686 1729 qui
2710 1659 2758 1712 ei
2782 1657 3000 1727 subjecit
3035 1658 3227 1723 omnis,
3259 1667 3386 1712 tunc
3426 1660 3544 1726 ipse
3575 1657 3786 1730 subjects:

512 1749 624 1804 sint
652 1747 896 1804 instituta
926 1757 1209 1803 testentur.

581 1841 636 1898 7.
684 1839 1043 1896 Ratiouolibus
1093 1855 1207 1910 quae
1255 1839 1506 1894 laudandi
1556 1834 1653 1892 Dei
1709 1853 1887 1894 causa.
1941 1838 2110 1909 Regni

509 1933 644 1988 benti
681 1933 844 1990 sedes.
893 1961 964 1974 —
1005 1931 1241 2003 Regibus
1283 1947 1412 1986 vero
1455 1937 1513 1988 et
1553 1929 1766 1984 caeteris
1811 1929 1936 1984 aliis
1971 1939 2110 1987 tam-

508 2041 668 2096 quam
700 2024 925 2082 rationis
953 2023 1330 2088 consortibus,
1368 2022 1482 2078 haec
1513 2019 1766 2076 laudandi
1795 2035 1954 2075 causa
1987 2035 2113 2090 pro-

510 2123 686 2192 posita
715 2131 820 2184 est,
854 2119 1016 2176 Vnus.
1048 2119 1116 2174 15
1143 2111 1156 2175 ξ
1197 2117 1334 2186 Quia
1360 2118 1639 2174 exaltatum
1665 2127 1739 2172 est
1774 2131 1957 2172 nomen
1995 2117 2114 2189 ejus

509 2215 691 2276 solius,
733 2215 988 2284 confessio
1029 2217 1141 2288 ejus
1187 2228 1341 2282 super
1370 2211 1549 2268 talum
1584 2219 1631 2266 et
1672 2219 1879 2266 terram.
1913 2208 1984 2265 Et
2012 2209 2116 2264 liae

511 2305 732 2376 quidem
780 2304 924 2362 Deos
959 2319 1168 2376 regum,
1208 2314 1262 2360 et
1310 2303 1654 2372 populorum,
1683 2312 1737 2356 et
1782 2299 2107 2369 principum,

511 2406 567 2453 et
586 2397 850 2468 iudicum,
881 2406 934 2452 et
964 2405 1183 2452 aetatum
1221 2394 1461 2454 omnium
1503 2391 1891 2450 constitutione
1921 2392 2110 2446 lauda-

515 2491 637 2546 bilis
667 2499 772 2557 est,
802 2489 925 2562 quia
969 2491 1089 2561 (tus.
1131 2489 1260 2560 quo)
1302 2488 1553 2546 humanae
1595 2484 1720 2544 vitae
1756 2500 1976 2544 cursum
2018 2483 2113 2542 tali

513 2582 856 2638 diversorum
899 2581 1207 2638 ofﬁciorum
1245 2580 1642 2649 temperatione
1679 2577 1976 2638 contineat.
2007 2576 2114 2634 Ta-

514 2689 641 2729 men
671 2674 794 2745 quia
823 2673 1001 2730 omnis
1042 2672 1291 2740 superior
1323 2671 1562 2726 laudatio.
1602 2669 1746 2724 beati
1778 2668 1922 2726 illius
1961 2666 2113 2738 regni

516 2770 730 2831 tempus
769 2761 1036 2820 ostendit:
1077 2761 1218 2818 hanc
1256 2775 1476 2816 causam
1519 2760 1693 2818 laudis
1733 2759 1954 2828 adjecit,
1992 2760 2116 2821 quia

515 2856 795 2911 exaltatum
825 2865 900 2910 est
928 2871 1108 2911 nomen
1133 2857 1250 2927 ejus
1273 2854 1451 2910 solius.
1482 2853 1617 2908 Tum
1641 2853 1783 2908 enim
1810 2853 1952 2906 Deus
1974 2866 2114 2908 unus

515 2949 682 3004 etiam
707 2947 775 3002 ab
803 2947 988 3004 invitis
1019 2956 1073 3004 et
1101 2946 1423 3018 intelligitur
1445 2954 1498 3002 et
1523 2944 1598 3017 (b)
1624 2945 1858 3009 videtur,
1888 2944 2116 3019 religato

515 3039 760 3107 diabolo,
788 3050 842 3095 et
882 3039 1094 3112 angelis
1128 3039 1248 3108 ejus
1277 3053 1450 3108 pinnae
1480 3053 1602 3092 cum
1644 3051 1712 3094 eo
1739 3036 1932 3100 aeterni
1975 3034 2113 3106 ignis

515 3131 773 3198 addictis,
807 3140 864 3188 et
897 3131 1043 3189 omni
1080 3130 1402 3202 spiritalium
1442 3128 1802 3200 nequitiarunt
1846 3137 2113 3198 potesutte

523 3226 768 3287 sublata;
815 3239 937 3279 cum
979 3223 1089 3294 jam
1141 3238 1246 3278 non
1297 3233 1596 3292 peccatum,
1640 3235 1745 3275 non
1793 3236 1960 3287 mors,
2006 3237 2113 3276 non

518 3329 767 3377 terrenus
807 3317 894 3374 ltic
925 3317 1155 3372 mundus
1195 3317 1284 3372 sit.
1320 3316 1409 3371 Ait
1439 3317 1614 3381 enim,
1646 3314 1812 3368 Vens.
1848 3317 1910 3369 Il
1938 3333 1950 3367 :
1980 3313 2115 3370 Con-

515 3414 671 3484 fessio
700 3417 811 3488 ejus
850 3429 1002 3485 super
1040 3411 1220 3466 caelum
1265 3421 1312 3466 et
1341 3421 1554 3476 terram,
1595 3421 1641 3472 et
1676 3409 1920 3466 exultavit
1954 3424 2114 3466 cornu

517 3506 699 3576 populi
724 3506 805 3561 sui
834 3521 855 3561 :
875 3504 927 3559 id
949 3513 1049 3571 est,
1077 3504 1132 3558 in
1154 3503 1249 3557 illo
1273 3505 1446 3557 beatzn
1468 3502 1700 3558 civitatis
1721 3501 1865 3556 illius
1891 3502 2110 3567 mulo,

517 3600 610 3654 ubi
637 3613 806 3653 cornu
832 3597 1016 3670 populi
1047 3597 1126 3651 sui
1152 3595 1414 3650 Dominus
1435 3593 1715 3658 exaltabit,
1746 3600 1801 3648 et
1832 3592 2114 3662 incorrup-

518 3691 722 3750 tionem
762 3691 838 3754 ei,
867 3703 992 3758 qua:
1027 3688 1361 3762 signiﬁcatur
1404 3687 1454 3742 in
1487 3703 1678 3753 cornu,
1721 3701 1814 3758 per
1847 3686 2113 3747 honorem

517 3781 943 3839 immortalitatis
964 3779 1258 3849 intpertiet.
1284 3778 1422 3835 Tum
1448 3779 1592 3832 enim
1615 3778 1810 3834 emtum
1841 3793 2038 3831 novum
2061 3786 2115 3831 et

518 3884 663 3930 terra
695 3885 830 3925 nova
859 3871 980 3935 crit,
1005 3885 1126 3924 cum
1161 3870 1244 3924 his
1273 3869 1631 3939 praesentibus
1661 3869 1940 3923 dissolutis
1973 3884 2112 3924 nova

517 3965 607 4022 illa
638 3974 695 4021 et
740 3972 947 4020 :eterna
989 3961 1302 4020 succedent.
1338 3961 1464 4017 Ideo
1493 3959 1763 4022 confessio
1793 3962 1912 4035 ejus
1951 3976 2113 4032 super

515 4056 715 4114 cmlum
742 4062 798 4113 et
819 4065 1018 4114 terram
1044 4051 1301 4109 reddetur
1330 4068 1345 4106 :
1376 4052 1502 4122 quia
1531 4068 1637 4112 non
1675 4051 1727 4110 in
1761 4052 1865 4110 hoc
1889 4053 2108 4120 Saecula,

515 4164 693 4220 neque
717 4147 772 4201 in
805 4145 908 4201 hoc
947 4160 1105 4212 aere,
1140 4144 1235 4201 sed
1279 4146 1331 4200 in
1371 4146 1740 4216 superioribus
1780 4146 1916 4202 locis
1952 4147 2114 4204 sedes

515 4243 660 4298 beati
690 4239 1005 4309 illiust-agni
1041 4244 1125 4294 est
1144 4237 1458 4292 constituta.

590 4337 644 4392 8.
685 4334 916 4407 Pupulus
950 4333 1392 4403 appropinquans,
1420 4332 1508 4402 qui
1547 4332 1656 4399 iam
1689 4332 1746 4392 in
1781 4348 1935 4404 regno
1960 4331 2112 4400 Filii,

516 4429 753 4483 nondum
784 4427 838 4479 in
864 4440 1024 4496 regno
1061 4422 1258 4476 Patris.
1287 4451 1359 4464 --
1386 4422 1452 4477 Et
1487 4422 1613 4492 quia
1640 4421 1770 4476 illttd
1801 4420 2110 4482 senator-um

518 4526 605 4573 est
644 4531 890 4588 regnum,
934 4530 1028 4586 per
1057 4513 1198 4586 quod
1244 4521 1501 4584 regnante
1533 4512 1759 4566 Domino
1802 4513 1868 4566 ad
1901 4515 2113 4568 beatum

517 4622 745 4678 regnum
791 4605 884 4664 Dei
930 4605 1098 4676 patris
1141 4603 1502 4669 adscendcnt;
1547 4602 1822 4672 psalmum
1873 4602 1945 4660 ita
1996 4619 2121 4674 pro-

513 4702 675 4774 pheta
706 4697 1015 4756 conclusit:
1047 4695 1286 4768 liymnus
1323 4696 1562 4754 omnibus
1594 4695 1784 4751 sanctis
1829 4695 1961 4765 ejus,
1993 4697 2118 4765 ﬁliis

515 4795 684 4850 Israel
713 4795 904 4868 populo
941 4790 1373 4867 apprOpinquanti
1415 4790 1531 4844 sibi.
1572 4788 1891 4846 Sanctorum
1934 4793 2111 4846 omnis

521 4888 613 4946 hic
640 4887 874 4958 hymnus
900 4897 1004 4951 est,
1027 4884 1115 4956 qui
1143 4884 1332 4971 Deum,
1361 4897 1466 4938 non
1492 4889 1555 4940 ut
1577 4882 1757 4943 caeteri
1777 4880 1943 4960 648
1965 4900 2118 4954 rcges

515 4987 608 5032 aut
639 4978 912 5046 principes
934 4987 1025 5033 aut
1062 4975 1294 5042 iudices,
1329 4989 1428 5043 pro
1458 4973 1676 5033 virtutis
1711 4984 1764 5029 et
1804 4975 2107 5032 confessio-

511 5071 597 5123 nis
618 5069 974 5122 admiratione
1003 5069 1238 5132 laudent,
1265 5067 1358 5121 sed
1385 5081 1480 5136 pro
1505 5066 1702 5137 gaudio
1723 5077 2110 5122 consummata:

513 5163 568 5218 in
600 5175 660 5216 se
689 5159 1040 5222 beatitudinis
1063 5171 1116 5215 et
1142 5159 1502 5230 gratulatione
1529 5160 1859 5224 cantantium
1892 5177 1904 5212 :
1937 5159 2112 5214 sancti

509 5253 741 5320 scilicet,
770 5254 864 5324 qui
894 5252 1059 5312 lsrael
1085 5252 1182 5315 ﬁlii
1212 5262 1358 5322 sunt,
1385 5253 1496 5317 Deo
1517 5255 1973 5328 propinquantes;
2000 5268 2110 5312 non

573 5433 653 5556 ἔα)
705 5431 988 5504 Quomodo
1029 5428 1310 5501 superiore
1344 5437 1572 5486 tractatu
1620 5447 1768 5486 num.
1810 5432 1864 5499 5,
1908 5434 2094 5505 pruina

609 5505 726 5556 ulte.
757 5511 812 5556 et
850 5501 903 5556 in
950 5502 1081 5556 nsal.
1115 5516 1222 5556 ιιι.
1258 5517 1313 5556 n.
1349 5503 1416 5554 Η
1448 5517 1463 5553 :
1490 5501 1543 5554 in
1581 5505 1904 5556 contentione
1932 5507 2093 5556 victo-

503 5501 812 5568 πεῦιιιωζεςῑ
850 5501 903 5556 in
950 5502 1081 5574 psal.
1115 5516 1222 5574 us,
1258 5517 1313 5558 n.
1345 5503 1416 5574 μ
1448 5517 1463 5553 :
1490 5501 1543 5554 in
1581 5501 2093 5558 contentione—victo-

504 5577 631 5637 riae;
655 5577 726 5628 ita
755 5575 839 5647 hic
870 5569 1306 5647 nunerystallum
1325 5569 1606 5647 dumtaxat
1635 5575 1846 5647 punitur
1866 5583 1958 5630 aut
1982 5578 2095 5647 gla-

2141 4471 2195 4532 D

2137 1722 2187 1786 B
2213 1722 2310 1805 erit
2349 1749 2430 1803 illi
2457 1751 2542 1817 qui
2663 1722 2886 1824 subjecit
2928 1752 3120 1816 omnia,
3160 1722 3220 1804 ut
3245 1751 3310 1804 sit
3355 1722 3510 1805 Deus
3558 1722 3713 1804 omnis
3745 1752 3783 1802 is

2212 1839 2444 1896 omnibus
2465 1838 2612 1911 (Cor.
2643 1857 2733 1907 sv,
2789 1841 2862 1897 35
2900 1851 2949 1896 et
2973 1840 3160 1912 seqq.).
3195 1840 3293 1896 Hic
3321 1857 3462 1912 ergo
3491 1842 3704 1911 populus
3725 1849 3786 1896 est

2213 1933 2583 2004 pr0pinquans
2627 1948 2795 2004 regno
2833 1935 2925 1990 Dei
2966 1933 3133 2006 patris
3172 1949 3269 2004 per
3306 1950 3545 2006 regnum
3583 1933 3672 1988 ﬁlii
3711 1934 3780 1988 Dei

2217 2023 2520 2096 proximus.
2560 2024 2772 2096 Regnat
2810 2027 2993 2097 itaque
3040 2026 3322 2091 Dominus,
3372 2026 3676 2082 traditurus
3705 2026 3788 2080 Deo

2215 2118 2354 2187 patri
2397 2133 2653 2187 regnum;
2702 2134 2810 2174 non
2861 2117 3014 2189 regni
3060 2127 3329 2190 potestate
3375 2120 3674 2181 cariturus.
3715 2117 3786 2172 sed

2213 2223 2335 2275 nos,
2364 2210 2453 2279 qui
2486 2225 2711 2277 regnum
2738 2210 2858 2279 ejus
2889 2225 3098 2277 sumus,
3127 2209 3236 2264 Deo
3264 2210 3407 2279 patri
3447 2209 3726 2264 traditurus
3747 2208 3786 2260 in

2215 2317 2442 2372 regnum
2471 2301 2571 2371 (V.
2605 2303 2643 2359 l.
2678 2317 2731 2357 st
2780 2303 2843 2358 de
2876 2300 3062 2367 Trin.,
3085 2319 3155 2356 ‘n.
3202 2303 3319 2372 59).
3369 2304 3549 2374 Regni
3587 2303 3783 2367 traditio,

2217 2405 2404 2454 nostra
2435 2395 2716 2465 provectio
2744 2403 2858 2459 est;
2903 2402 2962 2450 ut
2990 2395 3078 2465 qui
3121 2395 3174 2449 in
3211 2411 3386 2466 regno
3429 2395 3558 2452 Filii
3598 2397 3781 2458 erimus,

2215 2488 2270 2544 in
2302 2503 2468 2559 regno
2498 2504 2713 2558 quoque
2739 2488 2910 2544 simus
2937 2498 2992 2543 et
3020 2489 3201 2544 Patris
3227 2507 3239 2542 :
3262 2489 3416 2559 digni
3443 2506 3544 2562 per
3578 2489 3628 2544 id
3650 2502 3780 2559 regno

2214 2577 2419 2644 Patris,
2443 2579 2566 2649 quia
2590 2578 2736 2649 digni
2760 2593 2928 2648 regno
2947 2581 3148 2636 erimus
3174 2590 3229 2634 et
3250 2579 3374 2635 Filii
3400 2598 3416 2647 ;
3451 2580 3674 2651 proximi
3694 2590 3779 2632 tum

2215 2671 2391 2727 Patris
2419 2687 2603 2742 regno,
2638 2687 2761 2728 cum
2791 2672 2913 2728 Filii
2940 2671 3021 2742 (ά)
3061 2674 3264 2728 erimus
3295 2675 3348 2728 in
3377 2689 3552 2745 regno
3579 2691 3590 2726 :
3618 2673 3699 2743 qui
3719 2677 3782 2725 est

2216 2763 2539 2824 benedictus
2570 2765 2626 2821 in
2655 2765 2851 2824 secula
2881 2763 3224 2820 mulorum.
3256 2765 3463 2821 Amen.

2723 2897 3039 2956 PSALMUS
3076 2897 3308 2954 CXLIX.

2819 2966 2851 3032 “
2887 3012 3131 3068 Alleluia.

2143 3091 2194 3165 (ἶ
2291 3099 2507 3160 Cantate
2527 3100 2753 3158 Domino
2781 3105 3032 3160 canticum
3053 3121 3264 3176 novum,
3286 3106 3403 3162 laus
3432 3106 3614 3181 (infra,
3644 3104 3783 3166 lautis-

2217 3193 2310 3268 tio)
2344 3198 2453 3268 ejus
2485 3195 2536 3248 in
2569 3197 2779 3249 ecclesia
2801 3205 3117 3250 sanctorum.
3140 3196 3362 3266 Ltetetur
3389 3196 3561 3251 Israel
3575 3199 3621 3249 in
3641 3212 3690 3249 co
3715 3193 3784 3264 qui

2216 3285 2337 3357 fecit
2381 3302 2514 3351 eum,
2546 3295 2594 3340 et
2633 3287 2730 3354 lilii
2779 3286 2905 3341 Sion
2941 3288 3193 3341 exsultent
3237 3304 3390 3360 super
3441 3305 3605 3362 regem
3642 3302 3778 3340 suum.

2218 3379 2454 3440 Laudent
2483 3397 2665 3438 nomen
2695 3381 2807 3449 ejus
2844 3381 2896 3436 in
2927 3383 3107 3445 choro,
3139 3383 3194 3435 in
3221 3392 3475 3455 tympano
3507 3392 3553 3436 et
3579 3380 3783 3451 psalmis

2217 3471 2449 3542 psallunt
2466 3471 2529 3526 ei.
2559 3472 2814 3536 Quoniam
2830 3469 3198 3542 beneplacitum
3221 3483 3292 3528 est
3309 3471 3538 3528 Domino
3563 3475 3612 3526 in
3623 3469 3779 3543 populo

2225 3581 2319 3619 suo
2351 3581 2370 3619 :
2397 3565 2638 3620 exaltabit
2661 3563 2846 3634 (Infra,
2881 3565 3147 3635 exaltabit)
3177 3577 3472 3621 mansuetos
3502 3567 3553 3619 in
3579 3565 3776 3618 salutem.

2218 3656 2565 3712 Exsttltabunt
2578 3657 2738 3710 sancti
2752 3657 2803 3710 in
2819 3657 3017 3730 gloria:
3035 3657 3342 3714 ltclttbuntttr
3354 3658 3404 3712 in
3424 3657 3668 3713 cubilibus
3679 3654 3776 3708 sttit.

2218 3748 2603 3804 Exsultationes
2634 3749 2727 3803 Dei
2757 3751 2810 3804 in
2833 3750 3066 3818 faucibus
3093 3750 3292 3822 (Infra,
3323 3751 3566 3822 gutture)
3595 3762 3741 3807 eorum
3769 3761 3778 3793 :

2216 3851 2266 3896 et
2285 3842 2488 3912 gladius
2500 3843 2739 3912 ancipitis
2757 3841 2938 3914 (Infra,
2961 3842 3122 3916 gladii
3144 3842 3220 3896 bis
3240 3842 3403 3913 scuti)
3423 3845 3478 3897 in
3492 3841 3703 3896 manibus
3714 3852 3781 3888 ea-

2213 3949 2352 3998 rum,
2371 3935 2437 3988 ad
2450 3935 2736 4006 faciendam
2751 3935 3025 3988 vindictam
3047 3935 3099 3990 in
3113 3937 3427 4000 nationibus,
3447 3931 3780 4004 increpatione;

2217 4026 2403 4099 (Infra,
2427 4026 2828 4101 objurgationes)
2854 4030 2908 4082 in
2929 4029 3156 4098 papulis.
3180 4029 3261 4082 Ad
3288 4029 3584 4102 alligandos
3603 4021 3779 4097 regesin

2216 4120 2433 4174 manicis
2459 4130 2506 4175 et
2535 4119 2740 4192 (Abest
2762 4118 2899 4174 infra
2932 4122 3145 4200 manicis
3171 4107 3243 4190 et)
3271 4123 3612 4194 compedibus,
3643 4128 3682 4171 et
3708 4131 3779 4167 κο·

2217 4213 2342 4268 biles
2363 4231 2538 4270 eorum
2578 4216 2630 4268 in
2660 4215 2874 4270 vinculis
2901 4216 3102 4286 ferreis.
3137 4214 3205 4270 Ut
3235 4216 3428 4287 faciant
3467 4217 3519 4269 in
3556 4215 3621 4267 eis
3659 4208 3769 4275 itttli~

2217 4307 2355 4363 cium
2376 4306 2718 4376 conscriptum
2744 4323 2762 4360 :
2789 4307 2953 4381 gloria
2971 4308 3078 4362 htec
3104 4316 3179 4364 est
3204 4308 3439 4362 omnibus
3470 4306 3649 4363 sanctis
3667 4305 3771 4375 ejus.

2573 4420 2739 4496 349
2762 4420 3176 4486 TRACTATUS
3215 4422 3487 4478 PSALMI.

2297 4513 2350 4569 ι.
2374 4508 2572 4578 Psalmi
2597 4497 2876 4582 superioris
2904 4514 3352 4586 recapitulatio.-—
3388 4513 3640 4588 Superior
3667 4504 3778 4580 p531.

2221 4619 2343 4668 mus
2367 4619 2582 4660 omnem
2611 4603 2949 4662 creationum
2992 4604 3366 4660 diversitatem
3393 4606 3460 4659 ad
3490 4603 3681 4659 laudem
3703 4593 3777 4650 Dei

2221 4697 2482 4752 creatoris
2521 4706 2603 4752 cst
2635 4696 2954 4752 adhortatus
2981 4715 2994 4751 :
3023 4705 3077 4752 et
3125 4698 3260 4751 ordo
3291 4712 3319 4750 ει
3350 4697 3651 4754 ραςιεειίιιιις
3691 4702 3779 4743 ro:-

2221 4797 2369 4860 ptus,
2402 4797 2592 4842 cuncta
2624 4797 2786 4844 terra!
2815 4803 2878 4843 ac
2916 4789 3078 4842 maris
3103 4798 3154 4844 et
3185 4789 3334 4868 aeris.
3372 4786 3650 4843 animantia
3675 4793 3776 4852 pct-

2220 4881 2405 4946 currit,
2438 4880 2687 4936 universo
2716 4896 2929 4958 quoque
2955 4895 3154 4950 genere
3176 4889 3418 4944 aetatum,
3451 4890 3675 4938 sexuum,
3704 4883 3778 4938 p0-

2219 4983 2474 5029 testatutn
2506 4974 2574 5028 ad
2606 4974 2867 5029 honorem
2900 4973 3096 5028 debitae
3127 4972 3488 5028 confessionis
3514 4963 3773 5024 admonitO.

2218 5078 2276 5124 ut
2298 5068 2523 5139 gloriam
2548 5067 2684 5140 eius,
2705 5069 2796 5137 qui
2825 5078 2884 5120 se
2907 5066 2972 5120 ad
2997 5067 3158 5120 vitam
3181 5066 3498 5132 animasset,
3523 5063 3772 5118 ﬁrtnassel.

2217 5169 2510 5228 ornasset,
2557 5160 2675 5230 pius
2726 5157 3022 5230 gratiarum
3074 5172 3254 5212 sermo
3309 5156 3618 5212 celebraret.
3645 5150 3772 5204 Post.

2214 5269 2398 5327 quam,
2429 5261 2492 5310 ut
2533 5253 2752 5323 dignum
2805 5250 2927 5319 fuit,
2961 5250 3231 5322 Propheta
3274 5249 3469 5322 psalmi
3512 5244 3662 5315 hujus
3688 5237 3773 5292 line

2304 5435 2359 5501 b)
2386 5433 2476 5490 Sic
2502 5446 2603 5488 ms.
2635 5431 2704 5486 At
2731 5431 2887 5497 editi,
2917 5431 3190 5487 videbitur.

2387 5502 2668 5589 BadquEr;
2698 5514 2751 5584 et
2783 5495 2937 5586 Lips.
2965 5501 3153 5558 Omnes
3183 5501 3320 5589 enim
3343 5501 3576 5589 subjiciat
3593 5495 3764 5589 subiti:

2203 5568 2352 5648 dibu}
2374 5578 2502 5648 ejus.
2533 5571 2826 5648 Novissima
2851 5568 2992 5636 enim
3008 5575 3335 5630 cvacuabitur
3355 5568 3510 5629 mors.
3541 5571 3594 5626 γ.
3620 5568 3698 5626 Iilt.
3721 5574 3766 5614 st

507 5646 627 5716 cies,
674 5646 767 5697 sed
803 5642 1032 5714 crystalli
1065 5640 1286 5712 Vglncies,
1325 5640 1535 5696 duobus
1575 5644 1783 5716 legendi
1817 5640 2094 5706 modis'ita
2201 5647 2270 5702 de
2301 5640 2474 5716 Trin,
2510 5659 2564 5700 n.
2599 5642 2692 5716 22.

505 5713 793 5780 adoptatts.

2278 5717 2358 5790 (tt)
2388 5714 2554 5783 Editi,
2592 5714 2778 5782 erimus
2805 5729 3064 5791 regnum:
3093 5713 3440 5786 corriguntur
3469 5728 3536 5774 ex
3568 5708 3681 5778 ms.)
