3984 6208
130 233 283 291 885

1296 241 1717 304 TRACTATUS
1753 242 1822 301 IN
1858 244 2073 306 CXLIX
2107 249 2459 313 PSALMUM.

3426 268 3536 329 886

136 355 507 451 Droprinm
552 358 715 451 officii
743 363 826 420 sui
854 375 1048 418 munus
1074 357 1401 431 explerent,
1429 356 1681 414 omnibus
1709 357 1825 429 qui-
1852 358 1902 423 Α
1930 358 2154 417 Lwtetur
2172 362 2341 423 Israel
2360 367 2415 422 in
2435 386 2493 427 eo
2515 373 2605 445 qui
2628 376 2750 449 fecit
2768 393 2909 447 eum,
2924 386 2975 435 et
2995 379 3095 451 ﬁlii
3131 378 3534 439 Sioaewsultent

135 442 309 500 dem
350 448 444 504 ad
472 448 686 508 laudem
715 453 949 509 divinam
977 452 1303 516 adhortatis,
1329 451 1588 525 hymnum
1620 457 1827 507 tantum

138 552 307 595 esse
357 554 695 601 sanctorum
744 548 862 617 ejus
902 546 1170 612 ostendit,
1227 544 1348 601 ﬁliis
1392 544 1602 601 scilicet
1639 542 1827 612 Israel,

140 638 418 706 populo
446 638 542 709 qui
578 639 732 695 lleret
763 642 871 696 Deo
910 642 1191 713 proximus
1223 655 1237 706 ;
1271 646 1329 693 ut
1357 654 1478 694 cum
1508 636 1829 693 universitas

142 730 382 785 omnis
425 732 599 795 Deum
633 746 697 786 ex
729 731 851 787 vitae
887 746 998 786 suae
1040 746 1203 786 sensu
1232 739 1286 785 et
1323 729 1681 801 gratulatione
1715 728 1830 784 lau-

139 819 413 888 dasset,
445 822 612 879 Israel
646 834 822 880 tamen
846 824 921 897 (a)
936 827 983 881 ei
1010 825 1161 882 Solus
1187 822 1543 896 approprians
1568 823 1827 895 hymnum

144 911 236 967 de
297 916 665 987 cognitionis
710 932 774 971 ac
835 916 1163 989 dignationis
1224 915 1418 969 divina:
1464 913 1828 968 familiaritate

146 1016 491 1062 cantaret.
520 1006 651 1063 Post
680 1024 801 1079 qua:
847 1024 991 1065 nunc
1036 1008 1102 1064 ad
1130 1006 1452 1064 cantandum
1488 1006 1597 1063 Deo
1627 1021 1824 1061 novum

149 1098 493 1153 canticum
525 1098 600 1171 (b)
628 1102 933 1155 incitamur.
952 1100 1018 1155 Et
1049 1099 1187 1157 forte
1215 1100 1345 1154 nihil
1377 1099 1515 1153 ultra
1539 1097 1827 1167 reliquisse

144 1190 467 1261 psalmus
496 1194 741 1249 anterior
761 1193 1017 1248 novitatis
1043 1192 1523 1263 admirationisque
1549 1189 1823 1258 credatur,

148 1296 306 1337 cum
348 1285 407 1337 si
444 1285 577 1357 quid
607 1285 738 1340 illud
768 1285 820 1340 in
848 1285 1207 1358 gratulatione
1229 1291 1711 1353 nostrasansuque
1732 1284 1822 1351 sit,

155 1375 452 1445 idipsum
509 1377 559 1432 in
601 1378 761 1433 laude
800 1388 1055 1449 oportere
1122 1393 1243 1433 esse
1305 1375 1676 1449 praeseriptum
1732 1375 1821 1431 sit.

154 1465 422 1523 Eﬂ'crre
486 1478 665 1527 autem
713 1484 773 1526 se
817 1470 953 1525 ultra
997 1470 1274 1525 caelestem
1320 1469 1504 1524 sedem
1548 1466 1619 1542 (c)
1670 1482 1824 1542 meus

160 1573 391 1618 nostra
425 1579 543 1618 non
574 1563 776 1619 sufﬁcit
808 1584 820 1619 :
846 1565 940 1621 sed
970 1566 1193 1627 laudare
1226 1565 1392 1621 Deum
1421 1581 1483 1620 ea
1513 1580 1632 1635 qua:
1662 1580 1824 1635 supra

156 1657 368 1710 caelos
405 1663 549 1709 sunt
575 1656 956 1713 admonentur.
992 1656 1227 1712 Rursum
1275 1665 1453 1710 autem
1505 1670 1564 1710 se
1604 1655 1826 1712 tendere

1930 468 2087 522 super
2111 471 2279 527 regem
2332 475 2479 516 suum
2501 479 2521 519 :
2552 465 2766 524 laudent
2817 487 3003 527 nomen
3032 475 3145 546 ejus
3169 471 3226 528 in
3254 471 3433 541 cltoro,
3469 473 3529 528 in

1933 553 2173 619 tympano
2211 560 2257 604 et
2289 553 2532 623 psalteria
2570 561 2796 629 psallunt
2828 564 2893 620 ei.
2932 562 3004 638 (ε)
3032 562 3093 621 Id
3119 571 3224 631 est.
3248 564 3302 620 in
3330 579 3398 624 eo
3430 565 3527 638 qui

1932 640 2229 696 secundum
2264 648 2597 717 nonagesimi
2621 661 2676 707 et
2705 655 2875 726 quinti
2906 657 3096 727 psalmi
3127 661 3396 714 canticum
3424 674 3527 714 no-

1929 744 2054 795 yum
2096 736 2340 807 regnabit
2389 739 2443 795 in
2488 744 2763 814 gentibus,
2797 757 2852 805 et
2896 748 2962 822 (f)
2987 765 3148 819 quem
3192 749 3245 805 in
3276 750 3527 822 sequenti

1930 825 2141 881 cantico
2186 845 2362 898 novo,
2412 832 2468 889 in
2499 835 2838 895 mirabilibus
2880 840 3034 897 factis
3090 843 3202 899 suis
3232 842 3525 900 Dominum

1930 919 2160 976 salvabit
2199 923 2421 980 dextera
2462 944 2579 985 sua.
2629 931 2806 1004 Super
2828 933 2931 991 hoc
2971 937 3133 1007 igitur
3160 953 3288 1010 rege
3315 938 3529 996 laetatur

1927 1011 2092 1070 Israel
2123 1025 2177 1073 et
2224 1018 2355 1075 Sion
2404 1022 2519 1089 filii,
2563 1026 2682 1095 ejus
2725 1028 2934 1086 scilicet
2975 1029 3108 1088 Sion
3131 1047 3251 1103 quae
3276 1033 3526 1090 materia

1928 1107 2082 1161 ctelis
2103 1117 2206 1174 est,
2238 1127 2356 1182 quae
2397 1117 2826 1189 conscriptorum
2873 1121 3269 1195 primitivorutn
3292 1133 3347 1180 et
3366 1139 3528 1197 ange-

1929 1197 2107 1254 lorum
2137 1199 2593 1273 frcquentantium
2635 1210 2829 1269 civitas
2856 1222 2937 1269 est
2963 1230 2979 1279 ;
3013 1222 3070 1270 et
3104 1213 3272 1271 Israel
3299 1214 3410 1282 ille,
3437 1216 3530 1287 qui

1927 1291 2121 1359 spiritu
2159 1308 2265 1349 non
2314 1295 2493 1354 littera
2531 1298 2778 1373 (subaud.
2824 1305 3061 1376 laetetur)
3083 1315 3140 1363 et
3178 1321 3341 1378 super
3365 1322 3529 1379 quem

1928 1382 2174 1452 Apostoli
2209 1401 2310 1457 pax
2338 1397 2424 1445 est
2475 1389 2621 1463 (Gal.
2671 1410 2747 1459 vr,
2777 1395 2890 1468 lli).
2926 1397 2989 1453 Hi
3017 1413 3149 1470 ergo
3178 1398 3293 1465 lilii,
3319 1400 3410 1470 qui
3432 1415 3528 1456 su-
3597 1424 3607 1437 ε

1927 1475 2222 1543 scipientes
2253 1481 2685 1556 conﬁtentesque
2725 1502 2907 1559 regem
2954 1489 3046 1544 lilii
3077 1491 3171 1546 Dei
3220 1491 3351 1547 facti
3378 1502 3527 1563 sunt,

1927 1574 1983 1621 et
2005 1565 2056 1620 hi
2082 1583 2211 1640 ergo
2250 1573 2342 1642 qui
2376 1574 2426 1627 in
2456 1589 2687 1646 corpore
2721 1579 2888 1634 Deum
2918 1582 3118 1637 mentis
3145 1582 3318 1639 oculis
3364 1597 3532 1651 agno-

1924 1669 2141 1728 verunt,
2176 1663 2502 1722 ltetabuntur
2529 1668 2581 1723 in
2627 1669 2819 1738 choro,
2850 1672 2904 1727 in
2935 1680 3194 1746 tympano
3232 1673 3523 1743 psalterio-

160 1747 330 1801 ultra
385 1746 585 1820 abyssi
629 1747 1046 1804 immensitatem
1085 1746 1454 1821 intelligentia:
1481 1756 1679 1803 nostrae
1708 1748 1826 1818 opi-
1854 1752 1903 1815 B
1931 1768 2035 1822 que
2082 1754 2397 1825 psallentes.
2427 1760 2553 1815 llazc
2582 1772 2762 1818 autem
2817 1779 2971 1819 musa
2999 1765 3066 1836 (ι’.
3105 1768 3296 1837 causa)
3323 1765 3529 1820 ltetitize

159 1841 270 1897 nio
307 1855 441 1900 non
471 1850 654 1912 potest
692 1859 705 1895 :
734 1857 921 1897 verum
951 1857 1037 1910 ea,
1068 1856 1189 1914 quae
1230 1841 1282 1896 in
1315 1840 1400 1895 his
1423 1850 1571 1906 sunt,
1616 1839 1683 1894 ad
1714 1841 1829 1896 lau-

164 1930 264 1987 dis
294 1930 571 1989 oflicium
621 1931 977 1988 advocantur.
1006 1931 1125 1988 Jam
1157 1946 1285 1985 vero
1333 1930 1449 2001 ipsa
1498 1930 1584 1985 illa
1632 1941 1824 1986 natura

164 2023 334 2078 aeris
363 2023 428 2077 in
450 2023 745 2094 grandine,
774 2022 1219 2095 nive,crystallo,
1244 2022 1603 2092 procellaeque
1634 2021 1826 2091 spiritu

170 2117 512 2172 concinere
536 2116 763 2187 gloriam
789 2124 955 2171 tantm
986 2115 1161 2170 laudis
1194 2114 1474 2184 jubentur.
1495 2113 1629 2169 Tum
1661 2129 1826 2185 porro

169 2209 553 2265 universitas
596 2209 813 2281 generis
869 2208 1092 2263 humani
1142 2207 1194 2262 in
1251 2207 1490 2278 regibus,
1527 2205 1580 2261 iu
1625 2203 1828 2276 princi-

171 2301 378 2374 pibus,
414 2302 477 2356 in
508 2300 801 2371 judicibus,
826 2302 880 2357 in
916 2302 1061 2357 omni
1088 2301 1169 2357 vel
1226 2300 1403 2354 aetatis
1428 2298 1583 2365 ﬂore,
1604 2298 1692 2355 vel
1735 2312 1825 2354 se-

174 2395 449 2453 nectutis
506 2395 838 2461 maturitate,
885 2396 974 2451 Dei
1024 2394 1236 2451 laudem
1289 2401 1510 2449 cantare
1555 2402 1824 2463 praecepta

179 2501 295 2559 est;
329 2492 475 2563 quia
512 2491 625 2546 lucc
648 2491 830 2547 omnia
856 2490 957 2545 sibi
982 2489 1375 2561 impcrturhato
1402 2501 1563 2545 cursu
1588 2486 1826 2541 modera-

181 2596 362 2656 toque
392 2584 732 2650 consistant,
761 2583 1038 2655 ﬂuuntque
1069 2581 1323 2638 universa
1372 2580 1445 2636 ita
1477 2586 1684 2633 natura)
1712 2592 1824 2633 sua:

178 2675 312 2749 lege
342 2686 659 2748 praecepta.
688 2685 745 2733 ut
774 2676 1043 2732 decedere
1074 2675 1158 2733 his
1184 2689 1248 2729 ex
1276 2688 1339 2732 ea
1362 2686 1469 2743 qua
1497 2679 1678 2727 creata
1701 2679 1825 2727 sunt

185 2769 614 2826 constitutione
644 2784 752 2823 non
782 2767 962 2823 liceat.

260 2861 591 2927 ‘2.Quorum
620 2862 891 2934 proprium
920 2860 987 2915 sit
1016 2860 1113 2915 hoc
1132 2860 1389 2915 canticum
1408 2852 1824 2911 novum—Cum

189 2969 329 3025 ergo
360 2953 547 3019 nulla,
577 2961 728 3008 extra
770 2951 886 3009 haec
938 2967 1119 3008 rerum
1159 2951 1465 3007 divinarum
1493 2950 1824 3006 caelestium-

190 3063 302 3120 que
324 3046 585 3114 decreta,
615 3045 863 3101 videatur
892 3044 1098 3105 homini
1128 3059 1386 3101 concessa
1417 3058 1538 3099 esse
1565 3043 1821 3114 cognitio,

1930 1847 1983 1901 in
2018 1846 2381 1905 tabernaculis
2412 1850 2682 1921 iustorum
2710 1866 2815 1916 est.
2837 1862 2895 1911 et
2920 1855 2975 1911 in
2995 1855 3336 1929 symphonia:
3364 1866 3529 1915 canttt

1927 1935 1995 2009 (f.
2030 1947 2084 1992 et
2134 1942 2473 2012 symphonia:
2502 1944 2717 2018 cantus)
2746 1946 2800 2002 in
2829 1945 3016 2003 reditu
3068 1946 3167 2005 lilii
3212 1948 3528 2021 pcenitentis

1926 2027 2164 2084 auditur.

1999 2121 2053 2176 5.
2087 2120 2255 2179 Homo
2287 2126 2545 2182 creatione
2577 2127 2688 2183 Deo
2732 2129 2963 2200 placens,
2996 2139 3205 2207 peccato
3225 2131 3528 2209 displicens,

1926 2212 1979 2266 in
2011 2211 2215 2270 Christo
2254 2217 2378 2272 bene
2408 2217 2623 2289 placuit.
2651 2252 2723 2262 —
2751 2221 2882 2291 Quae
2928 2234 3108 2279 autem
3141 2241 3284 2283 nunc
3311 2226 3529 2296 proprie

1928 2316 2051 2377 post
2080 2318 2449 2365 creaturarum
2482 2312 2871 2379 laudationem,
2923 2323 2979 2371 et
3005 2317 3287 2389 superiora
3314 2317 3528 2375 cantica

1927 2414 2085 2464 nova,
2113 2400 2271 2471 hujus
2286 2404 2479 2458 cantici
2499 2405 2618 2459 novi
2642 2418 2802 2461 causa
2825 2416 2987 2474 esset,
3015 2408 3251 2465 ostendit
3297 2408 3483 2465 dicens
3506 2451 3522 2475 ,

1926 2487 2092 2544 Vsus.
2118 2493 2150 2545 4
2179 2502 2233 2546 et
2255 2492 2288 2548 5
2320 2510 2333 2547 :
2368 2493 2500 2561 Quia
2530 2495 2904 2564 beneplacitum
2950 2508 3021 2553 est
3071 2498 3292 2553 Domino
3346 2500 3396 2552 in
3427 2515 3523 2568 po-

1928 2583 2050 2651 pulo
2099 2598 2234 2639 suo:
2272 2585 2516 2639 exaltabit
2565 2598 2858 2643 mansuetos
2904 2591 2960 2643 in
3015 2592 3252 2646 salutem.
3280 2590 3529 2649 Exsulta-

1926 2671 2050 2725 bunt
2076 2676 2237 2728 sancti
2293 2676 2346 2729 in
2390 2677 2579 2747 gloria.
2614 2677 2804 2733 Omnia
2831 2680 3048 2750 quidem
3102 2683 3214 2739 Deo
3243 2699 3365 2739 cum
3393 2692 3522 2742 sunt

1926 2773 2105 2820 creata
2150 2768 2506 2838 placuerunt.
2555 2769 2757 2827 Genesi
2807 2780 3044 2832 testante
3092 2792 3214 2832 cum
3246 2776 3424 2835 dicit:
3458 2777 3524 2835 Et

1926 2856 2050 2912 vidit
2084 2857 2223 2914 Deus
2271 2862 2391 2932 quia
2436 2861 2569 2916 bona
2613 2873 2735 2921 sunt
2781 2862 2933 2937 (Gen.
2980 2883 3018 2930 ι.
3070 2866 3205 2939 51);
3238 2868 3332 2923 sed
3360 2868 3529 2927 bene-

1928 2949 2182 3023 placitum
2240 2953 2289 3008 ei
2337 2952 2389 3008 in
2439 2956 2637 3026 populo
2668 2970 2765 3011 suo
2794 2972 2916 3013 esse
2943 2959 3343 3029 cognoscimus.
3377 2959 3524 3017 Bona

1925 3041 2140 3115 quidem
2195 3045 2400 3101 creatio
2458 3047 2693 3103 hominis
2738 3058 2821 3104 est
2852 3091 2867 3117 ,
2926 3046 3003 3122 (g)
3058 3058 3116 3104 ut
3162 3067 3280 3119 qua:
3313 3050 3526 3108 initium

193 3139 658 3215 cognitionisque
681 3139 952 3204 laudatio;
975 3137 1272 3205 videamus,
1300 3137 1365 3191 ad
1388 3135 1531 3207 quod
1561 3151 1703 3191 nunc
1726 3152 1824 3189 no-
1852 3126 1897 3191 C
1931 3135 2222 3190 creationis
2250 3137 2547 3193 secundum
2584 3140 2845 3211 originem
2882 3141 2972 3194 Dei
3004 3139 3528 3215 sitnilitudiuemque

192 3250 326 3289 vum
385 3231 671 3289 canticum
715 3232 1076 3300 advocemur,
1121 3247 1241 3287 cum
1296 3231 1526 3297 dicitur,
1555 3229 1715 3284 Vens.
1754 3230 1824 3286 ιε

199 3322 427 3382 Cantate
481 3321 708 3379 Domino
761 3324 1019 3379 canticum
1058 3339 1266 3377 novum.
1300 3322 1394 3377 Est
1424 3321 1580 3391 plane
1628 3336 1824 3375 novum

201 3419 521 3472 canticum.
552 3414 718 3487 Cujus
760 3416 978 3485 quidem
1022 3415 1147 3471 novi
1177 3417 1370 3471 cantici
1409 3414 1824 3486 gratulationem

201 3511 313 3580 jam
339 3510 524 3585 650
544 3508 623 3584 (tl)
651 3517 703 3564 et
727 3510 777 3563 in
798 3510 1165 3581 superioribus
1185 3509 1427 3580 psalmis,
1445 3508 1702 3577 inquibus
1725 3523 1824 3563 no-

204 3618 332 3658 vum
360 3603 641 3657 canticum
672 3610 939 3669 cantatur,
967 3601 1336 3667 ostendimus;
1360 3616 1480 3655 cum
1505 3600 1559 3657 in
1581 3600 1826 3669 gentibus

209 3680 483 3759 Dominus
542 3710 663 3751 esse
715 3703 1037 3766 regnaturus
1093 3693 1395 3751 ostenditur
1418 3691 1536 3767 (Ps.
1561 3693 1820 3764 aetum),

209 3801 334 3843 cum
360 3790 548 3863 ipsum
568 3786 633 3841 ad
663 3786 813 3857 regni
833 3787 1058 3858 gloriam
1081 3786 1300 3842 dextera
1327 3800 1421 3841 sua
1453 3784 1681 3839 saIVabit
1701 3783 1820 3857 (Ps.

211 3894 380 3945 xcvu,
412 3879 494 3951 l),
539 3893 662 3935 cum
715 3892 1002 3935 assumens
1051 3893 1117 3935 ex
1147 3876 1359 3933 inferno
1389 3876 1622 3931 animam
1672 3891 1823 3931 suam

216 3986 317 4025 nos
348 3985 542 4027 secum
584 3971 877 4047 assumpsit
918 3971 969 4023 in
1003 3983 1180 4040 reges.
1223 3968 1505 4043 Proprium
1555 3982 1685 4038 ergo
1724 3968 1825 4023 hoc
1872 3984 1875 3989 ‘

217 4063 497 4118 canticum
548 4077 743 4116 novum
774 4069 858 4116 est
888 4060 1089 4117 sanctis
1118 4060 1255 4131 ejus.
1287 4058 1343 4117 Id
1370 4061 1511 4116 enim
1543 4062 1822 4131 sequitur:

219 4152 481 4209 Laudatio
510 4157 621 4228 ejus
672 4155 725 4209 in
776 4152 1016 4209 Ecclesia
1059 4160 1372 4206 sanctorum.
1408 4151 1571 4207 Vens.
1619 4151 1655 4205 2
1692 4153 1823 4208 e13.

321 4309 375 4378 α)
397 4310 528 4364 Par.
560 4308 672 4380 ejus
696 4308 837 4364 solus
863 4325 885 4363 :
910 4307 1208 4377 castigatur
1226 4320 1296 4361 ex
1327 4320 1429 4360 ms.

321 4312 375 4378 α)
397 4312 528 4364 Par.
560 4312 672 4380 ejus
696 4312 837 4364 solus
863 4325 885 4363 :
910 4312 1208 4377 castigatur
1226 4320 1296 4361 ex
1327 4320 1429 4360 ms.

297 4312 373 4453 ἱὸ)
415 4382 553 4450 Quae
596 4391 898 4453 sequuntur
921 4421 937 4446 ,
990 4385 1225 4453 primum
1253 4393 1320 4453 ea
1356 4391 1483 4453 gms;
1520 4376 1828 4435 Iliciaeensi

229 4447 590 4523 vulgata'sunt
610 4451 847 4523 editione
871 4450 1159 4523 Earisieusi
1186 4448 1317 4523 anni
1346 4447 1507 4515 1605,
1531 4464 1653 4503 cum
1675 4454 1824 4520 prius

232 4518 626 4581 hic'desineret
651 4521 840 4576 Hilarii
870 4518 1322 4575 Commentarios.

305 4595 382 4663 (c)
433 4592 589 4662 Apud
622 4592 745 4649 Par.
777 4601 835 4645 ut
891 4594 943 4645 in
1001 4607 1102 4645 ms.
1149 4605 1441 4644 mensuram
1465 4606 1566 4644 non
1596 4591 1828 4662 sufﬁcit:

234 4672 511 4734 corrupte.
563 4663 875 4729 Legendum
944 4676 1067 4718 esse
1119 4677 1261 4715 mens
1307 4672 1500 4734 nostra,
1550 4663 1830 4731 sequentia

234 4733 563 4795 conticinium
594 4755 608 4791 :
640 4749 742 4795 nec
771 4750 1020 4804 magnum
1075 4734 1127 4786 in
1157 4733 1428 4789 veteribus
1455 4733 1608 4789 libris
1634 4734 1832 4789 discri-

239 4821 360 4876 men
412 4805 553 4861 inter
585 4803 873 4876 utramque
899 4803 1189 4859 lectionem
1223 4806 1495 4876 interesse
1518 4814 1714 4858 norunt
1744 4821 1836 4873 pe-

241 4875 350 4930 riti.
395 4876 515 4931 Mox
545 4878 596 4932 in
649 4892 752 4929 tus.
784 4873 1154 4939 admonentur,
1186 4873 1382 4944 ubique
1414 4875 1685 4945 vulgatum
1719 4884 1837 4929 erat

242 4949 597 5004 admonemur.
1300 4948 1310 4961 ’

314 5016 399 5090 (di
450 5019 560 5075 iluc
607 5017 825 5089 quidem
874 5015 1107 5090 quodam
1155 5021 1312 5090 pacto
1366 5025 1646 5090 ostensum
1672 5026 1756 5090 est
1782 5016 1836 5081 in

246 5086 337 5210 ps;
360 5105 542 5145 cxutt.
577 5086 638 5145 n.
669 5093 757 5154 lt);
790 5086 1035 5143 sedetttn
1060 5090 1202 5142 dicat
1225 5086 1457 5140 llilarius
1476 5089 1526 5138 in
1552 5089 1837 5153 superiori-

279 5174 338 5210 us
366 5160 597 5210 psalmis-
641 5175 746 5210 non
799 5160 851 5210 in
880 5159 1161 5210 suneriore
1196 5158 1423 5210 nsalmo.
1464 5157 1655 5210 hisuue
1703 5159 1837 5210 adii-

279 5174 338 5213 us
366 5160 598 5227 psalmis,
641 5175 746 5217 non
799 5160 851 5217 in
880 5159 1161 5227 superiore
1196 5158 1425 5225 psnlmo,
1464 5157 1655 5227 hisque
1703 5159 1841 5225 adji-

249 5227 375 5291 ciat.
422 5231 474 5283 in
524 5231 706 5300 quibus
746 5245 936 5287 novum
974 5230 1229 5284 canticum
1273 5238 1531 5294 cantatur,
1577 5227 1717 5282 haud
1745 5230 1842 5287 ob-

250 5311 405 5363 scure
455 5301 721 5373 significat
747 5318 807 5355 se
838 5302 1077 5371 psalmos
1116 5315 1214 5354 xcv
1242 5306 1298 5354 et
1327 5313 1493 5364 xcvu,
1530 5313 1836 5371 enarrasse,

254 5383 476 5437 quorum
509 5372 766 5427 tractatus
797 5372 1194 5425 desiderantur.

324 5443 398 5510 (ε)
428 5444 579 5511 Apud
617 5444 738 5501 Par.
769 5442 901 5499 idem
924 5442 979 5495 in
1003 5458 1079 5494 eo.
1115 5440 1382 5497 Malumns
1430 5441 1484 5495 id
1515 5448 1611 5505 est,
1645 5456 1764 5496 cum
1786 5441 1840 5496 in

259 5523 385 5584 mss.
412 5514 598 5567 eadem
626 5515 836 5567 ratione
867 5515 1002 5567 idem
1031 5522 1084 5566 et
1113 5512 1167 5564 id
1191 5522 1263 5566 est
1288 5515 1431 5584 pingi
1466 5511 1696 5584 solt-ant.
1733 5511 1844 5573 llac

263 5583 510 5651 particula
541 5584 805 5649 indicatur
827 5584 955 5651 quid
974 5585 1078 5645 sibi
1105 5584 1238 5638 velit
1262 5580 1459 5638 ltctel'ur
1488 5580 1658 5635 Israel
1684 5583 1736 5636 in
1763 5599 1842 5636 eo.

332 5649 399 5722 (ι’)
429 5651 775 5711 Restituimus
814 5649 983 5717 quem,
1014 5667 1111 5721 pro
1142 5670 1278 5723 quae,
1303 5655 1406 5709 huc
1443 5656 1724 5708 manilcste
1751 5667 1849 5722 po-

264 5723 488 5779 stulante
518 5726 804 5781 sententia.
834 5724 953 5778 Mox
991 5724 1045 5777 iu
1076 5725 1243 5794 prima
1274 5724 1522 5781 editione
1548 5724 1670 5779 Par.
1706 5723 1851 5780 desi-

1929 3227 2120 3280 sortita
2168 3238 2250 3281 est
2280 3244 2293 3294 ;
2328 3228 2423 3284 sed
2468 3229 2673 3300 judicio
2718 3247 2775 3286 se
2802 3231 3155 3287 immutabilis
3190 3235 3278 3289 Dei
3333 3250 3528 3294 secun-

1928 3318 2058 3374 dum
2106 3319 2529 3377 demutationetn
2579 3323 2828 3377 humanm
2878 3326 3172 3380 voluntatis
3225 3335 3387 3397 atque
3431 3340 3524 3382 ar-

1930 3411 2072 3467 bitrii
2103 3412 2180 3483 (Ιι)
2214 3421 2571 3484 temperante,
2604 3426 2713 3470 tum
2737 3417 2858 3488 quia
2891 3425 3207 3488 peccassent
3224 3429 3278 3475 et
3305 3427 3529 3489 agerent

1932 3502 2259 3573 poettiteuda,
2308 3507 2573 3577 poenitere
2622 3522 2679 3561 se
2714 3510 2839 3577 quia
2884 3498 3102 3563 fecisset
3139 3507 3413 3583 hominem
3443 3516 3528 3571 te-

1930 3604 2101 3653 status
2131 3606 2230 3654 est.
2265 3596 2336 3653 At
2361 3614 2491 3654 vero
2545 3601 2675 3672 ipsis
2729 3602 2834 3655 illis
2890 3616 2954 3656 ex
2990 3610 3211 3672 peccato
3257 3601 3310 3657 in
3362 3603 3528 3661 vitam

1934 3689 2257 3756 reformatis,
2289 3690 2509 3761 depulsa
2562 3692 2893 3763 paenitentia:
2918 3694 2981 3765 (ἱ)
3009 3694 3253 3763 querela,
3290 3693 3401 3763 jam
3435 3693 3529 3749 be-

1933 3783 2184 3853 neplaciti
2236 3784 2288 3837 in
2355 3799 2449 3839 eos
2523 3784 2748 3840 affectus
2797 3786 3121 3841 ostenditur.
3173 3785 3531 3842 Reconciliati

1930 3879 2073 3933 cnim
2100 3894 2286 3933 sumus
2314 3895 2408 3947 per
2433 3893 2630 3951 corpus
2658 3888 2712 3934 et
2739 3880 3052 3949 sanguinem
3091 3878 3290 3937 Christi
3333 3895 3397 3933 cx
3427 3878 3529 3934 ini-

1932 3970 2086 4024 micis
2138 3971 2189 4025 in
2245 3970 2386 4026 ﬁlios
2439 3970 2586 4037 Deo,
2628 3986 2750 4031 cum
2807 3972 2964 4029 nobis
2994 3972 3185 4026 aeterni
3234 3968 3532 4027 sacerdotis

1931 4063 2287 4135 placatiouem
2340 4060 2406 4137 (j)
2453 4063 2855 4134 impaenitendae
2911 4072 3251 4117 sacramento
3305 4078 3533 4134 spopon-

1931 4153 2102 4209 disset
2126 4196 2141 4220 ,
2196 4153 2468 4225 PrOpheta
2513 4152 2769 4209 dicente:
2802 4152 3009 4209 Juravit
3055 4150 3328 4223 Dominus,
3357 4161 3403 4206 et
3427 4168 3533 4208 non

1933 4308 2227 4363 derabatur
2253 4308 2553 4379 Dominum,
2584 4307 2809 4377 ejusque
2854 4308 2975 4379 loco
3026 4310 3078 4363 in
3102 4318 3376 4379 postrema
3409 4310 3536 4367 sub-

1934 4380 2181 4434 stitutum
2217 4389 2301 4434 est
2352 4378 2631 4441 Dominus,
2685 4378 2902 4434 omissis
2945 4378 3129 4434 verbis
3163 4381 3371 4438 dextera
3395 4398 3534 4437 sua:

1932 4464 2114 4522 contra
2138 4450 2297 4522 (idem
2325 4452 2650 4520 exemplaris
2674 4465 2775 4507 ms.
2809 4449 2926 4509 Non
2947 4450 3260 4520 displiceret
3299 4452 3534 4522 saluauit,

1853 4529 1908 4591 ι)
1934 4521 2053 4577 I0co
2079 4520 2314 4593 salvabit,
2346 4529 2404 4573 ut
2430 4532 2485 4576 et
2506 4536 2659 4576 antea
2688 4522 2914 4593 regnavit
2946 4536 3045 4593 pro
3065 4522 3317 4592 regnabit.

2009 4595 2085 4663 (g)
2121 4592 2223 4645 Pro
2268 4601 2345 4657 ut,
2378 4594 2430 4646 in
2463 4608 2564 4645 ms.
2596 4591 2773 4664 exstat
2814 4593 2953 4660 quia.
3006 4591 3168 4664 Forte
3197 4594 3404 4664 quippe.
3440 4594 3540 4648 Dc-

1937 4662 2065 4719 inde
2093 4667 2374 4716 secundum
2403 4663 2673 4733 originem,
2696 4662 2750 4717 id
2769 4666 3009 4733 est,quia
3034 4662 3235 4719 nullam
3258 4662 3419 4719 altam
3443 4666 3538 4720 ha-

1937 4737 2027 4789 bet
2058 4742 2139 4787 sui
2170 4750 2388 4789 causam
2415 4734 2518 4791 nisi
2558 4737 2744 4800 Deum,
2779 4735 2970 4791 saltent
3016 4734 3314 4791 secundum
3356 4736 3533 4801 potio—

1937 4821 2054 4888 rem
2085 4806 2166 4887 sui
2198 4816 2406 4888 partem
2438 4815 2686 4888 qtta:_est
2740 4805 2940 4888 anima,
2994 4819 3024 4856 a
3061 4804 3235 4888 .cujus
3260 4807 3541 4865 creatione

1940 4876 2103 4947 homo
2140 4874 2347 4929 initium
2378 4876 2677 4945 sumpsisse
2706 4875 3034 4945 pra-dicatur
3061 4874 3111 4929 in
3141 4874 3225 4947 ps.
3258 4889 3448 4943 CXXIX,
3478 4893 3535 4932 n.

1941 4946 2015 5013 5;
2047 4961 2127 5015 ps.
2155 4961 2346 5009 cxvut,
2376 4963 2430 5000 n.
2461 4947 2514 5000 7.

2014 5016 2097 5090 (Ιι)
2130 5018 2398 5076 Hactenus
2444 5017 2704 5090 obtinuit,
2729 5026 3066 5090 temperantes
3091 5024 3200 5077 tata
3242 5018 3366 5090 quia
3414 5034 3541 5089 pace

1943 5088 2163 5151 cassat,
2195 5091 2275 5141 vel
2301 5100 2617 5159 peccassent.
2646 5088 2815 5159 Nemo
2843 5102 2950 5142 non
2980 5088 3543 5157 \‘idetprteferendum

1942 5174 2067 5231 esse
2094 5158 2407 5231 temperante
2434 5175 2452 5215 :
2481 5159 2623 5231 quod
2675 5158 2831 5215 aliter
2860 5159 3063 5217 dictum
3092 5168 3173 5215 est
3200 5159 3253 5219 in
3285 5175 3367 5228 ps.
3413 5176 3541 5231 cxx.

1944 5246 1999 5286 n.
2035 5228 2099 5285 9:
2137 5227 2432 5285 Secundum
2462 5227 2866 5299 uniuscujusque
2893 5247 3055 5291 mores
3081 5246 3140 5287 ac
3171 5227 3398 5286 studium
3426 5227 3543 5287 uni-'-

1942 5304 2125 5369 cuique,
2167 5299 2306 5380 Deus
2353 5302 2556 5383 adiacet
2586 5299 2823 5383 :ht'tlcirco
2851 5311 2900 5357 et
2942 5307 3191 5383 perversis
3215 5316 3449 5382 .aaet'sna
3493 5310 3542 5383 ςι

1942 5385 2147 5426 sanctus
2176 5373 2229 5424 in
2258 5368 2447 5425 sanctis
2477 5381 2567 5426 est.
2597 5372 2801 5437 Deinde
2830 5388 2924 5440 pro
2944 5368 3074 5426 'dum
3099 5371 3351 5426 duximus
3377 5368 3542 5427 resti-

1951 5445 2204 5519 tuendum
2221 5456 2342 5497 esse
2357 5454 2482 5505 tum,
2497 5447 2649 5519 quasi
2662 5452 2787 5519 tunc
2801 5444 3041 5519 temporis
3053 5449 3270 5519 testatus
3311 5446 3419 5518 σει,⁶
3429 5448 3542 5519 etc.

2024 5512 2089 5583 ti)
2121 5513 2232 5567 lloc
2287 5521 2391 5579 est,
2424 5512 2628 5569 mutato
2654 5513 2861 5583 judicio
2913 5528 3024 5583 non
3045 5512 3157 5580 jam
3187 5524 3245 5562 se
3274 5512 3543 5583 poenitere

1952 5576 2039 5637 ait
2063 5576 2242 5655 Deus._
2264 5583 2343 5655 Ex
2377 5576 2477 5641 hac
2522 5576 2785 5655 particula
2827 5584 2963 5654 jam,
2991 5576 3158 5651 liquet
3187 5576 3437 5649 superius
3470 5578 3545 5631 le-

1953 5653 2192 5724 gendum
2223 5652 2387 5711 fuisse
2416 5652 2543 5717 tum,
2570 5670 2675 5709 non
2704 5652 2845 5724 dum.

2035 5724 2107 5795 (j)
2138 5722 2297 5794 Apud
2341 5726 2466 5781 Par.
2519 5712 2575 5777 in
2623 5720 2932 5792 paenitentia:
2966 5722 3283 5775 sacramento
3315 5731 3329 5768 ;
3356 5712 3441 5773 cui
3472 5715 3552 5777 ιθ.
