3984 6208
447 282 549 339 887

1631 272 1875 332 SANCTI
1916 271 2174 328 HILARII
2216 270 2523 331 EPISCOPI

3637 275 3748 333 888

448 397 709 471 panitebit
733 397 894 470 651
921 394 1154 464 eum,Tu
1177 410 1229 449 es
1256 393 1496 448 sacerdos
1521 393 1576 447 in
1597 401 1844 447 tetanum
1862 406 2042 445 secun-
2067 391 2118 450 Α
2145 392 2439 461 evangelia,
2461 393 2513 448 in
2547 393 2843 451 exteriores
2871 395 3124 450 tenebras
3150 394 3481 466 deputantur
3512 394 3746 468 (Matth.

451 491 575 544 dum
597 489 827 544 ordinem
854 486 1230 542 Melchisedech
1253 483 1369 558 (Ps.
1401 500 1509 550 cux,
1542 483 1618 554 4).
1649 481 2040 552 Complacitum

451 597 580 652 ergo
605 587 689 635 est
713 579 854 649 quod
879 578 1224 647 impaenitens
1247 591 1366 632 esse
1393 575 1715 648 (a)juratum
1741 581 1824 628 est
1844 573 1915 639 ei,
1939 585 2044 642 quo

448 683 710 742 regnante
754 670 1050 726 secundum
1081 670 1325 725 ordinem
1375 667 1795 732 Melchisedech,
1827 667 2034 748 id.est,

449 765 691 836 gentium
721 773 776 818 et
804 779 931 833 rege
959 773 1014 819 et
1039 762 1347 828 sacerdote,
1378 761 1612 832 primum
1638 758 1933 814 mansuetis
1959 773 2045 812 sa-

452 859 560 924 lus,
589 858 788 913 deinde
817 857 1077 928 splendor
1107 866 1190 913 est
1229 857 1433 911 sanctis
1460 853 1860 912 exsultantibus
1885 868 2048 924 super

451 965 632 1021 regem
662 965 816 1004 suum
829 991 842 1004 .

525 1045 579 1098 4.
606 1043 920 1098 Sanctorum
951 1041 1460 1114 pritvilegia.Guttur,
1494 1042 1620 1113 quid
1638 1040 1912 1113 signiﬁcet;
1929 1041 2052 1110 quid

453 1138 677 1208 gladius.
704 1135 876 1190 Gladii
921 1136 996 1189 bis
1017 1137 1155 1188 acuti
1182 1137 1295 1204 quis
1324 1151 1448 1188 usus
1470 1134 1677 1188 sanctis.
1701 1163 1774 1174 ——-
1797 1131 1902 1190 Sed
1934 1141 2054 1201 post

457 1234 767 1282 sanctorum
816 1227 1063 1296 gloriam,
1100 1224 1506 1293 intelligendum
1541 1231 1624 1277 est
1654 1223 1780 1292 quid
1836 1226 1902 1275 ad
1927 1237 2053 1276 can-

461 1319 549 1372 tici
583 1319 703 1372 novi
759 1317 1148 1387 plenitudinem
1193 1325 1557 1386 consequatur
1589 1334 1601 1368 :
1640 1314 1974 1370 Ltetabuntur
2001 1315 2053 1368 iu

456 1412 705 1467 cubilibus
757 1414 881 1465 suis.
909 1411 1078 1467 Vens.
1117 1411 1170 1466 6.
1227 1408 1610 1464 Exsultationes
1643 1409 1736 1464 Dei
1776 1409 1828 1462 in
1857 1417 2060 1478 gutture

460 1523 658 1572 eorum,
688 1516 734 1561 et
764 1507 926 1577 gladii
975 1507 1052 1560 bis
1103 1506 1241 1559 acuti
1277 1506 1328 1558 in
1372 1505 1606 1558 manibus
1653 1505 1906 1574 ipsorum.
1938 1501 2056 1557 Jam

462 1612 571 1651 non
621 1597 874 1668 lacrymis
899 1604 1128 1652 stratum
1164 1597 1447 1665 rigabitur,
1507 1611 1604 1650 nec
1631 1595 1684 1649 in
1715 1595 1816 1650 hoc
1871 1594 2058 1649 mortis

461 1705 692 1759 corpore
719 1689 1026 1761 degentium
1075 1691 1144 1744 ob
1189 1690 1395 1760 peccati
1458 1690 1835 1743 necessitatem
1874 1701 1938 1740 ac
1963 1685 2062 1740 do-

2152 499 2282 549 xxn,
2313 483 2426 555 l5).
2458 484 2525 540 Et
2553 486 2674 556 quia
2716 486 2827 542 illic
2856 487 2960 542 erit
2984 487 3140 542 ﬂetus
3170 496 3225 542 et
3243 487 3442 542 stridor
3472 487 3746 552 dentium,

2152 575 2246 630 liet
2287 575 2546 645 judicium
2595 579 3000 648 conscriptum,
3045 577 3189 649 quod
3220 579 3302 634 lex
3346 579 3555 634 scilicet
3604 593 3754 649 pra:-

2151 669 2466 740 scripserat,
2515 671 2658 741 quod
2696 671 2978 744 Propheta:
3027 673 3422 740 nuntiaverant,
3455 673 3601 744 quod
3633 689 3755 727 om-

2152 763 2235 816 nis
2291 762 2504 819 divinus
2541 772 2658 820 erat
2700 781 2880 820 sermo
2929 775 3173 822 testatus.
3221 767 3334 822 lloc
3364 767 3520 831 lides,
3549 768 3751 838 pietas,

2151 856 2504 922 continentia,
2527 845 2796 914 confessio
2827 859 2987 913 habet
3016 861 3264 914 meritum
3300 878 3312 913 :
3342 861 3446 915 hoc
3501 871 3754 916 eontem-

2153 957 2277 1019 ptns
2301 949 2485 1003 smcnli
2509 951 2744 1005 muneris
2772 951 3075 1017 sumit,lieri
3101 967 3280 1022 regem
3301 967 3755 1022 regum,quorutn

2155 1040 2276 1094 odia
2307 1041 2378 1093 ob
2417 1041 2580 1114 652
2626 1041 2828 1096 Christi
2871 1056 3063 1098 nomen
3111 1053 3335 1112 excepta
3379 1042 3528 1108 sint;
3560 1043 3758 1098 vinciri

2158 1133 2392 1198 nobiles,
2424 1148 2650 1202 quorum
2689 1149 2788 1188 nos
2819 1133 3028 1188 vincula
3072 1148 3428 1204 carceresque
3472 1135 3760 1190 concluse-

2158 1226 2265 1281 rint
2290 1242 2305 1292 ;
2326 1227 2690 1296 conscriptum
2716 1228 2766 1280 in
2789 1242 2881 1281 eos
2907 1227 3166 1296 judicium
3192 1227 3496 1300 habetur(f.
3519 1225 3754 1296 haberi),

2160 1334 2386 1388 quortnn
2429 1328 2484 1372 et
2511 1318 2672 1389 gladii
2704 1319 3074 1385 desmvierint,
3102 1327 3156 1374 et
3206 1329 3464 1388 potestas.
3497 1319 3591 1374 Sic
3622 1334 3752 1373 san-

2161 1419 2364 1468 ctorum
2411 1411 2577 1481 gloria
2651 1414 2827 1465 omnis
2852 1427 2880 1464 a
2908 1412 3020 1466 Deo
3059 1421 3163 1478 est,
3198 1427 3317 1466 cum
3353 1419 3475 1481 post
3501 1411 3601 1466 has
3629 1412 3757 1466 vita

2161 1513 2214 1560 et
2234 1517 2526 1573 corporum
2555 1503 2832 1572 passiones
2855 1511 3104 1558 exserant
3129 1510 3472 1574 potestatem.
3506 1503 3598 1559 Sic
3627 1517 3758 1558 can-

2165 1599 2256 1652 tici
2288 1598 2411 1652 novi
2458 1597 2692 1670 hymnus
2743 1598 3019 1668 impletur,
3055 1614 3178 1654 cum
3226 1609 3348 1669 post
3389 1598 3634 1671 gentium
3665 1613 3767 1670 op-

2169 1689 2445 1760 probrium
2475 1704 2772 1760 regumque
2799 1689 3072 1745 cruciatus
3091 1690 3348 1760 judicium
3389 1692 3763 1757 conscriptum

463 1783 634 1835 lorem
662 1782 909 1836 noetibus
938 1781 1164 1850 singulis
1193 1783 1362 1835 lectus
1393 1780 1678 1834 lavabitur.
1711 1779 1768 1833 ln
1794 1777 2062 1833 cubilibus
2093 1780 2140 1840 B
2167 1783 2220 1837 in
2249 1789 2439 1850 gentes
2471 1797 2732 1852 regesque
2760 1782 3078 1846 decernant,
3099 1782 3293 1852 quibus
3315 1783 3573 1837 Dominus
3603 1782 3766 1839 Jesus

468 1872 612 1926 cnim
637 1875 746 1940 jam
780 1875 892 1926 suis
919 1873 1093 1926 sancti
1145 1871 1467 1925 laetabuntur
1498 1871 1548 1925 in
1591 1870 1803 1939 gloria;
1831 1877 1885 1922 et
1911 1868 1981 1922 ob
2007 1867 2059 1923 id

464 1963 561 2018 Dei
608 1965 1000 2020 exsultationes
1029 1979 1246 2034 semper
1295 1963 1349 2016 in
1399 1970 1637 2033 gutture.
1664 1963 1767 2017 Per
1793 1960 2062 2032 significa-

466 2059 668 2113 tionem
708 2059 964 2129 gutturis,
993 2059 1222 2112 internte
1259 2057 1608 2113 conscientiae
1634 2065 1962 2126 protestatur
1984 2054 2064 2109 af-

466 2151 689 2206 fectum.
721 2151 827 2207 Sed
856 2163 1032 2220 neque
1062 2151 1238 2206 solum
1282 2150 1335 2204 in
1362 2163 1553 2204 eorum
1585 2157 1801 2219 gutture
1826 2147 2064 2202 exsulta-

466 2244 542 2297 tio
573 2243 661 2297 Dei
699 2253 780 2298 est
808 2260 822 2309 ;
860 2258 1046 2297 verum
1078 2245 1240 2298 etiam
1286 2243 1530 2311 ipsorum
1558 2256 1751 2297 manus
1783 2240 1868 2295 bis
1893 2241 2065 2296 acutis

467 2335 661 2407 gladiis
683 2336 1054 2390 armabuntur.
1091 2336 1216 2390 llaec
1243 2335 1369 2390 ﬁliis
1400 2336 1530 2390 Sion
1551 2335 1789 2405 cognitio
1819 2335 1961 2404 regis
1986 2335 2067 2388 in-

468 2427 695 2498 dulget,
742 2429 938 2498 quibus
981 2429 1032 2482 in
1080 2427 1263 2483 choris
1313 2429 1687 2500 tympanisque
1713 2427 2067 2498 psallentibus

470 2525 727 2607 disposita
757 2527 827 2578 sit
869 2533 924 2578 et
963 2525 1128 2590 salus,
1157 2530 1213 2578 et
1238 2523 1431 2593 gloria,
1455 2531 1508 2577 et
1541 2521 1746 2588 laetitia,
1779 2531 1835 2576 et
1880 2521 2068 2576 exsul-

471 2617 624 2679 tatio,
669 2623 724 2668 et
766 2624 1022 2684 potestas.
1049 2613 1183 2667 Nam
1232 2621 1554 2682 potestatem
1608 2615 1658 2666 in
1689 2613 1868 2682 gladio
1891 2610 1969 2685 (b)
1996 2612 2070 2666 si-

473 2711 867 2778 gnillcari,tum
898 2707 1138 2776 pluribus
1171 2707 1324 2764 locis.
1355 2716 1464 2759 tum
1492 2707 1950 2776 consequentibus
1970 2705 2068 2760 ad-

472 2814 776 2854 monemur.
808 2798 917 2852 Cur
959 2799 1102 2852 enim
1133 2797 1214 2850 bis
1239 2798 1380 2851 acuti
1421 2797 1585 2867 gladii
1610 2799 1664 2850 in
1695 2798 1945 2852 manibus
1969 2813 2068 2852 eo-

474 2907 594 2947 rum
618 2899 821 2953 essent,
837 2889 1050 2944 edocuit
1072 2903 1202 2943 mox
1225 2887 1515 2956 Pmpbeta,
1536 2887 1742 2954 dicens,
1764 2887 1926 2943 Vens.
1951 2889 2064 2944 7-9:

473 2984 557 3038 Ad
585 2984 875 3057 faciendam
919 2982 1198 3036 vindictam
1241 2982 1295 3034 in
1341 2982 1656 3045 nationibus,
1688 2983 2069 3054 objurgationes

473 3083 527 3136 in
554 3081 798 3151 populis;
820 3082 887 3134 ad
913 3079 1204 3149 alligandos
1224 3093 1364 3149 reges
1384 3093 1557 3132 eorum
1578 3079 1629 3129 in
1643 3075 1989 3140 compedibus,
2023 3084 2070 3129 et

2165 1875 2412 1930 Christus
2444 1885 2498 1928 et
2525 1875 2830 1944 unigenitus
2880 1874 3021 1928 Dens
3070 1883 3126 1929 et
3159 1874 3414 1928 Dominus
3445 1882 3500 1929 et
3525 1889 3622 1930 rex
3653 1883 3759 1941 est,

2164 1967 2254 2036 qui
2287 1977 2370 2022 est
2400 1965 2714 2022 benedictus
2738 1967 2790 2020 in
2821 1967 3015 2021 saecula
3041 1967 3383 2021 szeculorum.
3409 1966 3606 2022 Amen.

2700 2099 3016 2158 PSALMUS
3052 2101 3158 2157 CL.

2241 2215 2472 2271 Laudate
2497 2213 2778 2271 Dominum
2823 2216 2876 2269 in
2906 2216 3098 2269 sanctis
3144 2215 3528 2289 ejus:laudate
3572 2230 3688 2269 eum
3713 2215 3766 2268 in

2169 2310 2492 2379 ﬁrmamento
2535 2309 2735 2362 virtutis
2788 2311 2915 2382 ejus.
2969 2307 3202 2363 Laudate
3245 2325 3358 2364 eum
3391 2309 3447 2363 in
3497 2309 3768 2364 virtutibus

2171 2404 2280 2473 ejus
2306 2420 2324 2458 :
2355 2403 2572 2457 laudate
2589 2419 2702 2456 eum
2731 2403 3010 2458 secundum
3038 2403 3416 2459 multitudinem
3448 2405 3764 2475 magnitudi-

2171 2497 2251 2550 nis
2291 2499 2423 2570 ejus.
2475 2495 2704 2550 Laudate
2732 2513 2845 2550 eum
2873 2498 2926 2551 in
2952 2513 3081 2551 sono
3135 2497 3308 2555 tubae:
3336 2498 3546 2552 laudate
3574 2515 3690 2553 eum
3712 2499 3763 2552 in

2173 2589 2412 2660 psalterio
2438 2599 2485 2642 et
2516 2589 2734 2642 cithara.
2760 2587 2996 2643 Laudate
3023 2606 3136 2644 eum
3163 2591 3216 2642 in
3245 2600 3489 2661 tympano
3504 2599 3552 2644 et
3574 2591 3762 2647 choro:

2173 2681 2380 2736 laudate
2407 2697 2522 2734 eum
2549 2681 2603 2734 in
2632 2681 2835 2735 chordis
2879 2690 2926 2734 et
2953 2697 3166 2752 organo.
3209 2679 3442 2735 Laudate
3464 2699 3581 2736 eum
3629 2699 3765 2752 cym-

2175 2775 2305 2828 balis
2349 2773 2472 2828 bene
2499 2773 2837 2851 ‘sonautibus,
2863 2773 3068 2827 laudate
3097 2790 3210 2827 eum
3232 2774 3285 2827 in
3311 2774 3560 2846 cymbalis
3570 2775 3763 2848 jubila-

2175 2864 2366 2930 tionis;
2389 2864 2553 2918 omnis
2575 2865 2791 2932 spiritus
2829 2864 2999 2918 laudet
3028 2863 3327 2920 Dominum.

2601 2975 3016 3033 TRACTATUS
3067 2976 3337 3033 PSALMI.

2249 3069 2303 3126 1.
2326 3067 2527 3123 Psalmi
2567 3069 2819 3139 mysteriis
2841 3069 3038 3140 referti.
3064 3066 3168 3124 Cur
3203 3070 3257 3123 in
3285 3079 3385 3125 tres
3408 3071 3766 3142 quinquagesi-

476 3173 670 3226 nobtles
697 3187 870 3226 eorum
899 3172 954 3225 in
991 3171 1207 3224 manicis
1243 3171 1459 3240 ferreis;
1486 3177 1543 3223 ut
1585 3168 1777 3238 faciant
1805 3169 1856 3220 iu
1881 3167 1960 3220 his
1977 3170 2069 3239 ju—
2097 3164 2143 3228 α
2175 3177 2284 3214 mas
2309 3161 2588 3214 distributi.
2619 3191 2691 3203 σ-
2717 3159 2920 3230 Magnis
2953 3161 3281 3229 psalmorum
3337 3161 3533 3217 librum
3590 3178 3767 3220 sacra-

477 3265 664 3318 dicium
713 3264 1089 3332 conscriptum:
1117 3262 1283 3333 gloria
1339 3263 1448 3315 htec
1493 3271 1563 3316 est
1594 3261 1830 3316 omnibus
1879 3260 2072 3314 sanctis

473 3359 606 3428 ejus.
653 3354 767 3409 Hoc
809 3369 938 3424 ergo
987 3364 1068 3408 est
1107 3353 1376 3408 canticum
1413 3368 1614 3408 novum
1660 3353 1788 3409 dum
1839 3353 2072 3408 humiles

477 3457 636 3502 terrae
699 3445 1048 3514 tribulatique
1091 3445 1254 3500 corde
1295 3445 1512 3516 regibus
1571 3447 1966 3500 constituantur
2017 3445 2070 3498 in

474 3553 634 3609 reges
662 3580 677 3604 ,
731 3554 853 3593 οιιιιι
933 3537 1222 3591 existimati
1269 3547 1618 3607 purgamenta
1666 3537 1850 3592 mundi
1899 3547 1953 3592 et
1981 3537 2068 3593 vel

476 3631 720 3686 abortiva
770 3631 1010 3702 gentium
1033 3631 1213 3685 lumen
1247 3629 1430 3684 mundi
1453 3639 1509 3685 et
1532 3628 1734 3685 ultores
1762 3630 1870 3685 sint
1893 3631 2071 3685 natio-

477 3741 606 3781 num
655 3723 697 3795 (Ι
730 3725 847 3778 Cor.
897 3741 971 3790 tv,
1020 3723 1132 3793 15).
1163 3722 1340 3778 Gladii
1365 3725 1508 3777 enim
1541 3723 1623 3778 bis
1646 3725 1785 3777 acuti
1819 3723 1870 3776 in
1901 3722 2074 3776 mani-

474 3819 578 3873 bus
605 3832 792 3871 eorum
822 3825 949 3870 sunt
976 3833 988 3866 :
1019 3815 1092 3886 (c)
1119 3815 1243 3884 quia
1284 3823 1472 3869 sancto
1527 3813 1606 3867 illi
1666 3814 1718 3867 in
1747 3813 2069 3884 Apocalypsi

475 3909 683 3981 gladius
725 3908 804 3960 bis
843 3915 1031 3961 acutus
1078 3922 1143 3961 ex
1183 3922 1278 3960 ore
1303 3908 1392 3972 sit,
1419 3905 1679 3975 judicium
1713 3907 1948 3977 undique
1977 3923 2070 3977 po-

476 4001 686 4056 testatis
739 4012 998 4053 exercens
1032 3997 1218 4068 (Apoc.
1261 4013 1374 4063 XIX,
1424 3998 1535 4068 15).
1579 3996 1712 4052 Nam
1741 4008 1795 4051 et
1834 3997 2068 4067 gladium

479 4095 630 4150 venit
687 4093 947 4148 Dominus
1004 4092 1218 4145 mittere
1249 4092 1303 4145 in
1344 4098 1543 4146 terram
1571 4091 1784 4161 (Matth.
1839 4109 1893 4158 κ,
1927 4091 2019 4163 54)
2053 4113 2066 4146 :

475 4197 533 4244 et
555 4185 730 4243 sancti
769 4183 1062 4240 secundum
1090 4182 1408 4254 Apostolum
1439 4183 1696 4238 mundum
1723 4184 2064 4254 judicabunt,

474 4291 530 4338 et
573 4283 624 4334 in
657 4279 763 4334 illis
789 4274 1122 4349 judicabitur
1149 4278 1381 4333 mundus
1427 4278 1606 4347 (lCor.
1636 4297 1710 4346 vr,
1740 4279 1822 4347 Ξ).
1856 4281 2066 4337 Dictum

474 4383 559 4431 est
583 4373 750 4440 enim,
791 4381 884 4428 aut
924 4371 1144 4428 nescitis
1165 4371 1288 4440 quia
1328 4374 1551 4442 angelos
1577 4373 1708 4428 estis
1730 4374 2068 4443 judicaturi?

470 4469 560 4524 Fit
587 4483 716 4539 ergo
763 4482 859 4536 per
887 4481 982 4521 eos
1025 4465 1264 4520 vindicta
1296 4466 1348 4519 in
1382 4467 1716 4532 nationibus;
1755 4467 1895 4523 Deus
1921 4470 2064 4523 enim

470 4563 527 4617 in
560 4561 718 4616 nobis
745 4569 830 4614 est
868 4557 948 4631 (d)
977 4559 1262 4613 ultionum.
1292 4557 1603 4628 Objurgatio
1630 4558 1825 4615 deinde
1857 4562 2064 4617 cxseri-
2089 4543 2142 4603 Ῑ)

470 4661 561 4707 tur
602 4651 654 4705 in
709 4651 982 4721 populos:
1023 4650 1196 4704 ﬁdelis
1251 4665 1484 4720 namque
1531 4659 1648 4715 est,
1689 4652 1779 4721 qui
1819 4653 1895 4707 ait
1929 4653 2066 4708 :Ar—

466 4760 623 4816 guunt
645 4752 776 4810 te,et
803 4751 1025 4796 statuam
1054 4744 1162 4797 htec
1187 4753 1368 4796 contra
1398 4743 1737 4811 faciemtuam
1761 4742 1880 4819 (Ps.
1913 4763 2061 4814 χιιι,

466 4837 586 4910 2i).
638 4837 743 4893 Sed
789 4836 1108 4906 argttitionis
1149 4835 1307 4905 hujus
1349 4835 1434 4891 hic
1463 4837 1644 4891 exitus
1691 4847 1792 4902 est,
1827 4848 1881 4892 ut
1908 4856 2064 4910 reges

468 4931 744 4985 nationum
765 4928 1082 4999 nobilesque
1105 4943 1290 4984 earum
1319 4928 1546 4984 manicis
1572 4938 1627 4984 et
1655 4929 1917 5000 compede
1946 4933 2065 4987 vin-

463 5027 695 5080 ciantur.
724 5023 900 5079 Vincti
927 5023 1072 5079 enim
1100 5023 1351 5078 manibus
1380 5032 1436 5078 et
1479 5023 1729 5094 pedibus,
1761 5027 2058 5082 secundum

458 5181 628 5238 ctioni
681 5190 980 5252 repugnant
1049 5183 1351 5252 sequentia.
1407 5183 1660 5252 Apertius
1717 5183 2055 5251 impaenitemi

457 5253 1098 5324 sacramentodiceretur,
1132 5255 1225 5308 sed
1254 5253 1469 5324 quidam
1499 5257 1552 5306 in
1577 5253 1756 5307 verbis
1798 5255 1947 5307 lusus
1972 5253 2070 5323 ale,

453 5325 682 5381 fectatus
712 5323 960 5396 videtur,
1018 5326 1143 5392 quia
1197 5323 1451 5380 nimirum
1500 5325 1808 5396 poenitentia:
1844 5325 2051 5394 querela

460 5397 711 5466 proxime
734 5396 842 5461 jam
869 5395 1068 5449 dictum
1093 5406 1260 5451 esset.

531 5467 604 5538 (a)
637 5465 761 5538 Par.
806 5468 1043 5538 juratunt
1070 5476 1164 5528 est,
1199 5467 1279 5520 cui
1335 5474 1629 5538 regnantem
1659 5465 1940 5520 secundum
1967 5481 2054 5522 or-

456 5535 626 5590 dinent
656 5535 1054 5602 Melchisedech,
1087 5537 1220 5589 idem
1251 5536 1495 5606 gentium,
1527 5546 1631 5590 etc.

529 5607 608 5675 (b)
655 5607 787 5679 lluic
850 5607 1171 5679 correctioni
1226 5605 1446 5679 nemo,
1492 5616 1640 5674 puto,
1670 5605 2049 5679 refragabitur,

455 5674 704 5750 quamvis
733 5677 882 5750 apud
913 5678 1033 5750 Par.
1055 5677 1208 5748 juxta
1230 5689 1330 5733 ms.
1365 5674 1567 5732 editum
1618 5679 1708 5744 sit,
1741 5674 2046 5750 signi/icon;

455 5747 584 5800 tium
613 5747 844 5815 pluribus
864 5747 1008 5804 locis.

2174 3256 2369 3310 mentis
2392 3269 2571 3310 rerum
2599 3253 2898 3309 caelestium
2918 3258 3174 3310 refertum
3197 3270 3320 3310 esse
3339 3270 3484 3326 sape
3508 3261 3760 3314 tractavi-

2173 3362 2313 3414 mus,
2335 3347 2414 3401 vel
2440 3361 2562 3401 cum
2589 3345 2870 3416 dispositio
2899 3346 3254 3415 singulorum,
3284 3355 3470 3402 c0ntra
3497 3349 3756 3419 temporis

2173 3453 2555 3514 gestorumque
2591 3445 2880 3508 rationem,
2911 3442 3176 3508 ordinem,
3211 3458 3603 3516 numerumque
3655 3462 3766 3502 sor-

2177 3539 2270 3592 tita
2301 3537 2405 3604 sit,
2448 3539 2532 3592 vel
2577 3552 2699 3591 cum
2751 3536 3544 3607 superscriptionesnonnullae
3586 3539 3764 3607 aliter,

2174 3645 2334 3700 quam
2402 3628 2752 3684 llebrzeorum
2829 3627 2981 3688 libris
3035 3630 3431 3700 continentur,
3479 3631 3767 3703 adscripta:

2174 3733 2319 3788 sunt,
2350 3723 2433 3776 vel
2456 3736 2578 3776 cum
2609 3721 2744 3776 tituli
2771 3719 2975 3791 plures,
3004 3737 3126 3777 cum
3151 3723 3280 3778 nulli
3308 3723 3438 3792 sint,
3473 3723 3766 3794 praeferan-

2175 3824 2279 3869 tur.
2307 3812 2442 3869 Cum
2473 3827 2604 3884 ergo
2658 3814 2797 3868 ultra
2851 3813 3040 3868 littera:
3069 3814 3381 3884 Opinionem
3409 3815 3659 3872 celsioris
3688 3816 3767 3872 in-

2175 3906 2486 3976 telligentiae
2515 3920 2677 3960 sensu
2707 3905 2960 3960 volumen
2987 3905 3253 3977 digestum
3284 3906 3354 3960 sit
3380 3923 3394 3972 ;
3419 3909 3662 3977 oportuit
3689 3907 3766 3963 id-

2173 3999 2348 4068 ipsum
2381 3997 2542 4066 digno
2589 3998 2693 4052 line
2731 3996 3013 4053 Concludi:
3047 4006 3104 4050 ιιι
3147 3997 3442 4054 secundum
3474 4000 3762 4067 gloriosam

2177 4091 2296 4162 spei
2338 4099 2538 4145 nostrae
2591 4089 2980 4161 perfectionem
3033 4090 3174 4147 liber
3219 4107 3432 4162 quoque
3464 4095 3597 4148 tanti
3630 4094 3761 4149 Pro-

2173 4187 2348 4256 pheta:
2394 4193 2802 4240 consummatus
2866 4185 3173 4239 exsisteret.
3230 4184 3470 4240 Primum
3517 4187 3664 4242 enim
3711 4189 3762 4241 iu

2171 4295 2295 4334 eutn
2323 4287 2407 4334 est
2437 4293 2719 4332 numerum
2748 4277 3086 4342 distributus,
3106 4277 3194 4348 qui
3225 4293 3290 4331 ex
3317 4279 3586 4348 tripartito
3607 4279 3760 4350 quin-

2172 4373 2486 4443 quagesimo
2531 4385 2758 4426 numero
2787 4377 2932 4425 esset
2981 4369 3298 4439 explendus,
3328 4383 3452 4424 cum
3509 4386 3685 4440 neque
3709 4372 3759 4426 in

2177 4467 2418 4522 ΙΙυιηιιιεὶε
2471 4479 2727 4520 numerus
2775 4463 3000 4534 singulis
3037 4463 3339 4534 quibusque
3365 4477 3647 4519 connexus
3671 4464 3755 4529 sit,

2171 4569 2225 4616 et
2275 4560 2515 4628 plerique
2559 4556 2698 4627 apud
2729 4571 2826 4612 eos
2870 4555 3082 4626 psalmi,
3123 4556 3431 4624 quominus
3474 4555 3561 4611 bic
3594 4555 3760 4626 tripli-

2171 4652 2250 4708 cis
2290 4650 2362 4724 (e)
2405 4649 2880 4721 quinquagesimus
2927 4663 3183 4702 numerus
3223 4647 3561 4716 conveniret,
3590 4648 3756 4718 juncti

2173 4755 2316 4801 sunt.
2343 4744 2467 4798 Fuit
2505 4758 2633 4813 ergo
2679 4744 2732 4796 in
2791 4741 3198 4796 translatoribus
3246 4741 3347 4796 hoc
3393 4741 3760 4812 intelligentiae

2174 4835 2451 4908 Spiritalis,
2483 4844 2540 4889 ut
2570 4842 2882 4906 congestam
2917 4833 3054 4887 hanc
3099 4833 3152 4888 in
3204 4832 3452 4902 plurimis
3476 4833 3756 4890 continua-

2174 4941 2390 5000 tamqne
2440 4926 2637 4982 seriem
2684 4926 3012 4996 partirentur
3046 4925 3097 4979 in
3157 4939 3440 4980 numerum
3477 4934 3574 4980 :ut
3616 4925 3760 4996 psal-

2172 5037 2381 5080 morum
2423 5021 2663 5077 omnium
2709 5019 2796 5075 hic
2841 5029 2896 5074 et
2921 5018 3056 5074 ordo
3091 5026 3146 5076 et
3166 5014 3568 5090 numerus,qui
3595 5019 3649 5074 in
3678 5019 3758 5074 bis

2232 5183 2304 5252 (c)
2329 5182 2396 5238 Et
2418 5181 2503 5236 hic
2534 5179 2886 5252 restituimus,
2913 5180 3173 5252 quia,rnhi
3195 5177 3473 5252 obtinebat
3502 5181 3611 5248 qui.
3639 5179 3754 5235 Mox

2159 5249 2381 5310 verbum
2409 5268 2645 5307 exercens
2669 5249 3013 5318 (familiarius
3060 5251 3262 5306 Hilario
3295 5251 3434 5304 foret
3464 5251 3749 5317 exsereus),

2158 5341 2254 5396 per
2280 5323 2566 5396 quemdam
2597 5332 2807 5391 tropum
2856 5322 2920 5377 ad
2952 5323 3186 5392 gladium
3227 5321 3311 5377 bis
3341 5332 3559 5376 acutum
3589 5321 3751 5377 reler-

2157 5406 2266 5453 tur.

2235 5468 2316 5539 (d)
2345 5465 2497 5539 Apud
2528 5465 2654 5518 Par.
2686 5461 2943 5518 ultionum
2965 5460 3486 5538 objurgatio.Deinde
3517 5481 3536 5520 :
3566 5463 3752 5519 vitiosa

2160 5538 2620 5605 interpunctione.

2229 5608 2300 5680 (e)
2316 5604 2381 5663 Et
2405 5608 2490 5680 hic
2517 5604 2796 5680 legendum
2820 5605 3033 5680 videtur
3049 5606 3266 5680 triplicis
3287 5607 3741 5680 quinquagesima,

2153 5691 2209 5753 ct
2236 5677 2376 5734 intra
2405 5678 2564 5734 tribus
2590 5677 3047 5749 quinquagesimis,
3072 5678 3190 5735 loco
3231 5677 3386 5735 verbi
3409 5678 3750 5749 trisquinqua-

2152 5749 2391 5825 g‘esimus.
