3984 6208
31 267 200 324 889
759 265 1074 324 MONITUM
1107 264 1195 321 DE
1236 261 1734 321 COMMENTARIO
1772 261 1838 319 1N
1880 262 2195 321 PSALMOS
2235 264 2353 333 XV,
2394 265 2587 338 XXXI,
2629 268 2766 326 XLI.
3313 276 3418 335 890

40 383 704 458 trisquiuquagesimus
735 394 840 449 est.
895 385 1068 456 possit
1091 383 1299 455 expleri
1349 381 1443 453 (V.
1477 379 1719 454 Prolog.,
1749 383 1802 443 Α
1827 379 2218 438 habitationum
2249 393 2304 439 et
2331 383 2596 442 claritate.
2629 386 2931 444 Laudamus
2954 388 3158 448 idcirco
3181 393 3234 448 in
3274 388 3447 465 cym?

43 497 141 535 η-
182 479 289 550 11)
319 496 336 544 ;
369 482 642 551 totiusque
684 478 806 533 libri
828 476 968 532 idem
1000 476 1088 532 hic
1113 474 1267 546 quasi
1296 482 1468 530 status
1493 475 1724 530 exsiste-
1826 472 1966 528 balis
2016 473 2157 530 bene
2200 477 2522 532 sonantibus
2569 495 2582 532 :
2617 479 2668 534 in
2727 481 2989 552 cymbalis
3039 484 3421 543 exsultatiouis

46 583 205 639 ret,
257 574 363 644 qui
400 572 543 632 ﬁdei.
577 579 637 626 ut
666 573 719 626 in
768 572 1216 642 quinquagesimo
1239 569 1448 639 psalmo
1495 569 1726 624 centesi-
1827 563 1945 620 laus
1998 567 2098 620 ista
2156 568 2452 635 perﬁcitur.
2481 569 2614 638 Quae
2645 571 2763 627 laus
2792 575 2970 628 omnis
3000 575 3052 629 in
3089 579 3290 633 sanctis
3314 589 3419 644 est,

47 681 319 738 moque
374 669 538 741 653
585 668 951 730 tractavimus,
982 680 1208 736 quorum
1258 681 1397 719 unus
1428 663 1721 719 secundum
1794 659 2062 727 .quodab
2091 659 2172 713 his
2228 663 2631 731 corruptionem
2686 666 2863 720 carnis
2913 668 3297 740 sanguinisque
3327 672 3422 727 de-

57 763 441 832 praescripta
475 762 631 831 legis,
685 769 809 831 post
851 760 1199 815 sabbatorum
1248 757 1468 814 sabbata
1513 754 1724 812 confes.
1827 749 2045 820 pulerit,
2079 752 2220 821 quod
2251 752 2317 806 ad
2369 753 2657 821 imaginem
2711 758 2973 814 creatoris
2996 759 3074 814 sui
3102 761 3208 815 sint
3251 761 3423 817 refor-

51 855 328 910 sionem
390 855 593 924 peccati
668 852 1163 922 remissionemque
1229 850 1544 920 complexus
1613 857 1719 916 est,
1827 844 1975 909 Inati,
2009 843 2152 914 quod
2184 845 2624 916 coni‘ormesjam
2650 864 2771 905 esse
2819 849 3004 920 gloriae
3046 854 3292 923 corporis
3325 855 3420 912 Dei

58 944 246 1000 alius
311 945 420 1002 sub
469 945 714 1016 ejusdem
755 944 966 999 numeri
1009 941 1342 1013 plenitudine
1395 955 1500 995 non
1549 940 1723 996 indul-
1823 938 2089 1008 cmperiut
2122 979 2137 1002 ,
2185 939 2327 1009 quod
2391 940 2442 994 in
2495 957 2712 997 omnem
2764 943 2856 998 Dei
2892 945 3272 1014 plenitudinem
3320 948 3422 1004 im-

57 1039 359 1110 gentiam
402 1041 650 1110 peccati,
698 1039 792 1096 sed
823 1039 1055 1096 fructum
1100 1037 1446 1109 ofﬁciumque
1497 1037 1722 1108 justitiae
1824 1031 2093 1101 pleanlur,
2127 1031 2271 1100 quod
2316 1047 2437 1086 cum
2470 1034 2611 1088 Deus
2656 1036 2880 1104 spiritus
2912 1037 3002 1103 sit,
3038 1038 3204 1094 Deum
3238 1048 3417 1098 tamen

65 1134 560 1205 comprehendit.
595 1134 672 1206 (a)
691 1134 822 1190 Post
852 1149 971 1204 qua:
998 1149 1213 1188 rursum
1241 1131 1504 1188 mdiﬁcata
1528 1132 1638 1203 jam
1667 1133 1720 1188 in
1824 1140 1931 1182 non
1959 1139 2089 1181 caro
2114 1124 2223 1195 jam
2253 1125 2323 1181 sit
2343 1125 2646 1193 laudatura,
2666 1129 2759 1184 scd
2783 1130 3025 1199 spiritus.

63 1236 388 1283 aeternum
417 1228 512 1284 Dei
543 1228 780 1294 civitate,
829 1237 884 1284 et
925 1227 1178 1283 omnibus
1207 1225 1272 1319 ad
1303 1226 1720 1296 gratulationem
2145 1217 2154 1232 ’
2470 1262 2781 1319 ΜοΝιτυΜ

68 1319 227 1389 ejus
247 1319 581 1391 laudemque
601 1321 967 1387 commonitis,
987 1319 1086 1376 sub
1111 1317 1353 1388 ejusdem
1380 1334 1591 1374 rursum
1617 1335 1720 1373 nu-

67 1413 246 1468 meri
284 1424 557 1482 petestate
583 1428 706 1484 spes
742 1423 826 1469 est
849 1421 1217 1468 consummata
1248 1419 1579 1477 sanctorum,
1606 1410 1718 1480 jam
1987 1391 2056 1431 DE
2084 1391 2464 1434 couwumo
2494 1393 2546 1434 ¹⁸
2574 1393 2806 1434 "sums
2838 1393 2925 1444 xv’
2954 1395 3104 1446 xxx"
3137 1395 3242 1437 πω·

2272 1489 2383 1566 (Ea:
2409 1490 2655 1548 Biblioth.
2683 1491 2962 1564 Galland.)

72 1506 167 1562 ad
194 1507 515 1577 spiritalem
557 1507 808 1563 omnibus
845 1507 1072 1578 gloriam
1104 1515 1459 1576 naturamque
1491 1519 1719 1560 renova-

1897 1607 2163 1676 Qnantum
2219 1606 2414 1662 litteris
2473 1616 2528 1662 et
2582 1607 2824 1663 doctrina
2882 1607 3198 1663 excelluerit
3254 1623 3414 1664 sanc-

73 1599 169 1654 tis
204 1617 219 1652 :
257 1608 321 1654 ut
353 1599 615 1670 gradatim
649 1616 747 1668 per
773 1599 878 1655 hoc
922 1599 988 1654 ad
1021 1597 1114 1655 Dei
1143 1598 1475 1655 consortium
1505 1597 1718 1652 venire-

73 1702 220 1758 tur,
257 1709 388 1746 cum
446 1703 790 1762 peccatorum
842 1692 1093 1748 remissio
1113 1691 1241 1747 Vim:
1271 1690 1633 1746 illnocenliam
1662 1698 1717 1744 εί
1822 1709 1905 1754 tus
1935 1699 2196 1767 llilarius,
2239 1714 2305 1754 ex
2337 1699 2404 1753 iis
2443 1699 2724 1770 praeconiis
2763 1700 2896 1755 satis
2937 1708 3167 1765 constat,
3221 1700 3415 1771 quibus

70 1786 303 1856 Ῑυάίοίῖ
331 1783 691 1843 consumam
741 1795 1066 1852 mererem".
1099 1786 1222 1840 νίῐω
1252 1794 1428 1840 autem
1462 1785 1721 1839 innocell-
1748 1774 1796 1834 Β
1823 1799 2034 1846 veteres
2065 1789 2324 1845 Ecclesia:
2355 1790 2646 1858 scriptores
2674 1790 2790 1859 ejus
2819 1791 3010 1846 merita
3047 1790 3412 1847 celebrarunt.

77 1882 170 1937 tis
227 1881 538 1953 judiciique
579 1882 883 1937 constantia
927 1879 1184 1952 Spiritalis
1242 1868 1452 1949 gloria:
1480 1886 1720 1933 sumeret
1822 1884 2183 1954 Hieronymus
2213 1883 2412 1937 Doclor
2443 1882 2708 1936 maximus
2741 1883 3028 1936 columnam
3056 1882 3301 1938 Εεειρδξιε
3337 1885 3416 1955 ip-

79 1974 463 2043 dignitatem.
497 1975 574 2028 Ac
620 1973 699 2028 sic
729 1972 943 2038 omnia,
996 1971 1323 2041 baptismum
1367 1968 1715 2036 resurrectio,

80 2065 817 2131 demutatiocontinentur,
848 2080 971 2120 cum
1022 2065 1192 2135 prima
1242 2079 1344 2120 nos
1389 2063 1512 2119 libri
1555 2061 1717 2133 hujus

82 2160 564 2231 quinquagesima
609 2170 896 2230 regeneret
925 2158 993 2213 ad
1049 2158 1439 2224 innocentiam,
1483 2171 1714 2228 sequens

84 2252 164 2306 ad
216 2250 489 2320 judicium
537 2251 865 2307 innocentiae
924 2250 998 2321 (ὁ)
1061 2249 1385 2305 resurrectio
1408 2249 1714 2318 'perducat,

89 2345 274 2402 tertia
307 2344 362 2400 in
388 2354 632 2400 naturam
675 2344 898 2413 spiritus
923 2351 976 2398 et
1005 2343 1218 2397 laudem
1242 2342 1551 2396 constituat.
1588 2340 1716 2398 Post

86 2438 328 2493 vinctos
355 2437 498 2492 enim
529 2436 882 2506 compedibus
913 2449 1089 2505 reges,
1135 2434 1437 2504 ligatosque
1486 2433 1713 2489 manicis

90 2528 326 2585 nobiles
351 2529 413 2601 (ί.
445 2528 524 2593 et)
554 2536 864 2584 sanctorum
886 2527 1150 2598 judicium
1181 2526 1710 2594 c0nscriptnm,cum

92 2621 154 2676 in
226 2620 320 2676 his
372 2621 625 2676 omnibus
668 2620 843 2690 gloria
895 2619 1249 2683 constitisset,
1287 2619 1474 2689 gloriae
1529 2625 1710 2672 tamen

93 2711 285 2783 ipsius
315 2712 708 2768 consummatio
732 2710 802 2780 (ο)
828 2712 942 2767 hmo
969 2721 1153 2766 secuta
1176 2719 1278 2766 est.

168 2804 234 2860 2.
271 2803 534 2876 Superior
565 2804 812 2875 proximo
868 2803 1106 2874 psalmus
1153 2802 1217 2858 ad
1247 2801 1459 2858 laudem
1491 2816 1589 2857 nos
1616 2800 1708 2855 Dei

95 2898 172 2952 ob
223 2897 566 2951 creationum
599 2896 1053 2966 magnificentiam
1085 2895 1372 2950 advocavit
1404 2912 1416 2946 :
1452 2895 1549 2950 sed
1589 2903 1712 2964 post

95 2990 310 3045 cantici
344 2990 464 3043 novi
500 2987 756 3059 hymnum
783 2989 923 3043 Deus
954 3002 1060 3042 non
1093 2987 1266 3042 adhuc
1293 2985 1459 3061 655.
1495 2987 1548 3042 in
1580 3001 1710 3056 ope-

97 3084 258 3140 ribus
299 3082 619 3150 laudandus,
648 3083 740 3138 sed
789 3082 1089 3139 laudandus
1118 3084 1170 3137 in
1203 3085 1404 3138 sanctis
1435 3091 1536 3148 est,
1568 3098 1704 3154 quos

1820 1993 1938 2034 sunt
1961 1975 2199 2047 appellat
2227 1975 2323 2046 (ά).
2352 1975 2615 2030 Praeterea
2639 1974 2714 2046 (e)
2739 1975 2902 2028 virum
2919 1974 3411 2046 eloquentissimum,

1820 2079 1866 2123 et
1895 2078 2071 2122 contra
2088 2066 2490 2122 ArianosLatini
2515 2067 2764 2120 sermonis
2803 2065 2992 2119 tubam.
3015 2066 3153 2121 Alibi
3176 2081 3303 2121 vero
3330 2065 3411 2138 (Ῑ)

1817 2177 2057 2229 magnum
2079 2161 2242 2213 virum
2259 2173 2380 2213 eum
2408 2167 2589 2222 vocat,
2609 2167 2654 2211 et
2681 2157 2990 2226 temporibus
3037 2159 3143 2212 suis
3173 2158 3407 2212 disertis-

1816 2253 2023 2319 simum,
2049 2253 2136 2319 qui
2173 2261 2219 2306 et
2248 2251 2578 2322 confessionis
2612 2267 2720 2304 sua:
2755 2252 2934 2304 merito
2953 2293 2966 2316 ,
2996 2260 3042 2304 et
3080 2251 3203 2304 vitae
3230 2249 3410 2303 indus-

1818 2347 1936 2410 tria,
1954 2354 2002 2400 et
2017 2345 2316 2414 eloquentia:
2341 2343 2900 2413 claritate,ubicumque
2925 2344 3215 2397 Romanum
3230 2358 3411 2398 nomen

1816 2448 1912 2506 est,
1948 2440 2277 2508 medicatur.
2305 2437 2373 2493 Et
2400 2437 2468 2492 ad
2497 2438 2694 2492 Laetam
2720 2438 2963 2491 scribens
2991 2437 3067 2510 (g)
3101 2437 3219 2506 ejus
3245 2436 3407 2490 ﬁliam

1818 2530 2083 2598 hortatur,
2112 2539 2169 2585 ut
2189 2529 2380 2584 Hilarii
2400 2531 2554 2584 libros
2579 2528 2832 2596 ino/fenso
2857 2529 3095 2583 decurrat
3109 2530 3253 2601 pede.
3269 2527 3408 2595 Quin

1816 2623 1946 2678 tanti
1979 2622 2212 2679 faciebat
2247 2624 2431 2677 llilarii
2463 2624 2660 2692 scripta
2695 2623 3074 2695 Hieronymus,
3097 2633 3153 2677 ut
3179 2623 3295 2692 ejus
3323 2623 3407 2678 in-

1817 2716 2259 2786 terpretationem
2282 2715 2618 2770 Psalmorum
2655 2714 3026 2770 Davidicorum
3057 2723 3111 2769 et
3142 2716 3406 2786 prolixum

1813 2808 1969 2864 valde
1999 2808 2066 2864 de
2094 2808 2324 2880 Synodis
2366 2809 2563 2862 librum
2611 2823 2773 2862 manu
2807 2789 3060 2877 sua'ipse
3101 2807 3410 2878 descripse-

1813 2901 1882 2956 rit
1918 2901 2128 2974 (h).Sed
2153 2911 2210 2957 et
2234 2901 2303 2957 ab
2326 2903 2627 2972 Augustino
2653 2901 2896 2955 laudatur
2921 2899 2983 2973 (i)
3015 2900 3251 2956 llilarius
3273 2911 3410 2956 tam-

1813 3009 1973 3064 quam
2004 2995 2229 3049 ecclesia:
2262 2995 2531 3049 catholij
2555 2995 2794 3048 adversus
2824 2994 3090 3048 haereticos
3127 2995 3409 3049 acerrimus

1813 3087 2069 3158 defensor,
2104 3098 2266 3158 atque
2297 3087 2375 3161 (j)
2407 3087 2708 3142 venerabilis
2739 3086 3022 3140 catholicus
3051 3086 3340 3156 disputator
3359 3095 3411 3142 et

99 3186 256 3247 post,
278 3175 536 3247 judicium
589 3176 953 3247 conscriptum
1003 3178 1055 3232 in
1113 3177 1430 3232 :eternitatis
1480 3177 1703 3248 gloriam
1736 3154 1780 3218 C
1810 3154 2026 3249 insignis
2055 3154 2384 3233 ecclesiarum
2408 3179 2584 3232 doctor
2629 3179 2730 3250 (lt),
2783 3195 2940 3246 neque
2977 3154 3246 3233 mediocris
3277 3195 3406 3232 auc-

101 3268 478 3334 collocaverit,
497 3277 550 3321 et
605 3268 1014 3322 indeniutabiles
1039 3267 1148 3336 jam
1172 3269 1377 3324 cmlcsti
1393 3269 1595 3324 honore
1610 3269 1707 3324 do-

101 3361 358 3417 naverit:
391 3376 490 3432 per
517 3360 660 3431 quod
701 3361 753 3416 in
786 3361 998 3414 virtutis
1040 3375 1153 3416 sua:
1189 3360 1488 3417 laudandus
1517 3361 1587 3416 sit
1611 3360 1704 3416 ﬁr-

105 3463 463 3516 mamentum,
495 3452 616 3522 quia
671 3452 1068 3508 ﬁrmamentum
1127 3461 1346 3508 tat-ternm
1381 3455 1599 3510 virtutis
1627 3456 1708 3510 ina

104 3547 342 3611 vexerit,
391 3548 644 3617 absorpta
698 3547 750 3602 in
806 3548 1157 3603 contentione
1205 3557 1399 3612 morte,
1427 3565 1549 3605 cum
1580 3565 1704 3606 cor-

105 3643 414 3712 ruptionem
475 3641 811 3712 incorruptio
859 3641 1218 3698 devoraverit.
1255 3644 1321 3698 Et
1376 3643 1704 3701 idcircoﬁr-

108 3745 441 3793 mamentum
487 3735 704 3792 virtutis
734 3736 852 3792 laus
889 3737 1132 3807 sequitur
1179 3746 1528 3806 potestatum,
1578 3739 1704 3808 quia

110 3836 344 3883 mortem
393 3827 772 3883 immortalitas
821 3831 1249 3898 consumpserit,
1288 3830 1528 3885 tribuens
1557 3831 1702 3901 quod

111 3922 305 3977 oculus
335 3936 438 3976 non
469 3921 625 3987 vidit,
659 3937 758 3980 nec
805 3937 900 3978 cor
929 3923 1207 3993 cogitavit,
1242 3939 1341 3978 nec
1369 3925 1517 3979 auris
1551 3925 1704 3980 audi-

111 4014 205 4070 vit.
230 4013 453 4086 (Versus
465 4013 705 4083 quinque,
725 4014 1034 4086 fugientibus
1051 4031 1146 4068 ms.
1169 4015 1370 4082 litteris,
1388 4015 1486 4085 legi
1506 4016 1588 4070 hic
1602 4033 1704 4072 non

114 4104 583 4176 potuere.).........
615 4107 667 4162 in
691 4109 892 4163 sanctis
912 4116 968 4164 et
996 4108 1061 4162 ad
1094 4108 1424 4164 laudem.....
1457 4124 1701 4166 suas.....

287 4199 424 4253 Dens
479 4199 776 4254 secundum
828 4199 1149 4271 Apostolum
1207 4215 1307 4255 nos
1353 4210 1478 4256 ante
1515 4201 1703 4257 mundi

116 4291 549 4346 constitutionem
598 4292 649 4345 in
690 4291 1004 4348 cmlestibus
1055 4291 1281 4360 spiritali
1329 4292 1704 4348 benedictione

116 4380 386 4438 benedixit
443 4380 663 4452 (Ephes.
711 4399 750 4448 ι,
807 4384 908 4452 5):
958 4382 1025 4437 ad
1074 4383 1229 4452 cujus
1276 4383 1449 4438 laudis
1477 4385 1701 4454 gloriam

117 4475 289 4530 omnia
319 4483 369 4529 ct
400 4475 548 4530 vocis
575 4483 628 4529 et
653 4488 876 4544 operum
909 4473 1085 4530 ofﬁcia
1136 4474 1362 4530 incitant
1390 4473 1703 4532 diversitate

1811 3272 2033 3326 toritatis
2060 3273 2113 3324 in
2157 3272 2460 3324 tractatione
2504 3271 2874 3339 scripturarum
2902 3280 2948 3325 et
2976 3272 3256 3324 assertione
3284 3271 3408 3340 ﬁdei

1808 3365 1906 3418 vir.
1939 3363 2065 3419 Post
2098 3363 2196 3415 bos
2241 3375 2420 3418 autem
2455 3363 2631 3430 magni
2685 3361 2916 3415 nominis
2961 3363 3210 3418 doctores
3261 3360 3404 3416 haud

1809 3459 2032 3513 interest
2059 3456 2266 3526 reliqua
2297 3455 2348 3510 in
2380 3455 2615 3511 medium
2648 3456 2889 3524 proferre
2915 3453 2985 3509 de
3018 3465 3204 3509 nostro
3233 3454 3403 3510 antis-

1808 3548 1906 3604 tite
1936 3547 2258 3603 l'ictaviensi
2281 3546 2504 3617 judicia,
2547 3561 2666 3614 qua:
2716 3545 2901 3600 tulisse
2931 3554 3224 3600 noscuntur
3251 3545 3400 3600 Ruﬁ-

1807 3659 1910 3698 nus
1967 3643 2029 3715 (ι)
2058 3685 2072 3707 ,
2114 3641 2448 3697 Sozomenus
2478 3639 2598 3714 (m),
2631 3639 2920 3695 Cassianus
2964 3637 3038 3712 (η)
3060 3679 3075 3705 ,
3108 3638 3398 3694 t’assiodo-
3433 3711 3436 3714 ἢ

1808 3750 1903 3791 rus
1935 3735 2012 3807 (ο)
2038 3733 2258 3803 aliique.

1885 3847 1904 3881 ι
1953 3828 2312 3899 Quapropter,
2353 3826 2528 3896 inquit
2554 3825 2848 3881 Martenius
2895 3825 3000 3897 (p),
3042 3826 3174 3880 satis
3214 3825 3400 3881 dolere

1810 3937 1914 3976 non
1946 3936 2254 3990 possumus,
2283 3921 2561 3991 complura
2595 3920 2726 3974 tanti
2758 3920 3003 3974 Ductoris
3054 3927 3402 3974 monumenta

1806 4025 1897 4070 aut
1924 4016 2154 4088 periisse
2178 4016 2424 4080 omnino,
2464 4024 2554 4068 aut
2583 4013 2844 4069 oblivioni
2879 4013 3072 4068 tradita
3102 4012 3300 4068 alicubi
3319 4011 3405 4081 ja—

1806 4125 1932 4164 cere
1958 4109 2179 4179 pulvere
2207 4108 2408 4162 obsita.
2443 4107 2510 4160 Et
2541 4107 2593 4160 in
2626 4115 2896 4174 postrema
2928 4103 3145 4173 quidem
3175 4118 3401 4172 operum

1805 4201 1924 4271 ejus
1955 4201 2468 4270 rccensione.quam
2509 4199 2610 4268 pi:c
2651 4197 2928 4252 memoria:
2954 4212 2984 4251 e
3017 4196 3216 4250 nostris
3245 4195 3405 4251 ador-

1807 4293 1951 4347 navit
2001 4293 2194 4349 Pelrus
2223 4289 2561 4350 Coutantius,
2595 4289 2726 4342 nihil
2749 4288 3042 4357 diligentia:
3071 4287 3399 4356 praetermis-

1804 4400 1960 4450 sum,
2007 4384 2292 4454 quominus
2339 4393 2393 4436 et
2434 4397 2462 4434 a
2515 4379 2727 4435 mendis
2783 4389 3074 4449 expurgatu
3106 4387 3161 4433 et
3189 4378 3396 4447 integra

1805 4477 2087 4548 prodirent
2125 4478 2179 4531 in
2230 4477 2404 4531 lucem
2453 4473 2653 4529 omnia.
2687 4471 2796 4528 Nec
2826 4470 3004 4528 inanis
3034 4470 3257 4526 omnino
3301 4469 3404 4524 fuit

182 4633 251 4703 (a)
282 4630 610 4708 Reponimus
636 4640 750 4708 post
787 4646 934 4708 ante,
953 4631 1042 4686 ubi
1086 4631 1240 4708 prius
1265 4633 1511 4708 exstabat
1553 4644 1696 4708 post-
1729 4634 1777 4694 D
1875 4632 1944 4708 (ι’)
1980 4633 2191 4708 ΗιενρῃΣ
2221 4632 2380 4703 epist.
2417 4644 2598 4695 xxxtv,
2632 4628 2702 4684 al.
2745 4641 2865 4683 cxu
2911 4625 2978 4682 ad
3010 4625 3244 4682 Marcell.
3277 4625 3304 4698 §
3335 4625 3398 4693 5,

119 4719 295 4827 quam,
325 4702 532 4775 experti
579 4703 833 4758 mendum
884 4702 1027 4758 idem
1061 4703 1310 4773 superius
1337 4702 1506 4758 fuisse
1527 4705 1697 4760 corri-

119 4788 226 4827 ΕΘΗ(
251 4791 354 4827 11111.

118 4788 354 4843 gendum.

185 4865 255 4938 (ὁ)
278 4865 424 4934 Apud
461 4866 606 4931 Par.,
643 4866 1013 4938 resurrectione
1042 4863 1295 4936 producat
1325 4882 1336 4917 :
1363 4879 1469 4919 non
1499 4865 1694 4932 disiili-

121 4935 254 4990 ceret
294 4938 674 5002 resurrectione,
710 4937 810 4993 nisi
839 4935 1179 4991 obniteretur
1209 4951 1310 4989 ms.
1338 4951 1457 4990 nam
1482 4953 1694 5007 sequens

123 5007 317 5135 νῑάῗὲι
345 5008 532 5065 referri
558 5007 624 5063 ad
677 5021 866 5062 vocem
922 5007 1363 5078 quinquagesima,
1390 5022 1510 5077 qua:
1565 5011 1695 5063 reti-

123 5090 213 5135 nea
299 5120 313 5134 .

123 5090 313 5135 neatur.

189 5172 256 5242 (ο)
277 5171 528 5226 Nimirum
561 5180 884 5240 potestatem
917 5185 1074 5241 reges
1126 5169 1396 5236 vincendi,
1425 5168 1693 5240 judicium

126 5244 464 5312 conscriptum
516 5243 842 5299 decernendi
875 5259 889 5302 ;
940 5258 1062 5302 nam
1120 5243 1250 5296 illud
1278 5242 1387 5295 tunc
1417 5243 1468 5295 in
1493 5251 1692 5311 quarto

125 5324 238 5383 casu
265 5313 476 5383 pluralis
494 5316 701 5369 numeri
733 5313 1141 5382 intelligentiam
1167 5323 1269 5367 est.
1293 5312 1415 5367 Mox
1451 5313 1692 5378 proximo

125 5382 195 5460 sic
211 5382 527 5460 pe’r‘mpdum
551 5384 786 5460 adverbii
821 5384 960 5453 apud
987 5385 1105 5460 Par.
1132 5383 1534 5460 designabatur,
1568 5399 1690 5438 cum

124 5451 332 5527 idemsit
357 5455 558 5510 Hilario
605 5451 1136 5527 superior-proximo,
1187 5454 1330 5525 quod
1363 5454 1520 5526 vulgo
1551 5464 1695 5509 ante-

125 5525 426 5591 penultimus,
459 5535 582 5594 puta
644 5527 766 5583 147.

187 5615 255 5683 (d)
285 5616 519 5684 "ieram,
548 5628 723 5672 contr.
757 5616 936 5672 Ruﬁn.
962 5616 1056 5674 lib.
1084 5633 1122 5684 ι,
1147 5616 1174 5686 §
1202 5616 1290 5684 11,
1312 5631 1436 5688 opp.
1471 5626 1601 5674 tom.
1629 5632 1683 5684 ιι,

124 5693 180 5748 pa
219 5726 229 5737 .
257 5686 370 5754 459,
403 5687 534 5743 edit.
561 5689 762 5744 Veron.

185 5700 249 5824 ξε)
278 5755 346 5815 ld.
378 5759 508 5818 ibid.
537 5755 633 5820 lib.
663 5757 776 5824 tt,§
810 5758 897 5824 19,
931 5756 1050 5824 pag.
1086 5758 1209 5816 515.
1645 5811 1662 5818 -

219 5726 229 5737 .
257 5705 370 5754 4ου,
403 5705 534 5743 catt.
571 5705 762 5744 veron.

205 5755 249 5829 ε)
278 5755 346 5815 ld.
378 5759 508 5818 ibid.
537 5755 633 5820 lib.
663 5757 776 5833 ως
810 5758 897 5831 19,
930 5756 1050 5833 pag.
1086 5758 1209 5816 515.

1805 4717 1843 4762 t.
1875 4703 2220 4776 i,'pag.154.
2885 4743 2889 4746 .

1871 4797 1947 4872 (g)
1979 4797 2053 4851 ld.
2084 4797 2242 4868 epist.
2275 4813 2380 4853 cvrt
2410 4796 2483 4850 al.
2507 4811 2599 4858 vn,
2629 4794 2656 4866 §
2693 4794 2778 4859 11,
2807 4809 2927 4864 pag.
2955 4792 3080 4848 682.

1871 4891 1952 4962 (Ιι)
1977 4889 2054 4945 Id.
2082 4889 2241 4959 epist.
2275 4905 2330 4951 ν.
2355 4888 2429 4943 al.
2458 4904 2530 4953 vl,
2554 4886 2619 4941 ad
2649 4885 2915 4951 Flurcnt.,
2944 4883 2971 4955 §
3004 4884 3090 4950 11,
3114 4898 3235 4954 pag.
3269 4882 3360 4939 15.

1887 4982 1948 5054 (i)
1980 4985 2111 5055 Aug.
2136 4994 2309 5038 contr.
2338 4982 2542 5039 Julian.
2569 4979 2663 5037 lib.
2691 4997 2723 5046 ι,
2763 4995 2880 5050 cap.
2903 4980 2956 5042 5.
2983 4995 3129 5034 υιιιιι.
3171 4979 3227 5046 9,
3269 4992 3398 5049 opp.

1813 5064 1942 5110 tom.
1972 5071 2026 5119 κ,
2062 5069 2180 5125 pag.
2215 5055 2340 5110 501.

1880 5146 1957 5221 (j)
1984 5147 2074 5209 Id.,
2096 5147 2163 5202 de
2205 5147 2400 5221 Trinit.
2437 5146 2526 5200 lib.
2576 5161 2634 5210 ιι,
2683 5159 2803 5214 cap.
2855 5143 2910 5210 8,
2961 5159 3111 5200 num.
3164 5143 3258 5214 26,
3304 5145 3399 5212 28,

1808 5217 1947 5273 tom.
1968 5235 2081 5279 vnr.
2118 5233 2239 5289 pag.
2263 5217 2390 5283 545,
2423 5232 2537 5287 seq.

1902 5312 1953 5384 lt)
1983 5313 2060 5369 ld.
2089 5313 2217 5368 ibid.
2249 5312 2342 5369 lib.
2373 5329 2443 5377 vi,
2476 5327 2596 5382 cap.
2631 5312 2720 5379 10,
2749 5328 2898 5368 num.
2928 5314 3015 5378 11,
3046 5329 3167 5384 pag.
3197 5312 3324 5369 850.

1899 5386 1940 5452 ι)
1999 5385 2174 5454 Ruﬁn.
2232 5385 2366 5439 llist.
2402 5385 2558 5450 eccl.,
2594 5384 2687 5440 lib.
2723 5401 2760 5451 ι,
2790 5401 2910 5456 cap.
2939 5385 3030 5440 51.

1873 5455 1970 5526 (in)
2000 5456 2208 5526 Sozam.
2235 5456 2326 5510 lib.
2352 5471 2405 5521 v,
2429 5471 2546 5526 cap.
2584 5456 2673 5512 15.

1896 5525 1952 5594 η)
1981 5525 2216 5584 Cassian.
2249 5527 2316 5582 de
2343 5525 2578 5594 lnt~arn.,
2612 5528 2703 5582 lib.
2733 5543 2826 5592 vn,
2857 5540 2976 5593 cap.
3002 5525 3098 5579 24.

1895 5592 1945 5662 ο)
1978 5596 2237 5660 Cassiod.,
2271 5598 2336 5652 de
2359 5598 2532 5652 lnslit.
2564 5592 2730 5653 divin.
2765 5592 2959 5652 litter..
2984 5608 3104 5662 cap.
3134 5592 3219 5645 17.

1874 5668 1951 5738 (p)
1982 5667 2204 5723 Marten.
2238 5668 2421 5725 Veter.
2455 5670 2639 5740 script.
2678 5667 2920 5733 collect.,
2969 5672 3097 5718 tom.
3145 5675 3222 5726 ix,
3267 5666 3388 5732 pag“.

1797 5737 2056 5807 55,5oqq.
