3984 6208
536 220 638 285 891

1738 220 1984 283 SANC'I'I
2022 219 2279 281 ηιιιιιιιι
2306 223 2612 285 81⁵1800Ρί

3737 228 3851 289 893

538 339 657 415 ejus
682 338 834 395 labor
863 355 875 393 :
910 353 1031 395 nam
1063 347 1116 394 et
1165 336 1369 408 aliquot
1415 336 1468 395 in
1498 335 1744 395 Psalmos
1772 335 2123 409 tractatibus,
2154 336 2206 405 Α
2231 350 2394 408 super
2419 337 2553 394 Sion
2580 348 2821 401 montem
2852 349 3095 403 sanctum
3132 342 3285 415 ejus?
3321 356 3439 402 non
3469 342 3669 413 utique
3706 345 3849 401 ari-i-

540 441 597 489 et
621 430 963 507 apologeticis
993 427 1059 483 ad
1090 428 1509 503 reprehensores
1531 428 1655 489 libri
1676 428 1745 487 de
1764 427 1998 505 Synodis
2015 442 2132 487 res-

542 526 726 597 ponsis
752 519 1040 578 editionem
1069 536 1220 579 suam
1251 522 1420 581 auxit.
1453 520 1654 584 Verum
1684 537 1790 580 non
1841 536 2007 594 pauca
2035 522 2132 579 ad-

544 617 647 672 huc
671 606 1014 670 delitescunt.

611 705 977 777 Quamobrem
1024 720 1144 765 cum
1211 706 1546 775 superiorum
1602 715 1910 763 nostrorum
1979 705 2135 777 jussu

542 799 923 858 Germanicum
973 800 1074 855 iter
1120 800 1593 870 suscepissemus,
1642 799 1885 857 hortatus
1915 807 1999 857 est
2036 813 2136 858 nos

543 896 625 949 vir
653 893 1022 957 doctissimus,
1053 902 1110 945 ut
1136 890 1188 946 in
1224 890 1617 960 perlustrandis
1646 890 1987 949 bibliothecis
2019 891 2135 949 sin-

542 968 923 1057 gulari‘studio
956 981 1143 1038 Hilarii
1181 983 1397 1038 codices
1426 983 1883 1053 pervolverezuus,
1913 984 1958 1039 si
2000 980 2139 1040 forte

546 1083 832 1132 tractatum
863 1074 982 1146 ejus
1002 1076 1057 1131 in
1082 1074 1206 1141 Job,
1252 1072 1617 1146 prmfationem
1656 1076 1706 1130 in
1750 1075 2057 1135 Matth-mum
2085 1083 2142 1131 et

547 1169 782 1244 plurium
819 1169 1154 1224 Psalmorum
1194 1169 1563 1237 expositiones
1594 1185 1915 1240 recuperare
1956 1184 2139 1240 posse-

547 1280 699 1319 mus:
721 1278 1033 1334 persuasum
1060 1261 1258 1334 quippe
1284 1262 1510 1317 habebat
1534 1264 1794 1333 iutegrnm
1823 1262 2140 1317 Psalterium

548 1372 577 1412 a
601 1358 761 1413 beato
791 1358 1019 1415 Doctore
1047 1355 1213 1413 fuisse
1238 1357 1565 1425 expositum.
1597 1356 1659 1413 Et
1686 1370 1814 1414 ecce
1852 1355 2145 1412 discutien-

549 1449 693 1505 tihus
732 1450 886 1505 nobis
934 1448 1243 1507 monasterii
1290 1448 1722 1520 Aquicinetensis
1771 1448 1937 1502 libros
1985 1462 2145 1503 manu

550 1530 1034 1602 exaratum-incidit
1064 1540 1291 1596 feliciter
1322 1542 1373 1595 in
1407 1556 1598 1597 manus
1640 1550 1851 1601 nostras
1881 1540 2049 1597 codex
2077 1540 2145 1597 ab

551 1637 710 1691 annis
729 1635 945 1690 circiter
986 1635 1260 1691 sexcentis
1305 1633 1578 1709 eleganter
1605 1636 1837 1709 scriptus
1860 1677 1877 1700 ,
1908 1634 2060 1706 cujus
2091 1634 2144 1689 in

2234 437 2346 485 tror
2387 430 2440 489 in
2474 442 2658 490 monte
2706 433 2810 493 hoc
2849 443 3065 491 terreno
3106 434 3199 507 qui
3237 444 3323 492 est
3355 436 3410 491 in
3453 434 3697 503 Iudaea,
3727 452 3847 508 reg-

2234 536 2362 581 num
2391 540 2421 580 a
2453 524 2613 585 Patre
2641 527 2823 583 datum
2870 529 3097 586 Domino
3118 570 3134 595 ,
3161 530 3312 601 cujus
3354 531 3596 589 rteleste
3624 547 3847 603 regula

2234 619 2526 688 Apostolus
2554 620 2746 677 docet:
2771 623 2909 677 sicut
2929 631 2983 678 et
3002 622 3174 693 ipsam
3204 624 3489 681 civitatem
3512 624 3851 694 Jerusalem,

2235 724 2343 765 non
2376 709 2515 768 hanc
2551 712 2750 769 Christi
2777 729 2899 771 esse
2932 716 3171 771 ostendit
3198 732 3319 787 quae
3350 733 3500 776 nunc
3530 719 3715 777 servit
3735 734 3853 776 cna

2237 798 2360 857 ﬁliis
2390 802 2503 859 suis
2527 844 2542 867 ,
2579 803 2674 860 sed
2720 805 2863 861 illam
2889 821 3008 877 quae
3045 822 3259 862 sursum
3284 816 3411 875 est,
3442 822 3690 866 matrem
3730 826 3859 873 nos-

2239 904 2376 953 train
2416 895 2639 953 litteram
2664 939 2680 963 ,
2723 899 2996 957 cmlestem
3040 898 3359 960 Jerusalem.
3403 901 3488 958 Ita
3518 918 3629 960 nec
3658 903 3862 965 horum

2238 988 2549 1053 indecorum
2581 990 2675 1061 qui
2705 991 3007 1050 circumcisi
3048 1005 3169 1051 sunt
3212 995 3648 1052 circumsicione
3694 1012 3863 1053 manu

2242 1080 2377 1139 facta
2403 1125 2418 1149 ,
2454 1080 2548 1137 sed
2578 1082 2719 1141 sicut
2744 1068 3035 1153 Apostolus
3065 1083 3278 1153 docuit,
3309 1085 3504 1146 dicens
3533 1104 3550 1145 :
3587 1088 3725 1158 quia
3756 1106 3865 1147 non

2242 1183 2326 1231 est
2370 1173 2456 1230 hic
2494 1173 2714 1233 Judaeus
2740 1175 2848 1247 qui
2878 1176 3057 1247 palam
3085 1177 3336 1247 videtur,
3375 1194 3556 1252 neque
3603 1180 3700 1235 illa
3758 1182 3867 1236 cir-

2242 1265 2504 1325 cumcisio
2529 1281 2648 1337 quae
2680 1267 2731 1323 in
2770 1281 2934 1326 carne
2958 1270 3066 1339 sit,
3103 1269 3199 1329 sed
3230 1271 3585 1327 circumcisio
3623 1273 3822 1328 cordis
3844 1312 3863 1339 ι

2243 1357 2396 1427 cujus
2418 1357 2532 1414 laus
2562 1373 2667 1415 non
2692 1375 2763 1415 ex
2793 1361 3121 1424 hominibus,
3147 1361 3240 1419 scd
3270 1378 3339 1419 ex
3371 1362 3485 1418 Deo
3506 1371 3629 1429 est;
3664 1374 3724 1420 et
3757 1382 3868 1420 non

2246 1450 2438 1507 horum
2480 1451 2787 1509 Judaeorum
2819 1469 2913 1509 rex
2957 1453 3116 1511 Iesus
3146 1455 3235 1526 qui
3282 1470 3353 1513 ex
3399 1457 3672 1525 operibus
3716 1458 3869 1528 apud

2247 1540 2493 1604 homines
2538 1546 2834 1615 gloriantur
2858 1587 2871 1613 .
2915 1545 3009 1605 sed
3047 1561 3274 1617 quorum
3300 1548 3476 1618 gloria
3506 1549 3659 1620 apud
3695 1551 3868 1607 Deut-

2248 1642 2468 1713 propter
2497 1650 2648 1707 spem
2678 1637 2864 1708 gratire
2892 1636 3009 1713 ejus
3037 1646 3140 1694 est.
3181 1637 3312 1697 Vide
3340 1640 3491 1699 enim
3526 1639 3868 1710 Apostolum

555 1714 740 1782 limine
787 1727 901 1783 hate
950 1727 1232 1799 legebatur
1277 1728 1607 1803 epigraphe:
1640 1726 1708 1782 In
1751 1728 1845 1783 hoc
1891 1729 2146 1784 volumine
2175 1726 2224 1791 B
2250 1725 2556 1791 dicentem,
2584 1742 2811 1798 quorum
2852 1728 2923 1783 sit
2951 1728 3123 1801 gloria
3166 1731 3306 1801 apud
3342 1731 3537 1789 Deum.
3576 1730 3647 1791 Si
3683 1734 3823 1789 enim
3847 1773 3865 1799 ,

551 1822 874 1875 continentur
900 1820 1017 1877 libri
1043 1837 1116 1877 xu
1148 1820 1209 1883 S.
1239 1820 1428 1876 Hilarii
1484 1819 1798 1877 Pictavensis
1827 1823 2054 1895 episcopi
2084 1824 2148 1883 de

554 1910 809 1970 Trinitate
831 1923 1005 1967 contra
1027 1930 1199 1971 omnes
1221 1914 1438 1968 hereses
1456 1954 1471 1980 ,
1519 1922 1565 1967 et
1594 1913 1698 1971 alia
1727 1916 1976 1993 apuscuta
2010 1918 2149 1990 ejus-

556 2004 669 2060 dem
696 2021 714 2070 ;
744 2005 948 2062 scilicet
983 2005 1108 2059 liber
1138 2006 1202 2059 de
1242 2004 1471 2081 Sgnodis
1500 2016 1678 2060 contra
1706 2022 1876 2061 omnes
1907 2006 2143 2077 Itan'eses,

558 2097 684 2155 liber
710 2108 890 2153 contra
919 2097 1276 2155 Constantium
1299 2140 1315 2164 ,
1341 2108 1592 2153 tractatus
1623 2097 1691 2151 ad
1717 2097 1984 2162 eumdem;
2020 2098 2151 2154 liber

558 2191 628 2245 ad
647 2190 901 2258 eumdem,
931 2208 1078 2261 quem
1103 2191 1547 2265 Constantinopoli
1576 2191 1714 2247 dedit
1738 2191 1907 2246 adhuc
1928 2190 2107 2247 viventi
2128 2209 2149 2264 ,-

558 2280 887 2351 blaspltemia:
917 2281 1157 2336 Auxentii
1187 2279 1497 2337 Arianorum
1524 2283 1769 2355 episcOpi,
1819 2281 1947 2337 liber
1973 2295 2153 2341 contra

559 2376 808 2435 eumdem.
839 2373 1011 2447 Super
1036 2373 1295 2435 Psalmos.
1344 2373 1604 2431 Consulto
1632 2391 1762 2431 vero
1793 2376 1968 2432 indice
2000 2375 2150 2430 Psal-

560 2486 793 2538 morum,
823 2485 1051 2540 quorum
1078 2468 1447 2539 expositiones
1488 2469 1538 2530 in
1567 2468 1726 2524 editis
1773 2467 1959 2523 Hilarii
1984 2467 2154 2539 operi-

558 2563 659 2619 bus
685 2562 1093 2625 desiderantur,
1127 2561 1499 2618 enarrationes
1528 2561 1581 2618 in
1612 2561 1857 2617 Psnlmos
1896 2577 1997 2631 xv,
2027 2577 2150 2616 xxxi

559 2663 615 2709 et
645 2669 732 2709 xu
755 2693 770 2719 ,
820 2652 1047 2707 necdum
1082 2653 1326 2723 vulgatas
1356 2653 1407 2708 in
1448 2652 1634 2709 codice
1679 2652 1774 2713 illo
1805 2653 2103 2724 reperimus
2134 2669 2150 2709 :

563 2759 696 2816 quas
730 2743 970 2800 studiose
1001 2745 1356 2817 perlegentes,
1392 2744 1582 2800 Hilarii
1629 2745 1681 2800 in
1724 2744 2010 2802 scribendo
2041 2759 2156 2801 tne-

563 2835 785 2891 thodum
814 2836 1154 2893 observatam
1180 2877 1196 2903 ,
1226 2838 1423 2910 stylum
1456 2836 1574 2909 ejus
1595 2880 1609 2902 ,
1640 2838 1920 2909 scriptura:
1951 2839 2154 2899 versio-

563 2945 686 2985 nem
733 2928 1158 3000 antiquissimam
1206 2938 1261 2986 et
1301 2940 1426 2987 ante
1453 2930 1821 2991 elucubratam
1867 2932 1936 2987 ab
1967 2931 2156 2988 Hiero-

566 3037 729 3095 nymo
758 3020 1025 3090 vulgatam
1066 3021 1340 3089 usitatam,
1385 3032 1699 3079 constanter
1729 3023 1781 3078 itt
1813 3023 1892 3079 eis
1936 3024 2153 3084 citatam

2250 1818 2461 1889 inquit,
2504 1818 2760 1873 Abraham
2803 1836 2867 1875 ex
2914 1821 3150 1894 aperibus
3180 1824 3510 1897 justi/iectus
3550 1833 3635 1879 est
3663 1866 3681 1890 ,
3726 1826 3868 1896 apud

2246 1906 2475 1965 homines
2502 1909 2692 1965 habens
2721 1911 2939 1986 gloriam
2984 1912 3160 1982 (Rom.
3194 1928 3269 1980 tv,
3290 1914 3383 1985 επ
3423 1916 3490 1971 ad
3525 1916 3669 1991 quid
3700 1917 3866 1975 credit

2248 1999 2303 2055 in
2334 2016 2454 2057 eum
2486 2002 2576 2073 qui
2602 2002 2901 2071 justilieare
2948 2005 3167 2075 impium
3214 2015 3437 2079 potest,
3475 2022 3534 2061 et
3566 2009 3867 2082 gratuitam

2251 2092 2677 2152 misericordiam
2726 2096 2821 2152 Dei
2859 2097 3078 2169 sperat?
3117 2096 3278 2154 habet
3306 2098 3546 2173 gloriam
3576 2142 3592 2173 ,
3630 2101 3740 2163 sed
3770 2117 3867 2163 non

2252 2187 2390 2259 apud
2422 2188 2610 2243 Deum.

2324 2280 2378 2337 5.
2419 2280 2726 2345 Judzeorum
2768 2282 2948 2357 itaque
2990 2299 3083 2339 rex
3117 2282 3386 2351 Christus,
3417 2300 3670 2358 quorum
3705 2288 3868 2361 gloria

2254 2387 2360 2428 non
2386 2389 2453 2429 ex
2484 2374 2787 2430 hominibus
2808 2417 2823 2444 ,
2853 2374 2946 2431 sed
2973 2391 3041 2431 ex
3076 2377 3205 2433 Deo.
3241 2378 3484 2451 Denique
3512 2387 3574 2440 et
3603 2380 3703 2434 hic
3736 2381 3865 2450 psal-

2255 2482 2372 2522 mus
2410 2468 2776 2537 siguilicanter
2803 2467 2910 2535 ait,
2955 2467 3120 2525 Vens.
3155 2471 3186 2525 5
3230 2481 3286 2529 et
3316 2469 3348 2525 6
3403 2489 3416 2525 :
3468 2469 3751 2531 Dominus
3801 2483 3862 2528 est

2255 2560 2419 2631 portio
2444 2558 2756 2615 hereditatis
2781 2576 2924 2614 meat.
2954 2558 3128 2614 Funes
3163 2561 3457 2619 ceciderunt
3488 2561 3625 2615 mihi
3654 2564 3721 2617 in
3751 2565 3867 2637 ipsis

2256 2653 2620 2724 potentissimis
2646 2695 2660 2720 ,
2686 2655 2869 2709 etenim
2899 2653 3172 2713 Iucreditas
3209 2671 3321 2709 mea
3348 2670 3603 2727 perquam
3646 2659 3893 2715 summa.

2256 2758 2350 2806 est.
2382 2749 2510 2821 Qua:
2534 2754 2618 2809 est
2645 2764 2776 2821 ergo
2800 2749 3083 2807 harreditas
3112 2750 3348 2826 Domini,
3378 2752 3482 2809 nisi
3514 2752 3643 2813 haec
3674 2754 3749 2811 de
3776 2769 3865 2831 qua

2257 2841 2515 2912 scriptum
2547 2849 2631 2897 est
2664 2858 2676 2894 :
2713 2839 2898 2910 Posce,
2929 2852 2974 2898 et
3007 2842 3139 2898 dabo
3169 2842 3261 2897 tibi
3298 2857 3474 2918 gen'cs
3503 2844 3871 2903 hmeditaten

2259 2942 2399 2985 tuam
2427 2929 2544 3005 (Ps.
2574 2948 2643 2999 tt,
2675 2930 2753 3005 8).
2800 2932 3121 2991 Peccatores
3148 2944 3328 2989 autem
3357 2949 3422 2991 ex
3461 2935 3735 3011 gentibus
3766 2951 3871 2993 crc-

2261 3023 2390 3078 dunt
2421 3025 2473 3087 in
2501 3039 2622 3078 eum
2645 3027 2732 3095 qui
2761 3024 3061 3099 justiticare
3092 3025 3312 3097 impium
3344 3038 3549 3098 putest.
3582 3028 3650 3082 Et
3682 3031 3731 3084 si
3765 3032 3870 3105 glo-

568 3112 1054 3168 auimadvertimus
1088 3132 1101 3169 :
1136 3113 1378 3187 nihilque
1402 3115 1728 3175 incommodi
1766 3116 1938 3175 visum
1969 3125 2077 3193 est,
2110 3117 2160 3175 si
2188 3105 2236 3173 C
2265 3114 2339 3170 ria
2372 3130 2559 3170 eorum
2588 3130 2695 3171 non
2726 3130 2790 3171 ex
2826 3115 3132 3171 hominibus
3155 3158 3169 3183 ,
3194 3115 3289 3173 sed
3318 3132 3383 3174 ex
3416 3118 3532 3179 Deo
3564 3130 3687 3189 est;
3719 3132 3779 3176 ct
3806 3122 3871 3175 i=-

568 3222 660 3267 cas
689 3206 893 3265 Hilario
924 3207 1361 3264 attribueremus.
1386 3227 1405 3263 ι

903 3332 1320 3417 SANCTI
1377 3333 1833 3417 HILARII

613 3449 1180 3514 PSALMORUM
1253 3450 1422 3526 XV,
1486 3449 1735 3511 XXXI
1790 3449 1905 3512 ΕΤ
1959 3450 2123 3513 XLI

894 3602 917 3629 ς
1086 3574 1666 3642 INTERPRETATIO,

880 3665 1003 3728 Qua
1024 3668 1263 3718 hactenus
1287 3668 1336 3716 ln
1361 3667 1506 3717 editis
1524 3666 1851 3718 desideratur.

1211 3749 1525 3823 (Indidem)
1774 3832 1777 3833 ν

859 3841 1276 3900 TRACTATUS
1314 3844 1405 3899 DE
1454 3843 1730 3902 PSALMO
1766 3844 1884 3902 XV.

650 3953 702 4009 l.
746 3952 911 4011 Tituli
959 3955 1309 4026 inscriptione
1356 3965 1687 4028 praenotatur
1728 3958 1830 4015 istc
1878 3959 2116 4031 psalmus
2153 3976 2171 4019 :

574 4046 669 4104 sed
697 4062 816 4119 quze
844 4046 1004 4102 fuerit
1037 4047 1202 4103 David
1232 4048 1371 4104 tituli
1402 4049 1701 4121 inscriptio,
1730 4051 1784 4107 in
1809 4052 2032 4109 historia
2062 4070 2171 4115 non

577 4138 901 4196 invenimus.
929 4139 1312 4197 Verumtamen
1360 4141 1498 4197 tituli
1526 4142 1932 4215 inscriptionem
1966 4146 2017 4200 in
2046 4162 2173 4217 pas-

575 4236 730 4288 sione
762 4233 970 4288 Domiui
1010 4231 1205 4289 factam
1238 4235 1674 4311 recognoscimus
1717 4255 1731 4293 :
1761 4246 1814 4293 et
1851 4238 2035 4312 negari
2065 4254 2173 4295 non

578 4335 755 4405 potest
775 4328 1069 4407 secundum
1094 4328 1614 4399 interpretationem,
1648 4329 1769 4399 quia
1803 4329 1908 4391 iste
1936 4331 2177 4406 psalmus

580 4418 649 4479 de
678 4419 928 4489 passione
957 4427 1010 4474 et
1041 4422 1437 4477 resurrectione
1467 4418 1668 4476 Christi
1708 4425 2060 4494 prophetasse
2091 4424 2174 4478 vi-

2268 3218 2443 3263 torum
2486 3207 2794 3265 Judmorutn
2845 3225 2937 3264 rex
2983 3208 3249 3264 Christus.
3296 3209 3415 3265 Non
3469 3212 3623 3267 cnim
3667 3212 3762 3269 hic
3790 3212 3874 3273 ιιι.

2267 3298 2419 3355 (lacus
2444 3301 2532 3371 qui
2560 3300 2735 3372 palam
2770 3300 3011 3367 videtur,
3043 3316 3218 3373 neque
3251 3302 3338 3357 illa
3367 3318 3495 3375 qua:
3520 3303 3578 3358 in
3607 3314 3804 3376 aperto
3827 3304 3875 3365 in

2268 3408 2431 3449 carne
2461 3396 2521 3447 lit
2546 3384 2901 3449 circumcisio.
2942 3393 3048 3450 Sed
3078 3394 3204 3469 quid
3242 3396 3349 3450 ait?
3385 3398 3660 3468 numquid
3688 3415 3757 3455 ex
3792 3400 3871 3453 illa

2269 3484 2676 3540 circumcisione
2692 3499 2794 3539 non
2814 3485 3026 3555 plurimi
3045 3485 3416 3545 crediderunt?
3436 3503 3635 3543 verum
3651 3502 3735 3544 est
3757 3491 3871 3560 quia

2270 3577 2643 3645 crediderunt,
2666 3578 2760 3634 sed
2779 3588 2832 3633 et
2851 3578 2951 3650 ipsi
2968 3578 3033 3633 ad
3052 3580 3354 3650 exemplum
3375 3582 3627 3655 gentium
3649 3583 3873 3649 reducti,
3958 3566 3959 3603 ξ

2273 3681 2328 3729 ut
2345 3674 2490 3745 prius
2517 3687 2576 3727 se
2598 3672 2988 3728 conﬁterentur
3011 3682 3338 3743 peccatores,
3368 3685 3423 3729 et
3446 3677 3530 3730 sic
3558 3678 3868 3733 misericor-

2272 3768 2411 3825 diam
2434 3779 2792 3837 mererentur,
2811 3768 2945 3823 sicut
2975 3767 3169 3823 Paulus
3185 3768 3250 3822 ad
3273 3767 3495 3823 Galatas
3510 3770 3762 3826 scribens
3785 3770 3870 3824 ἀο-

2272 3870 2384 3918 cet:
2407 3861 2467 3917 Si
2498 3871 2576 3937 tu,
2593 3862 2782 3932 inquit,
2807 3859 3149 3916 cumludwus
3173 3862 3263 3927 sis,
3289 3862 3553 3935 gentiliter
3580 3865 3731 3931 vivis;
3747 3880 3868 3935 quo-

2275 3953 2426 4008 modo
2438 3963 2606 4029 gentes
2618 3954 2756 4027 cogis
2769 3952 3039 4027 judaizare
3060 3952 3200 4027 (Gal.
3226 3969 3284 4018 tt,
3312 3952 3401 4019 id)
3417 3954 3439 4007 ’ἲ
3457 3953 3570 4009 Nos
3589 3955 3870 4024 uaturaju—

2275 4045 2399 4111 dmi,
2423 4059 2473 4101 et
2499 4063 2603 4100 non
2622 4062 2685 4101 ex
2708 4046 2954 4118 gentibus
2976 4054 3303 4116 peccatores,
3330 4046 3573 4101 scientes
3592 4045 3737 4116 quod
3769 4061 3870 4102 non

2272 4137 2597 4211 justiticatur
2615 4138 2790 4192 omnis
2812 4152 2937 4192 caro
2958 4152 3029 4192 ex
3055 4136 3189 4206 lege.
3210 4136 3394 4208 Itaque
3410 4136 3605 4192 volens
3620 4136 3871 4193 lucriﬁeri

2278 4229 2330 4286 in
2361 4229 2576 4287 Christo
2602 4230 2855 4286 inventus.
2877 4235 2961 4284 est
2988 4237 3241 4300 peccator
3263 4243 3277 4290 ;
3303 4227 3430 4298 quia
3455 4226 3710 4283 Christus
3734 4228 3873 4281 venit

2279 4338 2387 4377 non
2407 4309 2732 4397 jttstiﬂcatos
2760 4335 2974 4387 vocare,
3004 4318 3098 4374 sed
3128 4306 3467 4392 peccatores.
3501 4317 3688 4395 Itaque
3709 4329 3763 4374 et
3792 4316 3877 4387 qui

2280 4430 2345 4472 ex
2369 4415 2781 4477 circumcisione
2810 4427 2968 4467 manu
2999 4410 3138 4471 facta
3164 4410 3535 4480 crediderunt,
3566 4410 3634 4465 ad
3667 4409 3877 4465 coales-

582 4510 773 4566 deatur
797 4552 812 4578 ,
856 4510 999 4582 quod
1044 4511 1095 4565 in
1126 4512 1215 4567 illo
1248 4514 1365 4568 loco
1406 4512 1753 4569 manifestum
1783 4492 1865 4568 est
1890 4555 1906 4582 ,
1938 4514 2025 4569 ubi
2068 4515 2173 4581 ait,
2203 4492 2255 4552 D
2282 4510 2488 4563 sionem
2520 4505 2881 4578 peccatricum
2912 4504 3151 4575 gentium
3196 4502 3465 4557 illum“?!li
3506 4501 3874 4569 εΐσέἀῖάετιηιι,

587 4602 747 4665 Vsus.
786 4602 853 4659 to
882 4621 897 4658 :
931 4602 1189 4670 Quoniam
1223 4621 1328 4665 non
1394 4604 1713 4674 derelinquas
1764 4605 1988 4667 animus:
2015 4621 2182 4661 nteam

583 4696 635 4750 in
649 4696 872 4767 inferno,
896 4713 986 4750 nec
1004 4696 1150 4751 dabis
1172 4707 1404 4752 sanctum
1427 4709 1569 4751 tuum
1588 4698 1760 4752 videre
1779 4699 2176 4768 corruptionem.

586 4788 751 4845 David
783 4788 931 4844 enim
970 4798 1215 4845 mortuus
1241 4797 1326 4845 est
1365 4798 1419 4845 et
1448 4788 1691 4859 sepultus
1720 4806 1735 4844 :
1767 4787 1972 4847 Christi
1998 4799 2180 4853 autem

584 4896 713 4937 caro
736 4882 853 4937 sola
883 4896 990 4937 non
1014 4882 1147 4937 vidit
1168 4881 1594 4953 corruptionem,
1628 4897 1726 4939 nec
1749 4882 1979 4939 detineri
2010 4885 2184 4954 potuit

585 4976 767 5037 anima
802 4977 919 5046 ejus
962 4977 1014 5032 in
1046 4974 1277 5033 inferno.
1325 4976 1687 5044 Quamobrem
1733 4977 1973 5046 psalmus
2009 4977 2182 5048 quiet

589 5068 656 5124 de
686 5070 936 5138 passione
975 5070 1093 5139 ejus
1131 5080 1187 5126 et
1212 5069 1608 5127 resurrectione
1646 5079 1701 5126 et
1728 5070 2040 5126 haereditate
2071 5069 2184 5126 dic-

592 5171 745 5218 turus
784 5170 966 5231 esset,
1011 5164 1205 5219 merito
1243 5171 1458 5220 notatus
1501 5174 1584 5220 est
1625 5163 1766 5220 tituli
1809 5165 2179 5236 inscriptione.

592 5253 732 5323 Quid
759 5255 901 5309 enim
932 5255 986 5310 in
1017 5270 1077 5311 se
1115 5256 1300 5313 habuit
1341 5257 1609 5329 scriptura
1642 5256 1777 5312 tituli
1803 5297 1819 5323 ,
1849 5272 2009 5327 quam
2037 5258 2185 5315 cruci

594 5348 711 5419 ejus
750 5346 952 5402 Pilatus
989 5347 1190 5407 aitixit?
1239 5348 1433 5423 Iesus,
1493 5349 1697 5418 inquit,
1741 5365 1833 5404 rea:
1855 5345 2184 5415 Judworum.

596 5438 749 5507 Quod
778 5440 831 5494 in
856 5453 915 5495 se
938 5454 1132 5495 nomen
1159 5450 1213 5495 et
1241 5441 1361 5509 ipse
1379 5438 1663 5499 confessus
1687 5448 1790 5505 est,
1820 5443 2188 5510 interrogante

600 5545 724 5585 eum
760 5530 931 5585 Pilato
961 5547 977 5587 :
1020 5529 1103 5584 Tu
1138 5546 1193 5584 es
1235 5545 1328 5584 rea:
1350 5527 1652 5584 Juda'orum
1683 5528 1877 5603 (Marc.
1916 5546 1983 5589 xv
2004 5571 2019 5599 ,
2048 5514 2188 5602 '26)?

603 5620 669 5681 In
696 5622 813 5688 hoc,
846 5621 1049 5697 inquit,
1076 5622 1192 5678 veni
1217 5630 1263 5679 et
1286 5621 1341 5685 in
1361 5621 1458 5675 hoc
1484 5630 1634 5677 natus
1660 5637 1796 5679 sum.

675 5713 730 5766 ‘2.
779 5713 885 5770 Sed
924 5712 1183 5786 numquid
1221 5712 1519 5770 carnalium
1548 5711 1861 5770 Iudaeorum
1904 5728 2001 5787 rex
2038 5712 2106 5770 ab
2131 5725 2200 5772 eo

2283 4606 2342 4655 ut
2365 4610 2546 4654 essent
2573 4612 2761 4655 omnes
2783 4595 3073 4657 baereditas
3098 4593 3297 4653 Christi
3324 4611 3337 4647 :
3368 4607 3476 4657 non
3507 4593 3565 4651 in
3592 4594 3676 4655 his
3705 4594 3795 4663 qui
3818 4609 3877 4647 ex

2283 4691 2540 4761 operibus
2568 4690 2682 4745 suis
2703 4688 3147 4760 justiﬁcabuntur
3164 4729 3178 4751 ,
3207 4685 3301 4740 sed
3326 4686 3383 4741 in
3408 4686 3492 4740 his
3515 4687 3613 4757 qui
3638 4702 3734 4758 per
3759 4686 3899 4756 δι’δι’

2284 4784 2471 4840 tuitam
2500 4784 2724 4855 gratiam
2776 4783 2866 4838 Dei
2913 4782 3297 4852 justiﬁcantur.
3345 4781 3412 4835 Et
3461 4782 3580 4835 haec
3624 4789 3708 4835 est
3747 4779 3881 4835 tituli

2286 4876 2596 4949 inscriptio,
2624 4875 2767 4947 quod
2793 4876 2862 4930 sit
2894 4875 3010 4946 ipse
3034 4889 3129 4930 rex
3170 4872 3503 4929 Iudaeorum.
3534 4872 3723 4943 Itaque
3763 4888 3881 4925 nar-

2288 4979 2371 5029 rat
2397 4967 2485 5025 hic
2516 4968 2752 5040 psalmus
2776 4983 3006 5039 quorum
3030 4965 3339 5025 Iudaeorum
3368 4979 3463 5020 rex
3487 4963 3740 5019 Christus
3765 4977 3885 5017 esse

2288 5060 2553 5127 videatur,
2574 5069 2626 5115 et
2675 5073 2833 5130 quam
2887 5059 3083 5114 habeat
3139 5055 3405 5111 rationem
3458 5053 3600 5107 tituli
3656 5052 3878 5117 inscript.

2289 5154 2457 5221 tione;
2489 5154 2579 5225 qui
2627 5168 2736 5208 non
2784 5166 2972 5207 eorum
3017 5148 3329 5206 Iudaeorum
3374 5146 3467 5218 qui
3516 5146 3698 5217 palam
3738 5145 3875 5199 ride~

2292 5257 2502 5311 rentur.
2527 5257 2584 5304 et
2609 5260 2835 5318 quorum
2866 5252 3010 5301 esset
3033 5251 3218 5314 aperta
3250 5242 3302 5297 in
3332 5254 3499 5295 carne
3524 5239 3877 5303 circumcisio,

2297 5341 2396 5401 sed
2424 5341 2604 5411 potius
2643 5337 2857 5393 illorum
2888 5334 3196 5393 .ludawrtmt
3226 5332 3317 5411 qui
3350 5331 3402 5386 in
3430 5339 3651 5386 secreto
3681 5328 3840 5391 .lnd:ri
3860 5370 3877 5396 ,

2296 5431 2495 5504 quibus
2538 5428 2883 5487 circumcisio
2921 5426 3104 5487 cordis
3129 5466 3143 5485 .
3184 5435 3412 5493 quorum
3465 5420 3645 5490 gloria
3692 5434 3798 5475 non
3819 5431 3878 5473 ex

2300 5526 2624 5590 hominibus,
2650 5523 2746 5579 sed
2767 5540 2833 5578 ex
2864 5523 2971 5578 Deo
2996 5534 3099 5578 csr.
3124 5518 3418 5577 Videamus
3438 5514 3683 5587 denique
3707 5510 3877 5586 psalmi

2305 5624 2539 5684 textum,
2570 5617 2614 5671 si
2644 5616 2711 5672 ad
2744 5615 2859 5672 haec
2887 5629 3005 5685 qua:
3033 5611 3267 5668 diximus
3294 5611 3511 5675 attinet.
3958 5682 3959 5687 η

2380 5711 2438 5768 6.
2482 5709 2644 5766 γεω.
2678 5709 2729 5773 1.
2770 5706 2983 5766 Custodi
3025 5721 3125 5774 me,
3152 5703 3347 5776 inquit,
3381 5698 3637 5772 Domine,
3669 5698 3886 5775 quoniam
3958 5696 3959 5699 “
