3984 6208
77 282 227 339 893

1277 277 1692 339 TRACTATUS
1736 279 1827 339 DE
1864 278 2140 337 PSALMO
2182 276 2298 338 ιν.

3324 278 3430 340 8θῶ

82 399 155 453 iss
193 407 255 455 te
287 400 518 471 speravi.
547 398 645 468 Qui
677 397 915 455 debitum
943 398 1100 469 petit,
1130 412 1237 459 non
1260 407 1444 474 sperat
1473 415 1490 452 z
1517 412 1643 455 nam
1683 394 1730 457 si
1759 399 1812 467 Δ
1834 412 1953 453 runt
1994 412 2015 453 :
2056 407 2170 468 post
2214 396 2322 453 btet:
2352 397 2805 456 acceleraverunt?
2832 396 3053 455 Tractat
3078 395 3221 453 hunc
3243 396 3425 455 locutu

81 488 367 548 debetur
396 490 524 545 mihi
565 490 790 563 aliquid,
816 491 939 561 jure
967 488 1022 545 id
1064 504 1311 561 reposco.
1342 488 1495 557 Quod
1526 490 1573 545 si
1610 490 1733 563 quis

87 583 265 639 mihi
291 599 360 640 ex
394 584 671 639 voluntate
705 583 939 649 tribuat,
968 597 1078 638 non
1104 597 1170 639 es
1192 583 1467 641 oblatione
1492 600 1509 653 ;
1543 583 1607 639 de
1630 582 1733 641 hac

84 675 531 730 consuetudine
556 674 694 744 ejus,
724 674 1152 731 benevolentiam
1196 673 1316 746 ejus
1341 676 1592 745 sperabo.
1624 675 1733 733 ita-

88 781 233 836 que
284 767 377 822 ltic
402 751 492 837 (ιιῖί
526 783 631 823 non
662 784 728 837 ex
755 768 1010 841 operibus
1036 767 1299 840 justitiam
1331 767 1733 840 magniﬁcahat,

87 858 211 914 sed
249 857 551 930 gratuitam
586 860 681 916 Dei
709 860 934 930 gratiam
961 860 1354 925 introducebat.
1389 857 1600 918 Custodi
1632 878 1730 930 me,

85 949 286 1015 dixit,
318 951 555 1016 Domine,
579 954 703 1024 quia
721 955 775 1007 in
804 962 851 1008 te
871 953 1090 1024 speravi.
1116 952 1298 1008 Dicant
1327 952 1568 1019 Domino,
1597 952 1736 1013 Deus

86 1058 269 1099 mem
299 1059 356 1099 es
385 1057 460 1101 tu.
519 1044 764 1103 Petestas
793 1047 937 1103 enim
966 1046 1175 1102 Domini
1199 1047 1253 1103 in
1273 1062 1339 1103 eo
1365 1058 1471 1115 est,
1495 1057 1552 1103 ut
1571 1046 1736 1107 faciat

102 1134 175 1193 in
237 1136 636 1211 servumquod
663 1137 816 1203 vult,
859 1152 966 1193 non
1008 1138 1151 1209 quod
1193 1153 1417 1194 necesse
1447 1139 1628 1197 habet.
1676 1138 1767 1199 Si.

89 1235 310 1284 autem
339 1228 597 1298 aperibus
637 1242 847 1285 merces
872 1228 1135 1297 debetur;
1176 1232 1228 1291 id
1258 1231 1388 1291 mihi
1428 1232 1732 1300 retribuet,

92 1318 273 1390 quod
318 1333 542 1377 necesse
572 1320 859 1392 habuerit,
896 1336 1001 1379 non
1039 1322 1184 1394 quod
1213 1323 1462 1381 voluerit.
1497 1323 1555 1378 Si
1586 1324 1731 1383 enim

98 1421 389 1483 operatus
417 1410 572 1470 fuero
595 1455 610 1479 ,
642 1414 774 1470 velit
803 1416 958 1482 nolit,
992 1414 1219 1473 debetur
1247 1415 1378 1475 mihi
1407 1430 1646 1483 merces,
1678 1423 1733 1475 et

97 1503 485 1563 evaeuahitur
517 1519 614 1578 per
642 1505 757 1563 hare
781 1507 953 1578 gratia
981 1506 1095 1570 Dei,
1124 1507 1266 1563 sicut
1289 1506 1582 1576 Apostolus
1608 1506 1685 1561 ait
1712 1521 1728 1563 :

95 1594 262 1655 Nam
293 1596 387 1664 qui
416 1604 672 1665 operatur
695 1638 713 1665 ,
746 1612 955 1655 merces
993 1598 1068 1655 illi
1105 1608 1325 1669 accepta
1356 1599 1414 1655 tit
1443 1614 1539 1669 per
1575 1598 1731 1657 debi-

98 1696 238 1747 tum
260 1729 274 1753 ,
309 1702 417 1745 non
450 1703 548 1761 per
570 1690 838 1763 gratiam;
869 1690 965 1747 sed
1020 1690 1112 1762 qui
1140 1705 1199 1748 se
1240 1704 1349 1747 non
1378 1707 1447 1746 ex
1476 1691 1731 1762 operibus

1834 486 2125 559 Apostolus
2156 486 2467 555 plenissime
2495 488 2562 544 ad
2588 488 2863 545 Romanos
2883 528 2900 554 ,
2924 487 3058 558 quod
3090 487 3174 548 lea;
3202 486 3431 547 introivit

1835 588 1890 634 ut
1923 580 2327 650 ampliﬁcantur
2355 591 2638 653 peccatum.
2673 579 2773 635 Ubi
2804 580 3175 652 ampli/iratum
3204 589 3276 634 est
3310 595 3429 651 pec-

1833 684 2004 733 catum
2028 713 2045 740 ,
2076 673 2145 729 ibi
2182 676 2354 748 gratia
2381 675 2657 731 abundavit
2688 674 2865 747 (Rom.
2898 689 2947 741 v,
2973 672 3089 744 ευ).
3136 674 3428 742 Postquam

1836 767 1981 823 enim
2011 769 2358 837 repudiantes
2384 769 2614 840 gratiam
2655 769 2747 827 Dei
2797 769 2999 825 inventi
3043 777 3169 825 sunt
3214 768 3267 823 in
3299 782 3431 839 ope-

1834 858 1983 914 ribus
2005 858 2162 930 legis,
2194 859 2423 917 iutirmis
2451 861 2584 915 mira
2613 858 2752 917 facta
2781 868 2867 916 est
2897 859 3149 915 voluntas
3181 860 3295 927 Dei,
3323 875 3432 932 qua

1834 950 1902 1006 ad
1930 952 2158 1023 gratiam
2206 966 2357 1009 suam
2400 950 2727 1021 provocabat
2766 966 2883 1009 eos.
2918 953 3256 1022 Quicumque
3300 968 3430 1023 ergo

1834 1044 1952 1101 vult
1978 1046 2159 1103 salvus
2188 1060 2310 1105 esse
2332 1085 2347 1111 ,
2381 1053 2597 1118 oportet
2628 1054 2685 1100 ut
2706 1047 2875 1116 gratia
2907 1046 2999 1103 Dei
3030 1046 3251 1103 liberari
3278 1047 3427 1103 velit.

1834 1138 2022 1210 Itaque
2062 1141 2198 1199 bene
2231 1138 2475 1212 psalmus
2504 1140 2579 1195 ait
2610 1157 2625 1194 :
2668 1138 2784 1210 Ipsi
2810 1141 2967 1196 miras
2998 1143 3223 1211 fuerunt
3247 1142 3431 1196 volass-

1835 1241 1964 1291 tates
1992 1241 2108 1289 tuas
2130 1233 2182 1287 in
2202 1248 2293 1297 se;
2324 1233 2685 1303 multiplicata:
2708 1243 2827 1293 sunt
2857 1233 3183 1303 inﬁrmitates
3208 1249 3381 1288 eorum
3411 1250 3431 1291 :

1833 1334 1945 1396 post
1976 1326 2084 1381 lucc
2104 1323 2535 1381 acceleraverunt.
2564 1322 2698 1383 Cum
2730 1326 2873 1381 enim
2901 1325 3279 1395 multiplicatae
3306 1332 3436 1382 sunt

1835 1416 2173 1473 inﬁrmitates
2194 1430 2380 1475 eorum
2411 1417 2501 1489 qui
2524 1431 2583 1472 se
2606 1417 2659 1477 in
2687 1416 2945 1486 operibus
2966 1418 3249 1487 justitlcari
3279 1419 3428 1473 volso

1835 1508 2002 1577 bant,
2033 1510 2184 1567 mirae
2214 1508 2371 1568 factm
2408 1520 2534 1569 sunt
2562 1511 2872 1568 voluntates
2903 1511 2997 1567 Dei
3025 1525 3146 1581 qua:
3172 1511 3239 1566 ad
3266 1511 3428 1568 Iidem

1833 1600 2019 1673 gratite
2050 1602 2333 1663 vocabam.
2375 1601 2578 1661 Herum
2609 1602 2774 1672 igitur
2799 1616 3100 1673 synagogas
3121 1642 3137 1666 ,
3168 1602 3281 1669 ait,
3323 1616 3431 1658 non

1839 1693 2149 1765 aggregabo
2185 1692 2253 1749 de
2281 1692 2544 1764 sanguine
2584 1709 2706 1749 tneo
2735 1709 2751 1750 :
2784 1692 2836 1749 id
2877 1701 2961 1748 est
2986 1733 3001 1757 ,
3030 1708 3136 1749 non
3167 1692 3432 1749 redimam

101 1779 266 1847 suis,
289 1780 388 1837 sed
418 1796 481 1838 ex
509 1782 677 1855 gratia
702 1782 793 1839 Dei
818 1784 1030 1841 salvum
1057 1783 1172 1841 fieri
1192 1786 1327 1851 vult,
1353 1789 1492 1841 sicut
1515 1791 1731 1856 oportet
1758 1788 1806 1851 B
1831 1798 1928 1840 eos
1944 1784 2034 1854 qui
2053 1783 2629 1855 redeniptiottetnmcte
2649 1784 2835 1859 gratiae
2861 1799 2968 1841 non
2992 1784 3295 1854 requirunt.
3320 1782 3434 1839 Nec

104 1887 228 1931 nos
256 1886 452 1928 omnes
482 1873 744 1941 credere;
778 1874 867 1931 hic
895 1891 1122 1948 sperans
1146 1876 1203 1935 in
1238 1876 1405 1935 Deum
1437 1877 1729 1933 constituet

104 1965 230 2021 sibi
264 1965 469 2024 bonum
498 1967 642 2043 quod
683 1968 913 2025 voluerit
959 1970 1099 2027 Deus
1124 2011 1140 2037 ,
1184 1985 1291 2027 non
1329 1969 1472 2038 quod
1502 1985 1729 2030 nece~se

110 2059 430 2126 habuerit,
480 2075 542 2116 ac
589 2076 685 2135 per
718 2062 822 2123 hoc
859 2062 1226 2132 signiﬁcanter
1270 2064 1386 2130 ait,
1436 2062 1604 2121 Vsus.
1652 2066 1726 2119 il:

109 2153 261 2210 Dixi
292 2154 535 2223 Domino,
563 2153 709 2213 Deus
736 2172 875 2213 meus
898 2172 952 2211 es
991 2165 1066 2215 tu.
1095 2155 1280 2227 Neque
1304 2156 1451 2215 enim
1475 2171 1728 2227 umquam

112 2246 395 2305 Dominus
420 2248 621 2317 gratias
647 2247 755 2319 agit
783 2262 965 2316 servo,
1007 2246 1053 2305 si
1082 2247 1274 2305 fecerit
1303 2248 1442 2320 quod
1471 2249 1729 2320 jusserit;

115 2337 228 2395 sed
261 2353 359 2413 per
407 2337 523 2395 haec
546 2339 726 2399 omnia
757 2338 1065 2410 exspectari
1108 2340 1253 2395 volet
1297 2338 1732 2401 benevolentiam

115 2443 285 2489 suam
326 2437 379 2489 ct
420 2430 645 2505 gratiam
677 2471 693 2495 ,
739 2429 877 2489 sicut
915 2440 970 2486 et
1018 2431 1275 2492 Dominus
1304 2431 1464 2490 docet
1500 2432 1731 2493 dicens:

122 2519 266 2587 Quis
296 2536 360 2577 ea:
396 2520 536 2578 vobis
576 2521 726 2578 habet
764 2539 965 2577 servum
1005 2531 1236 2578 orantem
1274 2533 1363 2581 aut
1392 2525 1734 2595 pascentem?

122 2612 409 2686 Numquid
456 2629 571 2668 cum
612 2616 802 2671 venerit
839 2615 1073 2684 domum,
1118 2617 1241 2672 dicit
1280 2618 1348 2685 ei,
1392 2618 1625 2677 transiet
1652 2634 1733 2673 re-

134 2707 351 2762 cumbe?
376 2707 467 2764 sed
493 2708 639 2773 dicit,
670 2710 833 2765 transi
862 2718 908 2764 et
933 2711 1166 2764 ministra
1192 2709 1341 2776 mihi,
1372 2721 1420 2771 et
1447 2721 1568 2771 tunc
1587 2727 1733 2766 man-

126 2797 371 2859 ducabis.
405 2798 457 2855 Ν
463 2800 673 2868 nmquid
694 2801 800 2876 agit
830 2800 1069 2859 dominus
1089 2803 1167 2857 illi
1196 2804 1389 2876 gratias
1414 2820 1583 2871 servo,
1611 2806 1734 2874 quia

132 2891 218 2949 sic
250 2890 468 2963 fecerit?
491 2907 639 2947 amen
674 2891 789 2951 dico
831 2893 971 2951 vobis
1008 2894 1129 2964 quia
1157 2911 1262 2950 non
1294 2896 1423 2969 agit.
1455 2896 1545 2952 Sic
1575 2905 1622 2952 et
1643 2912 1733 2953 vos

128 2998 256 3039 cunt
296 2984 468 3041 omnia
495 2983 717 3055 feceritis
754 3001 869 3055 quae
890 2986 1094 3058 iussero
1123 2988 1262 3044 vobis
1284 3029 1302 3056 ,
1333 2989 1488 3047 dicite
1530 3007 1543 3045 :
1584 2990 1735 3050 Servi

128 3080 340 3139 inutiles
365 3097 541 3137 sumus
570 3096 590 3135 :
614 3081 749 3154 quod
778 3097 977 3141 necesse
1004 3082 1299 3152 habuimus,
1330 3085 1543 3156 fecimus
1572 3085 1729 3159 (Luc.

1834 1875 2175 1942 mentorabor,
2198 1876 2393 1946 inquit,
2421 1875 2632 1933 nomina
2661 1890 2838 1931 eorum
2874 1891 2964 1946 per
2991 1874 3131 1934 labia
3163 1892 3295 1931 mea.
3325 1874 3430 1944 Qui

1831 1967 1978 2025 ettim
2006 1966 2058 2027 in
2090 1966 2345 2037 operibus
2369 1967 2482 2025 suis
2513 1965 2626 2019 vult
2665 1965 2848 2023 salvus
2879 1980 3001 2024 esse
3028 2006 3045 2033 ,
3088 1965 3174 2026 hic
3213 1965 3420 2024 beneﬂ-

1830 2060 1971 2117 cium
2004 2074 2181 2116 meum
2213 2073 2322 2119 non
2349 2059 2637 2117 conﬁtetur
2668 2075 2681 2110 :
2715 2065 2769 2114 et
2802 2058 2889 2127 qui
2929 2074 3010 2115 me
3039 2058 3302 2125 conIessus
3321 2074 3427 2116 nou

1831 2154 1986 2224 tuerit
2018 2168 2193 2209 coram
2221 2150 2532 2217 hominibus,
2563 2167 2656 2211 nec
2678 2166 2769 2224 ego
2790 2150 3068 2221 conﬁtebor
3086 2150 3233 2207 illum
3252 2165 3427 2207 coram

1838 2246 1994 2307 Patre
2034 2263 2145 2303 meo
2181 2245 2266 2317 qui
2308 2252 2378 2301 est
2407 2247 2461 2299 in
2490 2244 2630 2303 ctvlis
2661 2242 2875 2315 (Matth.
2926 2259 2959 2299 χ
2985 2283 3002 2308 ,
3035 2241 3149 2313 5‘2).
3183 2242 3337 2311 Quod
3378 2242 3427 2303 si

1835 2340 1937 2397 hos
1966 2341 2101 2396 tales
2131 2354 2236 2395 non
2269 2338 2445 2394 fuerat
2472 2345 2913 2408 congregaturus,
2948 2344 3233 2405 supererat
3257 2344 3313 2391 ut
3339 2349 3430 2391 os-

1834 2434 2082 2493 tenderet
2109 2449 2245 2506 quos
2273 2434 2327 2495 in
2353 2432 2672 2495 haereditate
2697 2438 3015 2500 accepturus
3043 2437 3210 2487 esset.
3244 2427 3428 2499 Itaque

1836 2527 2025 2585 ordine
2046 2527 2324 2599 subiungit
2356 2544 2370 2583 :

1908 2620 1962 2676 7.
1991 2620 2161 2677 Vsus.
2195 2619 2247 2679 5.
2282 2618 2533 2674 Dominus
2583 2617 2751 2687 portio
2781 2615 3092 2673 hereditatis
3121 2630 3247 2670 mea
3272 2621 3319 2669 et
3340 2628 3430 2669 eaq

1835 2712 1948 2768 licis
1972 2714 2070 2769 mei
2098 2721 2194 2768 :tu
2220 2727 2271 2767 es
2293 2710 2381 2781 qui
2409 2708 2679 2765 custodisti
2709 2707 2835 2765 mihi
2856 2706 3201 2765 hereditatem
3238 2721 3425 2763 meatu.

1836 2802 1894 2862 Si
1921 2803 2066 2861 enim
2096 2816 2191 2859 eos
2236 2802 2329 2872 qui
2374 2816 2441 2857 ex
2470 2799 2729 2871 operibus
2766 2798 3136 2868 justiticantur
3177 2796 3429 2867 repudia.

1834 2893 1927 2951 bat
1946 2935 1960 2961 ,
1987 2908 2082 2949 eos
2112 2893 2296 2965 utique
2322 2908 2458 2964 quos
2498 2892 2643 2948 Deus
2668 2907 2765 2963 per
2801 2890 3030 2961 gratiam
3054 2890 3244 2955 salvos
3269 2890 3430 2945 facie~
3534 2972 3537 2975 _

1837 2986 1949 3051 hat,
1985 2985 2185 3042 habere
2210 2985 2464 3043 malebat.
2492 2983 2677 3055 Itaque
2701 2981 3070 3053 signiﬁcanter
3100 2982 3172 3037 ait
3203 3001 3217 3038 :
3245 2979 3428 3037 Domi-

1836 3098 1932 3137 nus
1960 3082 2128 3154 portio
2153 3078 2465 3139 hwreditatis
2491 3093 2631 3139 meat.
2660 3077 2793 3137 Cum
2815 3076 2959 3133 enim
2978 3074 3233 3133 Dominus
3258 3074 3430 3146 gratia

133 3188 250 3229 xvu
275 3215 290 3241 ,
324 3174 402 3245 7).
444 3172 611 3246 Igitur
635 3176 722 3246 qui
754 3176 998 3246 agnoscit
1026 3192 1083 3231 se
1113 3176 1281 3237 Deum
1311 3176 1542 3244 habere,
1569 3180 1732 3237 talem

1839 3188 1932 3229 sua
1961 3172 2141 3232 salvos
2171 3171 2362 3229 fecerit
2383 3172 2503 3229 illos
2530 3210 2544 3237 ,
2575 3184 2712 3240 quos
2737 3168 2826 3225 ille
2850 3168 2905 3229 in
2936 3167 3303 3225 haereditatem
3330 3166 3429 3223 (ια.

104 3259 402 3323 'exhihere
427 3266 588 3327 debet
613 3268 886 3331 servitutis
917 3269 1291 3327 humilitatem.
1326 3271 1432 3329 Sed
1458 3271 1572 3329 haec
1599 3288 1734 3329 oon-

136 3357 303 3417 fessio
326 3375 431 3413 non
460 3368 543 3415 est
567 3374 791 3431 operum
814 3399 833 3431 ,
859 3361 952 3417 sed
984 3360 1127 3419 lidei.
1158 3362 1344 3433 Itaque
1387 3363 1511 3421 novi
1541 3362 1733 3423 Testa-

136 3453 305 3509 menti
330 3451 465 3508 bene
491 3454 840 3513 annuntiator
868 3455 945 3511 ait
977 3474 990 3513 ;
1028 3454 1148 3509 Dixi
1173 3454 1394 3513 Domino.
1422 3472 1557 3524 meo,
1593 3453 1734 3515 Delta

136 3557 285 3597 meus
312 3558 363 3597 es
388 3552 462 3598 tu.
495 3542 560 3598 Et
585 3544 712 3614 quid
746 3552 870 3615 post
895 3544 1008 3601 hmc
1035 3544 1205 3601 dicit?

211 3636 267 3694 5.
299 3625 553 3706 Quoniam
574 3641 820 3697 bonorum
848 3655 1074 3699 meorum
1095 3656 1197 3694 non
1223 3639 1440 3714 indiges,
1464 3639 1630 3699 Vsus.
1673 3640 1727 3696 5.

140 3729 350 3789 Sanctis
381 3733 468 3799 qui
497 3742 614 3793 sunt
641 3733 694 3787 in
722 3740 879 3789 terra.
909 3727 1046 3800 Quid
1074 3741 1181 3788 tam
1212 3746 1561 3805 consequens
1591 3741 1732 3802 erat,

140 3813 299 3894 quam
329 3823 470 3897 quod
494 3825 591 3891 ait,
620 3824 759 3883 bona
783 3839 880 3885 sua
910 3824 1213 3881 necessaria
1246 3840 1356 3885 non
1383 3840 1506 3883 esse
1531 3827 1734 3884 sanctis

143 3925 303 3971 terra:
322 3957 337 3981 ,
368 3931 541 3986 neque
570 3931 633 3971 ea
664 3915 802 3973 bona
834 3915 1045 3973 Domini
1072 3915 1140 3975 ad
1180 3931 1335 3972 usum
1362 3931 1484 3973 esse
1511 3927 1731 3973 saneto-

142 4022 262 4067 rttm
320 4015 473 4065 terra:
526 4007 926 4067 habitatorum?
982 4006 1114 4078 Qua:
1158 4014 1337 4067 autem
1399 4015 1527 4067 sunt
1590 4006 1731 4069 bona

143 4100 382 4173 Christi,
415 4116 535 4169 qua:
576 4101 713 4156 bona
764 4099 904 4157 Novi
944 4100 1299 4168 Testamenti,
1335 4101 1438 4155 nisi
1472 4102 1733 4172 gratuita,

145 4193 250 4249 nisi
290 4202 628 4263 peccatorum
658 4193 945 4254 remissio?
983 4191 1115 4249 Ilteo
1155 4193 1297 4252 bona
1325 4193 1527 4251 sanctis
1573 4203 1735 4252 terrm

144 4286 449 4341 necessaria
481 4300 586 4340 non
613 4294 757 4341 sunt.
788 4284 911 4345 Non
948 4294 1094 4359 egent
1121 4286 1207 4357 qui
1235 4287 1348 4347 sani
1367 4296 1486 4342 sunt
1515 4288 1734 4356 medico,

145 4377 235 4433 sed
259 4379 343 4448 qui
373 4377 505 4437 male
534 4378 718 4433 habent
764 4377 958 4450 (Marc.
1008 4394 1045 4437 ιι
1068 4417 1086 4447 .
1120 4375 1234 4453 I7).
1261 4379 1328 4436 Et
1356 4380 1573 4451 preprie
1611 4380 1735 4438 illos

146 4468 239 4539 qui
267 4482 323 4523 se
351 4467 403 4523 in
429 4469 684 4538 operibus
725 4471 839 4529 suis
862 4468 1161 4540 iustiﬁcam
1181 4510 1199 4537 ,
1227 4482 1442 4529 sanctos
1469 4487 1579 4528 non
1613 4473 1737 4531 ραδιί

1833 3264 1951 3331 dit;
1983 3281 2107 3321 vere
2152 3264 2406 3321 Dominus
2434 3273 2515 3319 est
2538 3264 2715 3334 portio
2756 3260 3091 3319 lttereditatis
3118 3259 3254 3330 ejus.
3298 3259 3429 3316 ὅρι’-ρ
3458 3290 3465 3297 -

1833 3358 1980 3419 Vavit
2004 3367 2183 3415 autem
2222 3358 2539 3429 obsequium
2567 3355 2729 3421 illius,
2760 3366 2823 3415 ut
2860 3354 3232 3412 ltuit'editatetn
3271 3369 3427 3414 suam

1835 3466 1943 3509 non
1975 3452 2029 3511 in
2068 3452 2331 3523 sanguine
2359 3467 2459 3507 suo
2486 3453 2770 3521 quzesitam
2796 3450 3151 3522 praedicaret;
3200 3448 3294 3504 sed
3328 3464 3427 3518 per

1837 3546 2006 3605 Deum
2037 3545 2291 3603 donatam
2334 3546 2435 3605 sibi
2463 3544 2670 3603 diceret
2701 3561 2733 3601 a
2766 3545 2901 3610 Deo,
2933 3551 2991 3599 ut
3021 3552 3077 3600 et
3105 3544 3295 3599 calicis
3319 3544 3423 3607 sui,

1837 3639 1890 3699 id
1921 3650 2004 3695 est
2032 3639 2323 3710 passionis,
2359 3639 2644 3699 Dominum
2675 3640 2976 3709 portionem
3005 3653 3128 3694 esse
3162 3639 3426 3693 conﬁtea-

1840 3742 1944 3789 tur.
1980 3732 2192 3795 Etenim
2225 3734 2272 3791 si
2295 3733 2546 3803 passione
2578 3732 2792 3789 Domini
2823 3731 3118 3803 redempta:
3144 3738 3270 3787 sunt
3295 3747 3428 3800 gen-

1834 3832 1923 3882 tes
1950 3825 2019 3882 de
2050 3831 2298 3896 peccato,
2341 3825 2456 3896 ipsa
2503 3834 2685 3883 tamen
2730 3824 2913 3896 passio
2941 3824 3153 3880 Domini
3179 3824 3430 3879 voluntas

1834 3914 2013 3975 Patris
2057 3915 2173 3984 luit,
2216 3916 2356 3975 sicut
2402 3923 2630 3973 testatur
2687 3916 2739 3973 in
2785 3915 3070 3986 evangelio
3110 3914 3296 3971 dicens
3343 3914 3432 3983 (ut

1836 4008 2000 4069 homo
2031 4009 2267 4080 loquitur
2291 4024 2451 4080 quem
2489 4010 2754 4081 suscepit)
2784 4026 2797 4066 :
2824 4007 3003 4077 Pater,
3030 4019 3252 4065 transeat
3292 4011 3429 4066 calix

1834 4103 1930 4158 iste
1958 4119 1990 4157 a
2015 4119 2094 4157 me
2120 4118 2138 4161 :
2162 4111 2532 4164 verumtamen,
2552 4118 2658 4161 non
2682 4102 2820 4171 quod
2844 4117 2937 4175 ego
2980 4101 3116 4167 vola,
3162 4100 3251 4157 sed
3292 4100 3431 4169 quod

1840 4206 1895 4249 tu
1942 4192 2158 4266 (Matth.
2203 4207 2352 4256 χχιιι.
2380 4190 2496 4264 59).
2525 4191 2693 4263 Igitur
2735 4192 2782 4248 si
2831 4191 3165 4247 voluntatem
3214 4190 3428 4245 Dnniini

1838 4283 2174 4350 consideres,
2221 4284 2338 4355 ipse
2379 4282 2667 4343 confessus
2713 4291 2798 4340 est
2842 4282 3075 4339 dicens:
3106 4282 3150 4337 si
3180 4278 3297 4337 ﬁeri
3337 4296 3436 4351 po-

1840 4384 1963 4443 test,
1996 4386 2235 4431 transeat
2264 4375 2364 4430 iste
2391 4374 2527 4430 calix
2560 4389 2589 4429 a
2623 4389 2729 4430 me.
2763 4373 2914 4429 Unde
2946 4374 3107 4429 etiam
3130 4373 3434 4444 redemptio

1838 4470 2079 4539 gentium
2120 4483 2232 4530 non
2289 4467 2345 4523 in
2401 4469 2677 4525 voluntate
2730 4464 2873 4531 Filii,
2930 4464 3028 4521 sed
3072 4464 3126 4518 in
3155 4464 3431 4520 voluntate

148 4557 242 4614 Sed
268 4568 421 4614 terra:
446 4560 755 4631 appellavit;
782 4577 849 4617 ex
874 4560 1186 4621 hominibus
1206 4563 1350 4621 enim
1378 4563 1493 4623 laus
1522 4578 1731 4633 eorum,
1761 4558 1817 4624 D
1840 4561 2016 4623 Patris
2046 4560 2357 4633 recipienda
2382 4571 2486 4623 est.
2518 4558 2633 4619 Non
2667 4559 2811 4617 enim
2842 4557 2987 4630 quod
3026 4571 3129 4626 ego
3153 4556 3299 4624 volo,
3348 4557 3431 4611 in-

148 4664 255 4706 non
285 4665 348 4706 ex
381 4649 491 4705 Deo
521 4662 601 4707 cst
636 4671 648 4705 :
676 4653 866 4728 quales
906 4652 1074 4711 fuisse
1117 4669 1211 4711 eos
1244 4653 1505 4713 Dominus
1545 4665 1730 4723 notat,

144 4739 499 4811 justiﬂcantcs
528 4756 586 4797 se
630 4744 682 4797 in
723 4753 1014 4815 conspectu
1058 4744 1335 4807 hominum
1362 4786 1379 4813 ,
1411 4747 1502 4817 qui
1549 4764 1737 4819 reple-

150 4831 506 4893 hendentibus
551 4835 695 4905 quod
724 4852 846 4893 cum
881 4836 1180 4907 publicanis
1218 4837 1531 4895 conviveret
1555 4879 1570 4906 ,
1613 4838 1738 4901 Non

150 4925 280 4990 veni,
302 4925 490 4998 inquit.
504 4929 678 4998 justas
698 4931 864 5001 facere
886 4930 1073 4996 salvos,
1099 4930 1189 4991 sed
1209 4942 1501 5003 peccatores
1520 4931 1573 5008 (Ι
1579 4933 1667 4989 bid
1676 4976 1679 4981 .
1693 4933 1735 5006 ).

152 5015 313 5088 Igitur
338 5019 507 5087 gratia
546 5020 776 5089 gratuita
819 5029 874 5077 et
914 5021 1181 5087 remissio,
1204 5030 1549 5091 peccatorum
1577 5025 1737 5093 justi!

153 5110 444 5165 necessaria
473 5116 579 5167 non
606 5121 718 5175 est;
742 5112 836 5167 sed
860 5112 1044 5185 utique
1065 5112 1227 5185 iustis
1245 5114 1336 5184 qui
1357 5130 1414 5170 se
1432 5113 1609 5184 justas
1641 5131 1738 5185 pus

153 5210 295 5268 tant;
323 5217 446 5259 nam
473 5218 600 5260 vere
620 5204 798 5275 justus
823 5219 887 5260 ex
916 5204 1021 5261 Iide
1046 5206 1193 5262 venit
1216 5205 1280 5279 (ι’.
1311 5204 1489 5275 vivit).
1520 5204 1611 5263 Isti
1636 5207 1735 5265 ita-

152 5308 254 5365 que
277 5296 442 5350 sancti
471 5310 575 5351 non
592 5295 833 5367 indigent
864 5296 1125 5352 bonorum
1144 5297 1238 5353 lilii
1254 5298 1363 5355 sui.
1391 5298 1576 5369 Itaque
1597 5300 1735 5359 inira

155 5384 227 5439 ait
268 5402 279 5438 ε
324 5383 446 5441 Non
475 5387 793 5461 congregabo
834 5404 1124 5462 synagogas
1170 5406 1346 5445 eorum
1382 5391 1445 5444 de
1487 5392 1736 5462 sanguine

154 5491 280 5533 meo.
305 5475 419 5532 Non
444 5485 530 5533 est
551 5480 697 5534 enim
727 5478 924 5537 talibus
955 5480 1256 5560 redemptio
1281 5496 1380 5552 per
1419 5483 1738 5552 sanguinem

154 5584 319 5624 meum
351 5572 678 5638 necessaria,
710 5571 801 5643 qui
827 5587 887 5628 se
908 5571 1083 5647 iustos
1111 5588 1234 5637 esse
1259 5573 1611 5635 arbitrantur.

222 5660 271 5715 6.
311 5660 415 5718 Sed
446 5677 611 5733 quare
662 5664 780 5721 ait:
817 5662 843 5719 l
854 5664 931 5734 psi
978 5664 1140 5719 miras
1177 5664 1409 5737 {reﬂant
1450 5667 1734 5725 voluntates

155 5761 269 5809 tuas
300 5752 350 5806 in
383 5767 473 5818 se;
503 5751 653 5811 Vens
678 5752 745 5810 ιε
772 5752 1129 5827 multiplicate:
1155 5763 1275 5810 sunt
1299 5756 1624 5826 inﬁrmitates
1648 5774 1733 5816 eo—

1838 4654 1975 4726 quit,
2007 4654 2105 4713 sed
2147 4653 2393 4724 quodut.
2441 4653 2607 4724 Igitur
2652 4652 2789 4708 hanc
2834 4651 3007 4720 ipsam
3051 4651 3278 4722 gratiam
3324 4666 3429 4721 qua

1839 4761 1937 4817 per
1979 4755 2208 4807 mortem
2249 4747 2369 4817 eius
2414 4746 2709 4814 redemptae
2756 4752 2879 4801 sunt
2919 4755 3125 4815 gentes,
3177 4758 3284 4797 non
3328 4742 3432 4798 sibi

1839 4837 2031 4904 Filius,
2064 4837 2159 4897 sed
2193 4838 2339 4897 Patri
2377 4838 2636 4909 assignat.
2658 4837 2843 4908 Itaque
2864 4845 2921 4892 et
2949 4834 3286 4892 lmreditatis
3314 4849 3436 4889 sure

1840 4937 1895 4985 et
1916 4928 2099 4991 colicis
2128 4931 2433 5000 portionem
2466 4928 2751 4989 Dominum
2777 4944 2900 4987 esse
2920 4929 3132 4986 asserit.

1912 5026 1964 5081 8.
1998 5024 2165 5083 Vsus.
2200 5024 2569 5106 6..l"uniculi,
2625 5024 2821 5096 inquit,
2866 5024 3158 5079 ceciderunt
3205 5021 3331 5077 mihi
3378 5022 3433 5077 in

1840 5118 2199 5187 potentissimis
2226 5135 2238 5172 :
2272 5119 2454 5177 etenim
2483 5118 2756 5173 hereditas
2800 5134 2912 5171 mea
2940 5116 3165 5171 maxima
3185 5122 3256 5169 est
3282 5114 3431 5169 milii.

1840 5209 1963 5267 Fuit
1989 5209 2132 5267 enim
2159 5208 2497 5266 consuetudo
2533 5218 2689 5265 vetus
2719 5249 2735 5272 ,
2776 5218 2833 5264 ut
2859 5220 2912 5263 et
2952 5206 3090 5262 lintea
3122 5206 3423 5276 possessio.

1843 5319 1972 5363 num
1996 5303 2048 5357 in
2085 5302 2326 5363 funiculo
2366 5311 2816 5360 mensurarentur
2848 5319 2862 5358 :
2908 5300 3137 5371 ideoque
3179 5298 3268 5353 hic
3310 5312 3435 5352 cum

1842 5393 1909 5450 de
1938 5394 2271 5451 htcreditatis
2297 5408 2411 5452 suae
2438 5395 2684 5463 portione
2718 5394 3052 5465 loqueretur,
3083 5388 3322 5462 funiculi,
3357 5388 3437 5439 in-

1841 5487 1975 5557 quit,
2005 5487 2295 5543 eccidertmt
2320 5488 2447 5542 mibi
2474 5489 2531 5542 in
2555 5488 2683 5556 ipsis
2713 5484 3094 5559 Potentissimis.
3127 5477 3439 5545 Accipimus

1838 5588 2022 5635 autem
2053 5579 2130 5635 rei
2164 5580 2323 5649 huius
2362 5580 2726 5635 testimonium
2757 5595 2823 5633 ex
2865 5574 3077 5631 cantico
3120 5566 3309 5637 Ἀρνεί.
3344 5564 3439 5623 ιιὺὶ

1844 5671 2105 5741 scriptum
2136 5683 2217 5729 est
2243 5692 2256 5730 :
2286 5672 2416 5731 Cum
2445 5674 2684 5744 dispersit
2734 5669 2873 5725 Deus
2898 5666 3034 5735 ﬁlios
3059 5660 3206 5723 Ades,
3240 5666 3287 5708 et
3327 5665 3437 5744 stas

1845 5760 1942 5817 tttit
1975 5762 2104 5831 ﬁnes
2127 5764 2361 5834 gentium
2387 5742 2667 5821 secundum
2696 5769 2961 5815 numerum
2986 5749 3288 5824 angelorum
3314 5742 3440 5818 Dei,
