3974 6198
579 273 689 334 895

1785 277 2032 336 SANCTI
2071 277 2327 336 HILARII
2367 279 2676 336 El’ISCOPl
3763 283 3826 338 896

577 401 627 446 et
654 395 792 465 facta
822 401 894 448 est
918 393 1085 466 portio
1112 393 1322 448 Domini
1350 393 1570 466 pOpulus
1599 394 1729 463 ejus,
1761 394 1923 449 Jacob
1969 395 2173 465 funicu-
2200 394 2254 456 A
2278 394 2436 448 aliam
2461 396 2621 466 legem
2659 398 2713 450 in
2749 397 2986 454 membris
3015 399 3139 454 meis
3159 408 3548 472 repugnantem
3574 399 3672 470 legi
3704 404 3825 457 menti:

578 486 660 541 lus
707 487 1018 540 hazreditatis
1067 491 1178 559 ejus
1209 486 1388 559 (Deut.
1438 503 1620 555 χχχιι,
1649 485 1729 558 8).
1768 488 1834 542 Et
1864 488 2057 544 merito
2084 487 2172 542 hic

578 579 666 649 qui
699 578 996 646 portionem
1047 578 1381 634 haereditatis
1426 595 1538 634 sua:
1584 580 1749 635 Deum
1793 595 1913 634 esse
1941 576 2171 644 dixerat,

583 667 854 724 funiculos
886 672 1244 738 possessionis
1270 685 1384 726 suae
1415 672 1465 725 in
1499 669 1631 740 ipsis
1655 672 2044 741 potentissimis
2087 686 2177 726 ce-

579 760 780 815 cidisse
810 761 1044 818 dicebat.
1089 762 1230 830 Quid
1277 763 1418 818 enim
1468 763 1569 818 nisi
1621 765 1980 834 potentissimi
2025 773 2169 832 sunt,

579 867 718 923 quos
743 853 1002 911 Dominus
1030 855 1309 926 jnstiﬁcat,
1344 872 1478 925 quos
1509 858 1766 913 Dominus
1813 858 2175 913 honorilicat?

585 947 714 1012 Quis
735 950 993 1003 accusabit
1024 951 1205 1004 electos
1253 950 1398 1005 Dei?
1436 952 1577 1006 Deus
1619 954 1705 1023 qui
1728 954 2027 1026 justiﬁcat?
2063 953 2176 1021 quis

583 1039 846 1094 damnavit
876 1039 1050 1110 (Rom.
1082 1059 1176 1108 vn,
1209 1043 1346 1114 55)?
1375 1044 1545 1116 Igitur
1574 1046 1662 1115 qui
1691 1045 1745 1100 in
1772 1046 1968 1100 talibus
1999 1047 2171 1102 haere-

585 1129 807 1186 ditatem
858 1146 1010 1187 suam
1077 1133 1311 1189 futuram
1342 1151 1484 1191 ,esse
1529 1136 1761 1204 dicebat,
1814 1139 2007 1193 merito
2060 1138 2174 1193 ait:

584 1221 834 1278 Funiculi
873 1226 1159 1281 ceciderunt
1186 1229 1314 1282 nti/ti
1353 1229 1404 1283 in
1446 1229 1570 1300 ipsis
1615 1230 1991 1300 potentissimis.
2023 1229 2175 1298 Quod

584 1323 766 1371 autem
796 1318 1110 1384 ceciderunt,
1158 1321 1261 1386 ait;
1295 1336 1456 1377 nemo
1500 1323 1576 1376 sic
1608 1325 1858 1392 accipiat,
1902 1324 2053 1392 quasi
2080 1322 2177 1378 de-

589 1408 847 1463 teriorem
877 1408 1070 1466 factam
1100 1412 1470 1469 hacreditatem
1496 1429 1648 1470 suam
1674 1415 1838 1481 dicat,
1870 1417 1992 1486 quia
2018 1430 2180 1470 omne

583 1501 726 1570 quod
754 1503 898 1558 cadit
921 1504 1160 1561 deterius
1189 1507 1280 1560 ﬁat
1309 1525 1322 1574 ;
1358 1509 1452 1564 sed
1484 1524 1612 1564 usus
1635 1521 1717 1564 est
1743 1511 1964 1580 proprio
2009 1510 2176 1566 verbo

586 1599 644 1648 et
670 1596 996 1652 necessario.
1049 1597 1146 1653 Ubi
1196 1600 1340 1653 enim
1381 1600 1501 1670 quis
1533 1615 1637 1654 non
1683 1610 1901 1670 propter
1926 1601 2176 1655 meritum

587 1682 826 1752 eligitur,
859 1686 927 1740 ibi
959 1688 1111 1757 quasi
1139 1690 1382 1758 qumdam
1425 1690 1544 1745 sors
1581 1691 1725 1746 cadit
1766 1693 1989 1762 gratiae;
2040 1693 2179 1746 sicut

2277 503 2402 543 mea:
2431 489 2611 558 (Rom.
2646 505 2742 555 vtt,
2781 489 2893 562 12).
2931 491 2996 546 Et
3025 491 3128 546 alio
3154 491 3299 546 loco:
3327 491 3515 562 Igitur
3535 507 3631 561 ego
3652 492 3824 560 ipsequi-
3876 489 3894 566 "

2277 579 2390 632 dem
2438 590 2604 635 mente
2639 581 2799 635 servio
2844 582 2944 652 legi
2981 580 3115 648 Dei;
3159 599 3308 637 carne
3332 592 3523 636 autem
3572 581 3670 652 legi
3693 586 3824 652 peristi

2278 669 2440 743 (Ibid.
2469 671 2584 742 25).
2630 672 2815 728 Talem
2854 671 2984 743 ergo
3026 675 3139 742 ipse
3181 675 3482 744 quamdam
3537 682 3595 728 et
3634 675 3827 730 Domith

2279 773 2461 816 noster
2489 762 2645 817 Jesus
2676 766 2880 820 sentire
2910 781 2968 822 se
2997 766 3161 821 rel‘ert
3185 767 3598 822 dissensionem
3625 809 3640 831 ,
3671 768 3744 820 ubi
3765 770 3826 820 ait:

2279 854 2510 922 Spiritus
2542 866 2833 925 promptus,
2860 873 2978 910 caro
3000 867 3166 912 autem
3195 859 3446 928 inﬁrma:
3481 858 3764 913 secundum
3783 860 3831 912 in-
3879 854 3901 930 I,

2280 943 2533 999 tet-iorem
2564 946 2708 1000 enim
2739 946 3012 1002 hominem
3042 949 3422 1004 eonsentiebat
3459 949 3568 1019 legi
3600 947 3773 1013 Patris,
3797 960 3830 1004 ut

2279 1045 2589 1106 pateretur;
2639 1038 2932 1092 secundum
2960 1040 3283 1096 exteriorem
3315 1053 3509 1095 autem
3538 1081 3554 1108 ,
3583 1049 3640 1093 ut
3664 1040 3762 1109 ipse
3786 1049 3834 1094 le-

2279 1137 2473 1194 statur,
2505 1130 2556 1183 in
2583 1143 2746 1186 carne
2776 1131 3093 1200 trepidabat.
3128 1131 3311 1202 Itaque
3335 1131 3472 1203 quia
3498 1146 3660 1187 renes
3680 1143 3831 1186 secreta
3885 1125 3888 1203 Α

2280 1222 2565 1277 continent
2589 1224 2768 1278 carnis
2795 1240 2915 1294 qua:
2957 1225 3328 1280 inﬁrmabatur
3370 1227 3433 1281 in
3482 1235 3723 1296 tempore
3754 1243 3834 1294 pas-

2280 1313 2450 1366 sionis
2475 1355 2488 1374 .
2517 1314 2784 1370 eruditum
2817 1331 2876 1370 se
2903 1317 3122 1372 renibus
3152 1319 3264 1373 suis
3293 1319 3366 1372 ait
3392 1359 3409 1382 ,
3458 1328 3522 1372 ut
3567 1318 3832 1388 intelligeret

2281 1403 2415 1473 ipse,
2447 1405 2574 1460 licet
2595 1417 2739 1461 esset
2769 1407 2959 1473 Filius,
2992 1423 3212 1479 sperare
3242 1410 3292 1463 in
3322 1409 3530 1465 Deum.
3565 1409 3710 1473 Quod
3735 1411 3836 1463 simi-

2281 1493 2406 1550 liter
2447 1496 2514 1551 de
2559 1511 2624 1552 eo
2669 1504 2724 1552 et
2767 1499 2992 1569 epistola
3035 1517 3153 1570 qua:
3191 1501 3457 1556 scribitur
3495 1501 3564 1555 ad
3597 1499 3832 1563 Hebraeos,

2282 1589 2466 1643 sentit.
2501 1590 2824 1662 Quamquam
2845 1594 3013 1660 enim,
3042 1594 3145 1659 ait,
3179 1605 3307 1648 esset
3339 1593 3527 1648 Filius
3563 1593 3679 1658 Dei,
3710 1594 3836 1646 didicit

2285 1698 2348 1736 ea;
2371 1684 2448 1737 Itis
2468 1701 2582 1754 (μίαν
2604 1703 2782 1756 passus
2813 1697 2888 1741 est
2911 1687 3317 1742 obaudientiam:
3357 1698 3406 1743 et
3435 1692 3694 1761 perfectus
3719 1689 3834 1758 (actu

587 1775 641 1830 in
670 1780 1038 1848 assumptione
1067 1783 1296 1850 προειθιί
1329 1783 1418 1852 qui
1447 1783 1768 1852 subrogatus
1793 1793 1879 1838 εει
1907 1784 1958 1836 in
2003 1784 2176 1838 locum
2207 1783 2256 1842 Β
2285 1784 2356 1828 est
2385 1777 2618 1832 erunibus
2647 1777 3036 1833 obaudientibus
3067 1798 3224 1836 causa
3255 1781 3446 1836 salutis
3489 1792 3692 1836 (eterna!
3716 1779 3828 1852 (llrb.

586 1868 760 1936 Judaa,
792 1871 1050 1940 scriptum
1082 1880 1186 1938 est,
1219 1874 1341 1942 quia
1368 1890 1479 1927 sors
1502 1875 1684 1929 cecidit
1711 1891 1864 1943 super
1906 1874 2178 1930 Mattltiam

593 1960 731 2033 (Act.
767 1977 804 2027 ι,
835 1962 950 2032 26).
987 1963 1170 2034 Itaque
1199 1966 1321 2034 quia
1351 1981 1456 2020 non
1495 1967 1596 2021 nisi
1637 1982 1704 2041 ex
1750 1967 1920 2037 gratia
1967 1969 2177 2023 Domini

594 2053 718 2108 talis
773 2055 875 2108 sibi
931 2055 1218 2111 haereditas
1272 2065 1420 2112 sorte
1469 2058 1777 2128 contigerit,
1813 2060 2180 2130 signiﬁcanter

589 2146 703 2203 ait:
742 2145 984 2202 Funieuli
1014 2149 1305 2204 ceciderunt
1334 2151 1460 2204 mihi
1504 2151 1557 2205 in
1601 2153 1727 2221 ipsis
1766 2154 2129 2221 potentissimis
2161 2173 2179 2208 :

589 2241 772 2294 etenim
813 2242 1084 2297 Irwreditas
1131 2260 1245 2300 mea
1292 2247 1520 2300 maxima
1563 2248 1689 2301 mihi
1739 2257 1831 2301 est.
1865 2247 1964 2304 llic
2012 2263 2181 2305 novus

591 2331 762 2388 Adam
795 2334 1029 2403 loquitur

660 2425 714 2478 9.
750 2424 913 2480 Vens.
947 2425 999 2480 7.
1023 2425 1333 2482 Benedicam
1361 2427 1644 2486 Dominum
1668 2433 1755 2502 qui
1796 2435 2075 2506 intelligere
2103 2451 2182 2490 me

592 2520 710 2587 fecit
736 2534 755 2572 :
781 2518 910 2573 nihil
940 2521 1082 2574 enim
1115 2523 1220 2577 scit
1249 2522 1438 2590 Filius,
1468 2525 1567 2580 nisi
1597 2541 1720 2596 qua:
1746 2527 1878 2582 vidit
1901 2536 1956 2582 et
1977 2529 2184 2584 audivit

592 2623 621 2662 a
654 2607 834 2663 Patre.
889 2610 1070 2680 Itaque
1120 2613 1389 2669 benedicit
1435 2631 1581 2682 eum,
1631 2618 1721 2687 qui
1777 2619 2080 2689 intelligere
2123 2634 2184 2674 se

592 2696 741 2753 fecit.
775 2700 843 2753 Et
869 2716 997 2755 vere
1042 2702 1127 2758 hic
1155 2705 1459 2761 intellectus
1490 2723 1593 2762 non
1627 2724 1689 2762 ex
1724 2709 1961 2778 homine,
1991 2710 2085 2766 sed
2117 2727 2181 2766 ex

593 2787 705 2843 Deo
725 2799 827 2844 est.
859 2791 990 2845 Nam
1026 2795 1147 2864 quis
1195 2796 1470 2852 hominum
1504 2799 1711 2855 duabus
1743 2803 1930 2871 positis
1954 2802 2185 2856 haaredi-

595 2882 817 2949 tatibus,
872 2900 1098 2955 quarum
1148 2888 1317 2943 altera
1367 2892 1436 2945 sit
1489 2891 1539 2946 in
1595 2894 1848 2962 operibus
1904 2894 2182 2964 magniﬁca

593 2981 648 3029 et
677 2973 849 3041 dives,
883 2977 1051 3034 altera
1091 2994 1293 3050 pauper
1343 2991 1397 3037 et
1440 2999 1638 3052 egens;
1687 2984 1851 3054 eligat
1897 3001 2014 3041 eam
2064 3003 2183 3057 quia

594 3067 766 3121 aliena
797 3076 953 3139 egeat
981 3072 1389 3128 misericordia?
1439 3076 1634 3130 Verum
1666 3076 1834 3132 Filius
1880 3077 2104 3135 edoctus
2152 3097 2198 3157 a.

2288 1880 2344 1928 v,
2379 1866 2455 1936 8).
2491 1867 2582 1922 Sic
2611 1866 2754 1924 enim
2786 1886 2944 1926 rencs
2973 1872 3288 1926 erudierunt
3317 1888 3468 1936 cum,
3503 1883 3560 1926 ut
3591 1871 3833 1942 provideret

2286 1955 2453 2011 Deum
2485 1974 2514 2011 a
2543 1958 2748 2014 dextris
2776 1961 2887 2015 suis
2917 1977 3133 2032 semper
3156 1972 3210 2017 ut
3243 1978 3349 2018 non
3380 1976 3690 2017 moveatur.
3727 1961 3833 2017 Scili-

2286 2057 2372 2102 cet
2400 2048 2468 2104 de
2497 2051 2794 2117 voluntate,
2819 2053 3040 2122 spiritus
3069 2064 3352 2124 promptus
3385 2062 3499 2118 est,
3535 2056 3630 2111 sed
3655 2068 3762 2109 caro
3783 2054 3832 2107 in-

2287 2140 2460 2196 ﬁrma.
2516 2143 2582 2198 Et
2610 2145 2825 2214 proprie
2854 2147 2933 2200 sic
2975 2147 3241 2201 eruditum
3269 2162 3328 2202 se
3351 2163 3481 2204 esse
3513 2147 3645 2202 dixit
3669 2147 3830 2202 renibus

2287 2235 2399 2291 suis
2420 2237 2572 2305 quasi
2605 2237 2656 2291 in
2686 2246 2882 2305 nocte;
2932 2255 3036 2293 non
3065 2241 3200 2295 dixit
3228 2242 3279 2295 in
3313 2253 3540 2297 nectent
3566 2285 3578 2304 ,
3611 2240 3697 2296 sed
3725 2243 3828 2304 quasi

2287 2329 2340 2383 in
2373 2339 2552 2385 nocte.
2585 2330 2700 2385 Non
2728 2333 2871 2386 enim
2905 2334 3118 2403 penitus
3149 2334 3531 2390 contenebrati
3559 2344 3826 2389 smttsensns
3855 2354 3860 2359 ·

2287 2421 2404 2490 ejus
2430 2421 2496 2476 de
2528 2423 2720 2478 timore
2748 2426 2960 2494 mortis,
2993 2427 3080 2496 qui
3107 2426 3317 2483 dicebat
3340 2445 3352 2482 :
3400 2427 3603 2482 Verum
3631 2442 3720 2480 non
3738 2424 3828 2494 quod

2286 2529 2378 2586 ego
2401 2516 2536 2580 volo,
2566 2515 2655 2569 sed
2685 2518 2824 2584 quod
2836 2527 2889 2570 tu
2919 2517 3136 2588 (Matth.
3162 2535 3350 2584 xxxvi,
3387 2518 3507 2590 39).
3555 2519 3656 2575 Sed
3699 2529 3822 2572 tamen

2289 2622 2394 2660 non
2418 2610 2666 2662 eratsine
2689 2609 2917 2675 quadam
2945 2610 3376 2678 perturbatione,
3408 2613 3500 2682 qui
3524 2611 3823 2665 inﬁrmitatem

2289 2708 2343 2754 et
2371 2698 2636 2754 tristitiam
2665 2700 2951 2757 fatebatur.
2984 2702 3113 2756 Nam
3143 2703 3187 2756 si
3215 2702 3348 2758 alibi
3381 2702 3551 2757 David
3579 2704 3679 2756 ait:
3707 2699 3823 2753 Metus

2289 2791 2468 2844 mortis
2495 2792 2672 2845 cecidit
2720 2810 2872 2864 super
2899 2810 2996 2858 me,
3028 2795 3178 2848 timor
3208 2804 3255 2848 et
3281 2806 3477 2849 tremor
3515 2801 3825 2865 occupaverunt

2291 2901 2369 2938 me
2392 2925 2407 2949 ,
2452 2895 2498 2937 et
2525 2887 2726 2954 operuit
2752 2905 2830 2941 me
2872 2887 3072 2941 tenebra
3104 2887 3274 2960 (Psal.
3301 2905 3413 2954 LIV,
3444 2892 3540 2958 6);
3585 2897 3714 2944 recte
3748 2886 3821 2938 im

2290 2978 2507 3032 teuebra
2558 2994 2626 3033 ex
2676 2981 2868 3035 timore
2912 2984 3104 3035 mortis
3152 2983 3418 3049 veniens,
3474 2996 3630 3051 quam
3659 2976 3823 3033 minima

2289 3068 2454 3125 fuisse
2482 3071 2533 3125 in
2562 3071 2699 3125 Filio
2730 3073 2818 3128 Dei
2848 3073 3118 3140 convenit,
3161 3089 3266 3128 non
3299 3089 3430 3140 nox,
3461 3074 3556 3127 sed
3586 3071 3718 3141 quasi
3752 3081 3819 3120 uox
3895 3068 3897 3144 ᾗ

595 3161 778 3228 Patre,
809 3166 1009 3220 mavult
1043 3167 1096 3221 in
1123 3166 1208 3221 his
1242 3167 1609 3224 limreditatcm
1643 3173 1732 3241 qui
1780 3172 1829 3226 in
1864 3173 2032 3228 Dem"
2063 3147 2258 3244 δίωξίς
2291 3165 2617 3234 appellatur.
2647 3165 2833 3236 Itaque
2851 3167 3217 3238 signiﬁcanter
3233 3167 3464 3223 dicitur:
3497 3165 3675 3221 Adhuc
3693 3169 3821 3214 autem
3893 3146 3899 3244 j

595 3263 736 3317 rent,
787 3271 945 3325 quam
994 3259 1084 3328 qui
1134 3259 1187 3313 in
1236 3262 1492 3328 operibus
1541 3263 1654 3317 suis
1695 3263 2077 3332 justiﬁcantur.
2107 3266 2184 3321 lta

596 3347 822 3417 pulchre
853 3349 928 3402 ait
962 3367 974 3402 :
1006 3348 1314 3405 Benedicam
1341 3351 1621 3407 Dominum
1645 3356 1731 3425 qui
1759 3355 2044 3426 intelligere
2069 3357 2189 3426 fecit

597 3456 676 3492 me
705 3457 723 3494 :
755 3441 926 3495 adhuc
955 3453 1120 3498 autem
1145 3452 1193 3498 et
1220 3445 1351 3498 sicut
1395 3447 1447 3498 in
1485 3457 1628 3501 nocte
1656 3448 1952 3503 erudierunt
1997 3466 2074 3504 me
2103 3468 2187 3505 re-

596 3549 685 3586 nes
712 3537 828 3587 mei.
871 3533 1010 3600 Quid
1059 3550 1181 3589 eum
1224 3537 1540 3594 erudierunt
1592 3554 1750 3595 renes
1799 3539 1919 3594 sui?
1960 3542 2186 3609 scilicet,

598 3625 693 3692 ait,
728 3627 1029 3698 intelligere
1053 3644 1174 3683 eum
1203 3628 1467 3698 fecerunt,
1509 3632 1702 3688 melius
1738 3649 1862 3690 esse
1889 3649 2108 3704 sperare
2139 3638 2189 3691 in

605 3718 852 3784 Domino,
899 3735 1057 3790 quam
1090 3722 1142 3776 in
1173 3738 1272 3778 suo
1317 3740 1482 3794 opere
1505 3726 1807 3793 justiﬁeari.
1845 3727 1976 3782 Nam
2009 3739 2064 3784 et
2113 3730 2193 3800 ip-

599 3827 718 3867 sum
753 3813 1038 3868 Dominmn
1081 3830 1260 3869 nonne
1288 3833 1448 3872 renes
1486 3820 1566 3872 sui
1595 3823 1744 3888 quasi
1775 3820 1827 3874 in
1869 3829 2028 3876 nocte
2070 3838 2189 3877 eru-

601 3904 818 3958 dierunt
869 3920 1087 3973 sperare
1130 3907 1182 3960 in
1235 3909 1440 3962 Deum?
1489 3909 1620 3964 Nam
1652 3921 1706 3965 et
1749 3914 2062 3968 contristata
2111 3925 2194 3971 est

601 3999 778 4051 anima
829 3997 945 4068 ejus
991 4014 1162 4069 usque
1209 4001 1274 4054 ad
1326 4013 1574 4057 mortem.
1630 4003 1822 4059 Didicit
1865 4021 2088 4075 sperare
2139 4010 2192 4064 in

603 4089 794 4158 Deum,
837 4090 1024 4146 ethoc
1055 4101 1139 4146 est
1183 4094 1322 4162 quod
1367 4096 1442 4149 ait
1471 4093 1524 4149 in
1559 4095 1700 4151 hunc
1749 4113 1810 4153 se
1857 4099 2190 4156 intellectum

601 4183 870 4240 eruditum
897 4198 1018 4240 esse
1045 4199 1073 4238 a
1102 4185 1324 4240 renibus
1353 4188 1503 4256 quasi
1532 4189 1580 4242 in
1606 4199 1784 4244 nocte.
1822 4190 1888 4245 Et
1913 4194 2192 4262 sequentia

601 4275 745 4329 enim
776 4265 1071 4330 ostendunt
1107 4274 1176 4332 de
1217 4276 1467 4346 passione
1507 4295 1630 4335 eum
1679 4295 1775 4336 sua
1819 4281 2019 4351 dicere,
2070 4300 2193 4340 cum

600 4367 877 4439 subjungit
906 4386 919 4424 :

675 4461 761 4516 10.
789 4460 953 4516 Vnus.
987 4460 1142 4518 8-10.
1179 4462 1518 4519 Providebam
1547 4465 1822 4520 Dominum
1849 4467 1900 4521 in
1924 4479 2198 4538 conspectu

2291 3256 2447 3326 quasi
2472 3256 2524 3310 iu
2558 3268 2717 3312 nocte
2740 3256 3054 3312 erudierunt
3086 3274 3172 3313 me
3194 3273 3351 3313 renes
3381 3259 3509 3313 mei.
3538 3255 3664 3326 Quid
3691 3260 3819 3306 autem

2291 3349 2647 3405 erudierunt?
2675 3351 2892 3407 Scilicet
2917 3353 3056 3422 quod
3089 3352 3333 3422 sequitur
3357 3353 3520 3418 inl‘ra,
3550 3361 3604 3405 ut
3628 3345 3815 3419 provida

2293 3451 2376 3497 ret
2402 3443 2566 3498 Deum
2595 3444 2649 3498 in
2695 3455 2989 3514 conspectu
3035 3461 3135 3502 suo
3172 3460 3389 3516 semper
3415 3488 3431 3513 ,
3479 3446 3596 3516 quia
3623 3457 3650 3495 a
3673 3437 3818 3496 dentis

2293 3537 2410 3608 ejus
2441 3547 2608 3593 estut
2640 3555 2742 3594 non
2771 3551 3196 3596 commoveatur.
3893 3537 3899 3610 1

2369 3629 2454 3683 li.
2492 3629 2597 3684 Pro
2632 3632 2748 3696 hoc,
2785 3631 2880 3696 ait,
2909 3632 3255 3705 jucundatnm
3286 3642 3358 3688 est
3398 3649 3488 3687 cor
3513 3633 3816 3690 meum,ete1-

2294 3719 2502 3774 saltavit
2533 3720 2707 3792 lingua
2737 3739 2881 3788 mea;
2912 3727 3082 3776 adhuc
3111 3733 3279 3777 autem
3301 3733 3347 3777 et
3366 3740 3490 3777 caro
3513 3738 3616 3776 mea
3636 3712 3816 3771 habitabit
3900 3774 3901 3785 γ

2295 3811 2346 3865 in
2369 3829 2458 3882 spe
2476 3829 2494 3866 :
2516 3815 2756 3883 quoniam
2787 3832 2888 3868 non
2919 3816 3234 3886 derelinques
3262 3817 3490 3871 animam
3529 3828 3672 3868 meam
3700 3810 3740 3861 in
3760 3805 3811 3856 ia-
3898 3819 3899 3823 ‘

2296 3908 2462 3977 ferno,
2499 3925 2660 3975 neque
2690 3908 2834 3962 dabis
2872 3921 3104 3963 sanctum
3133 3922 3277 3963 tuum
3299 3911 3475 3964 videre
3494 3904 3811 3976 corruptionem.

2298 3997 2467 4052 Notas
2505 4001 2667 4069 fecisti
2706 4002 2833 4055 mihi
2856 4003 2959 4056 vias
3001 4003 3152 4057 vitm:
3201 4003 3434 4074 implebis
3465 4020 3541 4056 me
3567 3999 3717 4055 latitia
3735 4005 3810 4044 cum

2295 4089 2436 4143 vulto
2470 4099 2586 4144 tuo:
2617 4092 2972 4147 delectationes
3001 4095 3053 4147 in
3074 4093 3280 4148 dextera
3307 4103 3417 4150 tua.
3456 4096 3590 4164 Ergo
3611 4097 3657 4144 et
3677 4086 3811 4156 jucun'

2296 4179 2494 4235 ditatcs
2529 4182 2578 4236 in
2611 4181 2831 4238 dextera
2869 4184 2957 4238 Dei
2986 4225 3000 4249 ,
3051 4185 3246 4252 quibus
3275 4186 3489 4240 cunctis
3530 4181 3727 4250 repletus
3758 4176 3811 4223 est

2297 4271 2487 4327 Filius.
2549 4273 2602 4327 ln
2634 4274 2840 4329 dextris
2869 4277 3010 4330 enim
3041 4275 3275 4330 habebat
3307 4277 3497 4331 Deum.
3549 4265 3809 4326 l’rovitlebam

2297 4363 2581 4418 Dominum
2605 4407 2617 4429 ,
2663 4367 2869 4435 inquit,
2918 4368 2970 4420 in
2995 4379 3265 4439 conspectu
3292 4385 3399 4422 meo
3420 4378 3639 4435 semper;
3674 4357 3762 4429 ᾳυία
3790 4366 3810 4400 ⁸

2299 4459 2491 4512 dextris
2521 4459 2645 4512 meis
2675 4470 2766 4513 est.
2815 4460 3124 4515 Ascendens
3155 4473 3332 4516 autem
3382 4462 3436 4516 in
3481 4460 3653 4517 ett-lum
3678 4495 3690 4516 ,
3729 4450 3805 4515 ipse

3895 4273 3902 4482 ι

601 4567 712 4605 meo
737 4567 957 4623 semper,
984 4555 1104 4622 quia
1128 4572 1160 4609 a
1183 4554 1376 4609 dextris
1405 4566 1477 4610 est
1505 4557 1631 4611 mihi
1658 4567 1835 4611 utnon
1853 4574 2189 4613 commoveor.
2221 4551 2274 4610 Ι)
2303 4551 2355 4604 in
2377 4552 2588 4607 dextris
2617 4552 2790 4607 Patris
2821 4553 2995 4609 factus
3016 4560 3116 4610 est.
3149 4554 3204 4609 In
3234 4554 3438 4610 dextris
3475 4559 3613 4623 ejus:
3649 4557 3738 4617 qua:
3762 4543 3809 4591 sn

603 4639 824 4710 PrOpter
844 4644 1303 4714 hocjueundatum
1335 4655 1406 4700 est
1453 4663 1542 4700 cor
1583 4663 1780 4710 meum,
1830 4661 1878 4702 et
1918 4649 2194 4703 exsultavit

602 4734 780 4804 lingua
805 4751 935 4800 mea,
969 4737 1178 4806 insuper
1199 4747 1246 4791 et
1282 4755 1400 4792 caro
1430 4755 1540 4792 utea
1571 4738 1815 4793 habitabit
1840 4739 1894 4793 in
1920 4755 2041 4811 spe:
2070 4741 2193 4810 quia

599 4842 701 4880 non
729 4827 1050 4898 derelinques
1071 4829 1298 4882 animam
1320 4846 1482 4884 meam
1517 4830 1568 4883 in
1599 4829 1876 4901 infernum,
1910 4848 2070 4902 neque
2099 4831 2193 4886 da-

599 4919 674 4972 bis
704 4929 936 4974 sanctum
961 4931 1103 4976 tuum
1130 4923 1302 4979 videre
1327 4928 1733 4992 corruptionem.
1779 4925 1840 4981 Et
1875 4935 2050 4981 textus
2078 4926 2197 4996 qui-

599 5013 722 5066 dem
755 5013 842 5067 hic
867 5023 922 5067 et
949 5016 1083 5070 ordo
1112 5016 1429 5072 manifestus
1458 5030 1574 5074 est:
1608 5019 1702 5075 sed
1745 5019 1886 5089 quod
1915 5034 2071 5074 renes
2101 5034 2197 5073 no-

601 5102 828 5157 minavit
851 5146 865 5170 ,
897 5116 950 5159 et
976 5107 1128 5174 quasi
1158 5108 1211 5164 in
1246 5123 1404 5164 noete
1430 5151 1444 5174 ,
1477 5113 1552 5162 ait
1577 5150 1591 5174 ,
1620 5109 1940 5166 erudierunt
1969 5125 2092 5175 me;
2130 5125 2198 5164 ne

599 5194 915 5248 obscuriora
947 5195 1243 5264 videantur,
1275 5201 1694 5270 interrogemus.
1739 5202 1879 5257 Deus
1927 5209 2196 5256 scrutator

598 5285 799 5342 dicitur
826 5301 1015 5342 renum
1046 5299 1100 5344 et
1130 5292 1328 5355 cordis,
1359 5293 1410 5347 in
1435 5294 1629 5363 quibus
1656 5293 1811 5364 quasi
1832 5292 2040 5347 duobus
2061 5292 2192 5348 locis

598 5380 834 5435 hominis
859 5390 1065 5435 secreta
1095 5393 1402 5439 teneantur.
1445 5383 1550 5439 Sed
1580 5384 1634 5438 in
1665 5383 1830 5440 corde
1859 5382 2077 5454 quidem
2109 5398 2194 5438 se-

597 5482 801 5529 cretum
834 5474 1053 5541 anima},
1083 5475 1134 5530 in
1167 5475 1387 5530 renibus
1408 5490 1536 5530 vero
1567 5485 1834 5531 secretum
1866 5475 2043 5530 cauis
2074 5485 2186 5540 est;

597 5581 732 5638 quas
760 5567 992 5623 subinde
1021 5568 1161 5621 inter
1187 5582 1244 5622 se
1270 5566 1614 5622 diversitates
1659 5567 1932 5622 interioris
1959 5576 2015 5622 et
2038 5575 2190 5623 exte-

600 5662 758 5716 rioris
792 5663 1025 5717 hominis
1050 5663 1210 5718 etiam
1246 5663 1537 5732 Apostolus
1563 5663 1721 5719 docet
1746 5679 1866 5718 cum
1914 5665 2018 5720 ait:
2060 5663 2195 5719 Con-

602 5753 762 5806 sentio
797 5754 896 5823 legi
931 5755 1207 5814 secundum
1242 5753 1534 5812 interiorem
1584 5757 1885 5822 hominem”;
1929 5757 2017 5813 sed
2051 5757 2195 5812 video

2301 4643 2456 4698 istius
2483 4644 2685 4699 dextra:
2711 4645 2952 4710 sinistra,
2977 4647 3388 4717 interrogemus.
3423 4647 3572 4701 Novit
3595 4652 3699 4710 ergo
3717 4643 3807 4702 ql'o‘
3895 4655 3897 4658 ‘

2299 4735 2421 4790 dam
2453 4736 2573 4790 loco
2604 4738 2914 4806 Apostolus,
2944 4753 3094 4792 arma
3121 4737 3344 4808 justiti-.e
3366 4739 3550 4794 dextra
3567 4744 3613 4789 et
3633 4729 3806 4822 sinistra,

2299 4826 2522 4895 gloriam
2548 4827 2766 4897 quidem
2791 4841 2842 4884 et
2868 4829 3276 4898 ignobilitatem.
3311 4829 3506 4884 Dextra
3543 4827 3723 4882 fortnam
3750 4825 3806 4881 μιν

2299 4917 2461 4975 stitia:
2475 4927 2639 4988 puto;
2673 4918 3065 4990 ignobilitatem
3083 4928 3264 4975 autem
3288 4931 3340 4974 et
3362 4920 3621 4974 infamiam
3634 4906 3802 4966 sinistru-

2300 5013 2550 5068 Attamen
2579 5022 2806 5084 utraque
2831 5013 3054 5082 justitia:
3078 5029 3226 5067 arma
3267 5021 3412 5068 sunt.
3461 5012 3562 5070 Sed
3600 5014 3649 5061 ιιι
3678 5006 3802 5092 βθτξ’⁸’

2299 5106 2513 5159 niamus
2543 5104 2608 5159 ad
2639 5106 2826 5159 dextra
2864 5119 3010 5158 arma
3051 5104 3275 5173 justitia:
3299 5145 3313 5167 ,
3365 5105 3417 5157 in
3461 5096 3669 5157 sinistris
3704 5093 3802 5173 illi?”

2302 5197 2641 5251 militandum
2672 5204 2775 5251 est.
2831 5171 3182 5266 Suscipienda
3223 5203 3306 5250 est
3330 5195 3532 5249 vernin
3562 5193 3645 5245 hoc
3664 5171 3800 5236 mundo
3893 5173 3897 5345 q

2302 5289 2607 5345 ignobilitas
2631 5330 2646 5345 .
2679 5287 2896 5342 infamia
2921 5330 2936 5345 .
2969 5289 3251 5343 inﬁrmitas
3277 5331 3291 5345 .
3341 5288 3564 5342 stultitia
3597 5289 3642 5337 et
3669 5277 3800 5331 cetera

2301 5289 2607 5359 ignobilitas
2631 5330 2646 5354 ,
2679 5287 2896 5342 infamia
2921 5330 2936 5354 ,
2969 5289 3251 5343 inﬁrmitas
3277 5331 3291 5354 ,
3341 5288 3564 5342 stultitia
3597 5289 3642 5337 et
3669 5277 3800 5367 Citiei“
3893 5347 3895 5367 ί

2301 5382 2384 5437 his
2415 5381 2646 5445 similia;
2689 5389 2749 5435 ut
2785 5379 3163 5450 perveniamus
3189 5381 3253 5434 ad
3288 5365 3711 5438 nobilitatemﬁtd
3729 5359 3798 5460 εῐιξ
3891 5369 3893 5374 ’

2299 5479 2457 5540 riam,
2495 5473 2563 5529 ad
2605 5473 2880 5541 virtutem,
2911 5474 2976 5530 ad
3009 5460 3361 5546 sapientiam:
3395 5491 3515 5545 qua:
3541 5465 3684 5528 omnia
3709 5468 3798 5574 accin-
3891 5473 3897 5574 J

2301 5571 2513 5640 piemus
2535 5609 2548 5633 ,
2591 5581 2712 5623 cum
2757 5569 3164 5638 pervenerimus
3194 5567 3306 5624 illic
3336 5568 3426 5623 ubi
3456 5568 3671 5623 Christus
3891 5556 3893 5580 ¹

2306 5636 2455 5732 parte
2469 5660 2657 5716 dextra
2678 5636 2772 5716 Dei
2785 5660 3000 5717 sedens.
3027 5659 3372 5718 Seminamur
3384 5670 3562 5717 autem
3577 5658 3618 5711 in
3634 5636 3798 5734 ἱςηουῖξίί

2306 5727 2459 5821 ἱίιῑοὸ
2524 5757 2581 5811 ut
2641 5756 2982 5825 resurgamtts
3038 5753 3089 5810 in
3143 5753 3412 5823 gloriam;
3469 5727 3797 5810 seminantur!”
3887 5779 3893 5804 ε
