3974 6198
54 262 190 319 897

1207 262 1623 322 TRACTATUS
1665 265 1753 322 DE
1793 265 2066 326 PSALMO
2106 269 2296 328 XXXI.

3305 282 3413 341 898

54 376 441 432 mortalitate
456 377 936 449 utresurgamusin
951 378 1713 452 mtertiitatem.ltaqueDonti-
1740 384 1788 444 A
1821 392 1899 440 tas
1928 396 2119 455 vocat,
2157 395 2542 458 praetereuntes
2573 389 2901 447 voluntatem
2932 391 3026 448 Dei
3053 433 3068 458 ,
3099 401 3154 450 et
3181 396 3410 451 consilia

56 484 190 522 nus
225 479 426 523 noster
454 482 643 539 passus
687 470 741 524 in
789 481 1030 540 tempore
1078 472 1342 542 passionis
1372 472 1708 543 ﬂagellorum

53 559 339 616 ludibria
371 570 532 630 atque
571 563 936 631 sputaminum
963 604 976 630 ,
1017 577 1140 618 cum
1167 573 1516 620 accusaretur
1553 565 1707 636 quasi

55 649 482 722 blaSphemus,
510 669 633 707 cum
667 654 806 709 intra
835 655 1073 710 latrones
1099 655 1474 726 dcputaretur,
1497 658 1707 729 positus

55 743 130 798 in
166 752 340 798 tanta
372 745 703 814 ignobilitate
731 755 785 802 et
809 746 1049 812 infamia,
1093 747 1220 818 quid
1248 748 1350 804 nisi
1382 749 1435 803 in
1469 748 1707 804 sinistris

56 835 268 890 armis
308 836 533 905 justitia:
559 837 866 893 militabat?
913 837 1098 910 Itaque
1133 849 1261 896 tunc
1289 841 1341 895 in
1368 841 1583 896 sinistra
1613 841 1705 897 Dei

57 927 345 999 positus,
394 929 710 1000 providebat
738 945 861 986 eum
882 947 910 986 a
938 931 1143 988 dextris
1169 933 1302 996 suis,
1330 941 1389 987 ut
1415 947 1520 988 non
1551 948 1701 988 com-

59 1035 437 1078 moveretur.
462 1026 532 1078 At
559 1038 689 1102 vero
713 1031 1062 1096 posteaquam
1093 1026 1395 1080 resurrexit
1430 1035 1482 1080 et
1509 1040 1701 1081 ascen-

58 1117 162 1171 dit
199 1117 261 1172 in
292 1117 489 1172 ctelum
515 1160 530 1184 ,
568 1101 888 1185 perveniens
917 1119 983 1172 ad
1009 1117 1285 1173 dexteram
1311 1161 1326 1185 ,
1373 1118 1441 1173 ad
1473 1119 1704 1188 palmam

57 1211 347 1282 justiti-aa.
375 1211 442 1267 ad
470 1212 719 1282 gloriam,
748 1211 814 1266 ad
839 1212 1168 1266 nobilitatem
1189 1253 1204 1276 ,
1237 1212 1490 1282 impletur
1519 1213 1704 1268 lzntitia

63 1319 216 1360 cum
250 1305 408 1358 vultu
435 1305 547 1370 Dei,
575 1313 627 1360 et
656 1304 817 1359 habet
842 1303 1232 1359 delectationes
1259 1303 1311 1358 in
1335 1305 1538 1359 dextris
1559 1304 1698 1374 ejus.

63 1399 124 1452 A
150 1398 364 1468 quibus
394 1412 493 1452 nos
520 1413 620 1466 spe
644 1396 960 1451 cohortatur
991 1396 1282 1466 Apostolus
1318 1396 1532 1452 dicens:
1571 1397 1706 1465 Quia

63 1510 192 1547 non
216 1502 344 1548 sunt
373 1493 642 1564 condigna:
668 1491 930 1563 praesentis
957 1492 1196 1560 temporis
1218 1491 1484 1558 passiones
1515 1491 1582 1544 ad
1613 1491 1703 1545 illa

61 1595 311 1641 ventura
349 1585 481 1641 bona
505 1627 520 1652 ,
551 1600 664 1651 ante
691 1584 1057 1655 adaperientur
1093 1585 1147 1638 in
1191 1584 1336 1638 nobis
1372 1583 1552 1656 (Rom.
1585 1599 1697 1649 vm,

69 1680 210 1752 18).
270 1680 502 1749 Propter
531 1677 676 1749 quod
701 1687 754 1732 et
784 1692 883 1732 nos
910 1677 1161 1733 libentius
1209 1679 1262 1731 in
1300 1676 1702 1732 infirmitatibus

1812 492 1908 531 sua
1941 487 2261 535 statuentes.
2291 481 2478 537 Omnis
2505 492 2684 539 autem
2717 483 2995 556 hypocrita
3024 485 3306 543 simulator
3327 496 3413 542 est

1811 577 1865 622 et
1894 569 2113 624 dolnsus
2156 581 2258 626 est.
2313 571 2378 626 Et
2429 572 2672 643 profecto
2720 573 3038 631 manifestus
3082 576 3237 632 dolus
3287 589 3408 645 est,

1813 659 1972 716 tidem
2005 663 2114 718 Deo
2143 665 2460 734 promittere
2485 707 2500 731 ,
2528 675 2582 721 et
2611 665 2860 722 humanis
2886 669 3125 725 consiliis
3156 669 3404 726 credere.

1811 751 2132 822 Hujusmodi
2161 764 2343 812 autem
2375 756 2475 811 viri
2501 773 2600 814 nec
2630 760 2910 815 remittere
2940 760 3276 831 iniquitates,
3311 776 3413 820 nec

1810 845 2023 914 operire
2048 856 2266 916 peccata
2309 859 2572 918 possunt;
2619 850 2742 920 quia
2778 851 3006 907 salutem
3040 866 3188 908 suam
3234 854 3406 924 magis

1810 944 2021 1005 ponunt
2051 939 2101 992 in
2130 940 2368 995 consiliis
2397 941 2674 996 hominum
2703 983 2716 1008 ,
2769 958 2927 1013 quam
2975 946 3026 999 in
3056 945 3257 1000 auxilio
3291 946 3408 1002 Dei.

1811 1027 2052 1100 Denique
2073 1032 2224 1101 quasi
2239 1047 2390 1088 suam
2411 1037 2592 1090 statim
2619 1039 2968 1092 tcntationem
2994 1038 3043 1092 in
3067 1039 3407 1096 vacillatione

1808 1121 1932 1178 fidei
1960 1125 2430 1196 notat’propheta;
2473 1136 2527 1184 et
2555 1130 2706 1199 quasi
2739 1130 3087 1199 semetipsum
3111 1133 3403 1202 castigans,

1806 1213 1932 1283 quid
1960 1214 2050 1269 alii
2080 1215 2248 1271 vitare
2269 1215 2518 1285 debeant,
2553 1231 2864 1276 commonet
2893 1221 3111 1278 dicens:
3137 1237 3259 1277 cum
3279 1239 3407 1294 gra-

1805 1304 1888 1358 vis
1917 1320 2080 1376 super
2113 1321 2172 1362 se
2211 1323 2400 1364 manus
2434 1309 2529 1365 Dei
2567 1309 2777 1378 fuisset,
2810 1313 2910 1368 hoc
2935 1323 3020 1369 est
3049 1330 3403 1383 perseverans

1806 1394 1857 1450 in
1888 1399 2274 1455 tentationibus
2303 1401 2485 1456 multis
2511 1443 2526 1468 ,
2566 1402 2830 1460 clamasse
2856 1405 3073 1474 quidem
3101 1408 3166 1462 ad
3198 1407 3362 1463 Deum
3389 1449 3404 1476 ,

1804 1487 1900 1542 sed
1941 1488 1991 1543 in
2023 1490 2260 1546 clamore
2288 1507 2393 1547 non
2426 1509 2841 1563 perseverasse:
2889 1512 3074 1553 verum
3128 1508 3405 1563 postremo

1807 1581 2057 1649 tacuisse,
2078 1593 2131 1638 et
2161 1600 2226 1639 ex
2253 1585 2614 1642 taciturnitate
2635 1587 2889 1643 continuo
2917 1588 3251 1648 inveterasse
3280 1607 3404 1649 ossa

1803 1688 1918 1728 sua.

68 1772 302 1828 nostris
347 1771 677 1847 gloriemur,
729 1780 785 1824 ut
827 1780 1072 1840 protegat
1105 1785 1202 1824 nos
1243 1769 1416 1824 virtus
1459 1769 1573 1824 Dei.
1632 1769 1701 1824 Et
1729 1773 1776 1833 B
1877 1765 1929 1818 5.
1982 1765 2114 1821 Ossa
2158 1777 2339 1824 autem
2387 1771 2703 1840 spiritaliter
2729 1773 2858 1843 quid
2890 1775 3220 1831 aestimemus
3247 1817 3260 1841 ,
3295 1775 3398 1832 frc-

69 1879 242 1920 nunc
267 1863 488 1934 quidem
515 1863 579 1917 sit
612 1862 766 1917 nobis
803 1860 933 1932 ipsis
965 1861 1124 1916 Pater
1154 1862 1207 1915 in
1251 1859 1458 1916 dextris
1503 1871 1560 1915 ut
1592 1876 1699 1915 non

70 1970 417 2012 moveamur
443 1996 457 2020 ,
511 1953 866 2008 translaturus
891 1967 988 2007 nos
1017 1949 1357 2023 postmodum
1387 1950 1439 2004 in
1485 1949 1700 2006 dextris

70 2049 208 2105 suis
235 2089 253 2114 ,
305 2047 359 2102 in
391 2046 606 2102 divitias
638 2045 848 2106 Domini
873 2045 1040 2100 nostri
1067 2043 1195 2100 Jcsu
1220 2043 1453 2099 Christi:
1504 2043 1588 2098 cui
1618 2051 1702 2099 est

72 2143 293 2216 gloria.
335 2140 528 2198 Amen.

356 2272 769 2330 TRACTATUS
811 2271 901 2328 DE
943 2270 1216 2328 PSALMO
1251 2267 1444 2326 XXXI.

178 2415 235 2470 I.
269 2413 514 2469 Psalmus
541 2410 708 2465 David
747 2410 1033 2464 intellectus
1064 2415 1215 2463 notat
1257 2422 1415 2478 quam
1457 2407 1701 2461 continet

83 2504 462 2578 prophetiam.
482 2503 772 2574 Apostolus
795 2502 996 2567 docuit,
1021 2499 1145 2570 quia
1164 2499 1368 2554 Novum
1394 2498 1700 2554 Testamen-

82 2613 210 2656 tum
236 2599 580 2655 annuutiaret
609 2612 705 2668 per
727 2596 1060 2651 vocationem
1089 2593 1350 2665 gentium.
1381 2593 1438 2647 In
1458 2606 1565 2662 quo
1585 2591 1701 2661 jus-

85 2690 352 2747 tiftcauda
393 2697 511 2745 erat
554 2688 688 2742 fides
714 2688 832 2742 sine
859 2685 1149 2755 Operibus,
1195 2691 1250 2737 et
1295 2684 1346 2737 in
1377 2697 1484 2752 quo
1522 2682 1698 2737 futura

87 2783 519 2855 promittebatur
541 2780 791 2837 remissio
819 2779 1159 2849 iniquitatum
1195 2787 1248 2831 et
1281 2777 1481 2832 oblivio
1506 2791 1699 2847 pecea-

90 2885 278 2931 torum
320 2891 414 2945 per
443 2873 728 2945 gratuitam
761 2873 988 2943 gratiam
1025 2871 1153 2925 Dei:
1202 2878 1257 2925 et
1283 2869 1348 2924 ad
1379 2869 1483 2925 hoc
1524 2871 1699 2924 mani-

91 2970 238 3026 festa
267 2976 348 3025 est
375 2969 532 3024 ratio.
573 2968 680 3024 Sed
712 2983 891 3038 operze
923 2967 1152 3037 pretium
1185 2976 1266 3022 est
1299 2965 1550 3036 persequi
1580 2980 1694 3020 om-

92 3079 231 3119 nem
258 3062 446 3134 psalmi
479 3071 702 3132 textum,
738 3061 791 3116 in
816 3077 922 3131 quo
951 3061 1175 3115 affectus
1200 3059 1478 3130 psallentis
1505 3059 1698 3129 depre-

1806 1865 2035 1924 quenter
2061 1859 2399 1914 notavimus:
2444 1861 2566 1932 quia
2613 1862 2753 1919 sicut
2797 1867 3040 1935 corporis
3080 1869 3160 1921 sui
3193 1867 3403 1932 stabili-

1806 1955 2046 2000 mentum
2070 1957 2124 2002 et
2150 1948 2411 2006 fortitudo
2439 1962 2563 2008 sunt
2593 1968 2714 2010 ossa
2743 1997 2756 2021 ,
2790 1955 2864 2010 ita
2893 1965 2946 2012 et
2979 1960 3177 2013 mentis
3206 1967 3407 2016 nostra:

1803 2037 2227 2096 stabilimentum
2258 2053 2312 2098 et
2338 2043 2594 2100 fortitudo
2624 2047 2884 2117 patientia
2916 2058 3032 2115 est;
3083 2048 3155 2105 ita
3189 2051 3277 2106 hic
3311 2051 3405 2122 qui

1804 2142 2023 2201 gravata
2066 2148 2231 2204 super
2257 2151 2315 2191 se
2348 2151 2508 2192 manu
2542 2139 2636 2193 Dei
2683 2155 3033 2212 perseverare
3077 2159 3186 2197 non
3234 2145 3408 2214 potuit

1804 2223 1871 2278 ad
1899 2224 2104 2293 Deum,
2155 2227 2250 2283 sed
2280 2228 2476 2286 defecit
2501 2241 2554 2286 et
2587 2234 2781 2298 tacuit;
2835 2235 3166 2294 inveterasse
3211 2239 3406 2294 merito

1804 2315 1934 2372 dicit
1958 2333 2080 2374 ossa
2109 2333 2237 2375 sua:
2273 2320 2326 2376 id
2367 2333 2450 2378 est
2480 2327 2833 2382 consenuisse
2871 2329 3185 2398 patientiam
3225 2346 3397 2387 suam.

1802 2411 1974 2467 Omne
2009 2423 2188 2469 autent
2232 2418 2440 2472 senium
2486 2418 2643 2474 affert
2672 2420 3057 2476 infirmitatem.
3112 2421 3294 2493 Itaque
3341 2433 3398 2478 et

1803 2504 2142 2560 manifestum
2166 2518 2248 2563 est
2280 2510 2603 2565 infirmatam
2637 2526 2759 2567 esse
2801 2513 3110 2582 patientiam
3144 2514 3282 2585 ejus.
3333 2515 3403 2572 Et

1802 2602 2022 2670 proririe
2051 2602 2228 2672 posuit
2251 2602 2580 2660 inveterasse
2604 2647 2618 2671 ,
2666 2606 2717 2661 id
2761 2615 2842 2662 cst
2867 2606 2934 2662 ad
2962 2615 3198 2663 veterem
3233 2611 3402 2679 impa-

1803 2692 2043 2746 tientiam
2074 2693 2309 2750 redisse:
2345 2710 2517 2750 novus
2543 2697 2686 2751 enim
2717 2698 2877 2753 homo
2897 2707 2950 2754 et
2981 2700 3236 2756 nativitas
3260 2715 3399 2756 nova

1803 2781 1961 2837 habet
1986 2794 2423 2854 perseverantem
2452 2787 2797 2855 patientiam;
2832 2787 2956 2844 inde
2977 2789 3270 2860 Apostolus
3291 2789 3399 2847 ait;

1813 2873 2021 2930 Vexatio
2043 2879 2341 2946 patientiam
2371 2880 2567 2948 pariet,
2597 2881 2842 2952 patientia
2869 2881 3240 2952 probationem,
3271 2899 3400 2949 pro-

1801 2969 1936 3022 batio
1962 2986 2143 3041 spem;
2182 2987 2296 3042 spes
2335 2981 2502 3026 autem
2525 2989 2629 3027 non
2663 2972 2931 3028 conturbat
2959 3015 2972 3038 ,
3005 2974 3130 3044 quia
3172 2975 3400 3029 Charitas

1802 3060 1898 3116 Dei
1926 3061 2118 3130 di/fusa
2151 3076 2222 3118 est
2252 3065 2307 3119 in
2333 3066 2491 3120 corda
2531 3077 2707 3144 nostra
2734 3070 2753 3140 (
2781 3068 2934 3122 Rom.
2975 3083 3009 3122 v
3034 3109 3050 3135 ,
3079 3069 3114 3123 5
3234 3068 3400 3140 Igitur

95 3154 430 3211 hendantur.
464 3154 594 3222 Quis
623 3153 818 3208 viderit
847 3151 1143 3207 secundum
1163 3165 1406 3216 carnem,
1440 3151 1693 3205 tentatio-
1722 3161 1768 3225 ρ
1802 3153 1923 3223 quia
1954 3155 2007 3208 in
2038 3170 2176 3209 novo
2203 3155 2421 3212 homine
2447 3157 2683 3238 Charitas
2711 3158 2803 3212 Dei
2833 3159 3022 3214 diffusa
3046 3169 3130 3215 est
3155 3160 3206 3214 in
3234 3159 3402 3217 corde

97 3263 202 3304 nes
230 3248 564 3302 introeuntes
597 3246 661 3300 ad
691 3245 893 3300 fidem?
920 3245 1068 3299 Vidit
1090 3245 1233 3299 enim
1264 3244 1449 3299 beatos
1476 3243 1692 3314 quidem

96 3356 250 3406 esse,
275 3355 499 3410 quorum
520 3339 727 3409 justitia
755 3353 818 3393 ex
847 3337 1101 3408 operibus
1130 3353 1233 3390 non
1261 3345 1692 3406 computaretur.

99 3435 218 3490 Lex
240 3435 380 3490 enim
406 3433 628 3487 intravit
659 3444 713 3486 ut.
745 3432 1201 3500 amplificarentur
1240 3440 1494 3500 peccata:
1524 3440 1576 3485 et
1609 3429 1696 3485 lex

100 3529 241 3582 iram
267 3525 519 3582 fabricat:
563 3535 617 3580 et
658 3524 746 3578 ubi
777 3524 860 3578 lex
893 3537 1000 3577 non
1029 3531 1112 3578 est
1135 3563 1148 3588 ,
1181 3538 1281 3577 nec
1314 3523 1692 3592 transgressio.

103 3619 465 3688 Quamobrem
498 3633 601 3671 non
627 3614 896 3671 immerito
929 3615 1117 3669 beatus
1147 3613 1445 3680 vocabitur,
1474 3613 1566 3684 qui
1589 3629 1694 3667 non

103 3712 270 3768 fuerit
297 3712 394 3767 sub
426 3712 563 3781 lege,
593 3710 687 3766 sed
718 3707 876 3764 fuerit
899 3710 1076 3778 potius
1102 3708 1204 3763 sub
1232 3707 1421 3778 gratia.

181 3804 238 3858 2.
270 3803 462 3859 Verum
496 3802 628 3858 fides
650 3803 764 3858 haec
787 3801 958 3870 qualis
982 3800 1307 3871 requiratur,
1329 3799 1536 3854 notavit
1559 3799 1698 3870 psal-

105 3897 266 3954 mista
309 3895 573 3962 dicendo,
628 3894 794 3949 Vens.
835 3891 902 3947 Ξῖ
961 3891 1140 3963 Neque
1194 3893 1426 3946 inventus
1455 3892 1609 3963 fuerit
1643 3892 1698 3945 in

107 4012 202 4051 ore
239 3997 344 4068 ejus
371 3993 540 4047 dolus.
587 3991 762 4047 Credo
810 3992 995 4059 utique
1041 3989 1202 4042 talem
1242 3986 1414 4040 virum
1447 3992 1691 4055 quaerat,

108 4087 317 4158 qualem
348 4086 650 4140 venientem
680 4083 747 4138 ad
775 4097 834 4138 se
861 4079 1248 4137 Nathanaelem
1289 4077 1548 4133 Dominus
1581 4076 1697 4131 lau-

109 4182 282 4247 davit;
309 4181 495 4252 quales
528 4197 633 4235 non
666 4188 820 4234 crant
850 4178 902 4232 iu
934 4176 1098 4232 Israel
1125 4217 1139 4241 ,
1173 4189 1308 4244 quos
1339 4174 1410 4227 ita
1441 4173 1583 4228 Deus
1610 4171 1696 4226 in-

111 4281 418 4344 crepaverat
441 4286 537 4342 per
562 4269 888 4341 prophetas:
941 4266 1176 4336 Populus
1211 4265 1293 4317 hic
1324 4263 1470 4317 labiis
1501 4279 1580 4316 me
1606 4261 1695 4315 Ito-

113 4376 279 4429 norat,
313 4381 398 4419 cor
426 4374 593 4418 autem
614 4379 786 4417 eorum
813 4362 961 4432 longe
989 4367 1062 4413 est
1092 4374 1122 4411 a
1150 4373 1228 4410 me
1255 4355 1554 4428 (Isa.xxtx,
1583 4352 1692 4425 I5).

111 4457 225 4514 Nec
251 4456 463 4513 dubium
491 4464 576 4511 est
617 4453 743 4526 quin
776 4453 877 4507 hoc
909 4453 976 4507 sit
1004 4449 1160 4506 dolus
1187 4490 1202 4514 ,
1243 4447 1388 4502 aliud
1418 4449 1470 4501 in
1500 4446 1690 4513 labiis,

1801 3261 1896 3315 per
1915 3244 2169 3316 Spiritum
2189 3259 2432 3304 sanctum
2464 3251 2552 3320 qui
2580 3251 2804 3305 clamat:
2834 3250 2988 3306 Abba
3015 3253 3203 3317 Pater;
3236 3253 3400 3307 meri-

1800 3347 1856 3394 to
1884 3355 2234 3410 perseverans
2262 3349 2347 3396 est
2378 3341 2634 3412 patientia
2666 3344 2784 3412 ejus
2805 3383 2820 3408 ,
2873 3352 2931 3398 ut
2971 3345 3140 3414 possit
3177 3344 3397 3401 dicere:

1802 3432 1928 3500 Quis
1959 3451 2036 3488 me
2079 3435 2266 3490 dividet
2299 3453 2330 3488 a
2371 3435 2620 3492 cltarilale
2648 3435 2786 3491 Dei?
2837 3437 3084 3505 Vexatio,
3123 3439 3395 3510 angustia,

1798 3542 1866 3579 an
1893 3527 2118 3593 nuditas,
2145 3545 2210 3581 an
2242 3531 2424 3599 fames,
2463 3545 2528 3582 an
2553 3527 2759 3601 gladius
2785 3528 2960 3600 (Rom.
2996 3545 3109 3598 vttt,
3149 3530 3282 3601 55)?
3327 3531 3399 3586 At

1798 3616 1888 3686 qui
1916 3617 2112 3673 defecit
2138 3618 2422 3674 clamando
2447 3629 2499 3674 et
2533 3620 2798 3690 sperando
2822 3622 2873 3675 in
2901 3621 3088 3688 Deum,
3125 3623 3398 3678 benedicit

1801 3707 1924 3776 quia
1956 3706 2397 3764 inveteraverunt
2425 3724 2549 3765 ossa
2575 3725 2703 3776 sua;
2733 3710 2872 3781 quod
2911 3721 2994 3768 est
3020 3753 3034 3778 ,
3061 3713 3126 3768 ad
3156 3723 3396 3770 veterem

1799 3799 2188 3870 impatientiam
2213 3816 2434 3857 reversa
2457 3813 2602 3870 sunt,
2632 3803 2918 3861 deficiente
2950 3821 3104 3862 nova:
3143 3808 3398 3864 nativita-

1799 3891 1867 3945 tis
1895 3890 2180 3958 charitate,
2211 3908 2331 3964 quae
2360 3910 2650 3966 numquam
2681 3895 2748 3949 de
2773 3897 2930 3952 Patre
2960 3899 3238 3969 desperat.

1870 3986 1922 4039 4.
1955 3985 2088 4054 Quid
2117 4001 2248 4057 ergo
2265 3987 2462 4044 docet?
2485 3988 2747 4056 Quoniam
2774 3990 2890 4048 haec
2912 3993 3064 4050 nobis
3086 3993 3188 4050 fida
3212 4012 3402 4066 repro-

1799 4077 1984 4132 missio
2011 4088 2124 4134 est:
2155 4081 2407 4150 quoniam
2431 4081 2475 4136 si
2509 4082 2761 4153 iniquitas
2783 4092 2877 4139 aut
2897 4089 3141 4155 operatio
3166 4091 3396 4158 peccati,

1798 4173 2012 4228 etiamsi
2038 4173 2216 4241 gravis
2241 4173 2376 4229 facta
2414 4173 2576 4230 fuerit
2607 4191 2796 4231 manus
2824 4178 3033 4234 Domini
3073 4195 3235 4252 super
3263 4197 3362 4238 nos
3383 4223 3398 4250 ,

1799 4272 1855 4318 et
1881 4264 2190 4318 oneraverit
2215 4279 2312 4319 nos
2343 4266 2727 4322 tentationibus
2749 4267 2930 4324 multis
2954 4311 2969 4336 ,
3019 4286 3123 4326 non
3164 4273 3400 4331 deficere

1800 4355 1961 4411 debet
1988 4356 2194 4412 clamor
2221 4367 2404 4413 noster
2431 4358 2499 4413 ad
2541 4360 2729 4417 Deum.
2785 4361 2922 4428 Quid
2949 4364 2993 4418 si
3027 4367 3398 4423 tacuerimus?

1801 4448 1953 4517 Quod
1977 4459 2317 4507 revertamur
2340 4453 2406 4507 ad
2438 4464 2649 4510 veteres
2676 4455 3065 4527 cogitationes,
3099 4461 3397 4518 remedium

114 4548 255 4604 aliud
303 4550 353 4601 in
398 4546 562 4603 corde
609 4545 831 4600 habere.
880 4544 1065 4612 Itaque
1111 4542 1248 4598 bene
1280 4539 1442 4594 David
1491 4539 1543 4592 in
1591 4537 1854 4608 31i0])in
1886 4546 2084 4600 nostris
2104 4547 2344 4602 consiliis
2372 4548 2708 4618 requirentes
2735 4590 2749 4616 ,
2788 4549 3106 4608 adhibentes
3141 4569 3303 4610 curas
3342 4563 3399 4612 et

114 4643 344 4715 psalmo:
395 4639 634 4706 Credidi,
688 4638 896 4709 inquit,
939 4645 1147 4707 propter
1185 4633 1322 4704 quod
1360 4633 1557 4687 locutus
1587 4647 1698 4685 sum

115 4737 295 4810 (Psal.
337 4750 464 4801 cxv,
503 4733 630 4803 ID).
678 4733 745 4787 Et
782 4730 1071 4801 Apostolus
1106 4738 1349 4784 enarrat:
1401 4727 1522 4797 quia
1547 4724 1699 4779 corde

114 4831 328 4886 creditur
347 4828 414 4881 ad
421 4827 701 4898 justitiam,
731 4841 819 4880 ore
845 4833 1012 4879 autem
1036 4823 1290 4892 confessio
1316 4819 1372 4890 ﬁt
1394 4819 1462 4873 ad
1480 4819 1696 4873 salutem

119 4923 287 4995 (Rom.
314 4937 370 4986 ι,
402 4921 514 4991 10).
557 4920 632 4975 Ita
658 4920 702 4974 si
729 4918 781 4972 in
812 4917 978 4973 corde
1011 4915 1197 4972 credat
1219 4913 1361 4983 quod
1391 4912 1527 4967 labia
1566 4927 1696 4966 con-

120 5015 349 5080 fitentur,
379 5028 484 5068 non
513 5011 815 5067 invenietur
838 5011 891 5064 in
911 5024 1006 5064 ore
1029 5008 1146 5089 ejus
1170 5006 1343 5061 dolus.
1380 5007 1448 5059 At
1474 5005 1520 5059 si
1545 5003 1698 5059 labiis

117 5109 234 5178 quis
257 5107 482 5160 honoret
509 5105 698 5169 Deum,
731 5118 826 5158 cor
855 5111 1033 5157 autem
1063 5099 1178 5170 ejus
1209 5100 1366 5168 longe
1395 5096 1698 5152 inveniatur

119 5201 185 5257 ab
210 5216 299 5265 eo;
326 5199 482 5254 dolus
505 5199 559 5254 in
589 5213 685 5254 ore
711 5197 829 5266 ejus
869 5204 971 5260 est,
997 5209 1102 5261 quo
1129 5192 1345 5263 proprie
1385 5191 1436 5245 in
1465 5205 1530 5246 eo
1564 5199 1698 5245 tem-

120 5310 244 5366 pore
272 5301 539 5357 IIOlaIIIUI',
572 5290 624 5344 in
651 5304 758 5360 quo
781 5288 1055 5343 doctrinas
1088 5284 1360 5339 hominum
1394 5292 1446 5364 et
1474 5281 1697 5337 consilia

121 5392 295 5440 nostra
321 5381 616 5451 sequimur,
651 5379 896 5433 mandata
925 5378 1013 5432 Dei
1046 5375 1410 5446 repudiantes.
1441 5373 1532 5429 Sic
1549 5371 1693 5427 enim

121 5475 363 5546 scriptum
394 5483 506 5528 est:
543 5470 774 5540 Populus
801 5471 882 5525 hic
909 5469 1055 5524 labiis
1081 5485 1159 5523 me
1184 5468 1436 5535 honorat,
1477 5483 1566 5522 cor
1604 5483 1698 5520 au-

125 5580 217 5623 tem
237 5583 400 5622 eorum
422 5566 570 5637 longe
596 5572 668 5617 est
694 5561 826 5634 (Isa.
854 5578 998 5626 xxux,
1035 5560 1148 5633 15).
1181 5559 1366 5615 Colunt
1395 5577 1502 5622 me.
1548 5577 1720 5615 man—.

125 5663 237 5716 data
264 5669 307 5714 et
339 5657 598 5713 doctrinas
623 5654 883 5709 hominum
923 5663 1184 5723 sequentes
1214 5652 1234 5720 (
1260 5649 1444 5707 Matth.
1479 5669 1569 5719 xv,
1603 5650 1693 5723 7).

123 5756 212 5821 Sic
240 5763 290 5812 et
316 5752 575 5811 Dominus
604 5749 654 5802 in
688 5747 980 5819 Evangelio
1011 5743 1144 5816 legis
1172 5744 1422 5802 doctores
1449 5745 1700 5816 hypocri-

1797 4637 2210 4704 sollicitudines,
2229 4648 2284 4694 et
2306 4654 2402 4709 per
2425 4640 2742 4710 sapientiam
2767 4651 3006 4698 nostram
3035 4645 3400 4716 relinquentes

1796 4744 1948 4800 spem
1972 4745 2092 4800 quae
2121 4737 2206 4786 est
2224 4746 2289 4786 ex
2321 4731 2453 4798 Deo,
2484 4746 2604 4801 qua:
2629 4741 2713 4788 est
2740 4732 2947 4790 firmior
2970 4737 3220 4792 omnibus
3247 4739 3398 4811 cogi-

1799 4823 2091 4879 tationibus
2122 4824 2342 4879 nostris.
2394 4823 2464 4879 Et
2499 4823 2639 4880 hanc
2683 4826 2837 4896 quasi
2878 4826 2933 4882 in
2967 4829 3268 4886 tentatione
3298 4846 3400 4888 no-

1799 4924 1918 4971 tans
1943 4913 2203 4986 prepheta
2230 4957 2244 4980 ,
2291 4916 2471 4985 psallit
2495 4958 2510 4983 ,
2566 4916 2733 4973 Vens.
2760 4918 2796 4973 5
2823 4929 2878 4974 et
2902 4918 2970 4974 ιε
3026 4920 3279 4989 Quoniam
3324 4934 3404 4980 ta-

1799 5011 1915 5077 cui,
1959 5011 2358 5072 inveteraverunt
2396 5012 2571 5066 omnia
2609 5028 2726 5068 ossa
2766 5029 2916 5081 mea;
2958 5032 3073 5070 cum
3103 5018 3404 5075 clamassent

1800 5110 1905 5156 tota
1934 5101 2017 5156 die
2035 5118 2095 5156 ac
2119 5111 2305 5166 nocte;
2333 5089 2546 5175 gravata
2575 5103 2718 5157 estin
2744 5118 2824 5158 me
2843 5122 3027 5162 manus
3053 5117 3161 5161 tua.
3187 5107 3256 5163 Et
3273 5109 3404 5181 quid

1799 5195 2093 5250 novissime
2120 5193 2234 5249 ait?
2261 5193 2544 5250 Conuersus
2572 5212 2682 5250 sum
2709 5197 2764 5251 in
2789 5197 3071 5265 miseriam,
3096 5200 3220 5255 dum
3242 5203 3407 5273 inﬁxa

1801 5294 1874 5340 est
1920 5284 2050 5340 mihi
2092 5287 2263 5355 spina.
2313 5285 2440 5342 Ideo
2479 5295 2664 5357 aperte
2693 5289 3000 5360 significat,
3033 5308 3098 5348 ex
3129 5293 3229 5348 hoc
3272 5297 3405 5351 vitio

1803 5379 1943 5449 quod
1975 5379 2026 5432 in
2069 5379 2457 5435 tentationibus
2493 5383 3001 5450 supervenientibus
3047 5387 3287 5440 clamare
3335 5387 3404 5443 ad

1805 5471 1973 5525 Deum
2000 5479 2053 5526 et
2082 5485 2304 5540 sperare
2324 5471 2576 5528 desiisset
2601 5515 2614 5540 ,
2647 5475 2969 5531 succedente
2994 5476 3213 5530 silentio
3240 5485 3295 5530 et
3323 5485 3404 5531 ta-

1804 5560 2115 5617 citurnitate
2141 5604 2156 5628 ,
2204 5563 2506 5633 suscepisse
2531 5580 2590 5620 se
2617 5566 2672 5620 in
2703 5566 3118 5635 cogitationibus
3163 5580 3319 5618 curas
3345 5575 3404 5622 et

1805 5653 2198 5712 sollicitudines
2219 5657 2339 5711 vita:
2365 5673 2500 5725 sum,
2521 5673 2584 5714 ac
2612 5673 2707 5728 per
2730 5659 2831 5713 hoc
2851 5671 3172 5712 conversum
3196 5671 3254 5710 se
3278 5671 3406 5716 esse

1807 5745 1861 5803 in
1891 5746 2185 5815 miseriam,
2213 5748 2405 5806 relicta
2428 5748 2636 5806 scilicet
2659 5761 2758 5820 spe
2782 5744 3033 5816 adjutorii
3079 5746 3202 5801 Dei:
3242 5755 3408 5820 atque
