3974 6198
608 247 717 314 890

1820 243 2069 304 ωεστ-1
2095 243 2219 305 [illa

2324 245 2354 306 ii
2393 236 2697 309 EPiBCOPi
3782 248 3843 310 tu

603 363 970 436 signiﬁcanter
999 365 1074 420 ait
1099 405 1113 427 ,
1145 362 1363 419 infixam
1410 361 1512 419 sibi
1559 374 1682 418 esse
1723 361 1956 433 spinam.
2008 362 2204 431 Spinas'
2229 366 2276 424 Α
2305 380 2428 420 men
2472 364 2834 434 deprecatur,
2879 360 3139 419 humilem
3182 370 3372 432 vocat;
3417 361 3572 435 quod
3609 369 3687 420 est
3725 365 3839 437 utique

613 459 758 513 enim
789 460 841 512 in
863 457 1153 528 Evangelio
1174 457 1429 511 Dominus
1457 457 1609 512 docet
1639 471 1798 510 curas
1825 455 2208 511 etsollicitudi-

610 563 707 605 nes
735 550 906 602 victus
932 561 1074 615 esse,
1103 548 1295 617 quibus
1329 548 1618 602 suffocatur
1645 548 1898 602 verbum:
1931 557 2017 603 aut
2046 562 2205 617 quam

610 639 696 696 bic
723 640 986 710 propheta
1016 642 1249 710 spinam,
1284 640 1335 695 id
1380 651 1461 696 est
1495 655 1679 696 curam
1711 650 1765 695 et
1789 639 2204 695 sollicitudinem

610 733 758 798 vitte,
793 732 1010 787 inﬁxam
1034 748 1155 788 esse
1178 733 1278 788 sibi
1302 733 1452 799 dicit,
1484 749 1548 788 ex
1573 748 1639 788 eo
1668 748 1736 787 ex
1764 747 1872 803 quo
1900 731 2126 786 tacuerit
2154 739 2210 786 et

611 827 834 882 desierit
862 827 1100 882 clamare
1127 827 1193 881 ad
1237 827 1404 882 Deum
1431 867 1446 894 ,
1493 842 1587 896 per
1616 825 1758 896 quod
1789 839 2108 886 conversum
2148 839 2209 880 se

609 933 730 974 esse
758 919 809 972 in
860 919 1132 974 miseriam
1159 921 1467 974 conﬁtetur.
1518 919 1586 973 Et
1630 917 1882 989 quoniam
1925 917 2007 972 ha:
2065 932 2209 971 cura:

613 1017 668 1065 et
697 1007 1088 1064 sollicitudines
1111 1010 1404 1064 saeculares
1431 1009 1742 1079 frequenter
1786 1009 1836 1063 in
1877 1010 2088 1063 animos
2116 1022 2212 1062 no-

613 1113 777 1170 etros,
809 1104 971 1157 etiam
1001 1118 1124 1158 eum
1155 1117 1258 1157 non
1285 1103 1667 1168 attenduntur,
1699 1103 1974 1173 irrepunt;
2017 1099 2212 1156 Pecca-

613 1204 742 1261 tum,
776 1197 969 1266 inquit,
1004 1213 1167 1251 meum
1197 1198 1454 1268 cognitum
1481 1195 1606 1249 mihi
1631 1196 1736 1265 fac.

686 1290 740 1343 5.
776 1288 843 1343 Et
866 1291 1158 1358 separavit,
1186 1289 1522 1360 disﬁngnens
1545 1289 1879 1359 iniquitatem
1905 1303 1936 1342 a
1960 1295 2210 1359 peccato;

616 1385 739 1452 quia
771 1381 1026 1452 iniquitas
1053 1383 1230 1454 ignota
1258 1397 1380 1438 esse
1398 1383 1619 1438 minime
1647 1391 1844 1454 potest.
1870 1379 2037 1452 Cujus
2063 1381 2213 1437 verbi

618 1479 790 1546 magis
827 1479 1002 1548 aptior
1047 1486 1130 1533 est
1175 1478 1533 1550 significantia
1577 1479 1630 1532 in
1679 1491 1877 1548 graeco.
1928 1475 2212 1547 Ansdayan

617 1569 763 1626 enim
795 1580 988 1626 vocant
1015 1613 1028 1637 ,
1060 1586 1157 1641 per
1190 1571 1332 1640 quod
1357 1571 1688 1641 signiﬁcatur
1716 1579 1928 1639 tempus
1967 1585 2073 1640 quo
2100 1569 2217 1623 sine

620 1663 740 1734 lege
770 1664 964 1719 vixerit
994 1665 1248 1730 mundus,
1272 1681 1392 1719 cum
1416 1664 1590 1719 adhuc
1621 1665 1671 1718 in
1699 1663 1885 1735 gentili
1913 1663 2019 1717 vita
2049 1663 2214 1717 Deum

2309 457 2545 528 superbo
2580 456 2933 510 contrarium.

2380 549 2434 605 6.
2467 548 2571 603 Pro
2603 547 2706 602 hoc
2735 547 2913 612 enim,
2950 546 3151 618 inquit,
3182 545 3574 619 deprecabitur
3611 544 3793 602 humilis
3814 561 3840 603 et

2305 637 2481 709 justus
2503 640 2569 698 ad
2598 649 2650 696 te
2676 641 2730 696 in
2761 650 3002 708 tempore
3030 651 3196 696 recte.
3230 640 3323 694 Est
3351 655 3496 709 ergo
3525 648 3725 707 tempus
3744 655 3842 708 quas-
3885 625 3887 709 ξ

2310 729 2380 784 do
2409 746 2514 786 non
2554 742 2635 786 est
2666 741 2813 787 recte
2839 731 3011 802 justus
3043 747 3072 785 ιι
3106 732 3351 788 Domino.
3401 730 3530 800 ipse
3571 729 3793 798 prepbeta
3819 737 3844 785 in
3881 689 3888 836 ‘

2312 822 2663 890 subsequenti
2702 823 2860 878 docet
2899 823 3114 888 dicens,
3150 823 3315 879 Vens.
3345 823 3422 879 6:
3467 821 3662 874 Verum
3695 822 3738 874 in
3766 825 3847 876 diis-

2312 915 2449 968 vium
2488 916 2767 970 multarum
2809 932 3060 985 aquarum
3098 916 3166 970 ad
3204 916 3349 970 illum
3391 933 3507 970 non
3540 919 3847 987 nppmpiaqu-

2313 1004 2453 1061 bunt.
2486 1008 2626 1078 Ergo
2653 1008 2705 1061 in
2737 1007 2942 1062 diluvio
2971 1007 3258 1063 multarum
3285 1023 3559 1078 aquarum
3589 1024 3689 1062 non
3713 1016 3849 1062 rerum

2313 1109 2396 1155 est
2437 1109 2684 1170 tempus,
2730 1110 2788 1154 ut
2821 1100 3000 1171 justus
3039 1101 3450 1171 appropinquet
3491 1099 3561 1154 ad
3607 1100 3847 1158 Dominum;

2309 1191 2440 1263 justi
2483 1191 2629 1248 enim
2671 1191 2771 1246 viri
2812 1207 2917 1247 non
2959 1202 3042 1248 est
3069 1192 3200 1248 dare
3229 1194 3430 1248 anima:
3461 1208 3580 1248 suae
3608 1193 3849 1252 audaciam.

2314 1286 2456 1346 sicut
2491 1295 2547 1342 et
2586 1286 2672 1341 lex
2714 1285 2879 1341 dicit:
2925 1284 3049 1341 Non
3087 1287 3230 1341 dabis
3269 1287 3465 1340 anima:
3508 1296 3613 1340 tua:
3639 1286 3850 1339 audeant

2317 1379 2469 1448 Quod
2491 1379 2534 1435 si
2560 1380 2682 1450 quis
2702 1379 3000 1450 profundus
3029 1389 3079 1435 et
3105 1379 3404 1434 altissimus
3438 1380 3708 1450 mysteriis
3733 1379 3849 1432 Donni-

2319 1488 2447 1528 num
2492 1480 2731 1542 quierat,
2780 1481 3052 1528 scrutetur
3095 1473 3271 1526 omnia
3313 1471 3532 1542 judicia
3582 1471 3722 1541 ejus:
3762 1481 3800 1530 et
3829 1474 3852 1523 si

2319 1565 2459 1622 forte
2487 1565 2554 1620 ad
2581 1566 2923 1622 sustinendos
2955 1581 3143 1620 omnes
3186 1563 3395 1620 fructus
3431 1565 3449 1633 (
3471 1567 3515 1636 f.
3544 1562 3757 1633 tinctus)
3783 1563 3851 1631 eius

2320 1661 2592 1716 existimet
2626 1675 2684 1716 se
2713 1676 2869 1730 posse
2899 1661 3171 1728 sufﬁcere,
3204 1675 3311 1716 non
3342 1661 3456 1715 erit
3486 1660 3592 1714 iste
3620 1659 3697 1712 vir
3717 1658 3849 1727 justas.

3881 861 3888 1086 ι

621 1758 878 1812 nesciret.
906 1757 1106 1812 Omnes
1146 1766 1323 1811 autem
1354 1753 1600 1811 conversi
1631 1756 1696 1809 ad
1741 1756 2020 1809 Dominum
2053 1753 2218 1809 eonﬁ-
2247 1754 2295 1815 B
2325 1769 2498 1824 neque
2536 1754 2740 1809 utiliter
2780 1753 2831 1809 in
2874 1753 3076 1810 diluvio
3111 1769 3372 1824 aquarum
3409 1754 3700 1808 multarum
3727 1766 3849 1819 appar

619 1858 835 1905 teantur
867 1867 1087 1907 necesse
1117 1861 1219 1915 est,
1259 1849 1622 1905 damnabilem
1653 1849 1816 1904 fuisse
1844 1849 2040 1919 prioris
2080 1857 2217 1902 tem-

622 1943 769 2011 poris
791 1941 974 1996 vitam.
1023 1941 1092 1996 At
1114 1957 1242 1996 vero
1270 1942 1391 2010 quia
1418 1941 1622 2010 peccati
1652 1955 1847 1996 nomen
1871 1941 1924 1994 in
1950 1941 2052 1994 hoc
2090 1937 2223 1993 deﬁ-

632 2035 833 2098 nimus,
865 2034 917 2088 iu
940 2049 1045 2103 quo
1074 2033 1194 2103 quis
1225 2033 1382 2086 intrat
1409 2033 1459 2086 in
1487 2047 1644 2086 curas
1668 2041 1723 2085 et
1749 2029 2142 2085 sollicitudines
2170 2038 2225 2084 et

621 2127 975 2197 cogitationes
1000 2127 1171 2180 victus
1197 2167 1210 2188 ,
1257 2141 1377 2196 qum
1409 2125 1755 2194 quammultae
1785 2132 1840 2177 et
1864 2122 2027 2176 varice
2057 2129 2221 2188 sunt,

623 2233 959 2290 quarumque
1008 2218 1268 2288 imagines
1311 2217 1496 2270 invitis
1536 2216 1696 2271 etiam
1743 2214 1898 2268 bonis
1925 2228 2085 2282 quam
2114 2212 2219 2266 fre-

624 2323 855 2385 quenter
880 2321 1206 2377 occurrunt;
1235 2312 1352 2381 quis
1377 2311 1545 2380 possit
1573 2311 1624 2364 in
1647 2323 1740 2364 sua
1771 2307 2107 2362 observantia
2131 2305 2222 2360 de-

630 2405 1008 2476 prehendere?
1039 2405 1220 2475 itaque
1246 2419 1406 2473 super
1427 2402 1530 2458 hoc
1554 2403 1690 2456 bene
1717 2400 1972 2456 auxilium
2013 2400 2080 2454 de
2115 2400 2224 2453 Deo

634 2499 862 2568 requirit
931 2497 1190 2567 proliheta
1257 2496 1525 2563 dicendo,
1599 2496 1763 2552 Vens.
1813 2495 1879 2550 5:
1949 2493 2224 2549 Peccatum

629 2606 798 2643 meum
833 2591 1088 2662 cognitum
1119 2588 1245 2643 mihi
1290 2589 1394 2659 fac,
1441 2587 1679 2643 Domine.
1715 2588 1779 2643 Et
1806 2589 1857 2642 in
1888 2587 1988 2643 hoc
2016 2587 2224 2658 peccati

630 2699 828 2738 nomen
857 2699 886 2737 a
914 2685 1180 2754 principio
1210 2685 1393 2738 mundi
1444 2693 1499 2738 et
1525 2682 1697 2738 teneri
1725 2723 1740 2750 ,
1769 2683 1813 2737 si
1842 2683 2008 2753 ipsam
2038 2690 2224 2752 proto-

627 2775 785 2845 piasti
816 2775 1299 2846 transgressionem
1325 2775 1763 2830 discriminemus
1783 2817 1798 2840 ,
1831 2775 2118 2829 manifesto
2145 2774 2226 2827 in-

626 2867 893 2921 venimus.
946 2867 1050 2922 Sed
1097 2868 1165 2922 de
1205 2867 1306 2920 lioc
1347 2867 1563 2936 longum
1603 2867 1706 2922 erit
1737 2866 2024 2936 persequi;
2072 2879 2224 2934 atque

629 2969 808 3015 tamen
855 2975 1047 3016 sensus
1075 2960 1514 3015 discriminantes
1546 2959 1687 3013 inter
1719 2969 1995 3028 peccatum
2038 2966 2093 3013 et
2119 2957 2225 3012 ini-

625 3056 884 3125 quitatem
917 3055 1364 3125 persequentibus
1401 3068 1612 3123 quoque
1667 3053 2093 3107 manifestautur.
2151 3051 2226 3107 De

2327 1848 2591 1918 pinquare
2620 1846 2902 1902 conabitur
2925 1863 2988 1902 ac
3020 1847 3303 1902 Dominum
3345 1861 3636 1916 qumrere;
3677 1842 3849 1914 quatiam

2325 1939 2377 1994 in
2405 1938 2733 1994 exultatione
2757 1939 3034 2009 sapientiae
3063 1954 3172 1993 sum
3193 1980 3211 2008 ,
3240 1938 3504 2010 profundi
3531 1939 3643 2008 ejus
3665 1937 3846 1992 aliscoau

2325 2032 2540 2102 pulsare
2567 2033 2973 2103 pertentavcrit.
3007 2033 3094 2087 Sic
3124 2042 3174 2087 et
3203 2032 3490 2102 apostolus
3521 2031 3730 2086 Paulus:
3755 2027 3849 2081 Etu

2326 2126 2379 2179 in
2409 2125 2769 2193 multitudine,
2811 2126 2886 2180 ait
2909 2168 2922 2188 ,
2967 2127 3360 2196 tulapertionum
3401 2125 3623 2188 exalter,
3660 2125 3780 2176 datas
3809 2133 3848 2172 at

2326 2220 2468 2273 carni
2488 2236 2612 2274 mea:
2631 2219 2894 2284 stimulus,
2927 2220 3135 2288 angelus
3165 2228 3362 2278 satanas
3391 2220 3490 2290 qui
3517 2234 3596 2271 me
3623 2216 3846 2276 colaphis-1‘

2327 2321 2533 2382 propter
2559 2312 2694 2382 quod
2721 2324 2798 2365 ter
2830 2310 3104 2364 Dominum
3134 2312 3340 2382 togaui:
3374 2321 3423 2365 et
3454 2310 3645 2364 dictum
3666 2319 3726 2362 est
3747 2309 3842 2359 mihi:

2328 2402 2530 2472 Sufﬁcit
2561 2403 2648 2457 tibi
2673 2407 2839 2474 gratia
2867 2419 3016 2456 mea:
3042 2419 3158 2458 nam
3184 2403 3343 2458 virtus
3371 2404 3426 2455 in
3460 2403 3736 2470 inﬁrmitate
3753 2398 3844 2466 pai-

2327 2496 2463 2548 citur
2503 2494 2583 2566 (li
2613 2494 2734 2551 Cor.
2788 2512 2898 2561 xn,
2942 2496 2976 2551 7
3004 2527 3028 2538 -
3056 2495 3148 2565 9).
3189 2495 3376 2567 Itaque
3418 2505 3474 2553 et
3515 2497 3599 2548 bic
3636 2492 3841 2563 propinas.

2327 2602 2450 2644 cum
2479 2589 2738 2644 dixisset:
2781 2591 2903 2660 quia
2939 2590 3070 2660 justi
3111 2601 3164 2645 et
3193 2591 3428 2645 humiles
3461 2592 3515 2644 in
3542 2589 3726 2644 diluvio
3747 2600 3843 2654 aqu:-

2327 2697 2446 2736 rum
2477 2681 2764 2735 multarunt
2808 2697 2912 2735 non
2955 2681 3469 2751 apprOpinquabunt
3508 2681 3572 2735 ad
3616 2679 3839 2734 Dominum.

2329 2773 2570 2827 ostendit
2602 2773 2715 2842 ipse
2743 2789 2848 2843 quo
2874 2773 3044 2845 magis
3069 2775 3170 2828 sibi
3202 2783 3450 2844 tempore
3477 2772 3715 2828 Dominus
3735 2767 3842 2834 requi

2329 2873 2497 2928 ratur,
2530 2865 2692 2920 Vens.
2724 2865 2786 2918 7:
2815 2864 2897 2918 Tu
2926 2882 2979 2920 es
3001 2907 3015 2932 ,
3049 2865 3249 2936 inquit,
3284 2868 3545 2938 refugium
3575 2880 3718 2919 meum
3748 2861 3840 2913 atri-

2329 2957 2589 3010 bulatione
2616 2957 2962 3014 circumdante
2991 2973 3090 3012 me.
3123 2957 3188 3012 Et
3218 2957 3303 3013 hic
3332 2973 3468 3027 ergo
3499 2959 3657 3026 magis
3682 2955 3724 3008 in
3748 2950 3840 3004 infir-

2331 3049 2608 3104 mitatibus
2632 3049 2913 3119 gloriatur,
2937 3056 2996 3104 ut
3021 3057 3267 3120 protegat
3291 3065 3418 3104 eum
3445 3049 3610 3103 virtus
3633 3045 3741 3110 Dei,
3761 3041 3840 3095 sicut

625 3159 848 3216 peccato
878 3148 1020 3202 enim
1051 3148 1179 3217 petit
1210 3189 1223 3212 ,
1273 3157 1329 3201 ut
1358 3146 1630 3217 cognitum
1659 3145 1764 3201 sibi
1814 3145 1939 3212 ﬁat;
1993 3153 2050 3200 ut
2097 3159 2224 3200 vero
2251 3135 2297 3200 C
2329 3138 2527 3194 Paulus
2552 3141 2658 3193 ait:
2689 3139 2950 3195 Libentius
2977 3157 3096 3212 ergo
3135 3141 3189 3194 in
3230 3140 3612 3212 inﬁrmitatibus
3647 3137 3746 3190 nteit
3774 3132 3840 3202 910-

629 3238 969 3309 iniquitatem
1022 3255 1127 3294 non
1154 3240 1414 3294 celaverit
1455 3238 1556 3293 sibi
1607 3239 1799 3308 inquit.
1852 3237 1986 3292 illud
2037 3238 2222 3304 enim,

625 3333 752 3402 quia
782 3330 900 3386 sine
923 3332 1144 3388 scientia
1181 3332 1412 3386 hominis
1442 3345 1546 3386 non
1575 3345 1690 3386 erat
1715 3373 1729 3395 ,
1757 3339 2037 3401 supererat
2064 3331 2117 3385 in
2160 3345 2226 3384 eo

627 3425 892 3482 medicina
927 3427 1244 3481 humilitatis
1270 3436 1328 3480 ut
1353 3426 1696 3480 annuntiaret
1725 3424 1853 3480 illud
1880 3465 1895 3488 ,
1923 3435 1976 3480 et
2005 3424 2227 3479 conﬁte-

625 3531 776 3574 retur
796 3518 1042 3573 Domino.
1072 3520 1139 3573 At
1164 3504 1288 3572 vero
1308 3529 1610 3588 peceatum,
1636 3516 1788 3588 cujus
1807 3517 2040 3572 varietas
2062 3517 2226 3570 etiam

626 3609 898 3681 ignoranti
927 3622 1136 3682 poterat
1167 3612 1428 3680 obrepere
1454 3653 1469 3677 ,
1519 3609 1674 3680 cujus
1705 3609 1992 3663 multitudo
2038 3608 2226 3662 fallere

624 3713 837 3773 poterat
865 3713 918 3758 et
952 3703 1120 3758 latere
1146 3745 1160 3766 ,
1207 3711 1264 3757 ut
1285 3703 1558 3772 cognitum
1589 3701 1689 3756 sibi
1721 3701 1875 3755 ﬁeret
1903 3700 2225 3769 deprecatus

625 3804 730 3849 est.
786 3794 1161 3850 Perseveravit
1190 3794 1421 3863 denique
1452 3794 1504 3846 in
1546 3790 1901 3860 significantia
1934 3792 2120 3857 verbi;
2172 3799 2228 3845 et

629 3886 754 3955 quia
787 3885 1124 3951 iniquitatem
1149 3900 1180 3938 a
1201 3893 1422 3953 peccato
1449 3884 1753 3951 separabat.
1786 3882 1952 3937 dixit:
1985 3883 2114 3953 Ego,
2146 3884 2226 3937 in—

630 3976 750 4046 quit
775 4017 790 4042 ,
816 3976 1116 4030 renuntiabo
1139 3975 1410 4030 adversum
1436 3991 1514 4028 me
1533 3974 1853 4044 iniquitatem
1877 3991 2042 4028 meum
2066 4015 2080 4039 ,
2118 3974 2226 4028 Do-

632 4069 790 4124 mine.
842 4066 991 4123 Adeo
1020 4077 1074 4122 et
1114 4067 1201 4122 hic
1243 4083 1347 4121 non
1393 4073 1674 4136 peccatum
1714 4053 1892 4121 meum
1924 4066 2220 4134 nuntiabo,

628 4161 876 4226 Domine,
909 4159 1002 4215 sed
1033 4159 1387 4230 iniquitatem.
1423 4159 1706 4214 Peccatum
1735 4158 1878 4213 enim
1903 4157 2224 4212 annuntiare

624 4268 732 4308 non
768 4262 998 4323 poterat,
1035 4252 1189 4321 cujus
1218 4251 1583 4324 cognitionem
1621 4251 1720 4304 sibi
1744 4249 2021 4320 quaerebat
2057 4267 2084 4303 a
2118 4249 2228 4304 Do-

626 4350 794 4405 mino.
823 4351 891 4403 At
917 4363 1046 4403 vero
1068 4349 1402 4418 iniqu’tatem
1433 4361 1592 4417 quam
1621 4346 1674 4400 in
1702 4344 2028 4401 conscientia
2056 4345 2222 4399 liabe-

625 4441 738 4505 bat,
786 4442 946 4507 hanc,
971 4445 1066 4508 ait,
1098 4438 1435 4496 annuntiabo
1461 4439 1745 4494 advers-um
1799 4453 1883 4492 me
1910 4452 2091 4493 coram
2120 4437 2223 4491 Dn-

2329 3232 2521 3300 riabor,
2551 3245 2605 3286 ut
2632 3243 2862 3305 protegat
2888 3251 2966 3289 me
2988 3235 3147 3288 virtus
3169 3233 3359 3289 Christi
3390 3234 3556 3304 (Ibid.
3582 3231 3650 3304 9).
3682 3230 3841 3296 lienqu

2330 3332 2385 3380 et
2412 3325 2721 3397 subjunxit:
2757 3327 3024 3382 Exultatio
3054 3344 3166 3380 mea
3187 3369 3201 3390 ,
3246 3328 3407 3382 libera
3436 3343 3518 3382 me
3545 3344 3576 3380 a
3601 3321 3841 3378 circumdato

2331 3418 2462 3472 tibus
2492 3436 2588 3473 me.
2634 3421 2916 3474 Dominum
2955 3420 3366 3475 exultationem
3391 3436 3544 3476 suam
3586 3411 3841 3478 vocatzfiin

2330 3526 2435 3565 non
2467 3513 2729 3581 glorietur
2757 3515 2975 3582 sapiens
3004 3514 3056 3568 in
3089 3513 3349 3584 sapientia
3394 3529 3490 3568 sua
3512 3555 3525 3578 ,
3567 3525 3715 3581 neque
3743 3502 3838 3558 fortis

2330 3604 2382 3659 in
2417 3605 2728 3660 fortitudine
2755 3620 2884 3672 sua;
2919 3605 3014 3662 sed
3048 3607 3098 3660 iu
3126 3607 3228 3660 hoc
3257 3608 3618 3676 unusquisque
3640 3601 3836 3672 gleriewf.

2328 3697 2472 3766 quod
2503 3698 2754 3768 cognovit
2781 3706 2836 3752 et
2860 3698 3014 3752 timet
3044 3698 3354 3753 Dominum.
3383 3696 3639 3754 Exultatio
3659 3698 3836 3762 ergo!“

2328 3789 2487 3843 libera
2518 3806 2597 3843 me
2624 3806 2655 3843 a
2680 3789 3113 3844 circumdantibus
3143 3806 3243 3845 nte.

2400 3884 2452 3937 7.
2489 3883 2652 3939 Vens.
2685 3884 2740 3938 8.
2789 3882 3086 3955 intelligam
3107 3895 3152 3938 et
3172 3886 3464 3956 conjungar
3503 3882 3586 3938 tibi
3622 3880 3666 3932 in
3698 3875 3759 3928 ris
3778 3871 3836 3920 bat

2327 3992 2426 4047 qua
2467 3977 2789 4032 ambulabis:
2836 3978 3050 4046 firmabo
3090 3978 3143 4031 in
3187 3986 3234 4031 te
3275 3977 3453 4030 oculos
3482 3990 3627 4029 nicas.
3663 3965 3834 4034 Sequi!“

2330 4079 2658 4142 prmceptum
2709 4070 2852 4142 quod
2902 4069 3220 4125 mandatur:
3271 4068 3400 4124 Post
3443 4067 3697 4122 Dominum
3727 4056 3831 4111 Dm

2329 4173 2471 4216 tuum
2497 4160 2801 4216 ambulabis.
2833 4163 2899 4217 Et
2921 4161 3023 4216 itoc
3053 4173 3134 4217 est
3165 4161 3338 4216 ﬁdelis
3365 4161 3470 4226 vir,
3493 4174 3592 4215 non
3618 4155 3700 4208 sibi
3719 4153 3830 4218 ipim!

2328 4256 2528 4326 eligere
2555 4256 2694 4310 viam
2721 4296 2735 4322 ,
2768 4255 2864 4310 sed
2895 4257 3069 4324 ipsum
3103 4254 3254 4325 sequi
3293 4256 3436 4312 viam
3477 4266 3620 4324 quam
3653 4241 3830 4301 Dominus

2326 4348 2598 4414 ostendit,
2642 4346 2773 4403 illud
2817 4356 3005 4416 putare
3047 4355 3252 4402 rectum
3306 4346 3450 4416 quod
3501 4345 3584 4399 ille
3622 4331 3829 4395 mandavit.

2332 4437 2572 4509 Denique
2600 4441 2710 4496 ait:
2740 4438 3068 4511 Confirmabo
3094 4441 3146 4494 in
3175 4451 3222 4495 te
3247 4441 3423 4494 oculos
3447 4453 3604 4502 meos;
3626 4442 3674 4486 ut
3691 4424 3829 4483 sciiittl

631 4535 800 4590 mino.
852 4532 1123 4604 iniquitati
1166 4533 1311 4589 enim
1342 4532 1443 4586 alia
1478 4533 1621 4586 nulla
1653 4529 1914 4586 medicina
1953 4538 2038 4586 est
2065 4570 2080 4594 ,
2121 4529 2224 4583 nisi
2254 4522 2304 4583 D
2333 4533 2539 4587 nullum
2571 4531 2716 4587 aliud
2751 4534 2855 4587 iter
2882 4532 3133 4600 videant,
3168 4533 3268 4586 nisi
3313 4533 3458 4600 quod
3505 4527 3673 4596 dirigat
3705 4511 3828 4604 Domi:

623 4627 895 4682 confessio
927 4625 993 4679 ad
1027 4626 1213 4680 Deum.
1271 4624 1523 4679 Facimus
1550 4623 1694 4677 enim
1740 4623 2048 4692 igneranter
2076 4619 2219 4690 quod

623 4721 862 4791 agnitum
897 4718 1024 4773 facit
1056 4719 1315 4772 Dominus
1343 4759 1356 4783 ,
1411 4732 1531 4772 cum
1565 4717 1895 4786 agnitionem
1941 4714 2058 4785 ejus
2085 4729 2219 4768 con-

623 4814 801 4870 versio
823 4813 1032 4879 fecerit,
1057 4823 1111 4868 et
1137 4826 1360 4868 necesse
1382 4818 1466 4866 est
1490 4809 1802 4876 poenitentia
1833 4817 2217 4878 consequatur.

621 4907 698 4964 Ita
731 4918 850 4976 post
881 4907 1215 4978 iniquitatem
1248 4904 1388 4959 hanc
1413 4945 1427 4969 ,
1459 4904 1501 4958 si
1529 4902 1812 4958 confessus
1851 4902 2010 4956 fuerit
2035 4915 2221 4955 eorum

629 5003 880 5065 Domino,
910 5009 966 5056 et
989 5000 1389 5055 annuntiaverit
1423 4998 1568 5052 illam
1590 4997 1875 5052 adversum
1904 5011 1986 5063 se,
2019 4995 2225 5051 scilicet

623 5104 907 5146 accusator
933 5093 1015 5147 sui
1043 5093 1232 5156 factus,
1274 5091 1503 5147 redimet
1537 5091 1866 5160 impietatem
1897 5088 2076 5144 cordis
2116 5087 2220 5142 sui.

624 5183 694 5240 Et
745 5185 833 5239 hic
876 5186 1124 5254 prudenti
1155 5186 1364 5241 ratione
1397 5186 1507 5241 ait:
1543 5182 1711 5239 Dixi:
1748 5181 2091 5251 pronuntiabo
2127 5181 2224 5236 att-

621 5293 824 5331 uersum
855 5293 934 5331 me
953 5278 1273 5346 iniquitatem
1310 5294 1493 5339 meam,
1522 5275 1773 5342 Domine;
1806 5286 1856 5330 et
1891 5285 1946 5330 tu
1978 5275 2222 5328 remisisti

621 5370 932 5441 impietatem
974 5371 1142 5426 cordis
1180 5372 1299 5424 mei.
1352 5371 1589 5440 Denique
1618 5369 1706 5437 qui
1739 5369 2071 5438 iniquitatem
2110 5385 2219 5424 non

621 5465 911 5518 confitetur
939 5463 1168 5518 Domino
1193 5504 1206 5529 ,
1261 5462 1563 5531 superbiam
1610 5461 1893 5516 adversum
1935 5460 2218 5516 Dominum

632 5558 844 5627 recipit,
893 5573 956 5612 ac
986 5557 1064 5612 sic
1109 5556 1435 5625 impietatem
1469 5553 1714 5620 acquirit.
1769 5553 2048 5609 Dominum
2077 5557 2220 5611 enint

623 5663 734 5704 non
763 5651 1007 5720 agnoscit
1044 5660 1248 5720 patrem
1295 5646 1458 5704 totius
1482 5656 1767 5702 creaturae.
1818 5647 2018 5704 Contra
2043 5691 2058 5716 ,
2099 5664 2223 5719 pro-

625 5740 792 5808 pheta
815 5757 935 5796 eum
961 5741 1054 5812 qui
1074 5738 1441 5809 conﬁtebitur,
1469 5753 1532 5794 ac
1555 5754 1651 5808 per
1673 5740 1775 5796 hoc
1799 5737 2090 5811 impietatis
2116 5740 2224 5798 cri-

2330 4641 2465 4679 ntts:
2499 4625 2641 4696 quod
2671 4624 2744 4679 ait
2772 4625 2826 4680 in
2851 4624 2959 4679 alio
2989 4623 3200 4694 psalmo
3221 4623 3580 4679 manifestius:
3606 4602 3827 4672 Simon“

2328 4718 2532 4772 ancilla:
2552 4717 2602 4770 in
2631 4717 2870 4771 manibus
2895 4717 3118 4770 domina:
3140 4732 3263 4779 sua,
3289 4719 3362 4771 sic
3389 4717 3518 4772 oculi
3540 4707 3676 4768 nostri
3694 4703 3744 4756 αά
3763 4696 3828 4748 0°“

2329 4815 2525 4868 minam
2553 4821 2779 4868 nostrum
2806 4811 2980 4886 (Psal.
3022 4827 3198 4874 cxxn,
3223 4811 3328 4883 2);
3357 4812 3586 4872 scilicet,
3621 4816 3705 4857 non
3733 4786 3824 4863 (ἰυθδ

2331 4908 2431 4978 ipsi
2462 4923 2644 4961 verum
2675 4907 2954 4962 intendere
2984 4905 3314 4976 dirigantur;
3359 4906 3454 4961 sed
3491 4898 3617 4973 quod
3646 4887 3824 4978 flentibus

2329 4974 2598 5053 convertit
2623 4997 2811 5053 oculos
2843 5005 3057 5052 nostros
3077 4974 3110 5062 ,ί
3135 4996 3192 5050 in
3232 4997 3386 5066 cujus
3412 4993 3636 5050 manibus
3657 4993 3747 5039 esse
3765 4974 3822 5073 άιξο

2329 5089 2566 5157 bebunt;
2600 5101 2652 5145 et
2682 5090 2804 5160 quia
2839 5090 2889 5144 in
2920 5089 3040 5160 ejus
3069 5099 3334 5160 potestate
3358 5092 3462 5154 sit,
3491 5085 3569 5142 ubi
3595 5075 3754 5151 aperiat
3775 5080 3820 5118 η·

2327 5197 2446 5238 sum
2478 5192 2722 5238 nostrum
2745 5224 2760 5249 ,
2789 5184 2876 5237 ubi
2904 5183 3138 5238 claudat.

2400 5276 2454 5333 8.
2497 5275 2652 5344 Quod
2691 5277 2734 5328 si
2763 5276 2881 5345 quis
2924 5277 2990 5330 ad
3033 5275 3136 5331 hoc
3165 5275 3428 5347 refugium
3459 5271 3545 5328 Dei
3575 5280 3662 5322 nea
3694 5257 3817 5325 ιροηιε

2327 5369 2580 5432 accedat,
2613 5368 2886 5422 discamus
2905 5369 3176 5439 quomodo
3200 5371 3356 5424 talem
3379 5368 3586 5435 castigat
3607 5350 3812 5429 ρωρδθην

2329 5462 2411 5516 cui
2441 5472 2749 5529 comparet,
2786 5461 2912 5524 quid
2947 5461 3245 5530 prohibeat.
3279 5460 3480 5525 Nolite,
3514 5453 3683 5524 inquit,
3704 5440 3812 5494 VB”:

2330 5556 2384 5618 9,
2414 5553 2528 5623 ﬁeri
2554 5554 2684 5608 sicut
2705 5570 2864 5624 equus
2891 5565 2938 5611 et
2960 5555 3154 5619 mutua,
3184 5557 3367 5625 quibus
3389 5572 3488 5610 non
3508 5559 3575 5609 est
3596 5538 3809 5628 intulerat.

2331 5620 2502 5702 Homo
2540 5647 2684 5702 enim
2727 5620 2893 5703 verbo
2922 5620 3258 5719 obsequitur,
3287 5657 3342 5704 et
3367 5649 3434 5703 ad
3463 5655 3624 5702 vocem
3647 5620 3808 5688 obium"

2330 5739 2400 5796 At
2428 5755 2558 5797 vero
2582 5741 2777 5812 quibus
2803 5741 2905 5798 dici
2937 5751 3146 5812 potest:
3175 5743 3394 5810 Quaesivi
3420 5754 3466 5799 et
3490 5754 3580 5798 non
3600 5729 3681 5805 Μ
3698 5723 3809 5777 Μ’
3882 5781 3883 5812 ἦ
