3974 6198
48 260 187 337 θοι

1232 282 1646 349 ῪΒΑΒῨΔΊἫΒ
1686 286 1773 348 ιιι
1811 288 2088 355 υδιιιιο
2126 291 2263 361 ιιι.

3306 318 3415 382 90!

54 384 286 439 vocari
315 387 366 437 et
393 400 497 453 non
524 387 624 458 fuit
651 389 744 461 qui
767 392 1031 459 exaudiret
1056 393 1208 469 (ιω.
1234 413 1362 461 unt
1382 441 1396 465 ,
1421 399 1492 473 ὅ)
1508 416 1524 468 ;
1568 402 1712 471 ejus-
1743 407 1800 470 Α
1824 406 2073 466 videlicet
2098 426 2194 481 per
2215 413 2531 488 sapientiam
2559 418 2855 492 spiritalem
2882 441 3000 495 quae
3025 430 3140 485 sola
3164 432 3310 488 novit
3334 450 3417 488 ra-

2098 473 2111 481 _
2277 473 2296 488 ,
2448 473 2455 477 ,
2885 473 3000 495 1-..
3025 473 3140 485 νυ...
3335 473 3417 488 ...-

56 473 249 529 modi
288 486 418 529 sunt
445 493 614 549 equos
640 490 695 537 et
723 483 929 545 mulus:
966 487 1019 541 in
1051 484 1203 547 (ratio
1229 498 1284 547 et
1307 506 1463 551 camo
1490 493 1716 565 cogendi
1819 499 1969 557 dices
1995 504 2246 561 arborum
2263 548 2279 575 ,
2306 518 2361 565 et
2387 523 2608 570 naturas
2633 514 2957 587 bestiarum,
2983 522 3146 578 etiam
3173 524 3277 580 hoc
3299 543 3421 582 mu-

53 576 225 631 sunt
256 567 393 623 illuc
419 569 496 625 ire
523 587 632 642 quo
660 574 869 643 nolunt.
906 578 983 633 Ex
1009 595 1115 650 quo
1148 583 1383 653 postulat

57 655 234 717 dura
272 660 461 723 cervix
493 669 547 716 et
572 662 719 729 durae
748 668 982 733 maxilla:
1006 684 1191 735 eorum
1221 655 1493 733 tormento
1517 687 1572 735 et
1595 678 1714 734 vio-

58 746 273 804 lentia
311 751 646 815 molliantur.
673 756 740 821 iit
762 756 991 831 benigne
1020 762 1282 834 praphcta
1314 781 1421 823 non
1454 767 1566 829 vult
1595 768 1715 829 illos

64 839 329 899 duritia:
356 858 468 907 sum
495 844 758 927 relinqui,
792 851 1116 925 quicumque
1145 864 1337 927 sponte
1376 875 1482 917 non
1521 875 1716 931 appro-

67 932 379 1007 pinquant
403 935 470 995 ad
494 937 815 997 Dominum:
841 945 936 999 sed
964 948 1141 1016 potius
1161 952 1468 1019 expostulat
1491 953 1713 1023 quibnse

68 1040 349 1097 cumque
370 1030 645 1098 suppliciis
665 1034 1063 1105 pertrabantur,
1086 1038 1378 1097 dummodo
1399 1042 1535 1107 salvi
1561 1046 1710 1111 liant.

68 1116 299 1190 Itaque
321 1122 395 1183 ait
415 1136 428 1176 :
452 1119 481 1176 1
490 1140 522 1177 η
544 1123 690 1194 freno
712 1135 760 1182 et
785 1144 933 1189 canto
956 1131 1197 1195 maxillas
1221 1150 1399 1197 eorum
1421 1136 1607 1206 deduc,
1627 1139 1715 1208 qui

74 1226 203 1269 sum
237 1213 662 1286 appropinquant
690 1216 758 1275 ad
782 1227 851 1275 te.

164 1303 231 1359 9.
264 1303 437 1363 Vens.
460 1307 517 1363 9.
561 1307 614 1367 Μ
621 1310 731 1366 ulta
752 1312 963 1387 ﬂagella
988 1319 1402 1390 peccatoris.Per
1429 1321 1544 1380 hac
1567 1324 1710 1381 enim

77 1396 379 1457 Dominus
418 1400 648 1461 salutem
704 1409 1077 1483 peccatoribus
1124 1411 1388 1481 fabricat;
1429 1415 1713 1479 inferendo

80 1488 254 1553 enim
285 1493 471 1564 plagas
493 1503 548 1551 et
568 1497 976 1569 tribulationes,
1004 1506 1313 1575 superbiam
1342 1517 1709 1587 peccatorum,

78 1592 154 1641 ut
219 1587 418 1645 timere
455 1599 813 1659 consuescat,
852 1594 1052 1651 erudit.
1103 1597 1411 1669 Sperantem
1447 1614 1621 1663 autem
1656 1605 1713 1661 in

80 1674 398 1741 Dominum
425 1680 777 1749 misericordia
813 1684 1166 1753 circumdabit.
1210 1690 1398 1765 Neque
1436 1693 1579 1751 enim
1619 1707 1712 1753 aut

79 1767 265 1829 freno
295 1782 387 1831 aut
413 1786 567 1835 cauto
593 1775 874 1833 ducendus
899 1789 1012 1847 est,
1041 1792 1133 1839 aut
1159 1781 1376 1855 ﬂagello
1400 1788 1707 1856 arguendos
1736 1793 1784 1856 Β

83 1872 158 1919 ιιι
193 1866 634 1938 appropinquet,
679 1868 834 1941 cujus
872 1885 1000 1945 spes
1046 1889 1262 1947 semper
1304 1886 1389 1941 est
1425 1879 1476 1933 in
1516 1882 1717 1941 auxilio

87 1957 227 2017 Dei.
251 1957 440 2032 Itaque
465 1959 584 2016 huic
602 1963 844 2035 proxima
864 1976 946 2021 est
968 1967 1344 2035 misericordia
1366 1972 1717 2045 ejus.Quam-

87 2050 299 2109 olirem
333 2055 468 2108 sicut
499 2053 761 2124 propheta
789 2056 897 2122 ait,
929 2056 1097 2116 Vens.
1133 2060 1234 2123 ll;
1264 2058 1635 2120 lucundnmini
1661 2065 1717 2120 in

87 2139 363 2210 Domino,
385 2154 432 2197 et
453 2143 679 2201 exultate
696 2148 828 2215 justi
846 2191 859 2216 ,
893 2159 938 2203 et
962 2151 1179 2223 gaudete
1198 2166 1369 2209 omnes
1390 2156 1513 2211 recti
1540 2155 1713 2215 corde.

90 2233 215 2289 Per
242 2233 429 2297 Jesum
459 2234 731 2297 Christum
768 2232 1054 2299 Dominum
1085 2255 1352 2321 nostrum,
1373 2247 1459 2311 cui
1488 2259 1571 2306 est
1597 2250 1716 2322 glo—

92 2328 191 2387 ria
215 2330 273 2389 in
303 2333 502 2389 stecula
531 2334 879 2397 saeculorum.
906 2341 1099 2407 Amen,

296 2459 301 2463 ’
399 2468 816 2530 TRACTATUS
855 2474 942 2530 DE
982 2472 1255 2534 PSALMO
1294 2476 1430 2538 XLI.

184 2607 241 2663 1.
285 2607 635 2678 Disciplinam
675 2613 964 2669 enarrandi
1004 2616 1331 2685 generaliter
1368 2618 1422 2679 in
1465 2619 1716 2679 omnibus

102 2700 340 2772 psalmis
370 2703 687 2771 servandam
716 2714 866 2778 puto,
900 2716 956 2762 ut
984 2708 1136 2779 prius
1165 2710 1349 2777 titulus
1380 2711 1711 2782 inspieiatur,

100 2801 166 2855 et
220 2792 289 2853 ad
330 2795 504 2869 ipsum
549 2799 726 2853 omnis
770 2798 1009 2868 psalmus
1055 2812 1289 2872 aptetur.
1339 2803 1524 2875 Neque
1569 2807 1711 2863 enim

98 2886 310 2958 aliquis
336 2897 444 2949 tam
475 2889 672 2953 stultus
701 2900 805 2954 est,
829 2892 917 2963 qui
945 2908 1067 2949 cum
1088 2909 1150 2951 se
1176 2894 1245 2953 de
1264 2895 1430 2955 cedro
1452 2899 1715 2968 promise-

101 2982 182 3042 rit
199 2997 326 3047 esse
348 2982 639 3051 dicturum,
658 2984 930 3041 describat
950 3002 1207 3059 quercum
1227 3006 1240 3043 :
1264 2990 1461 3051 nedum
1482 2991 1714 3062 Spiritus

103 3073 209 3131 Dei
235 3089 395 3144 quem
420 3074 654 3133 locutum
680 3077 950 3135 credimus
977 3093 1073 3148 per
1099 3079 1452 3150 prophetam,
1484 3082 1631 3139 aliud
1660 3084 1711 3139 in

110 3443 460 3514 prmtitulatio
488 3445 699 3510 psalmi.
727 3446 979 3518 Legimus
1004 3458 1186 3507 autem
1212 3464 1543 3523 synagogam
1570 3452 1712 3511 Core

112 3538 171 3594 in
202 3546 441 3607 tempore
462 3537 631 3611 Moysi
653 3538 912 3595 adversus
934 3541 1328 3607 ordinationem
1354 3545 1445 3605 Dei
1474 3560 1714 3602 murmu-

112 3643 301 3699 rasse,
350 3637 408 3683 ut
447 3646 717 3689 summam
761 3630 1175 3697 ministrationis
1216 3636 1506 3695 sacerdotii
1549 3653 1710 3708 quam

115 3721 302 3789 Aaron
324 3732 376 3781 et
400 3722 494 3783 lilii
517 3723 636 3794 ejus
657 3726 950 3783 secandum
979 3726 1311 3793 voluntatem
1339 3729 1430 3784 Dei
1457 3745 1715 3801 suscepta,-

116 3822 262 3883 raut,
290 3832 545 3893 usurpare
568 3817 671 3873 sibi
698 3828 752 3874 et
774 3833 967 3890 rapere
990 3819 1312 3879 niterentur.
1334 3822 1495 3891 Quod
1524 3824 1712 3883 vitium

120 3908 427 3985 cupiditatis
472 3912 766 3981 Apostolus
807 3921 961 3969 notat
995 3923 1052 3971 et
1089 3926 1276 3973 monet
1315 3917 1714 3987 quodammodo

116 4017 386 4076 arguens:
415 4002 500 4061 Ita
527 4005 641 4060 dico
672 4005 809 4061 vobis
838 4022 927 4078 per
950 4007 1172 4080 gratiam
1200 4024 1316 4078 quis
1342 4013 1464 4064 data
1491 4021 1563 4067 est
1589 4013 1715 4068 mihi

123 4097 180 4153 in
206 4096 435 4155 omnibus
462 4096 630 4166 vobis,
659 4114 722 4154 ne
748 4114 907 4171 supra
930 4099 1141 4154 modum
1169 4102 1384 4171 sapiatis
1402 4143 1417 4169 ,
1447 4120 1601 4173 quam
1626 4121 1713 4161 sa-

40 4190 49 4193 ’
122 4206 247 4269 pere
268 4205 349 4255 uos
373 4200 570 4261 oportet
594 4190 776 4264 (Rom.
806 4208 913 4261 xu,
942 4191 1031 4264 δὶς
1052 4194 1149 4259 Sed
1173 4195 1230 4250 in
1255 4211 1322 4251 eo
1351 4198 1524 4264 sapiat
1546 4213 1714 4257 unus.-

118 4285 347 4357 quisque
367 4295 606 4341 vesnum
632 4286 930 4351 secundum
952 4289 1098 4358 quod
1117 4294 1176 4343 et
1194 4288 1452 4349 Dominus
1474 4291 1715 4360 imperti-

126 4380 203 4441 vit
227 4391 528 4437 mensuram
551 4377 710 4441 ﬁdei:
756 4377 904 4441 Sicut
926 4380 1064 4443 enim
1086 4379 1143 4435 in
1172 4395 1274 4437 uno
1298 4397 1513 4454 corpore
1550 4387 1716 4438 multa

122 4470 347 4531 mtbra
368 4469 626 4536 habemus,
645 4473 822 4535 nimia
842 4481 1009 4533 autem
1033 4473 1259 4530 membra
1278 4491 1382 4529 non
1407 4475 1609 4531 eosdem
1628 4493 1717 4531 ac-

1406 584 1585 656 justus
1608 626 1624 652 ,
1658 596 1718 642 ut
1819 600 1931 649 tum
1958 595 2154 651 animal
2175 639 2190 665 ,
2218 616 2322 656 non
2354 602 2626 670 proximas
2650 624 2888 682 «piasque
2914 584 3110 684 aquas,
3141 617 3234 672 sed
3269 621 3416 693 ipsos

1815 700 2076 757 aquarum
2104 691 2280 749 fontes
2309 695 2614 755 desiderare
2638 742 2654 770 ,
2684 704 2967 761 mundiora
2997 716 3051 763 et
3092 691 3310 779 puriora
3340 712 3415 769 ri-

1816 792 2004 836 vorum
2046 795 2303 855 appetere
2332 792 2611 862 principia.
2642 795 2760 861 Qno
2799 800 3048 870 exemplo
3084 806 3418 864 commoneri

1815 874 1965 942 vult,
2011 884 2069 931 ιιι
2109 887 2164 934 et
2206 894 2305 935 nos
2342 883 2407 937 ad
2448 884 2623 955 ipsum
2667 887 2866 947 fontem
2895 895 3018 949 vine
3059 903 3115 951 et
3141 900 3421 969 sapientiai

1817 965 2126 1038 Dominum,
2152 974 2244 1044 qui
2267 972 2349 1030 eét
2371 980 2611 1034 omnium
2640 994 2826 1053 caput,
2850 986 3244 1048 desideremus.
3272 992 3421 1052 Unus

1815 1068 1902 1114 est
1927 1063 2070 1117 enim
2100 1062 2203 1121 iste
2232 1066 2383 1135 ﬁsos,
2413 1085 2480 1126 ex
2510 1087 2619 1143 quo
2647 1078 2832 1131 multa:
2859 1080 3219 1150 spiritualium
3251 1101 3421 1157 aqua-

1816 1165 1935 1205 rum
1963 1152 2257 1214 divisiones
2285 1160 2614 1233 ellloiuntur,
2646 1179 2702 1221 ut
2726 1170 3067 1241 curationes,
3099 1185 3157 1231 nt
3186 1179 3419 1248 prophe-

1814 1244 1923 1311 tim,
1950 1258 2008 1304 ut
2029 1263 2229 1319 genera
2256 1253 2582 1325 linguarum,
2610 1275 2668 1315 ut
2695 1264 3137 1338 ministrationes,
3165 1281 3219 1326 ut
3239 1288 3421 1330 sermo

1810 1337 2076 1407 scientia,
2096 1351 2155 1396 nt
2175 1359 2355 1402 sermo
2374 1347 2658 1408 doctrinae.
2678 1355 2786 1412 Sed
2807 1369 2860 1412 et
2883 1363 3249 1429 proximorum
3275 1367 3419 1424 modi

1813 1444 1921 1487 non
1951 1433 2021 1489 ita
2049 1440 2335 1506 appetendi
2363 1453 2520 1512 sunt,
2550 1456 2608 1501 ut
2638 1464 2735 1520 per
2761 1454 3159 1514 aemulationem
3200 1467 3255 1515 et
3283 1475 3416 1518 con-

1812 1525 2164 1591 certationem
2194 1539 2247 1584 et
2275 1529 2594 1605 discordias,
2629 1538 2795 1609 ipsius
2824 1542 2989 1600 l‘oiitis
3019 1546 3284 1605 desideria
3318 1568 3416 1609 ne-

1810 1612 2095 1683 gligamus.
2140 1617 2468 1693 Negligimus
2513 1630 2656 1685 enim
2699 1646 2855 1701 eum,
2887 1638 3138 1706 quotiens
3167 1641 3417 1699 nolumus

1813 1719 2121 1764 mensuram
2151 1711 2436 1771 divisionis
2462 1719 2583 1790 ejus
2612 1730 2667 1776 et
2696 1725 3051 1784 ordinationis
3092 1732 3143 1786 in
3189 1746 3320 1804 pace
3363 1742 3419 1791 et

1812 1797 2073 1857 charitate
2112 1817 2352 1863 servare.
2379 1807 2454 1865 ita
2487 1812 2539 1867 in
2583 1815 2994 1877 similitudinem
3025 1825 3252 1882 ﬁliorum
3279 1829 3418 1886 Core

1820 1888 2029 1960 ﬁgurati
2055 1896 2378 1969 quicumque
2403 1901 2455 1956 in
2484 1902 2855 1977 hacsuperbia
2882 1913 3238 1984 invenientur,
3262 1936 3415 1976 com-

1820 1983 2182 2042 tnonebuntnr
2208 1989 2307 2045 hoc
2333 1994 2560 2062 psalmo,
2587 2007 2642 2052 nt
2669 2000 2971 2075 intelligant
2988 2009 3165 2076 potius
3184 1983 3249 2067 ad
3276 2013 3418 2083 quod

1816 2074 2097 2135 intendere
2137 2082 2370 2141 debeant
2409 2089 2740 2149 desiderium
2771 2112 2959 2166 suum,
2990 2101 3205 2160 dicente
3230 2109 3415 2176 justo:

1818 2166 1969 2227 Sicut
1993 2171 2251 2230 desiderat
2276 2192 2451 2234 cereus
2474 2182 2543 2235 ad
2568 2186 2735 2254 fontes
2759 2203 3043 2261 aquarum;
3067 2194 3140 2250 sic
3163 2166 3419 2255 deiiderat

1815 2261 1990 2315 animo
2016 2279 2131 2324 mea
2155 2268 2225 2322 ad
2256 2268 2421 2327 Deum
2449 2276 2637 2332 uiuum.

1887 2353 2177 2413 5.Vnns.5.
2214 2359 2434 2429 Quando
2455 2369 2650 2423 ueniam
2671 2381 2719 2426 et
2740 2374 2927 2442 parebo
2946 2388 3062 2435 ante
3081 2380 3266 2451 faciem
3291 2384 3382 2439 Dei
3395 2386 3421 2441 Ρ

1814 2441 1994 2501 Facta:
2012 2462 2130 2502 sunt
2150 2453 2279 2506 mihi
2298 2453 2540 2528 lacrgntw
2560 2477 2684 2517 metu
2710 2441 2868 2534 panes
2888 2469 2971 2523 die
2998 2487 3060 2525 ac
3081 2441 3252 2541 nocte,
3286 2476 3411 2533 dum

1816 2537 2007 2593 dicitur
2027 2544 2154 2597 usi/ti
2168 2548 2413 2618 quotidie,
2444 2550 2545 2607 Ubi
2562 2565 2641 2610 est
2660 2555 2802 2612 Deus
2823 2569 2937 2616 tuus
2952 2563 2977 2617 .9
2994 2564 3098 2621 Sed
3118 2569 3190 2624 de
3209 2537 3313 2626 hoc
3333 2573 3415 2643 ip-

1816 2643 1901 2695 so,
1924 2634 2127 2695 quando
2148 2637 2346 2693 ueniam
2363 2650 2413 2696 et
2430 2645 2636 2715 parebo,
2661 2653 2960 2710 ostenditur
2982 2658 3135 2713 nobis
3157 2634 3410 2730 quoniam

1818 2736 1926 2777 non
1947 2724 2016 2779 do
2040 2730 2283 2795 proximo
2314 2732 2655 2805 impetrabile
2680 2751 2792 2807 est;
2825 2754 2881 2800 et
2908 2748 3007 2802 nisi
3032 2724 3230 2808 iuerint
3256 2755 3414 2812 nobis

1819 2816 1973 2885 panis
1992 2819 2241 2893 lacrymm
2263 2834 2462 2884 nostra:
2480 2830 2571 2887 die
2590 2848 2653 2890 ao
2675 2847 2850 2905 nocte,
2871 2857 3202 2915 nequaquam
3228 2864 3416 2917 perve-

1817 2913 1995 2967 niatur
2014 2914 2079 2969 ad
2104 2917 2292 2974 faelem
2318 2919 2549 2981 Domini.
2580 2926 2649 2983 Et
2666 2929 2829 2987 debet
2849 2913 3152 2993 intellectus
3176 2913 3404 2999 filiorum

1817 2999 1955 3058 Core
1977 3005 2237 3063 doctrina:
2258 3011 2503 3070 ordinem
2528 3019 2678 3090 sequi
2696 3063 2711 3089 ,
2736 3030 2794 3078 ut
2815 3024 2951 3080 sciat
2975 3042 3072 3097 per
3095 3033 3290 3089 omitas
3318 3035 3411 3090 tri-

1817 3095 2125 3158 bulationes
2141 3111 2196 3158 et
2217 3109 2536 3167 vexationes
2551 3123 2600 3168 et
2623 3115 2849 3187 imperia
2861 3095 3283 3197 (f.improperia)
3297 3142 3418 3197 per-

1815 3297 1933 3351 sna,
1959 3286 2140 3344 sciens
2161 3291 2304 3360 quod
2328 3294 2496 3352 virtus
2519 3298 2571 3352 in
2597 3298 2996 3363 inﬁrmitatibus
3027 3310 3196 3381 magis
3225 3286 3420 3383 proba-

1814 3383 1923 3442 tur,
1949 3392 2082 3435 neve
2103 3381 2204 3435 sibi
2229 3385 2400 3453 rapiat
2420 3386 2757 3459 dignitatem,
2777 3395 2896 3463 quia
2914 3396 3208 3466 Apostolus
3228 3381 3321 3457 ait:
3344 3403 3413 3458 Id

1812 3468 1976 3536 sapite
2004 3471 2057 3523 in
2078 3473 2217 3527 vobis
2248 3477 2385 3545 quod
2411 3487 2456 3532 et
2482 3483 2534 3534 in
2558 3478 2761 3539 Christo
2782 3483 2906 3540 Iesu
2926 3504 2943 3542 :
2962 3490 3051 3557 qui
3071 3507 3185 3546 cum
3211 3505 3340 3549 esset
3362 3496 3417 3551 in

1813 3556 1980 3628 forma
2004 3560 2095 3616 Dei
2108 3606 2123 3630 ,
2153 3580 2254 3621 non
2274 3569 2513 3637 rapinam
2534 3573 2842 3631 existimavit
2862 3597 2916 3635 se
2937 3597 3047 3636 esse
3071 3600 3245 3653 parem
3270 3585 3416 3657 Deo;

1815 3654 1906 3704 sed
1929 3649 2233 3712 humiliatus
2257 3669 2352 3727 est,
2371 3662 2587 3730 formam
2603 3670 2733 3721 servi
2759 3673 3035 3743 accipiens,
3060 3649 3106 3730 et
3128 3677 3305 3734 habitu
3334 3649 3419 3736 in:-

1811 3757 1991 3801 ttentus
2013 3757 2067 3801 ut
2090 3749 2261 3805 homo.
2289 3751 2590 3813 Earinanivit
2608 3777 2661 3815 se
2678 3754 2838 3834 usque
2858 3765 2927 3819 ad
2945 3780 3181 3838 mortem,
3206 3783 3421 3829 mortem

1814 3846 1985 3895 autem
2011 3842 2177 3897 crucis
2202 3841 2430 3917 (Philip.
2458 3864 2527 3916 ιι,
2552 3850 2627 3907 6-
2646 3851 2727 3924 8);
2755 3855 2809 3910 in
2840 3873 2944 3927 qua
2975 3873 3095 3915 cum
3124 3872 3274 3919 esset
3302 3864 3421 3920 alli-

1807 3932 1916 3983 uus
1932 3972 1947 3994 ,
1974 3932 2177 3989 audivit
2204 3935 2317 3991 lucc
2341 3938 2701 4012 improperia:
2733 3945 2835 4002 Ubi
2852 3959 2929 4004 est
2949 3949 3090 4007 Deus
3116 3956 3273 4010 tuus?
3296 3972 3418 4012 cum

1822 4019 2071 4080 dicerent
2088 4026 2138 4081 ei
2159 4030 2580 4100 exprobrantes:
2597 4035 2777 4093 Veniat
2791 4050 2840 4094 et
2862 4042 3038 4099 liberat
3062 4062 3181 4100 eum
3201 4047 3414 4117 (Matth.

1820 4130 1995 4183 nvo,
2017 4121 2132 4191 43).
2164 4122 2396 4180 Docetur
2415 4141 2565 4198 ergo,
2591 4139 2648 4185 ut
2676 4131 2810 4199 dixi,
2837 4149 3110 4207 synagoga
3129 4137 3289 4203 Core.
3321 4130 3416 4211 per

1813 4217 2042 4277 quantas
2077 4211 2453 4272 tribulationes
2497 4226 2553 4273 et
2594 4220 2863 4293 lacrymas
2905 4218 3200 4285 accedatur
3222 4232 3289 4286 ad
3320 4233 3420 4288 do-

1817 4313 1995 4354 mum:
2018 4315 2153 4372 quss
2172 4304 2274 4359 sibi
2298 4304 2566 4380 lacrymas
2586 4313 2811 4382 pulchre
2826 4318 2902 4371 ait
2925 4322 3185 4392 propheta
3208 4324 3262 4379 in
3287 4342 3424 4396 pane

1814 4388 2004 4458 fuisse,
2029 4390 2086 4451 id
2116 4402 2201 4450 est
2225 4394 2281 4451 in
2310 4397 2486 4456 cibum
2516 4404 2640 4458 vitae
2667 4388 2996 4476 eternasiet
3019 4388 3085 4469 ex
3112 4388 3305 4474 ordine
3332 4433 3425 4475 ve-

1815 4483 1925 4550 nit,
1957 4495 2015 4540 ut
2045 4487 2097 4541 in
2127 4489 2583 4561 subsequentibus
2607 4496 2780 4554 dicat:

125 4562 435 4630 uehebant;
459 4564 532 4623 sic
558 4565 707 4620 multi
734 4581 893 4620 unum
915 4581 1101 4638 corpus
1122 4583 1297 4625 sumus
1320 4569 1375 4622 in
1390 4567 1612 4635 Christo,
1638 4570 1717 4625 ιιι-
1742 4570 1795 4633 D
1890 4575 1944 4632 4.
1977 4578 2143 4636 Vens.
2170 4584 2247 4639 5.‘
2280 4584 2413 4642 Haec
2437 4593 2646 4646 memini
2661 4635 2677 4658 .
2718 4604 2766 4649 et
2791 4594 2953 4665 eludi
2992 4601 3045 4656 in
3085 4618 3166 4659 me
3202 4608 3425 4665 animant

124 4664 209 4715 ter
230 4665 392 4720 autem
418 4655 628 4717 alterius
646 4657 896 4724 membra,
919 4656 1159 4713 habentes
1185 4659 1500 4715 charismata
1520 4660 1719 4719 diversa

124 4745 501 4819 (Ibidtd-(i).
535 4746 703 4818 igitur
728 4748 819 4815 alii
860 4749 1021 4811 datur
1058 4751 1410 4820 ministratio,
1454 4754 1546 4809 alii
1586 4771 1715 4826 pro-

133 4838 335 4909 phetia,
363 4840 453 4893 alii
486 4839 682 4907 virtus,
710 4840 799 4894 alii
826 4856 1006 4895 sermo
1033 4842 1318 4899 doctrinas.
1342 4844 1496 4913 Quod
1522 4848 1566 4905 si
1593 4847 1718 4919 quis

132 4947 286 5007 supra
329 4932 546 4997 modum
587 4948 785 5004 sapere
826 4936 1014 5003 volens
1056 4935 1365 5006 egrediatur
1408 4954 1715 4999 mensuram

134 5026 426 5099 partitionis
453 5024 665 5091 nonnisi
685 5066 699 5087 .
726 5026 1000 5091 hisenim-
1027 5028 1079 5083 in
1106 5029 1332 5095 stultitia
1356 5027 1535 5099 Core,
1558 5048 1721 5089 voca-

134 5120 371 5188 biturque
398 5119 747 5193 spiritualiter
770 5121 910 5179 illius
930 5118 1102 5177 Core:
1131 5131 1187 5177 et
1211 5121 1296 5179 bis
1318 5122 1513 5181 talibus
1535 5136 1722 5183 canta—

132 5212 275 5281 bitur
294 5213 607 5282 intellectus,
636 5213 880 5284 psalmus
904 5214 1007 5279 iste
1026 5230 1188 5285 quem
1215 5216 1393 5274 docet.

208 5304 260 5360 2.
292 5304 451 5361 Vens.
492 5304 551 5361 2.
595 5304 743 5365 Sicut
780 5321 958 5371 curus
997 5305 1249 5365 desiderat
1277 5309 1344 5369 ad
1370 5310 1536 5381 fontes
1564 5326 1726 5383 aqua-

141 5410 281 5460 rum,
305 5394 378 5449 sic
400 5395 652 5453 desideret
680 5395 859 5461 ditium
892 5410 1010 5459 mea
1042 5396 1111 5451 ad
1150 5396 1318 5453 Deum
1343 5402 1529 5456 uiuum.
1562 5402 1721 5459 Arbi-

144 5497 251 5544 tror
272 5489 407 5541 enim
447 5502 554 5545 non
594 5489 716 5543 sine
757 5500 921 5553 causa
957 5487 1139 5545 futues
1176 5491 1381 5560 positos
1418 5508 1721 5565 aquarum,

146 5593 260 5638 cum
290 5580 594 5651 proximum
626 5578 858 5647 iubeat,
900 5587 961 5647 ut
990 5578 1232 5651 diceret,
1271 5582 1412 5640 sicut
1447 5586 1725 5645 desiderat

145 5683 323 5730 cervus
346 5669 414 5733 ad
665 5669 763 5740 sed
782 5669 973 5783 reflui}
992 5669 1065 5772 et!
1084 5671 1256 5773 {must
1271 5691 1530 5783 mum
1550 5679 1726 5783 nemi-

148 5758 1726 5839 mansuemammmmzm

1821 4683 2016 4737 meam,
2043 4673 2165 4743 quia
2187 4679 2417 4733 transibo
2455 4681 2508 4735 in
2547 4682 2716 4739 locum
2755 4690 3067 4749 tabernaculi
3106 4697 3426 4757 admirabilis

1822 4778 1983 4833 usque
2021 4767 2090 4820 ad
2130 4767 2342 4826 domum
2379 4771 2497 4829 Dei.
2541 4776 2609 4832 Et
2646 4780 2861 4850 quidem
2903 4785 3291 4858 aliquantulum
3336 4794 3423 4852 hic

1821 4855 2265 4926 prailoqnendum
2297 4873 2427 4933 puto
2451 4865 2522 4923 do
2561 4870 2827 4940 signantia
2870 4855 3017 4934 verbi
3039 4923 3054 4946 ,
3087 4883 3214 4953 quid
3247 4886 3317 4940 sit
3345 4891 3424 4958 ef-

1821 4944 1959 5016 fudi.
1986 4947 2115 5005 Ideo
2139 4966 2198 5007 se
2227 4953 2485 5013 effudisse
2512 4959 2643 5017 dicit
2660 5004 2673 5025 .
2700 4966 2825 5035 quia
2849 4944 3174 5029 transiturus
3200 4987 3348 5035 esset
3373 4944 3440 5043 in.

1823 5036 2004 5095 locum
2028 5042 2364 5103 tabernaculi
2389 5064 2561 5122 usque
2586 5053 2652 5109 ad
2679 5055 2900 5116 domum
2926 5063 3042 5120 Dei.
3074 5066 3218 5125 Bona
3244 5036 3425 5132 autem

1823 5131 2045 5200 spiritus
2074 5145 2200 5191 sunt
2231 5142 2488 5198 transitus
2519 5160 2686 5217 usque
2713 5151 2781 5206 ad
2810 5153 3030 5214 domum
3075 5160 3191 5221 Dei.
3239 5131 3425 5226 Edon;

1823 5223 1956 5282 dere
1980 5243 2111 5299 ergo
2135 5232 2371 5291 animam
2387 5277 2400 5300 ,
2431 5239 2547 5307 spei
2573 5239 2729 5299 bona:
2760 5253 3005 5316 operatio
3029 5265 3144 5312 est:
3176 5260 3272 5314 sed

1825 5317 1895 5374 de
1917 5324 2189 5378 communi
2217 5325 2334 5397 ejus
2359 5330 2646 5388 novimus?
2672 5338 2796 5405 quia
2822 5344 3080 5415 quidquid
3107 5317 3424 5422 eﬂundiiur,

1826 5411 2111 5481 projicitur
2149 5423 2207 5471 et
2245 5418 2417 5488 perit,
2466 5437 2568 5479 nee
2610 5434 2718 5484 tam
2756 5411 3079 5492 salvum-est
3103 5454 3265 5507 quam
3304 5411 3424 5498 cum

1827 5500 2129 5559 retineatur
2158 5507 2209 5561 in
2242 5511 2484 5568 vasculo.
2519 5514 2636 5571 Hoc
2663 5519 2808 5575 enim
2838 5533 2921 5577 est
2949 5500 3248 5595 ellimdero,
3282 5531 3426 5599 quod

1830 5593 2024 5652 alicubi
2046 5599 2292 5657 clausum
2320 5604 2575 5664 habueris
2601 5610 2654 5666 id
2680 5611 2827 5673 (oras
2853 5613 3097 5670 tundore.
3128 5616 3206 5672 Its
3348 5623 3431 5679 di-

1832 5684 1942 5752 xit,
1980 5686 2148 5756 ,Μ
2174 5694 2399 5751 enim
2428 5713 2629 5766 sum,
2663 5715 2770 5757 non
2820 5702 2964 5757 aliud
2992 5704 3199 5767 dixisse
3225 5684 3424 5769 intelli-

1833 5778 2044 5850 [sudus
2068 5792 2186 5852 est,
2214 5801 2378 5858 cum
2406 5791 2609 5863 proieci
2637 5799 2694 5850 et
2717 5793 2927 5865 perdidi
2952 5803 3010 5854 ot
3034 5795 3200 5857 vilem
3244 5801 3427 5860 habui.
