3974 6198
615 244 724 304 903

1803 254 2052 314 SANCTI
2090 255 2350 318 lilLARll
2390 259 2698 324 EPISCOPI

3821 278 3921 336 90b

611 362 891 428 Quomodo
929 377 1058 437 ergo
1081 363 1202 422 ideo
1225 366 1456 440 projecit
1479 375 1534 424 et
1559 369 1810 440 perdidit,
1839 374 1961 443 quia
2008 376 2200 431 lransi-
2224 379 2274 440 Α
2307 389 2392 434 tttr
2418 381 2470 436 in
2503 390 2701 438 terram
2731 383 3003 455 Jordanis,
3036 387 3247 447 initium
3286 393 3658 464 repromissze
3695 392 3918 453 haeredi-

611 464 761 510 turus
802 466 946 512 esset
987 459 1036 513 in
1077 459 1254 515 locum
1297 462 1625 518 tabernaculi
1665 479 1835 534 usque
1874 465 1938 520 ad
1983 467 2199 522 domum

611 546 744 601 Dei?
771 548 870 602 nisi
899 548 1034 606 forte
1061 552 1401 608 manifestum
1433 555 1558 610 facit
1587 567 1914 626 prteceptum
1950 559 2076 624 Dei,
2107 560 2203 630 qui

605 638 678 693 ait
699 639 974 710 discipulis
995 644 1133 699 suis:
1161 645 1475 720 Quicumque
1494 647 1761 704 salvaverit
1786 652 2012 706 animum
2033 669 2199 719 suam,

603 733 778 803 perdet
801 736 968 804 illam;
985 747 1032 792 et
1050 741 1351 811 quicumque
1373 742 1671 811 perdiderit,
1699 743 1894 798 saluam
1916 747 2066 816 faciet
2091 762 2203 801 eam

604 822 754 895 (Luc.
799 843 905 883 xvu
923 870 937 894 ,
961 830 1072 901 5'5).
1107 831 1170 886 Et
1192 848 1383 888 revera
1410 832 1656 890 ordinem
1682 836 1881 890 tenuit:
1912 851 2031 891 cum
2055 837 2199 892 enim

529 922 538 928 '
602 921 923 987 prtelocutus
961 921 1028 978 de
1064 923 1493 980 tribulationibus
1516 926 1737 994 luisset,
1765 929 2016 998 quoniam
2047 929 2202 985 facta:

600 1024 783 1070 essent
813 1015 1064 1088 lacrymai
1093 1017 1210 1088 ejus
1238 1019 1392 1088 panis
1419 1019 1508 1076 die
1536 1035 1601 1076 ac
1627 1030 1817 1090 nocte,
1848 1021 1976 1077 dum
2005 1023 2201 1078 dicitur

599 1107 649 1163 ei
680 1108 936 1177 quotidie,
975 1108 1074 1164 Ubi
1099 1120 1171 1165 est
1197 1109 1338 1167 Deus
1367 1111 1520 1166 tuus?
1551 1112 1676 1168 ch
1698 1156 1712 1181 ,
1741 1113 1935 1184 inquit,
1965 1115 2198 1183 memini,

598 1212 647 1256 et
667 1201 827 1270 effudi
849 1203 902 1259 in
927 1221 1005 1259 me
1029 1205 1253 1260 animam
1275 1222 1470 1262 meam:
1495 1207 1545 1262 in
1569 1221 1676 1278 quo
1698 1223 1803 1262 non
1834 1207 1975 1262 aliud
1999 1208 2200 1263 dixisse

599 1295 977 1366 intelligendus
1016 1307 1130 1366 est,
1173 1313 1332 1368 quam
1375 1299 1578 1370 projeci
1621 1309 1676 1356 et
1718 1299 1923 1370 perdidi
1955 1311 2008 1356 et
2040 1301 2196 1356 vilem

598 1386 780 1444 habui.
802 1389 1082 1457 Quomodo
1095 1405 1224 1462 ergo
1249 1392 1483 1446 animam
1505 1393 1618 1448 Deo
1643 1393 1893 1464 projecit'!
1918 1393 2033 1450 Scit
2054 1395 2197 1448 enim

592 1479 772 1551 justus
791 1522 807 1546 ,
833 1483 1083 1552 quotiens
1102 1485 1496 1554 superveniunt
1524 1485 1900 1540 tribulationes
1930 1495 1984 1541 et
2010 1501 2199 1556 perse-

594 1574 840 1631 cutiones
861 1586 914 1631 et
936 1576 1259 1646 improperia
1284 1584 1500 1647 propter
1521 1593 1715 1632 nomen
1739 1578 1854 1644 Dei,
1872 1578 2200 1648 perdendam

595 1682 716 1724 esse
746 1678 800 1724 et
830 1669 1213 1739 projiciendam
1241 1680 1295 1725 et
1322 1670 1478 1725 vilem
1512 1669 1810 1726 habendam
1842 1672 2108 1738 animam,
2139 1679 2200 1724 ut

2307 473 2454 540 tatis,
2484 475 2787 533 debellatur
2816 481 2993 535 omnis
3021 481 3362 541 Chananeus
3391 487 3600 542 hostis.

2377 564 2430 620 6.
2473 565 2529 622 Id
2567 579 2746 625 autem
2786 572 3011 629 interest
3047 575 3188 632 inter
3214 576 3541 648 dignitatem
3590 579 3910 636 tabernaculi

2304 667 2357 714 et
2383 659 2578 719 domus
2601 705 2615 730 ,
2645 665 2787 736 quod
2812 667 2870 723 in
2901 669 3246 726 tabernaculo
3276 688 3385 728 non
3416 687 3652 744 semper
3685 675 3910 744 degitur:

2302 763 2358 807 at
2385 769 2516 810 vero
2547 754 2598 810 in
2630 757 2792 813 domo
2822 774 3062 831 semper,
3103 763 3244 818 sicut
3285 764 3340 819 in
3383 765 3823 822 ascensionibus
3859 768 3915 820 si-

2302 845 2519 914 gnificat
2550 847 2714 903 David
2745 849 2968 907 dicens:
3001 853 3261 918 Quoniam
3289 857 3440 928 elegit
3480 855 3753 912 Dominus
3778 858 3914 921 Sion,

2302 940 2664 1008 complacitam
2703 942 2881 997 habuit
2921 945 3348 1004 inhabitatiouem
3388 948 3530 1003 sibi:
3575 949 3692 1004 Iure
3733 951 3917 1020 requies

2302 1050 2414 1088 mea
2441 1035 2494 1087 in
2526 1036 2769 1090 sccculum
2799 1039 2976 1092 seaculi
3005 1038 3179 1112 (Psal.
3207 1056 3404 1108 cxm,
3438 1043 3568 1113 13).
3605 1043 3678 1097 At
3711 1057 3845 1098 vero
3871 1045 3913 1098 in

2305 1125 2654 1180 tabernaculo
2677 1141 2783 1182 non
2808 1126 2971 1204 habet
2992 1131 3234 1201 requiem
3259 1149 3273 1186 :
3304 1133 3647 1188 movendum
3671 1143 3761 1188 est
3785 1135 3913 1188 enim

2303 1217 2356 1272 in
2388 1228 2632 1289 tempore
2661 1219 2826 1289 belli,
2860 1221 2912 1276 in
2944 1238 3053 1293 quo
3091 1233 3145 1280 et
3189 1224 3491 1280 recedebat
3531 1224 3717 1281 nubes
3755 1227 3822 1280 ab
3858 1241 3917 1282 eo

2307 1327 2427 1382 qure
2459 1312 2796 1383 signiﬁcabat
2823 1318 3168 1387 praesentiam
3203 1319 3334 1374 Dei:
3366 1335 3493 1390 quae
3520 1329 3680 1376 recte
3704 1337 3914 1392 compa.
3955 1312 3957 1326 ί

2301 1405 2509 1460 rabitur
2536 1406 2832 1462 similitudo
2862 1410 3040 1478 nobis,
3063 1411 3318 1481 quamdiu
3350 1412 3404 1467 in
3435 1411 3542 1468 hoc
3569 1428 3810 1484 corpore
3836 1429 3914 1484 pe-

2301 1499 2661 1568 regrinamur,
2703 1501 2755 1556 in
2800 1501 2900 1558 hac
2943 1505 3348 1574 :equanimitate
3394 1507 3694 1562 vincamus
3749 1509 3913 1563 omnia

2299 1592 2424 1645 vitia
2457 1592 2574 1663 ejus
2595 1635 2611 1659 ,
2643 1602 2703 1649 ut
2732 1596 2910 1651 nullus
2943 1596 3115 1653 hostis
3143 1601 3333 1655 vivens
3373 1608 3472 1656 aut
3517 1602 3720 1672 vigens
3761 1603 3910 1658 relin-

2299 1694 2513 1751 qualur.
2543 1685 2791 1743 Visitabit
2813 1690 2956 1745 enim
2982 1705 3082 1746 nos
3103 1694 3265 1748 etiam
3290 1693 3343 1749 in
3370 1694 3743 1751 tabernaculo
3766 1695 3908 1763 Deus,

541 1783 549 1797 '
592 1759 740 1816 salva
769 1761 861 1816 ﬁat
885 1760 937 1815 in
965 1762 1054 1817 die
1081 1762 1317 1828 Domini;
1344 1762 1569 1832 ideoque
1608 1772 1663 1818 et
1702 1763 1788 1818 hic
1808 1762 2192 1862 signiﬁcanter,
2227 1763 2275 1825 B
2302 1785 2355 1830 οι
2383 1777 2434 1832 in
2462 1785 2709 1849 tempore
2735 1782 2968 1851 quietis:
2994 1795 3049 1840 al
3073 1785 3163 1840 ubi
3186 1796 3374 1842 εισι-ιε
3401 1789 3570 1844 fuerit
3600 1805 3785 1862 pugna
3804 1759 3909 1847 cum

598 1868 702 1907 non
733 1853 854 1908 ideo
879 1868 939 1908 se
964 1852 1168 1909 fudisse
1192 1854 1422 1908 animam
1450 1869 1602 1909 suam
1639 1856 1906 1920 ostendit,
1951 1857 2074 1924 quia
2099 1855 2194 1912 dc-

594 1946 892 2014 speraverit
915 1945 984 2000 de
1008 1959 1105 2017 Spe
1130 1946 1251 2001 vitae
1281 1945 1490 2011 futurae;
1521 1947 1616 2001 sed
1645 1946 1766 2002 ideo
1797 1945 2052 2002 eﬁ‘udisse
2078 1948 2194 2002 ani-

593 2051 735 2091 mam
753 2079 769 2105 ,
792 2036 914 2108 quia
941 2039 1261 2093 transiturus
1281 2047 1424 2093 esset
1442 2039 1493 2092 in
1517 2039 1636 2094 loco
1665 2038 1990 2094 tabernaculi
2017 2038 2186 2094 admi-

591 2127 777 2184 rabilis
812 2143 981 2200 usque
1022 2128 1089 2184 ad
1127 2129 1344 2184 domum
1387 2130 1499 2184 Dei.
1541 2130 1692 2196 Docti
1735 2130 1893 2200 igitur
1923 2129 2024 2185 hoc
2053 2129 2193 2200 psal-

594 2235 717 2288 mo,
747 2223 994 2292 quotiens
1033 2232 1386 2292 persequetur
1423 2221 1670 2276 inimicus
1709 2234 1764 2277 et
1805 2223 2194 2293 improperabit

593 2315 749 2371 nobis
778 2331 972 2372 nomen
1000 2316 1212 2373 Domini
1231 2359 1245 2382 ,
1273 2316 1611 2372 eﬁ‘undamus
1636 2317 1684 2372 ei
1709 2316 1917 2372 animas
1956 2326 2186 2382 nostras,

592 2409 818 2480 perdere
857 2425 980 2478 eas,
1026 2411 1229 2481 parati,
1272 2419 1328 2465 ut
1366 2410 1540 2466 salvas
1585 2409 1846 2466 faciamus
1890 2409 2038 2465 illas:
2083 2427 2188 2464 non

591 2502 714 2560 ideo
753 2503 1091 2561 effundentes
1132 2519 1262 2574 eas,
1311 2507 1462 2577 quasi
1497 2507 1846 2578 desperemus
1885 2506 1955 2562 de
1995 2505 2189 2561 ﬁducia

590 2595 840 2665 adjutorii
885 2596 1010 2662 Dei;
1052 2596 1148 2652 sed
1188 2597 1310 2653 ideo
1354 2599 1475 2668 quia
1516 2599 1649 2652 certi
1679 2597 1850 2652 simus
1889 2596 2190 2652 reddendas

592 2687 713 2744 illas
740 2704 861 2745 esse
890 2690 1078 2756 nobis,
1120 2701 1176 2746 et
1214 2691 1537 2747 transituros
1576 2707 1674 2747 nos
1714 2707 1836 2748 esse
1878 2692 1933 2746 in
1965 2691 2080 2746 loco
2111 2699 2190 2744 ta-

591 2777 864 2835 bernaculi
893 2780 1226 2836 admirabilis
1256 2797 1423 2852 usque
1449 2783 1514 2838 ad
1543 2783 1763 2838 domum
1793 2782 1908 2838 Dei.

659 2872 712 2926 5.
755 2873 1009 2944 Quisquis
1037 2883 1214 2929 autem
1248 2873 1334 2930 hic
1364 2875 1515 2930 locus
1543 2874 1615 2929 sit
1642 2872 1976 2929 admirabilis
2009 2871 2187 2927 taber-

588 2966 795 3032 naculi,
839 2966 894 3021 in
935 2981 1042 3037 quo
1081 2967 1338 3021 transitus
1366 2966 1466 3022 erit
1494 2981 1662 3036 usque
1691 2965 1758 3020 ad
1786 2964 2004 3020 domum
2047 2963 2179 3030 Dei,

578 3057 690 3126 jam
738 3059 825 3113 hic
863 3059 1196 3130 interrogare
1246 3058 1580 3129 incipiamus.
1626 3056 1683 3112 In
1729 3056 1999 3112 veteribus
2035 3055 2187 3110 libris

2295 1870 2477 1938 vitiis,
2519 1875 2996 1945 constringendam
3041 1887 3126 1934 est
3169 1880 3590 1938 tabernaculum
3639 1895 3908 1949 nostrum.

2295 1974 2346 2017 et
2378 1963 2443 2018 ad
2473 1965 2874 2036 expeditionem
2917 1969 3043 2025 belli
3077 1973 3538 2042 przeparandum;
3577 1991 3687 2032 nec
3731 1978 3910 2047 poterit

2294 2056 2523 2125 expandi
2546 2098 2562 2125 ,
2605 2074 2704 2114 nec
2741 2060 3002 2117 delectari
3036 2063 3085 2118 in
3118 2065 3360 2136 requiem
3395 2067 3495 2122 Dei
3529 2077 3793 2138 tempore
3819 2085 3909 2140 quo

2306 2148 2397 2203 ﬁet
2428 2151 2795 2222 interpellatio
2824 2155 3111 2210 vitiorum:
3141 2167 3193 2212 et
3225 2159 3504 2228 pra-cedet
3535 2169 3592 2217 te
3625 2161 3777 2218 Deus
3801 2164 3909 2232 qui-

2299 2242 2419 2298 dem
2460 2243 2512 2296 in
2555 2260 2731 2316 pugna
2755 2286 2770 2312 ,
2815 2255 2873 2300 ut
2910 2247 2957 2302 si
2996 2249 3363 2307 ambulaveris
3395 2264 3521 2322 post
3559 2270 3696 2310 eum
3721 2297 3736 2322 ,
3769 2256 3909 2311 facile

2293 2335 2477 2390 vincas
2509 2334 2694 2392 hostes
2725 2344 2868 2397 tuos.
2898 2337 3147 2397 habitare
3172 2353 3353 2399 autem
3379 2345 3474 2400 illo
3499 2354 3762 2417 tempore
3784 2349 3834 2403 in
3859 2359 3903 2403 te

2293 2441 2398 2479 non
2440 2435 2637 2495 potest.
2667 2426 2850 2499 Itaque
2889 2428 3013 2486 licet
3038 2432 3255 2507 vincas,
3289 2434 3418 2490 licet
3445 2451 3762 2507 exsuperas
3791 2440 3901 2494 vitia

2290 2519 2502 2586 carnis,
2535 2533 2601 2574 ex
2634 2519 2749 2589 ipsa
2780 2529 2957 2578 tamen
2986 2506 3388 2582 conflictatione
3416 2506 3777 2587 contamiuas
3803 2548 3901 2587 ma-

2290 2625 2392 2664 nus
2431 2620 2549 2666 tuas
2589 2613 2642 2666 in
2685 2615 2945 2684 sanguine
2987 2626 3098 2672 tuo.
3144 2617 3254 2674 Nec
3299 2620 3536 2678 idoneus
3580 2625 3702 2680 eris
3732 2628 3782 2680 in
3811 2627 3899 2681 hoc

2293 2710 2537 2772 tempore
2567 2703 2837 2761 aediﬁcare
2867 2706 3089 2763 domum
3121 2709 3368 2778 Domini,
3401 2716 3546 2769 sicut
3589 2717 3900 2786 reprobatur

2292 2792 2459 2848 David
2503 2796 2594 2866 qui
2639 2807 2893 2867 operatus
2940 2809 3088 2855 esset
3134 2802 3188 2856 iu
3234 2805 3521 2873 sanguine.
3577 2806 3686 2864 Ille
3732 2819 3896 2866 autem

2288 2886 2520 2942 mdiﬁcat
2561 2887 2779 2944 domum
2829 2890 3044 2947 Domini
3088 2893 3179 2964 qui
3212 2894 3377 2950 intrat
3405 2901 3457 2951 in
3494 2902 3790 2971 requiem,
3820 2902 3902 2974 qni

2290 2978 2454 3032 nullis
2492 2979 2825 3050 inquietatur
2852 2982 3034 3050 vitiis,
3066 2985 3153 3040 cui
3192 2987 3371 3043 omnis
3410 2987 3594 3046 hostis
3635 2996 3898 3052 extinctus

2289 3078 2372 3126 cst
2392 3113 2406 3137 ,
2436 3071 2526 3141 qui
2557 3073 2729 3142 possit
2756 3073 2970 3130 dicere:
3003 3075 3138 3131 Mihi
3167 3088 3335 3134 autem
3365 3083 3600 3138 mundus
3627 3088 3897 3155 στ’υοὶρω

582 3151 882 3207 invenimus
912 3150 1313 3206 tabernaculum
1341 3166 1370 3205 a
1403 3151 1586 3223 Moyse
1615 3149 1814 3206 factum
1845 3149 1955 3206 Deo
1983 3149 2178 3213 lsrael,

2291 3174 2363 3217 est
2389 3173 2437 3218 et
2461 3180 2555 3236 ego
2581 3167 2772 3222 mundo
2796 3166 2937 3239 (Gal.
2963 3185 3014 3224 vt
3033 3212 3048 3238 ,
3077 3171 3204 3242 14);
3230 3174 3368 3242 apud
3393 3191 3561 3246 quem
3593 3148 3787 3235 omnia
3813 3197 3894 3237 re-

581 3242 636 3299 in
663 3259 769 3314 quo
795 3259 918 3299 arca
945 3244 1252 3299 testamenti
1285 3244 1570 3299 tenebatur
1599 3242 1798 3311 (Exod.
1828 3258 1992 3310 xxvr,
2019 3240 2096 3314 i),
2128 3250 2184 3297 et

579 3332 633 3388 in
663 3333 764 3391 hoc
784 3337 961 3391 omnia
985 3336 1252 3391 celebrata
1281 3338 1555 3407 mysteria,
1580 3345 1634 3391 et
1655 3336 1740 3391 hic
1761 3351 1854 3391 eos
1883 3337 2034 3406 prius
2058 3334 2181 3389 hos-

581 3429 682 3483 tias
727 3427 1016 3486 offerentes
1041 3429 1353 3498 apparuisse
1377 3437 1502 3484 ante
1527 3427 1718 3483 faciem
1749 3428 1873 3495 Dei,
1902 3441 2179 3496 usquequo

581 3536 676 3592 per
717 3521 1060 3578 Salomonem
1103 3522 1363 3578 aediﬁcata
1410 3530 1494 3578 est
1538 3521 1732 3576 domus
1774 3519 1900 3585 Dei,
1931 3518 2179 3574 transivit

578 3630 703 3670 arca
741 3629 809 3671 ex
853 3615 1196 3671 tabernaculo
1233 3615 1452 3687 pellium
1497 3615 1550 3669 in
1595 3613 1852 3684 templum
1905 3611 2176 3681 lapidibus

580 3706 937 3761 instruetum:
967 3706 1062 3762 sed
1093 3707 1223 3761 illud
1253 3705 1657 3762 tabernaculum
1685 3703 1829 3775 quod
1866 3703 1921 3758 in
1960 3703 2176 3758 deserto

574 3799 781 3865 fuerat,
811 3810 867 3854 et
893 3797 998 3854 illa:
1028 3798 1197 3869 pelles
1221 3814 1341 3868 qum
1367 3808 1491 3852 ante
1520 3804 1656 3851 tecta
1687 3793 1871 3865 templi
1895 3794 2175 3864 cooperie-

574 3892 735 3957 bant,
793 3890 1094 3944 ministerio
1139 3889 1488 3945 admirabiles
1537 3887 1774 3943 fuerunt.
1829 3888 2070 3958 Denique
2118 3887 2172 3943 in

574 3983 812 4040 Canticis
836 3982 1169 4038 canticorum
1202 3983 1350 4037 initia
1383 3997 1478 4038 sua
1505 3995 1702 4052 sponsa
1729 3980 2038 4052 sicJaudat:
2073 3980 2173 4035 Ni-

571 4095 666 4152 gra
704 4094 816 4133 sum
856 4089 901 4133 et
927 4076 1092 4143 bona,
1134 4077 1258 4148 ﬁlice
1279 4075 1587 4140 Jerusalem,
1617 4075 1746 4130 sicut
1785 4073 2170 4129 tabernaculum

570 4171 759 4238 Cedar,
798 4172 933 4226 sicut
970 4171 1125 4241 pelles
1164 4169 1458 4226 Salomonis
1497 4164 1671 4241 (Cant.
1703 4169 1750 4233 i,
1775 4165 1854 4237 4).
1884 4167 1951 4222 Et
1979 4167 2032 4221 in
2061 4167 2168 4224 alio

570 4269 778 4338 psalmo
820 4265 985 4322 David
1028 4265 1151 4322 licet
1196 4264 1248 4319 in
1293 4264 1428 4319 atria
1466 4262 1676 4318 Domini
1720 4261 2162 4331 concupisceret;

498 4337 502 4351 ’
567 4337 752 4414 laudat
781 4369 958 4415 tamen
999 4368 1054 4414 et
1097 4357 1440 4414 tabernacula
1470 4355 1585 4427 ejus
1615 4355 1831 4444 dicens:
1869 4355 2033 4422 Quam
2073 4355 2168 4408 ad-

568 4453 843 4520 mirabilia,
862 4451 1051 4522 inquit,
1072 4449 1311 4518 Domine,
1325 4447 1637 4519 concupiscit
1649 4447 1819 4502 anima
1838 4463 1950 4500 mea
1967 4447 2020 4499 in
2033 4447 2163 4500 atria

2286 3261 2397 3308 tera
2426 3258 2788 3325 transierunt,
2824 3275 2962 3316 nova
2995 3261 3133 3318 facta
3162 3277 3317 3332 sunt,
3350 3268 3515 3338 quale
3547 3286 3786 3344 regnum
3812 3275 3896 3331 Sa‘

2281 3345 2515 3403 lomonis
2556 3349 2608 3404 in
2651 3351 2874 3421 ﬁguram
2919 3356 3090 3410 nostri
3139 3357 3388 3414 refertur.
3430 3361 3544 3418 Sed
3583 3366 3631 3420 si
3665 3368 3721 3422 in
3748 3368 3894 3438 hujus

2281 3440 2404 3495 vita:
2433 3455 2595 3496 cursu
2625 3457 2786 3498 nemo
2813 3454 2920 3501 tam
2953 3447 3226 3516 perfectus
3254 3451 3592 3522 inveniatur,
3619 3462 3720 3529 qui
3749 3476 3890 3515 mun-

2279 3531 2380 3587 dus
2407 3533 2474 3588 ab
2498 3536 2643 3590 omni
2677 3536 3118 3607 interpellatione
3143 3544 3349 3613 peccati
3381 3551 3689 3616 pervenire
3724 3552 3775 3607 in
3804 3551 3891 3607 do-

2278 3640 2424 3680 mum
2467 3627 2560 3682 Dei
2602 3629 2808 3698 possit:
2860 3639 3048 3700 potero
3077 3643 3254 3690 tamen
3289 3636 3360 3690 ita
3392 3638 3622 3708 dicere,
3653 3646 3885 3714 quoniam

2278 3720 2501 3775 transibo
2529 3721 2584 3775 in
2616 3721 2782 3777 locum
2812 3723 3131 3782 tabernaculi
3157 3746 3313 3800 usque
3335 3732 3406 3785 ad
3433 3733 3656 3790 domum
3684 3737 3812 3795 Dei:
3838 3737 3882 3793 id

2275 3821 2358 3866 est
2399 3813 2450 3866 in
2495 3813 2595 3869 hac
2631 3818 2736 3870 vita
2769 3819 3018 3887 prmsenti
3041 3860 3056 3887 ,
3093 3831 3148 3876 ut
3178 3824 3415 3893 quandiu
3461 3828 3517 3882 in
3553 3829 3661 3886 hoc
3694 3834 3881 3889 mundo

2274 3917 2428 3969 sum,
2473 3906 2523 3959 in
2566 3906 2742 3962 locum
2789 3919 3060 3968 transeam
3104 3913 3475 3986 tabernaculi;
3517 3910 3875 3995 quippe-cum

2274 3995 2513 4064 quotidie
2547 4013 2722 4068 pugna
2751 4009 2940 4056 contra
2971 4016 3191 4060 carnem
3223 4017 3278 4062 et
3303 4011 3629 4080 sanguinem
3649 4055 3666 4081 ,
3697 4026 3875 4071 contra

2271 4087 2568 4156 spiritualia
2594 4092 2846 4162 nequitiae
2869 4095 3104 4164 gerenda
3131 4097 3223 4152 sit.
3250 4099 3320 4154 At
3347 4115 3474 4156 cum
3505 4106 3746 4162 resoluta
3772 4107 3876 4164 fue-

2270 4180 2341 4235 rit
2364 4180 2682 4238 iuhabitatio
2705 4185 3038 4244 tabernaculi
3064 4190 3250 4262 hujus,
3281 4192 3426 4249 sicut
3453 4199 3751 4267 Apostolus
3774 4201 3870 4266 ait,

2269 4281 2324 4326 et
2365 4276 2614 4344 accipere
2657 4275 2878 4333 domum
2924 4294 3033 4335 non
3075 4283 3324 4340 manibus
3372 4284 3734 4360 fabricatam,
3780 4292 3869 4348 sed

2267 4377 2524 4422 :etcrnam
2557 4370 2608 4424 in
2638 4372 2825 4438 ccelis;
2861 4386 2984 4428 cum
3015 4376 3456 4448 transﬁguratum
3487 4381 3652 4438 fuerit
3680 4401 3869 4455 corpus

2267 4459 2586 4517 humilitatis
2611 4475 2810 4520 nostra:
2837 4465 2890 4519 in
2919 4465 3329 4526 similitudinem
3355 4474 3610 4544 corporis
3637 4476 3732 4532 ﬁlii
3753 4477 3866 4534 Dei:

569 4545 781 4600 Domini
793 4545 964 4619 (I’sal.
992 4541 1322 4616 ιιχιιιι,2).
1344 4544 1436 4598 Est
1457 4541 1598 4597 enim
1614 4540 1827 4640 quidem
1849 4539 2165 4640 admirabile
2193 4541 2242 4601 D
2271 4563 2395 4607 tunc
2436 4555 2744 4624 perveniam
2786 4557 2840 4613 in
2869 4556 3088 4615 domum
3121 4561 3252 4628 Dei,
3284 4577 3395 4634 quo
3423 4539 3672 4638 tempore
3702 4571 3867 4640 possit

570 4639 973 4694 tabernaculum
1021 4637 1147 4703 Dei;
1179 4636 1273 4692 sed
1307 4635 1475 4706 magis
1515 4630 1941 4702 concupiscenda
1971 4631 2161 4687 domus

470 4794 473 4797 1
565 4729 681 4787 Dei.
718 4729 957 4802 Denique
986 4739 1038 4785 et
1066 4729 1181 4798 ipse
1207 4726 1370 4782 David
1399 4725 1622 4796 paciﬁco
1644 4724 1756 4793 jam
1782 4738 1949 4794 regno
1971 4722 2157 4789 lsrael,

563 4839 685 4881 cum
729 4839 854 4880 arca
906 4823 1000 4880 Dei
1040 4823 1093 4877 in
1149 4821 1319 4893 Sylon
1365 4818 1467 4874 sub
1510 4817 1734 4888 pedibus
1791 4816 1858 4890 (Ῑ.
1899 4815 2156 4887 pellibus)

562 4916 896 4974 tabernaculi
943 4924 1290 4981 moraretur,
1353 4911 1685 4981 concupiscit
1735 4909 2001 4966 aediﬁcare
2053 4907 2152 4964 do-

2266 4827 2335 4880 ad
2363 4827 2571 4882 domum
2601 4828 2719 4885 Dei.

2336 4921 2387 4975 7.
2417 4921 2528 4977 Erit
2551 4933 2727 4980 autem
2752 4925 2837 4982 hic
2859 4928 3120 4986 transitus
3158 4947 3317 4990 meus
3346 4936 3404 4990 in
3441 4954 3567 4995 voce
3586 4943 3859 5000 exultatio-

561 5028 706 5068 mum
769 5014 884 5068 [θεία
949 5011 1056 5068 Sed
1111 5008 1239 5082 ψιίά
1291 5007 1370 5064 illi
1424 5008 1500 5062 ³η
1546 5005 1846 5076 Ρΐοβίιειθῗ
1877 5003 2000 5058 Νοη
2027 5003 2154 5057 mihi
2253 5015 2334 5070 nis
2355 5027 2402 5070 et
2426 5019 2781 5089 confessionis,
2809 5037 2964 5077 sonus
2988 5024 3274 5095 epulantis.
3304 5027 3416 5086 Nec
3445 5034 3646 5090 mirum
3676 5047 3851 5094 autem

560 5104 840 5175 azdiﬁcabis
895 5103 1103 5159 domum
1157 5101 1242 5175 (ll
1301 5100 1432 5172 Reg.
1469 5114 1573 5166 vu,
1607 5096 1661 5168 7)
1708 5115 1720 5150 :
1771 5111 1878 5151 non
1926 5103 2011 5150 est
2036 5109 2151 5148 om-

558 5197 708 5252 nium
763 5195 1034 5252 aediﬁcare
1079 5193 1297 5249 domum
1354 5191 1471 5247 Dei.
1533 5188 1718 5260 Itaque
1753 5185 1908 5258 quasi
1933 5184 2003 5240 ad
2033 5200 2149 5239 ma-

547 5289 702 5362 jores
765 5288 1144 5355 escensiones,
1233 5287 1492 5342 transitus
1557 5283 1712 5339 nobis
1786 5292 1870 5338 est
1934 5280 2142 5336 facien-

550 5385 652 5441 dus
695 5383 750 5439 in
798 5382 918 5439 loco
949 5381 1319 5449 tabernaculi,
1361 5387 1420 5433 ut
1460 5376 1836 5448 perveniamus
1873 5388 2042 5445 usque
2081 5373 2148 5430 ad

550 5479 768 5536 domum
802 5477 918 5533 Dei.
954 5476 1024 5532 Et
1051 5476 1406 5530 admonemur
1430 5471 1500 5527 de
1528 5469 1781 5540 exemplo
1809 5467 2107 5525 Jerusalem
2128 5511 2141 5536 ,

548 5574 672 5644 quia
703 5587 811 5628 non
836 5570 988 5642 prius
1008 5567 1315 5634 aediﬁcatur
1341 5564 1535 5621 domus
1562 5565 1813 5633 Domini,
1845 5565 1947 5621 nisi
1989 5563 2145 5621 hoste

549 5663 692 5721 victo
719 5674 882 5734 atque
907 5669 1164 5733 peccato:
1195 5657 1292 5716 sed
1335 5666 1515 5714 tamen
1557 5655 1761 5711 tamdiu
1801 5657 1854 5712 in
1895 5657 2145 5713 taberna-

549 5759 670 5814 culo
696 5774 902 5824 sumus,
923 5769 1200 5828 quousque
1226 5753 1500 5814 desertum
1531 5759 1854 5822 trauseatur,
1883 5761 1941 5811 et
1978 5752 2144 5810 intre-

2252 5108 2295 5162 si
2320 5109 2511 5201 umbra
2528 5109 2828 5168 futurorum
2859 5114 3125 5174 bonorum
3159 5119 3345 5178 habuit
3374 5124 3670 5198 imaginem
3700 5130 3853 5201 hujus

2247 5199 2618 5270 iucunditatis,
2642 5205 2729 5260 vel
2753 5220 2872 5260 cum
2894 5207 3061 5264 David
3092 5211 3424 5271 transferens
3453 5232 3638 5276 arcam
3664 5222 3758 5277 Dei
3772 5199 3852 5279 Vde

2256 5293 2602 5351 tabernaculo
2628 5296 3058 5368 Sylon,intrabat
3084 5302 3137 5358 in
3159 5303 3458 5364 Jerusalem
3477 5326 3603 5367 cum
3621 5315 3789 5371 choro
3802 5323 3851 5371 et

2258 5387 2523 5459 tympanis
2548 5387 2687 5443 diem
2717 5387 2910 5446 festum
2939 5407 3124 5466 agens,
3155 5395 3241 5452 vel
3269 5412 3392 5455 cum
3421 5401 3684 5461 Salomon
3726 5407 3848 5462 mdi-

2254 5474 2626 5547 ﬁcatotemplo
2650 5479 2830 5535 intulit
2849 5497 3008 5539 omne
3030 5485 3388 5544 ministerium
3416 5492 3471 5547 in
3506 5498 3678 5552 multa
3705 5497 3846 5553 exul-

2252 5568 2454 5624 tatione
2505 5572 2833 5627 cantantium
2877 5583 2933 5630 et
2959 5577 3299 5646 psallentium
3327 5581 3457 5639 Deo.
3493 5585 3608 5644 Nec
3638 5592 3838 5651 mirum.

2249 5660 2490 5731 inquam,
2519 5676 2640 5718 cum
2655 5666 3023 5739 unusquisque
3036 5679 3279 5728 nostrum
3308 5673 3720 5738 tabernaculum
3751 5682 3838 5737 hoc

2248 5753 2492 5825 corporis
2514 5753 2598 5812 sui
2623 5756 2974 5815 commutabit
3002 5759 3056 5816 in
3081 5758 3229 5819 illam
3272 5761 3499 5826 domum
3550 5787 3665 5831 non
3690 5786 3837 5832 manu
