3974 6198
71 259 221 317 905

1277 270 1694 330 TBACTATUS
1736 274 1823 331 ne
1863 249 2138 336 PSALMO
2179 279 2315 337 xu.
2374 263 2378 268 ’

3256 292 3286 361 ἶ
3325 291 3434 352 906

77 374 330 432 factam
365 416 380 440 ,
407 377 501 433 sed
528 385 784 435 mternam
822 380 876 436 in
899 383 1052 438 caelis
1077 426 1092 451 ,
1125 385 1171 440 si
1198 384 1302 440 erit
1331 386 1589 441 transitus
1617 389 1734 457 ejus
1761 393 1814 452 Α
1839 395 2220 452 commendare
2248 398 2416 453 voluit
2444 399 2707 472 Propheta
2727 444 2743 470 ,
2778 402 2848 457 ibi
2879 410 3077 460 terram
3101 405 3353 464 Jordanis
3382 422 3437 467 et

80 465 156 522 in
202 484 355 523 voce
384 471 731 526 exultatinnis
771 483 826 528 et
865 475 1222 532 confessionis
1253 493 1418 532 sonus
1447 479 1732 549 epulantis.

181 558 252 614 8.
284 559 438 615 Hanc
461 560 622 632 igitur
643 577 792 632 spem
815 564 904 634 qui
930 567 1186 635 percepit,
1217 569 1410 623 merito
1433 570 1742 638 interpella-

82 653 185 706 vit
214 652 504 708 tristitiam
528 655 720 711 anima:
743 657 994 724 dicendo,
1012 657 1178 714 Vens.
1197 659 1230 714 6
1255 675 1267 712 :
1289 660 1516 738 L’tquid,
1541 663 1736 729 animo,

85 744 292 801 tristis
312 763 393 812 es,
445 756 493 802 et
525 759 577 802 ut
619 750 746 820 quid
774 751 1046 806 conturbas
1097 770 1176 809 me
1205 755 1231 808 ?
1274 755 1444 827 Spera
1474 759 1526 810 in
1551 755 1734 823 Deum,

83 837 379 908 quoniam
418 841 696 904 conﬁtebor
722 843 842 909 illi,
891 845 1122 900 salutare
1173 847 1344 902 vultus
1399 849 1497 902 mei
1528 859 1575 903 et
1600 849 1738 904 Deus

88 949 290 987 meus.
330 932 400 988 Et
429 933 550 991 vide
582 934 687 991 nisi
728 939 1020 994 conveniat
1064 941 1362 996 intellectui
1411 942 1536 998 huic
1565 960 1728 1014 quem

85 1027 299 1082 secuti
322 1040 511 1082 sumus
534 1069 550 1094 ,
585 1039 641 1082 ut
667 1029 720 1083 in
753 1039 996 1102 tempore
1027 1035 1418 1103 persecutionis
1441 1043 1497 1090 et
1524 1035 1734 1106 impro-

91 1118 267 1189 perii
305 1121 544 1176 nominis
573 1120 673 1176 Dei
693 1120 1002 1193 hujusmodi
1031 1139 1127 1194 spe
1153 1125 1467 1181 consoletur
1499 1127 1732 1183 animant

81 1211 320 1282 justus.
363 1211 432 1268 Ut
460 1214 582 1281 quid
624 1215 784 1269 tristis
823 1233 894 1280 es,
945 1217 1117 1270 anima
1145 1261 1158 1284 ,
1189 1228 1235 1272 et
1275 1227 1330 1271 ut
1375 1219 1498 1288 quid
1527 1232 1734 1274 contur-

88 1308 200 1362 bas
249 1311 386 1364 me?
431 1309 603 1378 Spera
629 1311 683 1364 in
713 1309 882 1367 Deum
918 1314 1156 1384 quoniam
1185 1315 1462 1384 conﬁtebor
1489 1316 1588 1370 illi.
1625 1317 1731 1374 Sed

88 1403 382 1474 quoniam
410 1404 525 1458 ﬁeri
553 1419 658 1458 non
692 1414 882 1474 potest,
904 1416 962 1460 ut
989 1407 1276 1477 projicicns
1297 1410 1534 1465 animam
1563 1425 1720 1466 suam

84 1494 157 1549 in
187 1503 435 1550 mortem
468 1509 574 1550 non
598 1495 776 1567 aliqua
808 1499 1219 1554 contristatione
1242 1500 1507 1568 turbetur,
1533 1504 1732 1574 quippe

89 1601 239 1642 cum
277 1585 400 1656 ipse
425 1587 664 1642 omnium
692 1588 946 1643 virtutum
978 1591 1237 1648 Dominus
1269 1633 1284 1659 ,
1327 1594 1443 1665 ipse
1475 1597 1728 1667 princeps

107 1677 287 1745 ﬁdei,
318 1679 436 1749 ipse
461 1677 630 1736 Filius
653 1679 768 1747 Dei,
803 1682 890 1752 qui
911 1695 1198 1754 antequam
1231 1684 1284 1739 in
1313 1693 1527 1756 tempus
1548 1690 1729 1743 crucis

1845 496 2083 541 montem
2105 489 2427 546 Hermonem
2451 497 2868 552 nominavit.Sic
2888 507 2942 552 et
2971 499 3022 554 in
3040 500 3276 558 Canticis
3304 521 3434 559 ean-

1847 576 2071 634 ticorum
2103 581 2190 635 ubi
2223 584 2390 652 prima
2417 587 2624 639 ver-alio
2657 587 2914 644 Ecclesia:
2946 590 3088 647 facta
3121 604 3202 648 cst
3234 613 3248 649 :
3285 594 3432 662 Veni,

1843 669 2034 739 inquit,
2067 691 2100 726 a
2141 673 2379 744 Libano,
2420 694 2645 747 sponsa;
2698 683 2810 736 veni
2856 702 2888 738 a
2937 684 3157 754 Libano,
3209 706 3436 759 sponsa;

1840 765 1954 817 veni
1980 781 2012 818 a
2066 765 2258 823 Libano
2309 769 2482 841 (Cant.
2514 787 2588 838 tv,
2638 773 2714 844 8)
2751 792 2765 829 :
2808 779 3076 834 transiens
3129 783 3383 839 transibis
3414 826 3429 850 ,

1840 863 1896 911 et
1943 859 2194 915 transibis
2259 861 2327 917 ab
2374 863 2528 919 initio
2596 864 2766 933 ﬁdei,
2836 884 2866 922 a
2937 872 3113 942 capite
3171 874 3431 932 llermon.

1839 947 1950 1004 Nec
1979 960 2195 1008 moveat
2229 969 2552 1028 quemquam
2603 959 2744 1029 quod
2790 959 2843 1015 in
2882 961 2984 1019 ltoc
3013 964 3130 1020 loco
3176 977 3229 1022 et
3278 969 3436 1024 Sanir

1839 1043 2145 1100 nominatus
2175 1057 2278 1113 est,
2310 1064 2431 1103 cum
2479 1051 2618 1106 idem
2647 1053 2719 1106 sit
2748 1069 2904 1110 mons
2954 1055 3111 1112 Sanir
3161 1061 3250 1131 qui
3299 1061 3435 1118 Her-

1839 1149 1984 1202 mon,
2028 1151 2184 1206 quem
2218 1138 2269 1192 in
2295 1148 2432 1195 terra
2460 1141 2712 1199 Jordanis
2741 1148 3090 1203 constitutum
3111 1167 3231 1207 esse
3264 1152 3431 1210 histo-

1836 1226 1917 1280 ria
1958 1228 2116 1283 docet
2166 1247 2259 1299 per
2305 1231 2542 1303 Moysem
2580 1236 2632 1290 in
2693 1237 3128 1297 Deuteronmnio.
3184 1243 3251 1297 Et
3280 1263 3431 1302 acce-

1837 1319 2006 1387 pimus
2037 1362 2052 1388 ,
2081 1321 2176 1386 ait,
2206 1323 2259 1376 in
2287 1333 2511 1394 tempore
2558 1328 2648 1382 illo
2687 1341 2874 1384 terram
2914 1333 2978 1386 de
3022 1335 3256 1390 manibus
3303 1338 3434 1392 duo-

1834 1425 1951 1462 rum
1981 1427 2156 1485 regum
2180 1415 2614 1484 Amorrhworum,
2643 1421 2730 1490 qui
2773 1438 2916 1478 erant
2951 1441 3090 1480 secus
3124 1425 3429 1496 Iordanem,

1833 1518 1866 1556 a
1894 1513 2116 1560 torrente
2142 1525 2300 1579 usque
2319 1509 2550 1566 llermon
2579 1513 2741 1568 Sanir
2777 1516 2954 1583 (Deut.
2992 1535 3049 1574 ιιι
3079 1561 3091 1583 ,
3115 1520 3196 1590 8).
3231 1524 3425 1578 Amor-

1833 1595 2012 1653 rhmus
2041 1601 2337 1657 nominavit
2385 1604 2535 1659 illum
2579 1606 2757 1663 Sanir.
2790 1609 2960 1678 Caput
3008 1627 3138 1682 ergo
3197 1614 3430 1669 llermon
3477 1635 3496 1648 ε

1833 1692 1976 1762 quod
2003 1705 2088 1750 est
2115 1696 2167 1751 in
2211 1706 2354 1752 terra
2380 1698 2634 1756 Jordanis
2665 1745 2680 1767 ,
2737 1703 2949 1759 initium
3004 1715 3230 1762 vocatur
3282 1708 3430 1763 ﬁdei.

94 1777 374 1846 veniret,
401 1794 464 1834 ac
491 1780 687 1836 ﬁducia
713 1781 1032 1852 loquebatur
1057 1791 1115 1836 ut
1140 1782 1348 1838 diceret
1380 1801 1392 1836 :
1440 1782 1606 1838 Nemo
1631 1802 1725 1838 au-
1759 1782 1807 1842 B
1834 1782 1962 1839 Ideo
1988 1786 2099 1842 illic
2148 1795 2204 1842 et
2221 1788 2460 1845 Joannes
2509 1793 2716 1861 primus
2742 1811 3042 1863 pra'cursor
3071 1799 3287 1853 auditur
3319 1841 3334 1866 ,
3377 1808 3432 1856 et

93 1868 245 1938 feret
303 1872 532 1926 animant
571 1890 787 1928 nteanta
814 1891 930 1940 me,
977 1885 1277 1944 potestatem
1321 1876 1483 1930 habeo
1505 1876 1730 1947 ponendi

93 1964 352 2018 animam
374 1981 539 2020 meam
557 1977 602 2022 et
621 1968 806 2022 iterum
825 1968 1116 2022 resumendi
1141 1985 1252 2024 eam
1266 1969 1484 2041 (Joann.
1514 1986 1569 2034 π.
1601 1971 1726 2042 18);

93 2052 261 2110 idem
293 2064 473 2112 tamen
507 2057 559 2112 in
588 2059 834 2128 proxima
863 2059 992 2114 hora
1023 2061 1214 2115 mortis
1240 2102 1255 2125 ,
1286 2063 1582 2130 perturbata
1609 2073 1681 2117 est
1707 2105 1722 2131 ,

105 2145 324 2216 inquit,
355 2149 531 2203 anima
550 2167 663 2205 mea
684 2167 844 2223 usque
871 2151 939 2204 ad
967 2160 1178 2205 mortem
1210 2150 1399 2223 (Marc.
1435 2167 1546 2217 xw,
1571 2151 1640 2207 54
1667 2150 1723 2224 );

99 2246 188 2306 et,
224 2238 393 2296 Pater
427 2283 442 2308 ,
499 2244 542 2298 si
567 2244 682 2312 ﬁeri
736 2254 921 2314 potest,
977 2253 1203 2299 transeat
1256 2244 1396 2300 calin:
1427 2246 1521 2300 iste
1566 2264 1599 2300 a
1637 2263 1716 2301 me

102 2331 338 2405 (Matth.
372 2352 519 2404 xxvr,
547 2337 615 2393 59
643 2339 664 2408 )
696 2379 710 2403 ,
742 2339 872 2394 etin
910 2340 1204 2395 novissimo
1253 2341 1456 2411 gemitu
1490 2359 1505 2396 :
1542 2341 1683 2397 Deus
1705 2385 1722 2410 ,

103 2425 262 2482 Deus
305 2445 468 2495 meus,
510 2431 715 2502 utquid
750 2432 1154 2503 medereliquisti
1172 2433 1384 2506 (Matth.
1403 2435 1718 2508 xxvu,‘6)?

104 2520 194 2576 Ita
213 2531 271 2578 et
294 2525 532 2592 psalmus
551 2525 653 2582 iste
677 2527 962 2602 imaginem
993 2529 1384 2598 persecutionis
1402 2530 1455 2584 in
1478 2529 1722 2586 ordinem

119 2615 446 2683 ostendens,
474 2626 688 2688 quanta:
707 2619 1080 2676 conﬂictiones
1103 2621 1587 2692 tribulationestjue
1603 2638 1726 2678 sus-

114 2713 364 2768 tinenda:
386 2713 493 2768 sint
534 2713 679 2784 justo
711 2756 727 2782 ,
782 2729 878 2785 per
905 2730 1040 2786 quas
1073 2716 1326 2772 tentanda
1358 2724 1414 2772 et
1438 2715 1712 2786 probanda

112 2808 192 2863 sit
216 2807 350 2862 ﬁdes
379 2807 494 2878 ejus
528 2823 543 2873 ;
584 2806 707 2863 ideo
724 2809 821 2874 ait,
848 2808 1012 2864 Vens.
1050 2810 1080 2862 7
1112 2826 1126 2862 :
1160 2809 1299 2866 Deus
1327 2827 1497 2876 meus,
1522 2809 1726 2864 turbata

113 2910 196 2955 est
223 2901 276 2955 in
299 2916 380 2954 me
405 2900 579 2954 anima
603 2917 734 2955 mea.
778 2900 912 2970 Quis
941 2905 1086 2958 enim
1116 2911 1203 2958 est
1231 2903 1383 2974 cujus
1409 2920 1514 2958 non
1547 2904 1727 2960 turbe-

116 3001 212 3048 tur
264 2993 439 3048 anima
485 2992 538 3047 in
578 3000 825 3062 tempore
867 2997 1303 3066 persequentium
1346 3011 1541 3052 nomen
1587 2996 1727 3052 Dei?

117 3082 328 3140 Praeter
349 3083 496 3138 illam
523 3084 668 3140 enim
698 3085 1077 3142 necessitatem
1105 3086 1406 3158 fragilitatis
1433 3086 1683 3142 humana:
1705 3129 1721 3155 ,

1828 1872 2026 1931 Joanui
2089 1879 2319 1947 primum
2368 1880 2616 1939 Christus
2668 1888 3015 1942 ostenditur:
3066 1890 3174 1944 illic
3223 1890 3427 1961 Spiritu

1830 1976 2019 2022 sancto
2049 1970 2310 2025 Dominus
2335 1973 2682 2042 adimpletur,
2703 1976 2816 2032 illic
2845 1987 3082 2048 paterna:
3107 1982 3254 2036 vocis
3286 1983 3435 2038 testi-

1830 2061 2072 2116 monium
2096 2050 2339 2118 redditur
2368 2081 2382 2118 :
2413 2065 2513 2120 llic
2533 2077 2605 2122 est
2632 2068 2770 2136 ﬁlius
2821 2087 2962 2124 meus
2993 2073 3044 2125 in
3071 2090 3170 2144 quo
3201 2076 3433 2144 compla-

1831 2154 1959 2224 cui(
1993 2153 2180 2210 Matth.
2211 2173 2267 2212 ιιι
2299 2199 2313 2222 ,
2357 2157 2471 2230 l7).
2509 2159 2608 2215 Hic
2663 2164 3016 2232 progrediens
3059 2167 3207 2222 initia
3261 2168 3431 2224 virtu-

1831 2257 1964 2316 tum,
2018 2251 2104 2308 hic
2145 2254 2301 2310 initia
2329 2255 2606 2328 signorum
2642 2259 2838 2330 quibus
2868 2260 3035 2319 Filius
3066 2264 3160 2320 Dei
3191 2265 3431 2322 creditur

1830 2351 2110 2413 Operatus.

1897 2436 1953 2493 9.
1979 2436 2168 2494 Merito
2185 2440 2346 2510 igitur
2366 2451 2526 2512 caput
2549 2443 2782 2500 llermon
2805 2446 3014 2501 initittm
3036 2447 3160 2504 ﬁdei
3177 2460 3426 2506 vocatur:

1827 2529 1972 2586 unde
1999 2546 2272 2589 memores
2299 2549 2399 2589 nos
2427 2551 2548 2592 esse
2595 2546 2810 2607 oportet
2835 2541 3072 2596 salutare
3101 2543 3426 2601 vultusnos-

1829 2621 1899 2676 tri
1932 2623 2105 2678 Deum
2133 2635 2374 2680 nostrum
2400 2669 2414 2690 ,
2441 2629 2691 2697 quotiens
2722 2631 2773 2685 in
2825 2633 3212 2690 tentationibus
3241 2638 3421 2692 anima

1829 2721 2012 2768 nostra
2057 2715 2319 2772 turbatur.
2356 2718 2570 2774 initium
2623 2723 2768 2777 enim
2813 2723 2937 2779 ﬁdei
2979 2726 3204 2796 simplex
3254 2729 3426 2798 prima

1828 2805 2141 2874 credulitas,
2165 2825 2268 2880 qua
2299 2811 2383 2866 via
2415 2811 2680 2868 intramus
2706 2814 2771 2868 ad
2797 2815 2956 2870 ﬁdem
2991 2816 3082 2872 Dei
3123 2833 3220 2887 per
3243 2819 3428 2876 Jesum

1827 2897 2124 2954 Christum.
2145 2900 2414 2971 Sapientia
2441 2918 2556 2958 vero
2583 2905 2712 2959 inter
2727 2909 2977 2977 perfectos
2997 2910 3287 2981 quaeritur“
3302 2910 3422 2966 Cor.

1830 3005 1890 3057 ιι,
1923 2990 1956 3046 6
1984 2989 2005 3064 )
2031 3010 2044 3046 :
2073 3008 2192 3063 quae
2224 2994 2514 3050 varietates
2542 2997 2989 3067 sintjudiciorum
3021 2999 3112 3055 Dei
3143 3041 3156 3068 ,
3195 3018 3316 3072 quac
3343 3003 3425 3056 al-

1831 3087 2085 3142 titudines
2111 3088 2495 3159 cogitationum
2523 3092 2658 3160 ejus.
2713 3090 2786 3144 Ita
2810 3091 2913 3147 etsi
2939 3093 2990 3147 in
3027 3104 3272 3164 tempore
3303 3111 3425 3163 per-

118 3187 322 3248 przeter
337 3179 649 3249 corporales
672 3178 1082 3250 trepidationes,
1108 3190 1191 3236 est
1219 3180 1464 3251 quaedam
1489 3181 1724 3252 peculia-
1751 3163 1797 3227 (ἶ
1830 3179 2194 3246 secutionum,
2226 3181 2278 3234 in
2309 3183 2715 3252 perturbatione
2769 3185 2958 3239 mortis
2990 3163 3239 3242 instantis
3279 3188 3426 3245 deic-

118 3271 201 3327 ris
229 3270 352 3326 ﬁdei
381 3270 734 3340 perturbatio,
765 3287 889 3328 cum
913 3271 1195 3327 videantur
1227 3281 1604 3342 persecutores
1627 3289 1724 3327 no-

122 3363 289 3418 minis
310 3362 403 3418 Dei
425 3362 732 3419 increscere
755 3371 811 3418 et
830 3363 1122 3428 dominari,
1150 3379 1250 3418 nec
1283 3364 1560 3420 vindicare
1583 3364 1723 3420 Deus

124 3455 354 3511 famulos
383 3471 534 3523 suos,
567 3471 667 3512 nec
701 3457 989 3513 subvenire
1016 3457 1449 3514 tribulationibus
1492 3473 1677 3515 eorum
1701 3499 1716 3525 ,

124 3563 228 3605 nec
253 3549 542 3606 extendere
570 3550 836 3606 adversus
863 3551 1110 3606 inimicos
1136 3565 1263 3605 suos
1296 3561 1570 3617 potentem
1593 3551 1725 3606 dex-

126 3651 264 3697 tram
289 3656 460 3696 suam.
479 3641 547 3697 Et
579 3642 700 3697 ideo
726 3643 849 3712 quia
878 3643 1038 3697 nemo
1061 3643 1112 3698 in
1143 3641 1454 3713 hujusmodi
1478 3651 1722 3714 tempore

125 3751 341 3792 sensum
362 3735 687 3806 judiciorum
730 3737 823 3792 Dei
853 3736 1052 3792 retinet
1083 3779 1098 3803 ,
1143 3736 1364 3806 pulchra
1399 3745 1483 3794 est
1508 3737 1596 3792 illa
1625 3752 1722 3792 ex—

125 3829 378 3884 clamatio
408 3829 621 3885 Domini
649 3847 663 3884 :
695 3830 858 3897 Deus,
877 3829 1020 3885 Deus
1045 3847 1210 3897 meus,
1239 3847 1398 3902 quare
1422 3847 1501 3884 me
1530 3830 1719 3886 dereli-

127 3923 279 3995 quisti
300 3921 346 3995 (l
357 3921 492 3995 bid.)
514 3923 538 3976 ἲ
563 3939 670 3994 qua
690 3923 928 3979 ostendit
955 3939 1015 3979 se
1040 3939 1147 3978 non
1179 3924 1479 3994 intelligere
1500 3940 1719 3980 causam

127 4030 292 4086 quare
321 4015 390 4070 sit
414 4015 729 4072 derelictus.
784 4016 851 4070 Et
881 4016 926 4071 si
955 4016 1046 4072 ille
1071 4015 1350 4084 sapientia:
1380 4017 1641 4088 magister
1662 4024 1720 4073 et

128 4115 406 4162 enarrator
425 4106 634 4174 Patris,
687 4107 855 4162 Filius
883 4107 961 4162 sic
986 4106 1332 4177 perturbatur
1355 4147 1370 4173 ,
1406 4114 1466 4161 ut
1491 4107 1722 4163 interro-

126 4209 218 4271 get
238 4199 442 4255 Patrem
471 4209 529 4256 ut
553 4199 681 4272 quid
715 4199 1136 4267 dereliquisset;
1165 4199 1291 4269 quid
1312 4198 1720 4268 iacientreliqui

131 4293 412 4365 quamlibet
450 4293 617 4363 justi,
673 4307 796 4348 cum
819 4292 1144 4363 judiciorum
1174 4293 1270 4347 Dei
1299 4291 1612 4347 altitudines
1629 4305 1722 4346 su-

132 4385 468 4456 perveneriut
490 4384 614 4440 eis?
644 4384 1030 4440 Verumtamen
1076 4382 1234 4439 docet
1264 4382 1502 4452 psalmus
1527 4424 1544 4449 ,
1593 4381 1720 4452 quid

135 4480 186 4535 in
215 4479 292 4536 his
330 4479 820 4550 perturbationibus
862 4481 1097 4535 retinere
1144 4487 1199 4533 et
1223 4477 1396 4533 solum
1420 4477 1598 4532 facere
1620 4475 1718 4531 de-

1828 3271 1968 3326 cerit
1996 3272 2258 3341 sapientia
2284 3312 2301 3338 ,
2333 3273 2542 3328 initium
2566 3283 2744 3329 tamen
2767 3274 2888 3329 lidei
2916 3291 3020 3330 non
3049 3277 3420 3348 relinquatur:

1826 3362 1923 3418 sed
1953 3365 2142 3419 saltem
2174 3365 2411 3434 simplici
2435 3367 2522 3421 illa
2547 3376 2603 3423 et
2631 3369 2770 3423 nuda
2793 3369 3112 3426 credulitate
3149 3387 3422 3429 memores

1825 3455 1994 3510 simus
2023 3455 2145 3522 Dei,
2177 3457 2411 3514 scientes
2453 3460 2574 3529 quia
2606 3475 2713 3514 non
2745 3461 2936 3516 habeat
2967 3463 3017 3516 in
3044 3477 3143 3517 nos
3168 3463 3419 3521 inimicus

1825 3549 2288 3618 potestatem,nisi
2319 3558 2577 3620 quantum
2611 3553 2959 3621 permittitur.
2984 3553 3102 3610 Non
3126 3557 3411 3614 abutamur

1827 3647 2002 3698 tamen
2027 3639 2328 3709 insipientis
2349 3641 2588 3697 mulieris
2608 3643 2917 3710 jactatione,
2937 3661 3041 3716 qua
3062 3646 3265 3703 dictum
3293 3660 3377 3704 est
3401 3669 3413 3704 :

1829 3727 1930 3784 Ubi
1945 3739 2061 3784 sunt
2079 3747 2234 3800 opera
2252 3733 2475 3804 justitite
2498 3733 2632 3788 Dei?
2647 3733 2908 3806 Job,quid
2928 3739 3122 3810 profuit
3143 3741 3294 3794 timor
3315 3741 3424 3798 Do-

1824 3820 1950 3873 mini
1981 3819 2122 3892 (Job.
2141 3837 2270 3889 xxtt,
2290 3823 2371 3892 δη
2382 3823 2486 3879 Sed
2505 3825 2716 3895 quoties
2735 3826 2787 3880 in
2813 3831 2950 3883 hanc
2965 3831 3416 3899 perturbationem

1823 3913 2008 3968 veniet
2034 3915 2307 3986 cogitatio,
2333 3915 2539 3984 justum
2572 3918 2678 3973 erit
2706 3920 3000 3976 secundum
3031 3921 3190 3993 hujus
3225 3925 3418 3994 psalmi

1823 4005 2127 4064 doctrinam
2139 4009 2346 4067 dicere:
2365 4009 2506 4066 Deus
2523 4029 2683 4079 meus,
2702 4015 2995 4085 perturbata
3008 4027 3081 4070 est
3094 4018 3266 4071 anima
3284 4036 3418 4085 mea;

1825 4112 2094 4170 propterea
2118 4117 2311 4156 memor
2329 4104 2404 4156 tui
2432 4119 2518 4159 ero
2547 4105 2612 4158 de
2641 4114 2776 4158 terra
2791 4105 3041 4162 Jordanis
3055 4118 3104 4162 et
3131 4107 3411 4166 Hermonis
3461 4157 3464 4160 .

1823 4192 1888 4246 de
1912 4203 2081 4247 monte
2101 4195 2320 4248 modico.
2348 4195 2488 4264 Ergo
2505 4205 2558 4250 et
2573 4198 2936 4265 signiﬁcanter
2964 4200 3133 4254 monti
3159 4200 3413 4256 I‘Iermoni

1823 4283 2012 4336 modici
2039 4283 2192 4338 addit
2224 4285 2638 4355 appellationem
2671 4305 2685 4341 :
2711 4288 2836 4343 lidei
2853 4291 2996 4344 enim
3019 4291 3228 4346 initium
3257 4307 3416 4347 mons

1823 4375 2048 4444 pusillus
2071 4417 2087 4442 ,
2119 4383 2176 4431 et
2199 4377 2284 4432 cui
2317 4378 2496 4433 multa:
2525 4380 2875 4436 ascensiones
2899 4396 3070 4452 usque
3097 4382 3162 4437 ad
3184 4399 3411 4452 regnum

1823 4467 2085 4524 caelorum
2114 4485 2211 4539 per
2235 4471 2594 4526 contumelias
2626 4513 2640 4532 .
2672 4488 2766 4541 per
2788 4473 3034 4542 injurias,
3072 4490 3166 4544 per
3188 4476 3412 4531 tribula-

134 4573 364 4629 beamus.
417 4571 641 4642 Oportet
668 4571 813 4628 enim
852 4586 1068 4626 omnem
1123 4569 1299 4624 virum
1345 4569 1548 4639 justum
1591 4583 1713 4624 cum
1741 4555 1796 4616 D
1821 4557 1998 4614 tiones
2028 4602 2043 4625 ,
2085 4574 2180 4629 per
2203 4570 2429 4615 mortem
2458 4561 2634 4616 crucis
2657 4563 2881 4618 credere
2903 4565 2956 4618 in
3000 4565 3168 4620 Deum
3209 4567 3409 4637 primus

135 4671 393 4730 tentatur,
436 4678 554 4718 cum
584 4663 872 4720 tribulatur
903 4703 918 4729 ,
946 4677 1068 4717 cum
1094 4661 1432 4731 angustiatur
1465 4701 1481 4726 ,
1513 4675 1635 4714 cum
1661 4659 1714 4714 in

136 4757 524 4829 perturbatione
549 4757 742 4812 anima:
772 4757 950 4818 venit,
983 4755 1086 4811 etsi
1118 4769 1286 4825 quare
1307 4753 1426 4809 haec
1449 4753 1553 4809 sibi
1575 4754 1716 4809 acci-

135 4851 258 4907 dant
277 4868 377 4906 non
409 4851 676 4918 intelligit,
707 4849 869 4907 ﬁdem
891 4860 1068 4904 tamen
1098 4863 1203 4903 non
1234 4846 1542 4918 relinquere
1571 4887 1587 4913 ,
1617 4860 1716 4902 nec

137 4943 484 4998 condemnare
501 4941 875 4998 credulitatem
900 4981 916 5004 ,
939 4955 1099 5011 quam
1139 4939 1320 4993 docuit
1348 4937 1612 5007 pr0pheta
1634 4937 1716 4993 di-

139 5035 336 5091 cendo:
372 5033 653 5102 Propterea
693 5049 882 5087 memor
907 5047 994 5086 ero
1026 5031 1103 5085 tui
1131 5072 1146 5095 ,
1184 5028 1400 5084 Domine
1422 5069 1438 5095 ,
1487 5029 1550 5082 de
1578 5039 1716 5083 terra

139 5124 366 5181 Jordanis
394 5135 441 5179 et
465 5123 744 5179 Hermonis
772 5141 805 5177 a
836 5132 1002 5180 monte
1029 5121 1250 5176 modico.
1285 5119 1418 5176 Nam
1441 5120 1567 5190 quia
1597 5135 1718 5190 per—

143 5217 338 5273 turbata
367 5227 450 5271 est
479 5216 530 5270 in
559 5231 645 5271 me
673 5214 852 5270 anima
883 5229 1001 5270 mea
1031 5254 1047 5281 ,
1101 5223 1386 5283 propterea
1422 5253 1437 5277 ,
1493 5211 1671 5281 inquit
1697 5253 1713 5278 ,

143 5325 334 5378 memor
381 5323 476 5364 ero
506 5309 582 5363 tui
611 5308 680 5364 de
731 5319 874 5363 terra
916 5305 1168 5362 Jordanis
1209 5314 1266 5360 et
1310 5303 1616 5360 Hermonis.
1659 5303 1716 5358 In

146 5411 275 5458 terra
292 5400 432 5455 enim
477 5398 728 5455 Jordanis
770 5399 1049 5454 introitum
1075 5395 1352 5467 signiﬁcat
1380 5393 1718 5463 repromissae

148 5493 458 5550 hereditatis
476 5491 673 5562 populo
688 5488 947 5546 lsrael.Et
963 5487 1213 5560 quoniam
1239 5503 1337 5542 nos
1349 5484 1716 5558 Spiritualibus

149 5585 420 5658 spiritualia
447 5594 825 5655 comparantes
855 5625 871 5650 ,
925 5584 1080 5639 nobis
1109 5583 1437 5639 haereditatis
1467 5581 1718 5638 introitus

151 5679 268 5736 ﬁdes
293 5677 646 5734 existimatur.
687 5675 814 5732 Haec
857 5684 944 5732 est
969 5676 1114 5731 enim
1157 5675 1320 5746 janua
1345 5673 1723 5747 repromissio-

155 5789 267 5834 num
315 5778 641 5828 nostrarum.
698 5767 884 5838 Itaque
944 5768 1034 5824 ubi
1092 5768 1300 5826 initium
1351 5768 1478 5826 ﬁdei
1521 5775 1723 5824 nostras

569 5862 846 5924 ΡΑι-ιιοι..
875 5858 992 5922 1X.

1822 4665 2082 4708 ascensus
2109 4662 2190 4708 est
2223 4670 2238 4707 :
2276 4653 2487 4724 quoties
2503 4655 2646 4709 enim
2663 4656 2717 4710 in
2743 4655 2836 4710 illo
2852 4655 3053 4711 vertice
3071 4659 3410 4716 amarissimo

1821 4747 1998 4800 crucis
2047 4745 2446 4816 perturbabitur
2472 4747 2649 4802 anima
2691 4763 2808 4803 mea
2856 4747 2926 4804 de
2965 4748 3120 4804 initio
3141 4749 3266 4806 ﬁdei
3294 4792 3308 4819 ,
3339 4751 3411 4808 de

1822 4846 2007 4893 monte
2037 4839 2522 4905 modico;memor
2548 4855 2678 4907 ero,
2728 4840 2976 4909 Domine,
3027 4844 3116 4912 qui
3155 4859 3217 4899 es
3264 4845 3411 4901 salus

1822 4929 2002 4985 vultus
2022 4931 2149 4986 mei.

1889 5022 1979 5078 10.
2034 5021 2255 5094 Abyssus
2281 5025 2425 5079 enim
2473 5025 2711 5096 abyssum
2734 5025 2935 5081 invocat
2959 5027 3013 5082 in
3034 5044 3151 5083 voce
3179 5039 3409 5087 catarac-

1819 5124 1988 5169 tarum
2015 5116 2306 5182 tuarum,id
2337 5127 2419 5173 est
2438 5115 2631 5173 ﬂuctus
2654 5119 2967 5176 tentationis
2987 5119 3098 5190 Dei,
3125 5139 3230 5194 qua
3266 5135 3410 5182 terra

1821 5210 2085 5280 patietur:
2107 5210 2232 5281 quia
2263 5210 2574 5266 altitudines
2598 5213 2984 5284 cogitationum
3013 5225 3069 5271 et
3083 5217 3412 5286 judiciorum

1820 5303 1938 5372 ejus
1956 5305 2076 5373 quis
2104 5305 2299 5359 novit?
2347 5304 2614 5360 Diluvium
2643 5315 2727 5362 est
2757 5323 2949 5365 sensus
2982 5311 3224 5377 Domini‘,
3257 5314 3413 5382 cujus

1823 5398 2245 5467 magnitudinem
2275 5399 2564 5455 ostendere
2593 5402 2783 5458 volens
2817 5404 2993 5474 justus
3021 5445 3034 5469 ,
3060 5406 3313 5475 quoniam
3341 5405 3412 5459 de

1825 5489 2261 5547 tribulationibus
2315 5495 2428 5548 suis
2482 5493 2856 5564 loquebatur:
2913 5496 3182 5565 Abyssus’.
3236 5495 3413 5566 inquit

1826 5577 1991 5636 Vnus.
2015 5581 2069 5648 8,
2123 5582 2363 5653 abyssum
2392 5584 2612 5652 invocat,
2648 5587 2703 5639 in
2727 5603 2846 5641 voce
2870 5592 3245 5638 cataractarum
3274 5585 3407 5653 ejus.

1902 5671 1990 5725 11.
2017 5670 2204 5728 Omnes
2247 5674 2542 5729 altitudines
2589 5685 2690 5728 tua:
2715 5686 2762 5729 et
2805 5677 2992 5744 [luctus
3023 5674 3094 5724 tui
3137 5687 3290 5741 super
3335 5689 3417 5729 me

1827 5764 2156 5820 transierunt.
2175 5765 2371 5823 Reddit
2391 5781 2608 5823 causam
2631 5779 2728 5821 cur
2744 5766 2958 5821 turbata
2974 5769 3056 5817 est
3072 5763 3246 5816 anima
3264 5762 3384 5834 ejus
3403 5781 3418 5823 :

2750 5857 2832 5920 29
