3974 6198
100 298 243 367 909

820 321 828 330 -
889 301 979 377 os
1012 256 1362 377 metu.
1394 302 1460 365 ιιι
1506 303 1955 374 manentium
1991 304 2326 373 MA‘l‘TlMtl
2360 307 2790 375 ADIONITIO.’

1104 440 1828 467 -.—'—'—-—‘——?

3341 317 3452 381 HQ

1870 442 3461 485 -———-———-——-.—-n-——m~q

1136 458 1145 467 ’
1228 458 2389 708 ΑΒΜΟΝΙΤῘὸ

102 814 312 900 DE
384 814 1273 902 COMMENTARIO
1330 817 1450 902 IN
1508 816 2308 959 EYANGELIUM
2365 823 2788 941 SANCTI
2845 828 3443 933 MATTH/EI.

1546 1007 2024 1064 WG.

204 1155 257 1213 Ι.
288 1152 359 1219 In
385 1154 669 1227 Scripturis
694 1155 1008 1225 exponendis
1036 1154 1125 1225 qui
1154 1154 1347 1226 primas
1371 1154 1502 1208 inter
1531 1152 1746 1211 Latinos
1770 1153 1825 1212 Α
1849 1148 2011 1213 habet
2036 1168 2051 1205 :
2081 1149 2150 1207 Et
2176 1151 2303 1213 liber
2347 1153 2675 1229 hymnorum.
2719 1166 2767 1213 at
2813 1160 3167 1231 mysteriorum
3212 1162 3366 1233 alius,
3397 1172 3446 1231 et
3526 1191 3535 1201 ο

115 1246 389 1313 Hilarius
428 1249 669 1311 obtineat.
690 1248 832 1321 Quid
848 1248 1056 1305 senserit
1074 1246 1138 1302 de
1177 1246 1487 1308 Tertulliani
1513 1247 1743 1316 scriptis.

112 1370 205 1381 —
235 1340 565 1405 Versionem
587 1349 910 1405 tractatuum
933 1338 1178 1409 Origenis
1205 1339 1259 1395 in
1286 1336 1486 1401 Lucam
1516 1338 1747 1401 nonnul-

118 1434 201 1490 lis
230 1450 264 1490 a
301 1449 362 1497 se
411 1433 857 1506 exposcentibus,
886 1433 1042 1489 hunc
1072 1432 1258 1495 llilarii
1284 1428 1747 1487 Commentarium

120 1542 248 1583 una
281 1542 409 1585 cum
455 1528 626 1587 altero
659 1523 919 1585 Victorini
964 1524 1110 1583 tnisit
1159 1522 1537 1596 Hieronymus,
1564 1530 1749 1594 gratu-

121 1620 268 1678 lans
319 1619 463 1695 quod
516 1619 813 1692 Scripturis
853 1616 1190 1689 exponendis
1242 1619 1353 1687 jam
1404 1614 1749 1693 pridemipsi

125 1714 314 1777 etiam
349 1713 524 1773 Latini
568 1727 792 1787 Operam
839 1721 1150 1769 navassent.
1202 1709 1631 1771 Commentarios,
1661 1708 1747 1764 in-.

126 1806 263 1878 quit
306 1808 551 1882 prologo,
604 1805 695 1879 qui
747 1804 995 1879 Origenis
1046 1804 1102 1861 in
1150 1802 1350 1865 Lucam
1387 1800 1749 1872 explanationi

131 1897 407 1969 praefixas
435 1908 537 1963 est,
569 1898 665 1952 viri
716 1896 1116 1966 eloquentissimi
1168 1894 1390 1961 Hilarii,
1425 1902 1472 1951 et
1512 1890 1577 1951 Β.
1607 1908 1750 1948 mar-

134 1990 279 2062 tyris
320 1987 590 2055 Victorini,
632 2005 758 2060 quos
787 1990 840 2043 in
873 1987 1123 2047 Matthiae
1156 1988 1362 2053 diverso
1389 2002 1641 2055 sermone,
1661 1984 1753 2041 sed

140 2098 261 2154 una
305 2083 471 2153 gratia
498 2082 728 2152 Spiritus
759 2081 1048 2148 ediderunt,
1082 2092 1194 2153 post
1216 2097 1409 2153 paucos
1438 2081 1546 2137 dies
1573 2079 1641 2141 ad
1666 2094 1753 2139 vos

138 2176 357 2232 mittere
384 2177 636 2248 disposui,
670 2194 733 2233 ne
768 2176 1013 2249 ignoretis
1041 2185 1289 2247 quantum
1318 2176 1509 2231 nostris
1554 2188 1756 2244 quoque

141 2268 447 2325 hominibus
473 2268 706 2342 (Latinis
736 2264 1012 2339 videlicet)
1042 2277 1335 2327 sanctarum
1366 2266 1755 2336 Scripturarnm

140 2360 413 2435 quondam
433 2361 662 2425 studium
694 2361 870 2432 fuerit.
896 2359 1105 2429 Quibus
1136 2359 1315 2415 verbis
1342 2356 1575 2429 quodam
1599 2367 1755 2429 pacto

147 2455 363 2515 iudicat
392 2454 769 2528 Hieronymus,
797 2470 1076 2517 sacrarum
1104 2453 1407 2519 litterarum
1447 2452 1755 2522 intelligen-

1847 1243 2197 1299 commentarii
2226 1243 2278 1303 in
2310 1243 2632 1313 Matt/urunt,
2664 1256 2711 1300 et
2740 1258 2986 1307 tractatus
3007 1251 3061 1307 in
3087 1250 3211 1319 Job,
3238 1270 3365 1323 quos
3384 1256 3450 1313 de

1846 1349 2015 1407 grceco
2044 1334 2280 1406 Origenis
2298 1337 2369 1397 ad
2391 1354 2592 1395 sensum
2619 1341 2901 1401 transtulit.
2933 1346 3148 1416 Anceps
3172 1347 3318 1407 enim
3344 1357 3450 1415 est,

1849 1441 1915 1487 an
1939 1427 2087 1484 solus
2106 1438 2362 1489 tractatus
2385 1432 2437 1487 in
2460 1431 2562 1491 Job
2587 1435 2707 1495 velit
2731 1450 2795 1497 ex
2809 1451 2991 1507 graeco
3011 1437 3259 1510 Origcnis
3272 1449 3447 1499 transv

1850 1519 2009 1589 latos,
2039 1538 2106 1579 an
2131 1523 2293 1583 etiam
2320 1541 2444 1582 cum
2474 1526 2539 1585 iis
2567 1525 2997 1593 Commentarios
3029 1531 3080 1585 in
3107 1531 3442 1597 “inlibatum.

1849 1611 1920 1667 At
1962 1615 2361 1689 ambiguitatem
2404 1617 2522 1689 ipse
2561 1620 2727 1681 solvit
2773 1624 2935 1694 epist.
2979 1638 3145 1691 μιν,
3193 1624 3453 1693 adversus

1853 1707 2225 1783 Vigilantium,
2253 1727 2281 1765 a
2308 1727 2415 1782 quo
2438 1723 2721 1775 accusatus
2746 1716 2889 1785 quod
2917 1718 3168 1788 Origettis
3191 1718 3353 1775 lectio
3375 1718 3452 1775 ia-

1852 1802 2078 1863 miliaris
2098 1804 2147 1859 ei
2170 1803 2379 1872 fuisset,
2408 1819 2530 1865 cum
2554 1807 2743 1876 primis
2763 1809 3015 1877 reponit:
3048 1810 3110 1865 Si
3131 1811 3229 1873 [ioc
3256 1810 3453 1873 crimen

1852 1903 1947 1963 est,
1978 1906 2228 1965 arguatur
2255 1905 2301 1951 et
2327 1900 2589 1969 confessor
2619 1896 2881 1967 Hilarius,
2912 1901 3001 1970 qui
3031 1903 3456 1970 psalntoruminn

1852 1987 2261 2055 terpretationem
2288 1998 2335 2045 et
2361 1989 2604 2049 humilius
2633 1990 2687 2051 in
2718 1990 2819 2051 Job
2849 2007 2913 2055 ea:
2934 1991 3081 2049 libris
3104 1994 3240 2062 ejus,
3274 1994 3330 2049 id
3356 2003 3454 2061 est,

1855 2093 2102 2149 θερινωεο
2122 2079 2176 2137 in
2200 2079 2416 2139 latinum
2451 2081 2741 2143 transtullt.
2774 2082 2963 2154 Neque
2993 2085 3142 2147 enim
3175 2086 3278 2147 hoc
3307 2088 3454 2157 loco,

1854 2169 1920 2224 ad
1948 2170 2206 2239 majorem
2235 2184 2411 2227 causa:
2439 2188 2554 2229 sum
2581 2172 2976 2243 defensionem,
3016 2173 3453 2243 Commentarios

1858 2260 1909 2315 in
1957 2259 2266 2319 Maltbmum
2314 2263 2531 2321 silentio
2579 2266 3035 2337 praetertttisissct,
3068 2268 3112 2323 si
3142 2285 3239 2336 eos
3287 2269 3454 2335 etiam

1856 2352 2178 2423 credidisset
2203 2370 2271 2419 ex
2318 2355 2550 2428 Origene
2579 2358 2888 2423 translatos.
2919 2360 3027 2421 Sed
3056 2372 3111 2417 et
3144 2361 3251 2419 hoc
3280 2363 3457 2434 ipsum

1856 2448 2029 2518 magis
2053 2456 2202 2520 patet
2226 2464 2291 2517 ex
2324 2450 2477 2509 initio
2514 2452 2776 2523 apologis:
2820 2453 2990 2522 ipsius
3023 2454 3287 2511 adversus
3318 2456 3454 2517 Ruit

147 2550 286 2605 tiam
344 2549 607 2609 hactenus
634 2564 668 2604 e
696 2548 902 2611 Graecis
929 2549 1235 2619 quaesitam,
1261 2555 1313 2603 et
1342 2543 1573 2602 necdum
1615 2545 1754 2601 bene
1787 2533 1831 2593 Β
1859 2540 2050 2608 linum,
2077 2541 2166 2597 ubi
2191 2557 2519 2601 enumerans
2537 2545 2789 2615 antiquus
2808 2545 3056 2617 Origenis
3079 2550 3458 2629 translaturos,

145 2650 320 2703 notos
344 2640 436 2711 qui
464 2656 531 2701 ex
556 2638 764 2707 Latinis
793 2640 935 2705 idem
968 2638 1203 2701 studium
1230 2639 1615 2709 suscepissent.
1636 2638 1758 2710 ipse

152 2732 211 2787 in
241 2731 339 2787 lib.
380 2730 450 2789 de
484 2732 682 2802 Script.
726 2732 862 2788 ecel.
906 2731 953 2789 si
992 2730 1331 2793 Victorinum
1371 2730 1628 2800 excipias,
1665 2730 1755 2801 qui

150 2822 322 2883 etiam
370 2841 471 2883 non
494 2840 640 2897 mque
669 2823 824 2879 latine
859 2833 915 2879 ut
955 2839 1123 2897 graece
1160 2832 1388 2893 uouerat,
1408 2822 1610 2878 nullius
1629 2831 1756 2880 ante

152 2918 427 2987 llilarium
481 2919 534 2975 in
562 2918 872 2989 Scripturas
896 2910 1116 2990 operam
1146 2927 1430 2982 memorat,
1466 2918 1568 2973 nisi
1595 2917 1757 2991 Rhae—

158 3010 260 3077 tici
291 3008 603 3071 lletluorum
646 3011 887 3083 episcopi
934 3012 987 3066 in
1027 3010 1272 3077 Cantica,
1304 3018 1359 3071 et
1383 3008 1757 3069 Fortunatiani

156 3101 523 3177 Aquileiensis
551 3103 601 3156 in
628 3112 857 3174 ﬂllilllml'
896 3101 1184 3173 Evangelia
1209 3101 1346 3155 breui
1365 3110 1413 3156 et
1438 3102 1631 3156 rustico
1647 3118 1757 3156 ser-

157 3209 330 3248 mone.
356 3194 447 3249 llis
474 3202 653 3253 autem
683 3209 805 3257 cum
838 3193 1060 3265 aequalis
1086 3192 1246 3249 luerit
1277 3191 1533 3258 Hilarius,
1559 3194 1760 3263 primas

156 3287 212 3349 ei
245 3288 384 3351 inter
428 3285 651 3347 Latinos
682 3287 978 3356 Scriptura:
1033 3284 1357 3355 interpretes
1399 3284 1530 3340 dare
1553 3285 1599 3338 si
1649 3300 1757 3340 non

158 3378 350 3445 licebit
368 3378 594 3446 ;-licehit
623 3390 772 3439 certe
793 3394 916 3439 eum
944 3377 1131 3449 primis
1159 3391 1281 3435 eum
1311 3390 1624 3432 accensere.
1654 3376 1762 3433 Dn.-

162 3468 326 3539 bitari
356 3468 517 3529 etiam
561 3477 761 3539 potest,
808 3484 876 3524 an
910 3467 1142 3525 Maltbmi
1190 3467 1526 3537 evangelium
1557 3466 1624 3522 ab
1648 3466 1761 3525 ullo

163 3561 480 3621 Latinorum
510 3572 636 3619 ante
683 3577 743 3621 sc
770 3561 1122 3637 explanatum
1162 3560 1368 3617 scierit.
1399 3557 1586 3629 Neque
1612 3558 1758 3615 enim

162 3652 379 3713 videtur
405 3653 795 3725 expositionem
825 3652 966 3709 illius
990 3667 1347 3724 aggressurus
1375 3650 1561 3719 fuisse,
1582 3651 1627 3708 si
1658 3649 1761 3707 hoc

169 3744 336 3799 latine
379 3745 489 3814 jam
529 3746 836 3803 conlectum
892 3745 1180 3810 rescisset;
1210 3759 1333 3807 cum
1365 3744 1454 3800 vel
1485 3742 1539 3798 in
1561 3741 1759 3805 oratio-

165 3849 292 3895 nem
320 3834 676 3903 Dominicam,
714 3844 772 3888 ut
799 3844 1026 3891 testatur
1059 3836 1174 3906 ipse
1211 3849 1259 3889 c.
1290 3833 1345 3903 ii,
1376 3833 1577 3888 idcirco
1604 3831 1760 3889 dum-

167 3940 322 3995 taxat
345 3930 586 3997 scribere
628 3929 1015 4002 supersederit,
1043 3930 1166 4000 quia
1188 3928 1438 3993 eamdem
1460 3925 1760 4000 Cyprianus

166 4024 509 4101 explicasset.
539 4025 658 4093 Quo
691 4024 744 4083 in
775 4022 896 4081 loco
937 4037 1043 4078 non
1073 4022 1198 4083 silet
1225 4022 1564 4093 aptissimum
1596 4020 1760 4079 etiam

166 4117 235 4187 de
255 4116 443 4179 eadem
488 4118 740 4179 oratione
764 4116 1017 4175 volumen
1061 4131 1090 4169 a
1113 4113 1452 4175 Tertulliano
1472 4115 1758 4187 scriptum,

163 4210 262 4273 sed
311 4210 381 4275 ob
431 4225 673 4271 errorem
724 4218 1148 4280 consequentent
1199 4205 1436 4267 hominis
1463 4204 1759 4260 detractam

156 4303 386 4377 scriptis
407 4301 775 4372 probabilibus
796 4300 1203 4363 auctoritatem.
1228 4297 1395 4369 ᾤετο
1421 4295 1639 4369 quidem
1669 4294 1763 4357 da-

172 4403 319 4459 retur
354 4392 613 4449 Victorini
643 4407 807 4469 opera
837 4406 955 4451 eum
980 4391 1280 4461 ignorasse,
1312 4388 1358 4443 si
1382 4402 1504 4455 cum
1524 4385 1762 4447 Mariano

168 4490 222 4549 in
242 4486 481 4549 editione
513 4486 825 4560 Hieronymi
852 4485 919 4541 tle
948 4484 1151 4555 Script.
1182 4482 1379 4545 eccles.
1409 4482 1551 4547 idem
1582 4479 1763 4535 νιοιο-

171 4578 317 4645 rinus
348 4576 708 4645 Pictaviensis,
752 4585 807 4633 et
853 4591 960 4637 non
1001 4575 1179 4645 potius
1227 4588 1350 4653 cum
1383 4587 1515 4629 mss.
1544 4569 1760 4633 θυιΡὶ-

172 4676 501 4745 rapianensis,
531 4687 623 4732 aut
647 4672 1050 4736 Petobionensis,
1072 4680 1168 4735 aut
1196 4668 1637 4743 Poetabionensis,
1671 4674 1764 4727 aut

160 4770 423 4843 denique,
454 4767 596 4839 quod
624 4765 790 4829 habet
817 4764 1206 4822 Cermanensis
1229 4763 1398 4820 codex
1422 4762 1615 4821 litteris
1643 4760 1761 4827 lle-

154 4863 456 4936 J'ot'ingicis
482 4871 765 4931 curatus,
793 4860 1215 4925 Pectubionensis
1242 4859 1295 4916 in
1316 4859 1601 4935 superiore
1622 4857 1763 4915 Pan-

168 4957 329 5021 nonia
372 4954 662 5027 episcopus
698 4950 1022 5017 scribendas
1064 4961 1230 5008 esset.
1262 4949 1369 5008 Sed
1393 4959 1448 5006 et
1473 4966 1535 5007 ex
1570 4950 1764 5009 Hiero-

172 5065 332 5123 nymo
369 5048 482 5119 jam
528 5046 831 5107 audivimus
864 5044 1290 5105 commentarios
1348 5043 1628 5114 utriusque
1680 5042 1762 5111 di-

176 5158 324 5202 verso
368 5157 625 5209 sermone
651 5141 816 5199 fuisse
840 5139 1201 5209 conscriptos.
1228 5137 1416 5211 Itaque
1436 5136 1562 5191 dum
1588 5137 1642 5191 in
1679 5135 1763 5192 bis

176 5238 394 5293 aliorum
433 5237 731 5301 sententias
773 5232 932 5291 affert
968 5229 1224 5296 Hilarius,
1253 5246 1362 5293 non
1390 5237 1499 5284 tam
1542 5227 1762 5285 Graccus

179 5327 549 5399 intelligendi»
578 5335 662 5385 est
691 5337 1011 5395 memorare,
1053 5338 1210 5403 quam
1243 5319 1485 5387 Latinos.

240 5420 305 5485 ll,
348 5419 427 5481 An
452 5419 508 5481 in
548 5417 645 5473 hoc
670 5430 822 5489 opere
843 5414 1122 5485 quidnuam
1150 5429 1216 5469 ex
1252 5410 1473 5484 Origene
1496 5418 1759 5465 mutuatus

166 5515 257 5577 sit,
284 5541 358 5555 -—
385 5510 502 5569 Non
526 5510 723 5571 desunt
760 5507 854 5580 qui
884 5513 1070 5577 putent
1094 5547 1109 5573 ,
1137 5505 1290 5561 illum
1320 5511 1377 5565 ut
1414 5504 1466 5563 in
1499 5502 1759 5574 psaltrias,

170 5610 245 5673 ita
268 5618 326 5667 et
346 5608 434 5669 hic
460 5608 518 5669 in
544 5602 875 5668 “iubatum,
902 5602 1194 5670 Scriptura:
1220 5614 1413 5659 sensus
1433 5613 1502 5653 ex
1529 5597 1763 5666 Origene

176 5701 335 5761 fuisse
356 5707 685 5763 muluium.
736 5693 1050 5761 Hieronymi
1098 5691 1263 5749 verba
1308 5690 1403 5744 lib.
1446 5690 1514 5745 de
1560 5687 1758 5758 Script.

1856 2631 2038 2689 statim
2071 2633 2272 2702 profert
2302 2632 2561 2691 Hilarium
2586 2640 2955 2707 confessorem,
2997 2640 3452 2713 quiquadraginla

1857 2727 2019 2796 ferme
2047 2724 2213 2787 millia
2232 2742 2467 2787 versuum
2499 2726 2738 2801 Origsnis
2757 2730 2812 2784 in
2833 2729 2935 2791 Job
2956 2741 3006 2797 et
3032 2734 3265 2804 psalmos
3290 2745 3464 2797 trans-

1860 2818 1996 2875 tulit.
2024 2817 2185 2875 Certe
2214 2819 2266 2875 in
2296 2831 2559 2893 promptu
2585 2822 2632 2878 ei
2661 2824 2833 2894 magis
2862 2834 2981 2887 erat
3006 2830 3458 2899 commentarium

1860 2908 2150 2979 integrum,
2177 2926 2335 2983 quam
2363 2922 2443 2980 tot
2465 2929 2718 2979 versuum
2749 2917 2913 2977 millia
2941 2933 3247 2981 recensere.
3275 2921 3386 2985 Aut
3410 2922 3459 2979 si

1859 3015 1927 3056 ex
1948 3016 2176 3059 numero
2194 3018 2444 3061 versuum
2469 3006 2675 3079 putavit
2697 3017 2879 3079 partes
2898 3022 3025 3067 suas
3046 3012 3243 3081 jnvari,
3273 3013 3462 3085 quidni

1860 3106 1926 3157 ex
1971 3094 2314 3157 multitudine
2359 3098 2625 3168 operum?
2671 3098 2809 3169 Quid
2850 3101 2993 3173 quod
3036 3103 3285 3174 Origenis
3315 3114 3463 3165 trac-

1860 3193 2005 3247 tatus
2031 3188 2407 3256 expetentibus
2437 3190 2540 3253 hoc
2567 3190 2757 3249 Hilarii
2784 3208 2922 3263 opus
2946 3197 3308 3269 promittens,
3351 3214 3462 3265 non

1860 3279 2081 3343 mandat
2103 3279 2351 3352 Origettis
2376 3285 2663 3349 sententiis
2697 3286 2979 3357 refertum,
3008 3288 3105 3345 sed
3130 3292 3302 3362 gratia
3331 3291 3458 3363 Spio

1861 3371 1990 3433 ritus
2015 3371 2042 3426 ?

1930 3461 2019 3525 Ill.
2064 3463 2268 3536 Stytus.
2301 3463 2478 3523 -.-—Sed
2508 3482 2683 3539 neque
2731 3467 2896 3537 hujus
2928 3473 3306 3535 commentarii
3335 3490 3460 3545 cum

1862 3556 2325 3617 lucubrationibus
2370 3560 2458 3628 iis,
2500 3575 2631 3634 quas
2678 3577 2745 3619 ex
2773 3561 3005 3636 Origene
3052 3566 3104 3622 in
3149 3565 3463 3629 Matthmum

1864 3649 2167 3721 habemus,
2229 3651 2484 3724 frequens
2530 3655 2820 3712 admodum
2863 3660 3103 3717 occurrit
3145 3664 3456 3727 consensio.

1864 3741 1978 3800 [loc
2005 3758 2134 3799 vero
2164 3745 2396 3801 maxime
2436 3746 2506 3802 ab
2531 3744 2597 3807 iis
2624 3746 2893 3820 dissentit,
2922 3750 3068 3820 quod
3113 3765 3235 3811 rara
3280 3753 3337 3809 in
3366 3769 3459 3810 re-

1862 3852 1983 3895 rum
2014 3849 2381 3897 enarratarttm
2424 3841 2797 3931 probationem
2840 3844 3237 3925 Scripturarum
3288 3847 3463 3913 addu-

1860 3938 2054 3987 cantur
2083 3931 2411 3989 testimonia.
2459 3932 2734 4006 Nusquam
2766 3936 2930 3997 etiam
2979 3938 3138 4003 latius
3177 3939 3457 4012 divagatur

1860 4026 2069 4094 oratio;
2096 4025 2192 4085 sed
2221 4041 2391 4098 prope
2416 4041 2633 4100 semper
2659 4045 2843 4091 sermo
2871 4035 3142 4104 concisus,
3190 4049 3246 4097 et
3273 4039 3461 4106 paucis

1863 4118 2228 4195 complectens
2250 4120 2417 4179 multa
2444 4136 2458 4174 :
2486 4120 2630 4189 quod
2653 4122 2723 4181 ab
2748 4122 3068 4194 Origeniana
3095 4126 3340 4187 discendi
3367 4144 3454 4186 rae

1864 4208 2007 4268 tione
2035 4210 2219 4279 procul
2245 4210 2417 4267 abest.
2451 4210 2708 4273 Brevitati
2740 4224 2918 4279 autem
2937 4216 3067 4277 dum
3096 4219 3278 4281 studet
3304 4219 3461 4281 Hila-

1863 4301 1996 4367 rius,
2029 4302 2283 4363 nonnulla
2314 4303 2513 4374 passim
2558 4304 2748 4369 reticet
2792 4309 2976 4374 verba,
3026 4324 3202 4379 neque
3230 4327 3452 4381 semper

1858 4390 2125 4451 accuratis
2171 4394 2535 4464 grammatica:
2581 4396 2791 4467 legibus
2834 4399 3209 4472 adstringitur.
3257 4403 3366 4463 Sed
3394 4414 3450 4471 et

1858 4484 2123 4557 quosdam
2150 4484 2444 4558 Scriptura:
2471 4486 2618 4545 locos
2642 4488 2713 4547 ita
2738 4488 2929 4549 leviter
2964 4493 3152 4564 tangit,
3193 4501 3251 4553 ttt
3277 4495 3451 4561 utter.

1863 4574 1989 4635 dum
2015 4578 2181 4635 menti
2206 4593 2312 4639 non
2330 4591 2578 4639 occurrat
2599 4580 2727 4651 quid
2757 4583 2903 4651 velit,
2924 4584 3028 4643 nisi
3051 4595 3261 4656 partem
3278 4589 3457 4653 Evam-

1861 4667 1991 4739 gelii
2035 4684 2194 4743 quam
2225 4670 2477 4743 explanat
2523 4672 2851 4744 pmlcgeris.
2899 4672 3022 4745 Ipse
3064 4688 3121 4739 ut
3162 4680 3455 4749 plurimum

1864 4763 2171 4833 evangelica
2196 4762 2339 4823 dicta
2366 4773 2593 4836 gestare
2620 4766 2847 4829 strictim
2866 4772 3234 4839 percurrendo
3250 4788 3313 4829 ea
3334 4776 3455 4831 ani-

1865 4870 1957 4911 mo
1978 4856 2138 4911 sistit.
2186 4856 2324 4913 Tum
2355 4857 2548 4915 littera:
2586 4872 2803 4922 sensum
2840 4874 3225 4935 nonnunquam
3262 4868 3455 4937 paucis

1865 4947 2084 5005 indicat.
2113 4948 2184 5005 At
2214 4950 2514 5022 praecipuus
2541 4965 2606 5007 ac
2634 4950 2748 5008 fere
2769 4960 2915 5009 totus
2940 4954 3085 5019 illius
3111 4956 3264 5016 labor
3283 4963 3448 5029 estin

1865 5040 2198 5119 spiritalibus
2218 5051 2272 5097 et
2300 5042 2565 5099 abstrusis
2585 5044 2838 5105 sensibus
2858 5044 3270 5121 investigandis.

1939 5131 2027 5189 ιγ.
2058 5130 2441 5203 Interpretandi
2470 5135 2624 5191 ratio.
2653 5165 2725 5175 —
2747 5136 2864 5195 Non
2889 5139 3032 5207 enim
3062 5149 3269 5209 tantum
3301 5157 3458 5213 vetus

1867 5223 2309 5289 instrumentum,
2332 5224 2427 5287 sed
2459 5225 2621 5283 etiam
2661 5241 2859 5286 novum
2884 5270 2900 5298 ,
2928 5242 3128 5302 praeter
3155 5236 3460 5308 simplicem

1789 5294 1845 5357 Ῑ)
1871 5316 2312 5388 intelligentiam,
2344 5316 2517 5371 altera
2544 5318 2708 5374 etiam
2734 5294 2948 5390 altiore,
2972 5322 3235 5384 interiore
3258 5294 3457 5400 .et'sp';

1870 5412 2009 5469 ritali
2042 5409 2297 5471 refertum
2323 5424 2443 5469 esse
2470 5410 2852 5471 existimabat:
2883 5416 3067 5473 Sermo
3106 5418 3207 5477 Dei
3223 5460 3239 5482 .
3281 5420 3460 5492 inquit

1864 5518 1983 5575 cap.
2017 5503 2103 5567 12,
2137 5520 2193 5558 n.
2222 5501 2275 5569 9,
2306 5503 2446 5559 dives
2468 5513 2563 5567 est.
2589 5516 2634 5559 et
2662 5509 2730 5561 ad
2765 5518 3123 5577 argumentum
3147 5512 3348 5581 positus
3370 5514 3458 5569 in-

1866 5595 2156 5667 telligentia:
2180 5596 2455 5666 plurimam
2481 5596 2544 5650 de
2562 5612 2617 5651 se
2636 5599 2984 5667 exemplorum
3003 5600 3203 5667 copiam
3223 5601 3413 5668 prwbu
3436 5619 3459 5658 :

1868 5696 1914 5753 et
1942 5686 2022 5751 vel
2044 5686 2348 5763 simpliciter
2375 5684 2692 5759 intellectus,
2721 5685 2799 5751 vel
2823 5686 3078 5759 impactus
3112 5686 3359 5755 interius,
3388 5693 3459 5747 ad

178 5792 307 5852 ecel.
333 5790 581 5863 ambigua
605 5796 753 5854 sunt,
779 5799 902 5847 cum
926 5782 1113 5847 Hilarii
1146 5796 1315 5855 opera
1338 5795 1627 5838 recensens
1652 5780 1768 5836 haec
1870 5793 2071 5837 omnem
2092 5777 2381 5850 protectum
2401 5784 2473 5832 est
2500 5772 2832 5839 necessarius.
2862 5772 2973 5835 Sed
2993 5774 3180 5835 relictis
3221 5778 3300 5843 Itis
3340 5798 3460 5853 qua
