3974 6198
507 233 612 293 911

1453 225 1544 282 DE
1580 221 2076 283 COMMENTARIO
2127 221 2378 282 SANCTI
2409 224 2663 286 IIILARII
2694 227 3007 289 EPISCOPI
3712 233 3787 291 9H

515 348 586 401 ad
612 359 924 401 communem
947 341 1334 414 intelligentiam
1356 349 1550 413 patent,
1583 339 1752 394 causis
1775 337 2102 392 interioribus
2129 337 2183 398 Α
2207 351 2356 408 gogze
2381 380 2396 406 ,
2446 339 2754 397 Jndmomm
2805 354 2859 399 οι
2912 344 3161 400 Gentium
3219 361 3330 402 seu
3383 344 3782 403 Chrpﬁmmmm

511 445 860 497 immorentur.
903 439 1109 508 Quibus
1136 437 1315 494 verbis
1341 436 1612 502 declarat,
1653 434 1918 504 duplicem
1961 432 2106 487 illam

515 533 925 604 intelligentiam
973 531 1156 586 utilem
1202 545 1264 585 ac
1292 528 1650 584 necessariam
1681 541 1803 581 esse
1828 569 1842 593 ,
1873 539 1932 579 sc
1978 538 2110 579 vero

515 627 757 684 interiori
792 624 1128 697 potissimum
1177 631 1231 678 et
1273 621 1496 691 spiritali
1545 620 1862 686 adhzerere;
1908 629 1964 676 et
2004 619 2109 676 hoc

516 719 758 792 quidem,
797 714 920 789 quia
953 715 1181 786 simplex
1218 713 1414 785 cuique
1443 728 1538 784 per
1565 729 1624 769 se
1653 714 1837 783 obvia,
1866 729 2108 770 commu-

512 830 637 870 nem
670 820 885 884 captum
911 827 1017 866 non
1045 817 1284 880 superet.
1513 801 1522 811 ’

587 907 655 960 ν.
684 905 768 960 Ea:
791 905 983 959 intimis
1003 905 1166 974 ipsius
1197 902 1485 972 Scriptura:
1510 900 1737 957 sensibus
1758 908 1829 956 est
1851 899 2024 972 petita.
2041 926 2112 939 ——-

522 998 674 1054 lianc
703 1005 881 1052 autem
913 995 1140 1052 adorsus
1165 992 1556 1065 interpretandi
1588 993 1854 1048 rationem
1875 1033 1888 1058 ,
1916 1007 1976 1047 se
2005 1005 2111 1046 non

516 1091 792 1162 propriam
825 1090 988 1145 animi
1029 1089 1352 1145 sententiam
1383 1093 1679 1152 sectatum,
1714 1100 1890 1156 neque
1926 1084 1993 1140 ad
2021 1099 2115 1139 co-

518 1185 683 1256 gitata
714 1183 1044 1253 Scripturas,
1077 1181 1170 1237 sed
1196 1180 1263 1236 ad
1295 1180 1604 1250 Scripturas
1642 1179 1875 1249 cogitata
1900 1192 2114 1234 accom-

522 1278 775 1332 modasse
801 1291 923 1346 cap.
949 1275 1003 1342 7,
1029 1291 1083 1330 n.
1114 1277 1169 1339 8,
1195 1276 1476 1343 prolitetur
1505 1273 1588 1328 his
1617 1271 1798 1328 verbis
1833 1289 1846 1326 :
1873 1269 1996 1324 Non
2024 1285 2115 1324 nos

518 1369 910 1440 intelligentiam
953 1367 1234 1438 ﬁngimus;
1265 1365 1352 1420 sed
1379 1374 1522 1437 gesta
1565 1364 1679 1435 ipsa
1725 1362 2116 1434 intelligentiam

518 1461 903 1531 impertiuntur.
941 1457 1122 1526 Neque
1145 1457 1279 1511 enim
1305 1472 1388 1511 res
1410 1455 1757 1526 intelligentiae
1777 1496 1791 1518 ,
1825 1453 1915 1508 sed
1941 1454 2014 1507 rei
2042 1455 2120 1506 in-

526 1554 805 1623 telligentia
827 1549 1190 1606 subsecundat.
1221 1548 1445 1604 Fatetur
1467 1547 1684 1619 quidem
1723 1562 1772 1603 c.
1809 1545 1877 1601 I9
1897 1589 1912 1612 ,
1942 1561 1997 1600 η.
2038 1545 2072 1599 1
2099 1585 2114 1610 ,

521 1653 583 1699 ut
610 1654 661 1700 et
685 1643 981 1712 saepissime
1007 1643 1161 1710 alias,
1193 1641 1333 1713 quod
1365 1655 1452 1696 res
1481 1655 1672 1694 omnes
1698 1682 1711 1705 ,
1740 1655 1859 1710 qua:
1899 1638 2116 1709 scriptae

2211 437 2415 497 status,
2447 449 2604 503 quem
2634 436 2700 490 iis
2740 437 2899 492 dit-tis
2938 454 3002 494 ac
3027 440 3192 510 gestis
3237 439 3665 511 prmformatum
3704 460 3785 500 esse

2212 535 2448 578 enarrat.
2480 525 2535 580 In
2567 526 2650 582 his
2677 538 2761 583 sat
2782 530 3012 586 celebris
3033 541 3115 586 est
3137 531 3472 588 Judmorum
3508 533 3782 603 distinctio,

2211 630 2399 671 eorum
2446 617 2698 675 videlicet
2748 635 3038 690 paucorum
3092 639 3323 678 numero
3353 665 3370 689 ,
3407 623 3508 694 qui
3540 624 3788 697 Evangelia

2213 719 2526 791 paruerunt,
2555 721 2612 766 et
2652 727 2841 769 eorum
2873 714 3031 787 longe
3062 716 3460 786 plurimorum,
3492 718 3586 789 qui
3613 719 3790 775 restite-

2209 808 2360 863 runt,

2286 893 2422 949 VIII.
2479 894 2661 967 Operis
2713 898 2867 970 hujus
2915 901 3323 958 nomenclatura.
3370 932 3452 946 ——
3485 904 3571 959 An
3607 920 3723 959 vero
3745 907 3789 961 ad

2214 986 2470 1056 populum
2525 989 2624 1043 ista
2703 993 3072 1060 peroraverit,
3128 995 3435 1051 incertum.
3494 995 3665 1050 Imtno
3701 1013 3790 1054 cum

2214 1093 2334 1149 cap.
2370 1080 2457 1146 I9,
2492 1097 2546 1136 η.
2583 1083 2642 1137 11
2674 1126 2689 1150 ,
2723 1083 2844 1138 libri
2883 1087 3101 1143 nomine
3135 1087 3236 1144 hoc
3262 1104 3414 1160 opus
3465 1088 3589 1160 ipse
3629 1107 3792 1146 nuncu-

2219 1181 2344 1240 pet;
2376 1183 2586 1228 certum
2611 1185 2695 1230 est
2719 1191 2826 1230 non
2859 1176 2910 1231 in
2944 1177 3160 1233 modum
3193 1181 3545 1237 concionum
3576 1183 3630 1236 in
3653 1183 3789 1238 lucem

2217 1263 2384 1321 fuisse
2410 1265 2636 1322 editum.
2667 1267 2722 1323 In
2748 1268 3068 1338 quibusdam
3102 1287 3232 1328 mss.
3264 1273 3598 1329 inscribitur
3625 1293 3638 1327 :
3667 1273 3790 1329 Troc-

2218 1365 2352 1412 tatus
2377 1375 2532 1430 super
2553 1358 2890 1428 Matt/imum;
2914 1361 2965 1416 in
2996 1363 3115 1419 aliis
3143 1383 3157 1418 :
3189 1363 3484 1436 Expositio
3515 1383 3666 1436 super
3690 1367 3794 1422 llat-

2219 1449 2405 1503 tltazum
2426 1466 2445 1515 ;
2467 1449 2520 1504 in
2542 1452 2753 1507 ceteris
2781 1471 2792 1506 :
2817 1449 3252 1509 Commentarium
3277 1472 3455 1527 super
3485 1456 3789 1513 Μαιιιιιειιιιιε

2218 1555 2323 1610 quo
2346 1541 2564 1597 nomine
2593 1552 2904 1600 constanter
2927 1545 2995 1601 ab
3021 1545 3361 1619 Hieronymo
3389 1549 3712 1619 appellatur,
3732 1551 3793 1620 ip-

2221 1647 2397 1689 sumet
2425 1635 2625 1690 llilario
2651 1636 3011 1708 suﬂ‘ragante,
3042 1655 3164 1710 cap.
3197 1640 3233 1696 5
3257 1681 3272 1705 ,
3307 1659 3368 1696 ιι.
3401 1643 3429 1698 1
3457 1685 3476 1710 ,
3504 1643 3593 1698 ubi
3619 1643 3680 1698 de
3700 1659 3792 1698 ora-

517 1736 724 1810 sunt(in
744 1733 1710 1806 evangelio)gestmeﬂectaequesunt.
1731 1733 1799 1787 At
1818 1731 1997 1786 statim
2016 1729 2114 1784 ad-
2145 1721 2194 1781 B
2220 1729 2367 1782 tione
2401 1728 2673 1785 Dominica
2715 1733 3089 1788 commentandi
3119 1735 3433 1792 necessitate
3474 1752 3541 1794 se
3568 1753 3600 1791 a
3627 1738 3684 1792 Β.
3709 1739 3792 1809 Cy-

512 1841 697 1886 monet
720 1846 800 1894 ea,
824 1829 1040 1899 quaesub
1061 1827 1170 1881 Deo
1190 1824 1450 1896 (Christo)
1467 1825 1766 1895 agebantur,
1791 1823 2116 1893 praesentium

513 1921 794 1989 effectibus,
819 1919 1228 1990 consequentium
1255 1923 1477 1989 formam
1505 1917 1790 1987 pra'tulisse
1821 1931 1838 1969 :
1867 1923 2016 1985 atque
2044 1917 2117 1968 ita

513 2029 714 2083 semper
736 2013 788 2066 in
809 2011 1097 2081 Scripturis
1132 2009 1418 2064 caelestibus
1463 2023 1746 2063 sermonem
1779 2016 2114 2077 temperatura

515 2105 677 2176 fuisse
695 2145 710 2166 ,
748 2113 804 2158 ut
829 2120 929 2157 non
958 2103 1125 2156 minus
1153 2102 1230 2155 Itis
1255 2117 1370 2172 qua:
1391 2100 1692 2172 gerebantur
1714 2141 1728 2165 ,
1759 2115 1913 2168 quam
1940 2112 2116 2152 eorum

514 2215 628 2272 qua:
655 2199 876 2271 gerenda
903 2205 1067 2253 essent
1095 2195 1423 2251 similitudini
1445 2194 1788 2248 convenirent.

591 2291 678 2347 VI.
715 2293 831 2360 Qua
853 2291 1052 2345 ratione
1097 2288 1302 2360 indaget
1343 2288 1478 2358 quod
1522 2286 1754 2356 Spiritus
1802 2295 2009 2340 sanctus
2040 2284 2118 2338 la-

521 2393 681 2440 tenter
700 2383 1026 2455 signiﬁcavit.
1057 2411 1130 2421 —
1147 2380 1222 2434 Ea
1247 2386 1304 2434 ut
1343 2389 1664 2449 assequatur
1684 2418 1699 2444 ,
1725 2392 1846 2447 qua:
1871 2377 1922 2431 in
1953 2391 2118 2432 evan-

516 2477 707 2549 gelicis
747 2476 965 2545 scriptis
994 2473 1221 2529 dictisve
1273 2471 1605 2542 praeligurari
1647 2471 1747 2525 sibi
1800 2483 2113 2540 persuasum

517 2577 638 2634 est,
671 2568 962 2623 observare
989 2565 1131 2620 solet
1154 2563 1404 2620 ordinem
1439 2578 1619 2618 rerum
1661 2573 1934 2634 gestarum
1959 2603 1972 2626 ,
1997 2576 2119 2616 ver-

522 2663 714 2718 borum
744 2661 1123 2732 proprietates,
1156 2673 1257 2714 nec
1279 2674 1387 2714 non
1414 2659 1679 2723 locorum,
1713 2666 2014 2727 temporum
2055 2670 2118 2710 ac

519 2769 874 2826 personarum
923 2753 1188 2808 rationem
1221 2768 1236 2806 :
1267 2752 1460 2822 hisque
1494 2751 1743 2806 omnibus
1784 2750 1950 2820 probe
1990 2763 2114 2818 per-

522 2849 712 2919 pensis
735 2855 895 2918 atque
919 2846 1234 2918 perspectis,
1262 2843 1544 2899 contendit
1565 2857 1966 2912 nonnumquam
1993 2839 2110 2894 ﬁeri

517 2945 607 3000 vix
637 2943 872 3012 potuisse
899 2983 912 3008 ,
969 2939 1096 3012 quin
1125 2981 1140 3005 ,
1181 2945 1380 3009 praeter
1437 2939 1629 2992 litterae
1671 2951 1887 2990 sensum
1909 2976 1923 3000 ,
1951 2933 2114 2989 alium

520 3036 806 3109 quemdam
855 3034 1153 3106 spiritalem
1201 3032 1359 3088 nobis
1384 3031 1622 3100 Spiritus
1651 3039 1871 3084 sanctus
1912 3026 2114 3097 signiﬁ-

2219 1822 2412 1892 priano
2437 1823 2720 1880 liberatum
2752 1837 3037 1882 memorat.

2289 1912 2380 1968 IX.
2425 1913 2752 1972 lndubitatus
2790 1928 2866 1973 est
2897 1917 3092 1974 Hilarii
3137 1923 3289 1992 fetus.
3318 1953 3400 1962 —
3422 1922 3572 1978 Nihil
3618 1935 3693 1980 est
3720 1941 3791 1980 cur

2220 2006 2272 2062 in
2317 2009 2428 2064 illis
2453 2011 2855 2067 commentariis
2884 2013 3089 2068 I‘lilatio
3127 2017 3452 2074 asserendis
3485 2019 3677 2074 diutius
3716 2023 3786 2073 im-

2220 2117 2518 2158 moremor.
2559 2103 2673 2159 Non
2704 2104 2849 2160 enim
2873 2114 3079 2162 tantum
3119 2110 3329 2180 antiqui
3372 2112 3651 2168 tradidere
3676 2128 3787 2167 com-

2220 2196 2513 2252 mentarios
2557 2197 2610 2251 in
2644 2197 2951 2254 Mattha'um
2998 2200 3066 2255 ab
3118 2201 3210 2257 illo
3239 2204 3459 2271 editos;
3493 2205 3588 2262 sed
3613 2214 3660 2261 ct
3692 2221 3782 2261 cum

2219 2285 2286 2340 iis
2314 2302 2450 2357 quos
2474 2303 2582 2357 prae
2612 2290 2858 2346 manibus
2893 2291 3154 2350 habemus
3184 2299 3582 2366 consentiunt,
3613 2315 3713 2369 qua:
3735 2313 3781 2351 ex

2221 2379 2328 2434 illis
2357 2379 2693 2452 descripsere
2724 2382 3046 2441 Hincmarns
3084 2387 3180 2443 lib.
3209 2387 3278 2444 de
3311 2389 3580 2447 Prmdest.
3625 2406 3666 2446 c.
3702 2391 3776 2454 25,

2221 2473 2550 2543 Augustinus
2574 2517 2590 2540 ,
2619 2485 2740 2546 post
2779 2477 3050 2549 Pelagium
3077 2521 3091 2545 ,
3137 2480 3229 2536 lib.
3277 2482 3350 2538 de
3392 2481 3518 2538 Nat.
3571 2493 3624 2540 et
3664 2481 3777 2539 G‘rat.

2219 2580 2269 2622 c.
2296 2567 2366 2622 62
2386 2611 2399 2631 ,
2427 2576 2480 2622 et
2505 2568 2866 2643 Hieronymus
2892 2573 3051 2644 epist.
3076 2589 3235 2630 chv.
3260 2576 3362 2645 Qui
3391 2576 3609 2648 quidem
3637 2574 3778 2646 quanti

2221 2659 2342 2714 illos
2366 2659 2574 2728 fecerit,
2596 2663 2752 2718 initio
2769 2665 2926 2735 hujus
2947 2666 3328 2723 admonitionis
3349 2670 3474 2739 jam
3500 2669 3775 2737 audivimus.
3869 2634 3871 2710 l

2222 2751 2411 2808 Dicere
2442 2755 2603 2809 etiam
2628 2755 2788 2811 liceat
2817 2757 3162 2813 Ambrosium
3186 2776 3250 2814 ex
3281 2737 3366 2814 iis:
3381 2761 3663 2832 plurimum
3687 2773 3778 2828 pro

2220 2848 2431 2902 fecisse.
2456 2847 2617 2904 Certe
2636 2849 2836 2905 Lucam
2866 2864 3168 2919 exponens,
3202 2852 3270 2907 iis
3301 2853 3353 2907 in
3389 2855 3526 2910 locis
3549 2854 3597 2907 in
3624 2851 3774 2924 quibus

2221 2939 2308 2996 hic
2337 2941 2670 3012 evangelista
2694 2957 2818 2997 eum
2841 2942 3093 2998 Matthzno
3119 2945 3411 3010 convenit,
3443 2944 3715 3001 sententias
3732 2948 3773 2994 ut

2222 3033 2513 3103 plurimum
2544 3042 2636 3089 aut
2665 3034 2938 3101 imitatur,
2982 3046 3075 3090 aut
3101 3048 3377 3093 memorat
3400 3081 3416 3105 ,
3449 3053 3581 3110 quas
3625 3037 3671 3090 in
3711 3034 3770 3088 his

519 3143 647 3184 care
676 3125 931 3182 voluerit.
990 3125 1123 3180 Eam
1175 3125 1245 3179 ob
1288 3140 1403 3178 rem
1453 3122 1653 3177 factum
1695 3136 1818 3176 csse
1847 3129 2031 3191 putat.
2059 3125 2119 3172 ut
2143 3107 2189 3171 C
2221 3127 2624 3182 commentariis
2655 3136 2842 3182 noster
2869 3127 3104 3183 Hilarius
3133 3107 3498 3202 consignavit.

519 3221 766 3280 nonnihil
798 3219 1089 3292 aliquando
1121 3217 1191 3272 ad
1221 3216 1514 3288 perfectam
1547 3231 1727 3271 rerum
1773 3212 2117 3284 prtesentium

520 3317 898 3373 tractationem
929 3311 1346 3368 desideraretur.
1374 3311 1522 3367 Sicut
1544 3311 1598 3364 in
1627 3311 1820 3365 steteris
1848 3306 2121 3361 admonui-

518 3427 654 3473 mus,
687 3407 860 3478 inquit
887 3421 1010 3475 cap.
1041 3404 1134 3470 2I,
1170 3420 1226 3458 η.
1253 3407 1340 3472 15,
1372 3404 1454 3457 hic
1479 3419 1678 3473 quoque
1717 3401 2005 3454 meminisse
2028 3414 2120 3452 nos

521 3509 743 3569 oportet,
777 3498 968 3553 rationi
992 3514 1164 3552 rerum
1195 3497 1522 3570 prwsentium
1546 3495 1744 3564 aliquid
1771 3493 2024 3547 interdum
2061 3507 2120 3545 ea

521 3593 812 3647 conditione
837 3591 1028 3653 deesse,
1057 3598 1109 3642 ut
1140 3588 1430 3658 futurorum
1451 3589 1641 3656 species
1671 3587 1780 3639 sine
1815 3585 2004 3637 damno
2023 3583 2122 3635 ali-

522 3700 624 3754 quo
643 3683 989 3755 praeﬁgurata:
1003 3681 1024 3751 (
1040 3685 1080 3752 f.
1107 3679 1520 3750 prmligurantis)
1543 3678 1816 3747 rﬂicientite
1835 3675 2118 3749 expleatur.

603 3775 714 3829 VII.
752 3775 865 3828 Hoc
893 3790 1090 3842 semper
1125 3782 1335 3842 prwstat
1357 3773 1501 3826 salva
1538 3771 1767 3824 histor-ite
1793 3771 2020 3823 veritate.
2052 3798 2122 3808 —-

524 3866 698 3937 Hujus
728 3871 906 3918 autem
947 3863 1210 3933 spiritalis
1239 3861 1635 3932 intelligentiae,
1669 3876 1847 3916 rerum
1893 3861 2122 3915 circum-

528 3959 784 4018 stantium
811 3956 1020 4012 ratione
1050 3955 1253 4024 habita,
1287 3955 1666 4010 necessitatem
1695 3953 1767 4007 ita
1800 3953 2122 4023 quandoque

526 4052 804 4124 exprimit,
831 4059 889 4105 ut
918 4049 1018 4104 nisi
1055 4065 1200 4119 saepe
1243 4049 1440 4119 saepius
1481 4047 1783 4103 obtestatus
1809 4055 1992 4115 esset,
2021 4046 2123 4102 illi—

527 4147 715 4202 batum
749 4159 809 4200 se
837 4144 977 4199 velle
1006 4143 1199 4198 litterze
1239 4156 1456 4196 sensum
1483 4183 1499 4209 ,
1539 4140 1681 4195 hunc
1713 4154 1934 4209 prorsus
1964 4153 2125 4208 repu-

526 4238 680 4295 diare
704 4237 997 4293 videretur.
1023 4236 1286 4291 Crederes
1312 4279 1325 4301 ,
1386 4235 1536 4289 verbi
1580 4233 1750 4304 gratia
1780 4275 1795 4301 ,
1846 4248 1965 4303 cap.
2026 4232 2119 4297 I0,

526 4347 586 4387 n.
607 4331 695 4397 17,
723 4346 844 4386 eum
875 4344 1091 4400 negare,
1116 4329 1294 4384 verbis
1319 4345 1334 4382 :
1367 4326 1494 4382 Veni
1521 4327 1655 4382 enim
1685 4342 1929 4396 separare
1955 4325 2122 4395 ﬁlium

429 4411 442 4422 ’
531 4426 778 4479 adversus
808 4437 1024 4494 patrem,
1051 4432 1181 4488 etc.,
1227 4423 1388 4478 ullam
1412 4440 1441 4477 a
1475 4423 1790 4493 propinquis
1813 4421 2122 4478 carnalibus

2292 3220 2360 3275 X.
2395 3219 2646 3292 Prwfatio
2672 3221 2810 3277 deest
2838 3238 2992 3291 quant
3014 3222 3260 3278 ediderat.
3279 3224 3469 3279 —IIos
3510 3219 3769 3294 praefatione

2220 3322 2409 3368 auctos
2440 3313 2644 3368 viderat
2685 3313 2922 3369 Joannes
2961 3315 3270 3371 Cassianus.
3313 3317 3409 3372 Sic
3434 3316 3573 3372 enim
3600 3313 3678 3367 lib.
3717 3324 3767 3362 τη

2221 3402 2523 3459 delncarn.
2557 3419 2607 3458 c.
2639 3403 2748 3472 24,
2799 3414 3083 3476 postquam
3135 3407 3284 3476 plura
3338 3408 3526 3463 retulit
3551 3421 3610 3461 ex
3650 3398 3766 3457 libris

2225 3498 2412 3554 Hilarii
2443 3498 2509 3552 dc
2538 3498 2728 3553 Trinit.
2764 3508 3040 3568 excerpta,
3070 3500 3323 3571 subjicit:
3352 3501 3486 3556 Item
3508 3497 3704 3566 eiusdem
3729 3492 3766 3543 in

2223 3592 2466 3664 prooemio
2496 3590 2826 3660 expositionis
2850 3590 3116 3662 Evangelii
3153 3592 3440 3647 secundum
3469 3589 3763 3646 Munitorum:

2227 3683 2358 3738 Erat
2389 3699 2604 3753 namque
2631 3684 2855 3756 primum
2883 3686 3224 3739 necessarium
3247 3684 3416 3750 nobis,
3446 3697 3501 3739 ut
3529 3678 3763 3752 unigenitus
3869 3690 3871 3733 I

2225 3775 2367 3830 Deus
2398 3777 2556 3831 nostri
2586 3791 2741 3829 causa
2768 3776 2941 3839 homo,
2967 3777 3022 3830 id
3047 3778 3186 3847 quod
3214 3787 3324 3831 tum
3352 3795 3456 3833 non
3484 3784 3605 3837 erat,
3629 3771 3761 3842 gigne-

2223 3877 2386 3922 retur.
2436 3866 2572 3921 Itent
2611 3868 2666 3922 in
2710 3867 2884 3922 eodem
2925 3884 2944 3922 :
2974 3866 3201 3922 Tertium
3244 3869 3486 3940 deinceps
3527 3863 3643 3921 illud
3674 3872 3762 3913 col-

2224 3976 2408 4031 gruum
2450 3961 2580 4028 fuit,
2615 3970 2671 4014 ut
2694 3962 2814 4030 quia
2843 3959 2980 4015 Deus
3010 3961 3160 4016 homo
3189 3963 3390 4034 genitus
3428 3964 3483 4016 in
3516 3954 3706 4019 mundo,
3725 3955 3758 4001 tl

2225 4061 2430 4107 cetera.
2480 4051 2857 4109 Praefationem
2889 4053 3134 4109 eamdem
3180 4054 3395 4110 viderat
3443 4063 3499 4110 et
3538 4047 3756 4107 Aletrinas.
3859 4051 3870 4096 l

2226 4144 2559 4214 Quamquam
2605 4145 2946 4216 suspicamur
2983 4145 3377 4211 vehementer,
3438 4161 3501 4201 ex
3549 4155 3604 4198 ea
3648 4135 3755 4192 illum

2226 4236 2360 4292 nihil
2392 4237 2540 4292 aliud
2569 4237 2769 4294 vidisse
2790 4279 2804 4303 ,
2851 4253 3011 4310 quam
3035 4238 3181 4310 quod
3205 4238 3345 4308 apud
3374 4237 3664 4293 Cassianum
3699 4224 3756 4278 le-

2225 4337 2397 4399 gerat.
2443 4330 2612 4400 Hujus
2657 4331 2855 4402 quippe
2883 4331 3049 4386 verba
3081 4331 3396 4387 describens
3430 4336 3543 4401 post
3573 4317 3753 4380 medium

2225 4423 2321 4480 lib.
2383 4440 2437 4479 tv
2479 4433 2668 4480 contra
2726 4424 2962 4480 Felicem
3008 4423 3194 4495 Urgel.
3229 4425 3307 4480 sic
3351 4423 3552 4480 habet:
3580 4409 3754 4472 llilaritts

526 4518 754 4590 praecipi
792 4516 1186 4587 separationem
1206 4557 1221 4580 ,
1255 4515 1356 4571 nisi
1385 4529 1503 4569 eam
1527 4514 1638 4584 jam
1684 4521 1844 4568 antea
1883 4527 2002 4583 cap.
2047 4513 2082 4567 4
2105 4553 2119 4579 ,
2147 4488 2333 4588 1)(ex
2359 4514 2619 4571 Cassiano
2650 4515 2955 4572 addendum
2997 4488 3377 4586 viriuirtutum
3419 4513 3624 4570 omnium
3644 4511 3756 4570 σιᾳυι

528 4627 588 4667 ιι.
611 4609 696 4677 19,
722 4609 808 4664 ubi
836 4607 938 4680 ipsi
964 4607 1219 4664 scandan
1236 4613 1382 4672 sunt,
1413 4606 2006 4676 omninojnecessariam
2025 4619 2123 4660 eoo

527 4703 776 4758 rumdem
820 4701 1108 4757 verborum
1137 4699 1460 4754 auctoritate
1509 4699 1804 4754 docuisset.
1844 4698 2120 4766 Quibusli-

527 4797 626 4853 bet
647 4798 808 4868 igitur
837 4794 1018 4850 verbis
1042 4793 1285 4849 declaret
1311 4793 1507 4863 aliquid
1541 4792 1594 4846 in
1634 4793 1926 4862 Scripturis
1949 4791 2118 4857 aliud,

528 4906 688 4960 quam
717 4888 857 4959 quod
889 4895 1066 4955 sonat,
1099 4887 1505 4956 intelligendum
1530 4901 1651 4942 esse
1672 4929 1687 4953 ,
1729 4887 1830 4941 hoc
1863 4888 1931 4941 ita
1979 4887 2119 4941 acci-

531 4983 788 5053 piendum
812 4990 925 5046 est,
955 4991 1042 5044 ut,
1068 4979 1518 5050 quemadmodum
1551 4988 1736 5036 monet
1755 4995 1874 5050 cap.
1901 4979 1956 5046 2,
1985 4996 2039 5033 η.
2064 4980 2122 5045 2,

520 5075 921 5129 'meminerimus
980 5072 1241 5127 veritatem
1277 5090 1377 5127 non
1407 5073 1601 5127 idcirco
1641 5071 1936 5141 corrumpi,
1969 5072 2012 5123 si
2041 5087 2128 5141 ge-

545 5167 723 5220 rendis
764 5165 914 5218 rebus
939 5166 1196 5219 interioris
1223 5165 1572 5235 intelligentia:
1612 5165 1744 5218 ratio
1783 5163 2010 5232 subjecta
2037 5163 2122 5216 sit.

532 5259 687 5329 Quod
708 5259 869 5315 etiam
908 5259 960 5312 in
990 5258 1134 5313 Psal.
1167 5275 1366 5325 cxxru,
1422 5257 1565 5324 n.5,
1610 5257 1826 5312 tradidit
1875 5255 1957 5310 bis
2002 5257 2123 5312 aliis

527 5353 752 5408 verbis:
779 5350 939 5406 Fides
981 5352 1208 5408 historice
1243 5369 1342 5406 non
1388 5353 1738 5422 periclitatur,
1786 5353 1830 5404 si
1857 5349 2004 5405 rebus
2043 5355 2122 5421 ef-

528 5444 674 5512 fectis
693 5451 857 5499 inesse
881 5453 929 5499 et
954 5460 1234 5498 connexum
1265 5445 1362 5496 sibi
1390 5445 1700 5497 extrinsecus
1723 5443 2121 5512 signiﬁcantium

529 5537 896 5591 existimemus.
925 5536 1056 5589 Dum
1089 5544 1269 5590 autem
1293 5534 1479 5589 sedulo
1500 5536 1689 5604 qumrit
1716 5535 1856 5605 quod
1883 5537 1983 5591 sub
2006 5535 2120 5590 dic-

526 5629 599 5681 tis
627 5630 862 5698 gestisve
883 5628 1206 5698 evangelicis
1235 5626 1383 5692 latet,
1439 5627 1572 5682 nihil
1602 5627 1649 5681 ei
1683 5629 1919 5683 occurrit
1960 5628 2120 5682 lami-

527 5716 714 5772 liarius
734 5757 751 5783 ,
791 5734 954 5788 quam
995 5720 1126 5787 legis
1148 5728 1204 5776 et
1227 5718 1538 5789 Evangelii,
1570 5718 1825 5776 Ecclesia:
1849 5729 1907 5778 et
1940 5719 2115 5791 Syna-

2229 4618 2665 4676 ornamentorum,
2695 4620 2741 4663 et
2770 4610 2903 4664 sicut
2933 4609 3058 4674 vita,
3088 4609 3164 4662 ita
3191 4617 3240 4662 et
3259 4608 3542 4678 eloquentia
3560 4593 3752 4668 insignit,

2229 4703 2281 4757 in
2307 4702 2434 4756 libro
2464 4702 2586 4770 fidei
2611 4703 2853 4766 secundo,
2879 4700 3158 4758 etc.'ldcm
3181 4702 3234 4755 in
3265 4701 3508 4772 prooemio
3532 4686 3754 4765 προδῶθ’

2230 4795 2310 4848 nis
2342 4792 2611 4863 Evangelii
2638 4793 2914 4849 secundum
2941 4793 3245 4848 Matt/neum
3278 4811 3290 4846 :
3324 4791 3456 4848 Erat
3480 4798 3660 4857 namque
3677 4777 3754 4849 Ρτί·

2229 4902 2366 4939 mum
2384 4887 2723 4940 necessarium
2746 4887 2912 4949 nobis,
2937 4897 2988 4939 ut
3017 4886 3310 4957 unigenitus
3330 4885 3468 4941 Deus
3488 4878 3626 4939 nostri
3640 4883 3753 4928 causa

2229 4981 2380 5033 homo
2407 4989 2811 5050 cognosceretur.
2847 4977 2952 5034 Sed
2983 4988 3038 5033 et
3057 4995 3124 5034 ex
3156 4979 3400 5047 ipsismet
3426 4973 3592 5033 Hilarii
3617 4959 3750 5022 verbis

2227 5073 2382 5127 initio
2415 5087 2562 5126 num.
2595 5073 2652 5138 2,
2684 5087 2805 5141 cap.
2843 5071 2894 5137 -I,
2922 5079 3148 5142 apparet
3172 5069 3376 5141 aliquid
3414 5067 3559 5124 nobis
3577 5061 3749 5117 deesse:

2229 5166 2283 5222 in
2315 5183 2421 5238 quo
2450 5166 2517 5222 dc
2546 5165 2743 5222 Christi
2772 5166 3123 5236 generatione
3155 5162 3414 5234 praelatus
3433 5164 3520 5218 sit.

2296 5258 2390 5314 XI.
2427 5259 2502 5335 [ξε
2552 5257 2764 5312 elencho
2817 5265 3257 5328 argumentorum.
3288 5285 3363 5296 —
3387 5246 3622 5310 Procemii
3655 5239 3748 5335 ᾼῙοοο

2230 5367 2373 5407 nunc
2396 5333 2625 5406 habetur
2652 5348 2932 5404 titulorum
2962 5363 3058 5403 seu
3081 5355 3520 5419 argumentorum
3546 5344 3592 5398 in
3613 5333 3668 5390 55
3684 5341 3746 5425 οίξ⁸

2230 5445 2340 5517 pita
2370 5443 2781 5498 distributorum
2823 5442 3100 5497 elenchus.
3136 5439 3258 5494 VIIic
3311 5439 3365 5494 in
3421 5438 3558 5510 prius
3581 5426 3746 5493 γυιεειιε

2230 5535 2467 5591 eleacltus
2493 5549 2743 5588 canonum
2762 5532 3052 5603 inscriptus
3076 5540 3256 5599 est,ex
3273 5545 3449 5600 eaque
3469 5538 3522 5586 et
3540 5523 3743 5583 commen‘

2228 5627 2399 5683 tarius
2420 5626 2596 5680 omnis
2622 5625 2678 5680 in
2701 5639 2938 5680 canones
2958 5622 3164 5678 divisus
3189 5629 3292 5677 est.
3321 5620 3490 5692 Cujus
3518 5603 3742 5697 inscrilllif”

2233 5719 2318 5776 nis
2344 5732 2408 5774 ac
2434 5715 2848 5789 nuncupationis
2877 5714 3016 5773 ratio
3058 5713 3184 5786 quia
3229 5729 3337 5769 non
3370 5711 3599 5772 omnibus
3633 5697 3737 5754 οὕτω
3857 5699 3861 5776 ‘l
