3974 6198
79 227 194 285 915

74 352 201 409 est;
232 345 311 402 ab
345 363 413 405 re
447 365 555 406 non
579 354 683 410 erit
711 357 988 429 inquirere
1013 405 1026 427 ,
1057 366 1199 423 unde
1228 368 1468 438 profecta
1499 382 1556 429 et
1575 390 1705 432 num

71 438 383 506 probanda
433 444 525 498 sit.
577 447 688 504 lluc
719 466 818 520 per
854 469 912 509 se
950 457 1145 528 cuique
1196 473 1535 532 perspectum
1591 466 1708 525 fore

69 543 424 602 Speramus,
469 547 752 610 postquam
801 549 1220 618 expenderimus
1249 571 1372 627 qua:
1401 559 1569 616 titulis
1601 561 1708 619 illis

69 626 398 681 auctoritas
423 629 714 687 debeatur.

151 719 281 776 XII.
319 723 492 782 Illius
515 740 714 786 auctor.
746 763 820 777 —-
847 735 1059 810 Ambigi
1093 750 1272 810 potest
1298 759 1365 800 an
1395 759 1584 805 auctor
1613 765 1708 806 eo»

76 828 207 870 rum
245 816 505 877 Hilarius
527 821 806 882 habendus
829 830 933 884 sit:
963 841 1148 901 utpote
1183 853 1413 908 quorum
1448 843 1705 900 elenchus

77 909 350 966 nonnihil
382 912 619 972 barbare
647 921 928 978 ordinatus
965 925 1195 995 videtur,
1223 941 1278 985 et
1308 948 1414 989 non
1446 937 1580 992 satis
1609 953 1701 993 ac-

72 1011 300 1067 curate,
339 1004 480 1061 dum
511 1011 715 1066 omittit
758 1017 1016 1072 n0nnulla
1043 1061 1058 1085 ,
1098 1020 1164 1075 de
1194 1023 1389 1092 quibus
1425 1029 1556 1082 satis
1589 1029 1704 1086 fuse

74 1091 432 1162 disseritur;
469 1099 570 1154 alia
605 1117 732 1159 vero
761 1108 1034 1176 continet,
1073 1127 1193 1182 qua:
1223 1114 1480 1187 deinceps
1508 1119 1596 1175 vix
1623 1129 1705 1176 at-

75 1183 398 1254 tingantur.
437 1187 815 1252 Prtescribitur
847 1215 898 1252 v.
924 1216 1004 1270 g.,
1047 1217 1164 1274 Cap.
1202 1207 1269 1261 15
1303 1225 1316 1260 :
1351 1183 1432 1264 De
1460 1210 1696 1268 lavandis

71 1277 348 1343 manibus,
389 1291 445 1336 et
472 1299 575 1338 non
604 1302 664 1340 ea
691 1303 808 1357 quae
836 1293 892 1346 in
935 1310 992 1348 os
1019 1297 1245 1364 intrant,
1278 1302 1370 1354 sed
1398 1319 1458 1356 ea
1494 1320 1608 1375 qua:
1636 1323 1700 1362 ea:

69 1384 162 1422 ore
189 1381 398 1427 exeunt
429 1375 747 1446 inquinare;
774 1397 895 1438 cum
926 1385 1060 1443 nihil
1087 1396 1361 1458 tractetur,
1391 1396 1536 1464 quod
1575 1397 1699 1454 huic

65 1462 233 1518 titulo
258 1477 464 1535 aperte
489 1471 832 1541 respondeat.
866 1477 1124 1535 Addimus
1153 1492 1203 1538 et
1235 1486 1338 1540 hoc
1367 1462 1560 1558 capitis
1589 1490 1656 1545 15
1677 1532 1693 1558 ,

65 1555 126 1610 in
162 1574 280 1628 quo
311 1570 701 1630 prtenotantur
730 1569 870 1624 tituli
897 1572 961 1627 de
988 1575 1267 1632 seminante
1295 1555 1478 1634 bonum
1500 1599 1692 1647 semen,

65 1650 132 1704 de
155 1651 375 1706 zizania
398 1663 453 1709 et
478 1657 648 1712 tritico
665 1701 680 1724 ,
710 1659 840 1716 licet
866 1664 918 1718 in
950 1670 1295 1726 enarratione
1322 1672 1388 1727 de
1420 1674 1503 1730 bis
1530 1690 1692 1745 para-

68 1741 212 1798 bolis
246 1761 356 1801 nec
386 1750 617 1805 verbum
647 1741 764 1807 ﬁat.
789 1755 985 1814 Nescio
1013 1767 1189 1818 tamen
1219 1778 1285 1819 an
1314 1781 1420 1821 non
1455 1768 1576 1837 plus
1604 1785 1690 1824 va-

70 1836 187 1891 lere
215 1835 432 1894 debeat
463 1841 555 1895 illa
587 1845 751 1912 ratio,
785 1858 840 1902 ut
869 1850 1128 1908 elenchus
1159 1855 1249 1911 ille
1291 1835 1495 1914 Hilario
1537 1861 1690 1930 adju-

73 1927 292 1984 dicetur
319 1971 336 1996 ,
369 1947 538 2002 quam
573 1946 630 1990 nt
660 1937 709 1992 ei
738 1939 1096 2009 abjudicetur.
1138 1945 1257 2016 Ipse
1290 1948 1432 2003 enim
1464 1951 1566 2006 sibi
1596 1927 1691 2022 po-

71 2021 173 2075 tuit
204 2023 371 2078 initio
423 2030 676 2098 qumdam
729 2048 1030 2104 proponere
1055 2079 1070 2104 ,
1099 2039 1296 2109 quibus
1334 2041 1532 2099 deinde
1580 2021 1687 2100 non

72 2112 490 2173 immorandum
541 2120 800 2190 judicarit
838 2145 850 2180 :
882 2143 987 2183 non
1030 2131 1208 2200 potuit
1235 2133 1376 2189 alter
1418 2150 1484 2190 ex
1547 2137 1688 2193 illius

73 2208 293 2279 scriptis
325 2211 436 2268 nisi
471 2229 660 2270 rerum
705 2234 825 2289 qua}
855 2229 1161 2281 tractantur
1187 2242 1503 2299 argumenta
1532 2231 1688 2288 colli-

83 2315 234 2371 gere.
287 2303 430 2360 llinc
484 2323 676 2380 magna
710 2313 864 2368 nobis
905 2316 1149 2372 oboritur
1177 2321 1454 2391 suspicio,
1503 2323 1688 2380 titulos

80 2391 202 2450 illos
217 2394 334 2464 jam
368 2397 567 2455 Hilarii
605 2417 722 2458 :evo
751 2403 805 2459 in
835 2407 1238 2478 evangeliorum
1283 2415 1688 2484 exemplaribus

76 2495 420 2552 praenatatos
449 2489 642 2558 fuisse,
679 2494 933 2568 illumque
957 2514 1025 2554 ex
1051 2501 1115 2556 iis
1145 2503 1429 2575 selegisse,
1454 2522 1684 2578 quorum

82 2579 354 2636 utiliorem
401 2583 634 2641 duceret
675 2590 1130 2659 explanationem.
1180 2596 1513 2670 Quamquam
1540 2603 1686 2659 enim

81 2668 132 2723 in
158 2680 328 2729 totum
362 2676 612 2736 Matthaei
640 2686 980 2754 evangelium
1019 2692 1291 2758 excurrit,
1323 2709 1427 2748 non
1473 2696 1685 2767 singula

86 2777 261 2824 tamen
296 2772 446 2829 illius
479 2777 672 2846 verba,
695 2781 788 2835 sed
813 2781 1044 2839 selectos
1064 2784 1340 2842 dumtaxat
1368 2805 1432 2844 ex
1460 2789 1687 2861 singulis

86 2859 354 2931 capitibus
383 2866 576 2923 titulos
605 2882 838 2927 enarrat.
868 2873 1023 2942 Quod
1051 2884 1107 2931 et
1131 2875 1416 2949 Origcncm
1450 2891 1574 2937 ante
1602 2883 1684 2953 ip-

81 2963 194 3005 sum
235 2952 433 3013 fecisse
482 2960 698 3030 planum
742 2975 823 3018 est
873 2981 939 3021 ex
985 2971 1392 3045 commentariis
1444 2973 1588 3027 illius
1617 2973 1686 3029 ab

80 3041 266 3100 lluetio
298 3051 547 3122 vulgatis
571 3095 587 3120 ,
622 3054 673 3109 in
716 3057 910 3127 quibus
951 3058 1190 3116 Matthaei
1218 3041 1555 3134 evangelium
1586 3067 1685 3122 sub

81 3140 234 3194 certis
261 3143 453 3199 titulis
476 3145 799 3204 illustratur.
831 3150 943 3207 Hoc
966 3168 1096 3208 vero
1129 3153 1216 3207 illa
1239 3163 1398 3210 celate
1427 3158 1684 3212 usitatum
1711 3155 1756 3217 C
1789 3173 1917 3229 ergo
1943 3161 2332 3234 adscribemus,
2360 3174 2608 3240 quamvis
2638 3175 2691 3230 in
2719 3195 2850 3234 mss.

81 3233 360 3290 conﬁrmat
383 3237 424 3293 H
450 3239 760 3312 ieronymus
785 3243 852 3298 de
891 3243 1088 3315 Script.
1106 3248 1301 3303 eccles.
1320 3248 1404 3303 ubi
1421 3249 1686 3304 Fortuna-

88 3321 280 3381 tianum
296 3326 718 3399 Aquileiensem
741 3335 1052 3407 episcopum
1067 3339 1119 3392 in
1135 3340 1398 3412 evangelia
1421 3341 1582 3394 titulis
1595 3357 1682 3394 or-

90 3413 266 3470 dinatis
290 3421 430 3476 brevi
471 3432 519 3476 ct
538 3427 730 3479 rustico
755 3444 984 3483 sermone
1005 3432 1397 3485 conmentarios
1423 3433 1686 3502 scripsisse

91 3519 498 3570 commemorat.
515 3515 644 3583 Quae
657 3533 776 3574 cum
797 3521 868 3575 ita
885 3521 1012 3590 sint,
1034 3523 1240 3592 epinari
1263 3524 1408 3590 licet,
1424 3523 1683 3580 Hilarium

92 3603 182 3657 etsi
203 3621 304 3660 non
325 3609 576 3678 ipsorum
611 3613 910 3682 titulorum,
936 3615 1125 3672 saltem
1143 3633 1329 3674 eorum
1355 3619 1686 3674 collectionis

93 3707 180 3750 seu
203 3701 384 3768 ιιι-ωνὶὶ
411 3702 614 3759 indicis
661 3705 829 3763 fuisse
867 3717 1161 3764 auctorem.
1194 3712 1266 3766 At
1287 3721 1432 3767 certe
1467 3729 1571 3767 non
1596 3727 1684 3768 re-

93 3792 377 3850 centiorem
437 3812 565 3853 eum
624 3801 936 3858 existimare
990 3805 1240 3876 cuiquam
1303 3806 1682 3875 permittitur,

96 3896 243 3949 (ptem
273 3889 524 3961 plerique
546 3907 677 3948 mss.
712 3895 873 3951 etiam
917 3897 1248 3966 antiquiores
1285 3896 1539 3954 exhibent
1586 3899 1686 3954 sub

101 3973 190 4031 hac
231 3981 584 4056 inscriptione
626 4005 639 4041 :
692 3988 956 4061 Incipiunt
1012 3992 1240 4060 capitula
1282 3995 1445 4048 sancti
1491 3991 1687 4048 Hilarii

99 4083 241 4138 δ’φεν
295 4073 616 4132 Matt/tarum.
669 4079 929 4146 Quocirca
986 4085 1233 4139 eumdem
1282 4083 1512 4138 indicem
1565 4099 1683 4139 euut

101 4163 204 4219 suis
230 4167 392 4226 titnlis
426 4174 695 4244 integrum
725 4176 788 4230 ad
813 4178 1023 4236 illorum
1071 4178 1229 4233 Iidem
1269 4177 1684 4248 exprimendum

103 4257 362 4331 duximus,
420 4283 523 4324 nec
562 4269 847 4342 quidquam
880 4272 1191 4326 mutandum
1221 4313 1236 4336 ,
1285 4271 1495 4327 etiamsi
1549 4269 1688 4326 forte

104 4361 390 4415 accuratius
439 4361 639 4432 aliquid
691 4363 880 4418 confici
924 4364 1204 4434 potuisset.

168 4445 301 4506 XIII.
335 4452 552 4509 Elcnc/ti
573 4456 623 4509 in
650 4460 818 4527 fronte
843 4456 1090 4511 librorum
1114 4456 1176 4510 ab
1200 4457 1419 4527 antiquis
1441 4457 1688 4526 positi.--

1064 249 1132 306 IN
1170 252 1616 315 EVANGELIUM
1658 261 1994 324 MATTll/EI
2030 269 2424 336 ADMONITIO.

3309 303 3417 360 9η

1733 379 1786 440 Α
1811 394 2008 438 nomen
2057 385 2282 446 inditum
2327 402 2444 462 est,
2472 397 2528 452 in
2558 415 2664 471 quo
2693 418 2901 462 summa
2951 409 3180 468 habetur
3219 430 3410 474 eorum

1809 486 1929 543 quae
1958 477 2198 546 quolibet
2247 483 2382 540 libro
2432 492 2794 553 continentur.
2826 499 2994 557 Porro
3035 503 3122 562 hic
3161 508 3322 565 index
3352 511 3406 566 in

1810 564 2118 626 Corbeiensi
2149 574 2333 633 codice
2362 594 2390 633 a
2431 583 2578 640 mille
2619 590 2773 645 annis
2813 606 3036 651 exarato
3067 615 3232 655 canon
3262 619 3406 660 nun-

1809 669 2054 728 cupatur.
2113 663 2406 739 lnscriptus
2452 674 2595 732 enim
2626 678 2819 750 legitur
2851 684 2903 739 in
2949 685 3094 745 hunc
3139 694 3357 749 modum
3385 712 3404 750 :

1808 751 2003 808 Aurelii
2023 755 2296 830 Augustini
2339 765 2568 836 episcopi
2612 782 2788 828 contra
2822 774 3064 849 Paganos
3093 781 3157 837 de
3195 783 3408 843 Civitate

1808 839 1908 896 Dei
1934 845 2112 915 incipit
2143 850 2268 905 liber
2289 856 2483 922 primus
2500 861 2711 928 prtelato
2737 839 2945 922 Canonve
2970 912 2984 937 ,
3009 889 3110 942 quo
3150 875 3410 934 indicatur

1814 936 1941 1002 quid
1977 937 2100 992 liber
2141 945 2350 1014 quisque
2397 951 2698 1008 contineat:
2724 967 2778 1012 et
2829 958 2895 1013 ad
2947 936 3151 1020 calcem
3191 969 3402 1026 elenchi

1804 1040 1900 1082 seu
1944 1029 2137 1088 Indicis
2181 1037 2294 1104 finit
2319 1056 2482 1096 canon
2510 1045 2754 1103 librorum
2781 1052 2975 1109 decem.

1875 1121 2018 1180 XIV.
2048 1125 2169 1182 Non
2223 1141 2355 1188 recte
2399 1136 2451 1189 in
2496 1155 2714 1196 canones
2757 1143 2854 1198 hoc
2895 1163 3023 1218 opus
3052 1151 3397 1212 distributum.

1808 1212 1957 1270 Unde
1985 1218 2082 1272 hoc
2105 1225 2296 1292 factum
2327 1228 2570 1286 sit—Ex
2599 1232 2684 1289 his
2709 1234 2866 1293 facile
2883 1212 2992 1309 jam
3024 1249 3252 1318 quisque
3278 1251 3399 1305 ani-

1802 1309 2092 1368 madvertit
2129 1316 2270 1373 unde
2300 1318 2352 1373 in
2384 1319 2467 1377 bis
2505 1324 2692 1382 Hilarii
2737 1339 3138 1393 commentariis
3179 1345 3402 1400 canonis

1799 1404 2119 1462 vocabulum
2142 1410 2452 1478 obtinuerit.
2475 1425 2529 1472 et
2549 1435 2674 1475 num
2698 1433 2843 1480 recte
2859 1426 3166 1486 obtinuerit.
3184 1432 3398 1491 Nullum

1799 1495 2016 1564 quidem
2046 1513 2148 1554 ms.
2173 1503 2412 1561 codicem
2439 1508 2690 1579 vidimus,
2711 1514 2761 1568 in
2786 1531 2892 1586 quo
2919 1531 3168 1577 occurrat
3189 1523 3290 1581 hoc
3315 1545 3401 1582 ca-

1799 1589 1949 1642 nonis
1971 1595 2311 1653 vocabulum.
2347 1599 2488 1655 Fieri
2520 1612 2696 1661 tamen
2731 1624 2889 1676 posse
2927 1616 3274 1674 concedimus
3296 1661 3310 1687 ,
3341 1630 3398 1676 ut

1799 1678 1884 1732 ubi
1916 1680 1968 1735 in
1993 1687 2191 1740 nostris
2219 1703 2348 1743 mss.
2386 1692 2560 1763 legere
2583 1707 2694 1760 est,
2723 1698 2993 1772 Incipiunt
3019 1709 3246 1777 capitula
3273 1711 3394 1767 libri

1721 1772 1766 1832 Β
1793 1775 1964 1827 sancti
1994 1775 2214 1844 Hilarii,
2247 1779 2300 1834 in
2332 1787 2605 1841 nonnullis
2636 1790 2956 1857 prtcferatur
2975 1837 2989 1860 ,
3012 1795 3204 1870 Incipit
3233 1818 3395 1858 canon

1792 1863 1910 1917 libri
1953 1869 2116 1922 sancti
2162 1869 2353 1926 Hilarii
2381 1891 2400 1928 :
2426 1885 2586 1946 atque
2616 1879 2686 1934 ita
2720 1885 2996 1943 exstitisse
3037 1892 3309 1950 credimus
3339 1897 3394 1952 in

1791 1955 1977 2021 codice
2004 1959 2139 2016 alias
2178 1967 2348 2020 sancti
2391 1967 2616 2041 Benigni
2659 1973 3019 2048 Divionensis,
3050 1997 3117 2039 ex
3145 2001 3253 2056 quo
3282 1991 3396 2059 pri-

1791 2063 1936 2104 mum
1963 2053 2211 2122 vulgatus
2236 2065 2322 2113 est
2362 2059 2450 2116 bic
2478 2071 2920 2128 commentarius.
2943 2074 3014 2130 At
3041 2053 3178 2133 cum
3203 2080 3393 2139 Hiero-

1791 2156 1984 2211 nymus
2028 2161 2274 2202 canonem
2327 2152 2594 2211 liebraieae
2622 2161 2863 2218 veritatis
2910 2165 3014 2222 hoc
3043 2179 3218 2239 vocet,
3243 2177 3387 2245 quod

1789 2250 1889 2290 nos
1940 2237 2247 2297 diceremus
2309 2249 2740 2318 complexionem
2796 2261 3034 2316 omnium
3085 2264 3386 2336 librorum,

1789 2341 1927 2396 quos
1957 2329 2008 2384 in
2056 2347 2210 2389 veras
2251 2338 2543 2407 scripturas
2575 2343 2784 2413 Hebraai
2830 2353 3125 2423 recipiunt;
3154 2373 3384 2430 cumque

1790 2416 2051 2475 librorum
2078 2425 2360 2495 Augustini
2388 2447 2555 2487 canon
2583 2436 2633 2490 id
2663 2443 2767 2505 sit,
2798 2416 3121 2511 quod-nobis
3145 2416 3310 2506 Index
3331 2416 3387 2508 et

1788 2509 2052 2567 elenchus
2089 2530 2274 2572 eorum
2307 2536 2425 2588 qua:
2458 2523 2522 2578 iis
2549 2527 2698 2584 libris
2718 2509 3064 2591 con—tinentur
3097 2556 3108 2591 :
3141 2550 3286 2608 patet
3317 2545 3383 2598 ti-

1790 2601 1960 2657 tulum
1995 2604 2146 2661 initio
2175 2610 2368 2667 indicis
2395 2615 2689 2686 vulgatum,
2720 2624 2928 2681 scilicet
2950 2627 3206 2688 Eleae/tus
3228 2652 3386 2691 cano-

1789 2711 1913 2748 num
1943 2712 2048 2752 non
2081 2703 2417 2770 probandum
2445 2723 2566 2766 esse
2587 2753 2601 2777 ,
2635 2715 2806 2771 multo
2833 2718 3013 2776 minus
3039 2727 3252 2780 canonis
3292 2745 3389 2784 no-

1789 2803 1912 2842 men
1942 2790 2006 2844 ad
2033 2792 2270 2864 singulas
2291 2805 2664 2860 commentarii
2691 2811 2958 2866 sectiones
2975 2819 3146 2884 repeti
3162 2818 3382 2876 debere.

1788 2879 2054 2950 Quocirca
2100 2890 2310 2943 canonis
2342 2891 2462 2947 loco
2486 2897 2800 2955 vocabulum
2838 2904 3022 2974 capitis
3053 2919 3108 2962 ut
3140 2911 3387 2968 usitatius

1788 2982 1950 3044 atque
1993 2981 2263 3049 receptius
2308 2984 2714 3054 substituemus,
2767 3003 2822 3048 et
2877 2997 3165 3070 unicuique
3217 3006 3381 3074 capiti

1789 3080 1915 3122 suos
1948 3069 2160 3138 titulos,
2193 3076 2264 3128 uti
2285 3075 2395 3144 jam
2421 3091 2578 3136 antea
2607 3081 2804 3141 factum
2833 3098 2953 3157 est,
2983 3096 3384 3154 commoditatis

2879 3190 3083 3240 tantum
3109 3187 3161 3241 in
3186 3188 3382 3257 iudice,

1787 3253 1876 3320 qni
1906 3257 2055 3324 operi
2105 3262 2464 3332 praaponitur,
2496 3265 2672 3326 locum
2723 3270 2970 3329 habeant.
3015 3277 3070 3332 ln
3110 3279 3193 3333 his
3238 3283 3381 3338 enim

1787 3348 2211 3404 commentarius
2240 3359 2382 3407 totus
2414 3371 2514 3410 uua
2559 3359 2699 3414 serie
2727 3364 3088 3433 continuatur,
3125 3369 3273 3424 nulla
3293 3385 3388 3425 ca-.

1789 3437 1955 3505 pilum
1993 3449 2082 3492 aut
2118 3441 2393 3498 titulorum
2443 3447 2746 3517 adjectione
2800 3454 3150 3526 interruptus.
3181 3459 3237 3514 In
3263 3462 3383 3531 qui-

1788 3527 2012 3584 busdam
2070 3531 2390 3604 dumtaxat,
2435 3539 2622 3611 eisque
2667 3561 2773 3600 non
2820 3548 3139 3619 potioribus,
3169 3557 3382 3610 numeri

1788 3629 2119 3678 annotantur
2151 3626 2214 3680 iis
2241 3625 2353 3683 fere
2378 3629 2430 3684 in
2456 3631 2609 3700 locis,
2635 3634 2687 3690 in
2719 3637 2913 3706 quibus
2943 3649 3101 3696 antea
3121 3657 3382 3714 canones,

1792 3727 1933 3768 nunc
1958 3714 2134 3784 capita
2161 3721 2604 3788 praescribuntnr.

1863 3806 1979 3862 XV.
2007 3807 2228 3881 Tempus
2257 3812 2414 3884 hujus
2443 3820 2787 3888 aperis—De
2813 3830 3056 3895 tempore
3076 3825 3235 3898 hujus
3254 3843 3373 3899 apo

1789 3901 1866 3955 ris
1895 3915 2000 3955 non
2027 3901 2237 3958 videtur
2268 3909 2571 3965 tacendum.
2595 3911 2666 3968 At
2691 3914 2835 3970 nulla
2857 3917 3045 3974 subest
3068 3930 3211 3989 nota,
3244 3925 3386 3979 unde

1790 4005 1944 4050 certo
1969 4008 2262 4054 asseratur.
2291 4000 2560 4070 Quantum
2592 4013 2772 4062 tamen
2821 4025 2884 4063 ex
2932 4011 3072 4067 illius
3106 4029 3230 4069 cum
3267 4015 3387 4071 aliis

1793 4087 1978 4144 Hilarii
2019 4091 2237 4161 scriptis
2267 4097 2668 4163 comparatione
2699 4097 2824 4155 licet
2851 4103 3104 4172 assequi,
3133 4114 3260 4160 ante
3281 4107 3386 4161 alia

1791 4194 1956 4250 opera
1985 4189 2040 4235 et
2065 4191 2190 4237 ante
2216 4184 2465 4239 exsilium
2490 4186 2657 4256 ipsius
2683 4229 2696 4254 ,
2729 4190 3059 4262 proindeque
3095 4203 3220 4250 ante
3255 4210 3384 4249 ann.

1792 4271 1920 4339 556,
1953 4273 2309 4342 compositum
2360 4276 2663 4345 opinamur.
2686 4278 2804 4335 Non
2845 4283 2988 4338 enim
3032 4285 3206 4340 virum
3249 4289 3389 4358 sapit

1793 4365 1977 4422 multis
2008 4366 2266 4423 adversus
2295 4367 2525 4425 Arianos
2547 4373 2978 4445 commissisjam
3009 4377 3208 4447 prmliis’
3229 4394 3386 4435 exer-

1794 4460 2038 4515 citatum.
2066 4460 2226 4515 Certe
2267 4461 2319 4515 in
2363 4463 2691 4532 psalmorum
2733 4468 3156 4537 expositionibus
3184 4472 3389 4529 nullam

106 4539 254 4600 Certe
280 4547 556 4604 titulorum
590 4549 895 4620 hujusmodi
924 4549 1206 4605 elenchum
1239 4551 1291 4604 in
1314 4549 1488 4605 fronte
1520 4551 1690 4606 libro-
1715 4547 1768 4613 D
1796 4553 2100 4609 asserenda:
2126 4551 2328 4608 Christi
2369 4554 2666 4612 divinitatis
2695 4559 2833 4612 elabi
2868 4559 2995 4615 sinit
3023 4563 3384 4620 occasionem.

108 4653 215 4695 rum
244 4647 573 4716 proponcndi
605 4663 810 4704 morem
848 4649 1125 4719 antiquum
1158 4663 1279 4703 esse
1326 4647 1485 4704 Iidem
1534 4649 1692 4704 faciet

108 4747 259 4790 canon
285 4738 534 4796 ltebraica:
565 4743 787 4796 veritatis
817 4743 884 4797 ab
912 4742 1030 4813 ipso
1056 4741 1385 4813 Hieronymo
1417 4741 1690 4811 composi-

111 4830 208 4891 tns,
235 4844 296 4883 ac
340 4833 552 4888 tandem
581 4833 874 4904 aliquando
916 4834 967 4888 in
1010 4834 1182 4889 lucem
1230 4833 1492 4888 edendus.
1522 4831 1580 4888 In
1627 4847 1692 4887 eo

111 4929 327 4990 namque
349 4924 531 4981 vide-re
560 4935 643 4981 est
669 4926 719 4980 in
753 4929 870 4996 ipso
900 4925 1161 4997 cujusque
1184 4925 1304 4980 libri
1332 4926 1518 4980 limine
1541 4923 1690 5028 Indi:

114 5021 220 5062 ccm
251 5012 522 5071 titulorum
556 5018 734 5073 varios
777 5019 829 5072 in
873 5032 1129 5073 numeros
1160 5016 1568 5081 distinctorum,
1601 5016 1692 5087 qui

117 5102 354 5174 ‘luidquid
383 5109 520 5165 libro
546 5110 906 5179 subsequente
934 5108 1430 5179 comprehendatur
1457 5122 1693 5162 summa-

116 5191 201 5246 tim
238 5197 541 5257 exhibeant.
595 5201 658 5257 Hi
713 5211 889 5256 autem
936 5200 1138 5256 indices
1185 5197 1426 5270 Capitula
1449 5208 1503 5254 et
1534 5197 1696 5252 Tituli

115 5288 401 5349 promiscue
441 5293 825 5360 inscribuntur,
855 5302 1002 5364 puta,
1035 5291 1296 5363 Incipiunt
1322 5291 1550 5364 capitula
1576 5289 1696 5345 libri

116 5373 274 5432 Exodi
291 5383 592 5458 ;lncipiunt
639 5388 775 5441 tituli
830 5387 946 5441 libri
1000 5385 1240 5454 Levitici;
1272 5382 1696 5453 Incipiuxt‘tituli

118 5464 223 5523 libri
248 5471 660 5542 Deuteronomii;
694 5477 954 5552 Incipiunt
986 5478 1213 5549 capitula
1241 5477 1354 5531 libri
1383 5475 1562 5542 Josue,
1588 5485 1694 5531 etc.

117 5557 184 5615 Ita
235 5568 388 5626 etiam
438 5573 491 5628 in
545 5573 934 5644 antiquioribus
979 5586 1109 5626 mss.
1145 5571 1297 5626 libris
1323 5569 1605 5640 Augustini
1631 5567 1700 5672 de

364 5663 452 5672 λ-
637 5666 648 5672 ,
1221 5665 1232 5672 ,
1348 5663 1369 5672 -
1429 5663 1440 5672 ,

124 5650 337 5716 Civitate
363 5663 456 5720 Dei
485 5675 612 5720 ante
637 5666 781 5735 ipsos
807 5665 974 5720 libros
994 5665 1326 5736 praeponitur
1348 5663 1511 5717 Index
1540 5660 1702 5716 Variis

120 5736 391 5807 dumtaxat
433 5754 673 5811 numeris
707 5756 1017 5816 distinctus.
1037 5753 1232 5824 quibus
1251 5753 1446 5807 deinde
1469 5754 1704 5823 capitum

1795 4645 1866 4699 At
1918 4644 1973 4699 in
2020 4644 2122 4703 hoc
2170 4647 2580 4711 commentario,
2611 4655 2668 4702 ut
2697 4649 2799 4703 alia
2846 4650 3153 4722 mittamus,
3181 4668 3302 4725 cap.
3328 4654 3386 4722 2,

1796 4731 1850 4790 ιι.
1877 4735 1930 4802 6,
1962 4735 2135 4790 Patris
2163 4735 2230 4790 de
2257 4735 2390 4790 Filio
2417 4751 2515 4792 suo
2547 4739 2909 4795 testimonium
2932 4783 2948 4808 ,
3001 4743 3112 4799 imo
3163 4746 3390 4815 praecla-

1796 4843 1910 4882 ram
1943 4827 2090 4882 Petri
2131 4826 2527 4884 confessionem
2570 4844 2691 4901 cap.
2726 4831 2792 4886 16
2818 4874 2833 4898 ,
2866 4848 2921 4886 n.
2953 4833 3008 4901 6,
3038 4836 3116 4890 sic
3157 4837 3393 4907 attingit,

1795 4919 1947 4988 quasi
1976 4917 2208 4973 Arianos
2238 4933 2344 4973 non
2371 4920 2731 4988 cognovisset.
2759 4921 2961 4978 Saltem
2991 4923 3060 4980 de
3088 4940 3274 4981 eorum
3305 4945 3394 4984 ar-

1792 5011 1954 5082 gutiis
1979 5009 2214 5066 nondum
2241 5012 2406 5082 probe
2433 5013 2752 5068 instructum
2776 5030 2897 5069 eum
2921 5013 3088 5074 fuisse
3110 5020 3396 5080 manifeste

1795 5111 2020 5174 apparet
2047 5118 2112 5157 ex
2138 5117 2259 5169 cap.
2291 5104 2382 5167 51,
2411 5120 2468 5159 ιι.
2497 5103 2552 5170 5,
2578 5106 2668 5160 ubi
2699 5106 2964 5164 catholice
2985 5110 3202 5179 quidem
3224 5128 3397 5184 quan-

1798 5204 1908 5250 tum
1935 5195 2002 5249 ad
2025 5209 2266 5262 sensum,
2298 5205 2556 5265 quantum
2585 5207 2764 5254 autem
2795 5200 2864 5253 ad
2895 5202 3060 5256 verba
3086 5202 3264 5260 minus
3293 5208 3402 5262 cir-

1799 5296 2108 5358 cumspecte
2159 5288 2378 5353 scribit,
2430 5287 2622 5343 Filium
2664 5301 2840 5345 natum
2864 5309 2973 5348 esse
2992 5311 3058 5350 ea:
3078 5311 3136 5350 eo
3155 5298 3239 5366 qui
3269 5307 3400 5362 erat,

1802 5391 1850 5436 et
1881 5385 1976 5436 hoc
2005 5383 2059 5436 in
2089 5397 2148 5436 eo
2176 5398 2285 5436 esse
2307 5383 2393 5450 qui
2432 5393 2585 5438 natus
2615 5393 2710 5450 est,
2737 5386 2876 5456 quod
2910 5387 2955 5441 is
2995 5389 3104 5460 ipse
3145 5398 3220 5441 est
3251 5405 3404 5459 penes

1805 5492 1955 5546 quem
1983 5485 2095 5530 erat
2113 5485 2384 5547 antequam
2436 5489 2760 5547 nasceretur;
2783 5481 3012 5534 eamdem
3046 5481 3233 5582 scilicet
3254 5490 3404 5582 quer-

1809 5569 2019 5624 nitatem
2047 5586 2155 5624 esse
2181 5579 2228 5624 et
2259 5571 2514 5643 gignentis
2540 5581 2587 5624 et
2620 5573 2795 5644 geniti.
2827 5573 2938 5626 Hoc
2968 5580 3116 5671 certe
3142 5571 3404 5671 inliciabi-

1812 5671 1897 5717 tur
1927 5677 2086 5717 nemo
2127 5663 2384 5732 scriptum
2431 5679 2552 5718 esse
2597 5672 2721 5718 ante
2745 5663 2910 5716 libros
2937 5661 3005 5714 de
3033 5659 3406 5760 Trinitate,_i.n

1810 5751 2027 5821 quibus,
2073 5751 2168 5808 sed
2218 5755 2453 5809 maxime
2501 5752 2555 5806 in
2597 5749 2938 5814 duodecimo;
2984 5761 3177 5818 magno
3227 5749 3407 5804 studio
