3974 6198
58 239 143 297 Μ
155 240 202 291 7
920 242 951 294 ξ]
1079 242 1627 307 COMMENTARIUS

1864 249 2208 311 .‘I‘TMUI.
2250 252 2405 312 CAP.
2443 256 2487 313 I.
3327 262 3433 323 918

63 350 259 411 XVI.
289 352 379 427 (a)
401 351 484 413 De
678 357 943 430 propheta
974 361 1145 433 signo.
1177 360 1259 418 De
1280 362 1532 433 fermento
1556 364 1736 437 phari-
1758 370 1812 433 Α
1907 377 1958 422 et
1984 368 2048 423 de
2086 366 2381 426 Jerusalem
2416 388 2534 443 qua:
2557 372 2799 445 interﬁcit
2822 374 3136 449 prophetas,
3159 384 3210 432 et
3234 377 3439 450 lepidst

160 463 460 516 scarum,
498 447 565 503 de
608 453 929 521 confessions
967 450 1115 507 Petri
1153 462 1201 509 et
1238 454 1587 513 benedictione
1629 456 1735 513 Do-
1907 475 1992 515 eos
2016 461 2105 530 qui
2127 461 2196 515 ad
2223 479 2281 519 se
2309 463 2454 519 missi
2481 473 2622 521 sunt.

168 541 357 608 mini,
379 546 430 596 et
452 539 529 614 (ι)
554 540 619 596 de
643 557 704 598 ss
735 542 1038 616 abneyundo
1066 544 1154 615 qui
1184 544 1446 603 Christum
1472 550 1618 620 sequi
1640 564 1733 606 oo-
1837 548 2007 608 XXV.
2038 551 2119 607 De
2138 562 2399 609 structura
2417 557 2592 627 teutpli
2610 557 3047 631 interrogantibus
3072 559 3365 632 discipulis,
3390 573 3445 619 et

172 634 383 691 luerit.
1136 676 1139 679 ν
1911 643 1978 699 de
2001 642 2082 698 his
2103 644 2192 715 qui
2219 645 2273 701 in
2299 655 2432 702 tecto
2450 658 2591 716 sunt,
2614 666 2679 704 ne
2701 649 3008 706 descendant
3036 651 3215 708 tollere
3242 654 3443 726 aliquid

75 730 288 788 XVII.
329 729 435 787 Ubi
461 731 517 785 in
544 741 713 788 monte
738 750 857 790 cum
884 734 1068 809 House
1092 748 1143 792 et
1168 736 1293 794 Elia
1314 740 1538 808 videtur,
1564 749 1613 797 et
1636 758 1738 800 sou
1911 740 1975 792 de
2001 739 2192 807 domo;
2221 748 2271 797 et
2289 741 2378 811 qui
2411 742 2470 796 in
2510 758 2637 815 agro
2678 754 2796 798 sunt
2815 784 2832 808 .
2861 760 2927 798 ne
2975 754 3296 802 reuertantur
3342 747 3445 803 tol-

77 882 85 889 ,
169 823 255 878 de
285 823 421 879 calo
446 823 680 891 auditur,
702 825 791 880 ubi
815 842 1029 896 puerum
1057 827 1340 885 lunaticum
1368 830 1441 903 (c)
1470 833 1648 896 soluit,
1672 834 1738 889 de
1912 833 2017 887 lere
2052 834 2280 889 tunicam
2316 851 2492 903 suam,
2528 847 2580 891 et
2618 836 2685 892 de
2719 839 3102 911 praegnantibus
3133 850 3186 897 et
3212 842 3445 899 nutrien-

170 914 521 970 credentium
542 916 667 986 ﬁde,
691 918 756 973 de
776 918 1082 976 didrachma
1102 923 1384 994 postulata,
1407 936 1458 980 et
1476 935 1663 982 statere
1681 928 1739 982 in
1914 925 2070 981 tibus.

158 1022 285 1061 tore
308 1007 491 1080 piscis.
1840 1014 2036 1073 XXVI.
2063 1017 2138 1075 De
2161 1019 2273 1075 sole
2297 1019 2585 1087 obscurato,
2611 1021 2739 1077 luna
2759 1030 2807 1076 et
2830 1023 3014 1080 stellis.

86 1098 321 1156 XVIII.
352 1098 434 1155 De
458 1101 746 1172 infantibus
772 1102 1040 1174 inhibitis,
1068 1114 1119 1160 et
1150 1105 1214 1160 de
1241 1105 1534 1164 humilitate
1560 1124 1739 1166 eorum
1843 1109 2062 1167 XXVII.
2100 1111 2180 1167 De
2200 1128 2345 1168 servo
2369 1113 2514 1183 fideli
2547 1131 2696 1185 quem
2719 1117 2980 1172 constituit
3010 1118 3250 1176 dominus
3287 1136 3449 1194 super

174 1194 536 1261 assumenda,
568 1195 633 1249 de
654 1212 811 1250 manu
835 1207 884 1251 et
910 1198 1037 1267 pede
1062 1206 1112 1253 et
1135 1200 1287 1255 oculo
1313 1203 1560 1269 eruenda,
1599 1213 1648 1259 et
1675 1205 1742 1260 de
1915 1205 2169 1276 familiam
2196 1222 2373 1273 suam,
2404 1207 2470 1261 de
2507 1207 2679 1263 decem
2702 1210 3008 1283 uirginibus,
3041 1211 3106 1266 de
3142 1210 3351 1269 homine
3386 1216 3448 1271 in

178 1302 290 1342 oue
310 1287 541 1358 perdita,
562 1288 628 1343 de
645 1289 987 1361 corripiendis
1009 1291 1256 1361 fratribus
1277 1304 1472 1349 secreto
1492 1297 1738 1368 primum,
1851 1297 1904 1345 ’πε
1919 1314 2130 1372 peregre
2142 1302 2392 1373 profecto,
2413 1302 2502 1373 qui
2526 1302 2742 1357 tradidit
2759 1304 3099 1360 substantiam
3122 1321 3275 1361 suam
3292 1308 3455 1363 seruis

185 1391 313 1437 tum
329 1381 529 1438 duobus
550 1381 778 1449 testibus,
797 1394 1053 1456 postremo
1073 1386 1287 1441 ecclesia
1302 1399 1569 1457 prasente.
1591 1390 1744 1446 Sent-
1917 1396 2044 1452 suis.
3142 1400 3149 1407 “

184 1492 293 1569 per
311 1476 703 1569 ignoscendum.
737 1475 819 1548 (d)
849 1476 958 1569 Qui,
984 1494 1286 1535 emersam
1310 1495 1464 1537 suum
1482 1523 1499 1550 ,
1526 1483 1744 1540 remisso
1845 1487 2091 1546 XXVIII.
2118 1487 2196 1544 De
2211 1488 2431 1545 adventu
2451 1490 2552 1561 ﬁlii
2572 1491 2799 1546 hominis
2817 1493 3061 1549 uenientis
3078 1491 3159 1569 (g)
3183 1493 3241 1550 in
3263 1498 3453 1569 majes-

189 1567 304 1623 sibi
329 1584 363 1621 a
394 1568 607 1622 domino
629 1568 821 1634 debito,
849 1567 1089 1637 suffocat.
1921 1590 2026 1635 tate
2049 1596 2169 1635 sua.

104 1658 277 1715 XIX.
308 1657 382 1731 (e)
410 1658 637 1717 Uxorem
664 1675 770 1715 non
788 1661 970 1717 debere
995 1662 1271 1731 dimittere,
1309 1665 1373 1720 de
1391 1665 1655 1735 eunuchis,
1679 1667 1749 1724 de
1846 1671 2045 1729 XXIX.
2088 1671 2169 1727 De
2209 1672 2448 1740 muliere,
2499 1689 2618 1739 quis
2652 1674 2864 1730 accessit
2906 1676 2976 1729 ad
3025 1672 3207 1731 Iesum
3251 1676 3306 1730 in
3336 1677 3455 1743 vdo-

189 1751 496 1824 infantibus
534 1750 788 1808 inhibitis.
811 1751 1035 1808 Divitem
1074 1754 1280 1826 difficile
1321 1756 1535 1813 introire
1574 1759 1631 1813 in
1656 1773 1742 1814 re-
1772 1764 1822 1825 Β
1916 1778 2060 1819 mum
2107 1764 2335 1820 Simonis
2374 1766 2565 1836 leprosi
2608 1765 2802 1821 habens
2844 1767 3167 1822 alabastrum
3202 1768 3454 1841 unguenti

195 1860 369 1919 gnum
394 1845 656 1901 castorum.
1924 1858 2155 1924 pretiosi.
2782 1884 2787 1889 λ

113 1938 255 1994 XX.
287 1938 373 1994 De
398 1955 490 2008 spe
512 1939 885 2012 apostolorum,
917 1940 982 1995 de
1007 1941 1294 1998 novissimis
1319 1944 1501 2016 primis
1526 1944 1750 2015 efficien-
1850 1947 2024 2004 XXX.
2052 1948 2131 2004 De
2154 1947 2239 2005 die
2264 1949 2434 2020 prima
2454 1964 2785 2022 azymorum,
2807 1951 2864 2005 in
2889 1964 2993 2021 qua
3027 1959 3350 2007 accusarunt
3372 1950 3456 2005 die

203 2031 318 2087 dis.
353 2030 455 2086 Ubi
483 2031 839 2086 conducuntur
867 2032 1093 2102 operarii
1134 2032 1204 2087 ad
1246 2035 1466 2091 vineam.
1505 2033 1582 2091 De
1625 2036 1752 2107 filiis
1922 2042 2110 2113 scipuli
2134 2041 2204 2097 ad
2230 2040 2430 2108 Iesum,
2460 2042 2708 2109 dicentes,
2731 2041 2834 2099 Ubi
2854 2042 2938 2098 vis
2963 2056 3216 2113 paremus
3239 2031 3339 2098 tibi.
3362 2052 3457 2098 co-

207 2121 453 2177 Zebedai
472 2163 488 2189 ,
520 2122 586 2177 de
608 2123 776 2195 primo
810 2123 1050 2179 accubitu
1070 2162 1085 2189 ,
1106 2123 1173 2179 de
1205 2122 1409 2181 duodus
1432 2128 1580 2184 cacis
1604 2142 1753 2184 secus
1923 2135 2144 2189 medere
2172 2134 2407 2205 pascha?

210 2212 353 2267 uiam
375 2211 685 2268 sedentibus.

1885 2225 2050 2282 LXXI.
2081 2225 2212 2280 Cum
2254 2226 2390 2281 venit
2426 2225 2584 2282 Jesus
2622 2226 2677 2281 in
2710 2236 2894 2299 agrum
2914 2226 3003 2298 qui
3025 2226 3217 2281 dicitur
3241 2225 3454 2283 Gethso-

130 2304 292 2361 XXI.
328 2306 408 2360 lle
434 2307 581 2361 asina
608 2317 659 2362 et
685 2306 828 2380 pullo
857 2308 973 2378 ejus
990 2347 1006 2374 ,
1033 2308 1100 2363 de
1120 2308 1295 2383 ejectis
1321 2325 1356 2364 a
1382 2309 1571 2382 templo
1597 2327 1750 2367 num—
1926 2317 2089 2385 mani,
2120 2327 2169 2372 et
2194 2317 2321 2371 dicit
2342 2317 2609 2390 discipulis
2635 2317 2742 2373 suis
2766 2333 2786 2372 :
2816 2316 3014 2375 Sedete
3040 2316 3216 2373 donec
3240 2331 3360 2374 eam
3386 2318 3456 2374 il-

214 2399 478 2466 mulariis,
510 2399 577 2454 de
592 2400 695 2470 ﬁcu
714 2399 1008 2468 maledicta,
1029 2401 1093 2456 de
1108 2401 1308 2458 duobus
1327 2401 1454 2473 ﬁliis
1471 2402 1541 2457 ad
1555 2405 1755 2461 uincam
1918 2409 2014 2465 'Iuc
2033 2422 2212 2476 orare,
2234 2408 2317 2480 (lt)
2332 2418 2379 2463 et
2397 2410 2462 2464 de
2480 2409 2613 2465 tristi
2632 2409 2807 2463 anima
2825 2424 2924 2464 sua
2940 2424 3102 2480 usque
3122 2410 3197 2464 ad
3220 2419 3453 2475 mortem,

220 2494 420 2558 missis,
451 2494 517 2550 de
533 2494 822 2567 publicanis
846 2504 894 2550 et
917 2496 1287 2552 meretricibus.
1927 2501 1994 2556 de
2019 2502 2178 2556 calice
2218 2500 2262 2555 si
2295 2498 2535 2571 possibile
2586 2508 2662 2554 est
2701 2499 2921 2554 transire
2947 2516 2979 2553 a
3016 2515 3103 2563 se,
3160 2500 3227 2555 de
3268 2500 3457 2572 spiritu

140 2584 327 2642 XXII.
351 2585 428 2641 De
455 2585 759 2643 vinitoribus
795 2587 885 2658 qui
929 2588 1113 2644 missos
1149 2589 1220 2643 ad
1255 2604 1313 2644 se
1348 2587 1412 2645 ob
1449 2588 1757 2661 repetendos
1928 2601 2167 2665 prompto
2195 2601 2241 2646 et
2269 2606 2424 2645 carne
2442 2590 2672 2660 infirma,
2704 2600 2753 2644 et
2776 2604 3005 2657 rursum,
3033 2589 3098 2663 (ί)
3126 2590 3311 2655 Peter,
3342 2604 3453 2646 non

222 2681 428 2752 fructus
467 2681 818 2752 interficiunt,
856 2682 921 2737 de
946 2682 1177 2738 inritatis
1208 2685 1514 2755 promiscuis
1536 2694 1587 2741 et
1623 2696 1756 2743 veste
1927 2693 2106 2755 potest
2137 2684 2225 2740 hic
2248 2683 2389 2740 calix
2415 2683 2648 2740 transire
2669 2682 2775 2739 nisi
2810 2683 2960 2739 illum
2994 2683 3212 2739 bibam?
3241 2686 3335 2739 ttat
3363 2698 3457 2740 ro-

223 2776 474 2846 nuptiali.
1930 2776 2110 2831 Iunias
2133 2783 2244 2831 tua.

148 2865 351 2924 XXIII.
381 2865 680 2922 Detributo
704 2874 753 2922 et
771 2865 995 2939 imagine
1021 2862 1256 2936 Cesaris,
1287 2868 1352 2923 de
1372 2865 1546 2925 eadem
1567 2878 1757 2942 septem
1858 2864 2079 2923 XXXII.
2102 2864 2178 2921 De
2202 2863 2366 2934 Juda,
2386 2864 2473 2937 qui
2498 2876 2609 2921 erat
2628 2880 2762 2921 unus
2782 2864 2846 2921 de
2864 2862 3134 2922 duodecim
3163 2864 3455 2938 discipulis,

224 2963 450 3032 fratrum
493 2977 693 3029 uxore,
739 2961 805 3016 de
855 2961 1116 3018 mandatis
1164 2962 1437 3031 maximis,
1483 2966 1546 3019 de
1587 2962 1758 3020 Dauid
1930 2959 2249 3015 uenientead
2274 2954 2453 3014 Iesum
2481 2975 2598 3014 cum
2625 2957 2852 3031 plurima
2880 2957 3027 3021 turba
3054 2967 3111 3013 ut
3147 2952 3457 3015 eumtrade-

228 3051 364 3121 filio.
908 3110 915 3115 κ
1930 3061 2041 3119 ret;
2077 3052 2142 3107 de
2165 3052 2341 3125 gladio
2367 3066 2515 3123 quem
2535 3051 2687 3117 iussit
2712 3050 2869 3107 Petro
2894 3060 3185 3107 convertere
3207 3052 3263 3107 in
3290 3053 3458 3107 locum

150 3110 349 3200 XXIV.
381 3138 461 3199 De
481 3138 724 3198 cathedra
755 3110 931 3216 Moysi
959 3158 1113 3218 super
1140 3160 1292 3214 quam
1311 3147 1550 3202 sederunt
1575 3148 1754 3205 scriba:
1778 3142 1824 3215 C
1926 3110 2094 3201 suum.
2165 3110 2189 3125 ν
2377 3110 2391 3123 ’
2535 3110 2546 3117 Ι
3540 3204 3547 3207 .

228 3244 276 3291 et
300 3235 560 3306 pharisa'i,
586 3234 649 3290 de
671 3231 744 3309 (f)
775 3236 952 3290 clauso
984 3234 1047 3291 ab
1072 3237 1255 3292 iisdem
1276 3254 1433 3311 regno
1471 3240 1716 3295 calorum
1735 3280 1753 3308 ,
1862 3235 2104 3294 XXXIII.
2139 3232 2216 3291 De
2245 3233 2421 3294 Pilato
2450 3253 2468 3292 .'
2500 3253 2616 3292 cum
2659 3236 2853 3292 sederet
2891 3252 2987 3308 pro
3027 3234 3293 3306 tribunali,
3320 3232 3458 3297 misil

227 3338 277 3382 et
300 3327 364 3382 ab
389 3327 571 3381 iisdem
596 3328 796 3381 coniedi
828 3327 1006 3382 domos
1036 3330 1304 3383 viduarum
1321 3373 1333 3391 ,
1392 3331 1756 3387 circumeunti-
1932 3333 2000 3387 ad
2029 3332 2175 3386 illum
2198 3347 2331 3386 uxor
2347 3348 2463 3399 sua,
2482 3331 2656 3386 dicens
2675 3347 2693 3385 .'
2711 3330 2853 3385 Nihil
2885 3331 2979 3386 libi
3000 3331 3072 3385 sit
3097 3337 3153 3385 et
3174 3330 3323 3401 justo
3345 3329 3455 3387 isti.

231 3421 323 3473 bus
350 3434 490 3473 mare
516 3429 563 3474 et
589 3416 809 3483 aridam,
830 3429 878 3473 et
908 3416 1227 3475 dicentibus:
1251 3419 1586 3492 Quicumque
1608 3427 1759 3495 jura-
1933 3423 2013 3481 De
2039 3423 2418 3480 transeuntibus
2444 3425 2597 3496 juxta
2628 3439 2828 3478 crucem
2857 3423 2945 3494 qui
2977 3422 3247 3481 movebant
3283 3421 3455 3491 capita

236 3510 371 3568 verit
401 3512 455 3568 in
484 3510 720 3583 templo,
746 3511 879 3568 nihil
910 3520 1028 3580 est,
1056 3526 1102 3571 et
1143 3515 1513 3572 decimanlibus
1539 3528 1758 3575 ruentam
1931 3528 2101 3586 sua,et
2120 3517 2397 3574 dicebant:
2421 3514 2517 3573 llic
2545 3525 2628 3572 est
2652 3517 2744 3588 qui
2773 3512 3086 3574 destruebat
3114 3510 3373 3587 templum
3404 3518 3460 3579 et

232 3613 279 3660 et
308 3603 572 3672 anethum,
610 3616 658 3662 et
690 3604 1067 3673 aediﬁcantibus
1094 3607 1332 3676 sepulcra
1368 3606 1756 3680 map/telarum,
1934 3612 1988 3668 in
2012 3610 2245 3667 triduum
2276 3609 2405 3664 illud
2428 3608 2814 3664 retudiﬁcabat.

235 3747 314 3877 (:3
341 3749 438 3833 ilic
458 3752 718 3808 articulus
741 3752 799 3808 in
830 3767 961 3808 mss.
987 3761 1291 3824 postremus
1312 3761 1395 3811 est
1419 3754 1640 3825 capituli
1662 3769 1753 3810 su-
1860 3754 2196 3884 l1)(g)Editi,
2227 3753 2295 3808 ad
2322 3751 2572 3819 iudicium
2593 3766 2712 3807 cum
2734 3753 3000 3822 majestate
3019 3765 3156 3805 sua:
3183 3748 3462 3820 rell-agun-

236 3838 260 3876 I'
318 3838 411 3878 1⁵18.
1883 3844 1896 3882 1
1940 3844 2002 3883 IIS
2033 3841 2167 3883 11188.

162 3836 411 3893 penoris.
1860 3836 2002 3884 tibus
2033 3841 2167 3883 mss.

233 3892 310 4089 ἢ
339 3893 491 3949 Hunc
515 3894 802 3950 articulum
823 3894 1079 3950 omittunt
1107 3906 1240 3951 mss.

260 3981 285 4017 c
337 3964 390 4019 In
418 3966 674 4035 vulgatis,
697 3967 884 4021 salvat.

237 4035 253 4089 l
302 4049 314 4089 ι
345 4034 401 4089 In
429 4051 562 4089 mss.
586 4037 881 4089 canilulum
902 4037 1237 4089 eubseauens

260 3981 285 4017 ε

237 4035 314 4107 (ά)

337 3914 491 4017 |"“"°
515 3914 802 3977 ⁸Γ¹ξ⁰⁸¹¹¹¹¹¹¹
823 3914 1079 3950 ⁰¹¹¹¹¹¹¹³¹¹ί
1107 3914 1240 3951 ³³³⁸·
1935 3919 2012 3994 (h)
2044 3918 2121 3976 Ita
2152 3935 2282 3975 mss.
2325 3917 2467 3973 Editl
2498 3930 2628 3975 vero
2647 3925 2740 3983 ,vet
2770 3915 2977 3971 tristata
3016 3921 3091 3969 est
3128 3914 3303 3969 animo
3344 3915 3459 3985 ejus

352 3982 390 4035 ,"
418 3966 674 4035 “"83”:
697 3967 884 4021 “Im”-
1858 4009 2021 4035 mmm
2038 3993 2109 4035 ml
2135 4001 2365 4035 mortem-
2388 3988 2450 4035 Et
2476 3989 2540 4035 de
2558 3987 2718 4035 calice
2742 3988 2921 4035 martis
2941 3987 3079 4035 απιοά
3101 3986 3251 4035 dixit-
3279 3985 3457 4035 Pater.

658 4005 674 4032 ’
697 4005 860 4021 πονιιο
870 4007 884 4020 ο

1858 3985 2021 4079 usque
2038 3993 2366 4079 admortem.
2385 3988 2450 4044 Et
2476 3989 2540 4044 de
2558 3987 2718 4044 calice
2742 3988 2921 4079 mortis
2941 3987 3079 4079 quod
3101 3985 3457 4079 dixitL‘Pa‘t‘er,

345 4034 401 4135 g9
429 4034 562 4093 mos.
586 4037 881 4107 σειρίιυιυιιι
902 4037 1237 4109 subsequens
1261 4038 1331 4096 ab
1355 4038 1440 4095 bis
1457 4038 1648 4096 verbis
1673 4039 1758 4096 ίιι·
1862 4034 3457 4135 ξῑηριῑξῐεέεῖέιῖῖέιῆιιῑαῑδῖεέξῑίέ’ξεῖεῖτῡεπιῑιδεειλςεξδῑ

166 4106 409 4191 θὴΨξίίέἶθ
784 4187 793 4191 -
1009 4179 1053 4191 ..
1083 4106 1096 4109 ἡ
1184 4179 1195 4191 .
1253 4183 1264 4191 .
1328 4179 1363 4191 η
1863 4106 2543 4191 iuﬁ'i'ifﬁsii'bibiiiil
2564 4106 2957 4191 Hdii'p'ri'ipipiél

236 4146 431 4250 (el-His
459 4179 800 4248 prmmittuut
825 4179 974 4247 editi,
1008 4179 1216 4237 Transit
1246 4183 1300 4236 in
1321 4179 1613 4237 Catilinam.

1864 4146 2001 4191 Tum
2029 4151 2082 4188 Ill
2116 4147 2246 4189 mss.
2279 4146 2538 4203 promptu,
2564 4146 2669 4185 11011
2701 4146 2957 4201 prompto.

1523 4198 1613 4236 m'
1943 4232 1998 4250 ιιι
2033 4230 2172 4250 πίῃς
2206 4228 2288 4250 ιε-
2323 4229 2569 4250 -.ιεε-ε.-..ι
2637 4227 2692 4250 .s-
2735 4244 2780 4250 η
2816 4224 2948 4250 μ-.-]
2990 4216 3092 4250 .s:..‘:

238 4224 304 4320 {r5
333 4224 1623 4323 ὁὶὲέἶῖῐᾶἑῖῗὲΐἱηῖἷὲῖἓι’ἐεῖἓῖιὶὶιὲἑὶηἷίῖι’ὸϊζ”ῥὲὸ
1660 4253 1763 4308 cir-

1660 4253 1763 4308 σεν.
1938 4232 2003 4305 (i)
2033 4230 2177 4287 Editi
2205 4228 2292 4287 hic
2319 4229 2596 4301 adjiciunt,
2629 4227 2693 4284 de
2725 4244 2783 4284 eo
2807 4224 2948 4298 quod
2984 4224 3136 4284 dixit.

168 4320 536 4377 cumeuntibus.

160 4409 3451 4452 WM

628 4536 1799 4727 “’SANCTI
1952 4548 2995 4718 HILARII

474 4841 605 4996 IN
710 4841 1463 5001 EVANGELIUM
1566 4842 2115 5000 MATTIUEI
2219 4830 3145 5000 COMMENTARIUS.

1366 5071 1637 5143 (SCRIPTUS
1664 5085 1825 5130 amca
1854 5082 2031 5129 suum
2057 5067 2274 5139 ccam.)

1200 5210 2439 5259 —————--==o===-——-—--

685 5336 918 5396 CAPUT
957 5336 1244 5397 PRIMUM.
1865 5332 2222 5408 (a)Gradum,
2253 5342 2417 5402 quem
2445 5325 2730 5391 Matthaeus
2755 5325 2811 5380 in
2848 5324 3044 5380 ordine
3068 5320 3234 5393 regias
3251 5328 3475 5373 succoso
3560 5332 3569 5337 ε

185 5432 255 5489 De
274 5429 536 5488 natiuitate
574 5430 787 5501 Christi,
815 5438 862 5487 et
886 5430 949 5486 de
994 5429 1166 5505 Magis
1200 5448 1315 5489 cum
1352 5426 1667 5497 muneribus,
1704 5442 1766 5483 ac
1867 5427 2038 5485 sionis
2062 5422 2329 5491 ediderat,
2369 5422 2544 5479 Lucas
2574 5420 2629 5476 in
2656 5415 2980 5475 sacerdotali
3009 5412 3218 5516 origine
3243 5418 3473 5516 compti:

671 5524 737 5578 de
762 5523 1041 5595 infantibus
1060 5524 1264 5579 occisis.
1872 5530 1969 5578 tat.
2002 5519 2175 5588 Quem
2199 5517 2327 5574 dum
2357 5526 2582 5586 uterque
2611 5514 2954 5579 dinumerat,
3004 5513 3381 5576 cognationem
3412 5513 3470 5554 ιιι

244 5618 293 5673 1.
323 5608 515 5670 Christi
554 5627 619 5670 ea:
666 5616 807 5688 regio
831 5621 879 5668 et
905 5614 1213 5670 sacerdotali
1259 5628 1441 5690 genere
1490 5624 1652 5670 ortus.
1700 5641 1773 5654 —
1874 5614 2107 5669 Domino
2135 5613 2417 5684 utriusque
2433 5610 2605 5667 tribus
2634 5615 2862 5675 uterque
2881 5600 3166 5672 signiticet.
3197 5595 3474 5660 Recteque

260 5756 332 5832 (a)
360 5754 417 5811 In
434 5751 599 5812 editis
633 5751 724 5809 hic
751 5750 961 5809 frustra
1006 5751 1418 5824 praeferebatur,
1460 5752 1616 5809 Liber
1639 5767 1794 5827 qene-
1902 5724 2290 5811 rationis’Jesu
2333 5752 2558 5817 Christi,
2586 5744 2683 5818 ﬁlii
2720 5739 2915 5809 David,
2957 5735 3057 5808 ﬁl“
3090 5735 3330 5803 Αθναῆαι
3354 5744 3495 5807 εκεν
