3974 6198
560 241 666 310 919

1777 234 2024 294 SANCTI
2057 233 2096 288 Η
2106 233 2317 290 iLARlI
2350 233 2655 292 EPISCOPI

3759 236 3837 292 920

555 355 923 426 generationis
946 353 1146 425 gradus
1167 351 1385 422 ponitur
1411 369 1424 406 :
1454 351 1578 424 quia
1607 349 1962 406 sacerdotalis
1991 357 2047 404 et
2066 363 2154 404 re-
2182 351 2232 410 Α
2259 347 2598 420 cognationis
2621 351 2924 422 acciperet,
2952 360 3347 423 susceptosque
3403 352 3568 406 ﬁlios
3616 349 3672 405 in
3716 349 3839 407 fami-
3900 347 3905 408 l

556 450 658 518 gite
681 448 852 502 tribus
878 446 1110 502 societas
1134 461 1233 517 per
1266 445 1430 500 David
1459 460 1526 500 ex
1557 444 1812 514 coniugio
1844 443 2000 507 inita,
2043 441 2151 512 jam

555 557 586 597 a
608 541 870 598 Salathiel
893 540 946 594 in
975 538 1278 594 Zorobabel
1293 539 1648 595 confirmetur
1660 555 1725 593 ex
1740 552 1959 608 genere.
1978 538 2153 605 Atque

555 637 627 690 ita
658 635 784 689 dum
820 633 1104 686 Matthaius
1135 641 1414 700 paternam
1447 633 1713 703 originem
1738 675 1752 697 ,
1781 645 1902 702 quae
1932 629 2150 686 exJuda

554 725 1023 796 proficiscebatur,
1056 733 1339 791 recenset,
1369 725 1543 780 Lucas
1569 739 1700 780 vero
1730 732 2010 793 acceptum
2057 736 2153 790 per

554 818 784 874 Natham
817 832 884 872 ex
914 817 1054 871 tribu
1081 815 1211 871 Levi
1237 832 1408 886 genus
1429 816 1625 870 edocet
1668 814 1818 887 (Luc.
1866 829 1954 877 ιιι,
2009 811 2106 882 24)
2135 828 2150 873 ς

555 911 668 965 suis
689 907 764 980 (a)
795 907 1102 978 quibusque
1125 907 1364 978 patribus
1381 907 1612 961 Domino
1638 915 1824 961 nostro
1839 905 1968 960 Jesu
1990 901 2150 959 Chri-

553 1013 662 1068 sto,
683 1005 851 1076 ωε
875 1004 964 1074 qui
989 1013 1072 1058 est
1092 1013 1330 1056 aeternus
1349 1011 1400 1056 et
1424 1016 1520 1056 rex
1533 1010 1588 1056 et
1605 1000 1882 1066 sacerdos,
1913 996 2147 1054 etiamin

552 1098 756 1150 carnali
787 1105 908 1151 ortu
940 1096 1224 1164 utriusque
1251 1094 1467 1164 generis
1494 1093 1721 1163 gloriam
1755 1093 2146 1164 probaverunt.

549 1188 705 1256 Quod
735 1204 866 1244 vero
904 1187 1109 1258 Joseph
1153 1187 1496 1256 p0tiusquam
1526 1186 1706 1240 Maria:
1753 1184 2010 1239 nativitas
2060 1199 2150 1238 re-

551 1289 826 1347 censetur,
858 1279 993 1334 nihil
1017 1278 1185 1334 refert
1214 1297 1226 1332 :
1254 1278 1447 1333 eadem
1479 1277 1622 1332 enim
1651 1287 1736 1331 est
1768 1276 1933 1330 totius
1977 1276 2150 1330 tribus

550 1383 714 1444 atque
751 1389 857 1428 una
885 1373 1158 1444 cognatio.
1193 1371 1514 1441 Exemplum
1566 1379 1746 1424 autem
1795 1370 1958 1423 etiam
2013 1367 2147 1422 Mat-

551 1466 726 1521 thaeus
754 1474 810 1520 et
830 1465 1004 1520 Lucas
1028 1463 1297 1519 dederunt
1324 1505 1338 1529 ,
1360 1471 1546 1534 patres
1591 1462 1819 1515 invicem
1872 1459 2152 1529 appellan-

550 1569 635 1614 tes
657 1601 672 1626 ,
697 1575 807 1614 non
840 1569 945 1613 tam
971 1574 1170 1629 genere
1197 1573 1361 1629 quam
1393 1566 1553 1627 gente
1581 1573 1594 1608 :
1630 1555 1754 1626 quia
1786 1553 1855 1609 ab
1883 1568 1991 1607 uno
2045 1553 2144 1606 tri-

552 1651 656 1706 bus
676 1661 850 1722 ccepta
871 1694 885 1717 ,
909 1651 1010 1706 sub
1035 1651 1196 1706 unius
1223 1650 1588 1706 successionis
1615 1656 1670 1702 et
1697 1647 1923 1717 originis
1949 1646 2149 1700 familia

2255 439 2380 495 liam
2404 439 2520 511 ejus
2539 442 2629 512 qui
2657 454 2900 498 mortuus
2921 455 3064 499 esset
3089 445 3256 517 670
3267 444 3513 500 referret
3533 442 3719 515 (Dent.
3737 460 3835 511 xxv,

2255 532 2314 603 ὃ)
2347 551 2359 587 :
2392 545 2743 605 maneretque
2783 535 2856 590 ita
2885 536 2962 606 (ά)
2989 535 3042 590 in
3077 535 3460 606 primogenitis
3505 535 3838 590 successionis

2254 628 2387 682 ordo
2409 670 2423 693 ,
2449 643 2568 682 cum
2595 638 2777 697 patres
2804 643 2992 683 eorum
3015 671 3028 694 ,
3051 630 3141 700 qui
3167 640 3286 698 post
3343 629 3466 706 nati
3519 640 3745 693 essent,
3771 640 3838 683 aut

2257 723 2476 778 nomine
2509 723 2857 790 haberentur,
2893 734 2984 778 ant
3006 739 3226 794 genere.

2325 813 2380 868 2.
2428 813 2533 869 Cur
2597 815 2946 888 generationes
2991 814 3227 886 quaedam
3285 815 3524 868 amissaa.
3594 812 3700 866 Cur
3738 831 3838 883 qu.

2255 905 2531 958 tuordecim
2556 905 2642 958 ubi
2665 915 2862 959 tantum
2893 905 3133 960 tredecim
3153 914 3514 959 recensentur.
3535 934 3611 944 —
3629 901 3839 973 Sequens

2255 995 2386 1050 illud
2413 1007 2530 1060 est,
2557 1005 2611 1050 nt
2638 997 2761 1063 quia
2790 997 2860 1067 (e)
2888 997 3152 1062 diximus,
3203 994 3516 1050 secundum
3571 1010 3751 1049 rerum
3795 997 3839 1048 fi-

2253 1086 2378 1142 dem
2399 1129 2413 1152 ,
2443 1089 2812 1158 generationis
2839 1087 2995 1143 istius
3025 1087 3270 1142 ordinem
3321 1101 3424 1142 nec
3486 1100 3723 1140 numero
3763 1087 3838 1140 sibi

2255 1194 2356 1234 nec
2383 1181 2728 1235 successione
2748 1188 3032 1244 constare;
3063 1179 3225 1250 hujus
3254 1193 3480 1250 quoque
3511 1178 3602 1233 rei
3629 1177 3761 1232 ratio
3778 1179 3835 1231 at-

2253 1273 2475 1328 feratur.
2506 1272 2623 1328 Non
2647 1272 2788 1327 enim
2810 1271 2946 1328 levis
2974 1285 3134 1327 causa
3161 1279 3244 1326 est
3263 1313 3280 1338 ,
3302 1281 3362 1326 ut
3387 1269 3549 1324 aliud
3593 1269 3648 1324 in
3679 1283 3838 1324 nam-

2252 1366 2399 1422 tione
2419 1368 2524 1434 sit,
2553 1365 2698 1420 aliud
2724 1365 2884 1420 fuerit
2913 1365 2968 1419 in
2999 1365 3202 1435 gestis;
3232 1374 3288 1419 et
3316 1363 3470 1417 aliud
3503 1361 3771 1418 referatur
3791 1363 3831 1416 in

2253 1472 2463 1513 summa
2484 1497 2499 1522 ,
2531 1456 2676 1511 aliud
2701 1470 2832 1511 vero
2863 1466 3111 1511 teneatur
3140 1456 3192 1510 in
3226 1471 3487 1510 numero.
3521 1454 3763 1523 Namque
3786 1456 3836 1507 ab

2253 1546 2526 1604 Abraham
2559 1562 2728 1617 usque
2775 1546 2842 1600 ad
2901 1546 3069 1601 David
3111 1545 3535 1616 quatuordecim
3564 1545 3836 1615 generatioo

2257 1656 2353 1696 nes
2380 1648 2708 1694 enumerata:
2732 1639 2989 1711 sunt,(f)
3011 1649 3063 1694 et
3098 1637 3266 1693 David
3317 1655 3500 1709 usque
3556 1638 3628 1693 ad
3683 1649 3833 1692 trans-

556 1745 888 1798 continetur.
921 1742 1056 1797 Cum
1115 1743 1259 1797 enim
1315 1741 1457 1795 filius
1490 1740 1658 1795 David
1706 1750 1866 1810 atque
1918 1738 2152 1794 Abraha:
2182 1743 2229 1804 Β
2257 1732 2638 1803 migrationem
2673 1731 2963 1803 Babylonis
2993 1731 3376 1802 generationes
3402 1733 3830 1803 quatuordecim,

555 1847 701 1890 esset
731 1834 805 1906 (ὁ)
837 1833 1357 1904 ostendendus,quia
1386 1835 1456 1886 ita
1478 1831 1972 1900 Matthteuscmpit;
1999 1829 2152 1882 Liber

553 1927 896 1998 generationis
941 1923 1068 1978 Jesu
1095 1922 1326 1988 Christi,
1383 1923 1477 1991 ﬁlii
1517 1920 1725 1986 David,
1776 1921 1873 1988 ﬁlii
1928 1920 2150 1973 Abrahae

553 2021 771 2093 (Matth.
804 2018 932 2090 1,1)
963 2037 974 2072 :
1021 2019 1098 2089 (c)
1128 2033 1232 2084 non
1274 2014 1457 2071 dilfert
1506 2015 1630 2085 quis
1682 2014 1735 2068 in
1791 2013 2017 2082 originis
2050 2028 2150 2066 nu-

553 2129 708 2168 mero
738 2123 898 2182 atque
921 2111 1111 2165 ordine
1137 2109 1458 2172 collocetur,
1512 2105 1809 2161 dummodo
1861 2108 2148 2160 universo-

555 2221 672 2259 rum
698 2203 895 2256 familia
917 2209 1095 2272 cmpta
1127 2215 1250 2256 esse
1296 2199 1628 2268 intelligatur
1652 2197 1721 2252 ab
1752 2211 1878 2251 uno.
1911 2195 1992 2251 lta
2020 2212 2143 2251 cum

552 2295 798 2365 ejusdem
821 2295 992 2350 tribus
1024 2294 1093 2348 sit
1119 2293 1320 2365 Joseph
1349 2303 1404 2348 et
1432 2290 1627 2356 Maria;
1678 2290 1805 2345 dttm
1866 2289 2144 2360 profectus

550 2403 670 2445 esse
700 2403 765 2443 ex
795 2387 1028 2442 Abrahae
1047 2401 1246 2455 genere
1286 2383 1488 2454 Joseph
1526 2381 1850 2450 ostenditur,
1906 2379 2147 2450 profecta

549 2495 762 2550 qu0qne
788 2479 1014 2535 docetur
1039 2487 1095 2532 et
1123 2477 1307 2531 Maria.
1344 2476 1471 2530 Haec.
1523 2476 1669 2531 enim
1722 2475 1776 2528 in
1836 2475 1954 2544 lege
2007 2473 2147 2528 ratio

549 2581 762 2626 servata
789 2579 894 2631 est.
916 2577 973 2624 ut
998 2569 1045 2624 si
1070 2577 1317 2623 mortuus
1346 2567 1462 2622 sine
1486 2567 1611 2621 filiis
1642 2565 1862 2621 familia:
1893 2566 2146 2636 princeps

548 2660 772 2724 fuisset,
802 2659 1040 2715 defuncti
1085 2673 1310 2714 uxorem
1344 2659 1616 2729 posterior
1672 2658 1839 2713 frater
1893 2654 2144 2727 ejusdem

548 2821 755 2891 absque
776 2818 882 2872 ulla
916 2831 1044 2891 mss.
1060 2816 1412 2891 auctoritate.
1434 2815 1637 2891 Deinde
1655 2815 1849 2891 mirum
1864 2826 1947 2870 est
1963 2830 2136 2891 quan-

549 2886 824 2947 tum'inter
853 2905 913 2944 se
942 2887 1239 2942 dissideant
1269 2890 1450 2942 excusi
1473 2898 1528 2941 et
1554 2903 1683 2942 mss.
1706 2886 1948 2954 Namque
1973 2887 2140 2940 editio

549 2978 708 3032 opera
735 2961 886 3032 Badii
906 2959 1127 3014 Ascensi
1156 2973 1360 3032 excusa
1380 3001 1394 3023 ,
1425 2973 1548 3032 cum
1583 2959 1805 3032 Erasmo
1841 2960 1967 3032 qui_
1985 2972 2137 3011 eam-

549 3026 672 3088 dem
703 3031 998 3087 editionem
1022 3031 1366 3098 recognovit,
1416 3028 1495 3082 sic
1524 3029 1832 3096 auspicatur
1862 3026 1875 3083 ἐ
1925 3026 2140 3081 Gressus

548 3121 695 3184 quem
729 3102 1007 3155 Mattheus
1027 3111 1077 3184 et
1093 3100 1259 3153 Lucas
1294 3102 1346 3152 in
1387 3101 1567 3184 ordine
1609 3101 1763 3170 regia:
1797 3099 2142 3184 successionis
2169 3121 2215 3184 ρ

551 3175 817 3228 ediderant
835 3191 849 3229 ε
866 3188 1016 3238 quem
1042 3172 1164 3225 dum
1191 3181 1401 3241 uterque
1429 3170 1738 3242 dinumerat,
1764 3178 1808 3222 et
1831 3171 2142 3242 agnitionem

551 3246 604 3298 in
635 3244 856 3298 Domino
884 3245 1148 3312 utriusque
1165 3242 1324 3295 tribus
1355 3253 1586 3310 uterque-
1607 3241 1894 3313 signiﬁcat,
1954 3251 2001 3293 et
2036 3257 2146 3294 rec-

552 3326 618 3370 ta:
638 3315 976 3387 generationis
1018 3311 1237 3387 gradum
1254 3315 1409 3387 ponit
1437 3329 1454 3365 :
1480 3313 1603 3382 quia
1649 3311 2001 3377 sacerdotalis,
2030 3324 2138 3387 _etc.

555 3383 768 3458 Lipsius
797 3383 1227 3458 antctnunomine
1253 3385 1510 3458 Martinus
1531 3424 1552 3458 ,Α
1581 3398 1644 3437 ac
1688 3394 1805 3458 post
1829 3399 1948 3458 eum
1978 3383 2142 3458 editio

553 3453 908 3521 Pa‘risiettsis,
963 3455 1202 3526 Gressuﬁm
1225 3471 1372 3525 quem
1396 3453 1673 3508 Matt/meus
1695 3455 1748 3508 in
1770 3457 1949 3508 ordine
1989 3456 2145 3526 regia:

551 3531 915 3591 successionis,
967 3543 1082 3581 eum
1131 3525 1299 3579 Lucas
1349 3542 1438 3596 per
1488 3526 1854 3580 sacerdotalem
1913 3525 2144 3579 ordinem

548 3600 780 3653 ediderat
807 3616 824 3652 :
851 3599 1182 3670 quemdam,
1227 3607 1522 3670 et_ctetera
1569 3607 1627 3649 ut
1667 3595 1809 3670 apud
1857 3596 1990 3650 Bad.
2009 3597 2142 3670 _nisi

553 3670 695 3739 quod
725 3667 1200 3741 agnationemrnnx
1234 3668 1464 3741 habeant
1487 3710 1500 3730 ,
1527 3682 1625 3737 pro
1653 3669 1984 3741 agnitionem.
2008 3667 2142 3722 Tres

552 3755 685 3793 vero
714 3739 847 3793 mss.
876 3752 1000 3806 puta
1029 3779 1042 3801 ,
1067 3739 1446 3801 Michaelinns,
1476 3739 1789 3792 monasterii
1821 3739 1980 3792 Silva:
2028 3753 2141 3790 ma-

551 3810 688 3880 joris
711 3851 727 3874 ,
762 3821 818 3864 et
845 3810 1177 3880 Beccensis,
1219 3809 1463 3880 Gressum
1491 3824 1643 3877 quem
1672 3807 1957 3880 Matthwus
1976 3811 2030 3862 in
2055 3826 2140 3862 or-

552 3879 674 3933 dine
695 3880 851 3950 regitc
870 3879 1210 3932 successionis
1231 3879 1457 3950 edide_rat
1476 3919 1490 3942 ,
1522 3880 1842 3948 prosequitur
1867 3890 1913 3932 et
1933 3879 2102 3934 Lucas
2122 3923 2135 3942 .

551 3947 884 4020 quemdam,
923 3959 1116 4020 caetera
1177 3963 1300 4003 cum
1356 3947 1486 4002 Bad.
1542 3952 1982 4012 consentientes,
2037 3951 2138 4006 nisi

549 4019 692 4091 quod
727 4031 911 4092 postea
943 4019 1258 4092 subjiciunt,
1293 4028 1522 4072 recteque
1547 4021 1888 4092 generationis
1934 4023 2139 4092 gradus

550 4079 778 4163 partitur.
810 4089 990 4163 codex
1020 4079 1576 4163 majorismonasterii
1607 4089 1808 4144 'l‘uron.
1842 4107 1904 4146 ac
1931 4079 2136 4145 Vindo-

551 4161 787 4218 cinetris
805 4205 818 4229 ,
850 4161 1064 4217 Gressus
1092 4178 1237 4232 quem
1254 4161 1532 4216 Matt/uena
1557 4164 1608 4216 in
1639 4163 1818 4216 ordine
1847 4164 2001 4233 regite
2020 4180 2138 4217 suc-

552 4236 794 4288 cessionis
815 4234 1070 4297 ediderat,
1098 4249 1246 4298 quem
1271 4236 1416 4298 dum,
1448 4245 1578 4291 elc..
1609 4243 1667 4286 ιιῑ
1695 4235 1745 4286 in
1769 4236 2137 4302 superioribus

549 4319 682 4358 mss.
718 4304 1040 4368 Vaticanus,
1099 4302 1313 4358 Gressus
1361 4320 1508 4373 quem
1540 4303 1817 4358 Matthwus
1863 4307 1917 4358 in
1959 4307 2138 4360 ordine

548 4377 705 4447 regite
725 4376 1089 4437 successionis,
1141 4386 1187 4429 et
1223 4391 1372 4444 quem
1414 4373 1608 4447 Lucas
1633 4392 1723 4446 per
1769 4377 2136 4447 sacerdotalem

549 4445 779 4500 ordinem
805 4447 1132 4504 dinumerat.
1190 4454 1395 4515 uterque
1451 4445 1763 4515 agnitibnem
1809 4453 1860 4500 in
1913 4445 2134 4502 Domino

549 4519 818 4589 utriusque
837 4517 997 4570 tribus
1018 4517 1304 4589 signiﬁcat,
1327 4525 1434 4589 etc.

548 4602 670 4640 mus
700 4588 985 4642 lectionem
1013 4629 1028 4651 ,
1050 4586 1210 4657 quam
1240 4586 1492 4641 omnibus
1519 4589 1761 4642 numeris
1783 4590 1895 4641 suis
1921 4588 2140 4642 absolu-

547 4666 655 4728 tam
681 4658 899 4713 exhibet
927 4658 1296 4713 lectionarinm
1325 4657 1692 4712 Germanense
1717 4674 1817 4712 ms.
1841 4675 1869 4711 a
1899 4674 1999 4728 qua
2031 4677 2136 4716 non

547 4727 775 4783 dissidet
803 4745 940 4783 unus
973 4729 1142 4784 codex
1171 4728 1514 4783 Colbertintts
1535 4772 1550 4795 ,
1599 4729 1700 4782 nisi
1752 4729 1894 4799 quod
1919 4727 1927 4728 ί
1951 4729 2135 4796 initio,

545 4813 644 4868 pro
671 4801 890 4874 gradum
908 4842 927 4874 ,
963 4799 1156 4856 habeat
1181 4815 1444 4874 gressum,
1469 4809 1525 4854 et
1543 4800 1851 4874 agnitionem
1896 4816 2006 4874 pro,
2045 4819 2133 4874 co-

544 4870 855 4942 gnationem.
890 4870 1228 4939 Quamquam
1259 4870 1974 4942 multumpriipendehamus
1999 4873 2048 4926 in
2079 4873 2130 4928 id

543 4940 689 5009 quod
748 4959 856 5008 prae
902 4957 961 4996 se
1014 4942 1191 4997 ferunt
1243 4956 1374 4994 mss.
1399 4945 1456 4995 ὃ.
1490 4941 1633 4996 Petri
1663 4940 2049 5005 Carnutensis,
2079 4955 2134 5000 et

543 5011 680 5064 alter
708 5011 948 5067 Colhert.
972 5014 1016 5066 si
1041 5015 1123 5066 vel
1155 5027 1340 5066 vocem
1369 5011 1569 5067 addere
1600 5011 1841 5068 licuisset
1893 5031 1904 5066 :
1955 5012 2129 5069 Genus

541 5083 680 5166 quod
706 5082 979 5166 Matthteus
1007 5093 1054 5138 et
1087 5083 1324 5166 ‘Lucqs‘in
1352 5085 1538 5165 ordine.
1557 5085 1710 5166 regite
1746 5085 1863 5166 _(.|t_ic
1915 5084 2129 5166 videtur

541 5153 767 5216 deesse,
824 5165 871 5207 et
921 5153 1276 5222 sacerdotalis)
1319 5153 1653 5208 successionis
1695 5155 1954 5220 ediderat,
2006 5155 2128 5210 dum

542 5233 753 5296 uterque
779 5224 1068 5278 dinumerat
1093 5267 1106 5288 ,
1130 5237 1177 5279 et
1198 5225 1509 5296 agnitionem
1540 5243 1590 5278 in
1619 5225 1839 5279 Domino
1865 5228 2130 5292 utriusque

540 5295 710 5367 gibus
774 5296 1062 5366 signiﬁcat,
1111 5295 1245 5350 recte
1283 5299 1622 5366 generationis
1667 5299 1856 5366 gradus
1899 5299 2124 5367 ponitur.

536 5363 670 5418 Cum
703 5363 1016 5420 lecttiittario
1047 5379 1227 5422 autem
1252 5363 1638 5437 cognationem,
1668 5363 1764 5422 'ch
1814 5363 1936 5422 cum
2003 5368 2125 5424 Par.

536 5439 860 5509 agnationem
882 5479 896 5500 ,
923 5438 1184 5491 vocabulo
1204 5439 1516 5510 agnitionem
1569 5437 1961 5510 prmferendum
2007 5455 2128 5496 esse

579 5517 686 5560 atet
717 5524 783 5563 ex
805 5523 924 5575 cap.
961 5510 1059 5575 H,
1094 5525 1151 5562 ιι.
1202 5509 1255 5562 il.
1303 5509 1447 5562 Satis
1477 5509 1755 5575 probabile
1784 5519 1868 5563 est
1899 5511 2125 5577 primam

583 5595 680 5631 anc
705 5588 907 5645 partem
952 5581 1018 5632 ad
1076 5577 1730 5649 prommiutnpertinere,
1787 5591 1949 5649 atque
2005 5584 2128 5637 hinc

536 5656 717 5701 natam
742 5665 864 5704 esse
892 5647 1090 5703 tantam
1121 5653 1260 5703 inter
1288 5648 1503 5704 codices
1531 5647 1922 5705 dissensionem
1946 5693 1960 5717 ,
1984 5655 2125 5718 quod

511 5729 655 5777 .eum
688 5717 1047 5788 praecedentia
1074 5719 1286 5790 dilapso
1307 5732 1374 5777 ex
1391 5718 1698 5790 archetypis
1724 5717 2126 5794 exemplaribus

2255 1839 2379 1878 cum
2405 1824 2458 1877 in
2485 1823 2796 1892 Regnorum
2827 1823 2976 1879 libris
2999 1825 3183 1879 decem
3212 1832 3267 1877 et
3300 1835 3520 1892 septem
3554 1824 3830 1893 deprehen—

2253 1915 2468 1970 dantur.
2499 1914 2605 1969 Sed
2639 1916 2690 1968 itt
2734 1915 2835 1969 hoc
2865 1931 2970 1968 non
2995 1915 3256 1970 mendacii
3281 1925 3374 1969 aut
3402 1915 3748 1986 negligentiae
3771 1915 3831 1968 ri-

2254 2009 2386 2061 tium
2412 2015 2513 2060 est.
2547 2007 2682 2062 Tres
2708 2009 2852 2062 enim
2883 2006 2963 2079 (g)
2995 2007 3199 2062 ratione
3229 2008 3535 2078 praeteritae
3557 2018 3701 2062 sunt.
3725 2007 3829 2062 Nam

2253 2098 2409 2154 Joras
2429 2100 2615 2168 genuit
2639 2098 2933 2153 Ochoziam
2957 2141 2970 2163 ,
3001 2099 3266 2155 Ochozias
3297 2116 3430 2155 vero
3463 2102 3658 2171 genuit
3679 2099 3823 2165 Joam,

2253 2191 2382 2248 Joas
2401 2192 2596 2248 deinde
2620 2193 2914 2256 Amasiam,
2932 2193 3178 2248 Amasias
3194 2203 3374 2248 autem
3397 2193 3595 2251 Oziam
3615 2194 3701 2266 (IV
3724 2193 3823 2265 Reg.

2253 2303 2344 2342 vni
2367 2329 2382 2354 ,
2409 2285 2524 2360 25).
2555 2287 2621 2342 Et
2643 2287 2695 2341 in
2729 2286 2984 2342 Matthmo
3013 2286 3170 2342 Joras
3191 2287 3376 2341 Oziam
3403 2287 3674 2358 genuisse
3720 2287 3826 2340 scri-

2249 2380 2414 2447 bitur,
2439 2395 2563 2434 cum
2593 2389 2819 2449 quartus
2842 2380 2910 2435 ab
2935 2394 3001 2433 eo
3028 2380 3120 2434 sit.
3150 2379 3262 2434 Hoc
3287 2381 3358 2433 ita
3391 2379 3641 2451 (supple,
3661 2377 3820 2432 factum

2250 2475 2378 2544 est),
2407 2475 2529 2544 quia
2560 2489 2622 2528 ex
2645 2473 2836 2542 gentili
2869 2472 3067 2528 femina
3113 2474 3270 2530 Joras
3299 2473 3608 2529 Ochoziam
3633 2471 3815 2544 genuit,

2252 2565 2331 2638 (Ιι)
2358 2581 2425 2621 ex
2446 2564 2632 2621 Achab
2661 2565 2870 2620 scilicet
2894 2565 3057 2620 domo
3083 2583 3096 2619 :
3125 2565 3441 2635 dictumque
3462 2575 3585 2620 erat
3608 2579 3698 2634 per
3716 2576 3816 2631 pro-

2253 2657 2469 2728 phetam
2488 2698 2501 2724 ,
2536 2671 2644 2712 non
2675 2657 2778 2712 nisi
2808 2666 2998 2728 quarta
3017 2659 3368 2728 generatione
3397 2658 3454 2712 in
3485 2657 3683 2712 throno
3701 2653 3816 2725 regni

2242 2815 2372 2870 folio
2411 2815 2782 2882 excidissent,
2834 2815 3080 2884 adeoque
3126 2814 3288 2883 hujus
3329 2813 3715 2870 commentarii
3737 2812 3814 2866 ini-

2243 2887 2377 2941 tium
2407 2889 2770 2948 claudicaret,
2803 2902 2833 2941 a
2861 2887 3105 2954 pluribus
3157 2904 3252 2956 pro
3303 2902 3404 2942 suo
3433 2896 3599 2956 captu
3627 2884 3814 2939 desuda-

2243 2966 2357 3013 tum
2381 2958 2472 3023 sit,
2494 2969 2550 3013 ut
2570 2958 2803 3022 demptis
2823 2968 2914 3012 aut
2938 2958 3161 3028 adjectis
3183 2957 3390 3028 aliquot
3415 2959 3605 3014 verbis
3624 2958 3759 3028 plena
3774 2962 3813 3008 et

2245 3031 2450 3098 integra
2483 3030 2754 3084 sententia
2777 3029 3086 3084 haberetur.

2321 3101 2398 3174 (a)
2430 3100 2572 3154 Editi
2591 3142 2605 3162 ,
2641 3110 2848 3174 uterque
2867 3143 2882 3165 ,
2904 3116 2980 3174 ‘ne
3009 3115 3114 3153 uno
3141 3099 3358 3174 quidem
3385 3100 3807 3174 suﬁ‘ragantetns.

2249 3171 2304 3226 in
2331 3169 2561 3242 quorum
2603 3169 2874 3242 plerisque
2903 3171 3082 3242 legere
3139 3182 3220 3225 est
3271 3173 3528 3242 quisque;
3577 3169 3810 3242 in_tribus

2247 3240 2798 3312 autetn,quibusque.’
2831 3240 2978 3296 Tum'
3023 3259 3143 3297 cum
3191 3240 3309 3296 Par.
3359 3252 3413 3298 et
3470 3259 3572 3297 nts.
3630 3240 3810 3312 Regina:

2247 3313 2580 3376 Succorum,
2614 3310 2773 3380 quem
2805 3314 3119 3368 vocabimus
3153 3313 3306 3367 Rom.
3334 3314 3635 3369 retinemus
3679 3310 3806 3382 patri-

2247 3386 2358 3447 bus,
2391 3401 2510 3438 cnm
2541 3385 2595 3438 in
2623 3383 2745 3438 aliis
2774 3383 2926 3439 libris
2955 3393 3134 3439 exstet
3161 3386 3412 3452 partibus.

2318 3455 2395 3527 (ὁ)
2425 3455 2498 3509 ita
2527 3471 2657 3510 mss.
2710 3455 2852 3509 Editi
2902 3471 3066 3520 vero,
3109 3457 3175 3510 sit
3220 3456 3600 3527 ostendendus,
3639 3453 3803 3527 omisso

2246 3522 2442 3582 deinde
2469 3528 2587 3597 quia
2606 3566 2621 3592 ,
2653 3527 2806 3596 cujus
2837 3528 2956 3582 loco
2990 3527 3365 3583 lectionarium
3389 3526 3646 3582 German.
3675 3522 3803 3578 habet

2245 3615 2422 3668 quare.

2299 3671 2394 3738 ‘(c)
2420 3668 2611 3741 Excttsi
2633 3711 2646 3731 ,
2682 3685 2783 3722 non
2816 3670 3004 3739 refert,
3034 3669 3430 3741 refragantibus
3457 3685 3590 3741 mss.
3622 3667 3736 3722 Tum
3758 3664 3796 3718 in

2244 3739 2410 3794 Carn.
2438 3750 2493 3794 et
2516 3739 2671 3794 Colb.
2698 3741 2813 3808 quis
2839 3757 2942 3808 quo
2969 3746 3024 3796 in
3049 3739 3262 3810 originis
3294 3758 3532 3796 numero.
3563 3740 3634 3794 Eo
3672 3751 3796 3810 spec-

2244 3820 2357 3864 tant
2385 3810 2472 3863 illa
2498 3801 2867 3882 (Ihrysoétomi
2903 3813 3091 3868 homil.
3121 3801 3156 3867 εἱ
3186 3814 3235 3866 in
3267 3813 3454 3867 Matth.
3484 3831 3497 3866 :
3527 3810 3639 3866 Non
3664 3801 3796 3863 solum

2243 3883 2306 3935 de
2330 3883 2626 3955 alia_tribu,
2655 3884 2745 3955 sed
2773 3899 2836 3955 ne
2857 3883 2921 3936 de
2941 3885 3141 3953 familia
3159 3885 3363 3955 quidem
3385 3883 3552 3937 altera
3598 3883 3669 3952 fas
3705 3887 3788 3931 erat

2242 3953 2485 4024 coniugia
2507 3954 2764 4024 copulari.
2794 3953 2878 4007 Ita
2899 3956 3036 4008 istud
3058 3998 3066 4010 .
3095 3953 3231 4020 quod
3252 3955 3450 4007 dicitur.
3467 3971 3534 4008 ea:
3552 3955 3690 4006 domo
3706 3963 3792 4024 esse

2242 4033 2289 4076 et
2319 4021 2522 4096 familia
2553 4023 2750 4096 David,
2780 4026 2881 4077 sive
2914 4025 3110 4096 Virgini
3137 4026 3426 4092 copuletur,
3459 4024 3692 4096 constabit
3709 4021 3790 4096 dic-

2242 4089 2346 4176 tum
2368 4110 2386 4157 ;
2415 4094 2518 4148 sive
2546 4096 2646 4164 ipsi
2690 4094 2882 4167 Joseph
2906 4089 3075 4165 potius
3101 4089 3324 4169 aptetur,
3357 4095 3496 4151 illud
3517 4097 3640 4151 idem
3663 4089 3790 4158 conﬁ-

2239 4177 2390 4220 crtur.

2313 4235 2401 4310 (ά)
2423 4236 2521 4291 Ms.
2544 4235 2703 4310 Rom'.
2727 4238 2779 4290 in
2806 4239 3061 4310 progeniti
3082 4237 3584 4294 successione.Carn.
3600 4245 3648 4290 et
3667 4229 3780 4310 Colb.

2239 4307 2292 4359 in
2319 4309 2685 4379 primogenita,
2723 4318 2778 4361 et
2809 4307 2930 4362 mox
2973 4325 3092 4364 cum
3127 4311 3247 4362 Par.
3299 4313 3388 4376 qui
3439 4321 3552 4374 post
3577 4325 3626 4363 se
3665 4307 3784 4379 nali!

2239 4373 2330 4433 ubi
2377 4378 2430 4431 in
2484 4373 2584 4433 nis.
2637 4379 2786 4439 Bec.,
2815 4380 2903 4448 qui
2927 4382 3070 4449 prius
3092 4382 3222 4434 nati.
3246 4373 3388 4435 Nihil
3415 4373 3748 4437 imntutaveris
3774 4387 3784 4421 ε

2239 4464 2361 4502 cum
2391 4449 2734 4524 primogeniti
2763 4449 2850 4504 hic
2879 4451 3241 4518 prmdicentnr
3286 4452 3478 4508 haberi
3527 4459 3687 4524 patres
3713 4457 3782 4497 θο-

1515 4519 1558 4570 is
1591 4517 1842 4571 omnibus
1899 4519 2137 4584 prmtuli-
2163 4509 2214 4568 D
2242 4535 2357 4574 rum
2383 4509 2476 4587 qui
2499 4509 2619 4588 post
2649 4536 2709 4575 se
2731 4509 3046 4576 nascuntur.

2318 4589 2390 4662 (ρ)
2418 4592 2757 4661 Expunctutn
2785 4593 2944 4647 estin
2988 4607 3089 4648 ms.
3122 4592 3249 4649 Bec.
3301 4595 3529 4649 verlmm
3575 4589 3779 4645 dicina.

2241 4676 2348 4729 quo
2374 4678 2504 4717 sane
2530 4674 2796 4718 memorat
2824 4663 3056 4719 Hilarius
3082 4664 3226 4735 quod
3259 4666 3484 4736 prologo
3533 4669 3779 4735 proposue-

2242 4742 2343 4787 rat.

2311 4805 2380 4875 (f)
2407 4803 2558 4875 Hunc
2574 4805 2750 4861 locum
2774 4822 2840 4860 ex
2862 4806 3117 4860 German.
3139 4806 3460 4864 lectionario
3484 4801 3776 4875 resarcitmlio

2238 4872 2470 4928 At'mss.
2497 4874 2718 4932 Cat-unt.
2745 4890 2794 4932 et
2823 4877 3130 4931 unnsColh.
3149 4877 3234 4931 hic
3251 4877 3495 4946 proxime
3516 4872 3773 4946 subjiciunt,

2238 4962 2351 4998 cum
2381 4947 2432 4999 in
2465 4946 2756 5018 Regnorum
2785 4949 2948 5002 libris.
2972 4951 3125 5018 Apud
3157 4945 3311 5014 B:td.,
3340 4950 3432 5004 Er.
3461 4962 3517 5004 et
3539 4947 3666 5012 Lips.
3685 4945 3776 5018 Ροὲι

2237 5033 2395 5090 usque
2440 5017 2508 5090 ad
2548 5017 3052 5089 transmigrationem
3103 5019 3420 5090 Babylonis,
3461 5017 3770 5090 sequitut'.__{n

2231 5080 2535 5163 quibusdam
2547 5091 2699 5163 libris
2728 5080 2898 5143 dacem
2920 5101 2964 5143 et
2997 5101 3185 5163 septem
3211 5080 3660 5162 deprehenduntur.
3702 5080 3772 5157 Hii

2233 5161 2395 5212 etiam
2421 5160 2590 5230 magis
2621 5161 2899 5215 decurtata
2939 5171 3023 5215 est
3051 5160 3235 5216 'lectio
3276 5160 3498 5232 septem
3553 5173 3681 5232 mss._
3705 5163 3769 5232 '1!"

2236 5237 2358 5296 post
2387 5222 2695 5286 enumerata?
2724 5241 2838 5285 sunt
2861 5273 2876 5294 ,
2903 5233 3102 5286 habent
3122 5222 3431 5298 dumtaxat,
3459 5243 3508 5288 et
3535 5234 3581 5286 in
3607 5226 3702 5283 aliis
3716 5222 3765 5275 li-

2232 5299 2335 5354 bris
2357 5301 2824 5369 deprehenduntur.
2859 5302 2923 5356 In
2953 5305 3047 5357 hoc
3065 5320 3188 5373 ergo
3210 5321 3331 5369 non,
3357 5315 3464 5360 etc.

2308 5374 2382 5444 (g)
2412 5373 2463 5444 l_n
2487 5375 2754 5443 plerisque
2783 5389 2912 5428 mss.
2956 5375 3325 5444 generationes.

2310 5442 2388 5563 SI!)
2416 5442 2488 5496 lta
2517 5442 2748 5511 qu:ittior
2792 5442 3033 5498 melioris
3073 5456 3211 5499 notze
3267 5461 3398 5500 mss.
3458 5445 3515 5500 In
3555 5443 3684 5499 aliis.
3718 5448 3764 5487 ιτ

2329 5514 2409 5563 tab
2435 5513 2647 5563 scilicet.
2704 5513 3025 5563 Praedixerat
3057 5533 3273 5563 immane
3307 5515 3555 5563 Domum:
3579 5528 3653 5563 per
3677 5520 3762 5563 υτο-

2235 5513 2409 5566 Achab
2435 5513 2647 5586 scilicet.
2703 5513 3025 5570 Prwdiaerat
3057 5533 3273 5584 namque
3306 5515 3555 5570 Dommns
3579 5528 3653 5586 per
3677 5520 3762 5586 tlij

2233 5586 2455 5657 phetam.
2491 5589 2555 5636 At
2581 5584 2634 5638 in
2665 5588 2894 5657 vulgatis
2919 5629 2932 5647 ,
2951 5603 3016 5640 ex
3043 5573 3214 5640 Achab
3235 5589 3455 5652 scilicet,
3479 5589 3564 5657 qui
3579 5573 3764 5637 ’.Ιαὶιάεί

2233 5654 2660 5728 Ιιιιὸιιὶιιιφονειιι.
2690 5654 2926 5724 Denique
2947 5673 3037 5728 per
3055 5659 3469 5728 prophetam.....
3492 5654 3594 5712 esse
3634 5662 3759 5728 ειεξι-

2233 5739 2348 5779 runt
2393 5724 2582 5781 dicitur
2637 5743 2656 5782 ι
2705 5716 2957 5798 perversa
3009 5716 3412 5800 interpolatoris
3461 5741 3631 5800 opera.
3674 5716 3755 5777 Non

3891 4477 3898 4504 l
