3974 6198
108 224 232 282 921
1109 203 1684 290 ἐοιιιιεΝτΑιιιυδ
1721 231 1789 290 IN
1824 232 2262 291 MATTHIEUM.
2304 233 2458 292 CAP.
2499 236 2542 291 ι.
3372 238 3480 297 922

118 343 323 402 Israel
348 362 702 420 quemquam
725 347 795 405 de
819 348 981 405 domo
992 347 1312 406 Aehabesse
1324 363 1624 405 sessurum.
1643 348 1781 405 Pnr-
1805 351 1861 414 Α
1885 348 2100 422 (Nouit.
2125 367 2187 418 ιι,
2218 351 2288 407 l3
2312 360 2358 405 et
2386 349 2503 421 20);
2531 358 2587 407 et
2607 365 2826 408 rursum
2852 350 2906 407 in
2933 350 3078 407 Luca
3111 350 3266 423 (Luc.
3293 352 3353 421 ιι,
3383 354 3477 423 35,

112 447 264 509 gata
300 438 398 512 (a)
436 441 611 512 igitur
634 440 823 497 Achab
844 440 1045 497 familia
1070 440 1301 512 gentili,
1327 441 1606 511 tribusque
1630 456 1777 513 ιιι-ω·-
1868 447 2025 518 juxta
2047 446 2228 517 grwc.)
2252 463 2265 500 :
2290 445 2353 501 Et
2374 456 2481 501 erat
2504 443 2698 520 Ioseph
2719 457 2767 503 et
2787 457 2950 502 mater
2965 450 3099 519 ejus.
3117 448 3182 503 Et
3202 448 3481 519 quotiens-

111 533 367 602 teritis,
394 534 527 605 jam
548 535 746 603 regalis
794 536 848 590 in
899 544 1093 606 quarto
1137 536 1547 606 generationum
1585 550 1780 617 conse-
1876 554 2108 611 cumque
2132 540 2202 596 de
2218 549 2448 610 utroque
2473 540 2532 594 ﬁt
2580 554 2795 605 sermo,
2848 550 3021 596 mater
3046 541 3223 611 potius
3247 539 3473 610 Christi,

115 626 457 697 quentium
488 627 644 697 origo
672 635 1007 697 numeratur.
1029 627 1104 701 (ὁ)
1137 627 1290 697 Quod
1323 643 1450 685 vero
1495 643 1666 700 usque
1706 629 1773 684 ad
1876 630 1999 702 quia
2028 631 2079 687 id
2110 642 2255 698 erat;
2289 646 2396 687 non
2426 646 2561 687 uxor
2587 631 2788 701 Joseph
2814 642 2898 689 est
2948 642 3253 703 nuncupata
3275 674 3293 701 ,
3344 634 3469 703 quia

120 717 388 774 Mariam
421 720 817 790 generationes
841 719 1247 790 quattuordecim
1277 734 1400 776 esse
1440 722 1773 790 scribuntur,
1876 737 1983 776 non
2014 729 2151 778 erat.
2182 722 2287 779 Sed
2320 724 2437 778 lucc
2459 728 2672 793 Quoque
2718 724 2788 778 ab
2831 725 3023 794 angelo
3072 724 3212 779 ratio
3252 732 3464 780 servata

114 824 265 867 cum
302 812 368 867 in
407 826 652 867 numero
681 809 757 884 (c)
789 812 1049 869 tredecim
1076 814 1451 883 reperiantur;
1484 814 1665 868 nullus
1687 829 1776 868 er-
1872 821 1959 869 est
1985 830 2000 867 :
2030 821 2230 869 utcum
2257 812 2640 884 desponsatam
2669 828 2792 869 cum
2837 813 2985 884 justo
3037 812 3235 884 Joseplt
3256 814 3468 886 signiti-

113 919 223 960 ror
246 918 394 961 esse
429 905 638 976 poterit
662 906 963 961 scientibus
984 919 1090 961 non
1112 920 1232 962 eam
1250 904 1426 960 solum
1448 920 1570 961 esse
1589 906 1775 961 Domi-

114 1011 200 1052 no
231 1005 457 1053 nostro
486 997 614 1053 Jesu
639 994 861 1053 Christo
890 997 1155 1069 originem
1173 1037 1189 1063 ,
1217 1012 1338 1067 quas
1378 997 1545 1066 cepit
1567 1012 1633 1052 ex
1659 996 1771 1051 Ma-

112 1091 239 1157 ria;
297 1090 411 1148 sed
451 1092 512 1147 in
540 1094 921 1163 procreatione
968 1091 1049 1165 (d)
1105 1105 1417 1162 corporea.
1471 1091 1769 1147 nativitatis

112 1192 369 1239 aeterna:
402 1184 834 1254 significantiam
856 1183 1266 1253 comprehendi.

194 1276 261 1331 3.
284 1274 315 1329 Ι
328 1292 367 1330 n
392 1292 494 1331 eos
508 1277 596 1343 qui
620 1275 1041 1344 noluntlblariam
1064 1276 1311 1349 virginem
1331 1274 1767 1345 permansisse.—

116 1368 553 1425 Generationis
581 1378 760 1423 autem
801 1367 877 1442 (e)
907 1369 1045 1424 ratio
1073 1370 1305 1441 simplex
1337 1378 1442 1425 est.
1472 1369 1606 1424 Nam
1635 1384 1767 1425 con-

113 1469 361 1532 ceptum
398 1476 481 1517 ex
508 1462 712 1532 Spiritu
740 1470 951 1529 sancto,
975 1452 1157 1517 natum
1192 1477 1259 1518 ex
1298 1462 1466 1518 Maria
1516 1462 1758 1534 virgine,

112 1555 389 1611 omnium
421 1571 570 1627 opus
588 1556 972 1629 prophetarum
1001 1563 1105 1611 est.
1137 1554 1247 1611 Sed
1272 1556 1451 1627 plures
1468 1553 1537 1630 (Ι)
1580 1555 1761 1611 irreli-

109 1645 263 1716 giosi
289 1688 305 1712 ,
333 1655 397 1702 et
430 1662 465 1701 a
490 1647 721 1718 spiritali
746 1647 992 1703 doctrina
1030 1649 1198 1721 671
1244 1647 1535 1704 admodum
1563 1647 1757 1716 alieni,

1872 906 2067 972 cubat,
2095 907 2380 978 coniugem
2412 916 2769 976 nuncuparet.
2803 906 2937 962 Nam
2969 907 3040 963 ita
3070 907 3145 962 ait
3198 925 3213 961 :
3271 908 3469 980 Joseplt

1872 999 1949 1068 ﬁli
1999 998 2197 1065 Dauid,
2277 1000 2386 1055 noli
2433 1001 2608 1054 timere
2650 1000 2883 1071 accipere
2934 998 3160 1055 Mariam
3195 1004 3468 1075 conjugetn

1871 1100 2036 1145 tuam.
2066 1091 2209 1163 Ergo
2230 1101 2283 1147 et
2305 1091 2552 1162 conjugis
2606 1108 2801 1146 nomen
2848 1107 3050 1163 sponsa
3099 1095 3371 1165 suscepit,
3412 1104 3469 1153 et

1871 1190 1994 1252 post
2015 1194 2226 1254 partum
2247 1185 2300 1238 in
2328 1184 2611 1255 coniugem
2639 1185 2912 1255 recognita
2949 1184 3028 1256 (h)
3079 1194 3286 1242 tantum
3331 1188 3463 1245 Jesu

1868 1281 2045 1329 mater
2094 1274 2441 1330 ostenditur:
2472 1286 2530 1330 ut
2560 1276 3015 1346 quemadmodum
3058 1277 3206 1348 justo
3253 1277 3457 1350 Joseph

1867 1365 2218 1437 deputaretur
2241 1366 2482 1437 ejusdem
2509 1367 2689 1422 Maria:
2718 1367 2770 1423 itt
2801 1368 3108 1440 virginitate
3128 1370 3463 1440 conjugittm,

1866 1454 1949 1517 ita
1970 1461 2294 1518 venerabilis
2314 1462 2431 1532 ejus
2451 1462 2829 1519 ostenderetur
2855 1463 2909 1519 in
2932 1462 3062 1519 .lesu
3089 1473 3261 1521 matre
3289 1464 3458 1536 virgi-

1864 1555 2026 1612 nitas.

1936 1651 1991 1705 4.
2013 1649 2247 1720 Josepho
2272 1665 2336 1704 ea:
2362 1650 2533 1720 priore
2553 1650 2796 1723 conjugio
2827 1649 3059 1718 ﬁlii.--—
3101 1648 3305 1705 Verum
3359 1650 3462 1705 bo—

110 1740 499 1796 occasionem
525 1755 592 1796 ex
631 1755 698 1797 eo
723 1751 991 1813 occupant
1015 1743 1244 1813 turpiter
1265 1742 1333 1796 de
1354 1741 1515 1797 Maria
1532 1742 1758 1812 opinan-
1789 1742 1835 1801 Β
1863 1742 2039 1797 mines
2121 1742 2431 1811 pravi'ssimi
2472 1741 2597 1797 hinc
2641 1750 2975 1813 praesumunt
3022 1741 3298 1812 opinionis
3343 1757 3458 1798 sum

111 1832 209 1899 di,
246 1833 441 1904 quod.
474 1833 678 1890 dictum
710 1835 812 1901 sit,
845 1834 1160 1907 Priusquam
1186 1836 1527 1900 convenirent,
1551 1824 1769 1891 inventa]

114 1938 192 1984 est
212 1928 274 1982 in
299 1937 466 1983 utero
498 1928 689 1984 habens
714 1927 931 1999 (Matth.
953 1944 993 1994 ι,
1017 1929 1109 2001 18)
1132 1939 1222 1986 :et
1246 1930 1400 1996 illud,
1430 1928 1560 1985 Noli
1582 1931 1759 1991 timere

115 2020 375 2092 accipere
401 2019 641 2077 Mariam
663 2023 934 2093 coniugem
961 2005 1108 2077 tuam
1139 2022 1302 2093 (Ibid.
1332 2021 1428 2096 ‘20)
1454 2039 1469 2079 :
1496 2031 1549 2079 el
1594 2022 1751 2089 illud,

119 2114 255 2170 Non
286 2116 549 2189 cognouit
573 2132 688 2171 eam
710 2116 877 2170 donec
904 2119 1099 2189 peperit
1126 2115 1458 2188 (lbid.‘25);
1515 2132 1621 2172 non
1666 2131 1756 2177 re-

114 2206 434 2263 cordantes
466 2198 855 2277 desponsatam
887 2207 1077 2277 fuisse,
1110 2217 1166 2263 et
1187 2209 1389 2265 dictum
1421 2209 1526 2265 hoc
1550 2209 1753 2280 Joseplt

119 2298 336 2354 volenti
358 2314 492 2355 eam
517 2298 787 2370 abjicere;
818 2301 941 2371 quia
969 2300 1150 2370 justus
1175 2299 1291 2370 ipse
1317 2302 1485 2356 nollet
1533 2301 1584 2355 in
1633 2315 1752 2356 eam

124 2391 249 2460 lege
277 2390 548 2447 decerni.
579 2390 744 2461 Igitur
768 2406 836 2446 ne
880 2406 982 2461 qua
1008 2390 1076 2447 de
1102 2400 1254 2461 partu
1284 2392 1405 2461 ejus
1433 2391 1756 2462 ambiguitas

123 2487 439 2551 existeret,
466 2486 588 2555 ipse
609 2486 855 2556 concepti
879 2500 947 2542 ex
971 2486 1174 2556 Spiritu
1200 2496 1389 2541 sancto
1415 2485 1619 2543 Christi
1641 2496 1754 2543 tes-

126 2583 197 2637 tis
224 2582 550 2638 assumitur
580 2599 595 2636 :
624 2580 823 2635 dehinc
843 2582 966 2652 quia
994 2583 1322 2653 desponsata
1347 2590 1493 2638 esset
1520 2622 1537 2650 ,
1594 2581 1672 2655 (g)
1700 2582 1753 2638 in

125 2674 430 2744 conjugem
462 2672 748 2743 recipitur.
776 2672 1131 2743 Cognoscitur
1156 2674 1337 2745 itaque
1365 2682 1492 2746 post
1533 2682 1749 2744 partum

125 2763 181 2819 id
208 2775 292 2820 est
312 2805 331 2831 ,
363 2764 578 2820 transit
602 2765 654 2819 in
681 2766 929 2836 conjugis
957 2780 1176 2820 nomen.
1206 2764 1564 2837 Cognoscitur
1579 2766 1751 2830 enim,

126 2870 239 2911 non
266 2857 644 2912 admiscetur.
695 2856 938 2927 Denique
982 2871 1104 2911 cum
1151 2857 1385 2913 transire
1428 2857 1627 2929 Joseph
1681 2859 1750 2914 ad

143 2947 452 3021 {Egyptum
484 2948 834 3013 admonetur,
864 2949 935 3004 ita
962 2948 1163 3005 dicitur
1194 2967 1206 3002 :
1239 2949 1424 3020 Accipe
1448 2967 1662 3021 puerum
1702 2960 1750 3006 et

130 3054 349 3099 matrem
381 3046 534 3109 eius;
558 3050 633 3109 et,
683 3039 956 3098 Revertere
979 3058 1098 3096 cum
1125 3058 1284 3113 puero
1327 3052 1375 3098 et
1431 3053 1595 3099 matre
1638 3048 1751 3118 ejus

1862 1834 2239 1889 auctoritatem
2260 1874 2275 1897 ,
2300 1833 2441 1903 quod
2474 1833 2655 1903 plures
2678 1832 2961 1887 Dominum
2993 1841 3237 1889 nostrum
3265 1833 3462 1890 fratres

1862 1924 2117 1981 habuisse
2143 1926 2214 1982 sit
2242 1924 2519 1982 traditum.
2548 1926 2649 1993 Qui
2679 1926 2748 1981 sit
2780 1924 2961 1981 Maria:
2986 1925 3081 1981 lilii
3112 1926 3379 1993 fuissent,
3403 1936 3459 1983 et

1861 2034 1968 2075 non
2000 2020 2177 2090 potius
2204 2019 2403 2090 Joseph
2434 2019 2496 2091 (i)
2544 2034 2613 2075 ex
2657 2019 2839 2089 priore
2885 2020 3140 2091 coniugio
3167 2021 3457 2092 suscepti;

1860 2126 2152 2183 numquam
2205 2111 2260 2166 in
2316 2122 2561 2182 tempore
2620 2113 2888 2182 passionis
2960 2112 3152 2168 Joanni
3203 2114 3454 2182 apostolo

1860 2205 2178 2276 transcripta
2207 2206 2434 2260 essetin
2483 2214 2742 2273 matrem,
2792 2206 3021 2263 Domino
3061 2207 3128 2261 ad
3169 2214 3458 2277 utrumque

1853 2295 2069 2351 dicente
2097 2313 2116 2353 :
2150 2295 2364 2364 Mulier,
2385 2314 2500 2353 ecce
2516 2298 2657 2369 ﬁlius
2679 2309 2795 2353 tuus
2810 2296 2993 2369 (Joan.
3026 2298 3228 2363 xtx,26
3250 2278 3299 2355 et
3322 2298 3452 2372 27);

1855 2398 1909 2444 et
1923 2388 2116 2444 Joanni
2139 2390 2333 2462 :672
2351 2389 2482 2444 Ecce
2499 2401 2661 2446 mater
2683 2401 2799 2445 tuas
2815 2391 2913 2445 nisi
2939 2390 3082 2461 quod
3103 2391 3171 2445 ad
3194 2392 3454 2448 desolata:

1858 2481 2147 2549 solatium,
2223 2481 2541 2537 charitatem
2604 2481 2695 2537 lilii
2746 2481 2816 2553 (j)
2866 2482 2919 2537 in
2966 2481 3235 2553 discipulo
3283 2483 3455 2541 relin:

1857 2573 2075 2644 qnebat.
3436 2560 3443 2565 ’

1926 2669 1981 2725 5.
2023 2668 2303 2741 Magorum
2331 2669 2458 2739 ﬁdes
2486 2678 2533 2723 et
2558 2684 2769 2723 munera
2794 2669 2917 2740 quid
2945 2668 3454 2727 indicent—Stella!

1853 2771 2036 2817 autem
2081 2770 2234 2816 ortus
2280 2762 2508 2829 primum
2560 2775 2590 2815 a
2637 2760 2803 2830 Magis
2844 2762 3197 2828 intellectus,
3249 2762 3456 2818 indicat

1856 2876 1983 2916 mox
2006 2870 2194 2932 gentes
2216 2861 2271 2915 in
2293 2859 2567 2916 Christum
2598 2860 2930 2925 ct-edituras,
2964 2869 3017 2915 et
3048 2858 3294 2927 homines
3322 2874 3452 2928 pro-

1855 2952 2107 3009 fessionis
2132 2952 2288 3023 longe
2308 2966 2340 3006 a
2358 2951 2583 3007 scientia
2611 2951 2806 3007 divinae
2832 2950 3155 3022 cognitionis
3191 2950 3269 3023 (lt)
3293 2965 3454 3006 aver—

1855 3060 1949 3112 sae,
1972 3045 2151 3101 lumen
2176 3044 2319 3116 quod
2341 3046 2525 3102 statim
2547 3046 2601 3100 in
2621 3053 2741 3101 ortu
2760 3046 2877 3116 ejus
2894 3044 3100 3101 exstitit
3119 3046 3453 3117 cognituros.

130 3181 275 3255 enim
300 3183 532 3255 gentilis
555 3182 767 3255 feminae
812 3183 1028 3255 nomine
1050 3181 1265 3237 Iezabel
1296 3182 1745 3255 lticsignilicatur,
1778 3182 1824 3245 C
1855 3183 1976 3238 Vel.
2006 3216 2011 3221 -
2050 3182 2256 3255 Virgin.
2311 3198 2475 3255 num.
2522 3184 2577 3243 6.
2604 3183 2863 3238 adversus
2896 3199 3083 3239 eorum
3128 3184 3451 3255 magistrum

132 3253 226 3307 sed
257 3255 371 3308 lilia
407 3254 601 3308 Achab
622 3268 781 3323 quam
827 3252 985 3309 Joras
1024 3267 1251 3307 uxorem
1304 3252 1488 3314 duxit,
1532 3271 1599 3309 cx
1640 3271 1745 3322 qua

137 3323 434 3379 choziam
461 3324 921 3395 genuit.Resnicit
957 3324 1188 3378 llilarius
1215 3323 1348 3395 illud
1373 3323 1602 3395 IVVReg.
1624 3343 1743 3391 vui,

137 3395 224 3460 18,
266 3406 320 3451 et
361 3396 409 3452 Il
441 3394 623 3450 l‘aral.
656 3412 772 3458 ιικι,
805 3398 858 3458 6,
895 3395 982 3449 ubi
1023 3410 1145 3449 cum
1191 3394 1388 3449 dicitur
1436 3394 1618 3451 Joram
1671 3397 1749 3453 fe-

136 3466 275 3521 cisse
301 3468 515 3521 tnalttm
543 3467 595 3520 in
624 3475 915 3535 conspectu
952 3465 1076 3527 Dei.
1110 3465 1356 3521 redditur
1401 3468 1571 3531 ratio,
1606 3467 1749 3523 Filia

137 3537 273 3611 enim
289 3537 475 3592 Achab
496 3547 619 3611 erat
633 3554 767 3592 uxor
789 3541 919 3611 ejus.
946 3535 1247 3611 Prophetig
1263 3537 1393 3611 lilia:
1438 3538 1748 3611 enuntiatur

136 3605 203 3662 Ill
246 3607 380 3680 Reg.
414 3625 534 3675 XXI,
558 3610 656 3671 2|,
700 3592 1247 3680 confirmaturquelv
1273 3606 1403 3677 Reg.
1430 3624 1522 3680 ut.
1552 3592 1606 3672 8.
1638 3592 1753 3666 non.

141 3679 347 3734 tantum
374 3680 646 3735 adversus
674 3689 906 3749 quatuor
933 3679 1350 3749 generationes,
1398 3679 1495 3734 sed
1543 3680 1739 3736 adver-

140 3763 230 3804 sus
254 3760 428 3806 totam
459 3748 903 3805 domttm’Achab
936 3748 951 3803 ἑ
981 3750 1124 3820 quod
1156 3748 1485 3818 completum
1539 3766 1746 3806 memo-

141 3821 372 3893 ratuer
403 3825 541 3893 lleg.
576 3832 629 3888 ιι,
654 3821 745 3877 50.

211 3891 372 3966 (a)]n
395 3891 606 3963 aliquot
635 3908 766 3966 mss.
799 3900 855 3966 et
874 3891 1126 3961 vulgatis,
1179 3902 1400 3966 purgata
1451 3892 1748 3966 igitttrolabe

143 3964 358 4033 fantititr
384 3966 597 4037 gentilis
658 3982 680 4037 :_
710 3964 873 4037 lectio
918 3972 1145 4037 eatenus
1174 3964 1295 4020 non'
1326 3965 1650 4037 spernenda.
1676 3966 1748 4022 At

144 4033 399 4101 perverse
418 4036 646 4090 omnino
668 4035 721 4089 itt
748 4033 880 4108 solis
907 4033 1150 4108 vn_lgat_is_
1164 4036 1450 4108 subjicitur
1480 4035 1697 4108 :_tribtts
1727 4052 1746 4091 :

145 4119 256 4172 quae
284 4107 562 4178 prseteritis
576 4109 692 4177 jam
716 4106 928 4173 regulis.
956 4105 1097 4160 Tum
1120 4105 1274 4166 Bad..
1311 4107 1404 4161 Er.
1435 4114 1491 4161 et
1512 4105 1661 4175 Lips.
1690 4109 1745 4162 in

142 4186 361 4299 giatuor
372 4179 761 4249 generationum
771 4177 1187 4244 consequentium
1210 4177 1392 4248 ordine
1412 4186 1733 4232 numeratur.

192 4262 252 4299 ro
280 4248 334 4299 in
362 4259 572 4299 anarto.
602 4247 818 4299 nnidam
860 4261 991 4299 mss.
1024 4246 1226 4299 habent
1276 4249 1331 4299 in
1373 4257 1557 4299 auarta
1582 4289 1596 4299 .
1635 4265 1733 4299 non

180 4250 252 4371 'er
280 4248 334 4302 in
362 4246 572 4319 quarto,
602 4247 818 4319 quidam
860 4261 991 4301 mss.
1024 4246 1226 4302 habent
1276 4246 1331 4302 in
1373 4257 1557 4319 quarta
1582 4289 1596 4313 ,
1635 4265 1743 4303 non

204 4333 252 4371 to
283 4334 472 4371 sensu.

147 4330 252 4371 3H0
283 4334 472 4373 sensu.

215 4388 290 4461 (ὸ)
320 4390 469 4444 Editi
494 4432 510 4456 ,
531 4399 578 4445 et
606 4404 786 4460 usque,
802 4404 904 4461 pro
922 4388 1061 4460 quod
1075 4404 1194 4443 vero
1220 4405 1380 4460 usque
1410 4405 1429 4444 :
1449 4388 1747 4445 emendan-

150 4464 234 4513 tur
254 4477 317 4514 tes
341 4461 588 4526 scriptis.

214 4529 290 4602 (c)
320 4532 503 4599 Editi,
532 4531 705 4587 decem
744 4540 791 4585 et
828 4540 1027 4602 septem
1053 4531 1378 4602 reperiantur
1424 4547 1438 4584 :
1496 4529 1636 4602 falso
1688 4543 1744 4587 et

149 4598 518 4669 oliuitentibtts
545 4618 674 4657 mss.
697 4598 984 4658 Trederim
1041 4598 1249 4656 tantum
1292 4601 1674 4669 generationes
1711 4619 1741 4659 a

150 4744 813 4817 servantChrysostomus
835 4745 1021 4817 Itontil.
1055 4759 1093 4809 ι,
1119 4744 1484 4817 Hieronymus
1515 4753 1571 4798 et
1607 4760 1744 4817 aue-

153 4814 726 4885 torltomili-e‘Hilario
750 4815 1070 4885 adscripta},
1113 4830 1273 4885 quant
1322 4815 1378 4869 in
1427 4815 1740 4885 Appendice

153 4881 366 4940 forsitan
395 4888 660 4943 dabimus.

220 4954 301 5026 (α)
325 4957 417 5013 Sic
443 4959 685 5029 plerique
706 4974 840 5016 mss.
868 4959 937 5014 At
956 4956 1111 5024 editi,
1144 4971 1406 5028 corporeae
1453 4957 1737 5014 nativitatis

153 5035 386 5102 (sternam
411 5031 810 5102 signiﬁcantium
819 5072 832 5086 .

224 5095 293 5167 (ε)
321 5098 376 5153 lu
408 5095 663 5157 Gérman.
693 5101 1039 5163 lectionario,
1072 5098 1204 5152 ratio
1226 5115 1328 5151 non
1356 5098 1598 5166 simplex.
1628 5098 1739 5155 Ce-

154 5171 442 5247 peratiouis
470 5172 608 5226 ratio
636 5171 862 5247 simplex
886 5170 1006 5247 _ltic_
1046 5168 1326 5237 asseritur,
1369 5172 1493 5240 quia
1521 5183 1588 5224 ex
1628 5186 1735 5226 una

159 5232 371 5309 Virgine
390 5285 404 5309 ,
435 5259 539 5297 non
570 5259 634 5298 ex
664 5232 779 5297 viro
805 5254 859 5298 et
881 5240 1099 5296 femina.
1311 5232 1321 5237 ’
1387 5232 1401 5240 ’
1639 5292 1642 5295 Α

222 5306 287 5382 (ί)
311 5306 536 5368 Eosdem
554 5314 765 5369 videtur
776 5325 991 5369 notasse
1007 5311 1338 5382 Epiphanius
1356 5312 1487 5366 liter.
1503 5326 1733 5374 Lxxvnt.

161 5390 213 5453 n_.
238 5380 298 5453 7,
323 5383 414 5442 ubi
442 5386 515 5439 ait
550 5403 563 5438 :
595 5384 747 5440 Certo
771 5403 835 5441 ea;
853 5380 1065 5439 auctore
1084 5380 1332 5453 cognovi,
1360 5384 1633 5437 nonnullos
1679 5384 1736 5437 id

161 5447 221 5500 de
242 5451 329 5526 illa
354 5456 612 5526 affirmare
629 5472 783 5511 ausos
811 5472 948 5518 esse,
978 5447 1247 5526 postquam
1292 5452 1732 5526 Saluatorempe-

158 5522 312 5584 Perit,
341 5522 454 5580 cum
483 5529 588 5581 uiro
612 5522 1024 5582 consuetudinem
1046 5525 1303 5580 habuisse.
1321 5524 1432 5578 Nisi
1459 5524 1595 5578 forte
1618 5522 1735 5579 hanc

164 5588 436 5659 l‘lpiphanii
465 5599 529 5651 ad
557 5597 856 5652 Helvidium
887 5606 979 5650 aut
1007 5594 1349 5651 Jovinianunt
1380 5595 1585 5650 Hilario
1614 5611 1736 5663 pos-

157 5663 382 5736 .l_t;riores
406 5666 689 5736 referenda
718 5666 844 5736 sint.
875 5667 947 5736 At
971 5667 1143 5736 potuit
1189 5666 1419 5736 Hilarius
1471 5663 1733 5736 Heltionis

162 5712 844 5809 ὶιίςριρῐιῖόῖἷεὶἶιϊέεἷέῗ
864 5712 1035 5793 est;
1045 5712 1454 5793 ’τίὲπὶῖὶὶῐῖεἱιῖὖι
1471 5712 1729 5792 "tibia—6

1767 4568 1822 4629 D

149 4668 404 4728 Jechonia
437 4672 729 4741 adJoseph
764 4673 1043 4741 intercipi,
1080 4688 1183 4726 una
1211 4668 1333 4728 cum
1394 4672 1600 4731 Hilario
1646 4675 1744 4728 oh-
1779 4730 1783 4734 _

1854 3254 2049 3310 asserit
2077 3254 2262 3308 Marite
2288 3254 2648 3323 virginitatem
2667 3295 2680 3316 ,
2715 3272 2867 3322 quam
2890 3257 3063 3321 utique
3084 3296 3098 3318 ,
3122 3254 3333 3325 inquit,
3350 3255 3455 3309 vir-

1850 3327 2023 3397 ginem
2046 3334 2241 3397 constat
2249 3325 2472 3397 luisse,
2492 3326 2608 3397 licet
2630 3324 2826 3397 Hebion
2854 3326 3084 3397 resistat.

1928 3396 2007 3469 (g)
2039 3395 2196 3461 Bad..
2249 3394 2344 3469 Er.
2371 3405 2425 3449 et
2450 3395 2599 3469 Lips.
2624 3411 2744 3451 cunt
2780 3395 3023 3469 pluribus
3049 3409 3181 3450 mss.
3222 3396 3277 3449 in
3330 3412 3452 3450 con-

1855 3466 2084 3537 iugevel
2109 3469 2162 3521 in
2192 3467 2805 3537 coniugemrreciperetur
2828 3484 2845 3521 :
2873 3466 3037 3520 lectio
3061 3480 3163 3519 non
3188 3480 3450 3537 spernen-

1850 3536 2315 3605 daLReprehendit
2343 3537 2403 3590 i0
2429 3536 2663 3609 llilaritts
2682 3554 2785 3590 non
2811 3540 3142 3609 recordantes
3168 3536 3450 3609 desponsa-

1850 3617 1959 3681 tam,
1980 3611 2176 3681 fuisse:
2214 3619 2327 3681 tum
2352 3608 2621 3681 duplicem
2644 3609 2863 3681 subjit-it
2892 3608 3156 3681 rationem
3207 3607 3306 3662 cur
3356 3607 3450 3681 λο-

1850 3677 2210 3748 sepltdictum
2239 3678 2311 3734 sit
2336 3696 2348 3732 :
2382 3677 2511 3733 Noli
2543 3681 2721 3733 (interc
2742 3680 2973 3749 accipere
2995 3678 3221 3732 Mariam
3254 3680 3451 3749 conju-

1849 3767 1960 3821 gem
1988 3753 2237 3821 ,seilieet
2260 3762 2314 3804 et
2337 3759 2394 3804 ιιι
2427 3750 2578 3805 testis
2626 3761 2773 3805 esset
2816 3748 3060 3819 concepti
3120 3764 3183 3803 ev
3242 3748 3446 3816 Spiritu

1850 3820 2038 3877 sancto
2058 3820 2378 3887 Christi,et
2408 3829 2470 3876 ut
2497 3821 2690 3888 Maria,
2748 3837 2867 3889 qua:
2917 3821 3181 3876 hactenus
3238 3829 3445 3875 tantum

1849 3892 2177 3960 desponsata
2206 3903 2323 3947 erat
2344 3934 2358 3955 ,
2386 3893 2643 3960 deinceps
2666 3894 2828 3947 etiam
2859 3893 2911 3944 in
2936 3892 3219 3961 eonjugem
3243 3891 3451 3961 recipe-

1852 3972 2019 4018 retur.
2044 3963 2160 4018 Non
2191 3969 2475 4019 servantur
2493 3964 2710 4033 quidem
2757 3963 2843 4016 hic
2869 3963 3232 4027 grammatica:
3258 3962 3404 4033 leges
3431 3979 3444 4015 :

1849 4035 2058 4089 sedeas
2086 4033 2516 4105 insequentibus
2548 4049 2614 4088 ne
2638 4034 2796 4088 nimis
2828 4035 3144 4103 scrupulose
3170 4033 3442 4105 exegeris.

1854 4105 2140 4175 Brevitatis
2191 4103 2335 4159 enim
2387 4104 2567 4175 studio
2642 4120 3019 4175 stt-penttntero
3084 4103 3444 4172 negliguntur.

1923 4176 2002 4248 (h)
2030 4174 2156 4230 Mss.
2181 4177 2344 4230 Carn.
2370 4184 2425 4230 et
2445 4173 2601 4248 Coll).
2630 4184 2832 4248 tantum
2857 4184 2913 4228 ut
2933 4173 3063 4229 Jesu
3097 4182 3257 4227 mater
3278 4182 3447 4227 osten-

1849 4245 2053 4300 deretur
2078 4263 2096 4301 :
2121 4262 2228 4300 non
2257 4257 2381 4301 sunt
2408 4245 2682 4301 audiendi.

1920 4316 1983 4390 (ἱ)
2004 4316 2060 4372 lu
2088 4316 2344 4390 German.
2372 4310 2563 4390 lectio.
2581 4332 2644 4370 ea:
2663 4316 2834 4390 priore
2863 4318 3097 4388 conjuge.
3143 4312 3343 4390 Joseplt
3374 4329 3440 4369 ex

1849 4384 2029 4456 priore
2078 4388 2330 4458 eonjugio
2378 4388 2515 4441 filios
2557 4402 2622 4441 ac
2663 4384 3440 4458 liliasprqc'reassetradunt.

1853 4453 2209 4527 Epiphanius,
2242 4453 2624 4521 haenuxvtn,
2696 4473 2752 4511 ιι.
2806 4453 2861 4519 7⁷,
2912 4453 3341 4527 Ilieophilactus
3387 4454 3441 4509 in

1852 4525 2372 4599 Mattlt.:tttt,aliiqtte
2393 4544 2527 4597 quos
2550 4529 2809 4599 Origenes
2836 4528 2887 4581 in
2909 4526 3177 4599 Muttinex
3204 4525 3445 4599 editione

1852 4600 2049 4664 lluetii,
2079 4617 2131 4669 p.
2158 4596 2304 4666 2‘25,
2350 4596 2604 4655 observat
2645 4596 2710 4653 ad
2761 4598 2810 4652 id
2867 4597 3128 4669 adductos
3162 4596 3439 4669 traditione

1848 4667 2118 4738 Evangelii
2139 4672 2275 4736 quod
2305 4671 2587 4725 secundum
2616 4670 2829 4724 Petrum
2858 4668 3173 4731 inscribitur,
3217 4669 3294 4722 vel
3323 4667 3438 4721 libri

1844 4740 2049 4799 Jacobi.
2084 4742 2178 4797 His
2198 4742 2316 4811 ipse
2342 4741 2529 4811 adjicit
2548 4757 2607 4797 se
2630 4742 2825 4794 rationi
2877 4751 3300 4811 consentaneum
3342 4739 3442 4793 du-

1844 4828 1970 4868 cere
1990 4855 2004 4877 ,
2028 4809 2291 4869 castitatis
2314 4809 2547 4867 vit-orum
2569 4813 2820 4879 primitias
2869 4812 3024 4880 fuisse
3050 4809 3263 4880 Iesum,
3325 4826 3440 4864 mu-

1844 4883 2026 4939 lierum
2052 4895 2226 4938 autem
2255 4883 2499 4938 Mariam.
2541 4882 2738 4938 Contra
2796 4879 3125 4951 llieronymo
3178 4879 3443 4937 adversus

1840 4954 2140 5010 Helvidium
2169 4957 2326 5021 longe
2352 4954 2520 5023 magis
2542 4964 2962 5008 consentaneum
2987 4951 3221 5011 videtur.
3281 4952 3437 5006 etiam

1839 5025 2007 5098 ipsum
2032 5025 2226 5098 Jaseph
2252 5026 2496 5098 virginem
2516 5023 2695 5096 fuisse,
2724 5034 2779 5078 ut
2804 5039 2869 5078 ea:
2897 5023 3134 5094 virginali
3188 5024 3434 5095 conjugio

1842 5092 1984 5167 uirgo
2009 5092 2581 5167 ﬁlius'nasceretur.'7
2670 5166 2675 5167 γ
2764 5164 2774 5167 _
2892 5165 2900 5167 _
2976 5092 3015 5167 ’ί
3107 5163 3147 5167 _
3206 5163 3219 5167 _
3279 5092 3292 5095 ⁷
3349 5092 3407 5167 ⁷,
3486 5092 3507 5116 ⁴

1932 5163 1981 5240 j)
2010 5163 2150 5225 Sola
2176 5168 2369 5240 editio.
2396 5168 2515 5220 Par.
2540 5164 2826 5240 discipulo,
2858 5165 2977 5220 sine
2998 5166 3073 5219 in.
3107 5163 3315 5240 Eodem
3344 5164 3439 5221 ad-

1840 5234 2027 5293 versus
2068 5239 2314 5293 eamdem
2359 5238 2607 5291 ltscresim
2653 5234 2972 5306 argumento
3014 5244 3235 5307 utuntur
3259 5234 3434 5307 Chry-

1838 5318 2111 5364 sostomus
2128 5310 2436 5372 homil.v,in
2462 5308 2671 5372 Mattlt.;
2693 5308 3044 5377 Epiphanius,
3066 5306 3433 5377 Ιιειεικικινιιι,

1840 5381 1956 5455 ῃ.9;
1985 5381 2324 5455 Ambrosius,
2355 5378 2447 5435 lib.
2480 5395 2537 5440 ιι,
2569 5381 2619 5432 itt
2643 5376 2807 5445 Lue.,
2828 5396 2881 5455 tt_.
2905 5378 2976 5445 4;
3007 5391 3326 5449 quamquam
3352 5376 3436 5455 hic

1837 5449 2038 5520 Joseplt
2073 5452 2338 5520 passionis
2370 5461 2610 5521 tempore
2637 5443 2983 5521 superstitem
3017 5443 3220 5518 ponens
3242 5461 3308 5500 eo
3337 5443 3435 5498 ali-

1841 5531 1924 5577 ter
1952 5532 2153 5577 ιιιειιιιν.

1909 5590 1985 5663 (It)
2026 5593 2310 5649 Beccensis
2355 5593 2547 5659 codex,
2600 5588 3018 5663 aversostquod
3060 5581 3434 5663 etiatnubabet

1835 5654 1996 5716 Mich.
2023 5664 2298 5719 asecttnda
2331 5679 2514 5717 manu.
2533 5654 2762 5717 ’ltectius
2791 5654 2907 5723 alii,
2932 5669 3140 5723 averste,
3172 5654 3436 5723 scil._pro-

1838 5732 2094 5801 fessionis.
2124 5731 2237 5792 Non
2260 5734 2487 5791 obscure
2515 5729 2676 5788 tradit
2704 5719 2935 5784 llilnrltls
2957 5719 3310 5796 Magos,qttod
3341 5722 3441 5776 πίοι
