3974 6198
564 247 672 301 9‘25

568 361 812 432 Denique
870 361 1072 417 oblatio
1108 377 1389 417 munerum
1446 362 1854 434 intelligentiam
1890 367 1944 420 in
1979 380 2047 422 eo
2079 373 2159 421 to-
2184 370 2234 432 Α

565 451 672 508 tius
695 453 772 526 (a)
799 453 1068 523 qualitatis
1117 453 1383 525 expressit
1409 471 1423 511 :
1447 455 1500 509 in
1527 469 1660 511 auro
1685 471 1888 528 regem,
1920 458 1973 512 in
2001 458 2157 514 thure

563 545 756 609 Deum,
785 545 838 598 in
866 545 1086 616 myrrha
1115 544 1386 602 hominem
1413 548 1742 603 confitendo.
1767 551 1943 620 Atque
1970 551 2039 604 ita
2064 563 2158 621 per

562 641 960 694 venerationem
990 654 1200 705 eorum,
1227 642 1554 696 sacramenti
1577 642 1754 698 omnis
1781 653 1863 698 est
1903 657 2160 700 consum-

484 735 488 739 '
564 737 706 785 mata
733 731 967 800 cognitio
997 748 1010 784 :
1041 729 1091 785 iu
1122 732 1339 787 homine
1379 735 1588 798 mortis,
1642 735 1693 788 in
1731 734 1842 789 Deo
1879 749 2157 791 resurrec-

561 823 745 890 tionis,
782 824 835 878 in
863 837 986 894 rege
1009 824 1215 894 judicii.
1251 826 1402 893 Quod
1428 840 1554 881 vero
1577 833 1826 897 repetere
1846 827 1967 895 iter,
1999 838 2162 898 atque

561 916 626 972 ad
663 917 926 973 llcrodem
960 919 1012 973 in
1041 917 1280 974 Jutlzcam
1311 919 1498 977 redire
1539 921 1894 990 prohibentur
1944 921 2156 993 (Matth.

565 1025 622 1074 ιι,
661 1011 729 1066 12
762 1019 819 1082 )z
852 1011 986 1066 nihil
1031 1029 1060 1068 a
1091 1013 1275 1069 Judaea
1324 1025 1510 1084 petere
1560 1015 1800 1071 scientias
1839 1017 2164 1087 agnitionis-

565 1120 671 1175 que
704 1107 1095 1174 permittimur,
1155 1107 1254 1162 sed
1304 1107 1357 1161 in
1403 1107 1620 1162 Christo
1664 1109 1893 1164 salutem
1946 1124 2164 1164 omnem

565 1209 620 1254 et
649 1216 800 1270 spem
833 1201 1070 1257 locantes
1092 1243 1107 1269 ,
1158 1201 1515 1258 admonemur
1548 1204 1742 1274 prioris
1795 1206 1919 1260 vitce
1973 1207 2166 1262 itinere

567 1293 858 1349 abstinere.
1516 1280 1531 1295 ’

637 1383 689 1438 6.
735 1384 873 1452 Quid
898 1390 1020 1459 fuga
1051 1385 1310 1443 Christiin
1332 1385 1640 1461 Egyptum.
1679 1388 1998 1460 Innocenles,
2023 1407 2166 1446 mar-

564 1485 719 1546 tyres.
751 1508 819 1520 —
848 1478 1081 1535 Parantc
1122 1493 1301 1537 autem
1345 1481 1553 1538 llerode
1585 1483 1658 1556 (b)
1697 1483 1904 1555 parvuli
1949 1502 2160 1556 necem,

566 1569 764 1641 .losepli
794 1589 887 1640 per
912 1573 1177 1643 Angelum
1227 1583 1498 1642 monetur,
1528 1587 1588 1632 ut
1617 1593 1738 1632 eum
1791 1579 1842 1633 in
1876 1579 2168 1653 zEgyptum

570 1663 863 1719 transferat
911 1665 1072 1739 (Ibid.
1111 1667 1216 1740 15)
1248 1686 1260 1722 :
1290 1665 1579 1742 Egyptum
1627 1669 1787 1728 idolis
1838 1674 2082 1744 plenam,
2115 1685 2170 1730 et

1759 250 2003 308 SANCTI
2050 246 2307 311 l'llLARll
2340 254 2649 312 EPISCOPI
2851 251 2855 256 ”
3755 263 3827 319 914

2789 369 2952 445 373
2991 367 3220 428 CAPUT
3261 372 3321 429 ιι.

2262 513 2340 570 De
2385 513 2515 570 Jesu
2559 531 2790 587 regressa
2847 532 2909 571 ea:
2963 515 3235 588 Egypto,
3293 526 3341 573 et
3389 519 3464 572 de
3510 519 3833 587 prccdicotiou

2333 607 2554 664 Joannis
2607 619 2656 664 et
2698 609 2950 680 baptismo
2992 611 3155 679 ipsius
3184 652 3203 680 ,
3254 622 3298 666 et
3333 612 3399 666 de
3450 610 3685 666 Domina
3709 613 3832 681 bapti-

2334 711 2470 756 sata.

2341 837 2392 891 1.
2432 833 2629 906 Joseph
2649 835 2999 906 apostolorum
3028 841 3192 908 typus.
3226 865 3299 878 —-
3321 834 3460 892 Post
3487 851 3635 909 quas,
3671 846 3837 892 mortue:

2269 927 2500 995 llerode,
2529 927 2728 999 Joseph
2755 943 2850 999 per
2871 927 3133 1000 Angelum
3158 937 3432 992 monetur,
3466 939 3532 983 ut
3559 929 3613 983 in
3637 927 3833 984 ledaeam

2269 1036 2390 1078 cum
2422 1037 2588 1094 puero
2620 1032 2673 1077 et
2716 1032 2885 1078 matre
2931 1023 3096 1093 ipsius
3137 1022 3320 1079 redeat
3364 1020 3601 1095 (Matth.
3648 1038 3704 1090 ιι,
3754 1024 3836 1090 '20).

2271 1113 2340 1170 Et
2371 1124 2648 1171 revertens
2669 1129 2791 1171 cum
2821 1115 3143 1170 Archelaum
3181 1114 3409 1171 Herodis
3447 1115 3628 1170 lilium
3657 1129 3839 1187 regnare

2271 1211 2530 1276 audisset,
2567 1211 2739 1264 timuit
2770 1224 2835 1265 eo
2865 1209 3050 1265 venire
3077 1207 3240 1278 (Ibid.
3270 1209 3334 1265 Si
3376 1209 3395 1281 )
3431 1226 3447 1267 :
3494 1220 3553 1264 et
3596 1223 3690 1280 per
3720 1224 3838 1278 ange-

2274 1303 2382 1358 lum
2415 1311 2683 1369 mouetur,
2710 1311 2768 1358 ut
2794 1304 2843 1357 in
2873 1303 3149 1358 Galilzeam
3185 1311 3454 1367 transeat,
3483 1311 3543 1356 et
3569 1303 3622 1357 in
3651 1305 3838 1371 regionis

2274 1396 2393 1467 ejus
2421 1396 2636 1451 civitate
2665 1395 2928 1451 Nazareth
2960 1394 3246 1451 inhabitet.
3281 1397 3512 1453 Reverti
3539 1412 3668 1467 ergo
3689 1399 3743 1451 ad
3777 1397 3842 1452 lu-

2275 1488 2444 1544 dteam
2491 1500 2740 1544 monetur
2769 1505 2782 1541 :
2815 1499 2868 1543 et
2914 1503 3159 1545 reversus
3187 1489 3365 1545 timet.
3398 1489 3471 1544 Et
3515 1505 3721 1545 rursum
3759 1491 3841 1546 visu

2275 1581 2598 1647 admonitus,
2635 1580 2863 1636 transire
2912 1579 2978 1636 ad
3025 1581 3297 1652 regionem
3349 1583 3604 1652 gentium
3641 1583 3836 1652 jubetar.

2278 1671 2383 1729 Sed
2413 1683 2503 1728 aut
2529 1674 2718 1728 timere
2756 1689 2878 1729 eum
2902 1673 2990 1744 qui
3017 1673 3322 1731 admonitus
3352 1675 3427 1729 sit
3470 1690 3581 1729 non
3621 1676 3835 1746 Oportuit,

567 1761 912 1829 omnigenum
962 1757 1122 1815 deum
1178 1772 1418 1818 monstra
1469 1774 1838 1821 venerantem.
1899 1768 2017 1823 lam
2047 1776 2168 1840 post
2196 1768 2243 1829 B
2272 1774 2360 1817 aut
2391 1779 2488 1834 per
2507 1765 2754 1834 angelum
2787 1763 2984 1820 deferri
3011 1764 3308 1820 admonitio
3333 1781 3468 1821 mox
3501 1768 3743 1821 mutanda
3763 1783 3836 1821 non

567 1849 876 1907 Judteorum
909 1854 1338 1922 insectationem,
1373 1868 1426 1912 et
1453 1858 1503 1911 in
1529 1860 1920 1930 exstinguendo
1945 1877 2012 1918 eo
2046 1880 2170 1932 prc-

574 1945 710 2000 fana:
740 1946 912 2015 plebis
934 1959 1236 2013 assensum,
1262 1946 1511 2004 Christus
1533 1949 1596 2004 ad
1624 1960 1813 2022 gentes
1841 1953 2170 2010 inanissimis

572 2038 921 2108 religionibus
968 2037 1178 2096 deditas
1224 2045 1536 2097 transitzet
1587 2043 1658 2116 (ε)
1709 2044 1949 2100 ,Ιιιάωειιιι
2000 2047 2169 2102 relin-

572 2145 764 2201 quens,
777 2132 1037 2202 ignoranti
1065 2149 1188 2188 eum
1211 2133 1410 2190 saeculo
1440 2135 1698 2191 colendus
1722 2137 1968 2205 infertur,
2005 2137 2163 2195 Beth-

573 2221 770 2289 lehem,
803 2222 853 2278 id
877 2234 977 2289 est,
1000 2223 1204 2294 Judzea,
1229 2236 1520 2299 martyrum
1539 2230 1798 2299 sanguine
1815 2229 2168 2288 redundante.

573 2313 801 2371 llerodis
829 2333 958 2373 vero
999 2317 1148 2374 furor
1183 2328 1237 2377 et
1278 2320 1558 2375 infantium
1611 2320 1934 2390 interfectio,
1988 2323 2173 2395 populi

573 2409 781 2467 Judaici
829 2413 880 2466 in
927 2410 1265 2468 Christianos
1309 2415 1582 2471 saeviemis
1629 2424 1714 2471 est
1741 2415 1910 2472 forma
1941 2435 1954 2472 :
1985 2417 2172 2474 exis1i-

577 2504 771 2558 mantis
814 2518 872 2558 se
911 2504 1190 2560 beatorum
1234 2505 1523 2580 Martyrum
1567 2509 1715 2563 caade
1763 2524 1922 2579 pessc
1962 2510 2014 2565 in
2058 2525 2174 2566 om-

578 2595 723 2650 nium
773 2595 877 2651 fide
928 2607 983 2652 et
1039 2597 1373 2668 professione
1444 2599 1643 2656 Christi
1710 2616 1906 2658 nomen
1963 2603 2171 2660 essun-

573 2701 756 2756 guere.

652 2787 704 2841 7.
728 2786 960 2841 Ecclesia
981 2785 1114 2843 dolet
1133 2787 1434 2844 Judazorum
1457 2792 1812 2862 perditionem.
1843 2823 1912 2835 —
1933 2793 2038 2850 Sed
2052 2793 2174 2865 glo-

581 2877 756 2933 riosus
786 2893 880 2949 per
909 2880 1223 2950 prephetam
1249 2884 1364 2938 neci
1395 2897 1580 2938 eorum
1613 2884 1784 2939 honor
1812 2880 2072 2952 redditur,
2096 2883 2176 2940 di-

583 2980 818 3038 centem,
863 2969 975 3026 Vox
1003 2973 1055 3027 in
1087 2973 1254 3029 Rama
1294 2974 1469 3028 audita
1498 2983 1591 3041 est,
1623 2976 1854 3046 ploratus
1877 2986 1924 3031 et
1949 2977 2176 3033 ululatus

580 3062 796 3128 multus,
846 3063 1042 3120 Rachel
1061 3067 1269 3138 plorans
1291 3067 1427 3138 ﬁlios
1457 3081 1573 3123 suos
1596 3086 1616 3124 :
1639 3079 1686 3123 et
1710 3069 1874 3124 noluit
1894 3073 2174 3138 consolari,

2273 1853 2478 1909 debuit.
2512 1849 2708 1910 Verum
2743 1856 2914 1925 typica
2942 1856 3079 1910 ratio
3107 1863 3317 1911 servata
3347 1866 3461 1912 est.
3506 1856 3702 1926 Ioseph
3726 1859 3830 1912 enim

2274 1947 2642 2016 apostolorum
2673 1947 2833 2002 habet
2865 1948 3120 2018 speciem,
3151 1947 3346 2018 quibus
3376 1949 3632 2005 Christus
3657 1953 3836 2004 circum-

2276 2037 2530 2094 fereudus
2572 2047 2656 2094 est
2690 2039 2948 2095 creditus.
2979 2039 3044 2094 Hi
3077 2047 3354 2112 tamquam
3393 2041 3619 2096 Herode
3652 2051 3836 2101 mortuo,

2277 2133 2328 2188 id
2357 2141 2460 2197 est,
2497 2133 2696 2204 pepqu
2720 2131 2837 2204 ejus
2861 2134 2913 2188 in
2939 2135 3186 2204 passione
3213 2135 3431 2190 Domini
3457 2136 3746 2204 deperdita,
3770 2135 3832 2190 in-

2275 2225 2407 2281 ducis
2440 2225 2732 2296 praedicare
2759 2237 2884 2281 sunt
2907 2226 3075 2296 jussi;
3107 2226 3256 2282 missi
3283 2228 3433 2282 enim
3473 2236 3634 2284 erant
3661 2228 3719 2283 ad
3739 2241 3831 2281 oves

2277 2321 2514 2390 perditas
2541 2320 2731 2375 domus
2758 2318 2920 2376 Israel
2948 2338 2960 2374 :
2985 2318 3080 2375 sed
3107 2329 3359 2376 manente
3415 2321 3757 2378 hmreditariaé
3780 2321 3832 2374 in-

2279 2411 2558 2469 ﬁdelitatis
2584 2414 2861 2468 dominatu
2914 2421 3160 2468 metuunt
3189 2421 3244 2467 et
3279 2411 3574 2470 recedunt.
3612 2412 3828 2470 Admonui

2280 2521 2375 2578 per
2404 2507 2596 2573 visum,
2631 2507 2801 2561 sancti
2825 2503 3031 2562 scilicet
3053 2505 3283 2576 Spiritus
3312 2506 3524 2561 donum
3550 2507 3601 2560 in
3627 2505 3822 2577 gentibus

2279 2596 2730 2667 contemplantes,
2780 2598 2848 2652 ad
2895 2612 2989 2653 eas
3037 2596 3370 2654 transferunt
3421 2597 3720 2659 Christum,
3763 2596 3828 2649 Ju-

2279 2689 2410 2746 da-tn
2437 2689 2683 2757 missum,
2717 2689 2812 2745 sed
2853 2689 3018 2746 vitam
3050 2700 3104 2746 et
3140 2689 3370 2744 salutem
3402 2675 3649 2761 gentium
3677 2703 3826 2744 nuncu-

2281 2791 2486 2853 patum.

2351 2876 2406 2931 2.
2447 2875 2668 2930 Joannis
2707 2877 2850 2931 locus
2870 2918 2886 2944 ,
2915 2877 3232 2948 pradicatio,
3267 2879 3507 2944 vestitus,
3532 2879 3686 2932 cilius.
3708 2905 3763 2917 —
3782 2873 3824 2929 Ιιι

2281 2969 2462 3023 diebus
2487 2969 2593 3022 illis
2614 2970 2745 3023 venit
2769 2967 2998 3024 Joannes
3039 2970 3327 3041 prwdicans
3359 2971 3413 3024 in
3445 2971 3641 3027 deserto
3658 2968 3823 3031 Judtra,

2282 3063 2476 3129 dicens,
2512 3061 2874 3118 Paenitentiam
2917 3063 3088 3133 agite;
3136 3065 3576 3136 appropinquavit
3622 3064 3736 3118 enim
3771 3075 3824 3114 rc-

580 3157 702 3224 quia
724 3173 825 3210 non
844 3169 961 3212 sunt
984 3157 1201 3230 (Jerem.
1234 3177 1384 3227 xxx],
1422 3163 1508 3220 l5;
1526 3173 1572 3216 et
1591 3162 2175 3233 Matth.||,18).[{achel
2203 3164 2247 3228 ο
2280 3175 2436 3231 gnum
2469 3159 2729 3221 caelorum,
2769 3167 2874 3212 etc.
2901 3157 3116 3226 (Matth.
3148 3173 3228 3223 tu,
3277 3156 3352 3230 l).
3389 3159 3449 3214 ln
3473 3159 3670 3213 Joanne
3696 3158 3822 3217 locus,

584 3246 753 3302 Jacob
783 3264 917 3304 uxor
961 3249 1059 3305 fuit
1103 3252 1194 3306 diu
1221 3253 1449 3318 sterilis;
1483 3254 1576 3308 sed
1604 3253 1807 3310 nullum
1837 3271 1904 3310 ex
1931 3255 2013 3312 his
2043 3274 2180 3328 quos

579 3341 763 3410 genuit
791 3344 991 3397 amisit.
1029 3344 1225 3400 Verum
1259 3345 1372 3400 lucc
1401 3348 1452 3401 in
1482 3345 1675 3403 Genesi
1708 3347 1964 3404 Ecclesia:
1995 3358 2178 3421 typum

584 3433 838 3502 prmtulit.
870 3434 985 3489 Non
1035 3436 1196 3506 igitur
1240 3438 1380 3493 illius
1413 3454 1512 3494 vox
1563 3450 1616 3494 et
1669 3440 1907 3508 ploratus
1937 3443 2176 3509 auditur,

582 3541 702 3595 qua:
732 3527 934 3581 nullum
966 3526 1154 3583 habuit
1181 3523 1499 3584 amissorum
1529 3530 1764 3586 ﬂliorum
1787 3533 2054 3601 dolorem,
2085 3536 2180 3592 sed

582 3617 742 3687 hujus
765 3618 1023 3675 Ecclesia:
1051 3621 1142 3676 diu
1169 3623 1389 3688 sterilis,
1425 3639 1565 3678 nunc
1603 3640 1732 3679 vero
1762 3625 2024 3682 fecundas.
2063 3627 2176 3684 llu-

575 3709 665 3777 jus
697 3709 935 3779 ploratus
961 3729 1025 3768 ex
1059 3715 1200 3784 liliis,
1235 3732 1341 3771 non
1372 3715 1574 3772 idcirco
1605 3717 1725 3788 quia
1747 3731 2056 3792 peremptos
2081 3722 2176 3778 do-

581 3799 744 3865 lebat,
777 3803 1024 3868 auditur;
1057 3807 1150 3860 sed
1190 3809 1311 3876 quia
1357 3809 1426 3863 ab
1471 3809 1555 3864 his
1587 3811 2012 3880 perimebantur,
2041 3831 2178 3885 quos

582 3893 812 3960 primum
853 3895 1067 3964 genitos
1116 3897 1253 3951 ﬁlios
1313 3899 1548 3953 retinere
1597 3901 1875 3958 voluisset.
1932 3905 2177 3978 Denique

579 3985 850 4040 consolari
889 4001 947 4042 se
986 3986 1160 4044 noluit
1186 4005 1306 4059 quae
1341 3989 1578 4046 dolebat.
1609 3993 1690 4064 (ά)
1717 3991 1833 4049 Non
1879 3997 2021 4052 enim
2069 4015 2175 4054 non

580 4085 734 4132 erant
759 4079 816 4146 ii,
849 4081 938 4150 qui
968 4082 1165 4136 mortui
1205 4083 1553 4152 putabantur;
1589 4086 1641 4140 in
1679 4089 1998 4143 aeternitatis
2029 4089 2174 4144 enim

581 4172 877 4241 profectum
922 4189 1020 4244 per
1051 4177 1292 4248 martyrii
1341 4177 1571 4248 gloriam
1615 4179 1997 4236 efferebantur.
2030 4181 2176 4238 Con-

579 4267 970 4340 solatioantem
1003 4271 1080 4324 rei
1103 4271 1314 4327 amissaa
1343 4280 1458 4327 erat
1482 4273 1809 4344 praestanda,
1845 4290 1948 4331 non
1980 4284 2169 4332 auctae.

2289 3250 2620 3321 praedicatio,
2649 3250 2891 3315 vestitus,
2920 3250 3072 3304 cihtts
3092 3257 3176 3305 est
3195 3252 3537 3306 contuendus
3563 3269 3575 3304 :
3601 3261 3738 3319 atque
3757 3248 3822 3307 ita.

2290 3351 2345 3396 ut
2370 3341 2772 3398 meminerimus
2794 3353 3065 3412 gestorum
3092 3343 3374 3396 veritatem
3407 3360 3512 3398 non
3537 3343 3716 3398 ideirco
3735 3353 3824 3393 cor-

2289 3435 2485 3504 rumpi,
2522 3432 2592 3508 (e)
2622 3436 2665 3490 si
2709 3434 2960 3504 gerendis
3004 3435 3164 3490 rebus
3202 3434 3482 3491 interioris
3518 3428 3821 3504 intelligentia!

2289 3528 2426 3582 ratio
2458 3527 2696 3598 subjecta
2735 3526 2825 3584 sit.
2859 3527 3096 3582 Fuerant
3130 3528 3274 3581 enim
3309 3527 3618 3596 pra-dicanti
3642 3534 3688 3579 ct
3713 3526 3819 3577 locus

2286 3621 2657 3690 Opportunior,
2695 3629 2750 3674 et
2777 3621 3002 3674 vestitus
3033 3621 3236 3686 utilior,
3267 3630 3322 3674 et
3359 3619 3516 3676 cibus
3540 3613 3816 3690 aptiorzsed

2281 3707 2466 3768 subeSt
2487 3710 2654 3780 gestis
2677 3709 2838 3765 rebus
2877 3709 3206 3780 exemplum.
3233 3719 3288 3766 et
3313 3711 3366 3766 in
3397 3727 3465 3767 eo
3506 3709 3721 3783 operatio
3739 3709 3816 3778 ipsa

2281 3803 2558 3859 meditatio
2583 3811 2684 3858 est.
2716 3801 2851 3856 Nam
2873 3811 2928 3857 et
2951 3802 3015 3856 ad
3048 3802 3316 3858 desertam
3339 3801 3580 3858 Judmam
3601 3800 3662 3874 (ί)
3688 3799 3808 3860 νειιιι.

2278 3897 2548 3952 desertam
2581 3896 2675 3952 Dei
2701 3895 3153 3966 frequentatione.
3185 3912 3291 3950 non
3317 3897 3500 3966 pepuli
3526 3914 3540 3961 ;
3568 3905 3617 3951 et
3647 3903 3813 3946 vacuam

2278 3991 2449 4046 sancti
2480 3988 2709 4060 SpiritUs
2737 3987 3088 4054 habitatione,
3123 4005 3228 4042 non
3254 3989 3531 4044 hominum
3563 4006 3575 4042 :
3603 3981 3814 4056 utpra-di-

2282 4084 2506 4141 cationis
2535 4083 2700 4148 locus,
2749 4097 2937 4137 eorum
2975 4082 3170 4152 quibus
3211 4083 3525 4153 prmdicatio
3547 4089 3649 4136 erat
3673 4078 3808 4136 inissa,

2284 4177 2628 4235 solitudinem
2681 4185 3088 4247 protestaretur.
3135 4175 3510 4232 Paenitentiam
3542 4187 3725 4245 quoque
3754 4183 3812 4221 rc-

2282 4288 2388 4346 guo
2414 4273 2674 4329 ctelorum
2706 4271 3099 4342 propinquante
3121 4270 3457 4341 pronuntiat,
3485 4284 3575 4341 per
3599 4279 3730 4338 quam
3755 4269 3808 4316 cst

585 4491 708 4530 men
737 4490 922 4551 eorum
961 4488 1138 4551 sonat,
1174 4477 1394 4551 magica:
1423 4481 1523 4536 arti
1552 4479 1714 4538 fuisse
1744 4479 1953 4537 deditos
1983 4497 1997 4533 :
2031 4480 2172 4551 quod
2201 4485 2254 4545 D
2279 4490 2410 4545 etc.,
2444 4477 2803 4551 emendantur
2828 4492 2930 4551 ope
2951 4491 3080 4532 mss.
3122 4476 3435 4551 inquorum
3467 4470 3685 4551 plurimis
3718 4477 3805 4519 cor-

582 4562 795 4620 rursum
843 4547 1000 4604 docet
1033 4549 1125 4606 lib.
1175 4567 1232 4617 ιι,
1266 4547 1332 4607 de
1377 4553 1552 4620 Trin.,
1609 4569 1662 4609 ιι.
1712 4553 1803 4618 27,
1852 4560 1907 4607 et
1951 4547 2061 4607 libf
2099 4567 2171 4618 tv,

585 4617 750 4694 n._5t_i,
777 4633 946 4694 eaque
971 4621 1020 4694 in
1038 4637 1095 4676 re
1108 4625 1506 4679 consentientes
1531 4617 1686 4694 habet
1706 4617 1989 4694 lgnatium,
2013 4622 2173 4693 epist.

701 4687 939 4759 liphes);
991 4691 1284 4767 Iustinum,
1317 4694 1596 4767 Dial.cum
1639 4687 1841 4767 Try'ph.
1891 4687 2176 4767 Origenent

586 4760 679 4815 lib.
715 4775 754 4824 ι,
785 4771 970 4816 contra
1020 4765 1204 4830 Cels.;
1237 4765 1605 4830 Ambrosium,
1654 4760 1766 4820 lib'f
1807 4782 1864 4831 ιι,
1910 4766 1960 4819 in
1989 4760 2176 4832 'Luc.,

587 4847 640 4886 ιι.
665 4843 811 4908 aLvu
840 4843 894 4888 et
919 4850 1084 4908 xtvtn
1107 4836 1549 4908 ;Hieronymum,
1575 4839 1625 4891 in
1648 4835 1771 4892 Esa.
1793 4853 1886 4892 nx
1914 4845 1969 4892 et
1997 4851 2140 4893 xuii
2160 4879 2173 4902 ,

587 4903 676 4973 qui
711 4913 886 4959 tamen
920 4907 988 4978 ab
1020 4906 1117 4978 hac
1147 4903 1401 4978 opinione
1432 4903 1684 4964 recedere
1709 4909 1918 4962 videtur
1957 4911 2008 4963 in
2040 4909 2170 4962 Dan.

587 4988 660 5036 c.,
685 4990 742 5039 ιι,
773 4977 859 5029 ubi
905 4977 1013 5032 ait:
1049 4977 1375 5034 Consuetudo
1410 4993 1576 5035 autem
1617 4990 1663 5033 et
1691 4996 1854 5036 sermo
1891 4979 2176 5033 communis

591 5041 772 5114 Magos
797 5065 887 5114 pro
911 5049 1157 5120 maleﬁcia
1207 5054 1399 5124 accepit
1420 5095 1433 5116 ,
1470 5053 1554 5122 qui
1581 5051 2007 5124 aliter_habe_ntur
2035 5049 2176 5120 apud

589 5126 782 5194 gentem
813 5135 983 5194 suam,
1016 5138 1075 5194 ea
1104 5123 1242 5192 quod
1269 5122 1368 5178 sint
1395 5123 1686 5194 plulasophi
1720 5122 2102 5194 Chaldworumﬁ,
2128 5131 2176 5176 et

590 5185 660 5266 ad
680 5188 806 5241 artis
823 5189 976 5266 hujus
1005 5185 1269 5266 scientiam
1293 5185 1432 5264 regés
1455 5185 1652 5266 quoque
1677 5203 1722 5248 et
1751 5194 2012 5264 principes
2038 5185 2178 5264 ejus-

591 5256 703 5338 dem
726 5256 896 5338 gentis
924 5263 1098 5338 omnia
1120 5267 1337 5338 faciunt.

665 5331 742 5408 (ᾳ)
781 5331 836 5408 l_n
871 5333 1040 5390 tribus
1071 5331 1201 5390 mss.
1235 5339 1388 5392 totius
1414 5337 1742 5408 (equalitatis,

663 5402 739 5476 (b)
787 5403 897 5480 Duo
930 5421 1060 5460 mss.
1111 5408 1343 5480 parvulo.
1389 5402 1630 5480 Quatuor
1656 5405 1767 5475 alii,
1803 5406 2064 5480 paruulis;
2126 5415 2181 5463 et

594 5475 738 5541 mox,
780 5486 833 5529 ut
852 5475 1053 5542 Iesum,
1081 5475 1177 5546 pro
1211 5491 1262 5533 ut
1289 5475 1429 5532 eum.
1462 5479 1635 5536 Verba
1669 5475 1998 5548 evangelica,
2031 5479 2179 5549 {utu-

599 5564 714 5602 runt
745 5559 817 5600 est
840 5551 971 5602 enim
989 5559 1041 5603 ut
1072 5550 1304 5604 Herodes
1330 5562 1526 5619 quaerat
1545 5568 1757 5620 puerum
1779 5550 1846 5604 ad
1865 5549 2181 5620 perdendum

609 5637 744 5693 eum,
777 5623 1047 5692 postulant
1077 5623 1278 5693 parvuli
1304 5617 1394 5676 aut
1425 5617 1653 5691 paruulo.
1686 5617 1942 5692 Caput'll.
1973 5623 2022 5675 in
2050 5637 2182 5677 mss.

603 5691 847 5764 incipitia
877 5691 1248 5764 superioribus
1274 5694 1472 5764 verbis,
1507 5693 1727 5749 Parente
1746 5691 1934 5759 autem,
1967 5704 2073 5749 etc.

690 5763 760 5834 (ε)
803 5763 965 5834 Editi,
996 5764 1269 5822 Judaicam
1298 5766 1582 5840 relinquens
1609 5766 1948 5839 ignorantiam
1973 5764 2182 5836 stu-uta,

2285 4563 2438 4618 rnpte
2469 4559 2644 4604 exstat
2669 4549 3016 4621 ignorantium
3038 4545 3245 4600 sa’culo’.
3275 4545 3626 4621 lliestcculum
3652 4551 3802 4621 engag-

2286 4605 2518 4676 tni'natur
2548 4605 2726 4689 αρηςὶ
2761 4619 2868 4673 Deo
2907 4619 3114 4689 aliena;
3145 4619 3421 4688 quomodo
3453 4622 3502 4672 in
3533 4631 3604 4686 ps.
3643 4628 3675 4677 ι,
3697 4605 3739 4663 ιι.
3761 4605 3799 4666 δν

2283 4688 2657 4755 ειυειιιιινίέυίν,
2692 4690 2783 4759 qui
2815 4689 2879 4744 ad
2906 4688 3178 4742 Christum
3211 4704 3315 4743 non
3340 4690 3583 4760 pertinet.

2356 4765 2443 4836 (di
2481 4762 2736 4836 Erasmus
2765 4762 2817 4816 in
2859 4761 3090 4836 quodam
3119 4761 3306 4815 codice
3339 4759 3595 4836 reperisse
3619 4759 3802 4836 sc_l{3_~ilf'_f

2279 4832 2382 4898 tur,
2397 4832 2573 4902 Neque
2595 4835 2729 4887 enim
2761 4841 2904 4886 erant
2932 4833 2966 4884 ii
2998 4833 3104 4900 qui,
3136 4841 3274 4895 etc.,
3305 4832 3450 4900 quod
3482 4832 3799 4902 nongrejtct‘lt‘0

2279 4895 2464 4967 sensu,
2490 4895 2678 4976 'Neque
2699 4905 2829 4958 enim
2861 4895 3220 4978 erant-mortui
3239 4943 3256 4968 ,
3287 4895 3376 4978 qui
3413 4899 3589 4978 mortui
3609 4895 3800 4978 palata":

2282 4986 2364 5030 tur
2389 4993 2408 5032 :
2439 4964 2616 5031 minus
2646 4982 2822 5030 tamen
2851 4975 2916 5030 ad
2945 4990 3079 5028 rem.
3114 4964 3456 5044 Vult'quippe
3487 4964 3792 5052 llilarius'lt-‘Al'f

2282 5049 2469 5114 verba,
2503 5049 2624 5117 quia
2643 5064 2744 5120 non
2762 5056 2900 5120 sunt,
2921 5061 3027 5120 non
3049 5043 3410 5120 consentanea
3427 5057 3540 5098 esse
3557 5043 3616 5120 iis
3627 5043 3696 5120 qui

2283 5111 2614 5176 secutionem
2655 5111 3045 5190 fueriutpassi.
3093 5111 3424 5190 quinctium
3455 5111 3792 5190 transituque:

2283 5191 2385 5246 lius
2405 5200 2560 5255 sunt;
2586 5188 2681 5244 sed
2705 5189 2769 5243 iis
2792 5182 3052 5258 qui'illam
3075 5187 3359 5242 excitando
3379 5187 3448 5241 ab
3474 5182 3693 5258 Ecclesia:
3709 5182 3792 5258 stult

2285 5253 2611 5329 exciderint,
2641 5253 2957 5331 eique'adeo
2991 5259 3099 5314 sint
3125 5258 3344 5329 perditi,
3379 5267 3436 5312 ut
3467 5257 3570 5328 jam
3597 5261 3699 5305 vere
3722 5253 3792 5297 που

2285 5334 2410 5389 sint.
3643 5390 3666 5400 Α.

2359 5380 2752 5478 (ἐλββοςβηείε
2781 5401 2997 5478 ms._sed
3011 5400 3262 5478 gerendis.
3291 5400 3572 5471 Diligenter
3582 5380 3790 5478 [etiamet

2288 5464 2618 5530 hte‘c'llilarii
2649 5464 3033 5542 prtemonitio:
3043 5487 3108 5526 ne
3127 5472 3380 5543 deinceps
3397 5464 3682 5543 vreconditps
3705 5465 3790 5543 alii:

2287 5525 3009 5616 ita};'sa-ipiaea'séas’ué
3026 5525 3072 5611 ,η
3088 5525 3279 5598 rerum
3296 5525 3561 5599 V'videalur
3587 5525 3791 5590 offendere

2286 5618 2584 5672 veritatem.
3769 5660 3788 5672 Α.

2653 5687 2801 5773 .i’ar.
2831 5685 3065 5752 venitur;
3107 5694 3161 5773 et
3186 5701 3330 5773 mox,
3369 5687 3436 5760 L5,.
3464 5692 3650 5741 “cum
3679 5667 3786 5727 mu

2292 5758 2520 5833 Spiritus
2546 5759 2943 5826 habitationem;
2973 5758 3251 5817 mendose.
