3974 6198
199 243 322 300 925

1194 239 1740 302 COMMENTARIUS
1778 239 1844 301 IN
1882 239 2314 302 ΜΑΤΤΙΙΑΞΗΜ.
2360 244 2513 302 CAP.
2554 245 2618 301 11.

3405 246 3510 302 9‘26

203 360 418 415 reditus
460 357 528 413 ab
555 372 760 424 errore,
813 365 868 413 et
919 371 1168 415 recursus
1195 375 1224 413 a
1255 359 1502 424 crimine,
1553 354 1720 431 674
1760 365 2063 428 εῑΑειηιῐ,
2112 360 2166 414 iii
2215 359 2414 415 diaboli
2458 361 2772 432 progeniem
2822 360 3138 416 infidelitate
3195 367 3510 417 mutentur:

202 465 337 524 post
360 451 438 524 (α)
465 452 714 507 vitiorum
756 453 1014 523 pudorem
1064 451 1329 524 professio
1368 452 1647 508 desinendi
1692 470 1704 508 :
1748 461 1806 510 ut

202 544 425 599 deserta
451 542 636 599 iudica
664 546 998 600 meminisset
1044 556 1166 600 eum
1206 559 1266 600 se
1305 555 1704 616 suscepturum,
1750 549 1802 601 in

201 651 322 708 quo
346 637 605 692 caelorum
631 643 716 691 est
737 651 960 707 regnum
1010 653 1025 702 ;
1057 653 1164 694 non
1187 651 1410 693 vacuam
1439 639 1696 710 deinceps
1725 637 1806 695 fu-

203 738 410 794 turam,
440 731 484 783 si
512 744 570 784 se
593 745 620 783 a
647 731 916 784 veteribus
942 730 1084 785 vitiis
1110 729 1441 800 poenitentia:
1467 731 1806 788 confessione

199 831 512 893 purgasset.
545 819 675 874 Pilis
695 821 856 875 etiam
887 821 1217 877 camelorum
1259 822 1422 877 vestis
1443 822 1676 887 adtexta,
1710 837 1804 894 pe-

197 913 485 985 regrinum
540 911 870 983 prophetica:
915 914 1069 969 istius
1113 914 1513 985 praidicationis
1565 914 1804 972 habitum

197 1006 454 1078 designat
483 1023 495 1058 :
525 1019 646 1060 cum
678 1006 886 1061 exuviis
928 1007 1324 1062 immundarum
1359 1007 1646 1077 pecudum,
1679 1009 1802 1079 qui-

195 1099 312 1158 bus
342 1114 500 1172 pares
532 1098 607 1171 (b)
640 1099 1034 1164 existimamur,
1063 1100 1262 1155 Christi
1289 1101 1609 1170 praedicator
1629 1099 1803 1156 indui.

195 1203 330 1262 tur;
361 1195 524 1264 ﬁtque
551 1194 940 1250 sanctificatum
972 1194 1156 1250 habitu
1190 1195 1516 1266 prophetali,
1546 1193 1802 1267 quidquid

193 1289 258 1342 in
290 1288 442 1343 nobis
466 1288 548 1342 vel
588 1286 782 1342 inutile
810 1286 984 1342 fuerat
1019 1299 1167 1354 ante,
1194 1288 1279 1342 vel
1309 1288 1607 1343 sordidum.
1642 1289 1804 1344 Zona:

191 1390 386 1439 autem
429 1382 762 1453 prmcinciio,
795 1383 984 1437 efficax
1011 1383 1063 1437 in
1106 1397 1266 1438 omne
1295 1397 1432 1452 cpus
1483 1384 1679 1438 bonum
1720 1390 1806 1438 est

189 1485 534 1546 apparatus:
568 1484 626 1530 ut
651 1475 718 1529 ad
759 1491 920 1529 omne
963 1475 1320 1530 ministerium
1363 1474 1560 1530 Christi
1607 1474 1678 1546 (ε)
1708 1487 1805 1529 vc-

188 1567 406 1623 luntate
434 1567 602 1621 simus
631 1567 882 1621 accincti.
930 1565 986 1620 In
1017 1582 1171 1622 esum
1202 1567 1365 1621 etiam
1405 1565 1678 1636 eliguntur
1720 1566 1801 1620 lo-

188 1668 393 1724 custae,
443 1659 658 1729 fugaces
696 1659 974 1714 hominum
1001 1701 1015 1726 ,
1065 1671 1119 1715 ct
1163 1660 1229 1714 ad
1279 1674 1493 1714 omnem
1537 1660 1804 1716 adventus

1909 451 2126 522 quando
2150 459 2206 507 et
2230 451 2486 506 Pharistei
2512 453 2816 524 viperarum
2855 455 3001 508 natio
3030 463 3425 522 nuneupantur,
3455 459 3509 510 ct

1908 543 2159 615 gloriatio
2183 542 2346 616 675
2377 545 2694 599 sanctiﬁcati
2736 546 2975 614 parentis
3001 547 3081 600 eis
3111 547 3402 609 inhibetur,
3451 555 3507 604 et

1909 649 1974 690 ex
2022 637 2167 690 saxis
2209 651 2274 691 ac
2304 636 2527 708 rupibus
2575 635 2804 692 Abrahm
2854 638 2944 692 lilii
2996 639 3316 705 excitantur,
3350 648 3402 694 et
3447 647 3507 694 ut

1908 738 2196 802 operantes
2217 729 2405 801 dignos
2429 727 2632 786 fructus
2658 732 2985 800 poenitentiae
3005 732 3109 785 sint
3127 729 3505 788 admonentur:

1910 831 1967 880 ut
1991 826 2079 895 qui
2103 825 2378 880 diabolum
2422 833 2633 895 patrem
2659 824 2864 880 habere
2905 829 3200 894 coeperant,
3253 843 3373 882 cum
3401 828 3502 896 eis,

1907 919 1997 990 qui
2026 919 2095 974 de
2124 915 2396 989 lapidibus
2441 919 2829 988 excitarentur,
2880 934 3091 975 rursum
3123 920 3356 978 Abrahae
3409 919 3506 979 ﬁlii

1909 1025 2004 1081 per
2033 1010 2190 1066 fidem
2226 1011 2374 1066 ﬁant.
2702 1003 2706 1005 Α

1978 1106 2034 1160 4.
2060 1103 2296 1160 Christus
2320 1114 2493 1160 noster
2511 1116 2738 1161 servator
2757 1115 2806 1161 et
2827 1107 3004 1176 iudex.
3025 1139 3094 1149 —
3121 1108 3340 1165 Securis
3372 1123 3500 1165 vero

1907 1198 2181 1254 radicibus
2205 1199 2457 1254 arborum
2491 1201 2734 1271 apposita
2773 1210 2998 1256 testatur
3023 1200 3236 1274 (Matth.
3273 1219 3352 1270 Ill,
3384 1203 3497 1276 10)

1907 1290 1985 1362 (g)
2009 1292 2098 1361 jus
2127 1293 2407 1361 pris-sentis
2434 1293 2484 1346 iii
2515 1293 2731 1348 Christo
2776 1295 3054 1363 potestatis
3074 1335 3090 1361 ,
3142 1294 3501 1351 infructuosa-

1905 1399 2022 1440 ruiii
2055 1385 2308 1440 arborum
2334 1385 2482 1442 crede
2502 1395 2556 1442 et
2575 1388 3010 1442 concrematioiie
3048 1386 3356 1459 signiﬁcans
3379 1389 3498 1444 inu-

1907 1477 2014 1532 tilis
2042 1476 2278 1547 perﬁdiae
2301 1477 2568 1533 excidium
2599 1476 2675 1550 (h)
2703 1478 3108 1550 conflagrationi
3136 1480 3322 1549 judicii
3355 1487 3496 1551 prae-

1906 1569 2098 1639 parari.
2137 1559 2206 1623 Et
2230 1572 2351 1640 quia
2383 1567 2538 1642 Legis
2569 1581 2704 1639 opus
2729 1571 2790 1642 (i)
2826 1580 2970 1626 esset
2999 1572 3111 1642 jam
3142 1571 3388 1628 inefficax
3420 1573 3487 1628 ad

1904 1664 2172 1727 salutem,
2232 1673 2286 1718 et
2327 1662 2563 1718 Joannes
2635 1663 2968 1734 baptizandis
3021 1665 3075 1718 iii
3128 1663 3496 1733 pmiiitentiam

191 1753 374 1808 nostri
421 1767 639 1807 sensum
672 1751 950 1806 evolaiites
977 1769 988 1806 ε
1021 1765 1122 1806 nos
1161 1752 1389 1816 scilicet,
1437 1751 1532 1822 qui
1557 1755 1624 1808 ah
1653 1753 1802 1808 omni
1835 1763 1880 1822 Β
1909 1753 2125 1811 nuntius
2156 1757 2452 1812 exstitisset
2492 1757 2509 1828 (
2544 1759 2925 1826 prophetarum
2955 1758 3098 1813 enim
3123 1758 3357 1813 ofﬁcium
3383 1769 3500 1816 erat

191 1859 456 1900 sermone
477 1851 530 1899 et
557 1858 846 1914 congressu
880 1843 1262 1914 prolihclaruiii
1307 1844 1388 1916 (ά)
1418 1845 1471 1915 ip
1503 1845 1548 1899 is
1585 1846 1808 1915 quibus«

190 1937 325 1993 dam
354 1952 640 2008 corporum
673 1937 901 1992 saltibus
923 1935 1305 1992 eﬂerebamur.
1334 1936 1630 1992 Voliintate
1661 1938 1802 2008 vagi,

190 2031 460 2103 operibus
497 2029 736 2098 inutiles,
764 2029 946 2086 verbis
974 2030 1213 2100 queruli,
1264 2027 1338 2101 (e)
1370 2029 1472 2085 fide
1514 2032 1803 2101 peregrini,

195 2140 350 2181 nunc
376 2139 561 2180 sumus
587 2132 902 2181 sanctorum
933 2124 1188 2179 alimonia
1223 2132 1280 2178 et
1309 2124 1533 2179 satietas
1576 2124 1807 2194 prophe-

196 2228 380 2275 tarum
406 2217 566 2274 electi
590 2216 754 2272 simul
789 2229 912 2272 cum
941 2215 1102 2271 melle
1127 2215 1361 2270 silvestri
1389 2233 1402 2270 ε
1434 2213 1805 2270 dulcissimum

197 2325 271 2366 ex
306 2311 460 2366 nobis
480 2311 682 2374 cibum,
713 2321 821 2364 non
844 2324 911 2364 ex
935 2309 1186 2364 alveariis
1209 2308 1362 2380 legis,
1389 2307 1483 2364 sed
1511 2323 1574 2364 ex
1601 2309 1808 2364 truncis

196 2402 535 2459 silvestrium
561 2402 816 2456 arborum
838 2399 1139 2472 priebituri.

280 2491 336 2549 5.
379 2490 549 2548 Filios
578 2492 798 2547 Abraha:
827 2491 902 2546 vel
933 2491 1125 2546 diaboli
1162 2492 1286 2563 facit
1327 2491 1457 2561 ﬁdes
1498 2500 1589 2545 aut
1625 2489 1809 2561 infide-

198 2591 349 2646 litas.
379 2615 452 2631 -α-
481 2585 596 2643 Tali
633 2589 792 2658 igitur
821 2585 1062 2642 Joannes
1117 2585 1303 2640 habitu
1342 2585 1666 2656 praedicans,
1715 2599 1810 2640 ve-

209 2684 429 2739 nientes
451 2682 758 2742 Pharisaeos
783 2689 838 2736 et
867 2681 1194 2737 Sadductcos
1212 2680 1278 2734 ad
1307 2679 1657 2748 baptismum,
1689 2693 1808 2750 pro.

203 2777 382 2849 genies
410 2781 684 2844 nuncupat
717 2775 1052 2846 viperarum:
1084 2772 1312 2827 fructum
1349 2781 1404 2826 ut
1438 2771 1654 2843 dignum
1693 2785 1812 2842 pato

203 2868 452 2924 nitentite
515 2867 714 2923 faciant
760 2875 982 2934 monet,
1041 2881 1178 2922 neve
1253 2865 1524 2920 Abraham
1601 2874 1810 2936 patrem

203 2961 413 3016 habere
437 2972 498 3016 se
522 2961 840 3031 glorientur,
881 2960 1005 3031 quia
1044 2973 1112 3014 ex
1148 2957 1413 3029 lapidibus
1437 2959 1580 3014 Deus
1620 2968 1812 3030 potetis

203 3066 294 3111 est
361 3055 594 3111 Abrahae
643 3054 784 3110 ﬁlios
827 3054 1066 3110 excitare
1111 3053 1324 3126 (Matth.
1385 3063 1464 3118 iii,
1514 3051 1657 3124 7-9).
1691 3052 1808 3108 Non

1907 1864 1936 1902 a
1969 1849 2202 1918 pecctitis
2227 1859 2481 1902 revocare
2501 1889 2514 1913 ,
2545 1847 2748 1902 Christi
2788 1861 2918 1904 vero
2957 1851 3252 1920 proprium,
3286 1851 3496 1908 salvare

1907 1941 2244 2006 credentes);
2271 1955 2330 1995 se
2359 1940 2576 2011 quidem
2602 1941 2874 2009 baptizare
2901 1943 2953 1996 iii
2998 1943 3372 2013 paenitentiam
3419 1943 3498 2000 di-

1907 2035 2000 2096 cit,
2029 2033 2122 2089 sed
2155 2033 2433 2088 fortiorem
2464 2047 2584 2088 esse
2610 2040 2891 2089 venturum
2911 2077 2924 2100 ,
2970 2033 3124 2106 cujus
3156 2036 3496 2093 ferendarum

1910 2125 1984 2197 (j)
2011 2125 2500 2180 calceamentorum
2529 2125 2600 2180 sit
2643 2125 2892 2196 indignus
2919 2127 3095 2182 ofﬁcio
3141 2128 3302 2202 (ibid.
3332 2131 3391 2185 11
3428 2127 3447 2201 )
3483 2149 3495 2184 :

1908 2217 2170 2287 apostolis
2188 2217 2631 2273 circuiiiferendae
2661 2219 3054 2287 praedicationis
3088 2220 3314 2290 gloriam
3341 2221 3497 2277 dere-

1908 2307 2177 2379 linquens,
2228 2309 2423 2379 quibus
2468 2309 2728 2378 speciosis
2773 2311 2997 2379 pedibus
3046 2326 3232 2382 pacein
3260 2312 3354 2368 Dei
3385 2323 3502 2369 erat

1909 2398 2148 2456 debitum
2177 2401 2424 2456 nuntiare
2449 2399 2600 2473 (Era.
2635 2415 2728 2468 LII,
2761 2401 2837 2474 7).
2871 2403 3068 2458 Salutis
3097 2401 3260 2473 igitur
3301 2412 3503 2461 nostra!

1909 2493 2171 2562 etjudicii
2205 2501 2414 2564 tempus
2444 2493 2689 2563 designat
2733 2494 2786 2548 in
2834 2495 3094 2562 Domino,
3126 2496 3333 2563 dicens,
3385 2496 3491 2552 Ille

1911 2587 2186 2655 baptizabit
2208 2600 2294 2641 vos
2318 2588 2370 2641 in
2399 2586 2604 2658 Spiritu
2633 2597 2809 2642 sancto
2831 2596 2877 2642 et
2898 2583 3046 2660 igni:
3067 2588 3186 2658 quia
3215 2589 3498 2658 baptizatis

1912 2679 1968 2734 in
1989 2678 2191 2748 Spiritu
2217 2687 2424 2743 sancto,
2475 2680 2740 2750 reliquum
2767 2681 2837 2736 sit
2877 2682 3241 2736 consummari
3269 2681 3342 2754 (Ii)
3377 2682 3502 2753 igne

1907 2772 2114 2844 judicii.
2144 2770 2354 2825 Habeas
2377 2773 2706 2826 ventilabrum
2729 2773 2780 2826 in
2803 2787 2979 2840 manu,
3006 2779 3054 2826 et
3074 2773 3310 2847 purgabit
3331 2791 3501 2829 aream

1913 2881 2080 2927 suam,
2110 2871 2158 2917 et
2177 2863 2502 2934 congregabit
2525 2865 2744 2917 triticum
2765 2879 2918 2918 suum
2943 2867 2996 2918 iii
3019 2865 3295 2932 horreum;
3325 2865 3500 2937 paleas

1913 2968 2082 3012 autem
2109 2957 2364 3013 comburet
2397 2957 2504 3028 igiii
2547 2957 2948 3029 inexstingui'bili
2993 2954 3205 3030 (Matth.
3249 2973 3328 3024 lli,
3383 2958 3498 3026 12).

1916 3053 2208 3109 Ventilabri
2232 3065 2365 3123 opus
2391 3060 2494 3116 est,
2525 3053 2592 3106 ab
2615 3051 2964 3106 infructuosis
2995 3050 3268 3106 fructuosa
3298 3050 3503 3106 discer—

204 3150 353 3205 enim
385 3150 657 3205 successio
683 3151 861 3205 carnis
891 3150 1182 3220 qumritur,
1220 3148 1313 3203 sed
1347 3147 1472 3203 fidei
1502 3148 1808 3203 litnreditas.
1839 3146 1885 3212 C
1917 3159 2066 3200 nere.
2098 3143 2252 3212 Quod
2297 3144 2347 3197 iii
2377 3157 2536 3196 manu
2578 3142 2789 3196 Domini
2832 3141 2922 3208 sit,
2972 3142 3252 3197 arbitrium
3303 3142 3506 3197 indicat

206 3242 451 3313 Digiiitas
485 3243 646 3312 igitur
664 3242 885 3312 originis
907 3242 961 3296 in
989 3257 1212 3311 operum
1236 3237 1480 3295 consistit
1502 3240 1763 3312 exemplis
1793 3258 1806 3294 :

203 3345 264 3394 et
296 3335 560 3406 prosapiae
589 3334 760 3406 gloria
789 3334 912 3390 ﬁdei
940 3335 1239 3390 imitatione
1268 3335 1550 3389 retinetur.
1583 3333 1656 3404 (ι’)
1690 3334 1811 3387 Dia-

203 3429 369 3488 belus
390 3429 642 3496 infidelis,
671 3429 945 3484 Abraham
977 3427 1170 3484 fidelis.
1205 3426 1336 3482 Nam
1369 3427 1459 3482 ille
1490 3426 1541 3480 in
1575 3425 1808 3481 hominis

209 3523 642 3593 traingrcsslone
671 3521 769 3576 fuit
814 3520 1071 3592 perﬁdus,
1107 3520 1194 3575 hic
1225 3535 1354 3575 vero
1377 3519 1703 3590 iustificatus
1741 3533 1806 3573 ex

205 3615 318 3672 ﬁde
345 3623 448 3670 est.
480 3615 642 3687 igitur
669 3615 1088 3686 uniuscujusque
1120 3625 1302 3670 mores
1343 3621 1504 3682 atque
1539 3614 1647 3667 vita
1679 3627 1807 3683 prc-

206 3709 562 3780 piiiquitalem
589 3705 924 3780 cognationis
947 3707 1174 3778 acquirit
1197 3717 1212 3761 ε
1235 3715 1292 3761 ιιι
1329 3707 1418 3777 qui
1449 3705 1634 3761 ﬁdeles
1659 3709 1806 3770 sunt,

206 3801 447 3860 Abrahae
478 3817 714 3874 propago
737 3817 832 3873 per
861 3801 1023 3858 ﬁdem
1049 3801 1191 3868 sint;
1237 3801 1326 3872 qui
1355 3810 1533 3856 autem
1567 3799 1811 3855 infideles

284 3968 363 4042 (α)
401 3967 484 4022 Ab
511 3966 702 4022 effectu
728 3964 998 4022 confessio
1022 3961 1110 4019 hic
1139 3963 1495 4034 signiﬁcatur.

281 4059 360 4133 (b)
401 4056 914 4133 GeiitesLiiimirum.
951 4055 1112 4133 Unde
1149 4054 1284 4133 infra
1317 4070 1436 4133 cap.
1469 4054 1559 4120 i9,
1606 4070 1660 4133 n.
1695 4052 1755 4108 11
1789 4070 1804 4109 :

201 4125 583 4201 Iit‘p'rimordio
607 4129 743 4201 libri,
769 4130 859 4182 sub
880 4128 1060 4182 uestitu
1080 4126 1303 4182 Joannis
1323 4168 1339 4196 ,
1389 4127 1441 4179 iit
1463 4125 1656 4180 cautela
1680 4141 1806 4198 gen-

203 4215 282 4261 tes
307 4194 596 4276 signiﬁcari
626 4194 1007 4254 admonuimus.

287 4294 360 4367 (c)
403 4293 567 4357 Editi,
599 4291 1128 4367 uoluiitatis_cingulo.
1151 4291 1208 4367 lii
1232 4300 1466 4367 quatuor
1482 4295 1811 4367 inss..exst_at

203 4359 566 4431 uoluntatis,in
585 4359 1100 4431 caeteris,volunt'ate;
1117 4363 1211 4417 sed
1232 4359 1283 4416 in
1306 4361 1454 4416 nullo
1467 4376 1569 4415 vox
1582 4359 1808 4431 cingulo.

288 4459 369 4531 (ά)
413 4456 534 4519 En,
559 4457 704 4526 Lips.
739 4463 792 4510 et
824 4456 943 4510 Par.
966 4455 1158 4531 impiis
1178 4453 1493 4531 quibusdam
1525 4467 1543 4506 :
1576 4451 1707 4506 Bad.
1754 4455 1810 4506 et

208 4525 350 4588 ms's.
383 4541 576 4600 magno
606 4525 873 4582 eciisensu
900 4525 1315 4596 refragantibus.

1917 3237 2222 3308 potestatis,
2254 3235 2487 3290 triticum
2517 3250 2690 3299 suum,
2726 3236 2991 3305 perfectos
3019 3237 3226 3290 scilicet
3275 3235 3505 3291 creden-

1919 3330 2050 3383 tium
2078 3330 2303 3393 fructus,
2343 3328 2551 3382 horreis
2591 3327 2970 3392 rccondentis;
3017 3329 3194 3396 paleas
3254 3343 3404 3394 vero,
3440 3328 3506 3399 (t)

1917 3423 1968 3478 id
1997 3433 2098 3488 est,
2137 3421 2404 3476 inutilium
2430 3433 2589 3490 atque
2613 3420 3063 3475 infructuoscrum
3089 3420 3362 3476 hominum
3392 3421 3505 3475 ina-

1916 3517 2160 3582 nitatem,
2185 3514 2294 3586 igni
2319 3515 2504 3585 jndicii
2533 3515 2948 3568 concrcniaiitis.

1938 3664 1949 3674 ,
1987 3612 2042 3666 5.
2090 3608 2362 3662 Hominem
2405 3608 2772 3680 assumptione,
2821 3621 2983 3676 aquas
3031 3607 3234 3662 lavacro
3280 3608 3513 3678 sanctiﬁ-

1915 3705 2065 3760 cavit.
2097 3733 2168 3743 —
2192 3701 2336 3756 Tunc
2361 3702 2491 3756 venit
2529 3702 2682 3755 Jesus
2709 3700 2804 3772 (in)
2833 3719 2863 3754 α
2902 3699 3122 3755 Galilwa
3152 3702 3203 3754 in
3228 3699 3512 3755 Jordanent

1916 3797 1984 3850 ad
2009 3794 2281 3863 Joannem,
2316 3803 2371 3848 ut
2420 3793 2762 3864 baptizaretur
2785 3792 2846 3846 ab
2878 3809 2934 3846 eo
2969 3791 3128 3864 (Ibid.
3187 3791 3275 3866 15)
3304 3809 3318 3858 ;
3348 3800 3403 3848 et
3425 3807 3513 3847 re-

1913 3954 2162 4012 adsiniile
2187 3953 2442 4020 cstiilud,
2471 3967 2578 4024 quo
2606 3952 2658 4007 in
2691 3951 2822 4022 psal.
2853 3968 3037 4016 chin,
3071 3969 3124 4007 ii.
3157 3953 3245 4019 11,
3280 3952 3508 4021 primum

1915 4029 2176 4101 prtedieat
2213 4025 2449 4081 adventu
2519 4025 2731 4101 Domini
2763 4027 3125 4101 ‘eonfractain
3160 4033 3213 4079 et
3245 4026 3512 4101 obtritam

1915 4093 2114 4157 diaboli
2167 4103 2522 4168 potestatein;
2578 4111 2641 4150 ac
2688 4094 2884 4168 deinde
2938 4096 3204 4168 subjicit,_
3237 4093 3516 4168 Prmentis

1916 4166 2248 4244 subjectionis
2291 4166 2584 4222 conditione
2611 4167 2800 4219 ultioni
2841 4174 2888 4219 et
2917 4182 3079 4237 poema
3107 4166 3348 4237 legitima'
3375 4179 3515 4236 prte-

1917 4251 2147 4314 paratur.

1991 4329 2056 4402 (i)
2078 4327 2455 4402 Carnutensis
2473 4327 2642 4382 codex
2674 4341 2794 4402 cum
2821 4324 2975 4402 Colb.
3003 4335 3128 4382 esset
3162 4325 3318 4402 etiam
3346 4325 3511 4402 ine/ﬁ.

1920 4397 2048 4457 cna}.
2072 4399 2259 4473 Melius
2287 4400 2338 4455 in
2370 4397 2488 4454 aliis
2511 4402 2646 4473 jam.
2684 4398 2912 4473 li_t_ir_sui_n
2953 4399 3256 4473 iegenijam
3281 4397 3513 4473 iitutileiit

1841 4496 1894 4559 Ι)
1920 4471 2405 4559 qtque‘ineﬂi‘i'acem
2435 4467 2688 4559 prt'edicat
2717 4469 2952 4559 Hilarius
2991 4467 3040 4523 c.
3073 4469 3126 4530 7.
3158 4483 3302 4521 num.
3427 4467 3516 4522 Vi-

1918 4541 2099 4600 derint
2126 4541 2293 4598 nus-tri
2323 4542 2578 4612 temporis
2607 4541 2861 4612 haeretici,
2893 4555 3072 4594 annon
3105 4553 3355 4612 iiiagnum
3410 4554 3511 4609 po-

287 4621 361 4693 (e)
405 4620 459 4675 In
483 4619 711 4693 vulgatis
742 4617 1224 4693 acﬂpiurihusniss.
1262 4615 1400 4672 sede.
1438 4615 1606 4687 Magis
1639 4615 1816 4688 placet
1919 4628 2011 4673 nat
2039 4613 2324 4671 discrimen
2348 4608 2488 4668 inter
2512 4612 2773 4682 baptisma
2805 4611 3006 4666 Christi
3035 4619 3088 4664 et
3111 4608 3360 4666 Joannis.

207 4688 493 4751 cummss.
523 4688 674 4746 Ciilb.
713 4701 765 4745 et
791 4688 1013 4744 Carnut.
1046 4689 1166 4759 ﬁde.

285 4787 352 4858 (ί)
397 4786 506 4840 lioc
536 4785 854 4858 vocabulum
885 4782 1085 4858 alia_ab
1113 4781 1336 4858 Hilario.
1360 4798 1518 4850 quam
1543 4797 1572 4836 a
1597 4783 1814 4838 cieteris

209 4852 490 4921 Pa'tr'ibus,
519 4857 728 4910 ratione
759 4855 1158 4924 pronuntiatum
1182 4852 1373 4917 fuisse,
1405 4868 1528 4908 cum
1559 4869 1665 4908 non
1693 4870 1814 4910 eon-

207 4939 318 4985 stet
351 4947 414 4983 ex
451 4943 580 4982 iiiss.
615 4929 665 4980 in
689 4942 915 4996 quorum
950 4925 1328 4996 vetustissimis
1365 4924 1546 4994 legere
1585 4937 1665 4980 est
1694 4927 1811 4978 diu-

207 5002 396 5064 bulus;
439 5001 490 5054 in
516 4993 834 5069 quibusdam
861 4996 1090 5061 zabulus,
1119 4993 1171 5050 in
1197 4995 1351 5069 __aliis_
1366 4993 1599 5049 diabolus
1626 5013 1655 5069 ;_
1710 4997 1812 5051 hoc

213 5065 719 5143 posteriore—inedi)
747 5077 1071 5143 constanter
1103 5065 1446 5143 scribendum
1477 5067 1808 5143 curavimus,

204 5137 329 5201 cum
354 5141 622 5196 interdum
650 5139 913 5207 diabolus,
946 5139 1140 5209 Saepius
1169 5137 1380 5193 zabulus
1434 5139 1487 5193 in
1516 5140 1662 5208 prius
1694 5137 1809 5194 Hii-

211 5216 351 5288 gatis
380 5213 690 5268 obtinuerit.

279 5305 358 5377 (α)
399 5303 473 5377 ita
497 5318 607 5377 ms.
632 5303 794 5377 Garri.
826 5299 1122 5377 cum_Colb.
1149 5299 1220 5355 At
1247 5301 1369 5377 vim,
1400 5316 1508 5377 non
1533 5303 1645 5374 jus,
1671 5318 1810 5371 prat-

204 5372 321 5433 fer't'
338 5372 453 5430 sola
481 5375 650 5428 editio
681 5374 803 5428 Par.
833 5373 886 5426 lii
917 5372 1038 5427 aliis
1080 5383 1258 5443 autem
1292 5373 1443 5428 libris
1471 5372 1624 5428 deest
1654 5383 1814 5428 testa-

206 5463 295 5502 tur
314 5452 409 5520 jits
437 5446 702 5520 prtesentis
725 5445 776 5498 in
801 5444 1004 5520 Christo
1031 5445 1313 5520 potestatis.
1347 5443 1468 5499 Mox
1492 5459 1560 5499 ex
1591 5445 1660 5500 iis
1693 5445 1816 5516 qui-

201 5513 332 5575 dan‘i
359 5513 458 5588 pro
477 5517 802 5588 signiﬁcans,
838 5513 1035 5569 habent
1063 5515 1346 5588 signiﬁcat.

293 5611 373 5682 (li)
415 5610 512 5665 Ms.
536 5608 1374 5682 Beccaconfractione-tquinque
1397 5609 1508 5682 alii,
1532 5610 1824 5682 conﬂagra-

228 5678 368 5742 tione
399 5700 417 5736 :
445 5681 601 5737 male.
622 5680 742 5734 Vult
764 5681 995 5734 Hilarius
1015 5678 1280 5751 infideles,
1300 5679 1424 5733 dum
1440 5679 1551 5751 jam
1573 5678 1832 5736 excidun-

1992 4714 2061 4785 (j)
2101 4711 2156 4766 In
2190 4710 2420 4785 vulgatis
2453 4709 2538 4764 hic
2566 4709 2816 4782 adjicitur
2843 4726 2902 4785 ac
2937 4709 3320 4785 solvendorum,
3369 4707 3513 4777 quod

1919 4780 2096 4854 neque
2126 4783 2323 4837 habent
2353 4797 2481 4854 mss.
2515 4780 2687 4849 neque
2714 4780 3400 4854 postula_t_.\l:_ittlimitextus
3423 4787 3516 4834 aut

1919 4850 2110 4910 Hilarii
2159 4853 2426 4922 expositio
2468 4871 2481 4908 :
2526 4854 2723 4921 quippe
2768 4853 2857 4920 qui
2904 4850 3103 4905 Chl'is‘li
3145 4850 3513 4922 calceamciita

1919 4927 2091 4992 ferre,
2135 4920 2518 4994 interpretatur
2547 4920 2789 4994 gloriam
2835 4922 3232 4994 praedicationis
3277 4920 3510 4994 circum-

1921 4939 2091 4992 Ierre,
2135 4939 2518 4994 interpretatur
2604 4939 2789 4978 ioriaiii
2835 4939 3232 4991 praedicationis
3277 4939 3510 4975 eircuiii-

1921 4997 2084 5052 ferre.
2119 4994 2228 5051 Nec
2256 4994 2546 5065 quidquam
2564 4939 2759 5060 iiabet,
2792 4993 2934 5062 quod
2976 4992 3043 5048 ad
3084 4991 3395 5048 earumdem
3427 5008 3517 5047 so-

1920 5069 2177 5124 lutiooeni
2211 5068 2494 5137 pertineat.

1998 5161 2072 5236 (li)
2094 5161 2251 5230 Quia,
2286 5158 2614 5236 illi‘doceilll‘
2636 5159 2692 5236 _in
2720 5157 2858 5236 psal.
2888 5171 3073 5221 cxvni,
3090 5174 3149 5236 _n.
3176 5158 3248 5236 5_:
3277 5156 3373 5236 Est
3399 5174 3515 5224 per-

1921 5229 2087 5307 fectis,
2110 5229 2404 5307 amandatio
2437 5230 2880 5307 puritatiretianr
2919 5243 3032 5300 post
3081 5229 3319 5299 baptismi
3352 5246 3514 5300 aquas

1917 5302 2211 5375 reposita...
2243 5317 2358 5373 quis
2373 5302 2565 5374 judicii
2585 5303 2694 5374 igni
2725 5318 2816 5357 nos
2847 5302 3116 5372 decoquat.

1993 5397 2054 5472 (l)
2096 5396 2211 5472 Non
2267 5400 2444 5472 exstat
2467 5393 2598 5472 illud
2635 5394 2690 5448 id
2715 5403 2788 5449 est
2819 5395 2871 5448 in
2905 5392 3325 5472 ﬂlSS.‘Silp§riII§
3369 5388 3512 5454 apud

1922 5463 2075 5533 Batti,
2104 5468 2192 5523 Er.
2219 5476 2273 5520 et
2299 5466 2444 5536 Lips.
2467 5466 2643 5536 legere
2663 5477 2741 5538 est
2770 5464 3164 5525 recondendum,
3193 5463 3308 5538 loco
3336 5474 3514 5538 recon-_-

1924 5528 2126 5604 dentis;
2150 5548 2203 5594 et
2228 5528 2802 5601 infra-concremanda,
2827 5550 2924 5606 pro
2945 5530 3310 5587 concremantia
3333 5545 3344 5579 :
3369 5528 3514 5596 quod

1929 5613 2090 5670 etiam
2125 5614 2176 5665 in
2203 5620 2536 5684 postremam
2550 5608 2850 5684 editionem
2883 5607 3002 5658 l’ar.
3036 5609 3389 5684 revoeatnm.‘

2007 5683 2102 5757 (ni)
2142 5675 2304 5749 Editi,
2333 5681 2386 5737 in
2417 5679 2687 5736 Galilteam
2717 5693 2736 5731 :
2764 5690 2884 5732 cum
2916 5686 3071 5728 sacro
3104 5678 3248 5724 textu
3278 5675 3516 5726 reniten-

231 5767 343 5824 tur,
369 5755 476 5827 igni
499 5767 606 5825 quo
626 5752 678 5809 in
698 5751 901 5824 judicio
920 5748 1326 5822 cciifiagrabunt
1341 5748 1651 5821 praeparari.
1676 5751 1831 5811 Haud
1928 5748 2234 5813 tibiis'mss.
