3974 6198
483 218 589 278 927

484 431 609 488 ideo
631 433 686 488 in
709 432 1328 508 famulatum(b)spiritus
1349 451 1546 505 corpus
1559 447 2084 508 assumptum,omne

486 525 540 580 in
583 542 642 582 se
681 537 1080 582 sacramentum
1125 538 1326 584 nostra:
1369 529 1558 584 salutis
1588 529 1842 600 explevit.
1895 529 1968 600 (ε)
2002 528 2082 584 Ad

484 615 747 704 Joannem
795 618 956 688 igitur
993 620 1143 675 venit
1189 636 1254 676 ex
1303 622 1526 677 muliere
1551 632 1728 687 natus,
1761 623 2085 678 constitutus

483 711 587 766 sub
609 711 748 781 lege,
778 720 833 765 et
871 728 965 782 per
999 713 1342 789 Verbum‘,(d)
1373 731 1501 770 caro
1540 715 1705 787 676
1745 715 1938 771 factus.
1968 716 2086 786 Ipse

483 803 698 873 quidem
725 805 920 860 lavacri
945 821 1108 877 egens
1132 823 1238 861 non
1264 818 1400 875 erat,
1431 807 1553 877 quia
1578 812 1646 864 de
1668 825 1734 864 eo
1754 808 1954 864 dictum
1977 817 2081 877 est,

486 896 768 952 Peccatum
792 915 892 952 non
924 901 1043 970 fecit
1075 899 1118 972 (l
1157 899 1272 954 Pet.
1309 917 1364 967 ιι,
1398 899 1470 954 22
1502 899 1560 972 );
1592 911 1645 956 et
1674 902 1761 955 ubi
1805 908 2084 972 peccatum

485 1006 592 1046 non
619 1001 723 1055 est,
756 993 1006 1046 remissio
1026 1009 1238 1064 quoque
1269 993 1342 1064 (ο)
1364 995 1480 1062 eius
1507 1002 1590 1049 est
1639 995 1834 1049 otiosa.
1866 994 1971 1050 Sed
1999 1009 2086 1048 as-

483 1092 757 1153 sumptum
785 1084 854 1138 ab
877 1099 944 1139 eo
971 1085 1266 1140 creationis
1294 1095 1496 1140 nostra:
1520 1085 1693 1140 fuerat
1724 1093 1780 1142 et
1813 1101 2011 1156 corpus
2031 1095 2087 1142 et

485 1188 907 1249 nomenzatque
937 1178 1010 1233 ita
1043 1194 1149 1234 non
1177 1179 1266 1233 ille
1312 1179 1692 1234 necessitatem
1751 1179 1938 1235 habuit
1985 1178 2084 1234 ab-

487 1270 691 1336 luendi,
721 1271 814 1328 sed
856 1288 950 1342 per
976 1272 1125 1326 illum
1163 1274 1212 1326 in
1233 1273 1383 1343 aquis
1411 1273 1702 1329 ablutiouis
1730 1279 1929 1327 nostra:
1969 1281 2088 1327 erat

485 1363 872 1418 sanctilicanda
900 1365 1166 1434 purgatio.
1204 1365 1443 1434 Denique
1488 1374 1542 1420 et
1595 1381 1623 1418 a
1662 1365 1869 1420 Joanne
1909 1365 2090 1435 bapti-

485 1455 594 1509 zari
626 1454 978 1525 prohibetur,
1025 1468 1083 1511 ut
1110 1458 1251 1512 Deus
1290 1457 1504 1529 (.ilattli.
1533 1472 1613 1522 ιιι,
1658 1455 1749 1528 14)
1777 1474 1790 1511 :
1815 1465 1872 1511 et
1909 1457 1978 1510 ita
2033 1458 2086 1510 in

486 1562 545 1602 se
574 1547 688 1603 ﬁeri
731 1559 1006 1619 oportere,
1055 1559 1114 1604 ut
1156 1550 1319 1605 homo
1365 1549 1558 1606 edocet
1604 1548 1767 1622 (Ibid.
1800 1548 1912 1622 15).
1955 1549 2088 1604 Erat

485 1641 629 1695 enim
671 1657 768 1712 per
812 1658 934 1697 eum
978 1644 1155 1698 omnis
1197 1644 1468 1714 implenda
1517 1644 1756 1714 justitia,
1791 1659 1886 1714 per
1923 1659 2084 1714 quem

1665 225 1911 282 S.\NCT|
1961 225 2222 282 lilLARll
2265 227 2567 287 EPISCOPI
3700 234 3786 290 928

485 337 650 410 liqua.
681 338 811 396 Erat
853 339 906 396 in
938 340 1155 397 Christo
1199 340 1326 396 .lcsu
1374 339 1537 396 homo
1585 340 1664 413 (a)
1697 350 1870 408 totus;
1922 351 2081 412 atque
2111 345 2159 402 Δ

2804 345 3030 406 CAPUT
3081 347 3167 406 111.

2187 431 2266 490 De
2300 444 2547 492 tentatore
2587 438 2810 504 diabolo,
2860 450 2906 494 et
2949 441 3014 495 de
3052 442 3248 512 jejunio
3282 442 3426 497 Iesu
3459 441 3787 512 quadraginta

2375 530 2573 598 diebus,
2602 533 2666 588 de
2702 532 2859 589 Petro
2909 544 2954 588 et
2995 534 3217 589 Andrum
3245 535 3637 607 piscatoribus.

2259 624 2310 678 1.
2345 623 2486 680 Tunc
2519 625 2671 681 Jesus
2699 626 2882 681 ductus
2901 638 2973 682 est
3000 629 3055 682 in
3099 629 3353 684 desertum
3396 629 3472 682 ab
3505 629 3729 699 Spiritu,
3751 640 3790 684 ut

2186 725 2521 773 tentaretura
2566 719 2809 791 diabolo(
2842 719 3031 776 Matth.
3078 737 3151 785 tv,
3183 721 3286 792 1),
3332 732 3396 778 et
3453 722 3696 792 reliqua.
3742 721 3793 778 Et

2187 809 2240 864 in
2269 810 2541 866 desertum
2572 814 2861 880 traductio,
2891 825 2946 868 et
2993 815 3343 885 quadraginta
3398 816 3634 870 dierum
3671 815 3795 885 jeju-

2188 904 2360 970 nium,
2390 915 2441 958 et
2464 914 2585 975 post
2607 905 2869 976 jejunium
2921 906 3112 973 fames,
3145 916 3200 963 et
3251 916 3472 963 satana:
3540 909 3792 975 tentatio,

2186 1005 2241 1051 et
2289 999 2570 1066 responsio
2631 999 2881 1064 Domini,
2942 1002 3117 1070 magni
3167 1002 3545 1073 cmlestisque
3599 1002 3793 1056 consilii

2188 1087 2468 1144 effectibus
2495 1090 2645 1160 plena
2670 1091 2830 1164 677
2858 1101 3002 1147 sunt.
3052 1092 3182 1147 Nam
3233 1093 3376 1164 quod
3430 1093 3494 1148 in
3529 1093 3794 1149 desertum

2187 1180 2377 1236 ductus
2407 1191 2510 1248 est,
2559 1184 2887 1252 significatur
2935 1187 3153 1241 libertas
3186 1185 3261 1259 (g)
3306 1187 3569 1255 Spiritus
3618 1189 3793 1253 sancti,

2190 1274 2460 1330 hominem
2481 1293 2634 1332 suum
2654 1277 2764 1348 jatn
2793 1279 3009 1334 diabolo
3025 1280 3329 1347 offerentis,
3349 1291 3406 1335 et
3433 1281 3796 1351 permittentis

2192 1369 2429 1424 tentandi
2456 1378 2509 1424 ct
2533 1371 2842 1426 assumendi
2895 1373 3256 1438 occasionem,
3305 1388 3483 1444 quam
3547 1389 3663 1427 non
3711 1374 3796 1428 nisi

2191 1461 2367 1514 datam
2400 1472 2635 1516 tentator
2665 1462 2961 1517 habuisset.
2997 1463 3126 1518 Erat
3166 1463 3330 1534 igitur
3360 1465 3416 1518 in
3479 1464 3708 1519 diabolo
3741 1462 3798 1519 de

2191 1560 2335 1608 metu
2383 1554 2640 1623 suspicio,
2674 1569 2778 1608 non
2811 1554 2877 1610 de
2907 1555 3214 1625 suspicione
3260 1558 3521 1627 cognitio
3555 1575 3568 1610 :
3627 1572 3798 1611 move-

2190 1645 2347 1700 batur
2418 1644 2562 1699 enitn
2617 1645 2963 1716 quadraginta
3016 1646 3225 1701 dierum
3284 1647 3539 1717 jejunio.
3603 1646 3806 1702 Sciebat

488 1733 662 1787 solum
706 1734 790 1788 lex
841 1744 1054 1805 poterat
1096 1737 1327 1806 impleri.
1373 1740 1546 1807 Atque
1587 1738 1658 1790 ita
1709 1745 1765 1792 et
1805 1737 2089 1808 prephettn
2121 1736 2168 1796 B
2195 1736 2416 1792 totidem
2448 1736 2638 1792 diebus
2665 1753 2828 1808 aquas
2851 1737 2934 1810 (It)
2958 1738 3133 1810 abyssi
3153 1737 3352 1794 ell‘usas
3375 1737 3551 1808 (Gen.
3583 1755 3680 1804 vu,
3706 1740 3804 1808 17),

491 1825 799 1880 testimonio
823 1827 1036 1882 lavacro
1068 1843 1173 1883 non
1205 1837 1345 1899 eget,
1379 1838 1435 1884 et
1465 1829 1701 1898 exempli
1730 1831 1812 1884 sui
1847 1830 2090 1884 auctori-

493 1926 602 1974 late
633 1920 882 1974 humanm
903 1921 1092 1976 salutis
1131 1933 1468 1977 sacramenta
1502 1931 1873 1989 consummat,
1919 1921 2094 1978 homi-

496 2025 617 2066 nem
645 2021 700 2067 et
728 2014 1097 2084 assumptione
1123 2015 1468 2070 sanetilicans
1489 2027 1540 2071 et
1567 2016 1800 2072 lavacro.

569 2104 624 2157 ϐ.
679 2103 934 2176 Baptismi
996 2108 1158 2162 nostri
1207 2107 1416 2175 e/fectus
1474 2110 1527 2162 in
1577 2109 1772 2164 Christi
1847 2109 2094 2182 baptismo

497 2196 806 2255 adumbrati.
832 2196 1064 2253 —0rdo
1093 2200 1252 2254 etiam
1293 2201 1345 2254 in
1378 2216 1444 2257 eo
1491 2203 1672 2257 arcani
1715 2201 1954 2257 cmlestis
2002 2218 2097 2256 ex-

501 2289 771 2358 primitur.
802 2290 934 2345 Nam
967 2292 1236 2362 baptizata
1262 2307 1349 2359 eo,
1393 2295 1647 2350 reseratis
1673 2296 1934 2351 etelorum
1973 2295 2095 2349 adi-

500 2383 664 2449 tibus,
697 2385 930 2454 Spit-itus
961 2395 1179 2442 sanctus
1205 2389 1488 2454 emittitur,
1519 2398 1573 2445 et
1610 2389 1790 2460 specie
1833 2390 2096 2446 columbae

499 2475 725 2532 visibilis
754 2481 1083 2548 agnoscitur,
1117 2491 1172 2535 et
1199 2481 1354 2536 istius
1396 2466 1539 2538 medi
1595 2491 1834 2554 paterna:
1888 2464 2098 2554 pietatis

500 2570 754 2625 unctione
801 2571 1158 2641 perfunditur.
1194 2572 1308 2628 Vox
1356 2574 1552 2631 deinde
1597 2575 1664 2632 de
1711 2577 1863 2631 cwlis
1910 2577 1978 2630 ita
2018 2576 2097 2630 lo-

500 2663 684 2730 quitur
723 2680 734 2715 :
781 2662 848 2733 (f)
896 2662 1068 2719 Filius
1124 2683 1262 2720 meus
1305 2684 1356 2720 es
1403 2679 1495 2734 tu,
1542 2685 1638 2741 ego
1683 2669 1835 2722 hodie
1875 2669 2026 2740 genui
2053 2677 2100 2724 te

503 2751 686 2824 (ibid.
742 2754 872 2825 17).
907 2755 1076 2811 Filius
1119 2757 1208 2811 Dei
1250 2758 1431 2813 auditu
1474 2769 1872 2830 conspectuque
1913 2776 2098 2815 mons-

507 2851 704 2909 tratur,
730 2845 978 2916 plebique
1007 2847 1186 2902 inﬁda:
1215 2858 1269 2904 et
1309 2851 1588 2920 prophetis
1631 2852 1960 2907 iuobedienti
1994 2861 2100 2906 tes-

507 2942 790 2997 timonium
821 2943 889 2998 de
913 2943 1138 2999 Domino
1164 2961 1262 3000 suo
1293 2948 1521 3002 mittitur
1543 2956 1597 3003 et
1625 2947 2101 3018 contemplationis

505 3044 561 3090 et
607 3035 793 3090 vocis:
823 3051 886 3091 ac
915 3037 1071 3091 simul
1099 3047 1159 3093 ut
1203 3053 1268 3094 ex
1314 3039 1393 3093 eis
1431 3055 1550 3109 qutc
1589 3039 2102 3094 consummabantur

2193 1829 2527 1898 exploratam
2569 1829 3003 1897 repromissionis
3059 1837 3281 1893 terram,
3326 1830 3513 1902 Moysi
3565 1831 3741 1901 legem
3779 1843 3804 1882 a

2194 1918 2303 1974 Deo
2334 1919 2610 1989 scriptam,
2651 1935 2915 1975 annorum
2972 1936 3220 1992 quoque,
3271 1922 3483 1992 quibus
3555 1922 3713 1992 plebs
3761 1923 3803 1975 iu

2195 2027 2378 2068 eremo
2410 2013 2513 2066 vita
2557 2012 2871 2084 angelorum
2905 2012 3195 2084 habituque
3235 2014 3468 2081 mansit,
3523 2013 3677 2068 hunc
3719 2029 3803 2067 nu-

2197 2122 2406 2162 merum
2435 2106 2600 2162 fuisse
2625 2107 2922 2176 expletum.
2955 2106 3121 2178 igitur
3151 2107 3309 2161 istius
3340 2094 3804 2177 temporis'metu,

2198 2197 2250 2251 itt
2281 2197 2539 2253 tentando
2565 2211 2652 2262 eo,
2698 2212 2858 2263 quem
2902 2198 3174 2252 hominem
3207 2197 3613 2261 contuebatur,
3646 2211 3808 2265 sump-

2197 2293 2263 2347 sit
2289 2293 2672 2347 temeritatem.
2697 2291 2868 2346 Adam
2899 2293 3040 2346 enim
3068 2292 3384 2360 pellexerat,
3405 2301 3469 2346 et
3495 2293 3554 2346 in
3588 2300 3802 2346 mortem

2197 2383 2432 2440 fallendo
2461 2384 2794 2438 traduxerat.
2846 2383 2954 2439 Sed
2987 2384 3056 2438 ita
3085 2383 3307 2454 dignum
3337 2385 3599 2455 nequitia
3622 2383 3736 2453 ejus
3759 2392 3802 2436 et

2199 2476 2406 2532 scelere
2449 2484 2586 2539 erat,
2622 2484 2679 2529 ιιι
2711 2477 2762 2529 iit
2794 2491 2880 2539 eo,
2910 2477 3066 2544 cujus
3103 2484 3279 2531 morte
3305 2487 3358 2532 et
3402 2475 3799 2532 calamitatibus

2199 2569 2527 2640 gloriabatur
2569 2567 2785 2623 homine
2809 2570 3154 2633 vinceretur;
3185 2577 3240 2622 et
3267 2569 3356 2638 qui
3406 2567 3517 2624 Dei
3556 2565 3800 2624 beneﬁcia

2202 2661 2406 2715 homini
2453 2659 2754 2726 invidisset,
2803 2671 2926 2715 ante
2966 2661 3319 2714 tentationetn
3365 2660 3551 2716 Deum
3613 2659 3668 2714 in
3718 2657 3799 2712 ho-

2199 2755 2347 2809 mine
2382 2755 2679 2824 intelligere
2731 2767 2836 2807 non
2891 2761 3091 2820 posset.
3132 2750 3398 2808 Tentatur
3429 2753 3611 2824 igitur
3637 2752 3797 2807 statim

2205 2855 2326 2916 post
2369 2844 3000 2914 baptismumDominus,
3062 2843 3361 2898 tentatiune
3405 2859 3514 2898 sua
3576 2842 3799 2898 indicans

2205 2941 2258 2996 in
2317 2939 2665 2995 sanctificatis
2728 2938 2885 2992 nobis
2928 2939 3161 2993 maxime
3220 2937 3419 2992 diaboli
3466 2942 3796 2993 Ientamenta

2205 3033 2435 3104 grassari
2485 3050 2498 3084 :
2553 3034 2676 3102 quia
2723 3031 2947 3086 victoria
3001 3030 3052 3086 ci
3098 3038 3182 3085 est
3224 3029 3396 3100 magis
3436 3035 3700 3100 exoptata
3741 3026 3796 3082 de

503 3126 556 3181 in
601 3127 817 3182 Christo
862 3144 1330 3199 cognosceremus,
1367 3140 1488 3200 post
1525 3147 1679 3202 aquae
1719 3131 2014 3196 lavacrum,
2046 3143 2099 3187 et
2127 3115 2172 3177 (ἶ
2205 3130 2428 3183 sanctis.

509 3221 575 3276 de
610 3221 922 3276 caelestibus
955 3223 1120 3292 portis
1150 3232 1394 3278 sanctum
1430 3223 1482 3278 in
1516 3240 1612 3279 nos
1639 3223 1896 3294 Spiritum
1944 3223 2098 3278 invo-

509 3313 643 3376 lare.
697 3322 751 3369 et
789 3315 1024 3370 etelestis
1066 3331 1162 3371 nos
1217 3317 1401 3388 gloriae
1453 3319 1702 3372 unctione
1749 3315 2101 3389 perfundi,ct

504 3416 743 3478 paterna:
763 3408 910 3464 vocis
937 3409 1224 3479 adoptione
1269 3411 1362 3466 Dei
1393 3409 1534 3466 lilios
1562 3410 1712 3476 ﬁeri;
1745 3426 1866 3466 eum
1898 3411 1970 3464 ita
1989 3411 2100 3465 dis-

509 3501 665 3568 positi
714 3501 766 3555 in
817 3518 915 3556 nos
961 3504 1284 3558 sacramenti
1327 3504 1614 3576 imaginem
1643 3505 1773 3576 ipsis
1803 3520 1981 3560 rerum
2023 3504 2100 3560 ci-

502 3590 731 3647 fcctibus
772 3594 969 3649 veritas
1021 3595 1467 3666 prmiiguraverit'.

577 3861 650 3929 (a)
690 3859 745 3913 ld
774 3872 876 3927 est,
911 3863 1073 3916 omnis
1095 3862 1263 3915 homo.
1295 3862 1442 3916 llunc
1469 3862 1645 3916 locum
1677 3862 1949 3917 illustrant
1979 3862 2094 3917 lure

506 3941 664 3986 tract.
698 3933 830 3998 psal.
869 3948 980 3994 xui,
1011 3933 1164 4004 tui:
1201 3933 1334 3998 Quia
1363 3950 1461 3985 non
1507 3934 1606 3985 nisi
1646 3948 1710 3985 ea:
1751 3934 2096 4004 assumptione

502 4004 674 4056 carnis
693 4010 880 4055 nostra:
895 4004 948 4056 lii
973 4003 1136 4056 morbi
1165 4013 1325 4074 essent
1355 4005 1514 4056 nostri
1543 4005 1775 4072 corporis
1801 4003 2091 4074 auferendi.

502 4090 573 4147 ex,
594 4075 940 4147 assumptione
979 4075 1149 4128 carnis
1179 4073 1463 4145 salutifer-ie
1495 4076 1664 4147 omnis
1695 4073 1881 4147 (caro)
1900 4075 1951 4128 in
1985 4073 2094 4147 ρο-

505 4146 644 4198 mino
671 4144 762 4207 est,
795 4153 900 4200 etc.
937 4162 1142 4199 necnon
1185 4147 1272 4199 illa
1319 4144 1356 4200 ις
1388 4161 1446 4211 ιι,
1475 4145 1541 4198 de
1567 4144 1716 4200 Trin.
1751 4163 1802 4200 n.
1829 4146 1902 4199 ‘25
1931 4163 1943 4198 :
1978 4144 2096 4198 Non

504 4217 592 4290 ille
622 4217 757 4287 eguit
789 4221 940 4290 (tonio
967 4218 1162 4288 eﬁici...
1195 4219 1283 4290 sed
1313 4234 1404 4290 nos
1445 4218 1675 4290 eguimus
1710 4227 1763 4270 ut
1792 4215 1949 4290 Deus
1973 4233 2094 4290 caro

507 4286 672 4360 ﬁeret,
706 4297 751 4341 et
783 4286 1028 4342 habitaret
1059 4290 1110 4342 in
1142 4289 1304 4353 nobis,
1337 4287 1392 4360 id
1428 4286 1522 4350 est,
1555 4289 1900 4360 assumptione
1924 4289 2094 4360 carnis

505 4359 660 4410 unius
687 4361 885 4411 interna
907 4361 1156 4414 universa:
1184 4360 1350 4413 carnis
1375 4359 1618 4414 incoleret
1648 4374 1665 4412 :
1694 4358 1760 4412 ad
1805 4361 1906 4412 hoc
1945 4358 2094 4411 scili-

508 4440 615 4493 cet,
649 4439 704 4481 ut
751 4431 1122 4499 sanctiﬁcatum
1172 4432 1223 4484 in
1266 4448 1323 4483 eo
1370 4431 1590 4502 uniuersi
1647 4429 1842 4502 generis
1883 4429 2096 4502 humani

507 4516 694 4569 corpus
739 4501 994 4568 existeret,
1027 4509 1084 4554 ut
1126 4502 1319 4555 ibidem
1357 4499 1680 4570 explicatur,
1713 4518 1764 4555 ιι.
1798 4499 1890 4553 21.
1940 4500 2092 4564 lline,

2271 3219 2326 3272 2.
2359 3215 2548 3271 Fames
2578 3215 2771 3271 Christi
2814 3212 3211 3283 qualia—Nm
3266 3213 3450 3268 cibum
3500 3213 3671 3269 etiam
3715 3209 3794 3264 bo-

2201 3312 2404 3366 minum
2435 3310 2643 3376 esuriit,
2667 3307 2761 3364 sed
2789 3309 3018 3363 salutem
3060 3324 3072 3360 :
3123 3321 3245 3360 nam
3293 3313 3416 3375 post
3445 3304 3792 3374 quadraginta

2200 3404 2339 3470 dies,
2373 3419 2476 3459 non
2502 3405 2553 3458 in
2582 3403 2937 3474 quadraginta
2965 3401 3154 3455 diebus
3175 3399 3360 3455 esuriit
3386 3398 3614 3469 (Matth.
3639 3393 3788 3464 tv,2),

2207 3499 2389 3570 Moyse
2413 3507 2468 3553 et
2499 3497 2611 3552 Elia
2644 3498 2694 3551 in
2717 3496 2908 3551 eodem
2934 3494 3124 3566 jejunii
3154 3503 3398 3564 tempore
3429 3508 3542 3548 non
3567 3490 3790 3547 esurien-

2210 3591 2371 3646 tibus.
2409 3590 2574 3660 lgitttr
2597 3605 2719 3644 cum
2749 3589 2942 3644 esuriit
2993 3587 3273 3651 Dominus,
3310 3601 3419 3640 non
3451 3585 3650 3641 inedia:
3679 3580 3792 3636 sub-

2209 3683 2378 3753 repsit
2425 3682 2668 3753 operatio
2726 3697 2739 3734 :
2800 3681 2864 3752 (i)
2915 3677 3011 3734 sed
3056 3677 3226 3732 virtus
3277 3676 3391 3743 illa,
3452 3674 3786 3746 quadraginta

2203 3862 2338 3915 tione
2367 3861 2675 3928 famulante,
2703 3869 2752 3912 et
2776 3875 2891 3922 sua,
2921 3857 3017 3913 Dei
3053 3857 3306 3922 videlicet,
3353 3854 3686 3911 inumbrant:
3710 3853 3788 3908 uir-

2205 3943 2327 3998 tute,
2360 3932 2592 4000 corporis
2620 3933 2716 3983 sibi
2746 3932 2894 3984 initia
2924 3931 3168 3983 conseuit.

2279 3995 2350 4072 (ἐ)
2387 3995 2674 4056 ΙιιὶΙιιοὺιιε
2701 4017 2829 4055 mss.
2859 4003 2924 4054 ei.
2958 4003 3076 4054 Mox
3106 3999 3232 4070 quid
3258 3997 3361 4055 sibi
3391 4000 3508 4054 vult
3536 3995 3786 4072 creationis

2206 4069 2412 4133 nostrte,
2441 4073 2540 4125 nisi
2569 4075 2746 4126 carnis
2780 4073 2831 4126 in
2866 4072 3032 4125 Adam
3067 4069 3296 4140 ptimum
3329 4080 3532 4125 creata:
3563 4083 3620 4126 et
3647 4069 3708 4123 ab
3731 4080 3784 4140 eo

2205 4144 2270 4196 ad
2306 4161 2402 4197 nos
2429 4158 2595 4211 usque
2640 4153 2944 4212 propagata:
2971 4142 2994 4194 ’ἒ
3019 4138 3273 4196 Pluribus
3317 4142 3633 4212 hujusmodi
3677 4138 3785 4192 locis

2207 4210 2550 4275 refelluntur,
2582 4210 2670 4282 qui
2701 4210 2957 4268 llilarinm
3012 4214 3249 4268 sensisse
3302 4214 3496 4267 volunt
3531 4210 3782 4268 Christum

2203 4301 2271 4341 ex
2312 4287 2472 4340 Maria
2514 4285 2644 4339 nihil
2673 4286 2965 4354 accepisse.

2279 4357 2346 4429 (ι’)
2378 4357 2452 4411 lta
2487 4357 2627 4410 hunc
2655 4353 2829 4410 locum
2860 4353 3583 4429 etiamaiustinomartyre
3610 4355 3782 4429 lectum

2204 4422 2366 4483 fuisse
2391 4429 2732 4481 observatum
2764 4435 2846 4481 est
2869 4427 2974 4481 col.
3004 4425 3111 4479 278
3131 4466 3146 4491 ,
3181 4433 3292 4479 not.
3321 4427 3359 4491 i,
3387 4422 3548 4495 quam
3578 4422 3776 4478 videsis.

2278 4499 2352 4570 (g)
2391 4499 2442 4552 Id
2472 4508 2576 4570 est,
2604 4499 2799 4552 divinae
2851 4497 3008 4570 Verbi
3073 4499 3530 4570 n_:tl_ltl‘:l3.Lcu_jus
3589 4499 3782 4551 libertas

513 4564 668 4633 infra,
696 4587 744 4624 c.
793 4585 846 4636 ιι,
882 4589 934 4625 ιι.
970 4564 1058 4638 12,
1090 4573 1286 4627 Christi
1334 4564 1462 4626 caro
1504 4564 1693 4626 civitas
1739 4581 2101 4640 nuncupatur,
2131 4576 2185 4636 1)
2210 4564 2344 4625 ideo
2369 4568 2762 4634 consideratur,
2793 4585 2858 4624 ne
2885 4569 3004 4638 quis
3024 4564 3595 4640 existimetChi-istum
3625 4577 3783 4640 neces;

511 4646 634 4710 quia
661 4643 714 4694 in
735 4659 814 4709 eo,
842 4659 929 4708 per
950 4654 1188 4698 naturam
1210 4643 1432 4712 suscepti
1453 4644 1703 4711 corporis,
1725 4641 1960 4712 quaedam
1988 4643 2100 4694 uni-

515 4713 642 4786 tersi
668 4715 867 4786 generis
897 4715 1108 4769 humani
1135 4711 1459 4786 congregatio
1502 4715 1815 4786 continetur.
1864 4711 1978 4767 Hoc
2002 4729 2101 4786 po-

514 4785 619 4836 sito
650 4784 954 4856 principio,
1006 4784 1248 4856 sequitur
1292 4784 1438 4840 recte
1482 4785 1549 4838 de
1593 4784 1813 4856 Christo
1857 4785 2103 4853 quaedam

517 4855 818 4924 praedicari,
849 4873 968 4926 qum
996 4855 1100 4912 non
1133 4856 1458 4912 conveniant
1483 4857 1582 4910 nisi
1613 4855 1791 4910 nobis.

587 4947 660 5016 (b)
703 4945 767 5018 ltli
785 4954 888 5010 est,
915 4947 1077 5003 Verbi
1103 4967 1120 5001 :
1146 4948 1298 5018 cujus
1320 4948 1371 5001 in
1397 4946 1707 5001 famulatum
1731 4963 1928 5016 corpus
1953 4964 2105 5003 assu—

517 5017 867 5090 mitnr,‘dum
915 5035 1008 5090 per
1034 5017 1468 5088 conjunctionem
1501 5033 1652 5072 suam
1682 5020 1755 5073 ita
1796 5021 1842 5073 ci
1893 5021 2100 5082 subest,

522 5101 581 5141 ut
611 5087 865 5160 quidquid
899 5087 1037 5160 agit,
1087 5087 1245 5144 Verbi
1293 5106 1535 5158 personae
1583 5091 1925 5144 attribuatur.
1961 5092 2108 5144 Haud

523 5159 746 5212 multum
781 5159 945 5229 igitur
965 5161 1144 5215 dill'ert
1171 5177 1367 5229 corpus
1388 5162 1441 5214 in
1471 5161 1776 5228 famulatum
1796 5162 2004 5227 spiritus
2027 5176 2114 5214 as-

523 5231 770 5303 sumi._et
817 5233 867 5285 ιιι
905 5232 1080 5286 Verbo
1108 5232 1436 5297 subsistere,
1467 5247 1564 5287 seu
1611 5233 1666 5288 in
1700 5234 1955 5286 unitatem
1996 5249 2113 5303 pcr-

521 5316 672 5356 sonz'e
701 5301 858 5357 Verbi
887 5305 1108 5358 assumi.

529 5425 534 5432 .
604 5373 676 5444 (ε)
714 5373 772 5429 1η
805 5375 1044 5444 pluribus
1067 5391 1198 5431 mss.
1231 5375 1299 5428 ad
1318 5373 1622 5430 Iordanem.

603 5444 682 5518 (ιι)
725 5447 840 5501 Non
871 5462 966 5518 per
987 5448 1182 5518 virum.
1212 5446 1330 5501 Jam
1353 5448 1494 5500 enim
1522 5447 1863 5502 observatum
1891 5454 1974 5500 est
2006 5445 2122 5502 haec

531 5517 723 5598 Angeli
747 5518 810 5572 ad
835 5517 1077 5598 Mariam,
1108 5517 1925 5598 Spiritusnsancms-superveniet
1969 5518 2022 5598 in
2051 5527 2120 5598 te,

540 5587 609 5642 de
640 5589 868 5655 ipsotuet
911 5589 1085 5644 Verbo
1114 5587 1254 5642 dicta
1299 5587 1556 5640 llilarium
1586 5589 1934 5643 intellexisse.
1969 5588 2124 5644 Unde

539 5658 630 5729 lib.
666 5673 722 5715 ιι,
756 5661 822 5712 de
849 5660 1025 5727 Trin.,
1054 5676 1110 5729 n._
1137 5658 1244 5712 95:
1277 5655 1454 5729 Filius
1475 5656 1589 5724 Dei,
1638 5660 1846 5729 inquit,
1888 5671 2034 5714 natus
2061 5676 2126 5714 ea:

536 5714 748 5795 Virgine
795 5741 866 5782 est
894 5722 940 5782 et
969 5714 1170 5798 Spiritu
1199 5740 1400 5794 sancto,
1441 5727 1551 5800 ipso
1576 5714 1678 5782 sibi
1711 5714 1776 5781 ἰη
1819 5714 1912 5784 bac
1938 5745 2123 5800 opera-

2213 4642 2371 4715 sitale
2401 4649 2456 4696 et
2484 4656 2594 4715 non!
2621 4631 2821 4715 sponte
2844 4631 3004 4693 fuisse
3037 4645 3298 4715 tentatum
3321 4654 3341 4715 _;
3371 4647 3537 4715 atque
3568 4638 3639 4715 ita
3670 4631 3782 4713 nihil

2213 4711 2414 4766 habere
2465 4709 2624 4780 supra
2682 4712 2975 4777 hominem,
3017 4709 3102 4763 cui
3147 4713 3370 4762 tentatio
3425 4709 3784 4780 obvenit._etsi

2211 4799 2317 4838 non
2349 4777 2549 4845 vincit;
2569 4783 2685 4836 sine
2716 4783 2880 4852 ipsius
2929 4783 3222 4834 voluntate.
3271 4780 3391 4834 Mox
3421 4786 3474 4834 in
3509 4795 3610 4835 ms.
3638 4777 3778 4834 Micb.

2208 4869 2360 4924 quam
2391 4854 2487 4906 nisi
2513 4854 2708 4918 datam,
2734 4855 2934 4907 omisso
2965 4869 3085 4924 non.

2279 4925 2358 4995 (It)
2390 4924 2576 4978 Plures
2624 4941 2753 4978 mss.
2799 4923 2994 4994 abyssis
3021 4920 3231 4986 e/fusas.

2285 5019 2348 5089 (i)
2398 5019 2451 5072 lit
2484 5032 2590 5072 uno
2637 5031 2738 5071 nis.
2789 5016 2941 5089 Golb.
2998 5017 3087 5089 sed
3144 5015 3278 5089 uelut
3327 5015 3420 5070 illo
3462 5014 3782 5089 quadraginta

2215 5081 2411 5144 dierum
2443 5106 2546 5142 non
2588 5098 2750 5160 motus
2772 5088 2998 5160 jejunio.
3051 5088 3106 5142 1ιι
3143 5087 3301 5160 Boni.
3336 5089 3427 5141 sed
3476 5081 3614 5160 uelut
3638 5081 3782 5160 illud,

2217 5172 2324 5216 etc.
2367 5173 2423 5215 ιιι
2473 5162 2523 5213 in
2553 5160 2706 5214 Colb.
2740 5151 2793 5212 In
2823 5151 3059 5227 quinque
3111 5159 3253 5222 aliis,
3285 5169 3343 5212 ut
3369 5158 3512 5225 apud
3544 5158 3675 5212 Bad.
3712 5151 3783 5208 sed

2219 5234 2388 5286 uultus
2427 5231 2518 5285 illa
2546 5230 2885 5301 quadraginta
2933 5231 3131 5283 dierum
3183 5245 3285 5301 non
3331 5238 3484 5282 mota:
3529 5229 3657 5300 (vel
3707 5240 3784 5280 non

2222 5304 2406 5371 mota)
2447 5299 2667 5372 jejunio.
2715 5299 2948 5372 Oftnnino
2977 5299 3255 5372 retinenda
3292 5309 3382 5372 est
3428 5301 3623 5372 lectio,
3655 5312 3784 5372 quain

2225 5366 2560 5443 praeferimus
2585 5387 2705 5443 cum
2732 5371 2853 5436 Er.,
2880 5371 3026 5443 Lips.
3055 5381 3110 5426 et
3137 5369 3259 5443 Par.
3289 5371 3483 5443 Paucis
3513 5366 3694 5426 verbis
3720 5366 3786 5421 hic

2224 5440 2461 5502 insinuat
2517 5442 2747 5497 Hilarius
2821 5440 3105 5512 quamdam
3156 5442 3207 5494 in
3276 5440 3497 5495 Christo
3568 5450 3783 5512 naturain

2222 5517 2410 5581 fuisse,
2460 5529 2579 5584 qua:
2621 5529 2688 5567 ex
2719 5528 2777 5568 se
2817 5511 3097 5568 esuritioni
3133 5512 3363 5567 obnoxia
3419 5512 3647 5567 minime
3695 5511 3784 5566 fue-

2225 5589 2315 5652 rit,
2343 5600 2569 5658 qquue
2596 5594 2852 5658 praestare
2880 5585 3128 5658 potuerit
3176 5591 3234 5635 ut
3276 5597 3377 5658 nec
3422 5584 3659 5658 humana
3688 5597 3785 5658 esu-

2224 5655 2470 5725 riret,ac
2498 5655 2724 5726 proinde
2748 5657 2981 5712 esuriem
3031 5655 3083 5717 ei
3131 5668 3251 5726 non
3277 5655 3592 5726 Obrepsisse
3623 5655 3780 5726 invito.

2193 5728 2319 5797 “sed
2365 5720 2514 5783 'cum'
2547 5720 2735 5780 .‘voluit
2796 5730 3003 5779 natium
3075 5737 3187 5779 sum
3241 5720 3514 5780 hominem
3567 5720 3778 5781 derelin-

3919 2255 3921 2297 i

3919 2333 3921 2376 i
