3974 6198
132 317 258 378 929
1061 334 1597 402 COMMENTARIUS
1637 346 1701 402 lN
1739 347 2164 411 MATTHJEUM.
2209 357 2360 415 CAP.
2403 361 2494 419 ΙΙΙ.

119 436 356 494 dierum
389 453 493 495 non
524 453 668 498 mota
692 446 923 517 jejunio,
958 460 1166 508 naturae
1191 470 1303 511 sua:
1335 457 1608 516 hominem
1639 462 1738 518 de-
1766 468 1816 527 Α
1845 467 1936 522 bat
1980 471 2196 539 quidem
2226 485 2280 529 et
2333 479 2575 536 minister

118 530 380 601 reliquit.
413 532 531 588 Non
563 537 706 592 enim
757 549 872 595 erat
901 556 931 595 a
964 541 1074 598 Deo
1100 544 1368 613 diabolus,
1395 552 1489 605 sed
1520 567 1547 604 a
1581 569 1744 612 carne

123 621 438 681 vincendos
471 644 484 679 :
513 644 671 698 quam
699 631 884 703 utique
935 643 1144 692 tentare
1193 653 1358 696 ausus
1390 657 1496 697 non
1526 644 1740 714 fuisset,

119 715 238 771 nisi
284 717 338 772 in
366 733 428 774 ea
459 735 556 790 per
582 724 894 780 esuritionis
922 726 1291 787 infirmitatem
1325 749 1444 805 quae
1491 747 1616 792 sunt
1643 739 1742 794 ho-

117 807 300 863 minis
345 813 771 881 recognovisset.
821 818 991 884 Quam
1049 821 1234 892 utique
1271 825 1322 880 in
1366 841 1433 882 eo
1496 832 1739 888 sentiens

117 897 200 953 ita
227 914 390 957 orsus
418 911 538 959 est:
573 905 635 961 Si
659 906 802 976 ﬁlius
849 909 944 964 Dei
973 928 1025 965 es
1056 911 1272 985 (Matth.
1306 933 1380 972 tv.
1413 918 1491 991 5).
1522 921 1737 995 Anceps

3342 384 3448 444 930

2580 480 2628 536 ia
2669 486 2985 556 angelorum
3033 504 3277 566 prompta
3319 515 3444 557 esse

1849 559 1945 615 Dei
1973 560 2105 629 filio,
2135 580 2313 636 neque
2345 570 2396 624 in
2445 572 2676 641 lapidem
2727 593 2888 647 posse
2940 581 3256 644 offensionis
3309 592 3445 648 inci-

1844 651 2017 728 dere(
2042 656 2190 713 Psal.
2238 677 2325 728 xc,
2361 664 2428 718 12
2463 676 2512 720 et
2543 670 2610 725 15
2637 668 2695 741 );
2747 675 2946 746 quippe
2989 695 3154 750 super
3202 684 3444 754 aspidem

1842 758 1900 802 et
1944 749 2252 809 basiliscum
2282 759 2723 832 ambulaturum,‘
2754 776 2808 822 et
2852 771 3181 830 calcaturum
3233 778 3443 834 leonem

1842 849 1896 894 et
1945 841 2260 902 draconem.
2294 849 2368 906 De
2397 851 2480 906 his
2507 856 2650 910 enim
2694 873 2816 927 quae
2844 861 2894 916 in
2924 879 2984 920 se
3021 865 3162 922 dicta
3193 879 3319 924 sunt
3361 866 3443 927 tal

1839 934 1953 988 cuit
1983 951 1998 1001 ;
2053 939 2148 993 sed
2172 942 2453 1011 superiora
2482 951 2857 1020 memorando,
2901 956 3015 1011 vult
3041 975 3256 1030 quoquo
3281 964 3442 1021 modo

114 1003 316 1046 sermo
342 1003 443 1059 est,
473 996 520 1050 si
564 996 706 1066 ﬁlius
731 999 828 1054 Dei
849 1017 923 1054 es.
954 1002 1106 1060 Licet
1146 1008 1475 1065 esurientem
1505 1013 1729 1083 videret,

114 1083 486 1156 quadraginta
519 1098 696 1145 tamen
741 1092 949 1149 dierum
980 1095 1032 1150 in
1065 1113 1132 1152 eo
1146 1098 1413 1169 jejunium
1445 1107 1734 1174 pertimes-

109 1176 306 1232 cebat.
335 1179 455 1248 Qua
486 1196 668 1238 rerum
701 1187 911 1243 ratione
959 1189 1181 1258 indicat,
1230 1205 1351 1264 post
1381 1198 1731 1272 quadraginta

111 1271 342 1328 dierum
373 1279 1092 1354 conversationem,qnibus
1151 1298 1270 1356 post
1321 1294 1624 1359 passionem
1675 1297 1728 1353 in

110 1364 333 1419 saeculo
363 1377 480 1422 erat
506 1383 962 1444 commoraturus,
991 1377 1340 1437 esuritionem
1389 1399 1447 1439 se
1480 1386 1728 1446 humana:

107 1457 317 1515 salutis
341 1459 666 1518 habiturum.
693 1467 810 1535 Quo
837 1467 888 1522 in
919 1478 1183 1540 tempore,
1213 1488 1583 1546 exspectatum
1615 1482 1726 1538 Deo

107 1550 267 1618 patri
318 1566 536 1621 munus,
588 1556 863 1614 hominem
919 1576 1077 1632 quem
1125 1579 1495 1638 assumpserat
1539 1588 1728 1643 repor-

107 1642 277 1696 tavit.

187 1736 247 1792 5.
301 1739 440 1804 Quid
477 1741 708 1798 diabolus
764 1745 956 1801 Christi
1002 1750 1238 1805 deitatem
1292 1755 1583 1824 explorare,
1637 1761 1715 1814 vel

105 1828 424 1897 patientiam
471 1841 623 1888 tentet
669 1835 926 1908 frangere.
951 1837 1184 1896 Christus
1207 1841 1350 1899 Deus
1389 1857 1437 1901 et
1477 1847 1726 1904 homo.—
1755 1857 1800 1917 Β

102 1918 497 1980 Contuendutn
530 1927 710 1999 itaque
762 1945 906 1985 nunc
954 1932 1085 2003 illud
1133 1945 1236 2002 est,
1286 1939 1480 2006 quibus
1503 1942 1718 1998 tandem

102 2011 634 2085 interrogationibus
688 2036 817 2076 usus
843 2022 933 2077 sit.
969 2025 1094 2079 Ait:
1150 2026 1214 2082 Si
1257 2027 1424 2102 678
1453 2032 1592 2099 ﬁlius
1621 2033 1720 2090 Dei

99 2122 184 2172 es,
219 2108 309 2161 dic
341 2117 398 2163 ut
424 2110 621 2182 lapides
647 2114 732 2168 isti
755 2132 915 2186 panes
946 2115 1094 2185 ﬁant.
1130 2117 1315 2175 Fallax
1364 2123 1635 2192 diabolus,
1663 2135 1718 2183 et

99 2201 177 2256 ad
225 2202 620 2261 traducendum
667 2209 862 2264 artifex
897 2209 1302 2278 callidissimus,
1333 2229 1493 2284 posse
1537 2219 1714 2274 omnia

97 2291 388 2350 Christum
419 2297 641 2364 sciebat,
672 2307 727 2353 et
755 2299 1107 2357 esuritionem
1139 2304 1193 2357 in
1225 2305 1445 2363 homine
1475 2325 1543 2363 ex
1598 2311 1714 2380 ipso

93 2385 304 2456 jejunii
351 2396 594 2459 tempore
639 2391 928 2459 sentiebat,
975 2394 1192 2464 ignarus
1238 2399 1492 2468 quidnam
1540 2403 1712 2458 esuri-

95 2489 281 2534 retur.
343 2480 473 2535 Eam
531 2497 661 2552 ergo
711 2484 764 2538 in
818 2486 1074 2541 tentando
1118 2489 1480 2548 conditionem
1532 2498 1712 2564 operis

97 2573 417 2641 proposuit,
449 2589 548 2644 per
573 2591 734 2644 quam
764 2578 896 2631 etin
948 2579 1080 2644 Deo,
1125 2597 1192 2636 ex
1232 2583 1600 2642 demulatione
1629 2589 1710 2642 la-

98 2663 295 2734 pidum
343 2664 396 2718 in
447 2681 634 2735 panes,
663 2667 916 2742 virtutem
964 2674 1244 2740 potestatis
1271 2687 1628 2746 agnosceret;
1656 2689 1711 2734 et

97 2756 158 2810 in
207 2753 448 2821 homine,
481 2758 878 2815 oblectamento
926 2763 1053 2828 cibi,
1100 2765 1408 2834 patientiam
1459 2770 1536 2842 (a)
1587 2787 1710 2827 esu-

96 2848 616 2907 ritionisilluderet.
650 2852 757 2909 Sed
789 2855 1046 2912 Dominus
1096 2874 1202 2914 non
1260 2876 1450 2930 panem
1505 2864 1704 2932 potius,

98 2957 270 3013 quam
296 2945 528 3000 salutem
557 2946 832 3002 hominum
861 2951 1108 3005 esuriens
1133 2992 1148 3018 ,
1177 2952 1249 3007 ait
1281 2971 1293 3007 :
1346 2953 1469 3009 Non
1494 2957 1546 3010 in
1576 2975 1708 3027 pane

101 3037 220 3092 solo
274 3037 393 3092 vivit
443 3039 801 3113 homo(lbid.
856 3041 936 3112 4)
988 3060 1000 3097 :
1046 3046 1168 3115 quia
1218 3045 1333 3117 ipse
1378 3064 1484 3103 non
1532 3051 1706 3107 solum

98 3129 292 3196 homo,
323 3131 417 3188 sed
445 3140 500 3188 et
529 3133 691 3200 Deus,
722 3134 848 3190 licet
879 3151 1051 3205 usque
1097 3138 1149 3192 iu
1202 3141 1514 3197 teutationis
1563 3143 1705 3200 diem

97 3225 227 3281 cibo
254 3226 489 3282 hominis
519 3228 836 3297 abstineret,
867 3231 959 3286 Dei
989 3241 1167 3286 tamen
1193 3232 1393 3304 Spiritu
1423 3237 1697 3292 alebatur:
1730 3247 1774 3310 ρ
1801 3243 1913 3313 jam
1949 3247 2131 3301 saeculi
2161 3260 2427 3317 petestate
2460 3265 2744 3326 pugnatur,

96 3316 395 3373 ostendens
443 3334 550 3374 non
598 3317 652 3373 in
703 3336 842 3391 pane
876 3319 976 3376 hoc
1003 3323 1266 3391 solitario,
1295 3327 1390 3382 sed
1422 3327 1474 3382 iu
1526 3329 1703 3388 Verbo

98 3409 201 3466 Dei
230 3410 544 3465 alimoniam
575 3414 892 3468 :eternitatis
931 3429 1053 3470 esse
1101 3419 1441 3485 sperandam.

95 3511 111 3566 ἓ
172 3505 230 3558 ὁ.
286 3504 534 3560 Diabolus
560 3507 678 3561 silet
703 3524 816 3579 qua:
845 3517 1024 3562 contra
1053 3526 1108 3564 se
1135 3527 1147 3563 :
1171 3512 1428 3580 jactantia
1454 3515 1698 3571 cavenda.

95 3597 436 3666 ——Sequens
459 3597 622 3653 etiam
655 3599 1007 3671 interrogatio
1039 3602 1160 3656 talis
1200 3612 1303 3670 est,
1342 3621 1462 3661 cum
1493 3623 1612 3662 eum
1645 3609 1700 3664 in

96 3706 372 3747 summum
432 3691 616 3760 templi
662 3692 1008 3748 sustulisset:
1061 3693 1123 3749 Si
1150 3695 1291 3762 filius
1322 3696 1417 3751 Dei
1456 3714 1526 3764 es,
1560 3701 1702 3754 mitte

97 3794 149 3838 te
177 3783 436 3849 deorsum,
473 3791 526 3838 et
554 3783 760 3852 reliqua
789 3782 962 3855 (Ibid.
995 3784 1028 3840 6
1063 3785 1106 3858 ).
1139 3786 1371 3842 Laborat
1401 3791 1700 3849 teutatione

97 3876 388 3931 Dominum
445 3875 514 3930 de
562 3877 795 3932 excelsis
847 3877 914 3932 ad
965 3878 1217 3935 inferiora
1265 3881 1534 3940 deducere
1581 3903 1594 3938 :
1645 3896 1698 3942 et

98 3966 334 4040 positum
375 3968 428 4022 in
475 3968 656 4038 templi
687 3984 939 4036 summo,
992 3971 1044 4026 id
1093 3981 1200 4039 est,
1247 3987 1410 4044 super
1449 3976 1594 4047 leges
1641 3989 1697 4034 et

97 4058 392 4132 prophetas
413 4061 762 4127 eminentem,
794 4061 847 4116 in
879 4061 1170 4120 humilibus
1217 4067 1515 4124 continere.
1539 4070 1690 4128 Scie~

96 4216 285 4274 quere.
317 4199 448 4274 Cum
489 4210 666 4258 autem
715 4202 930 4274 subjicit
979 4204 1250 4262 hominem
1310 4209 1430 4263 ideo
1482 4221 1689 4270 naturae

97 4288 211 4327 sua:
238 4273 571 4336 derelictum,
606 4274 728 4345 quia
755 4273 998 4331 diabolus
1046 4292 1076 4331 a
1121 4293 1304 4345 carne,
1340 4296 1444 4335 non
1500 4299 1528 4335 a
1579 4284 1687 4339 Deo

97 4353 218 4398 erat
245 4345 538 4398 vinceudtts
565 4361 579 4408 ;
630 4345 831 4402 diserte
859 4347 1098 4402 declarat
1125 4364 1184 4404 se
1213 4352 1425 4405 virtutis
1449 4352 1686 4410 derelin-

95 4414 311 4482 quentis
339 4415 557 4471 nomine
582 4416 815 4505 divinam
865 4416 1027 4473 Verbi
1069 4422 1680 4505 naturamjnlt‘elligere.

99 4485 269 4505 σεμεη
300 4485 503 4505 μέμ--
727 4489 759 4505 -.

97 4485 269 4542 Simili
299 4485 508 4540 ratione
531 4486 764 4578 ostendit
811 4504 1034 4570 numero
1078 4492 1362 4578 superiori,
1405 4485 1678 4578 Christum

96 4572 206 4612 non
260 4565 516 4610 lentatum
567 4557 730 4612 fuisse
787 4561 887 4613 nisi
941 4574 1061 4614 cum
1111 4557 1297 4628 voluit,
1346 4557 1466 4618 cum
1517 4565 1678 4621 nimi-

95 4643 216 4682 rum
241 4627 470 4696 Spiritus
512 4636 747 4692 sanctus,
804 4629 906 4685 hoc
959 4640 1040 4685 est
1097 4627 1352 4696 Verbum.
1411 4636 1679 4692 hominem
1708 4631 1759 4691 D

95 4713 252 4753 suum
299 4699 515 4771 diabolo
563 4700 874 4755 tentandum
933 4703 1196 4771 permisit,
1239 4716 1295 4759 ut
1352 4706 1402 4759 in
1464 4707 1683 4765 homine

96 4769 421 4824 vinceretur.
454 4769 530 4824 Ita
559 4785 622 4844 ex
654 4771 718 4824 iis
749 4769 1058 4844 ipsislocis,
1093 4788 1156 4828 ex
1188 4774 1380 4844 quibus
1427 4778 1678 4836 haeresim

95 4841 414 4894 suamtueri
445 4841 800 4920 conabantur,
851 4843 966 4898 sive
1013 4841 1331 4920 Hebionitr,
1388 4864 1680 4920 eorumque

97 4918 391 4966 sectatores
420 4911 612 4966 Paulus
639 4911 906 4990 Samosat.
935 4925 1095 4984 atque
1124 4911 1399 4983 Photinus,
1426 4921 1514 4990 qui
1543 4911 1673 4976 nihil

95 4981 152 5036 in
201 4980 412 5036 Christo
445 4992 638 5053 praeter
685 4982 958 5039 hominem
1008 4980 1150 5041 'esse
1199 4980 1532 5053 asserebant,
1565 4994 1678 5049 sive

96 5051 298 5116 Ariani,
328 5054 415 5121 qui
443 5052 678 5107 divinam
710 5056 762 5107 in
810 5055 926 5123 ipso
980 5066 1223 5112 naturam
1252 5051 1674 5118 nolebant-con-

97 5123 281 5177 ﬁteri:
328 5137 392 5176 ex
446 5124 530 5194 iis,
565 5126 800 5194 inquam,
857 5125 989 5180 locis
1032 5128 1271 5184 studiose
1301 5130 1674 5190 demonstrare

97 5196 252 5256 solet,
283 5203 337 5249 et
362 5194 417 5248 in
441 5193 658 5272 Christo
686 5194 885 5272 aliquid
914 5209 1107 5264 praeter
1134 5200 1403 5272 hominem
1431 5219 1494 5257 ac
1514 5219 1674 5272 supra

96 5264 366 5320 hominem
394 5281 534 5328 esse,
559 5275 611 5320 et
644 5265 746 5320 hoc
775 5264 946 5335 ipsum
987 5282 1106 5323 esse
1140 5271 1327 5326 Deum.
1360 5273 1491 5328 lliuc
1516 5264 1675 5331 neino

95 5351 203 5390 non
222 5335 358 5391 videt
383 5351 480 5392 cur
506 5336 830 5414 singularem
851 5337 996 5391 illam
1013 5337 1209 5414 Christi
1232 5353 1495 5414 naturam,
1513 5361 1672 5414 quam

98 5407 471 5480 divinamipse
503 5407 771 5480 intelligit,
797 5423 899 5461 non
928 5412 1146 5479 proprio
1167 5410 1265 5466 Dei
1309 5407 1548 5480 nomine,
1579 5418 1673 5473 sed

97 5477 432 5546 generalibus
449 5478 668 5557 spiritus
700 5487 754 5532 et
781 5480 977 5557 virtutis
1003 5477 1277 5538 vocabulis
1306 5477 1554 5540 maluerit
1579 5503 1674 5557 ap-

101 5550 312 5616 pellare,
344 5557 466 5618 puta
495 5558 555 5602 ut
574 5549 639 5601 ad
656 5549 1031 5604 hwreticorum
1057 5566 1361 5609 sermonem
1385 5573 1443 5610 se
1463 5549 1678 5613 accom-

98 5619 356 5674 modaret.
409 5619 567 5674 Certe
593 5620 789 5673 virtutis
837 5622 1178 5687 vocabulum,
1221 5626 1309 5681 ubi
1357 5627 1561 5682 Hilario
1609 5629 1676 5685 de

99 5688 309 5744 Christo
359 5705 539 5745 sermo
586 5699 693 5757 est,
725 5690 793 5745 ad
819 5691 1051 5782 tljvitizim
1080 5694 1249 5782 ipsius
1275 5708 1518 5782 naturam
1568 5715 1676 5782 non

101 5760 283 5782 --ΡΑ-με
341 5775 601 5782 ----,..---,...
656 5763 825 5782 _._2__.-
874 5771 1129 5782 _--_.__A___
1268 5781 1275 5782 κ

101 5760 285 5816 referri
341 5775 627 5836 nusquam
655 5760 1152 5836 animadvertimus.
1200 5766 1286 5836 De
1343 5769 1580 5836 ejusdem
1627 5772 1675 5825 vi

101 5846 203 5888 non
230 5832 493 5902 ambiget,
541 5832 630 5902 qui
681 5833 764 5888 vel
793 5849 953 5889 unum
990 5846 1149 5904 caput
1190 5835 1242 5900 9,
1293 5852 1346 5891 n.
1371 5832 1430 5903 7,
1482 5854 1676 5910 expen~

1786 4576 2032 4656 quamvis
2061 4576 2528 4656 hujus'occasione
2568 4588 2808 4656 spiritale

1784 4641 1947 4732 dicet.
1976 4645 2041 4732 lit
2067 4641 2194 4732 quid
2224 4653 2366 4706 enim
2405 4654 2566 4732 homo
2596 4641 3002 4731 postjejuniitm
3034 4641 3382 4732 nziiurw's:m

1788 4729 1816 4788 a
1849 4715 1959 4788 Deo
1979 4715 2267 4776 derelictus
2294 4732 2396 4788 est,
2442 4727 2547 4781 nisi
2585 4715 2642 4782 ut

1781 4784 1935 4869 junio
1977 4787 2252 4876 hominum
2289 4784 2485 4876 natura
2544 4800 2649 4867 pali
2678 4784 3378 4876 s'ole't'fl'przcsei'iinrcd‘m

1785 4855 2045 4951 spiritalis
2081 4861 2166 4951 illa
2222 4865 2412 4920 salutis
2463 4855 2712 4951 humana:
2750 4855 2931 4951 fames
2980 4855 3376 4951 nequeDEiiiii

1783 4925 2059 5008 dedeceat.
2104 4932 2288 5015 Neque
2345 4952 2474 5019 vero
2529 4925 2795 5019 nisiqadﬂ
2836 4925 3155 5019 corporehni
3198 4925 3374 5016 es‘ur'i-l

1786 4998 1985 5079 tionem
2037 4998 2289 5086 pertinet,
2317 4998 3376 5086 quodaitdiabolunivih'Chii-stemm-

1779 5070 1924 5125 mine
1953 5070 2355 5153 peresuritionis
2386 5079 2738 5148 inﬁrmitatem
2781 5070 2980 5160 eaquae
3006 5107 3127 5152 sunt
3147 5070 3377 5160 hominis

1782 5154 2178 5209 recognovrsse.

1838 1027 2203 1088 obedientiam
2277 1038 2478 1095 elicere
2533 1041 2611 1113 (b)
2666 1052 2916 1114 tentato;
2989 1027 3258 1110 relaturus
3314 1058 3439 1116 hinc

1834 1120 2085 1191 gloriam,
2119 1126 2164 1181 si
2192 1127 2290 1183 sibi
2325 1131 2586 1190 Dominus
2636 1138 2955 1207 majestatis,
2992 1142 3119 1198 licet
3163 1161 3260 1216 per
3304 1164 3436 1204 eon-

1837 1209 2140 1282 fidentiam,
2165 1220 2452 1287 paruisset.
2479 1221 2584 1280 Sed
2609 1229 2752 1282 nulla
2777 1229 2994 1287 diabolo
3015 1209 3242 1307 contigit
3272 1250 3435 1298 tantae

1833 1303 2035 1362 fraudis
2063 1313 2299 1379 occasio,
2325 1314 2556 1387 idipsum
2612 1320 2840 1378 Domino
2870 1337 3111 1399 tempore
3134 1337 3432 1403 poSIeriore

1833 1404 2084 1468 testante,
2115 1418 2236 1458 cum
2267 1407 2428 1462 dicit:
2461 1409 2619 1467 Venit
2666 1416 2914 1488 princeps
2946 1421 3102 1492 hujus
3137 1429 3343 1493 saeculi,
3376 1440 3432 1487 et

1831 1503 1936 1543 non
1966 1489 2169 1548 invenit
2195 1496 2245 1551 in
2279 1514 2366 1554 me
2395 1501 2684 1573 quidquam
2717 1506 2906 1577 (Joan.
2943 1489 3050 1578 xii,
3082 1516 3152 1571 5t)
3180 1517 3221 1587 ).
3262 1489 3427 1591 Digna

1830 1577 1990 1648 igitur
2009 1582 2148 1640 hanc
2178 1587 2295 1655 ejus
2325 1593 2675 1659 petulantiam
2722 1598 2932 1657 Domini
2982 1616 3067 1660 est
3096 1619 3281 1665 secuta
3321 1577 3428 1669 re-

1834 1676 2055 1740 Sponsio
2111 1693 2123 1728 :
2174 1677 2296 1733 Non
2354 1684 2568 1739 tentabis
2620 1687 2786 1743 Deum
2862 1703 2910 1746 et
2961 1694 3240 1754 Dominum
3287 1711 3428 1759 tuum

1829 1759 2072 1831 (Matth.
2125 1782 2198 1832 tv,
2235 1769 2266 1822 7
2298 1768 2339 1841 ).
2375 1773 2582 1831 Diaboli
2610 1789 2834 1836 conatus
2891 1795 2947 1840 et
2997 1797 3320 1848 tentamenta
3353 1793 3426 1870 (ς)

1829 1855 2188 1920 contundens.
2227 1868 2282 1914 et
2312 1861 2478 1918 Deum
2505 1882 2564 1922 se
2613 1881 2944 1938 protestatur
2988 1892 3044 1933 et
3100 1855 3423 1945 Dominum:

1825 1944 2025 2004 docens
2055 1965 2085 2005 a
2134 1951 2384 2011 ﬁdelibus
2413 1957 2602 2016 abesse
2641 1975 2894 2032 eportere
2932 1969 3270 2043 jactantiam,
3301 1981 3424 2049 quia

1821 2052 1944 2093 cum
1994 2044 2173 2097 omnia
2205 2048 2481 2114 possibilia
2510 2051 2622 2108 Deo
2651 2057 2777 2123 sint,
2817 2060 2949 2114 nihil
2979 2072 3154 2121 tamen
3200 2069 3253 2124 in
3306 2081 3424 2128 ten-

1821 2131 2083 2188 tationem
2107 2134 2224 2204 ejus
2248 2139 2554 2197 audendum
2597 2145 2685 2200 sit.

1890 2224 1943 2280 5.
1981 2225 2340 2285 Tentationum
2379 2233 2574 2291 Christi
2597 2239 2731 2294 idem
2753 2244 2901 2310 ordo,
2942 2251 3030 2318 qui
3059 2250 3205 2307 Δάαι.
3237 2253 3422 2313 Honor

1815 2320 2011 2386 siccati,
2043 2337 2172 2391 opus
2198 2324 2414 2381 diaboli.
2445 2359 2518 2371 —-
2541 2331 2646 2388 Sed
2663 2333 2775 2404 jam
2809 2340 2968 2394 tertio
2994 2349 3103 2397 tota
3134 2345 3418 2406 diabolicae

1816 2412 2099 2478 potestatis
2157 2428 2529 2476 commovetur
2575 2425 2817 2484 ambitio.
2893 2433 3200 2490 Constituto
3254 2441 3415 2511 igitur

1815 2502 2045 2560 Domino
2091 2509 2142 2563 iu
2181 2521 2363 2567 monte
2407 2517 2644 2584 excelso,
2674 2522 2922 2580 universa
2969 2529 3116 2585 orbis
3145 2539 3411 2593 terrarum

1813 2609 2000 2666 regna,
2041 2614 2334 2673 eorumque
2378 2607 2604 2677 gloriam
2642 2613 2861 2684 obtulit,
2912 2621 2954 2675 si
3003 2624 3167 2681 modo
3215 2629 3413 2686 adora-

1813 2697 1966 2744 retur
2012 2691 2124 2761 ipse
2171 2694 2343 2766 (Ibid.
2397 2702 2429 2755 8
2494 2712 2541 2756 et
2591 2703 2696 2776 9).
2757 2708 2875 2764 Jam
2922 2716 3134 2782 gemina
3185 2735 3413 2792 respou-

1814 2781 1968 2837 sione
1995 2786 2302 2854 opinionem
2354 2794 2675 2864 suspicionis
2702 2815 3030 2860 excesserat.
3060 2805 3194 2866 Cibo
3238 2814 3411 2872 Adam

1810 2875 2127 2942 pellexerat,
2157 2889 2212 2934 et
2254 2881 2322 2937 de
2352 2886 2586 2953 paradisi
2617 2891 2788 2960 gloria
2839 2895 2891 2950 in
2945 2905 3150 2968 peccati
3205 2905 3406 2976 locum,

1819 2965 1872 3022 id
1911 2977 2014 3034 est,
2043 2971 2095 3024 in
2123 2973 2398 3043 regionem
2431 2981 2610 3035 vetitae
2653 2984 2860 3042 arboris
2894 2988 3223 3051 deduxerat:
3253 3001 3411 3056 tertio

1811 3057 1976 3115 divini
2005 3065 2238 3120 nominis
2290 3069 2585 3128 ambitione
2629 3089 2966 3148 corruperat,
3015 3084 3120 3142 diis
3167 3089 3406 3150 futurum

1810 3153 2044 3208 similem
2088 3158 2413 3224 pollicendo.
2445 3163 2608 3233 Igitur
2657 3167 2917 3227 adversus
2963 3175 3249 3236 Dominum
3300 3194 3408 3242 tota

2774 3271 2828 3316 et
2853 3260 3101 3322 Creatori
3143 3286 3242 3327 suo
3284 3292 3408 3346 pos-

1805 3338 1979 3394 sessio
2006 3339 2163 3409 hujus
2189 3343 2556 3405 universitatis
2594 3351 2819 3410 offertur
2855 3375 2867 3409 :
2927 3368 2982 3413 ut
3022 3372 3210 3420 tenens
3255 3370 3405 3424 ordi-

1807 3443 1929 3484 nem
1959 3430 2164 3488 fraudis
2185 3436 2442 3507 antiquw,
2480 3456 2638 3509 quem
2681 3459 2857 3517 neque
2910 3449 3086 3525 679
3119 3457 3243 3512 cibo
3293 3461 3406 3528 pel-

1804 3521 2035 3588 lexerat,
2067 3542 2168 3582 nec
2195 3528 2314 3584 loco
2367 3545 2632 3599 moverat,
2664 3553 2808 3595 nunc
2833 3543 2916 3597 vel
2952 3548 3248 3606 ambitione
3279 3568 3404 3609 cor-

1805 3628 2101 3686 rumperet,
2136 3619 2246 3675 Sed
2269 3625 2554 3694 responsio
2578 3627 2789 3685 Domini
2819 3632 3039 3703 dignum
3069 3640 3135 3696 de
3159 3645 3404 3713 superio-

1805 3707 1957 3762 ribus
2004 3710 2229 3780 gratlum
2285 3712 2431 3770 fecit.
2495 3718 2586 3773 Ait
2633 3721 2819 3777 enim:
2861 3723 3005 3782 Vade
3066 3732 3145 3802 (ά)
3199 3707 3404 3793 satana.

1804 3797 2070 3869 Scriptum
2094 3813 2166 3858 est
2211 3805 2367 3869 enim,
2422 3807 2699 3865 Dominum
2742 3812 2903 3870 Deum
2934 3828 3078 3875 tuum
3130 3827 3396 3898 adorabis,

1802 3899 1849 3944 et
1886 3891 1966 3946 illi
1990 3894 2087 3947 soli
2112 3900 2294 3952 servies
2320 3898 2338 3969 (
2363 3897 2502 3956 Ibid.
2552 3903 2662 3975 10).
2695 3905 3036 3968 Temeritatis
3069 3924 3231 3974 tantm
3268 3891 3400 3978 con;

1798 3995 1989 4051 gruum
2033 3987 2236 4042 exitum
2280 3991 2424 4058 tulit,
2456 4008 2576 4049 cum
2623 4007 2677 4053 et
2725 4002 3016 4060 criminum
3068 4024 3289 4067 suorum
3346 4015 3399 4071 in

1796 4087 1980 4132 satana
2006 4094 2202 4137 nomen
2234 4084 2462 4152 audivit,
2493 4099 2549 4144 et
2576 4090 2864 4150 Dominum
2885 4097 3054 4154 Deum
3086 4115 3240 4158 suum
3269 4108 3402 4165 ado-

1792 4217 1968 4313 derit.‘
1991 4220 2088 4277 Hic
2106 4237 2271 4313 porro
2299 4225 2450 4309 locus
2480 4229 2546 4313 ad
2587 4232 2960 4313 illustrandam
2993 4242 3234 4313 ejusdem
3262 4247 3392 4307 doc-

1790 4290 1926 4370 toris
1957 4300 2068 4346 tum
2099 4290 2168 4349 de
2200 4298 2450 4376 passione
2480 4310 2590 4355 tum
2630 4305 2696 4360 de
2723 4290 2902 4364 morte
2927 4290 3125 4369 Christi
3173 4290 3392 4376 senten-

1791 4361 1918 4415 tiam
1949 4361 2244 4450 tam‘aptus
2269 4367 2418 4450 visus
2467 4381 2660 4450 est,_ut
2708 4361 2966 4436 euminon
2996 4361 3390 4450 inconsiderate

1790 4433 2176 4507 transeundum
2206 4436 2538 4525 duxerimus.
2558 4433 2740 4525 Exeo
2769 4433 2966 4525 quippe
2994 4433 3183 4525 iiiﬁiéi"

1795 4517 1921 4557 eum
1988 4514 2075 4605 ,ρι’
2125 4512 2461 4594 corporalem
2529 4512 3383 4605 esuriein'Christo‘attribuere;

2814 4608 2862 4646 in
2894 4599 3180 4672 quamdam
3239 4599 3381 4672 prie;

2695 4743 2968 4814 pateretur
3016 4756 3135 4809 quan
3183 4759 3250 4798 ex
3305 4747 3381 4814 je-

1852 5212 1929 5284 (a)
1961 5213 2025 5299 lto.
2068 5215 2272 5298 aliquot
2297 5233 2426 5274 mss.
2459 5225 2744 5283 esurientis.
2795 5231 2892 5288 Hic
2937 5250 3146 5295 rursum
3177 5241 3229 5297 in
3277 5244 3376 5299 hu-

1779 5284 2168 5365 manaChristi
2184 5359 2195 5370 .
2221 5299 2410 5344 natura
2468 5310 2788 5364 corpoream

1779 5353 2148 5447 esuritioriem,
2182 5359 2286 5447 ita“
2307 5377 2512 5447 veram,
2547 5353 2908 5447 n'tperfeani’
2943 5353 3224 5447 patient-iii).
3258 5353 3373 5439 ine:

1778 5421 1940 5513 rittrm
1955 5421 2208 5513 litbilnéat
2237 5431 2431 5487 diaboli
2463 5421 2662 5494 invidia
2677 5421 2968 5513 liigiiiiiiifi

1849 5494 1922 5567 (b)
1953 5498 2190 5563 Quatuor
2219 5518 2368 5589 mss;
2402 5516 2638 5589 tentator.
2680 5494 2936 5585 MK};
2978 5522 3362 5589 conﬁdentiam,

1776 5561 1989 5658 iﬁlJ‘e'st,‘
2036 5579 2092 5623 ut
2120 5561 2590 5658 rerutn‘Dominus
2619 5599 2638 5658 ;⁸
2664 5561 2874 5658 naturis,-
2897 5561 3093 5641 scilicet,
3113 5593 3225 5658 eius
3250 5561 3370 5644 con,-

1778 5633 2040 5716 ﬁdentiam
2087 5657 2189 5695 non
2229 5633 2584 5721 _oblitus,iqua_
3251 5633 3373 5715 7.6-

1780 5705 1930 5791 mirtis
1962 5726 2062 5791 non
2102 5705 2681 5791 cgrebattnt'loquitur
2723 5705 2786 5776 in
2806 5705 2938 5790 psal.
2967 5741 3074 5791 LIV,
3107 5743 3164 5783 n.
3195 5732 3252 5785 2.

1853 5774 1926 5918 (f2
1959 5779 2086 5835 Mss.
2115 5774 2490 5850 Carn.,'Rom.
2503 5774 2531 5854 ,’
2545 5788 2699 5845 Colb.
2725 5774 3084 5850 Eoiiéiimiiis’.

1916 5852 1934 5917 )
1964 5849 2317 5914 Carnutensis
2354 5859 2549 5918 codex.
2578 5861 2704 5918 vade
2728 5872 2862 5918 retro
2891 5872 3004 5918 post
3029 5881 3084 5918 mi

1916 5852 1934 5917 )
1964 5849 2317 5914 Carnutensis
2354 5849 2549 5930 cedes,
2578 5861 2704 5919 vade
2728 5872 2862 5918 retro
2889 5872 3004 5935 post
3029 5849 3132 5941 me,
3166 5881 3375 5930 satana.
