3974 6198
542 307 643 368 051

1726 306 1976 364 S.—\NC‘I‘I
2006 301 2261 363 HlLMlll
2302 300 2602 363 EPISCOPI

3727 303 3838 362 932

539 424 765 479 randum
793 421 844 475 in
894 418 1111 475 homine
1155 418 1426 491 cognovit.
1483 420 1720 477 Pra-buit
1778 424 1937 477 etiam
1971 423 2128 494 hujus
2157 423 2212 484 Α
2234 420 2458 491 gloriam
2490 419 2917 490 relinquendam,
2940 420 3165 477 dicens:
3196 419 3472 477 Dominum
3497 420 3668 476 Deum
3692 430 3839 475 tuum

539 513 906 586 responsionis
946 513 1143 569 eﬂ'ectu
1175 530 1427 586 magnum
1459 516 1615 571 nobis
1659 516 1917 573 Dominus
1952 532 2135 573 exem-

538 609 685 679 plum
720 626 731 659 :
787 614 845 660 ut
876 606 958 677 (a)
988 616 1294 676 contempta
1326 606 1575 663 ltumante
1604 609 1888 680 potestatis
1938 609 2129 681 gloria,

537 711 591 756 et
623 700 808 755 saeculi
828 700 1121 756 ambitione
1140 701 1458 771 postposita,
1501 702 1675 757 solum
1701 702 2134 759 meminissemus

538 795 707 849 Deum
737 802 793 849 et
823 795 1106 851 Dominum
1133 795 1464 851 adorandum
1494 815 1508 863 ;
1557 797 1681 868 quia
1724 799 1902 854 omnis
1949 798 2132 854 sseculi

536 886 712 943 honor
739 886 941 941 diaboli
970 889 1041 942 sit
1083 890 1377 959 negotium.
1434 890 1563 945 Post
1595 891 1730 947 hanc
1758 906 1889 962 ergo
1927 890 2132 948 diaboli

535 979 739 1050 fugam,
756 979 947 1050 Angeli
972 978 1512 1037 Christoministrant
1536 981 1753 1054 (Matth.
1776 998 1855 1048 tv,
1883 982 1973 1053 ll)
2001 1000 2017 1049 ;
2043 998 2130 1038 osa

537 1071 828 1127 tendentes
848 1071 943 1143 (ό),
963 1088 992 1127 a
1021 1073 1180 1128 nobis
1205 1075 1348 1129 victo
1373 1075 1687 1142 ealcatoque
1713 1074 1912 1130 diaboli
1932 1075 2127 1145 capite,

536 1176 591 1220 ct
620 1166 945 1234 Angelorum
976 1167 1294 1231 ministeria,
1327 1177 1383 1223 et
1414 1167 1685 1223 Virtutum
1716 1169 1767 1223 in
1794 1183 1895 1229 nos
1936 1169 2131 1224 cteleso

534 1258 668 1313 tium
699 1257 877 1314 officia
919 1276 1023 1314 non
1074 1259 1341 1314 defutura.
1793 1279 1796 1281 λ

608 1351 660 1405 6.
695 1350 1057 1422 Apostolorum
1104 1356 1334 1424 priorum
1363 1357 1561 1409 vocatio
1615 1355 1738 1426 quid
1778 1356 2026 1426 designet.
2059 1381 2133 1401 -ρ

535 1438 663 1495 Cum
702 1444 927 1498 audisset
972 1453 1139 1498 autem
1188 1445 1374 1510 Jesus,
1436 1447 1571 1508 quod
1618 1445 1848 1502 Joannes
1913 1446 2133 1501 traditus

533 1542 679 1600 esset,
708 1536 914 1589 secessit
943 1536 995 1588 in
1026 1534 1295 1590 Galilwam
1320 1537 1486 1605 (Ibid.
1520 1538 1631 1610 12).
1662 1538 1944 1594 'l‘ransitus
1972 1539 2024 1593 in
2053 1537 2130 1609 (c)

534 1622 945 1691 Capharnaum,
997 1637 1051 1682 et
1105 1628 1389 1698 prophetia
1424 1629 1620 1696 Esaiae,
1676 1631 1755 1685 rei
1807 1638 1972 1701 gestae
1998 1630 2132 1685 ordo

533 1726 636 1772 est.
691 1718 747 1772 ln
778 1720 1104 1788 piscatorum
1134 1737 1263 1785 vero
1303 1721 1383 1793 (d)
1416 1723 1704 1788 electione,
1746 1739 1814 1778 ex
1854 1723 2129 1778 hominum

2237 512 2499 580 adorabis,
2548 521 2597 567 st
2639 513 2718 568 illi
2752 515 2848 569 soli
2885 514 3068 569 servies
3098 513 3316 585 (Matth.
3344 530 3417 580 tv,
3464 512 3578 583 l0).
3615 512 3687 567 Et
3713 527 3840 567 cum

2237 618 2297 661 se
2327 618 2423 674 per
2449 604 2743 675 prephetas
2772 606 3027 677 populum
3058 606 3315 662 humilem
3345 615 3401 661 et
3439 606 3505 660 ad
3543 606 3710 662 verba
3738 619 3839 660 sua

2238 702 2556 751 trementem
2598 694 2667 767 (f)
2700 698 3111 767 prtemonuisset
3157 713 3279 754 esse
3324 697 3630 753 electurum
3663 696 3840 768 (Esai.

2237 804 2383 853 LXVI,
2413 788 2470 859 2)
2497 804 2510 853 ;
2542 786 2593 843 in
2624 789 2845 859 spiritus
2894 790 3196 847 humilitate
3240 791 3498 863 perfectae
3545 792 3844 848 beatitudi-

2236 881 2321 936 nis
2367 885 2547 951 posuit
2590 881 2893 937 exordium.
2937 883 3102 954 lgitur
3159 883 3382 941 humilia
3440 886 3736 954 spirantes,
3782 882 3839 939 id

2235 985 2341 1041 est,
2369 992 2491 1031 esse
2519 990 2580 1031 se
2610 975 2858 1033 homines
2891 977 3257 1045 recordantes,
3292 978 3345 1032 in
3386 977 3633 1034 caelestis
3680 975 3841 1047 regni

2234 1070 2579 1140 possessione
2607 1069 2684 1143 (g)
2713 1072 3014 1139 constituti,
3058 1072 3261 1128 conscii
3300 1072 3403 1128 sibi
3450 1087 3517 1127 ex
3564 1069 3841 1126 sordenti-

2235 1163 2335 1217 bus
2358 1177 2421 1217 ac
2448 1163 2782 1218 tenuissimis
2818 1179 2881 1219 se
2914 1165 3191 1235 principiis
3216 1165 3443 1219 coalitos
3471 1163 3525 1218 in
3551 1164 3699 1218 hanc
3723 1161 3839 1218 for-

2234 1271 2376 1311 mam
2397 1256 2622 1326 perfecti
2649 1258 2896 1326 corporis
2921 1258 3217 1327 procreari,
3246 1257 3362 1312 etin
3378 1256 3519 1312 hunc
3535 1255 3835 1319 sentiendi.

2234 1348 2547 1415 contuendi,
2593 1348 2891 1419 judicandi,
2937 1349 3129 1420 agendi
3181 1364 3421 1413 sensum,
3468 1348 3583 1404 Deo
3624 1346 3837 1418 profec-

2236 1448 2348 1494 tum
2376 1440 2740 1508 ministrante,
2790 1441 3084 1511 procedere
3127 1458 3140 1495 :
3194 1440 3328 1495 nihil
3372 1440 3625 1510 cuiquam
3676 1453 3835 1494 suum

2234 1546 2376 1598 esse,
2428 1532 2562 1587 nihil
2614 1534 2918 1603 proprium,
2965 1533 3061 1588 sed
3119 1534 3330 1589 cunctis
3381 1532 3527 1588 dono
3594 1531 3837 1603 parentis

2237 1624 2392 1677 unius
2423 1624 2613 1680 eadem
2642 1635 2697 1679 et
2726 1625 2975 1681 veniendi
3007 1626 3057 1679 in
3093 1626 3256 1679 vitam
3300 1624 3465 1681 tribui
3511 1624 3835 1696 primordia,

2235 1724 2290 1772 et
2328 1717 2510 1772 utendi
2534 1717 2618 1789 (lt)
2647 1733 2709 1774 ea
2740 1718 3097 1773 substantiam
3128 1718 3423 1775 ministrari
3454 1735 3467 1773 :
3513 1733 3577 1773 ac
3606 1732 3709 1773 nos
3737 1731 3835 1786 op-

534 1820 650 1865 nrte
692 1810 858 1867 futuri
890 1830 1076 1869 eorum
1108 1814 1273 1868 officii
1302 1831 1437 1883 opus
1462 1816 1739 1885 proditur;
1790 1826 1847 1870 ut
1895 1816 2132 1886 piscibus
2161 1812 2207 1873 B
2234 1808 2354 1863 limi
2384 1810 2548 1877 illius,
2579 1812 2667 1879 qui
2696 1812 2853 1867 nobis
2874 1813 2945 1867 sit
2970 1812 3073 1867 ista
3104 1812 3348 1883 largitus,
3380 1813 3659 1883 exemplo,
3708 1828 3837 1882 per-

534 1916 564 1957 e
590 1903 750 1968 mari,
800 1905 873 1959 ita
922 1904 1236 1960 hominibus
1282 1906 1541 1976 deinceps
1570 1922 1601 1961 e
1631 1908 1832 1963 stecnlo
1864 1909 1913 1960 in
1949 1908 2129 1962 locum

532 1997 889 2063 superiorem,
922 1996 973 2050 id
1031 2008 1134 2061 est,
1183 1998 1235 2052 in
1293 2000 1472 2053 lumen
1540 2000 1781 2056 ctelestis
1837 2000 2130 2057 habitaculi

534 2086 931 2153 protrahendis.
984 2087 1188 2154 Quibus
1219 2099 1273 2144 et
1306 2101 1478 2145 artem
1507 2102 1563 2146 et
1599 2092 1798 2161 patrias
1847 2101 1902 2147 et
1939 2091 2134 2147 domos

534 2180 982 2249 relinquentibus,
1034 2182 1294 2237 docemur
1346 2182 1627 2240 Christum
1652 2186 1915 2250 secuturi,
1942 2196 1997 2241 et
2028 2202 2133 2241 sac-

531 2274 734 2329 cularis
764 2276 888 2329 vitae
916 2275 1295 2343 sollicitudine,
1322 2288 1381 2333 et
1412 2286 1648 2351 paternae
1678 2280 1871 2336 domus
1900 2295 2132 2335 consue-

530 2366 719 2423 tudine
774 2384 881 2423 non
918 2369 1114 2426 teneri.
1147 2369 1203 2426 lu
1250 2382 1486 2443 quatuor
1514 2389 1643 2429 vero
1696 2375 1925 2444 primum
1980 2376 2129 2445 Apo-

532 2459 689 2515 stolis
737 2460 1023 2531 eligendis,
1079 2473 1273 2533 praeter
1320 2480 1500 2519 rerum
1554 2465 1737 2534 fidem,
1781 2467 1903 2538 quia
1949 2472 2003 2523 et
2056 2466 2131 2521 ita

529 2563 739 2623 gestum
794 2567 915 2623 est,
976 2557 1276 2611 futurorum
1335 2558 1797 2631 Evangelistarum
1869 2575 2130 2617 numerus

531 2650 927 2720 prazﬁgurautr.
961 2652 1243 2707 Galilmam
1289 2655 1449 2725 igitur
1492 2656 1702 2721 circuit,
1760 2664 1819 2711 et
1856 2658 1910 2711 in
1962 2670 2127 2730 syna-

527 2742 678 2811 gogis
702 2743 951 2813 praedicat
977 2746 1127 2816 regni
1163 2746 1510 2818 Evangelium
1547 2789 1559 2800 .
1590 2758 1645 2803 et
1696 2749 1941 2803 omnium
1971 2748 2129 2820 αλετί-

530 2834 774 2889 tudinutn
798 2836 1137 2892 infirmitates
1162 2837 1452 2905 medendo,
1480 2840 1633 2895 Iactis
1657 2841 1773 2909 ipse
1798 2858 1857 2896 se
1883 2842 2125 2911 profert:

525 2935 590 2982 ut
614 2944 771 2998 quem
803 2929 856 2984 in
914 2931 1297 3001 prophetarum
1349 2932 1713 2988 voluminibus
1762 2934 1943 3006 legere
1971 2944 2129 2991 erant

526 3022 694 3091 soliti,
727 3033 1050 3093 praesentem
1092 3026 1352 3096 operibus
1392 3036 1805 3082 contueremur.

1136 3161 1361 3217 CAPUT
1417 3160 1505 3216 IV.

528 3270 607 3328 De
626 3272 940 3331 beatitudine
970 3284 1019 3329 et
1047 3278 1334 3347 prarceptis,
1357 3279 1420 3337 de
1439 3279 1851 3337 reconciliatione
1879 3280 2127 3350 (rutrum,

601 3368 665 3422 de
692 3368 971 3437 adulterio,
1003 3370 1067 3423 de
1095 3370 1245 3425 oculo
1277 3382 1324 3427 et
1356 3388 1513 3427 manu
1560 3375 1809 3443 eruenda,
1863 3376 1927 3430 de
1965 3379 2127 3449 jura-

597 3461 780 3514 mentis
808 3468 855 3514 et
889 3462 1229 3533 elemosyna.

598 3570 651 3624 1.
681 3570 913 3625 Christus
952 3574 1004 3626 in
1054 3582 1254 3639 monte,
1308 3574 1455 3644 quid.
1477 3604 1550 3619 —
1574 3575 1930 3650 Congregatis
1962 3579 2128 3649 igitur

520 3661 771 3731 pluribus
800 3665 995 3731 turbis,
1026 3675 1260 3722 montem
1285 3669 1625 3734 conscendit,
1650 3679 1705 3726 et
1724 3671 1877 3727 docet
1906 3672 2123 3744 (Matth.

527 3770 579 3818 v,
627 3757 650 3807 l
681 3755 699 3824 )
736 3772 750 3808 :
780 3757 835 3809 in
871 3768 1107 3825 paterna:
1136 3760 1345 3814 scilicet
1375 3761 1675 3831 majestatis
1714 3767 1920 3832 positus
1964 3767 2127 3822 celsi-

522 3842 733 3908 tudine,
766 3846 1006 3901 ctelestis
1047 3850 1170 3903 vitae
1202 3862 1469 3919 praerepta
1498 3854 1800 3909 constituit.
1836 3855 1948 3911 Non
1977 3859 2125 3913 enim

526 3936 846 3991 aeternitatis
898 3938 1162 4005 instituta,
1196 3940 1300 3995 nisi
1330 3942 1380 3995 in
1410 3944 1714 3998 teternitate
1747 3947 1973 4014 positus,
2011 3957 2124 4003 tra-

522 4026 772 4084 didisset.
803 4030 1046 4101 Denique
1071 4032 1147 4085 ita
1177 4034 1435 4103 scriptum
1465 4045 1547 4089 est
1575 4053 1587 4089 :
1621 4037 1838 4107 Aperuit
1865 4056 1919 4094 os
1950 4057 2121 4108 suum,

522 4132 569 4173 et
609 4119 816 4175 docebat
868 4137 953 4176 eos
1005 4121 1025 4196 (
1072 4122 1211 4178 Ibid.
1247 4124 1344 4198 2).
1382 4126 1641 4182 Locututn
1725 4148 1847 4185 cum
1914 4132 2121 4201 fuisse,

516 4213 822 4287 promptius
867 4222 986 4269 erat
1036 4214 1240 4271 dicere.
1295 4217 1400 4273 Sed
1440 4219 1562 4288 quia
1597 4219 1650 4275 in
1674 4221 1845 4292 gloria
1883 4236 2121 4291 paternae

524 4307 825 4378 maiestatis
852 4307 922 4379 (ε)
950 4309 1241 4377 institerat,
1270 4322 1323 4367 et
1353 4315 1711 4369 mternitutcm
1747 4316 1917 4389 680
1954 4319 2123 4375 doce-

518 4399 629 4461 bat,
665 4398 865 4454 idcirco
895 4398 962 4453 ad
1012 4406 1218 4455 motum
1257 4400 1488 4471 Spiritus
1535 4404 1839 4476 eloquentis
1869 4409 2122 4465 obedisse

518 4490 823 4544 ostenditur
852 4491 1065 4545 humani
1109 4493 1220 4547 oris
1257 4493 1519 4550 ofﬁcium.

2236 1900 2437 1957 functte
2465 1902 2517 1957 in
2544 1918 2644 1959 nos
2675 1904 2931 1960 bonitatis
2968 1905 3086 1975 ejus
3109 1921 3233 1961 esse
3271 1905 3498 1961 tumulos
3545 1915 3835 1976 oportere;

2236 2001 2295 2048 ut
2341 1995 2466 2049 boni
2511 1997 2760 2059 omnibus
2805 1998 2995 2065 simus,
3039 2000 3347 2053 communia
3374 2003 3558 2054 omnia
3586 1999 3838 2054 omnibus

2234 2086 2645 2155 existimemus;
2692 2088 2836 2145 nulla
2878 2105 2979 2144 nos
3025 2106 3125 2144 nec
3168 2092 3446 2148 smeulnris
3474 2090 3650 2147 fastus
3680 2091 3831 2146 inso-

2235 2180 2422 2247 lentia,
2458 2197 2558 2238 nec
2578 2198 2739 2254 opum
2762 2183 3048 2253 cupiditas,
3081 2199 3182 2239 nec
3201 2184 3374 2240 inanis
3392 2184 3584 2255 gloriae
3610 2182 3839 2241 ambitio

2234 2286 2548 2346 corrumpat
2576 2293 2589 2330 :
2615 2277 2709 2332 sed
2754 2277 2982 2347 subjecti
3030 2278 3143 2333 Deo
3181 2279 3373 2343 simus,
3404 2288 3461 2334 et
3502 2278 3573 2334 de
3599 2294 3812 2334 commn

2233 2368 2398 2423 nione
2428 2367 2638 2424 vivendi
2667 2372 2719 2424 in
2751 2384 2942 2426 omnes
2969 2371 3275 2427 communis
3300 2371 3425 2426 vita:
3450 2370 3718 2426 charitate
3760 2379 3835 2425 te-

2232 2475 2480 2526 neamur,
2532 2476 2787 2533 ntagnnm
2836 2466 2999 2517 etiam
3050 2463 3104 2517 in
3150 2478 3239 2528 eo,
3281 2462 3423 2533 quod
3473 2464 3587 2518 nati
3620 2478 3830 2528 sumus,

2230 2552 2431 2608 divina:
2458 2554 2715 2610 bonitatis
2744 2554 2980 2610 futurum
3008 2556 3306 2626 profectum
3338 2558 3400 2627 (i)
3431 2558 3831 2626 existimantes,

2230 2645 2389 2715 cujus
2438 2648 2717 2716 peremtum
2767 2656 2933 2719 atque
2966 2650 3141 2703 honor
3187 2650 3468 2718 prasentis
3500 2650 3625 2704 vita:
3656 2651 3835 2720 operi-

2236 2741 2337 2796 bus
2380 2741 2451 2799 sit
2497 2742 2786 2797 merendus
2816 2760 2830 2797 :
2878 2753 3041 2815 atque
3078 2744 3150 2799 ita
3184 2760 3280 2815 per
3312 2746 3451 2801 hanc
3477 2744 3705 2816 spiritus
3744 2746 3834 2801 hu-

2232 2836 2518 2891 militatem
2543 2852 2647 2906 qua
2674 2836 2743 2892 de
2777 2838 2887 2893 Deo
2916 2838 3069 2894 nobis
3098 2837 3510 2893 meminerimus
3538 2848 3597 2893 et
3618 2839 3823 2894 indulta

2229 2930 2434 2995 omnia,
2479 2938 2534 2985 et
2576 2930 2834 3003 deinceps
2862 2931 3071 3002 potiora
3097 2932 3387 3003 speranda,
3419 2932 3688 2987 ctelortim
3719 2948 3833 3001 reg-

2230 3036 2360 3076 num
2388 3022 2493 3076 erit
2521 3033 2786 3078 nostrum.

2301 3116 2356 3169 5.
2386 3115 2532 3169 Beati
2575 3118 2754 3183 mites;
2803 3118 3047 3189 quoniam
3074 3118 3173 3187 ipsi
3210 3118 3587 3173 Itcreditabunt
3628 3128 3830 3173 terrm.

2158 3207 2204 3271 C
2238 3207 2455 3279 (Matth.
2484 3225 2539 3274 ν,
2571 3208 2652 3280 4).
2681 3209 2901 3265 Milibus
2928 3222 3089 3266 terra:
3119 3211 3493 3267 luereditatcm
3527 3210 3830 3280 pollicetur,

2236 3300 2286 3354 id
2320 3309 2423 3363 est,
2452 3299 2569 3370 ejus
2597 3302 2865 3371 corporis,
2887 3302 3033 3372 quod
3072 3302 3191 3372 ipse
3235 3303 3493 3357 Dominus
3537 3302 3829 3372 assumpsit

2233 3393 2598 3448 habitaculum
2644 3394 2799 3464 (Vid.
2829 3395 2993 3465 infra,
3019 3412 3071 3448 η.
3108 3395 3217 3465 12).
3236 3393 3370 3463 Quit
3397 3410 3496 3465 per
3520 3406 3829 3450 mansuetu-

2229 3485 2413 3541 dinem
2445 3487 2641 3541 mentis
2670 3497 2872 3542 nostra:
2900 3487 3223 3543 habitaverit
3248 3488 3501 3544 Christus
3556 3489 3613 3543 in
3659 3488 3825 3551 nobis,

2233 3594 2333 3634 nos
2360 3594 2576 3650 quoque
2605 3580 2767 3652 es]
2790 3580 2959 3651 gloria
2981 3581 3265 3637 clariﬁcati
3293 3582 3416 3652 ejus
3440 3583 3689 3652 corporis
3719 3595 3826 3637 ves-

2233 3674 2451 3726 tiemur.

2303 3763 2359 3818 4.
2387 3763 2551 3835 Cujus
2596 3766 2764 3819 luctus
2806 3766 2905 3820 erit
2953 3767 3260 3822 consolatio.
3291 3797 3363 3810 -—
3394 3768 3546 3823 Beati
3573 3770 3822 3843 lugentes;

2233 3858 2481 3927 quoniam
2525 3858 2629 3925 ipsi
2676 3860 3081 3914 consolabuntur
3122 3859 3292 3933 (Ibid.
3342 3864 3375 3918 5
3412 3863 3453 3931 ).
3506 3862 3820 3934 Lugentibus

2231 3963 2449 4006 aeternae
2494 3952 2887 4009 consolationis
2915 3954 3108 4010 solatia
3148 3956 3499 4026 repromittit.
3531 3957 3651 4012 Non
3675 3956 3815 4011 orbi-

2233 4053 2372 4098 tates
2409 4055 2499 4099 aut
2543 4047 2902 4103 contumelias
2946 4059 3038 4103 aut
3076 4049 3273 4104 damna
3320 4052 3700 4118 manentibus,
3727 4048 3811 4105 sed

2231 4148 2450 4209 peccata
2480 4148 2661 4195 vetera
2693 4141 2969 4209 flentibus,
3002 4150 3057 4197 et
3076 4144 3362 4198 criminum
3395 4145 3594 4215 quibus
3640 4145 3811 4199 obsor-

2229 4232 2502 4288 descimus
2547 4235 2879 4290 conscientia
2944 4236 3289 4301 terumnosis,
3344 4235 3462 4291 hinc
3526 4236 3707 4293 sedula
3765 4235 3809 4289 in

2226 4324 2371 4379 ctelo
2401 4326 2701 4381 consolatio
2733 4337 3089 4396 praparatur.

2301 4414 2354 4470 5.
2398 4414 2546 4470 Beati
2574 4418 2660 4488 qui
2688 4420 2919 4472 esuriant
2946 4428 2995 4473 et
3019 4420 3201 4475 sitiunt
3245 4421 3550 4492 justitiam;
3595 4422 3811 4494 quoniam

2226 4510 2329 4579 ipsi
2354 4511 2724 4565 saturabuntur
2764 4511 2927 4583 (Ibid.
2964 4513 3043 4584 6).
3076 4514 3395 4571 Sitieutibus
3446 4528 3502 4573 et
3547 4515 3811 4573 esurienti-
3898 4496 3899 4539 ἶ

590 4581 645 4680 ᾖ.
680 4581 727 4634 II
736 4582 996 4637 untilitatis
1024 4599 1193 4637 causa:
1213 4593 1259 4637 et
1283 4588 1570 4653 pratmt'ttm.
1596 4616 1669 4631 —-
1694 4588 1839 4647 Beati
1865 4609 2120 4663 pauperes
2148 4600 2202 4663 D
2231 4600 2329 4655 bus
2352 4601 2643 4672 justitiam,
2675 4581 3065 4661 beatitudinem
3111 4607 3297 4663 tribuit
3328 4628 3339 4662 :
3388 4610 3699 4680 significans
3726 4625 3807 4665 ex-

514 4674 1003 4745 spiritu;quoniatn
1025 4676 1260 4746 ipsorum
1286 4686 1362 4730 est
1402 4695 1614 4751 regnum
1646 4683 1897 4737 contorum
1946 4685 2113 4757 (Ibid.

517 4765 594 4840 5).
627 4768 892 4840 Exemplo
933 4767 1191 4824 Dominus
1219 4770 1482 4827 docuerat
1512 4771 1763 4832 hutnante
1804 4779 2119 4841 ambitionis

589 4948 666 5019 (α)
726 4947 783 5004 In
814 4950 984 5005 tribus
1015 4963 1145 5003 mss.
1176 4949 1545 5018 contemplata.

594 5022 669 5097 (b)
698 5020 755 5075 ln
788 5022 1080 5097 potioribus
1112 5036 1239 5097 mss.
1272 5023 1560 5089 ostendens,
1603 5022 1841 5097 barbara
1896 5028 2117 5097 quidem

520 5091 707 5163 lectio,
731 5093 825 5145 sed
871 5092 1007 5147 forte
1035 5092 1321 5155 sincerior,
1357 5108 1451 5161 pro
1473 5095 1611 5163 quod
1635 5096 1823 5151 indicio
1850 5091 1944 5151 esi.

589 5158 663 5283 (οξ
693 5162 781 5217 Sic
810 5177 937 5215 mss.
974 5164 1168 5229 quibus
1204 5158 1382 5218 verbis
1418 5158 1595 5217 obiter
1616 5180 1952 5222 memoratur
1984 5170 2115 5227 illud

589 5242 643 5283 ιιι
664 5250 702 5283 ι.
733 5248 745 5283 :
778 5231 977 5283 Relicta
1006 5234 1206 5283 ciuitate
1235 5231 1500 5283 Nazareni
1530 5234 1774 5283 habitauit
1792 5240 1844 5283 in
1860 5238 2111 5283 Γληιιιιιιι-

518 5231 702 5287 Matth.
733 5248 745 5285 :
778 5231 977 5310 Relicta
1006 5234 1206 5310 civitate
1235 5231 1500 5310 Nazaretlt
1530 5234 1774 5292 habitavit
1792 5240 1844 5291 in
1860 5238 2111 5310 Caphar-

517 5319 750 5380 ηίηιηξἒ
772 5304 1380 5380 utadimpleretunquod
1413 5305 1707 5380 dictuntest
1732 5326 1820 5380 per
1868 5304 2106 5380 Esaiam,

518 5374 788 5449 etc._M:tl_e
830 5376 987 5443 igitur
1032 5378 1084 5429 in
1132 5375 1351 5449 Βρεμι-ι
1388 5378 1660 5449 nonnullis
1691 5374 1819 5433 mss.
1876 5374 2114 5449 proditus

517 5446 571 5500 in
624 5446 988 5515 Capharnaum
1036 5457 1080 5499 et
1121 5445 1383 5514 propheta:
1424 5445 1618 5501 Esaite.
1666 5448 1777 5504 Nec
1823 5445 2019 5508 melius
2059 5457 2113 5511 in

516 5516 675 5593 editis
697 5518 1099 5593 aliis,transiens
1132 5517 1185 5570 in
1206 5516 1579 5593 Capharnaum
1611 5530 1656 5573 et
1693 5524 1976 5593 ρσοριιειω,
1996 5535 2109 5581 ¹εις),

591 5588 673 5657 (d)
718 5586 777 5642 In
806 5587 1124 5657 quibusdam
1168 5602 1297 5641 mss.
1329 5586 1619 5644 allectiaue.

588 5657 660 5735 (cf)
707 5658 990 5735 Becceesis
1034 5657 1248 5735 codex_,
1302 5657 1591 5713 instituerat
1638 5676 1657 5735 ._'
1716 5661 1940 5721 Rectius
1996 5667 2111 5735 alii,

516 5723 786 5791 institerat,
819 5727 921 5783 hoc
958 5736 1066 5793 est,
1111 5729 1309 5799 positus
1341 5736 1471 5795 erat,
1496 5732 1708 5801 supple,
1738 5750 1834 5790 nec
1856 5738 1924 5791 ab
1950 5754 2013 5793 ea
2034 5723 2115 5793 re;

519 5804 737 5848 cesserat
747 5834 759 5846 .

2232 4704 2439 4750 tensam
2472 4698 2522 4751 in
2555 4697 2647 4752 Dei
2678 4700 2979 4754 doctrinam
3006 4710 3317 4756 sanctorum
3341 4703 3653 4771 aviditatem
3675 4703 3807 4761 bonis

2230 4790 2483 4860 perlecta:
2515 4791 2566 4846 in
2595 4793 2735 4849 coelo
2761 4794 3030 4861 satietatis
3056 4795 3283 4868 expleri.

2299 4966 2370 5037 (Γ)
2397 4966 2584 5051 HEditi,
2626 4972 2934 5041 prtemonuit
2979 4987 3091 5029 esse
3136 4975 3387 5031 lecturum
3421 4992 3442 5031 .'
3486 4979 3803 5051 corriguntur

2225 5049 2290 5089 ex
2324 5040 2633 5105 potioribus
2648 5057 2779 5097 mss.

2297 5108 2375 5180 (g)
2422 5110 2576 5180 Apud
2612 5114 2728 5166 Par.
2780 5116 3063 5181 constituit,
3115 5120 3326 5173 conscii.
3381 5119 3555 5175 Minus
3604 5122 3731 5175 male
3755 5118 3795 5172 in

2219 5177 2380 5257 Colli.
2400 5177 2519 5257 _nts.
2549 5194 2675 5257 post
2699 5188 2984 5251 constituit,
3020 5177 3253 5257 positum
3286 5198 3370 5245 est
3390 5194 3639 5247 conscios.

2290 5251 2374 5328 (ρ)
2397 5252 2453 5328 '1'
2477 5255 2719 5328 Vu'gﬂliS,
2747 5259 2941 5310 eadem.
2970 5251 3187 5315 Rectius
3210 5261 3261 5315 in
3290 5279 3421 5315 mss.
3451 5280 3533 5328 ea,
3555 5265 3665 5319 scil.
3692 5262 3790 5315 vita.

2294 5322 2361 5393 (i)
2396 5322 2592 5398 Eadem
2623 5328 2698 5398 Ain
2746 5329 2877 5396 psal.
2908 5343 3099 5390 omn.
3143 5348 3195 5385 η.
3230 5333 3282 5398 l,
3313 5322 3635 5389 lttculen'tius
3672 5334 3789 5387 edis-

2224 5405 2478 5474 serttntur
2526 5396 2576 5449 in
2620 5396 2761 5474 hunc
2809 5404 3026 5454 modum
3077 5419 3088 5454 :
3145 5396 3323 5473 Neque
3373 5406 3505 5459 enim
3558 5408 3787 5474 quisquam

2227 5472 2329 5515 tam
2357 5465 2560 5519 demens
2596 5478 2681 5521 aut
2732 5471 2881 5537 inops
2909 5488 3061 5524 sensu
3092 5484 3187 5538 est,
3228 5465 3282 5527 ut
3310 5476 3365 5527 in
3405 5477 3461 5528 id
3507 5465 3619 5530 cuin
3647 5465 3785 5528 nulla:
3860 5480 3865 5538 ί

2229 5544 2354 5619 esset
2382 5547 2557 5590 natum
2578 5555 2631 5591 se
2652 5540 2924 5619 existimet,
2969 5554 3021 5619 ut
3042 5560 3244 5619 rursum
3266 5555 3538 5619 postquam
3574 5548 3785 5619 natussi!

2226 5606 2404 5659 nullus
2430 5617 2558 5660 esset
2584 5624 2601 5661 :
2624 5626 2739 5663 cum
2761 5612 2869 5663 sine
2888 5611 3044 5667 dubio
3068 5606 3443 5671 meminerimus
3469 5636 3532 5673 ea:
3561 5618 3653 5675 Dei
3670 5614 3784 5671 boni-

2224 5682 2331 5751 tate
2350 5682 2631 5751 profectum
2659 5697 2764 5736 esse
2784 5685 2921 5750 quod
2952 5695 3100 5739 natus
3140 5698 3234 5751 est,
3261 5704 3349 5741 nec
3373 5690 3429 5741 id
3452 5691 3508 5744 in
3550 5691 3781 5744 bonitatem

2225 5745 2577 5829 cjusptalitia:
2601 5753 2772 5829 cadat,
2797 5745 2859 5806 ut
2883 5754 2935 5807 in
2961 5756 3105 5810 nobis
3144 5745 3239 5813 hoc
3286 5774 3436 5814 suum
3485 5776 3663 5816 munus
3705 5768 3780 5827 ᾳιο
3852 5820 3855 5829 ,

2224 5819 2483 5873 nascimur
2505 5821 2781 5876 interimat.

3838 5860 3853 6127 ί

3858 5512 3865 5713 l

3878 5052 3881 5125 ἶ
