3974 6198
524 298 631 355 935

1735 295 1980 356 SANCTI
2023 298 2282 356 lllLARll
2323 299 2627 358 EPISCOPl
3727 301 3821 359 936

523 413 670 469 fecti.
705 413 778 485 (a)
815 413 1003 470 Merito
1031 411 1191 482 igitur
1219 413 1297 469 sal
1331 420 1490 470 terra:
1519 405 1816 482 nuncupati
1852 423 1999 481 sunt,
2027 429 2124 484 per
2150 419 2203 477 Λ
2231 417 2370 471 intra
2416 431 2476 471 se
2509 423 2716 470 tantum
2745 423 3049 486 receptans,
3081 423 3291 472 eertum
3322 415 3545 471 modum
3579 415 3823 473 dimensa:

528 507 780 561 virtutem
831 505 1094 560 doctrina:
1122 506 1348 561 saliendi
1383 507 1543 561 modo
1572 507 1865 562 aeternitati
1893 523 2124 577 corpora

529 608 891 655 reservantes.
953 598 1059 653 Sed
1108 606 1298 654 natura
1340 599 1473 654 salis
1525 614 1740 669 semper
1783 599 1971 654 eadem
2018 607 2122 666 est,

527 705 631 745 nec
656 689 932 745 immutari
959 706 1208 762 umquam
1253 698 1447 761 potest.
1482 690 1683 746 Verum
1731 693 1853 760 quia
1899 705 2127 745 conver-

528 785 667 841 sioni
701 784 864 840 homo
890 785 1154 856 subjacet,
1212 793 1267 841 et
1313 786 1465 841 solus
1510 786 1721 854 beatus,
1756 786 1844 857 qui
1894 786 2123 858 (supple,

525 876 633 947 εει)
666 893 840 948 usque
869 879 936 932 ad
965 878 1124 934 finem
1170 879 1220 932 in
1253 879 1506 935 omnibus
1555 879 1649 935 Dei
1697 880 1952 950 operibus
2004 894 2126 949 pcr-

527 971 823 1036 manserit;
875 970 996 1026 ideo
1043 985 1160 1036 eos,
1201 971 1282 1025 sal
1327 981 1484 1026 terra:
1533 979 1894 1041 nuncupatos,
1941 979 2128 1024 monet

527 1060 581 1116 in
614 1061 824 1116 tradita:
850 1061 952 1118 sibi
978 1051 1285 1133 potestatis
1306 1063 1504 1117 virtute
1541 1062 1855 1132 persistere,
1891 1077 1961 1118 ne
1992 1061 2129 1116 infa-

538 1154 672 1210 tttati
729 1154 863 1209 nihil
911 1155 1125 1217 saliant,
1181 1165 1235 1210 et
1284 1156 1382 1226 ipsi
1436 1172 1597 1212 sensu
1657 1157 1866 1225 accepti
1915 1157 2128 1225 saporis

528 1247 730 1302 amisso
760 1247 1036 1304 vivificare
1083 1259 1334 1318 corrupta
1383 1262 1488 1302 non
1536 1249 1764 1318 possint,
1797 1258 1852 1303 et
1901 1247 2128 1317 projecti

527 1339 594 1394 de
627 1338 889 1394 Ecclesiae
936 1341 1340 1410 promptuariis,
1389 1355 1510 1395 cum
1556 1339 1641 1395 his
1690 1354 1826 1410 quos
1859 1339 2124 1406 salierint,

525 1430 757 1500 pedibus
788 1431 1149 1486 incedentium
1185 1439 1550 1501 proterantur.

599 1524 688 1578 11.
743 1523 932 1578 Mundi
981 1526 1163 1596 fugant
1213 1524 1465 1578 tenebras.
1495 1553 1569 1564 -—
1624 1522 1728 1578 Vos
1782 1523 1904 1578 estis
1953 1523 2128 1577 lumen

524 1615 706 1670 mundi
729 1615 1002 1688 (Μαρια,
1027 1616 1584 1690 M).Naturaluminis
1611 1625 1715 1681 est,
1733 1616 1974 1672 utlucem
1991 1632 2128 1684 quo-

529 1723 768 1777 cumque
821 1707 1233 1764 circumferatur
1278 1708 1511 1774 emittat,
1565 1708 1880 1778 illatumque
1921 1707 2130 1762 aedibus

2227 509 2589 564 observantiae
2642 508 2987 574 continebat;
3042 524 3186 563 nunc
3230 517 3408 564 tamen
3440 509 3625 563 fructu
3669 511 3824 578 omni,

2229 601 2554 656 adveniente
2579 616 2660 666 se,
2694 599 2778 672 (Δ)
2809 616 2976 657 vacua
3003 602 3096 668 sit,
3143 616 3251 658 non
3296 610 3479 656 tamen
3510 601 3699 657 adhuc
3743 617 3829 671 po-

2231 701 2353 749 tens
2404 693 2621 748 luminis
2676 691 3002 748 occulendi.-
3033 693 3212 763 Atque
3271 693 3396 749 ideo
3441 693 3558 764 jam
3611 693 3823 749 lucerna

2229 782 2433 838 Christi
2464 799 2572 838 non
2605 784 2948 841 recondenda
2978 785 3080 840 sub
3125 784 3306 841 modio
3347 794 3453 853 est,
3486 800 3671 855 neque
3711 801 3831 855 ope-

2229 877 2466 932 rimento
2492 877 2810 932 occultanda
2839 877 3137 948 Synagogze
3167 896 3179 931 τ
3214 876 3310 933 sed
3341 875 3415 949 (ε)
3461 877 3514 931 in
3546 875 3682 947 ligni
3723 893 3832 947 pas-

2227 969 2382 1025 sione
2429 984 2711 1039 suspensa,
2746 969 2923 1024 lumen
2967 977 3231 1023 internum
3257 978 3340 1024 est
3367 969 3417 1024 in
3453 969 3703 1024 Ecclesia
3746 968 3829 1022 ha-

2230 1061 2524 1116 bitantibus
2571 1061 2880 1131 prmbitura.
2937 1061 3054 1116 Pari
3101 1061 3266 1116 etiam
3317 1061 3526 1130 fulgere
3557 1061 3834 1130 apostolos

2234 1161 2420 1208 monet
2447 1152 2649 1207 lumine
2677 1150 2893 1224 (Matth.
2927 1169 2982 1218 v,
3013 1151 3134 1225 16);
3184 1163 3242 1207 ut
3270 1152 3639 1208 admiratione
3666 1154 3833 1223 operis

2229 1259 2414 1300 eorum
2440 1244 2548 1298 Deo
2580 1243 2698 1298 laus
2725 1243 3104 1315 impertiatur:
3130 1259 3237 1300 non
3259 1244 3402 1316 quod
3433 1246 3501 1300 ab
3529 1245 3834 1300 hominibus

2229 1345 2480 1406 Oporteat
2526 1337 2754 1407 gloriam
2797 1353 3062 1407 quterere,
3108 1341 3230 1409 quia
3259 1339 3441 1394 omnia
3472 1339 3549 1411 (f)
3584 1340 3638 1394 in
3670 1338 3834 1395 lmno-

2229 1444 2344 1482 rem
2379 1426 2472 1483 Dei
2519 1438 2648 1484 sunt
2692 1429 2934 1501 agenda;
2966 1429 3060 1486 sed
3091 1439 3168 1496 ut,
3203 1430 3682 1486 dissimulantibus
3714 1433 3833 1488 licet

2231 1520 2410 1585 nobis,
2441 1535 2574 1589 opus
2604 1531 2849 1577 nostrum
2876 1521 2960 1577 his
3005 1523 3144 1577 inter
3167 1538 3301 1594 quos
3339 1523 3573 1578 vivimus
3601 1524 3832 1580 eluceat.

2305 1612 2395 1667 M.
2439 1611 2550 1666 Lex
2598 1611 2789 1666 Christi
2842 1615 3151 1682 praenuntia.
3181 1644 3251 1654 __
3282 1613 3465 1669 Nolite
3492 1625 3683 1686 putare
3717 1633 3835 1684 qua-

2233 1702 2370 1756 niam
2401 1704 2514 1756 veni
2565 1703 2840 1759 dissolvere
2885 1707 3046 1777 legem
3097 1716 3186 1761 aut
3211 1706 3532 1779 prapltetas'.
3583 1725 3691 1763 non
3733 1709 3836 1764 veni

537 1801 790 1856 tenebras
831 1801 1124 1866 interimat,
1171 1801 1292 1858 luce
1336 1801 1672 1856 dominante.
1705 1802 1868 1873 Igitur
1898 1802 2130 1858 mundus
2160 1801 2208 1860 B
2236 1795 2532 1861 άὲεδοίυενε,
2566 1796 2656 1850 sed
2699 1798 2979 1870 adimplere
3021 1798 3186 1870 (Ibid.
3243 1801 3354 1871 i7).
3399 1802 3588 1858 Virtus
3634 1814 3692 1858 et
3748 1820 3837 1876 po-

526 1904 679 1949 extra
710 1895 1076 1963 cognitionem
1109 1894 1200 1948 Dei
1232 1893 1439 1963 positus
1466 1891 1541 1964 (b)
1575 1893 1964 1972 obscurabalur
1985 1894 2133 1964 igno-

529 1988 722 2042 rantis:
754 1987 1033 2042 tenebris:
1065 1986 1151 2041 cui
1191 2001 1286 2055 per
1331 1985 1607 2055 apostolos
1653 1987 1897 2043 scientia:
1947 1988 2130 2044 lumen

531 2080 822 2147 invehitur,
856 2088 910 2135 et
935 2081 1170 2150 cognitio
1203 2081 1296 2135 Dei
1319 2079 1508 2145 claret,
1533 2089 1588 2135 et
1615 2079 1681 2136 de
1731 2081 1911 2150 parvis
1940 2096 2130 2138 eorum

537 2174 896 2244 corpusculis,
948 2188 1288 2245 quocumque
1337 2173 1680 2242 incesserint,
1743 2173 1834 2227 lux
1892 2174 2131 2230 tenebris

527 2266 887 2323 ministratur.

609 2360 698 2416 η.
729 2359 921 2416 Civitas
950 2376 1072 2414 caro
1093 2378 1126 2414 a
1157 2359 1361 2414 Christo
1391 2368 1674 2430 assumpta,
1710 2360 1841 2414 cives
1881 2359 2128 2414 homines.

527 2484 602 2497 —
623 2452 746 2508 Non
776 2463 940 2525 potest
963 2454 1143 2508 civitas
1163 2453 1406 2508 abscondi
1428 2469 1589 2523 supra
1607 2460 1827 2506 montem
1851 2452 2130 2523 aediﬁcata,

531 2563 691 2619 neque
722 2546 1007 2601 accendunt
1038 2545 1324 2611 lucernam,
1353 2557 1397 2600 et
1438 2555 1632 2613 ponunt
1655 2561 1781 2612 _eam
1811 2542 1902 2597 sub
1934 2545 2126 2610 modio,

545 2651 603 2696 et
626 2641 831 2710 reliqua
864 2639 1028 2713 (Ibid.
1063 2637 1177 2711 15).
1207 2637 1490 2694 Civitatem
1531 2654 1748 2694 carnem
1778 2653 1938 2710 quam
1965 2639 2130 2710 683

539 2742 911 2803 assumpserat
935 2743 1209 2802 nuncupat
1238 2751 1250 2785 :
1283 2735 1406 2802 quia
1453 2743 1514 2789 ut
1542 2733 1732 2789 civitas
1761 2715 1834 2789 ert
1871 2735 2132 2789 varietate

526 2841 594 2881 ac
635 2825 980 2880 multitudine
1020 2826 1270 2881 consistit
1298 2827 1685 2894 habitantium;
1717 2829 1790 2883 ita
1821 2827 1877 2882 in
1907 2842 1994 2895 eo,
2030 2842 2127 2897 per

531 2928 781 2974 naturam
809 2919 1044 2987 suscepti
1075 2919 1343 2989 corporis,
1375 2920 1620 2990 qumdam
1654 2921 1885 2975 universi
1914 2920 2132 2990 generis

528 3009 751 3066 humani
779 3010 1126 3082 congregatio
1151 3011 1479 3067 continetur.
1529 3013 1705 3082 Atque
1745 3012 1818 3066 ita
1847 3020 1901 3067 et
1939 3010 2031 3066 ille
2055 3027 2127 3067 ex

531 3114 717 3160 nostra
770 3105 823 3160 in
871 3121 928 3161 se
971 3105 1392 3178 congregatione
1437 3107 1497 3160 fit
1540 3107 1750 3170 civitas,
1799 3114 1854 3162 et
1903 3121 2002 3161 nos
2034 3121 2129 3176 per

2237 1897 2402 1945 testas
2480 1890 2768 1945 verborum
2837 1892 3139 1947 caelestium
3216 1894 3438 1965 grandia
3519 1896 3573 1949 in
3625 1910 3690 1952 se
3735 1911 3840 1951 mo-

2232 1991 2415 2036 menta
2443 1981 2723 2052 complexa
2764 1993 2911 2038 sunt.
2942 1984 3054 2040 Lex
3083 1985 3226 2040 enim
3255 2001 3482 2056 operum
3517 1987 3698 2056 posita
3739 1998 3834 2053 est,

2233 2081 2289 2130 ct
2315 2075 2493 2128 omnia
2521 2075 2574 2129 in
2601 2074 2758 2130 fidem
2787 2090 2998 2140 eorum,
3029 2091 3148 2147 quze
3189 2077 3242 2131 in
3281 2075 3502 2133 Christo
3546 2089 3708 2134 erant
3755 2094 3833 2134 re-

2232 2169 2478 2236 velanda,
2507 2171 2774 2227 conclusit
2798 2189 2811 2224 :
2841 2170 2999 2242 cujus
3023 2180 3080 2227 et
3099 2173 3341 2228 doctrina
3359 2184 3417 2230 et
3435 2177 3622 2245 passio
3643 2176 3838 2246 grande

2232 2273 2288 2318 et
2316 2263 2639 2332 profundum
2669 2273 2754 2319 est
2776 2273 3017 2334 paterna:
3059 2266 3354 2322 voluntatis
3379 2268 3699 2325 arbitrium.
3731 2268 3836 2325 Lex

2232 2363 2411 2408 autem
2439 2353 2543 2410 sub
2565 2354 2869 2411 velamento
2896 2355 3182 2411 verborum
3226 2356 3556 2427 spiritalium
3583 2360 3836 2415 nativita-

2235 2457 2339 2502 tem
2373 2447 2586 2504 Domini
2628 2451 2798 2504 nostri
2837 2449 2977 2506 ‘Jesu
3003 2450 3225 2520 Christi,
3277 2462 3332 2507 et
3373 2455 3831 2524 corporalitatcm,

2232 2551 2288 2597 et
2315 2542 2644 2612 passionem,
2677 2553 2731 2600 et
2754 2546 3229 2616 ‘.resurrectionem
3274 2547 3449 2602 locuta
3485 2559 3572 2603 est
3618 2565 3634 2605 :
3679 2559 3834 2618 atque

2235 2635 2287 2690 id
2338 2638 2408 2690 ita
2453 2637 2564 2707 jam
2589 2648 2716 2694 ante
2746 2647 2987 2710 tempora
3016 2640 3298 2695 saecularia
3338 2641 3393 2696 in
3437 2643 3619 2698 aetatis
3647 2653 3836 2698 nostrae

2233 2737 2450 2800 tempus
2490 2745 2613 2786 esse
2639 2731 2980 2802 dispositum,
3015 2733 3270 2803 frequens
3315 2743 3368 2789 et
3419 2734 3738 2804 prophetica
3783 2743 3835 2790 et

2232 2821 2526 2890 apostolica
2575 2825 2869 2878 auctoritas
2919 2832 3021 2879 est.
3070 2823 3233 2893 Igitur
3278 2833 3399 2894 post
3433 2824 3704 2895 jejunium
3731 2826 3836 2882 die—

2232 2929 2350 2968 rum
2374 2915 2727 2986 quadraginta
2746 2959 2760 2984 ,
2788 2927 3003 2971 satanas
3028 2917 3192 2972 tantis
3209 2917 3614 2986 suspicionibus
3629 2919 3834 2988 anxius,

2234 3021 2403 3076 usque
2441 3007 2506 3061 ad
2539 3007 2782 3063 tentandi
2821 3009 3000 3079 erupit
3046 3007 3325 3063 audaciam
3353 3027 3365 3061 :
3397 3009 3591 3080 ingens
3622 3012 3674 3065 in
3711 3011 3836 3067 Jesu

2234 3097 2621 3167 pertimescens
2663 3100 2901 3156 ctelestis
2930 3101 3228 3156 molitionis
3256 3116 3538 3156 arcanum.
3569 3101 3648 3174 (g)
3682 3102 3837 3159 Jesus

530 3198 864 3252 consortium
913 3199 1096 3253 carnis
1144 3213 1264 3264 sua:
1318 3214 1505 3254 sumus
1561 3197 1796 3253 civitatis
1844 3197 2122 3252 habitatio.
2154 3193 2199 3258 C
2230 3191 2374 3244 enim
2425 3192 2652 3246 Domino
2695 3202 2883 3247 nostro
2927 3208 3123 3248 nomen
3168 3208 3236 3248 ex
3264 3209 3495 3263 corpore
3522 3203 3626 3250 est.
3656 3195 3839 3267 Itaque

525 3288 805 3372 Abscqndi
852 3304 983 3360 ergo
1027 3289 1137 3359 jam
1189 3305 1297 3344 non
1330 3298 1546 3360 potest:
1581 3290 1702 3360 quia
1748 3289 1800 3344 in
1845 3288 2126 3344 altitudine

525 3380 738 3451 positus
791 3381 1130 3436 celsitudinis
1174 3379 1291 3448 Dei,
1342 3381 1700 3436 admiratione
1741 3396 1967 3451 operum
1999 3396 2126 3436 suo-

524 3492 649 3533 rum
679 3485 732 3531 et
761 3474 1209 3546 contemplandas
1240 3481 1296 3530 et
1321 3475 1697 3546 intelligendus
1724 3475 1972 3530 omnibus
1997 3473 2127 3529 eil'e-

528 3580 702 3626 ratur.

597 3661 685 3715 i5.
711 3659 1014 3733 Synagoga,
1041 3659 1269 3714 modium
1296 3659 1559 3714 occultans
1575 3658 1766 3713 lumen.
1784 3656 2020 3713 Christus
2039 3656 2122 3711 (u-

524 3768 698 3808 cerna.
738 3782 811 3793 —-
839 3753 946 3808 Sed
993 3733 1094 3810 nec
1132 3755 1352 3810 lucerna
1398 3753 1734 3819 accenditur,
1780 3749 2124 3808 recondenda

531 3844 637 3899 sub
667 3843 866 3898 modio.
899 3845 1003 3911 Qui
1045 3846 1189 3900 enim
1218 3846 1430 3902 fructus
1456 3853 1563 3911 est,
1595 3845 1664 3916 (ε)
1695 3845 1881 3899 clauso
1909 3845 2123 3915 impen-

525 3949 641 3991 sam
690 3934 907 3990 luminis
950 3935 1267 3991 continere?
1315 3935 1515 3992 Verum
1568 3937 1905 4007 Synagogam
1962 3935 2125 4006 digne

522 4028 783 4086 Dominus
807 4029 989 4086 modio
1010 4029 1381 4101 comparavit:
1415 4045 1536 4101 qua:
1583 4038 1868 4100 susceptos
1917 4029 2124 4085 fructus

521 4214 586 4271 In
615 4214 782 4287 prima
828 4213 986 4287 Par.,_
1009 4223 1067 4269 ut
1109 4214 1327 4282 quin....
1359 4225 1675 4269 sacramento
1695 4230 1842 4284 aqua:
1886 4215 2118 4287 ignisque

521 4287 720 4357 perﬁci.
748 4285 804 4338 In
831 4285 1076 4353 pluribus
1107 4301 1236 4341 mss.
1266 4295 1508 4354 atque....
1543 4287 1847 4340 sacramenti
1875 4285 2108 4356 ignisque

523 4357 755 4428 perfecti.
806 4357 886 4412 Ex
920 4357 1002 4411 his
1042 4357 1431 4412 restituendum
1461 4357 1829 4427 conjectamus
1857 4373 2024 4427 aquaz,
2054 4366 2113 4411 ut

521 4426 748 4483 Joannes
774 4428 1009 4496 superius
1050 4429 1191 4483 testis
1219 4437 1314 4492 est,
1361 4426 1689 4482 sacramentis
1729 4426 1958 4496 ignisque
2004 4445 2120 4495 per-

523 4500 660 4570 fecti.
688 4497 872 4566 Neque
903 4497 1039 4554 infra
1071 4499 1416 4553 mediocriter
1435 4499 1785 4554 confirmatur
1808 4499 2120 4566 conjectura

524 4569 708 4625 nostra
741 4585 808 4624 ex
841 4588 897 4624 tt.
942 4569 1035 4634 26,
1067 4570 1153 4623 tibi
1197 4570 1437 4640 baptismi
1473 4579 1518 4624 et
1548 4571 1760 4635 spiritus
1803 4579 2125 4622 sacramenta

2230 3290 2284 3336 et
2307 3281 2478 3354 684.
2505 3284 2859 3354 corporalitas
2881 3283 3000 3354 ejus
3029 3292 3082 3338 et
3124 3283 3322 3352 passio,
3353 3285 3607 3339 voluntas
3649 3285 3744 3340 Dei
3786 3294 3839 3341 et

2229 3374 2375 3430 salus
2401 3377 2585 3430 stt-culi
2615 3384 2698 3432 est
2724 3394 2736 3430 :
2768 3384 2824 3432 et
2849 3377 2985 3431 ultra
3014 3375 3234 3431 humani
3263 3377 3535 3432 sermonis
3564 3377 3835 3448 eloquium

2229 3476 2333 3535 est,
2365 3469 2528 3524 Deum
2554 3485 2621 3524 ex
2652 3469 2784 3538 Deo,
2813 3470 3012 3525 Filium
3041 3485 3108 3524 ex
3135 3469 3309 3524 Patris
3335 3469 3638 3524 substantia
3668 3480 3829 3542 atque

2227 3561 2365 3616 intra
2405 3562 2579 3618 Patris
2633 3563 2990 3619 substantiam
3036 3561 3449 3628 consistentem,
3495 3566 3730 3634 primum
3779 3564 3830 3621 in

2230 3653 2504 3712 hominem
2533 3667 2902 3727 corporalum,
2934 3656 3132 3712 dehinc
3169 3655 3332 3711 morti
3371 3655 3624 3712 hominis
3644 3657 3829 3713 condi-

2228 3753 2375 3809 tione
2406 3749 2732 3820 subjectum,
2767 3759 3043 3820 postremo
3076 3759 3199 3820 post
3227 3749 3464 3805 triduum
3499 3751 3554 3805 in
3583 3753 3745 3808 vitam
3766 3766 3830 3807 ex

2228 3853 2401 3904 morte
2427 3847 2765 3912 redeuntem,
2809 3845 2886 3916 (Ιι)
2929 3844 3290 3900 consociatam
3339 3843 3575 3914 Spiritus
3615 3855 3670 3902 et
3706 3844 3832 3900 sub-

2231 3940 2446 3994 stantia:
2475 3953 2587 3992 sua:
2611 3936 2898 3992 aeternitati
2930 3935 3210 3993 materiem
3238 3934 3306 3991 ad
3332 3935 3537 3992 caelum
3573 3935 3830 4006 assumpti

2228 4029 2471 4100 corporis
2501 4029 2778 4084 retulisse.

2295 4216 2372 4289 (ιι)
2402 4216 2481 4271 [ta
2511 4229 2746 4286 quatuor
2775 4232 2905 4274 mss.
2937 4217 3043 4273 Alii
3075 4219 3276 4275 habent
3303 4229 3526 4275 vacuata
3565 4221 3651 4276 sit.
3692 4219 3823 4276 Male

2223 4301 2401 4344 autem
2431 4291 2483 4342 in
2518 4290 2766 4362 vulgatis,
2795 4290 3045 4344 vacuavit.
3065 4289 3316 4362 Pessime
3344 4306 3477 4347 vero
3519 4293 3678 4362 paulo
3705 4303 3824 4346 ante

2225 4375 2324 4431 pro
2348 4376 2485 4413 nunc
2510 4370 2700 4426 tamen,
2748 4361 2964 4430 Lipsius
2994 4361 3271 4416 substituit
3316 4378 3453 4417 nunc
3502 4361 3718 4426 tametsi,
3764 4376 3825 4416 ac

2227 4440 2413 4500 postea
2447 4433 2692 4484 voculam
2723 4448 2778 4485 se
2803 4449 2832 4485 a
2858 4433 3034 4503 verbo
3059 4431 3359 4488 adveniente
3409 4434 3628 4503 virgula
3674 4448 3827 4502 sepa-

2230 4515 2399 4572 ratam
2454 4517 2576 4556 cum
2631 4503 2870 4556 vacuavit
2916 4501 3217 4572 conjunxit,
3266 4519 3390 4558 cunt
3442 4501 3709 4560 referatur
3740 4501 3824 4558 ad

2229 4571 2527 4645 Christum,
2559 4573 2713 4642 cujus
2742 4573 2979 4630 adventu
3022 4571 3326 4645 Synagogze
3356 4577 3536 4631 cultus
3567 4575 3740 4630 inanis
3763 4584 3815 4630 et

523 4655 740 4697 rursum
768 4630 1158 4697 memorantur.
1190 4630 1478 4710 Sequimur
1521 4630 1631 4695 tres
1659 4655 1788 4695 mss.
1840 4640 1944 4695 nisi
1981 4639 2123 4710 quod
2151 4630 2206 4689 D
2233 4630 2596 4698 infructuosus
2617 4630 2870 4699 evaserit.

526 4714 778 4783 ponimus
805 4725 956 4783 atque
981 4721 1059 4779 ut,
1091 4713 1178 4766 ubi
1212 4712 1412 4766 habent
1436 4713 1635 4781 atquin.

558 4804 636 4875 (a)
655 4804 710 4857 lit
726 4803 954 4875 vulgatis
967 4804 1052 4857 hic
1065 4802 1322 4857 insertum
1336 4813 1476 4867 erat,
1491 4803 1614 4855 dum
1629 4803 1699 4856 ait
1720 4818 1736 4856 :
1761 4801 1790 4856 1
1795 4819 1884 4872 pse
1896 4819 1981 4857 vos
1998 4802 2126 4875 bap-

526 4874 700 4928 ti2abit
731 4874 930 4946 Spiritu
943 4883 1120 4930 sancto
1138 4883 1184 4927 et
1210 4875 1316 4946 igni
1347 4889 1455 4928 :ne
1483 4890 1592 4928 uno
1615 4875 1829 4946 quidem
1860 4889 1890 4928 e
1921 4874 2121 4928 nostris

523 4960 656 5000 mss.
676 4945 1532 5016 suffragante.(.lbiter'observare
1555 4953 1660 5010 est,
1685 4945 1970 5016 Hilarium,
1997 4959 2120 5016 eum

520 5013 917 5083 superius,ca‘p.
945 5017 1000 5082 2,
1027 5032 1082 5070 n.
1105 5017 1162 5080 4,
1184 5015 1503 5084 baptismum
1532 5017 1668 5086 ignis
1688 5016 1756 5071 de
1788 5019 1909 5085 igne
1932 5013 2124 5084 judicii

523 5087 752 5141 extremi
793 5090 1198 5156 interpretetur,
1247 5087 1407 5142 aliam
1447 5087 1606 5157 hujus
1644 5087 1897 5156 baptismi
1953 5087 2123 5139 inter-

519 5157 882 5228 pretationem
912 5172 1018 5213 non
1041 5157 1350 5222 excludere,
1384 5158 1427 5212 si
1457 5157 1674 5228 quidem
1699 5157 1976 5228 apostolos
1998 5165 2122 5228 ante

517 5225 780 5298 judicium
811 5227 913 5283 hoc
957 5229 1096 5299 ignis
1151 5228 1420 5299 baptismo
1472 5225 1750 5299 perfectos
1793 5227 1880 5282 hic
1927 5226 2125 5296 praedi-

526 5307 639 5354 cat.

594 5367 670 5440 (b)
717 5369 908 5426 Plures
956 5387 1085 5426 mss.
1134 5369 1362 5426 obscura:
1407 5369 1690 5426 tenebatur.
1723 5370 1842 5426 Mox
1867 5369 1918 5424 in
1951 5369 2122 5426 tribus

522 5442 680 5501 venit.
715 5457 814 5510 pro
839 5443 1117 5496 inve/titur.

597 5513 672 5584 (ο)
698 5512 786 5584 Sic
814 5528 1008 5584 magno
1047 5526 1315 5584 consensu
1345 5527 1475 5584 mss.
1499 5513 1573 5584 id
1602 5522 1711 5584 est,
1759 5513 1898 5567 clam
1927 5522 1983 5568 et
2027 5528 2118 5569 oc-

523 5583 686 5653 culte.
720 5582 799 5638 lta
833 5581 928 5641 lib'.
969 5599 1046 5643 ttt.
1077 5583 1146 5637 de
1171 5581 1325 5636 Trin.
1364 5599 1418 5635 n.
1448 5583 1557 5637 20:
1590 5582 1758 5637 Erant
1796 5584 2038 5653 discipuli
2067 5585 2120 5638 in

526 5650 726 5738 clauso)
779 5663 825 5707 et
870 5663 1062 5738 secreto
1093 5663 1208 5737 post
1252 5653 1542 5738 passionem
1569 5653 1797 5738 Domini
1826 5650 2121 5738 congregati

526 5723 879 5800 consederant.
910 5724 981 5800 At
1010 5726 1063 5779 in
1093 5718 1265 5796 prima
1292 5725 1533 5782 editione
1573 5718 1696 5781 Par.
1749 5718 1979 5783 clausam
1995 5718 2036 5794 ;’
2065 5727 2118 5782 in

511 5793 761 5858 caeteris,
788 5793 970 5846 clausi.

2265 4785 2276 4796 .
2309 4714 2378 4784 (ε)
2411 4713 2796 4797 Prml'errettius
2839 4731 2962 4797 eum
2988 4715 3233 4783 pluribus
3262 4731 3395 4797 mss.
3422 4719 3476 4772 in
3525 4719 3668 4797 tigno
3711 4735 3825 4786 pas-

2232 4788 2397 4859 sione,
2425 4788 2606 4859 quasi,
2632 4788 2912 4853 passionis,
2925 4799 3188 4859 tempore,
3224 4788 3330 4843 nisi
3348 4788 3823 4859 experti'essemus

2233 4855 2436 4928 llilario
2464 4856 2756 4911 familiares
2776 4873 2897 4912 esse
2924 4855 3229 4928 hujusmodi
3252 4855 3444 4915 vocum
3468 4861 3820 4926 inversiones,

2235 4935 2293 4980 ut
2314 4927 2456 5002 dicat
2485 4929 2538 5002 in
2562 4928 2689 4998 ligni
2721 4932 2979 5002 passione,
3002 4927 3108 4998 pro
3145 4929 3202 4984 in
3231 4929 3371 5002 tigno
3403 4933 3684 5002 passionis.

2303 4996 2373 5068 (Γ)
2403 4997 2532 5050 Bad.
2567 4996 2687 5052 cum
2721 4996 2960 5068 plurimis
2990 4996 3122 5054 mss.
3151 5001 3208 5054 in
3235 4996 3417 5054 ordine
3458 5002 3513 5056 in
3555 5004 3810 5056 honorem.

2309 5070 2389 5140 (g)
2412 5070 2500 5124 Sic
2528 5070 2764 5137 potiores
2794 5084 2924 5124 mss.
2954 5069 3062 5124 Alii
3086 5086 3214 5126 vero
3248 5089 3261 5124 :
3289 5069 3417 5126 Jesu
3438 5074 3576 5126 enim
3605 5072 3816 5127 Domino

2229 5155 2329 5193 non
2352 5156 2531 5213 nomen
2563 5151 3004 5213 ea:_corporeest:
3036 5141 3392 5198 adversantur
3431 5143 3516 5198 liis
3544 5154 3702 5201 tract.
3731 5159 3806 5213 ps.

2228 5225 2348 5275 va,
2384 5209 2761 5265 tt.-12:Jesus
2803 5212 2936 5266 enim
2966 5214 3074 5281 ejus
3123 5213 3367 5282 hominis,
3416 5216 3507 5284 qui
3552 5232 3620 5271 ea:
3657 5209 3816 5271 Maria

2227 5290 2379 5335 natus
2408 5291 2502 5348 est,
2527 5283 2840 5353 nuncupatio
2863 5293 2958 5337 est.

2299 5369 2379 5444 (It)
2391 5369 2480 5446 Cla
2490 5371 2597 5425 rius
2617 5371 2732 5446 haec
2755 5374 2826 5426 ita
2845 5373 3232 5446 ordinarentur
3258 5393 3270 5428 :
3293 5377 3559 5432 materiem
3575 5375 3813 5446 assumpti

2226 5443 2456 5515 corporis
2487 5443 2833 5515 consociatam
2859 5445 3133 5499 wternitati
3169 5445 3400 5515 Spiritus
3445 5459 3494 5503 et
3534 5443 3812 5503 substantia

2227 5529 2335 5568 suae
2365 5514 2512 5587 (hoc
2539 5522 2621 5568 est
2668 5513 2862 5569 divinae
2911 5527 3119 5570 natura:
3144 5559 3159 5581 ,
3191 5513 3312 5587 quae
3340 5518 3452 5573 filio
3478 5519 3578 5575 Dei
3607 5535 3699 5574 sua
3737 5525 3811 5571 est

2231 5599 2324 5659 per
2338 5584 2746 5659 proprietatem,
2765 5587 2994 5659 humana
3025 5584 3441 5643 autem'tantum
3472 5605 3570 5659 per
3590 5602 3808 5655 assump-

2231 5599 2324 5653 per
2338 5599 2432 5653 pro
2474 5599 2746 5649 rietatem,
2766 5599 2994 5640 humana
3025 5599 3204 5642 autem
3233 5599 3441 5643 tantum
3472 5605 3570 5659 per
3590 5602 3804 5655 assump-

2228 5599 2470 5726 tionems)
2493 5655 2561 5708 ad
2583 5657 2763 5710 malum
2790 5658 3052 5713 retulisse.
3085 5659 3153 5713 Et
3181 5659 3268 5714 hic
3294 5659 3449 5715 locus
3478 5662 3672 5717 avertit
3701 5673 3804 5711 ont-

2227 5741 2351 5800 nem
2373 5727 2757 5800 suspicionem,
2778 5744 2908 5800 quae
2940 5744 3007 5784 ex
3033 5730 3155 5785 aliis
3177 5729 3308 5786 oriri
3331 5739 3547 5800 posset,
3577 5747 3649 5788 ne
3671 5729 3802 5800 Hila-

2227 5797 2341 5854 rius
2387 5796 2589 5855 Christi
2625 5796 2906 5870 gloriiiéati
2929 5814 3152 5862 carnem
3192 5796 3450 5860 abolitam
3478 5798 3800 5860 existimarit.
