3974 6198
143 242 247 299 957

1067 249 1608 315 COMMENTARIUS
1637 256 1703 315 IN
1743 257 2174 322 MATTIIEUM.
2209 263 2360 324 CAP.
2410 267 2496 327 ιγ.

3316 283 3427 342 958

217 356 301 410 IS.
341 355 445 422 Qui
475 371 506 409 a
532 353 737 412 Christo
777 356 1006 428 impleta.
1057 361 1200 419 Crux
1243 366 1439 422 Christi
1468 386 1570 424 non
1614 388 1729 424 eru-
1758 377 1802 434 Λ
1835 376 1923 443 qui
1952 377 2105 446 salit.)
2130 419 2144 443 ,
2175 380 2354 434 stullm
2379 382 2744 452 intelligentim
2766 397 3092 460 exasperare
3117 392 3424 455 maledicto.

140 450 408 505 bescenda.
440 480 510 491 —-
535 450 616 506 Ne
649 452 812 522 igitttr
833 453 977 508 aliud
1020 457 1454 516 existimaremns
1501 463 1553 516 in
1600 480 1730 534 ope-

140 547 289 603 ribus
319 545 430 600 suis
454 559 599 610 esse,
624 562 783 616 quam
806 550 1178 606 contineretur
1211 553 1265 608 in
1295 556 1446 625 lege;
1483 573 1588 611 non
1621 559 1731 612 sol-

136 653 266 694 vere
313 654 373 692 se
417 637 586 709 legem
611 639 886 710 professus
909 652 989 697 est
1014 685 1027 707 ,
1063 644 1158 699 sed
1187 645 1412 716 implere
1467 667 1479 703 :
1529 650 1728 706 coelum

135 729 352 802 quidem
382 739 436 785 et
466 741 689 799 terram,
724 735 980 801 maxime,
1006 743 1066 789 ut
1089 738 1432 806 arbitramur,
1459 741 1728 799 elementa

134 835 253 876 esse
282 820 537 876 solvenda
565 839 578 874 :
610 831 867 879 caeterum
908 843 975 880 ne
1002 829 1284 884 minimum
1313 832 1532 899 quidem
1562 849 1728 904 posse

133 927 252 969 esse
275 911 346 968 de
378 911 643 968 mandatis
673 914 807 986 legis
828 916 1081 973 infectum
1110 937 1126 986 ;
1152 920 1205 976 in
1239 922 1356 991 ipso
1384 926 1527 979 enim
1559 926 1647 981 lex
1673 935 1729 982 et

133 1005 416 1076 prophetia
443 1006 621 1061 omnis
659 1007 935 1077 impletur.
967 1011 1079 1067 Sub
1112 1014 1365 1081 passione
1411 1027 1466 1072 et
1497 1020 1720 1088 jamjam

133 1098 375 1164 spiritum
408 1097 723 1165 traditurus,
754 1102 931 1171 magni
979 1101 1140 1174 hujus
1188 1105 1239 1159 in
1289 1121 1350 1161 se
1395 1119 1576 1164 certus
1631 1126 1720 1165 ar.

133 1189 269 1252 cani,
299 1190 380 1262 (α)
421 1201 577 1261 potus
606 1202 761 1248 aceto
787 1208 1156 1251 censummata
1183 1198 1363 1254 omnia
1401 1211 1482 1266 est
1513 1203 1719 1271 profes-

131 1296 218 1337 sus
249 1301 262 1336 :
298 1281 459 1337 fidem
486 1284 631 1340 enim
653 1295 950 1356 gestorum,
983 1291 1162 1344 omnia
1195 1301 1304 1345 tum
1337 1295 1720 1364 prophetarum

134 1377 270 1433 dicta
294 1380 606 1434 sumebant.
639 1378 824 1451 Itaque
869 1398 936 1437 ne
981 1385 1204 1438 minima
1249 1387 1466 1456 quidem
1500 1391 1722 1445 manda-

129 1479 300 1525 torum
334 1471 468 1539 Dei,
503 1472 604 1527 nisi
645 1487 766 1528 cum
798 1473 1010 1545 piaculo
1036 1476 1113 1548 (b)
1149 1477 1243 1533 Dei
1285 1482 1571 1537 constituit
1598 1498 1720 1540 esse

128 1561 379 1617 solvenda
408 1561 574 1632 (Ibid.
610 1564 701 1635 19)
731 1583 746 1620 :
771 1565 978 1622 futuros
999 1568 1271 1633 minimos,
1306 1571 1358 1626 id
1392 1583 1496 1639 est,
1530 1575 1718 1631 novis-

127 1653 290 1707 simos
310 1668 373 1710 ac
403 1670 564 1724 paene
587 1657 763 1712 nullos
791 1659 1138 1725 denuntians,
1171 1662 1390 1717 minima
1419 1666 1712 1722 solventes.

1836 465 2138 523 Istiusmodi
2176 471 2336 542 igitur
2364 477 2552 530 aeterni
2580 476 2718 546 ignis
2744 481 2844 534 erit
2869 483 3138 550 pabulum.
3172 488 3245 542 Ita
3275 491 3429 560 quid-

1833 559 1958 628 quid
2003 561 2087 616 lex
2117 561 2188 634 (e)
2227 579 2294 619 ne
2336 565 2386 619 in
2419 567 2549 636 ipsis
2575 571 2790 639 quidem
2827 576 3078 642 operibus
3117 559 3422 650 damnavit,

1833 655 2232 730 evangeliorum
2265 658 2399 714 fides
2429 675 2528 730 pro
2567 665 2959 727 contumeliosa
2986 679 3191 728 tantum
3230 675 3426 732 verbo-

1832 759 1950 799 rum
1977 746 2230 804 facilitate
2255 751 2602 808 condemnat.

1906 859 1990 916 I8.
2023 861 2140 918 Pax
2181 881 2295 919 cum
2341 867 2588 933 fratribus
2631 872 2746 941 paci
2800 872 2894 928 Dei
2945 878 3321 946 pramittenda.
3351 913 3422 923 --

1831 950 2007 1006 Mutua
2039 953 2201 1024 igitur
2223 957 2507 1014 universos
2526 960 2791 1019 cbaritate
2835 965 3146 1022 devinciens
3171 1009 3186 1036 ,
3218 971 3418 1026 nullam

1829 1043 2143 1116 intpacifica:
2170 1051 2433 1106 orationis
2458 1054 2571 1108 fieri
2598 1070 2812 1125 precem
2841 1060 3038 1128 patitur
3065 1079 3077 1115 :
3110 1065 3203 1120 sed
3228 1066 3420 1122 altario

1828 1151 2050 1193 munera
2082 1141 2415 1210 offerentes,
2463 1145 2506 1199 si
2554 1147 2907 1205 recordentur
2953 1153 3152 1211 habere
3192 1172 3251 1212 se
3297 1174 3419 1214 cum

1829 1229 2084 1285 fratribus
2120 1232 2323 1302 aliquid
2353 1236 2719 1306 simultatum,
2764 1245 3140 1302 reconciliatos
3188 1247 3419 1304 humana

1826 1337 1960 1391 pace
1986 1329 2182 1380 reverti
2213 1325 2265 1380 in
2303 1326 2536 1384 divinam
2565 1347 2750 1401 pacem
2787 1334 2972 1404 jubet,
3005 1339 3057 1393 in
3092 1341 3188 1396 Dei
3233 1341 3417 1398 chari-

1826 1423 1988 1470 tatem
2044 1417 2111 1474 dc
2142 1418 2404 1477 charitate
2432 1421 2707 1480 hominum
2758 1430 3082 1486 transiturus
3127 1433 3301 1503 (Ibid.
3346 1436 3418 1492 25

1823 1517 1870 1562 et
1894 1507 2010 1581 24).

1844 1696 1856 1708 _
1896 1629 1986 1686 19.
2017 1631 2133 1688 Cito
2165 1634 2388 1692 ineunda
2427 1650 2520 1695 est.
2568 1671 2640 1683 —
2669 1643 2734 1699 Et
2781 1645 2904 1716 quia
2953 1648 3156 1703 nullttm
3205 1659 3416 1721 tempus

128 1743 275 1798 Nulla
306 1756 488 1800 autem
523 1747 604 1801 his
635 1748 843 1804 minora
875 1763 1102 1820 possum
1145 1769 1268 1809 esse
1291 1796 1306 1822 ’
1338 1771 1457 1826 qua}
1494 1759 1712 1813 minima
1745 1766 1792 1825 Β
1820 1725 2271 1826 vacuuman’ectu
2298 1729 2684 1826 placabilitatis
2714 1752 2835 1790 esse
2873 1741 3174 1807 permittit,
3222 1745 3330 1798 cito
3363 1745 3417 1799 itt

127 1844 264 1890 sunt.
291 1836 572 1893 Minimum
603 1850 781 1896 autem
809 1851 892 1897 est
913 1845 1181 1910 omnium,
1210 1845 1420 1901 Domini
1457 1851 1635 1918 passio
1665 1860 1720 1906 et

127 1929 295 1984 crucis
337 1945 527 1985 mors:
557 1949 716 2001 quam
757 1935 800 1989 si
842 1935 961 2005 quis
991 1947 1266 2008 tamquam
1295 1941 1716 1998 erubescendam

127 2035 226 2076 non
271 2022 656 2091 confitebitur,
715 2026 815 2080 erit
887 2027 1170 2095 minimus;
1229 2032 1504 2088 confitenti
1590 2050 1719 2090 vero

128 2128 325 2184 magna:
357 2116 408 2169 in
433 2116 575 2171 coelo
600 2119 897 2173 vocationis
926 2120 1153 2191 gloriam
1185 2121 1258 2194 (ε)
1293 2125 1597 2193 pollicetur.

193 2208 278 2263 16.
310 2208 656 2284 Evangelinm
696 2213 784 2282 qui
829 2214 989 2286 legem
1021 2216 1250 2270 excedat.
1281 2247 1352 2258 —
1382 2219 1512 2274 Dico
1549 2231 1719 2275 autem

127 2302 286 2370 vobis,
325 2305 451 2374 quia
482 2305 581 2359 nisi
623 2305 960 2362 abundaverit
982 2310 1188 2378 iustitia
1223 2321 1392 2368 vestra
1418 2315 1536 2385 plus
1565 2331 1720 2385 quam

129 2396 417 2452 Scribarum
457 2409 504 2452 et
533 2397 922 2454 Pharisteorum
945 2443 959 2466 ,
985 2418 1088 2455 non
1125 2404 1381 2459 intrabitis
1424 2406 1478 2458 in
1505 2422 1718 2479 regnum

129 2492 354 2546 caelorum
381 2491 549 2562 (Ibid.
583 2491 697 2563 20).
733 2493 1106 2549 Pulcherrimo
1139 2495 1383 2565 ingressu
1404 2512 1541 2567 opus
1586 2498 1718 2569 legis

130 2586 281 2656 coepit
307 2585 595 2653 excedere,
623 2595 679 2641 ut
707 2603 811 2641 non
837 2588 1159 2644 dissolveret
1187 2604 1327 2654 eam,
1350 2589 1445 2643 sed
1478 2591 1718 2659 profectu

129 2681 325 2750 potiore
356 2679 695 2748 praecederet
721 2697 734 2735 :
759 2679 962 2734 aditum
996 2681 1256 2751 apostolis
1281 2686 1333 2736 in
1358 2683 1577 2749 malum,
1611 2683 1716 2738 nisi

129 2772 376 2842 justitiam
407 2774 809 2829 Pharisaeorum
851 2775 1107 2844 :equitate
1134 2775 1432 2830 anteissent
1452 2816 1466 2838 ,
1497 2775 1717 2831 denun-

132 2868 262 2921 tians
286 2883 389 2921 non
414 2865 674 2921 futurum.
711 2866 1011 2937 Propésitis
1036 2867 1198 2937 igitur
1229 2867 1312 2922 his
1352 2884 1472 2938 qua:
1496 2868 1546 2922 in
1593 2870 1710 2940 lege

134 2960 426 3030 praescripta
448 2968 595 3025 sunt,
623 2959 865 3030 profectu
896 2974 959 3014 ea
985 2975 1094 3014 non
1123 2959 1416 3016 abolitione
1445 2969 1716 3033 transgre-

134 3048 286 3105 ditur.

202 3142 282 3197 17.
314 3141 405 3197 Ira
430 3143 547 3196 sine
575 3158 731 3198 causa
761 3143 1024 3198 homicidii
1048 3160 1155 3199 rea.
1194 3174 1258 3184 —
1284 3143 1396 3200 Lex
1425 3145 1593 3201 vetuit
1625 3160 1716 3201 oc-
1741 3153 1786 3215 C

138 3234 322 3304 cidere,
347 3245 557 3293 reatum
589 3236 862 3293 homicidii
895 3238 1188 3293 severitate
1216 3237 1403 3308 judicii
1429 3240 1712 3311 expiatura

140 3324 291 3398 (Ibid.
321 3327 433 3401 21).
468 3328 576 3384 Sed
606 3329 744 3384 male
799 3318 851 3383 in
905 3330 1133 3384 alterum
1185 3340 1472 3386 commota:
1522 3334 1717 3388 mentis

139 3419 332 3477 affectio
345 3421 488 3477 idem
508 3421 562 3477 in
585 3421 893 3493 Evangeliis
919 3422 1078 3477 habet
1101 3421 1180 3494 (ά)
1206 3437 1401 3494 pmnm;
1423 3432 1478 3478 et
1499 3439 1564 3478 ex
1581 3439 1718 3494 prte-

142 3523 281 3586 cepto
311 3515 432 3570 ﬁdei
485 3529 591 3569 non
640 3514 820 3569 minus
863 3530 952 3570 rea
986 3515 1062 3568 ira
1107 3523 1191 3570 est
1217 3516 1337 3570 sine
1366 3517 1575 3570 ratione
1600 3531 1722 3571 sus-

141 3613 302 3674 cepta,
346 3621 508 3676 quam
537 3606 589 3660 in
633 3605 890 3674 operibus
940 3605 1072 3676 legis
1115 3606 1484 3660 homicidium.
1534 3605 1603 3658 Et
1629 3606 1718 3677 qui

143 3698 310 3752 dixerit
338 3699 489 3770 fratri
515 3714 609 3753 suo
633 3699 822 3765 racha,
858 3713 973 3751 reus
1008 3698 1102 3751 erit
1130 3697 1350 3752 concilio
1381 3697 1556 3769 (Ibid.
1585 3697 1713 3768 22).

143 3789 307 3846 Racha
329 3794 614 3848 vacuitatis
645 3791 996 3862 opprobrium
1025 3799 1108 3845 est
1134 3807 1146 3842 :
1179 3799 1233 3844 et
1255 3792 1345 3861 qui
1375 3801 1564 3845 sancto
1587 3791 1715 3858 Spi-

143 3885 236 3938 ritu
262 3885 474 3954 plenum
507 3884 755 3939 convicio
797 3881 1080 3936 vacuitatis
1121 3880 1435 3945 insimulat,
1484 3882 1542 3935 fit
1589 3896 1716 3937 reus

145 3979 355 4033 concilio
407 3987 750 4041 sanctorum;
805 3975 1186 4030 contumeliam
1241 3975 1473 4042 Spiritus
1537 3974 1714 4030 sancti

145 4068 291 4142 685
316 4076 620 4125 sanctorum
641 4066 900 4137 judicium
928 4064 1396 4121 animadversione
1440 4065 1670 4120 luiturus
1694 4083 1709 4121 :

148 4161 239 4226 Qui
263 4174 425 4218 autent
472 4163 675 4233 fatuum
720 4161 939 4223 dixerit,
979 4175 1098 4213 reus
1142 4159 1236 4214 erit
1286 4158 1529 4230 gehennae
1557 4159 1711 4230 ignis.

147 4253 326 4312 Piaculi
348 4257 526 4329 magni
551 4255 846 4325 periculum
879 4261 990 4317 est,
1022 4268 1181 4322 quem
1209 4251 1378 4307 salem
1405 4251 1547 4306 Deus
1579 4267 1716 4305 nun-

147 4351 436 4417 cupaverit,
490 4349 612 4405 eum
661 4345 988 4402 contumelia
1039 4344 1283 4399 infatuati
1332 4358 1526 4399 sensus
1569 4343 1716 4400 lace-

1822 1814 1971 1867 omni
2007 1815 2129 1870 vita:
2162 1827 2361 1873 nostra:
2411 1822 2495 1876 via
2551 1827 2894 1882 reconciliari
2948 1847 3047 1884 nos
3099 1832 3418 1890 adversario

1821 1901 2154 1974 benignitate
2183 1910 2442 1979 prazcepit
2478 1929 2490 1966 :
2524 1929 2592 1968 ne
2622 1915 2674 1969 in
2718 1916 2896 1971 reditu
2940 1921 3130 1988 gratia:
3175 1925 3414 1989 morosi,

1821 1994 1876 2049 in
1920 1999 2114 2053 mortis
2145 2007 2358 2070 tempus
2386 2019 2491 2059 non
2539 2005 2668 2060 inita
2703 2024 2836 2078 pace
2868 2013 3146 2069 veniamus
3167 2056 3182 2080 ,
3209 2032 3419 2087 uosque

1821 2086 2166 2145 adversarius
2201 2091 2368 2159 judici
2417 2095 2632 2160 tradat,
2676 2109 2730 2153 et
2754 2102 2919 2169 judex
2966 2104 3246 2170 ministro.
3278 2086 3416 2165 etin

1821 2190 2093 2234 carcerem
2143 2182 2421 2238 mittamur
2446 2226 2462 2251 ,
2505 2196 2560 2241 et
2591 2203 2695 2242 non
2744 2205 3003 2248 exeamus
3034 2195 3161 2252 inde
3186 2240 3203 2265 ,
3232 2197 3409 2256 donec

1820 2270 2110 2327 reddamus
2140 2277 2492 2333 novissimum
2520 2282 2876 2350 quadrantem
2907 2285 3071 2359 (Ibid.
3102 2290 3172 2345 25
3210 2303 3258 2346 et
3296 2293 3411 2365 26).

1820 2361 1877 2417 In
1906 2366 2191 2437 praeceptis
2216 2368 2503 2426 dominica:
2548 2375 2813 2432 orationis
2857 2381 3059 2434 remitti
3105 2383 3262 2438 nobis
3291 2361 3418 2454 pec-

1821 2464 1940 2510 cata
1998 2469 2182 2513 nostra
2234 2475 2456 2518 oramus
2485 2467 2734 2536 exemplo
2764 2509 2779 2532 ,
2826 2479 2880 2524 et
2932 2470 3056 2525 data
3088 2475 3414 2532 adversariis

1821 2547 2135 2605 conditione
2159 2552 2350 2618 venite,
2384 2554 2550 2622 ipsius
2573 2559 2782 2612 veniam
2814 2560 3170 2630 deprecamur
3195 2566 3413 2639 (Matth.

1819 2653 1908 2704 v1,
1937 2640 2047 2710 I2).
2077 2641 2202 2696 Haec
2248 2647 2428 2715 itaque
2467 2647 2751 2717 negabitur
2784 2651 2940 2708 nobis
2962 2695 2977 2720 ,
3011 2654 3056 2707 si
3101 2656 3222 2710 aliis
3253 2673 3416 2728 nege-

1820 2739 1939 2786 tura
1970 2733 2124 2789 nobis
2157 2751 2170 2788 :
2201 2747 2499 2808 nostroque
2542 2741 2641 2809 ipsi
2678 2741 2884 2811 judicio
2917 2745 2994 2800 rei
3021 2761 3208 2802 sumus
3234 2791 3247 2814 ,
3279 2752 3323 2804 si
3358 2753 3412 2808 in

1814 2821 2002 2893 judicii
2051 2835 2262 2896 tempus
2311 2843 2417 2884 non
2473 2832 2715 2888 remissis
2760 2835 3124 2893 simultatibus
3174 2849 3416 2898 transea-

1819 2929 1940 2970 mus
1967 2932 1982 2982 ;
2013 2916 2326 2974 adversario
2355 2921 2604 2978 tradente
2655 2939 2755 2979 nos
2780 2926 2948 2996 judici
2972 2971 2987 2997 ,
3016 2931 3138 2998 quia
3188 2948 3416 2990 manens

1819 3007 1872 3062 in
1907 3024 2028 3064 eum
2058 3011 2347 3068 simultatis
2374 3025 2572 3070 nostrm
2596 3016 2672 3071 ira
2699 3033 2795 3072 nos
2823 3021 3015 3090 arguit.
3043 3021 3110 3076 Et
3131 3025 3253 3094 quia
3282 3026 3414 3080 cha-

1817 3102 1950 3157 ritas
1983 3103 2269 3171 plurimum
2305 3117 2645 3176 peccatorum
2679 3116 2808 3180 tegit
2839 3111 2880 3184 (l
2923 3111 3064 3167 Pctr.
3102 3131 3186 3176 tv.
3219 3115 3313 3186 8),
3349 3126 3404 3173 et

1820 3208 2067 3250 errorum
2097 3207 2402 3253 nostrorum
2427 3200 2710 3255 ambitiosa
2740 3203 2806 3256 ad
2841 3203 3012 3258 Deum
3037 3213 3261 3274 patrona
3290 3217 3373 3262 est
3397 3226 3412 3276 ;

1822 3287 2175 3342 novissimum
2201 3304 2372 3358 paena:
2401 3292 2759 3360 quadrantem
2785 3294 3080 3362 solvemus,
3113 3299 3212 3352 nisi
3241 3301 3418 3368 pretio

1820 3376 1989 3445 ipsius
2015 3377 2412 3448 aliquantorum
2437 3382 2718 3437 criminum
2746 3385 2903 3454 culpa
2927 3387 3243 3443 redimatur.
3272 3390 3413 3459 Quid

1821 3479 2002 3525 autem
2025 3486 2055 3524 a
2087 3471 2326 3540 pluribus
2357 3473 2409 3527 in
2446 3473 2547 3530 hoc
2573 3477 2749 3545 capite
2776 3491 2994 3532 sensum
3037 3479 3144 3546 sit,
3179 3497 3284 3536 non
3319 3499 3417 3552 pu-

1823 3565 1927 3618 tavi
1959 3579 2082 3620 esse
2129 3566 2486 3621 tractandum.
2539 3567 2651 3624 Hoc
2690 3569 2835 3623 enim
2862 3612 2877 3636 ,
2905 3570 3049 3640 quod
3100 3573 3416 3631 adversario

1822 3657 2159 3712 reconciliari
2191 3654 2260 3730 (f)
2296 3657 2671 3714 benevolentia
2699 3660 2974 3730 jubemur,
3000 3666 3065 3717 ad
3091 3666 3335 3735 corporis
3361 3676 3417 3723 et

1821 3751 2046 3821 Spiritus
2087 3751 2490 3808 adversantium
2535 3754 2636 3809 sibi
2683 3757 3028 3811 concordiam
3075 3759 3413 3826 retulerunt;

1819 3844 1913 3898 sed
1942 3860 2041 3899 nos
2071 3845 2315 3900 ordinem
2345 3846 2608 3902 domina:
2646 3857 2890 3904 tenentes
2917 3891 2933 3916 ,
2989 3858 3045 3904 et
3097 3865 3234 3920 Opus
3282 3852 3418 3923 legis

1821 3938 2146 4007 evangelicis
2190 3938 2523 4008 profectibus
2548 3940 2874 3995 excedentes
2901 3983 2914 4007 ,
2964 3956 3069 3998 non
3113 3945 3416 4014 putavimus

1821 4029 2193 4100 intelligentia:
2219 4033 2678 4088 continuationem
2709 4041 2962 4103 oportere
2986 4037 3242 4091 convelli.

1892 4166 1984 4221 20.
2017 4167 2250 4221 Audistis
2287 4168 2406 4236 quia
2446 4152 2646 4221 dictum
2675 4178 2745 4221 est
2776 4171 3029 4239 antiquis,
3064 4187 3168 4225 non
3194 4173 3417 4229 moecha-

1824 4257 1973 4323 beris,
2001 4266 2105 4312 etc.
2135 4257 2313 4324 (Matt.
2348 4274 2400 4323 v,
2423 4258 2541 4328 27).
2571 4258 2762 4313 Fertur
2788 4275 2887 4314 suo
2915 4277 3080 4316 cursu
3118 4265 3252 4319 ordo
3282 4281 3414 4335 pra:-

1822 4349 1964 4418 cepti
1985 4389 1998 4412 ,
2031 4356 2085 4403 et
2115 4349 2504 4417 praetermissis
2533 4349 2668 4419 legis
2699 4351 2977 4421 operibus,
3005 4353 3115 4421 jam
3143 4353 3194 4408 in
3233 4355 3412 4412 Evan-

147 4455 285 4500 scere
315 4461 328 4498 :
357 4454 412 4500 et
451 4444 736 4499 stultorum
780 4441 1198 4514 intelligentiam
1239 4440 1520 4496 salientem
1553 4437 1716 4511 (eum
1749 4431 1798 4494 D
1823 4440 1978 4512 geliis
2009 4439 2279 4495 adulterio
2307 4450 2486 4496 motus
2517 4448 2723 4496 tantum
2746 4441 2890 4498 ocnli
2919 4442 3204 4501 incidentis
3226 4461 3411 4517 :equa-

209 4605 281 4677 (a)
308 4606 363 4660 In
387 4607 701 4677 quibusdam
729 4604 882 4677 libris
907 4612 1046 4677 poto,
1091 4603 1144 4658 in
1186 4602 1303 4657 aliis
1335 4610 1509 4677 potato
1530 4611 1672 4654 aceto
1690 4641 1704 4668 ,

149 4672 195 4728 in
213 4671 481 4748 nonnullis
511 4687 634 4748 potu
668 4678 831 4743 aceti,
863 4671 922 4748 in
948 4675 1034 4748 Ps.
1066 4689 1223 4748 cxxxt
1243 4715 1258 4740 ,
1290 4689 1342 4728 ιι.
1374 4671 1436 4739 4,
1472 4682 1585 4748 post
1612 4687 1706 4743 po-

149 4747 302 4801 culum
319 4752 466 4804 aceti.
495 4743 730 4814 Deinde,
763 4761 858 4817 pro
889 4745 1042 4812 ﬁdem
1073 4747 1206 4817 enim
1231 4753 1520 4817 gestorum,
1552 4743 1709 4817 longe

149 4818 410 4873 mallemus
435 4821 586 4888 ﬁnem
615 4812 752 4874 enim
765 4812 1048 4891 qestorum,
1081 4812 1280 4891 Christi
1313 4815 1538 4870 scilicet.
1571 4812 1707 4891 Per-

150 4887 279 4966 fectis
301 4883 451 4966 enim
482 4891 744 4955 omnibus,
772 4883 831 4944 ut
871 4887 1064 4966 dicitur
1109 4888 1159 4940 in
1192 4886 1279 4940 Ps.
1309 4900 1502 4966 cxxxt,
1549 4901 1603 4937 n.
1635 4883 1704 4966 ἦ,

149 4958 252 5011 ait:
278 4961 683 5016 Consumnmtum
715 4969 881 5016 est....
933 4958 1326 5013 Percucurrerat
1363 4959 1496 5010 enim
1535 4958 1708 5009 omnia

149 5036 431 5106 sacramenti
461 5035 623 5106 ofﬁcia
646 5049 664 5086 :
692 5041 737 5086 et
760 5032 847 5106 ubi
871 5028 1395 5106 inconsummatione
1419 5026 1671 5099 gattdelut'
1690 5065 1705 5088 9

151 5095 209 5180 ibi
234 5101 281 5180 in
297 5095 521 5180 suscepi}
548 5105 713 5180 aperis
730 5102 1036 5175 perfectibne
1060 5100 1236 5180 lwtitia
1263 5106 1352 5152 est.
1381 5095 1560 5180 Itaque
1585 5112 1705 5180 cum

151 5166 269 5224 dixit
291 5166 532 5230 Christus
564 5166 1022 5228 z'Consnm'matunt
1048 5181 1140 5234 est,
1171 5177 1226 5223 et
1255 5166 1513 5223 continuo
1543 5168 1706 5220 tradi-

152 5237 220 5321 dit
242 5244 504 5309 Spiritum;
541 5248 698 5299 linem
723 5244 960 5321 omnium
986 5239 1519 5321 prophetarumdicta
1542 5237 1706 5321 (apud

151 5305 340 5367 Parfet
366 5319 414 5368 in
445 5305 552 5372 uno
577 5331 678 5370 ms.
715 5314 866 5370 Coll).
907 5305 1046 5384 gesta
1064 5305 1093 5382 )’
1108 5316 1368 5366 sumebant
1400 5326 1417 5363 :
1445 5305 1559 5384 tum
1585 5305 1708 5384 quia

152 5392 380 5462 {norseSt
400 5386 520 5443 finis
547 5395 602 5441 et
623 5381 925 5462 extremum
948 5381 1154 5462 eorum,
1188 5397 1307 5453 qua:
1336 5381 1614 5462 propheta:
1642 5381 1710 5461 ab

154 5446 258 5533 invito
280 5453 330 5508 in
367 5471 526 5514 carne
566 5446 797 5527 gerenda
831 5446 1228 5533 praetlixeranti_
1255 5446 1364 5506 tum
1393 5446 1555 5533 etiam
1587 5451 1710 5533 quia

153 5516 299 5597 finem
328 5533 484 5583 sumit
533 5516 854 5597 prophetith
887 5542 1007 5580 cum
1050 5525 1116 5579 ad
1146 5525 1350 5579 exitum
1401 5516 1715 5594 perducitur

153 5596 504 5669 (lugdcttmqne
527 5596 590 5656 ea
618 5596 930 5668 praedictum
951 5607 1053 5652 est.

217 5659 526 5740 (b)_Aliq'uot
553 5659 683 5726 mss.
706 5669 864 5740 Deus.

205 5729 275 5805 (it)
295 5734 362 5793 Ita
393 5729 628 5810 potiores
655 5757 786 5797 mss.
818 5739 871 5794 In
901 5738 1022 5794 aliis
1042 5779 1058 5804 ,
1095 5735 1383 5805 conﬁtetur.
1439 5734 1500 5791 In
1526 5735 1712 5806 vulga-

649 5834 926 5896 Ρηιιοι.
955 5829 1067 5893 IX.

1817 4602 1884 4658 tis
1909 4609 2088 4657 autem
2107 4643 2126 4676 ,_
2156 4599 2405 4676 Dominus
2426 4616 2544 4676 esse
2577 4599 2874 4676 confitetur.
2900 4600 3000 4658 Hic
3029 4619 3230 4676 magna:
3263 4623 3414 4661 vaca-

1814 4674 1967 4747 tionis
1989 4672 2386 4747 gloriarm-dicit.
2425 4671 2659 4726 Hilarius
2679 4711 2695 4747 ε
2712 4674 2877 4747 quasi
2916 4675 3097 4742 magni
3115 4671 3365 4733 'nomittis
3383 4719 3399 4747 ,

1807 4743 1959 4815 juxta
1987 4741 2119 4798 illud
2143 4761 2157 4796 :
2188 4741 2286 4797 Hic
2307 4760 2523 4817 magnus
2549 4743 2829 4797 vocabitur.

1885 4833 1966 4907 (Δ)
1999 4834 2284 4911 _Sin_gu_lare
2304 4846 2386 4889 est
2414 4834 2540 4911 illud
2569 4834 2710 4911 idem
2728 4851 2903 4911 paena},
2935 4849 3032 4911 pro
3054 4839 3282 4911 eamdem
3306 4858 3411 4911 pa:-

1811 4906 1950 4961 nam.
2000 4906 2206 4961 Deinde
2256 4907 2712 4980 notandumfidei
2759 4907 3086 4980 vocabulum.
3117 4910 3256 4980 legi,
3287 4906 3411 4969 fidei

1816 4990 2142 5048 praeceptum
2168 4987 2437 5046 praecepto
2467 4977 2601 5044 legis
2629 4978 2847 5046 apponi.

1889 5069 1963 5145 (e)
1991 5071 2255 5125 Particula
2285 5087 2350 5145 ne
2391 5070 2542 5145 deest
2571 5069 2626 5124 in
2646 5071 2909 5145 vulgatis.
2942 5071 3130 5128 Exstat
3179 5075 3231 5130 in
3274 5092 3406 5133 mss.

1817 5141 2042 5211 quorum
2096 5143 2418 5196 auctoritate
2460 5141 2545 5194 hic
2593 5142 2883 5210 adjicitur,
2919 5146 3150 5200 maxime
3201 5163 3320 5202 cum
3356 5150 3411 5205 in

1816 5214 1933 5290 lege
1960 5212 2304 5290 homicidium
2334 5223 2697 5290 perpetratum
2735 5227 2838 5268 non
2865 5217 3127 5284 gehennae
3151 5259 3166 5285 ,
3197 5219 3292 5274 sed
3317 5220 3410 5290 ju-

1817 5283 1958 5340 dicio
1979 5285 2254 5338 dumtaxat
2278 5283 2694 5338 condemnatum
2728 5299 3079 5342 memoretur.

1891 5377 1961 5448 (Ῑ)
1990 5378 2121 5431 Dum
2151 5377 2236 5431 hic
2281 5376 2356 5431 ait
2380 5376 2642 5439 Hilarius,
2676 5379 2997 5432 reconciliari
3025 5380 3369 5435 benevolentia
3393 5422 3408 5444 ,

1821 5458 1874 5502 et
1903 5464 2063 5512 supra
2083 5491 2096 5513 ,
2120 5449 2436 5502 reconciliari
2458 5449 2797 5520 benignitate;
2827 5450 2930 5503 vim
2961 5453 3118 5517 grazci
3147 5454 3412 5505 sermonis

1824 5521 2091 5587 expressit
2117 5537 2130 5573 :
2154 5521 2298 5584 quia,
2332 5529 2391 5571 ut
2412 5526 2561 5572 nutat
2585 5524 2940 5590 Hieronymus
2963 5523 3016 5574 in
3047 5522 3185 5573 hunc
3205 5520 3406 5584 locum,

1822 5605 1918 5660 pro
1945 5607 2002 5644 eo
2027 5593 2162 5660 quod
2197 5606 2288 5642 nos
2315 5590 2555 5643 habemus
2599 5592 2650 5643 in
2678 5591 2850 5643 latinis
2887 5591 3144 5642 codicibus
3187 5603 3408 5642 consen-

1826 5662 1974 5734 tiens,
2003 5663 2053 5734 in
2073 5662 2250 5734 graecis
2277 5661 2522 5734 scriptum
2545 5671 2620 5716 est
2647 5662 2845 5723 εὐνοῶν,
2879 5665 3016 5728 quod
3044 5660 3415 5725 interpretatur

1827 5730 2093 5787 benevolus
2118 5748 2178 5786 ac
2209 5731 2472 5804 benignus.

2913 5822 2994 5883 30
