3974 6198
185 303 300 363 9H

1127 305 1674 369 COMMENTARIUS
1711 311 1778 368 ΙΝ
1819 309 2246 372 ΜΛΤΤΗᾹΞΠΜ.
2287 314 2439 372 CAP.
2498 318 2558 374 V.

3385 328 3490 386 ΜΞ

196 421 352 479 enim
398 423 658 478 momenti
697 429 814 478 erat
855 422 1038 493 iurare
1068 437 1163 494 per
1190 424 1383 481 uelum
1429 427 1524 482 Dei
1567 427 1791 495 sedem,
1821 428 1874 490 Α
1902 442 2023 485 esse
2069 443 2319 501 oportere
2372 433 2736 502 demonstrat;
2783 437 2988 493 utboni
3034 439 3250 510 gratuiti
3276 441 3345 497 sit
3382 441 3492 500 dis-

191 515 383 586 iurare
437 532 535 587 per
580 524 778 571 terram
818 516 1111 572 scabellum
1156 518 1350 588 pedum
1400 521 1557 589 ejus,
1612 519 1796 591 iurare

198 623 303 678 per
331 608 629 664 Jerusalem
680 608 868 664 urbem
909 610 1054 664 brevi
1089 613 1160 666 ob
1198 612 1538 668 insolentiam
1583 623 1637 668 et
1669 630 1794 683 pec-

196 709 324 755 cata
371 701 782 756 inhabitantium
841 701 1224 758 destruendam
1274 722 1296 782 :V
1334 718 1456 760 eum
1496 706 1795 775 praesertim

199 798 260 852 In
285 797 775 866 prtelormationem
799 796 1075 865 Ecclesire,
1105 798 1156 854 id
1181 809 1282 865 est,
1309 802 1554 871 corporis
1572 799 1794 868 Christi,

197 904 327 957 qum
375 890 548 959 magni
572 890 716 960 regis
756 898 837 943 est
867 888 1094 955 civitas,
1137 902 1282 946 esset
1323 893 1651 947 constituta?
1695 892 1798 948 Per

199 995 364 1051 caput
393 991 568 1034 autem
596 981 782 1051 iurare
809 995 907 1036 cur
944 980 1176 1036 vellent?
1206 982 1478 1053 Numquid
1506 985 1588 1037 vel
1621 984 1797 1054 capilli

200 1075 366 1128 unius
411 1075 654 1128 mutandi
685 1075 910 1131 facultas
952 1091 1074 1132 esse
1127 1087 1335 1146 poterat
1387 1078 1632 1146 iuranti,
1677 1094 1797 1133 cum

199 1167 454 1222 omnibus
482 1168 717 1221 colorem
737 1178 922 1221 natura
952 1183 980 1220 a
1019 1167 1129 1222 Deo
1161 1168 1398 1238 profecta
1445 1169 1797 1240 suggereret?

201 1257 382 1327 Atque
408 1259 480 1312 ita
533 1259 648 1313 Iure
685 1269 1148 1314 sacramentorum
1193 1263 1414 1331 pignora
1465 1265 1620 1331 plena
1660 1262 1800 1331 apud

203 1366 308 1408 eos
344 1351 542 1422 piaculi
567 1354 729 1407 luisse
753 1352 1088 1407 demonstrat
1116 1369 1127 1406 :
1153 1366 1279 1408 eum
1321 1355 1568 1425 ignorate
1591 1364 1678 1408 θυι
1707 1371 1803 1410 ne-

203 1443 388 1515 glecto
401 1443 594 1513 opiﬁce
615 1457 731 1507 suo,
760 1445 1075 1514 religionem
1094 1447 1351 1514 operibus
1374 1446 1800 1515 impertirentur.

278 1538 371 1593 25.
419 1537 712 1592 Ulciscendi
758 1539 918 1591 libido
957 1550 1236 1592 coercetur.
1265 1563 1338 1578 --
1367 1539 1597 1592 Audistis
1621 1581 1635 1604 ,
1682 1540 1804 1609 quia

203 1631 402 1685 dictum
433 1639 536 1694 est,
577 1629 780 1684 mlum
814 1645 910 1702 pro
935 1631 1119 1696 oculo,
1161 1631 1359 1684 dentem
1400 1647 1493 1702 pro
1535 1631 1716 1696 dente,
1750 1639 1806 1685 et

203 1723 415 1794 reliqua
446 1721 610 1796 (Ibid.
642 1720 756 1795 58).
796 1723 1085 1777 Extensam
1131 1717 1253 1777 ﬁdei
1295 1733 1494 1778 nostra:
1541 1723 1594 1776 in
1645 1735 1802 1777 teter;

1899 523 2144 589 pensatio
2169 526 2422 594 gratuita,
2473 537 2525 580 et
2559 527 2789 582 mutuari
2837 529 3145 586 volentibus
3191 549 3296 588 non
3328 551 3490 605 uege-

1901 627 2018 666 mus
2055 614 2198 683 quod
2243 627 2551 672 mutuamur
2591 634 2621 672 a
2670 619 2798 684 Deo,
2847 637 3062 690 semper
3104 623 3219 680 sine
3262 626 3493 684 habendi

1900 704 2095 760 damno
2123 709 2463 778 impertiendi
2493 712 2790 768 ministerio
2813 713 2890 786 (d)
2912 717 3162 772 Iuncturi.

1970 799 2059 852 27.
2102 799 2440 856 Inimicorum
2491 805 2714 859 dilectio.
2755 836 2826 846 —
2864 808 3092 862 Audistis
3130 810 3252 880 quia
3299 812 3492 868 dictum

1899 900 1991 958 est,
2021 891 2218 966 Diliges
2246 898 2534 966 proximum
2562 907 2723 963 tuum,
2771 911 2816 954 et
2844 903 2982 955 adies
3029 903 3289 959 inimicum
3324 915 3491 975 tuum,

1899 993 1951 1039 et
1977 985 2180 1056 reliqua
2211 987 2374 1058 (Ibid.
2417 990 2534 1061 45).
2565 991 2843 1046 Conclusit
2891 995 3066 1050 omnia
3100 996 3339 1053 buttita‘e
3370 1015 3492 1070 per-

1901 1076 2058 1132 fecta.
2088 1079 2269 1135 Amari
2299 1081 2442 1136 enim
2465 1081 2548 1137 lex
2581 1084 2882 1153 proximum
2898 1085 3160 1156 exigebat,
3183 1089 3299 1144 etin
3319 1089 3493 1145 inimi-

1902 1182 2022 1222 cum
2058 1170 2327 1225 Iirenliam
2369 1173 2477 1228 odii
2511 1161 2692 1228 dabat.
2742 1177 2890 1245 Diligi
2924 1191 3048 1232 vero
3082 1179 3323 1236 inimicas
3360 1181 3495 1236 Iides

1903 1261 2168 1328 prmcipit,
2202 1268 2256 1316 ct
2298 1266 2597 1332 petulantes
2627 1265 2976 1321 humanarum
3006 1272 3263 1324 mentium
3296 1279 3492 1339 motus,

1908 1351 2135 1420 publica:
2167 1353 2444 1409 charitatis
2475 1355 2886 1427 Irangital'fcctu
2919 1357 3081 1428 (Ibid.
3115 1360 3241 1434 44);
3279 1379 3382 1417 non
3411 1380 3498 1418 so-

1907 1443 2016 1498 lum
2041 1445 2174 1498 iram
2206 1446 2274 1500 ab
2306 1447 2507 1503 ultione
2537 1448 2836 1518 tlepellcns,
2867 1446 2964 1505 sed
2985 1453 3143 1507 etiam
3175 1454 3228 1508 in
3256 1469 3498 1510 amorem

1906 1537 2158 1605 mitigans
2185 1537 2430 1606 iniuriosi
2457 1553 2470 1590 τ
2506 1539 2626 1610 quia
2658 1543 2896 1610 gentium
2929 1541 2998 1596 sit
3025 1553 3266 1600 amantes
3292 1559 3497 1613 amare,

1908 1639 1960 1682 et
1989 1643 2276 1686 commune
2319 1631 2387 1685 sit
2413 1631 2636 1703 diligere
2667 1630 2973 1703 diligentes.
3007 1629 3175 1691 Vocat
3216 1638 3376 1708 igitur
3408 1654 3504 1694 nos

1910 1719 1962 1773 in
1993 1720 2086 1774 Dei
2113 1729 2168 1775 ut
2201 1721 2590 1790 hz’creditatem,
2639 1725 2708 1776 ita
2757 1729 2812 1779 et
2851 1723 3232 1781 imitationem:
3270 1729 3423 1784 bonis
3451 1739 3508 1785 et

207 1831 345 1872 num
371 1831 524 1885 spem
553 1815 716 1870 rebus
744 1816 876 1884 ipsis
909 1817 1166 1869 Dotnlnns
1189 1818 1300 1870 vult
1331 1815 1542 1883 probari
1575 1833 1585 1867 :
1617 1824 1671 1869 ut
1693 1816 1806 1884 ipsa
1837 1809 1883 1870 B
1914 1811 2147 1880 iniustis,
2193 1813 2390 1868 Christi
2430 1815 2510 1869 sui
2550 1816 2805 1882 adventu,
2859 1816 2910 1870 in
2962 1817 3214 1887 baptismi
3245 1827 3298 1875 et
3333 1821 3504 1890 Spiri-

205 1909 616 1964 dissimulantla:
643 1905 852 1976 iniuriae
891 1907 1175 1962 tolerantia
1211 1908 1363 1962 testis
1395 1907 1585 1977 iudicii
1627 1909 1696 1961 sit
1728 1907 1805 1961 Iu-

212 2002 346 2055 turi.
373 2000 483 2055 Lex
517 1999 789 2054 infidelem
818 2000 980 2054 Israel
1008 2003 1142 2054 intra
1161 2009 1358 2054 metum
1393 2000 1469 2072 (a)
1502 2010 1650 2056 metu
1680 2015 1810 2056 con-

211 2091 451 2156 tinebat,
488 2103 538 2145 et
576 2090 783 2160 iniuria
816 2089 1143 2145 voluntatem
1187 2091 1400 2159 injuria:
1443 2092 1810 2148 vicissitudine

215 2183 528 2239 coercebat.
565 2182 726 2237 Fides
749 2195 926 2236 autem
955 2182 1157 2236 nullius
1189 2193 1298 2237 tam
1326 2197 1542 2253 gravem
1571 2185 1809 2238 dolorem

209 2291 338 2332 esse
367 2277 566 2346 patitur
595 2277 799 2346 injuria
829 2317 845 2344 ,
876 2286 934 2330 ut
961 2277 1219 2331 ultionem
1265 2287 1484 2344 expetat
1510 2317 1525 2341 ,
1569 2286 1624 2331 et
1654 2278 1812 2332 illata:

138 2355 141 2358 ’
211 2369 318 2423 sibi
347 2370 628 2439 qniSquam
659 2367 858 2423 vindex
892 2367 964 2421 sit
990 2368 1336 2422 euntumelize
1366 2385 1378 2420 :
1407 2368 1578 2439 688
1599 2369 1719 2436 quia
1754 2369 1804 2421 in

212 2459 426 2530 iudicio
455 2459 579 2523 Dei,
629 2468 687 2513 et
724 2460 996 2528 perpessis
1021 2458 1270 2528 iniuriam
1305 2459 1426 2528 plus
1456 2469 1533 2513 est
1569 2460 1815 2513 consola-

215 2551 384 2607 tionis
419 2591 434 2616 ,
473 2559 530 2606 et
565 2566 722 2620 poena
758 2551 998 2605 severior
1043 2551 1340 2619 iniuriosis.
1371 2552 1549 2620 Atque
1595 2551 1663 2604 ita
1707 2565 1814 2604 non

214 2652 396 2706 solum
435 2650 502 2703 ab
531 2649 904 2719 iniquitatibus
948 2661 1048 2702 nos
1082 2647 1274 2702 abesse
1299 2647 1591 2717 Evangelia
1627 2646 1818 2716 praeei—

217 2744 412 2816 piunt,
443 2758 628 2796 verum
661 2741 823 2795 etiam
866 2740 1192 2795 ulciscenda:
1231 2739 1441 2809 iniuriae
1471 2740 1689 2808 exigunt
1711 2738 1820 2791 dis-

218 2837 641 2892 simulationem.
672 2835 802 2888 Nam
851 2843 1072 2903 accepta
1100 2835 1250 2902 alapa
1280 2831 1552 2887 maxillam
1585 2833 1816 2886 alteram

215 2930 472 3001 iubemur
504 2927 701 2982 oﬂ‘erre
730 2927 890 2996 (Ibid.
921 2927 1047 2996 39),
1081 2936 1135 2982 et
1175 2927 1318 2980 mille
1348 2937 1538 2996 passus
1568 2941 1703 2980 onus
1729 2940 1820 2980 ve-

222 3022 450 3088 hentes,
482 3018 729 3092 progredi
762 3021 815 3074 in
844 3021 1074 3089 spatium
1101 3033 1353 3089 passuum
1377 3019 1538 3072 duum
1572 3018 1818 3082 millium,

219 3115 436 3186 injuriae
470 3121 759 3185 augmento
790 3114 1092 3184 profectum
1121 3115 1340 3167 ultionis
1385 3113 1657 3178 habituri,
1706 3113 1820 3181 ipso

1913 1912 1998 1957 tus
2026 1903 2100 1975 (ε)
2131 1908 2486 1962 sacramentis
2517 1913 2572 1962 et
2628 1909 2800 1962 solem
2840 1908 3126 1966 tribuentis
3169 1921 3222 1966 et
3268 1911 3504 1984 pluviam

1916 1993 2081 2066 (Ibid.
2114 1997 2228 2066 45).
2259 1999 2333 2052 Ita
2364 2015 2463 2053 nos
2493 1999 2560 2054 ad
2591 2001 2880 2069 perfectam
2917 2002 3098 2071 vitam,
3129 2019 3223 2075 per
3249 2005 3387 2063 hanc
3414 2025 3512 2078 pu-

1913 2087 2067 2143 blica:
2098 2088 2356 2144 bonitatis
2381 2091 2748 2160 concordiam,
2779 2093 2905 2164 quia
2931 2091 3085 2150 nobis
3113 2093 3163 2150 in
3188 2097 3327 2153 caelo
3355 2111 3508 2169 pater

1913 2179 1983 2232 sit
2014 2178 2284 2248 perfectus
2317 2181 2626 2248 imitandus,
2648 2183 2900 2240 instituit.

1963 2271 2077 2326 '28.
2119 2270 2384 2326 lactantia
2415 2276 2678 2346 fugienda.
2715 2308 2782 2316 —
2805 2278 3083 2345 Atlendite,
3106 2280 3364 2353 justitiam
3404 2295 3514 2338 ves-

1917 2370 2046 2415 tram
2073 2379 2137 2418 ne
2168 2365 2370 2436 faciatis
2401 2381 2573 2420 coram
2605 2369 2911 2433 hominibus,
2943 2375 3048 2425 etc.
3083 2369 3295 2440 (Matth.
3331 2381 3402 2434 vt.
3433 2373 3507 2446 1).

1917 2452 2150 2509 Omnem
2179 2471 2360 2510 curam
2390 2469 2566 2513 rerum
2600 2463 2943 2528 praesentium
2985 2473 3220 2528 amovet,
3255 2472 3310 2520 et
3339 2473 3516 2520 atten-

1921 2555 2004 2603 tos
2031 2556 2237 2603 tantum
2276 2565 2394 2605 esse
2425 2551 2476 2606 in
2510 2567 2660 2622 spem
2701 2553 2861 2609 futuri
2887 2555 3058 2625 jubet,
3096 2571 3269 2628 neque
3316 2563 3513 2616 sectari

1921 2642 2004 2696 vel
2055 2643 2522 2717 imminutum
2549 2647 2788 2702 favorem
2825 2653 3188 2707 ostentatione
3233 2651 3511 2723 bonitatis,

1921 2734 2003 2789 vel
2034 2733 2344 2804 iactantiam
2375 2739 2650 2807 religionis
2670 2742 2930 2795 orationis
2959 2740 3187 2812 publica:
3217 2747 3390 2816 copia,
3419 2747 3516 2802 sed

1923 2827 2060 2880 intra
2103 2828 2489 2882 conscientiam
2527 2829 2648 2885 ﬁdei
2681 2829 2915 2888 fructum
2962 2831 3090 2889 boni
3126 2840 3305 2906 operis
3345 2839 3522 2894 conti-

1925 2920 2161 2975 nendum
2189 2938 2200 2974 :
2234 2923 2356 2991 quia
2399 2923 2647 2978 ltutnanae
2679 2925 2851 2980 laudis
2883 2932 3217 2984 consectatio
3252 2947 3368 2987 eam
3401 2944 3521 2987 tan-

1927 3023 2060 3080 tum,
2091 3029 2247 3084 quam
2277 3013 2344 3071 ab
2385 3015 2693 3074 hominibus
2731 3021 2950 3089 expetit,
2986 3024 3289 3079 mercedem
3334 3027 3404 3081 sit
3433 3043 3522 3083 re-

1925 3117 2182 3176 ceptura;
2212 3121 2464 3164 caeterum
2501 3113 2841 3180 promerendi
2872 3109 2962 3168 Del
2997 3117 3350 3184 esspectallo,
3385 3131 3523 3188 prae-

218 3207 482 3263 virtutum
513 3209 814 3263 caelestium
853 3206 1078 3262 Domino
1117 3208 1184 3261 ad
1216 3209 1606 3261 incrementum
1638 3206 1822 3276 gloriae
1851 3189 1896 3253 C
1929 3200 2094 3254 mium
2125 3201 2194 3255 sit
2220 3201 2390 3272 longa:
2421 3205 2690 3272 patientiae
2714 3216 3089 3261 consecutura.
3130 3207 3353 3264 Sinistra
3386 3221 3520 3280 quo-

220 3310 278 3356 et
311 3300 554 3354 maiillas
575 3299 793 3370 palmis,
827 3312 880 3354 et
911 3298 1090 3368 ﬂagris
1119 3299 1367 3368 scapulas
1393 3297 1672 3353 offerente.

296 3391 390 3446 96.
426 3388 616 3444 Litium
645 3407 814 3446 causa:
835 3401 1185 3460 mnputuutur.
1217 3389 1819 3458 Muniﬁcentiojubetttr.

227 3482 426 3536 Gratia:
452 3479 550 3537 Dei
578 3483 803 3554 gratuita
833 3487 899 3535 sit
928 3483 1261 3551 dispensatio.
1281 3511 1352 3521 —
1381 3481 1496 3535 Non
1529 3483 1699 3536 solum
1731 3495 1826 3534 au-

227 3588 338 3633 tem
372 3577 560 3648 iudicii
607 3577 826 3632 humani
868 3576 1181 3645 refugienda
1229 3592 1350 3632 esse
1385 3577 1606 3630 arbitria
1639 3574 1828 3644 prteci-

223 3672 329 3741 pit,
363 3683 552 3724 verum
575 3671 735 3724 etiam
765 3684 886 3722 cum
930 3668 1112 3722 damni
1147 3669 1425 3722 voluntate
1459 3666 1672 3720 vitanda
1719 3683 1732 3730 ;
1770 3675 1827 3721 ut

229 3763 468 3818 tunicam
499 3761 653 3816 nobis
683 3762 881 3816 volenti
907 3760 1106 3830 judicio
1133 3759 1211 3831 (b)
1242 3773 1459 3825 exuere,
1492 3759 1826 3814 remittamus

227 3863 283 3910 et
311 3854 533 3924 pallium
558 3851 721 3924 (Ibid.
757 3851 848 3922 40)
882 3861 971 3907 :et
1003 3865 1097 3921 per
1126 3864 1279 3921 spem
1318 3852 1580 3905 bonorum
1618 3848 1826 3904 futuro-

226 3959 350 4002 rma
373 3946 687 4000 saecularem
707 3945 1098 4012 supellectilem
1134 3951 1566 4009 contemnentes,
1613 3943 1825 3996 inanem

228 4042 469 4111 gentium
497 4040 847 4108 cupiditatem
875 4045 930 4093 et
957 4038 1247 4092 vanitatem
1279 4038 1625 4092 infructuosa:
1654 4035 1829 4091 avari—

233 4135 326 4188 tia!
347 4141 653 4202 arguamus.
697 4129 962 4185 Omnibus
985 4131 1146 4184 etiam
1178 4129 1296 4183 dari
1321 4144 1442 4199 qua:
1483 4131 1830 4198 poposcerint

226 4227 403 4296 jubet,
431 4234 485 4279 et
513 4239 540 4278 a
573 4223 820 4293 precibus
845 4223 1138 4276 volentium
1171 4226 1400 4276 mutuari
1438 4237 1499 4274 os
1522 4231 1682 4288 atque
1710 4221 1828 4273 ani-

233 4333 381 4373 mum
414 4331 519 4370 non
552 4313 794 4381 referre;
827 4327 881 4369 ut
913 4315 1018 4381 his,
1051 4315 1246 4383 quibus
1276 4311 1541 4384 indigent,
1588 4330 1681 4383 per
1708 4328 1833 4367 nos-

235 4421 373 4468 tram
415 4408 840 4466 muniﬁcentiam
877 4409 1218 4476 expleantur,
1241 4391 1515 4462 eteorum
1555 4408 1642 4462 vel
1686 4407 1828 4460 sitim

237 4512 389 4574 potu,
423 4502 508 4555 vel
541 4503 733 4555 famem
774 4500 918 4560 cibo.
947 4501 1030 4554 vel
1061 4500 1356 4554 nuditatem
1391 4501 1588 4554 vestitu
1624 4498 1830 4552 indultu

1927 3305 2032 3361 que
2071 3305 2260 3348 manus
2295 3300 2351 3346 nt
2383 3294 2742 3364 ignoretopus
2782 3295 3022 3351 dextera:
3063 3299 3305 3371 (subaud.
3343 3299 3520 3374 iubet)

1927 3380 2088 3452 (Ibid.
2124 3384 2200 3452 5).
2235 3383 2340 3440 Sed
2373 3385 2627 3454 numquid
2667 3386 2804 3440 istud
2851 3395 3037 3446 natura
3069 3393 3310 3458 corporis
3342 3391 3519 3447 sinit?

1927 3485 2020 3530 aut
2051 3475 2417 3546 intelligentia:
2445 3493 2660 3533 sensum
2685 3493 2939 3534 mamnnn
2964 3478 3257 3536 ministeria
3285 3484 3523 3539 sortiuno

1930 3569 2050 3621 tur?
2078 3568 2276 3623 Verum
2328 3567 2566 3640 (subaud.
2616 3570 2716 3625 hoc
2754 3572 2886 3642 vult)
2939 3579 2995 3626 ut
3049 3575 3102 3628 in
3153 3574 3244 3628 Dei
3296 3576 3526 3632 scicntia

1928 3676 2091 3731 opera
2145 3671 2326 3716 nostra
2372 3665 2671 3719 Consistant
2715 3683 2728 3722 :
2781 3681 2902 3720 cum
2962 3667 3066 3721 sub
3127 3672 3522 3740 nuncupatione

1931 3754 2321 3820 membrorum,
2367 3756 2419 3811 in
2453 3757 2536 3811 bis
2578 3770 2698 3827 qua:
2726 3773 3001 3827 geramus,
3032 3773 3217 3815 eorum
3249 3777 3369 3833 qua:
3398 3777 3526 3818 nos-

1931 3853 2011 3901 tra
2042 3853 2168 3902 sunt
2204 3856 2366 3918 atque
2406 3848 2682 3903 nobiseum
2723 3858 2850 3904 sunt
2887 3851 3220 3908 conscientia
3251 3863 3499 3910 arceatur

2551 3978 2775 4036 CAPUT
2816 3979 2883 4034 ν.

1933 4087 2013 4144 De
2041 4091 2270 4145 oratione
2295 4101 2340 4145 et
2361 4092 2585 4162 jejunio,
2617 4092 2680 4145 de
2698 4093 2937 4147 thesauro
2964 4093 3019 4147 in
3047 4094 3196 4160 calo,
3227 4081 3292 4149 de
3318 4095 3527 4150 lucerna

2003 4185 2254 4252 corporis,
2285 4183 2348 4236 de
2383 4183 2580 4237 duobus
2621 4185 2861 4250 dominis,
2903 4185 2967 4238 de
3010 4187 3119 4239 cibo
3165 4189 3432 4254 ettvestitu,
3466 4189 3531 4244 de

2003 4274 2293 4329 volatilibus
2323 4285 2374 4330 et
2400 4275 2522 4329 (iliis
2552 4276 2664 4348 agri
2684 4285 2732 4329 et
2753 4279 2907 4346 faeno,
2937 4277 3005 4332 de
3033 4277 3379 4333 sollicitudine
3400 4279 3525 4347 diei,

2006 4367 2069 4420 de
2094 4367 2292 4438 festuca
2317 4377 2362 4422 et
2388 4367 2529 4423 trabe
2557 4368 2609 4422 in
2639 4369 2808 4424 oculo.

2010 4484 2066 4536 t.
2098 4481 2357 4536 Orationis
2397 4483 2560 4546 locus,
2590 4495 2696 4535 cor.
2729 4510 2800 4521 —
2829 4481 3025 4536 Clauso
3054 4497 3269 4554 quoque
3298 4485 3533 4541 cubiculi

237 4571 522 4650 ineamus
555 4609 566 4645 ε
609 4607 672 4648 ac
701 4595 778 4647 sic
798 4593 1063 4648 δοηοηπη
1095 4605 1304 4659 eorum,
1335 4592 1530 4661 quis,“
1551 4605 1581 4645 δ
1606 4587 1714 4645 Deo
1755 4591 1830 4644 in.
1859 4575 1911 4635 D
1938 4573 2078 4630 osdo
2102 4574 2357 4644 iubemur
2377 4589 2555 4641 orare,
2587 4582 2744 4644 atque
2774 4571 2828 4627 in
2859 4573 3003 4628 omni
3027 4573 3148 4628 loco
3178 4589 3388 4644 precem
3416 4577 3534 4631 Iun-

238 4683 506 4757 digemus,
541 4683 685 4754 digni
720 4685 1088 4753 reperiamnr;
1123 4696 1242 4737 cum
1275 4681 1548 4737 obtinendi
1583 4685 1830 4736 meritum

237 4775 551 4847 indulgendi
593 4776 926 4831 consuetudo
960 4776 1233 4830 c0nci|iet.
1291 4775 1344 4828 In
1401 4776 1579 4829 ol'licio
1623 4791 1835 4846 quoque

239 4867 316 4940 (ο)
343 4867 725 4938 dispensandae
754 4869 871 4936 eius
891 4882 1052 4937 quam
1077 4867 1380 4936 accepimus
1403 4866 1610 4936 gratiae,
1634 4881 1837 4936 prunos

241 5011 423 5065 urbem
442 5009 735 5063 Jerusalem
775 5018 820 5062 et
877 5009 1122 5078 templum
1173 5017 1219 5061 et
1271 5008 1520 5060 elementa
1563 5008 1834 5076 furantes,

239 5093 504 5206 creastis}:
532 5095 709 5149 nsque
745 5082 975 5134 carnales
1005 5079 1378 5134 benerabantur
1403 5079 1594 5132 honore
1617 5086 1663 5130 et
1688 5081 1836 5130 obse-

241 5170 359 5206 σιιιο
491 5191 504 5206 .

241 5170 359 5224 quia
385 5170 504 5206 να.

316 5244 394 5318 (a)
430 5243 596 5300 Abest
619 5255 776 5312 metu,
801 5262 827 5299 a
858 5246 1014 5310 Bad.,
1045 5245 1160 5310 Er.,
1189 5244 1334 5315 Lips.
1358 5253 1412 5300 et
1442 5242 1681 5314 pluribus
1705 5257 1837 5297 mss.

319 5338 393 5412 (b)
442 5339 572 5395 Bad.
628 5355 747 5395 cum
777 5355 926 5412 gmss.
967 5357 1155 5394 eruere.
1207 5337 1330 5394 Mox
1361 5339 1410 5392 in
1458 5336 1702 5412 vulgatis,
1754 5352 1843 5412 per

244 5409 385 5483 spent
419 5411 600 5464 bonum
631 5425 648 5465 .'
700 5409 790 5465 ubi
817 5411 1162 5483 rcSIituimus
1186 5427 1274 5480 per
1310 5427 1448 5483 spent
1477 5409 1724 5483 bonorum
1755 5409 1842 5483 [u-

248 5478 506 5546 titrornm,
534 5495 598 5536 ex
635 5482 930 5550 potioribus
974 5498 1102 5535 mss.
1149 5478 1224 5536 Ita
1259 5498 1377 5549 cap.
1408 5479 1460 5535 5.
1499 5496 1551 5533 n.
1587 5482 1636 5540 b‘,
1681 5478 1846 5532 habe-

247 5565 391 5616 mus,
417 5568 515 5606 nos
535 5555 588 5606 in
609 5570 745 5623 spent
765 5559 1009 5607 bonorum
1027 5562 1328 5608 wterttorum
1354 5551 1666 5623 conﬁrmari.

322 5626 398 5692 (ε)
436 5621 651 5694 Aliquot
683 5639 810 5678 mss.
844 5641 963 5678 cum
994 5624 1122 5678 Bad.
1153 5637 1203 5678 et
1237 5625 1328 5678 Er.
1365 5621 1746 5692 dispendendw.

325 5693 416 5767 (ἁ)
442 5695 726 5751 Beccensis
750 5695 942 5761 Codex,
971 5696 1198 5764 (tartari.

325 5783 403 5857 (ε)
428 5784 722 5858 Bad.,Er.,
751 5785 894 5858 Lips.
923 5793 977 5841 et
1003 5784 1200 5858 aliquot
1229 5800 1357 5842 mss.
1385 5793 1721 5840 sacramento.
1756 5779 1857 5838 lle-

1941 4668 2071 4723 dere
2109 4667 2399 4723 edocemnr
2428 4667 2639 4739 (Matth.
2687 4683 2768 4732 vi,
2805 4666 2862 4737 6)
2894 4685 2907 4721 :
2936 4677 2990 4722 et
3020 4680 3329 4722 sanctorum
3362 4671 3535 4725 oratio

1943 4762 2082 4817 inter
2108 4759 2267 4826 feras,
2299 4773 2566 4824 carceres,
2595 4758 2859 4827 ﬂammas,
2893 4768 2949 4814 et
2972 4759 3038 4815 de
3076 4761 3339 4829 profundo
3369 4764 3536 4819 maris

1945 4870 2008 4913 ac
2040 4854 2224 4908 bestiae
2247 4864 2434 4908 ventre
2456 4859 2701 4929 suscepta
2730 4861 2813 4907 cst
2847 4850 3020 4924 (lana:
3039 4867 3099 4920 ιι,
3123 4850 3205 4926 2).
3259 4853 3403 4927 Ergo
3430 4871 3537 4915 non

1951 4993 2229 5054 tinendum
2264 4998 2513 5062 putamus
2542 5005 2661 5046 cum
2696 4987 2821 5045 Par.
2854 4998 2908 5044 et
2939 4990 3251 5046 melioribus
3292 5008 3421 5050 mss.
3455 5012 3542 5051 sa-

1949 5069 2242 5124 cramentis.
2270 5061 2383 5120 illic
2420 5064 2561 5118 enim
2595 5064 2700 5117 duo
2753 5061 3004 5132 distingui
3050 5064 3300 5120 videntur
3346 5067 3541 5123 Sacra.

1951 5147 2152 5204 menta,
2185 5151 2410 5210 quorum
2441 5134 2668 5210 alterum
2700 5133 2911 5210 pluvias,
2939 5133 3171 5210 alterum
3196 5140 3301 5190 soli
3325 5153 3545 5210 cntnpa-

1950 5203 2145 5275 retur;
2163 5203 2261 5263 hoc
2290 5208 2432 5260 bouis
2458 5206 2763 5279 conferatur
2785 5206 2851 5279 ad
2880 5203 3002 5279 ﬁdei
3030 5213 3086 5260 et
3113 5203 3541 5279 charitalisaug-

1953 5289 2214 5342 mentum,
2246 5279 2376 5332 illud
2404 5277 2611 5348 injustis
2636 5277 2687 5328 in
2716 5275 3088 5330 remissionem
3117 5293 3454 5344 peccatorum
3479 5275 3544 5335 ct

1952 5352 2333 5409 Iecumlitatem
2369 5348 2628 5401 bonorum
2659 5361 2904 5414 nporum.
2949 5348 3001 5400 In
3047 5349 3184 5402 Itane
3233 5349 3542 5416 Opinionem

1954 5426 2335 5479 Conlirmamnr
2358 5435 2419 5472 ex
2446 5416 2621 5471 verbis
2656 5421 2704 5470 in
2735 5419 2866 5488 psal.
2895 5433 3077 5477 cxvnt,
3103 5433 3157 5470 n.
3188 5419 3219 5469 ὅ
3245 5437 3256 5469 :
3283 5419 3370 5470 Est
3400 5435 3544 5486 ergo,

1956 5506 2201 5566 quantum
2249 5493 2364 5566 licet
2414 5489 2725 5566 existimare,
2772 5493 3014 5566 perfecta!
3057 5488 3195 5566 illius
3243 5488 3546 5540 amandatio

1957 5558 2195 5638 puritatis
2223 5563 2371 5614 etiam
2408 5570 2516 5633 post
2554 5559 2791 5638 baptismi
2817 5575 2975 5626 aquas
3013 5558 3252 5638 reposita,
3290 5571 3427 5638 quq
3452 5573 3548 5612 nos

1959 5624 2121 5690 'sancti
2152 5634 2378 5706 Spiritus
2408 5624 2690 5706 sitrrctiﬁcet
2717 5624 2950 5706 extrema,
2989 5634 3090 5677 etc.
3118 5627 3254 5706 Qua:
3289 5624 3374 5706 hic
3409 5625 3542 5692 bap-

1963 5708 2097 5761 tismi
2122 5715 2172 5760 et
2197 5697 2432 5774 spiritus,
2467 5703 2710 5770 superius
2742 5714 2794 5751 η’.
2827 5697 2911 5760 to,
2940 5707 3088 5762 aqua?
3111 5697 3337 5764 ignisque
3365 5708 3549 5752 sacra.

1964 5790 2146 5834 menta
2175 5776 2348 5832 vocati
2370 5775 2672 5844 opinamur.
