3974 6198
519 292 628 348 9ιό

1723 283 1969 340 SANCTI
2009 282 2266 340 IIILARII
2305 283 2613 345 EPISCOPI

3710 291 3820 346 θα

515 407 726 464 occulta
760 406 971 470 domus,
1003 403 1099 460 sed
1128 403 1307 458 cordis
1336 403 1506 460 nostri
1534 402 1840 459 cubiculum
1873 403 2098 474 ingredi,
2130 402 2181 461 Α
2277 404 2330 458 4.
2357 405 2646 470 Corporum
2671 406 2882 460 claritas
2903 414 2996 460 aut
3027 405 3243 462 tenebra:
3262 415 3466 463 teternte
3499 423 3594 475 pro
3625 407 3827 463 diversa

521 510 577 556 et
604 501 787 556 clauso
814 499 1009 551 mentis
1033 503 1232 550 nostrae
1257 504 1472 551 secreto
1501 510 1657 551 orare
1690 495 1755 549 ad
1789 495 1978 560 Deum,
2007 509 2114 550 non

520 591 880 659 multiloqnio,
909 588 1003 644 sed
1030 587 1362 643 conscientia
1396 587 1766 653 admonemur,
1796 587 1918 657 quia
1944 585 2116 642 dicto-

520 700 636 739 rum
667 683 846 738 verbis
885 697 1019 752 opus
1073 696 1234 737 omne
1285 681 1578 750 praecellat.
1611 681 1685 753 (α)
1737 681 1812 735 De
1851 680 2114 736 orationis

525 789 707 835 autem
739 787 1079 834 sacramento
1102 777 1423 833 necessitate
1463 791 1560 832 nos
1589 775 1985 832 commentandi
2013 773 2116 846 Cy-

517 872 742 940 prianus
766 871 848 925 vir
875 879 1074 925 sanctae
1104 872 1379 924 memoria:
1406 868 1675 941 liberavit.
1701 867 2037 938 Quamquam
2061 875 2117 922 et

523 960 1030 1018 Tertullianushine
1050 962 1300 1017 volumen
1323 961 1657 1031 aptissimum
1685 960 1992 1030 scripserit:
2017 959 2114 1014 sed

529 1072 868 1128 consequens
894 1071 1050 1114 error
1071 1055 1324 1122 hominis,
1357 1054 1591 1111 detraxit
1617 1053 1829 1126 scriptis
1860 1052 2113 1124 probabi-

524 1150 664 1206 libus
695 1149 1089 1206 auctoritatem.
1475 1158 1483 1162 ·

587 1242 644 1296 2.
677 1241 973 1313 Jejunantis
1002 1243 1067 1297 sit
1092 1241 1400 1297 conscientia
1421 1258 1575 1313 pura,
1603 1249 1651 1294 et
1680 1241 1810 1294 bona
1837 1256 2014 1312 opera.
2042 1267 2114 1280 -—

520 1331 649 1388 Cum
677 1345 846 1388 autent
868 1333 1142 1407 jejunatis,
1187 1334 1344 1388 nolite
1370 1334 1482 1402 ﬁeri
1511 1335 1644 1387 sicut
1685 1333 1967 1403 hypocrita:
1995 1331 2113 1388 tris-

514 1437 590 1480 tes
617 1443 636 1480 :
662 1427 998 1481 exterminant
1025 1431 1160 1480 enim
1191 1427 1348 1496 {acies
1373 1441 1514 1488 suas,
1546 1432 1600 1477 ut
1629 1435 1841 1492 pareant
1884 1423 2110 1476 homini-

516 1517 939 1590 busjejunautes,
968 1524 1075 1572 etc.
1113 1515 1278 1587 (Ibid.
1308 1515 1374 1570 16
1402 1524 1450 1570 et
1482 1515 1594 1584 l7).
1621 1514 1955 1584 Jejuniorum
1987 1529 2114 1583 pro-

514 1610 713 1666 fectqu
745 1609 904 1666 docet
924 1616 1079 1664 extra
1099 1608 1415 1679 jactantiam
1449 1608 1680 1663 conlecti
1715 1605 1960 1674 corporis
1991 1619 2113 1661 esse

515 1710 787 1772 Oportere,
833 1715 1006 1769 neque
1031 1699 1099 1754 de
1129 1697 1204 1769 (b)
1246 1699 1454 1767 injuri.e
1485 1697 1846 1752 ostentatione
1874 1695 2110 1751 favorem

2220 498 2414 552 ratione
2457 499 2763 552 animorum.
2790 529 2862 538 —
2885 497 3120 553 Lucerna
3163 500 3394 568 corporis
3431 500 3508 553 tui
3539 509 3614 553 est
3638 500 3827 553 oculus

2219 600 2333 646 tuus
2355 589 2519 662 (Ibid.
2548 589 2665 663 22).
2705 589 3001 646 Continens
3031 607 3224 647 sensus
3248 601 3350 646 est.
3386 593 3463 646 De
3503 592 3648 646 oeuli
3674 593 3822 646 enim

2179 668 2288 755 ’(Ῑ)
2335 684 2552 738 luminis
2599 684 2781 739 oflicio
2807 684 2986 740 lumen
3030 683 3208 740 cordis
3253 685 3542 754 expressit.
3582 683 3745 752 Quod
3785 683 3831 737 si

2221 775 2448 846 simplex
2481 786 2533 831 et
2562 777 2794 832 lucidum
2823 778 3082 842 manebit;
3113 778 3412 833 claritatem
3439 779 3635 833 aeterni
3663 779 3828 833 lumi-

2220 868 2304 922 nis
2345 867 2559 937 corpori
2601 868 2822 935 tribuet,
2852 878 2908 923 et
2949 869 3290 939 splendorem
3335 869 3566 939 originis
3595 868 3678 940 (g)
3714 883 3831 925 sua:

2219 961 2550 1031 corruptioni
2581 962 2760 1016 carnis
2791 961 3050 1017 infundet.
3084 963 3139 1017 Si
3164 970 3344 1016 autem
3372 961 3671 1017 obscurum
3697 977 3829 1032 pec-

2217 1053 2373 1120 catis,
2403 1062 2458 1108 et
2488 1054 2762 1109 voluntate
2789 1055 2892 1108 erit
2923 1070 3148 1124 nequam
3173 1069 3187 1118 ;
3215 1053 3358 1108 vitiis
3389 1053 3593 1110 mentis
3629 1063 3826 1108 natura

2217 1149 2460 1220 corporis
2488 1147 2806 1218 subjacebit.
2843 1147 2908 1202 Et
2941 1149 2983 1202 si
3029 1147 3231 1214 lumen,
3262 1147 3402 1218 quod
3429 1149 3482 1202 in
3528 1147 3689 1204 nobis
3721 1155 3829 1213 est,

2219 1241 2566 1296 tenebrosum
2593 1241 2694 1305 sit;
2739 1248 2966 1309 quantas
3011 1253 3234 1294 necesse
3274 1247 3360 1294 est
3397 1242 3643 1308 ipsarum
3677 1246 3833 1294 tene-

2219 1331 2342 1386 bras
2370 1346 2490 1387 esse
2513 1331 2851 1386 tenebrarum
2875 1328 3037 1403 (Ibid.
3065 1329 3200 1400 23)?
3231 1332 3351 1400 quia
3373 1329 3485 1397 jam
3516 1329 3832 1400 periculose

2218 1423 2395 1478 soleat
2423 1423 2586 1477 animi
2611 1422 2957 1492 generositati
2986 1430 3214 1477 terreure
3240 1421 3420 1476 carnis
3449 1421 3648 1477 vitiosa
3674 1423 3830 1492 origo

2218 1514 2504 1581 dominari,
2535 1515 2798 1586 longeque
2826 1515 2998 1585 magis
3041 1523 3256 1583 peccata
3300 1529 3591 1586 corporum
3647 1515 3835 1585 ingra-

2220 1621 2464 1675 vescere,
2520 1607 2564 1663 si
2611 1609 2780 1663 etiam
2823 1606 3206 1676 cupiditatibus
3245 1607 3573 1678 adjuveutur
3616 1608 3834 1664 animo-

2219 1715 2336 1754 rum
2365 1717 2377 1752 :
2406 1715 2472 1755 ex
2499 1698 2764 1771 eoqueUt)
2788 1699 2903 1754 fieri
2927 1710 3122 1770 praeter
3145 1707 3390 1755 naturam
3411 1713 3569 1755 suam
3591 1717 3830 1772 corpora

522 1794 759 1864 gentium
792 1791 1250 1858 consectandum;
1285 1791 1378 1846 sed
1401 1806 1561 1846 omne
1586 1791 1851 1861 jejunium
1884 1792 1934 1844 in
1962 1805 2118 1846 sanc—
2146 1792 2196 1852 B
2223 1805 2404 1850 DOSII'a
2437 1795 2744 1860 tenebrosa,
2790 1794 2835 1847 si
2863 1793 2916 1849 in
2944 1795 3052 1849 illis
3078 1796 3336 1851 mentium
3371 1797 3554 1852 lumen
3588 1801 3832 1854 exstinc-

518 1893 589 1940 tae
615 1885 946 1954 operationis
972 1885 1168 1940 decore
1196 1885 1527 1955 ponendum.
1561 1885 1747 1939 Ulemn
1789 1886 1932 1940 enim
1973 1885 2118 1939 fruc-

516 1987 628 2032 tum
657 1976 1041 2032 misericordia:
1057 1991 1199 2042 esse,
1228 1977 1464 2031 etelestis
1491 1987 1544 2031 et
1565 1977 1912 2048 propheticus
1935 1990 2116 2031 sermo

518 2077 623 2125 est.
661 2073 798 2140 lirgo
839 2068 1093 2123 bonitatis
1123 2068 1377 2138 operibus
1413 2077 1576 2136 caput
1608 2075 1875 2134 nostrum,
1925 2067 1978 2122 id
2009 2077 2112 2133 est,

515 2164 640 2218 vita:
674 2171 872 2216 nostra:
903 2173 1097 2216 sensus
1139 2159 1416 2214 ornandus
1445 2169 1558 2225 est;
1590 2160 1712 2228 quia
1758 2158 2116 2228 intelligentia

515 2253 694 2310 omnis
717 2252 770 2308 in
800 2252 978 2322 capite
1007 2260 1090 2306 est
1121 2267 1133 2304 :
1157 2251 1452 2320 sordesque
1479 2251 1531 2305 in
1556 2250 1689 2305 facie
1716 2250 2018 2317 abluenda),
2047 2267 2115 2306 ne

517 2344 646 2416 quid
664 2343 988 2399 sithorroris
1009 2358 1076 2396 ex
1097 2342 1261 2406 vitiis,
1283 2342 1375 2396 sed
1401 2342 1569 2410 magis
1585 2341 1751 2410 gratia
1775 2341 2023 2396 candoris
2045 2341 2115 2396 sit

521 2438 574 2492 iu
605 2438 680 2508 (c)
705 2451 932 2492 occursu
963 2452 975 2488 :
1006 2443 1166 2506 atque
1208 2433 1278 2489 ita
1321 2449 1420 2489 nos
1470 2435 1636 2508 690
1690 2436 1742 2489 in
1770 2435 2113 2506 splendorem

525 2530 682 2585 bona:
708 2528 1058 2586 conscientiae
1083 2528 1279 2592 elutos,
1309 2537 1360 2581 et
1392 2527 1444 2582 in
1481 2531 1706 2598 gratiam
1748 2527 2114 2583 misericordis

516 2627 698 2695 Operis
735 2623 1028 2684 delibutus,
1075 2622 1184 2676 Deo
1215 2620 1420 2690 jejunia
1473 2628 1656 2674 nostra
1702 2619 2107 2676 commendent.

518 2715 787 2772 Caeterum
805 2716 1066 2786 fugientes
1095 2713 1145 2767 in
1169 2714 1388 2784 jejuniis
1419 2713 1694 2768 hominum
1725 2714 2110 2769 conscientiam

516 2808 596 2881 (ά)
623 2809 798 2864 unctis
824 2807 1111 2878 capitibus,
1146 2817 1202 2862 et
1249 2806 1461 2861 ridiculi
1494 2808 1663 2878 magis
1689 2806 1912 2874 erimus,
1942 2817 1995 2862 et
2021 2821 2114 2862 eo-

515 2900 680 2972 gniti.

584 2995 638 3048 3.
673 2991 776 3048 Ubi
795 3007 882 3047 cor
913 2991 1016 3057 hic,
1042 2991 1110 3045 ibi
1134 2999 1246 3060 post
1273 2990 1404 3044 hanc
1425 2991 1578 3045 vitam
1599 2989 1974 3045 erit.—-Nolite
2003 2997 2114 3046 the-

513 3087 779 3141 saurizare
797 3085 934 3139 vobis
957 3084 1222 3138 thesauros
1244 3084 1296 3136 in
1325 3092 1480 3146 terra,
1511 3093 1564 3138 et
1583 3084 1788 3151 reliqua
1810 3081 1966 3152 (Ibid.
1998 3083 2110 3156 19).

2223 1896 2333 1940 tum
2365 1886 2456 1950 sit;
2483 1885 2627 1956 quod
2654 1887 2698 1939 si
2728 1901 2822 1955 per
2848 1885 3244 1956 simplicitatem
3277 1887 3504 1959 spiritus
3526 1890 3830 1946 retinueri-

2217 1993 2358 2042 mus,
2382 1978 2582 2032 lumine
2608 1992 2708 2032 suo
2730 1993 2953 2034 necesse
2975 1988 3058 2034 est
3087 1989 3142 2034 et
3161 1995 3355 2051 corpus
3385 1981 3679 2037 illuminet.

2288 2070 2341 2126 5.
2378 2069 2485 2124 Deo
2507 2080 2553 2125 et
2578 2074 2768 2126 steculo
2805 2074 2985 2128 serviri
3007 2074 3198 2142 nequit.
3223 2103 3293 2114 —
3317 2073 3483 2130 Nemo
3502 2086 3674 2148 potest
3696 2077 3824 2131 duo-

2222 2162 2316 2216 bus
2350 2165 2571 2218 dominis
2606 2166 2813 2228 servire.
2859 2177 2962 2222 etc.
2991 2167 3154 2236 (Ibid.
3194 2167 3310 2232 24).
3346 2169 3513 2222 Duum
3568 2169 3821 2226 domino-

2217 2273 2334 2313 rum
2367 2259 2580 2314 inlidele
2613 2259 2891 2323 servitium
2929 2267 3031 2327 est,
3070 2275 3169 2316 nec
3213 2276 3309 2331 par
3345 2261 3591 2331 ejusdem
3634 2271 3813 2332 potest

2223 2365 2344 2406 esse
2369 2349 2434 2404 ad
2465 2351 2722 2406 smculum
2763 2361 2923 2420 atque
2967 2351 3033 2406 ad
3081 2351 3246 2406 Deum
3291 2367 3438 2407 cura.
3471 2351 3530 2408 In
3574 2354 3807 2409 alterum

2216 2442 2357 2496 enim
2391 2457 2614 2497 necesse
2641 2450 2728 2498 est
2761 2443 2939 2498 odium
2969 2446 3059 2508 sit,
3104 2444 3155 2498 in
3180 2445 3407 2500 alterum
3457 2460 3616 2502 amor
3647 2448 3810 2516 :quia

2216 2533 2359 2590 idem
2388 2548 2524 2604 Opus
2547 2534 2776 2590 diversae
2806 2535 3148 2591 dominorum
3181 2553 3285 2606 non
3315 2538 3608 2594 conveniat
3628 2539 3818 2594 volun-

2226 2626 2344 2690 tati,
2374 2639 2472 2678 nec
2501 2641 2767 2695 pauperes
2805 2627 2996 2697 spiritu
3037 2627 3148 2683 Deo
3190 2629 3468 2698 placentes
3510 2631 3817 2688 ambitiosa:

2223 2718 2406 2773 saeculi
2439 2717 2596 2787 hujus
2621 2719 2828 2788 possint
2853 2719 2960 2789 apti
2992 2735 3111 2774 esse
3127 2720 3421 2788 jactantite.

2299 2811 2348 2865 6.
2386 2811 2581 2865 chuli
2609 2821 2900 2881 contemptu
2928 2813 3111 2866 coelum
3133 2829 3292 2866 unum
3335 2815 3560 2886 suspiret
3586 2816 3810 2871 animus.

2217 2933 2288 2943 —
2314 2901 2441 2956 Ideo
2467 2903 2580 2957 dico
2609 2904 2764 2972 vobis,
2809 2920 2871 2958 ne
2914 2905 3140 2975 cogitetis
3167 2905 3222 2958 in
3256 2905 3413 2959 corde
3454 2917 3644 2972 vestro,
3695 2907 3816 2978 quid

2217 2995 2748 3066 manducetis;neque
2761 2998 2960 3065 corpori
2982 3005 3166 3059 vestro,
3192 2996 3319 3066 quid
3349 2997 3597 3052 oestiatis.
3629 2996 3812 3052 Nonne

2217 3087 2390 3141 anima
2416 3096 2581 3140 vestra
2610 3086 2776 3156 pluris
2804 3095 2879 3140 est
2907 3103 3060 3156 quam
3089 3102 3222 3148 esca,
3257 3096 3302 3140 et
3333 3103 3522 3155 corpus
3550 3088 3722 3158 pluris
3741 3095 3812 3143 est

515 3178 888 3236 Praetermissa
917 3177 1077 3247 igitur
1117 3175 1367 3230 humanm
1392 3175 1578 3245 gloriae
1604 3185 1660 3230 et
1686 3176 1976 3245 opulentiae
2001 3177 2110 3232 sol-
2137 3170 2181 3233 C
2213 3197 2368 3252 quam
2407 3180 2756 3233 vestimentum
2789 3177 2954 3249 (Ibid.
2987 3179 3081 3248 25)
3107 3179 3130 3232 ’ἒ
3167 3179 3550 3248 Coutemptum
3602 3183 3808 3246 saeculi,

512 3271 816 3336 licitudine,
865 3284 1080 3325 omnem
1113 3268 1357 3338 placendi
1401 3269 1512 3324 Deo
1548 3284 1732 3324 curam
1763 3269 1900 3324 sumi
1941 3285 2108 3340 opor-

512 3374 627 3421 tere
656 3365 990 3419 demonstrat
1020 3380 1032 3415 :
1061 3362 1183 3433 quia
1220 3363 1508 3416 humanam
1537 3361 1749 3417 laudem
1782 3362 1864 3418 vel
1903 3378 2108 3434 corpo-

515 3471 633 3512 rum
662 3453 812 3519 vitia,
844 3453 929 3509 vel
954 3452 1279 3508 obtrectatio
1301 3452 1652 3508 invidentium
1679 3463 1994 3522 corrumpat
2017 3469 2032 3518 ;
2055 3463 2110 3509 et

516 3549 606 3605 hic
633 3547 918 3604 thesaurus
954 3546 1218 3615 pecuniae,
1246 3555 1336 3599 aut
1371 3544 1700 3600 detrimento
1747 3545 1814 3599 sit
1841 3546 2110 3614 periculo-

513 3657 629 3707 sus,
677 3650 769 3696 aut
798 3640 959 3694 furto.
995 3637 1264 3694 Caeterum
1317 3639 1431 3694 laus
1474 3638 1713 3695 caelestis
1751 3645 1950 3694 teterna
2001 3649 2105 3705 est,

516 3748 620 3789 nec
643 3731 985 3799 subrepentis
1007 3731 1150 3786 furto
1179 3729 1563 3793 subtrahenda,
1595 3746 1694 3786 nee
1724 3730 1869 3785 tinea
1895 3740 1988 3785 aut
2018 3748 2112 3786 ru-

512 3827 694 3896 bigine
731 3823 946 3879 invidia:
989 3823 1304 3879 exedenda:
1332 3822 1498 3878 corde
1540 3833 1726 3877 nostro
1766 3823 1948 3878 sedem
1990 3825 2110 3880 the-

517 3917 664 3973 sauri
690 3924 866 3970 utram
890 3916 960 3968 sit
987 3914 1057 3986 (θ)
1088 3924 1333 3968 secutum
1366 3913 1639 3976 habituro,
1663 3925 1716 3969 et
1744 3915 2113 3985 intelligentiae

516 4016 719 4064 nostrm
749 4005 949 4061 lumine
975 4015 1066 4059 aut
1095 4018 1216 4059 cum
1259 4004 1482 4074 pecunia
1507 4003 1766 4060 damnosa
1795 4003 1990 4073 futuro,
2022 4015 2116 4062 aut

515 4116 636 4156 cum
665 4083 1152 4169 Deosempiterno.

590 4266 748 4341 (alio
779 4264 1042 4341 mssrhie
1069 4260 1458 4341 dumta‘xatﬁt
1494 4258 1705 4314 initium
1735 4258 1928 4341 capitis
2040 4259 2113 4341 Ut

517 4331 608 4394 hic
635 4331 882 4398 llilarius,
915 4336 989 4391 ita
1018 4333 1336 4388 Ambrosius
1365 4331 1558 4386 Lucam
1581 4331 1906 4401 esponendo
1934 4332 2111 4386 domi-

515 4412 690 4467 nieam
718 4409 1014 4464 orationem
1048 4403 1411 4473 prtetermisit.

590 4479 668 4551 (b)
701 4477 854 4551 Bad._.
887 4477 977 4551 Er.
1019 4472 1076 4530 et
1100 4474 1246 4551 Lips.
1281 4473 1482 4551 inedia.
1527 4472 1598 4528 At
1623 4472 1748 4551 Par.
1777 4487 1899 4527 cum
1930 4472 2106 4526 omni-

2215 3282 2270 3327 et
2296 3272 2542 3327 fiduciam
2572 3272 2871 3326 futurorum
2901 3281 3014 3326 toto
3042 3275 3321 3341 superiore
3347 3274 3512 3346 691
3559 3290 3811 3331 sermone

2216 3375 2564 3435 praeceperat.
2593 3364 2724 3419 Nam
2751 3379 2873 3420 cum
2893 3363 2960 3419 ad
2987 3364 3236 3434 injuriam
3266 3381 3465 3435 pronos
3491 3368 3651 3437 jubet
3669 3383 3807 3432 esse.

2215 3469 2269 3512 et
2298 3459 2362 3511 ad
2395 3457 2649 3512 damnum
2679 3457 3030 3524 voluntarios,
3061 3467 3115 3511 et
3158 3457 3222 3510 ad
3256 3458 3513 3513 ultionem
3543 3461 3810 3530 negligen—

2216 3559 2317 3616 tes,
2336 3559 2392 3604 et
2420 3549 2485 3602 ad
2515 3548 2844 3619 diligendum
2875 3549 2939 3619 (i)
2967 3549 3326 3619 promiscuos,
3352 3559 3409 3605 et
3428 3550 3495 3604 ad
3523 3552 3806 3606 humanam

2217 3641 2440 3712 gloriam
2473 3641 2805 3706 incuriosos;
2845 3640 3159 3696 confirmari
3201 3657 3299 3695 uos
3341 3642 3394 3696 in
3444 3657 3598 3712 spem
3645 3643 3808 3698 bono-

2213 3750 2331 3788 rum
2375 3742 2702 3789 aetcrnorum
2733 3732 2959 3788 laborat.
2990 3732 3181 3788 Plures
3219 3733 3364 3788 enim
3395 3743 3453 3789 et
3493 3749 3650 3790 amor
3676 3750 3808 3805 prae-

2214 3827 2471 3891 sentium,
2503 3836 2557 3881 et
2599 3825 2905 3896 desperatio
2933 3824 3237 3879 futurorum
3286 3826 3526 3881 incertos
3554 3826 3683 3882 facit
3711 3843 3726 3881 :
3754 3834 3806 3881 et

2215 3925 2304 3971 aut
2335 3916 2605 3972 illecebris
2633 3916 2797 3986 capit,
2837 3924 2930 3970 aut
2960 3914 3270 3972 infidelitate
3309 3915 3597 3972 confundit
3622 3924 3643 3972 ἐ
3671 3916 3801 3988 Ergo

2216 4025 2438 4080 regnum
2493 4009 2792 4077 etnlorum,
2851 4007 2993 4078 quod
3056 4007 3338 4080 propheta:
3393 4011 3799 4076 nuntiaverunt,

2215 4101 2448 4158 Joannes
2476 4102 2808 4173 praedicavit,
2839 4102 3096 4157 Dominus
3127 4109 3312 4157 noster
3339 4100 3394 4157 in
3423 4117 3484 4158 se
3511 4117 3635 4159 esse
3663 4102 3798 4176 posi-

2219 4261 2288 4318 ad
2317 4261 2500 4318 sedem
2532 4262 2619 4317 vel
2653 4262 2706 4316 in
2749 4261 2858 4317 Deo
2885 4262 2968 4317 vel
2995 4261 3047 4317 in
3074 4261 3296 4332 pecunia
3343 4262 3649 4318 habendam
3694 4277 3798 4319 rec-

2216 4335 2322 4388 tius
2345 4335 2593 4389 relertur.
2625 4333 2753 4388 Post
2796 4333 2851 4387 in
2878 4332 3069 4388 iisdem
3097 4333 3345 4387 damnoso
3377 4351 3397 4386 :
3431 4335 3534 4390 hoc
3559 4336 3626 4389 ad
3651 4333 3797 4389 intel—

2216 4405 2451 4474 ligentiaa
2488 4405 2666 4459 lumen
2701 4403 2888 4458 referri
2927 4414 3104 4473 queat,
3135 4405 3276 4473 quod
3308 4405 3359 4458 in
3391 4407 3621 4473 pecunia
3657 4406 3797 4461 dam-

2213 4490 2429 4538 nosum,
2461 4477 2513 4528 iu
2550 4478 2658 4530 Deo
2685 4475 3073 4544 sempiternum
3106 4474 3341 4530 futurum
3372 4478 3468 4531 sit.

513 4543 616 4640 ‘bllé
647 4543 1024 4640 ifis§1__f_’i_j“riw
1049 4564 1062 4601 ³
1091 4544 1232 4615 (Ιιιοίι
1271 4545 1527 4599 mendose
1569 4543 1827 4612 εοτίρίυῐη
1857 4551 2104 4613 Ρυιθιηυε
2133 4568 2189 4630 1)
2252 4565 2354 4640 7([)
2382 4565 3038 4640 Vocabulum_luminis‘in
3076 4566 3304 4640 vulgatis
3347 4570 3632 4630 omissum.
3678 4583 3795 4638 sup-

513 4624 635 4678 IOCo
661 4619 889 4674 incuria}.

591 4689 662 4766 (c)
684 4690 788 4766 llic
831 4688 1020 4766 supple
1049 4685 1144 4766 Dei
1181 4686 1516 4766 vocabulum.
1540 4684 1676 4766 .Janm.
1705 4683 1847 4738 enim
1880 4683 2109 4766 legimus

516 4753 726 4832 carifl,
753 4777 808 4816 η.
839 4759 872 4814 7
900 4753 1021 4832 Epeos
1065 4758 1193 4832 visui
1228 4765 1274 4810 et
1317 4756 1551 4832 occursui
1583 4753 1676 4832 Dei
1719 4770 1827 4809 esse
1853 4765 2103 4832 patentes.

515 4827 719 4904 quibus
729 4849 818 4898 per
845 4831 1001 4904 animi
1023 4830 1236 4904 nitorem
1265 4843 1324 4880 ac
1353 4828 1468 4904 vitta
1496 4827 1764 4904 puritatem
1795 4834 2015 4904 potestas
2041 4829 2108 4904 sit

518 4891 810 4961 contueiidi.
846 4903 1099 4970 Utroque,
1129 4898 1181 4952 in
1222 4898 1340 4951 loco
1362 4891 1578 4970 videtur
1617 4891 1807 4964 réspici
1851 4898 2104 4965 parabola

515 4979 809 5045 virginum,
837 4966 1028 5045 quibus
1075 4969 1272 5045 dicitur
1304 4985 1316 5019 :
1352 4966 1482 5021 Ecce
1519 4983 1738 5045 sponsus
1769 4970 1921 5045 venit,
1972 4970 2106 5022 exite

517 5038 714 5102 obviam
743 5045 807 5098 ei.
836 5038 1065 5096 llursutn
1097 5041 1219 5094 huic
1245 5039 1417 5093 lucem
1450 5042 1658 5093 confert
1684 5038 1814 5092 illud
1847 5055 1911 5092 ex
1942 5046 2097 5092 tract.

517 5134 600 5187 ps.
649 5132 771 5180 CXL,
799 5133 850 5167 u.
874 5113 944 5187 9_:
993 5111 1058 5164 In
1106 5111 1355 5187 abluenda
1391 5109 1522 5187 [acie
1548 5110 1765 5187 nitorem
1790 5123 1932 5177 parte
1973 5124 2097 5187 con:

515 5180 741 5243 scientia:
779 5184 964 5251 exegit,
1015 5198 1077 5234 ne
1104 5180 1226 5250 quid
1266 5182 1317 5234 in
1365 5180 1506 5233 nobis
1545 5180 1826 5242 sordidum,
1876 5195 1939 5251 ne
1975 5180 2100 5243 quid

517 5258 728 5314 oblitum
759 5250 1039 5306 adlicereret
1069 5267 1086 5305 :
1112 5254 1162 5304 in
1203 5253 1370 5322 capite
1402 5267 1517 5304 vero
1548 5251 1802 5319 ungenda,
1850 5250 2097 5304 doctrinis

513 5347 608 5384 nos
631 5337 782 5392 atque
808 5322 1043 5394 operibus
1068 5323 1313 5393 spiritalis
1344 5322 1671 5376 institutionis
1713 5323 1958 5390 perfectos
1989 5337 2094 5375 esse

549 5398 774 5456 rtecepit.

510 5416 1050 5542 p’féfpéfirntttensis
1105 5463 1299 5542 cedes,
1342 5463 1556 5542 comptis
1598 5461 1868 5542 capitibus.
1916 5459 2100 5542 Monet

517 5533 872 5612 Hieronymus
898 5537 1176 5612 Chri_stu_m_
1217 5534 1306 5612 hic_
1347 5533 1664 5612 loquijuxta
1694 5533 1848 5585 ritum
1889 5533 2097 5612 provin-

509 5615 604 5666 cia:
631 5603 922 5673 Palestinw,
946 5606 1031 5659 ubi
1075 5603 1249 5656 diebus
1278 5603 1419 5675 festis
1441 5606 1598 5656 solent
1620 5619 1804 5675 ungere
1829 5604 2018 5672 capita.

586 5680 655 5751 (ε)
684 5681 738 5734 lu
767 5679 1016 5751 vulgatis,
1059 5673 1659 5751 secutus_3_soltecismus
1694 5673 1859 5742 quem
1907 5688 2094 5751 emen:

513 5744 648 5806 dant
673 5764 798 5804 mss.
829 5744 966 5803 Ante
996 5749 1051 5802 in
1075 5744 1344 5803 nonnullis
1367 5752 1559 5811 utrum,
1589 5757 1696 5799 non
1727 5745 2087 5816 utramzquod

2213 4637 2425 4708 pleinus
2446 4653 2512 4708 ex
2538 4652 2669 4692 mss.
2700 4638 2789 4692 Sic
2815 4646 2870 4692 et
2908 4637 3040 4692 intra
3079 4653 3134 4691 n.
3165 4638 3218 4704 7,
3262 4653 3368 4692 non
3393 4640 3712 4707 simpliciter
3735 4637 3796 4693 ex

2213 4707 2382 4775 oculo,
2411 4707 2529 4775 sed,
2559 4724 2621 4764 ea:
2646 4709 2778 4763 oculi
2809 4709 2998 4762 lumine
3028 4709 3232 4778 corpori
3253 4724 3452 4779 quoque
3477 4711 3791 4780 splendorem

2209 4781 2504 4849 spOpondit.

2275 4799 2303 4834 0
2341 4799 2504 4834 0mm.

2237 4799 2364 4922 p6)
2400 4850 2632 4904 llilarius
2663 4848 2783 4912 hic,
2812 4857 3050 4904 veterum
3081 4863 3253 4922 more,
3281 4848 3525 4922 animam
3561 4859 3789 4908 nostram

2207 4921 2413 4991 Spectat
2440 4933 2495 4975 ut
2523 4938 2588 4976 ex
2618 4931 2808 4991 natura
2845 4936 2938 4974 sua
2967 4921 3250 4990 quamdam
3280 4921 3478 4984 lucem,
3510 4923 3787 4991 quemdam

2208 4990 2570 5064 splendorem.
2600 4991 2688 5064 Sic
2715 5007 2743 5045 a
2771 4990 3032 5064 Gregorio
3064 4991 3194 5046 Νη.
3226 4993 3318 5046 0r.
3349 5008 3457 5047 XLII
3489 4990 3615 5064 post
3638 5008 3786 5064 quam

2208 5081 2356 5117 num.
2403 5065 2490 5126 12.
2527 5063 2653 5116 dit-ti
2694 5069 2820 5116 sunt
2861 5063 3034 5130 angeli
3075 5064 3284 5116 secundi
3317 5063 3619 5132 splendores
3648 5063 3790 5133 primi

2203 5135 2491 5204 splendoris
2517 5133 2825 5199 administri,
2853 5147 3001 5186 unm.
3039 5133 3127 5199 15,
3158 5135 3318 5189 homo
3344 5135 3646 5190 secundum
3683 5136 3788 5190 ani-

2204 5221 2346 5259 tnam
2378 5205 2588 5278 angelus
2611 5205 2745 5257 alius
2777 5214 3138 5273 nuncupatur.

2272 5296 2352 5368 (Ii)
2389 5296 2539 5358 Apud
2568 5295 2687 5368 Par.
2723 5295 2918 5368 fuerit:
2945 5303 3217 5364 corrupte.
3257 5294 3391 5350 Tum
3429 5309 3619 5365 prteter
3642 5308 3784 5354 nats-

2208 5365 2511 5428 ram'snam,
2547 5367 2595 5419 id
2626 5372 2729 5429 est,
2755 5365 2985 5434 amplius
3009 5382 3168 5435 quam
3199 5381 3265 5421 ex
3304 5377 3496 5425 natura
3536 5386 3632 5424 sua
3661 5374 3781 5434 sint,

2207 5441 2358 5508 quasi
2419 5447 2610 5505 printer
2651 5438 2920 5508 naturales
2950 5438 3254 5508 _tenebras,
3314 5453 3483 5494 novas
3535 5441 3781 5504 quasdam

2205 5506 2518 5563 contrahant
2545 5507 2810 5563 exstincto
2831 5506 3034 5563 lumine
3056 5509 3347 5573 mentium;
3374 5512 3512 5581 quod
3541 5513 3718 5568 lumen
3743 5511 3779 5566 si

2199 5581 2572 5641 retinuerimus,
2613 5588 2720 5633 etc.

2271 5670 2334 5740 (i)
2360 5670 2470 5724 Hoc
2497 5678 2602 5732 est.
2633 5668 2701 5741 ad
2726 5667 3027 5741 diligendos
3054 5671 3260 5726 amicos
3288 5673 3369 5727 vel
3398 5672 3675 5741 inimicos,
3696 5688 3778 5729 seu

2195 5741 2263 5799 ad
2283 5738 2426 5796 bene
2453 5741 2536 5798 vel
2568 5740 2706 5796 male
2732 5739 2834 5795 sibi
2863 5738 3122 5797 facientes
3144 5743 3453 5812 promiscue
3484 5761 3546 5801 se
3570 5738 3772 5802 habere.
