3974 6198
161 235 285 295 945

1107 251 1656 317 COMMENTARIUS
1694 259 1764 318 IN
1802 262 2231 327 MATTHAEUM.
2268 269 2424 329 CAP.
2472 273 2532 330 V.

3363 290 3470 350 946

158 367 290 462 tum
319 369 422 462 est.
442 363 741 462 professus,
775 368 890 424 vult
916 369 1034 426 sine
1059 371 1235 444 aliqua
1276 372 1501 432 incerta:
1527 377 1774 434 volunta-
1799 383 1855 444 Α
1949 381 2004 439 8.
2035 382 2113 439 De
2126 389 2496 445 resurrectione
2515 393 2750 462 quadam
2777 394 2937 452 dubia
2966 400 3254 460 solvuntur.
3273 435 3344 445 —
3362 406 3471 462 Sed

159 452 627 553 tis-ambiguitate
663 461 870 553 sperari
903 462 1177 533 :alioquin
1215 464 1530 534 jttstilicatio
1570 483 1639 524 ex
1673 468 1777 525 ﬁde
1878 475 2005 546 quia
2056 485 2343 549 corruptus
2389 452 2538 537 circa
2583 484 2886 543 futurorum
2939 452 3469 553 curamninlideliu-tn

159 548 327 604 nulla
372 560 475 619 est,
523 551 569 606 si
610 552 744 609 ﬁdes
788 554 899 624 ipsa
947 552 1038 611 ﬁat
1074 557 1346 629 ambigua.
1392 558 1560 630 Igitur
1587 576 1772 618 curam

160 640 382 696 nullam
404 657 526 699 esse
555 644 781 699 vestitus
811 654 868 702 et
894 646 997 703 cibi
1026 649 1289 720 prtecipit,
1318 650 1508 709 dicens
1545 662 1600 708 et
1629 654 1771 710 escis

159 730 435 797 animam,
468 742 523 789 et
545 734 668 791 cibo
698 751 896 808 corpus
921 754 1042 796 esse
1071 741 1382 809 pretiosius.

240 823 299 878 7.
351 824 521 881 Altior
558 843 738 882 sensus
774 828 894 883 latet
940 832 992 884 in
1035 832 1316 898 praedictis.
1344 864 1416 876 —-
1442 834 1512 890 Et
1553 824 1770 908 quidem

158 917 455 988 pulchrum
485 928 589 987 est,
620 923 963 991 praesentium
995 939 1176 979 rerum
1206 935 1541 996 contemptu,
1583 944 1768 986 curam

163 1016 382 1067 tantum
414 1011 610 1068 divinis
658 1015 822 1071 rebus
860 1004 1218 1088 impendere:
1250 1022 1344 1078 sed
1384 1023 1548 1079 altius
1588 1040 1769 1081 sermo

160 1100 475 1171 descendit,
515 1114 569 1160 et
603 1105 654 1160 in
700 1107 938 1165 caelestis
979 1108 1111 1166 dicti
1140 1112 1553 1185 intelligentiam
1580 1116 1765 1171 verbis

158 1197 411 1268 subjecta
440 1199 579 1255 ratio
606 1202 934 1259 extenditur.
960 1203 1297 1261 Tltesaurum
1332 1207 1592 1264 Dominus
1607 1210 1766 1266 condi

152 1287 329 1359 jussit
368 1290 422 1346 in
461 1292 623 1360 coelo,
659 1304 713 1350 et
756 1308 822 1351 ex
870 1295 1014 1352 oculi
1055 1297 1260 1355 lumine
1296 1303 1513 1372 corpori
1552 1318 1766 1375 quoque

158 1382 513 1452 Splendoretn
552 1386 860 1458 Spopondit,
893 1396 950 1444 et
975 1388 1211 1445 dominis
1249 1391 1458 1448 duobus
1489 1396 1761 1451 neminem

156 1473 381 1546 placere
397 1489 556 1546 posse
585 1485 811 1535 testatus
836 1487 922 1536 est
949 1498 963 1533 :
987 1488 1043 1535 et
1066 1491 1185 1551 post
1205 1482 1320 1539 hare
1347 1485 1422 1539 ait
1451 1501 1464 1538 :
1493 1484 1623 1541 Ideo
1644 1487 1759 1543 dico

155 1566 326 1635 vobis,
359 1583 423 1622 ne
452 1569 687 1640 cogitetis
730 1570 785 1623 in
823 1571 979 1626 corde
1008 1582 1195 1639 vestro,
1239 1575 1365 1642 quid
1408 1576 1761 1645 manducetis;

154 1676 326 1728 neque
366 1663 572 1732 corpori
617 1674 804 1731 oestro,
835 1665 959 1736 quid
1003 1666 1253 1722 inductis.
1290 1666 1365 1741 (α)
1397 1669 1531 1736 Qua:
1568 1685 1761 1728 conse-

1876 582 2069 625 sensus
2099 580 2202 635 est,
2232 572 2676 632 calumniantium
2694 595 2817 651 quae
2845 582 2896 637 in
2928 591 3323 644 resurrectione
3349 604 3473 646 cor-

1875 678 2067 734 porum
2120 667 2330 736 species
2372 669 2442 723 sit
2485 670 2681 739 futura,
2732 673 2950 747 qu:e(b)
3000 679 3053 732 in
3108 672 3466 739 substantiam

1873 754 2193 811 aeternitatis
2220 756 2473 813 alimonia
2503 775 2518 824 ;
2546 768 2741 817 etcum
2763 778 2833 818 ex
2861 764 3269 826 diflicultatibus
3291 787 3468 842 quaes-

1874 845 2080 903 tionum
2123 847 2415 914 inutilium,
2455 854 2702 922 quaedam
2748 859 3068 919 utendarum
3106 865 3457 933 praesentium

1872 940 2203 1011 voluptatum
2246 945 2385 1001 ratio
2410 948 2634 1017 quaesita
2675 958 2779 1018 est,
2828 951 3001 1008 inutili
3034 951 3104 1025 (c)
3136 965 3285 1012 metu
3324 958 3467 1014 circa

1873 1031 1966 1089 Dei
1995 1036 2353 1093 reverentiam
2384 1037 2748 1104 detnorantes.
2775 1041 2830 1097 in
2860 1045 3044 1100 saeculi
3064 1046 3254 1116 gaudia
3289 1058 3464 1105 trans-

1869 1134 2031 1190 eunt;
2055 1135 2216 1198 atque
2248 1127 2319 1182 ita
2347 1136 2450 1193 est,
2485 1139 2543 1184 ut
2569 1130 2780 1187 duobus
2800 1132 3035 1191 dominis
3056 1137 3217 1194 unius
3243 1140 3460 1197 infidele

1868 1218 2146 1273 servitium
2178 1221 2248 1275 sit
2280 1239 2292 1273 :
2316 1220 2479 1291 igitur
2503 1240 2569 1279 ex
2595 1238 2806 1280 summo
2830 1229 3049 1298 pietatis
3077 1229 3293 1299 alicctn,
3325 1248 3451 1305 gra-
3496 1302 3503 1306 δ

1866 1310 2089 1366 vissimo
2120 1311 2198 1385 (d)
2248 1312 2563 1371 dilﬁdentite
2602 1319 2840 1386 periculo
2882 1328 3008 1376 ante
3057 1322 3334 1391 praedicto,
3388 1325 3464 1381 ita

1865 1399 2117 1476 admonet
2152 1421 2165 1455 :
2200 1402 2389 1459 Nonne
2426 1406 2599 1462 anima
2629 1409 2796 1479 pluris
2821 1421 2894 1466 est
2924 1428 3077 1482 quam
3104 1431 3242 1478 esca.
3268 1426 3316 1471 et
3343 1433 3461 1472 cor-

1865 1507 1962 1563 pus
1986 1494 2153 1564 pluris
2177 1504 2250 1550 est
2276 1512 2430 1567 quam
2458 1500 2807 1555 vestimentum
2832 1500 2995 1575 (Ibid.
3038 1503 3171 1577 25)?
3202 1507 3259 1562 In
3301 1507 3462 1566 dictis

1864 1584 1959 1640 Dei
1990 1586 2189 1641 veritas
2210 1596 2314 1653 est,
2340 1600 2393 1644 et
2420 1605 2599 1647 rerum
2628 1594 2987 1650 creandarum
3015 1596 3306 1655 efﬁcientia
3336 1616 3457 1655 om-

1862 1676 1948 1733 nis
1973 1677 2024 1732 in
2056 1678 2223 1734 verbo
2250 1690 2353 1735 est.
2388 1680 2465 1735 Ita
2514 1698 2612 1737 nec
2641 1683 2785 1755 quod
2816 1685 3111 1756 sp0pondit
3144 1690 3455 1760 ambiguum

154 1765 423 1824 qnuntnr,
456 1772 563 1811 non
586 1758 719 1813 satis
740 1758 1200 1829 pr0positionibus
1227 1772 1550 1833 congruunt.
1583 1764 1742 1821 Num-
1778 1771 1829 1833 B
1854 1780 1958 1837 est,
1991 1786 2091 1826 nec
2133 1772 2382 1829 inefﬁcax
2411 1774 2576 1847 692
2603 1777 2747 1847 quod
2802 1778 3015 1836 locutus
3056 1788 3159 1835 est.
3189 1758 3332 1838 Nihil
3361 1792 3446 1839 est

154 1848 288 1918 quid
321 1856 375 1903 et
404 1848 565 1904 unius
584 1849 787 1905 domini
820 1866 1013 1907 servus
1043 1867 1147 1908 non
1177 1854 1345 1924 possit
1371 1856 1513 1911 circa
1544 1864 1753 1915 vestem

152 1952 279 1993 esse
298 1939 585 2013 cibumque
613 1942 914 1999 sollicitus?
933 1943 1198 2013 Numquid
1224 1960 1321 2016 per
1336 1946 1409 2011 ad
1421 1962 1632 2004 versant
1658 1966 1753 2006 va-

153 2028 457 2086 letudinem
511 2031 762 2089 hebetato
803 2035 944 2091 oculi
972 2035 1177 2092 lumine
1217 2037 1593 2095 obscurabitur
1633 2056 1755 2097 cor-

149 2122 290 2195 pus?
316 2132 411 2178 aut
438 2124 578 2194 quod
607 2126 848 2198 corporis
876 2127 1056 2183 lumen
1084 2143 1206 2185 esse
1244 2131 1518 2200 possit.ex
1545 2134 1752 2191 oculo?

145 2213 419 2286 Numquid
461 2217 825 2276 thesaurizare
851 2220 906 2275 in
951 2220 1105 2277 ctelis
1137 2221 1254 2278 sola
1284 2222 1500 2280 nuditas
1529 2233 1625 2281 aut
1674 2227 1751 2281 fa-

146 2323 269 2365 mes
294 2309 539 2381 poterit?

222 2472 301 2555 (tt)
327 2467 394 2555 ἰᾷ
417 2482 521 2555 est,
552 2476 674 2534 licet
705 2477 757 2533 in
792 2478 875 2555 bis
906 2496 918 2532 :
949 2478 1080 2535 Ideo
1109 2479 1225 2555 diro
1240 2481 1379 2536 vobis
1406 2498 1468 2537 ne
1487 2483 1741 2555 cogitetis,

147 2547 415 2616 particula
442 2548 560 2602 ideo
598 2553 999 2605 connexionem
1037 2553 1374 2619 superiorum
1403 2568 1522 2608 cum
1547 2547 1746 2609 "subse4

145 2618 443 2688 quentibus
473 2619 677 2693 indicet
704 2638 718 2674 :
749 2629 929 2676 tamen
950 2637 1070 2691 qum
1094 2618 1224 2678 illud
1253 2623 1368 2677 ideo
1396 2639 1739 2693 consequun-

149 2697 265 2765 tur_,_
283 2690 571 2765 nonsatis
598 2701 901 2765 congruunt
927 2690 1049 2765 cum
1091 2693 1156 2748 iis
1183 2710 1303 2765 quae
1330 2690 1665 2765 prtecedu'nt.

223 2760 299 2835 (ὁ)
354 2759 512 2835 Ελάἰιί,
553 2763 607 2835 in
632 2759 935 2817 substantia.
970 2759 1364 2819 Rectins'mes'.
1398 2766 1652 2835 potiores,
1688 2770 1741 2824 in

147 2832 522 2904 substantiam;
571 2834 672 2888 hoc
702 2841 806 2898 est,
837 2850 936 2904 qna
983 2835 1036 2889 in
1070 2844 1331 2890 aeternum
1361 2832 1575 2890 valeant
1618 2839 1743 2894 sub-

145 2902 343 2958 sistere
379 2911 538 2973 atque
563 2902 870 2960 conservari
899 2922 913 2959 :
938 2913 1051 2960 tum
1084 2920 1181 2972 pro
1204 2916 1251 2961 et
1285 2923 1425 2973 cunt,
1459 2908 1742 2967 mallemus

148 2982 202 3027 ut
230 2989 382 3050 cum;
424 2975 658 3050 maxime
685 2977 809 3044 quia
839 2976 890 3031 in
918 2987 1021 3032 tns‘.
1050 2975 1207 3033 Colb.
1239 2988 1361 3049 post
1396 2980 1658 3050 sequitur,
1690 2982 1745 3037 in

152 3045 329 3118 strculi
349 3045 539 3118 gaudia
568 3056 850 3118 transeant.

224 3116 298 3187 (c)
328 3116 441 3191 line
465 3126 569 3191 est,
593 3132 715 3191 cum
743 3117 947 3189 altjeeta
977 3119 1292 3174 mternitatis
1312 3134 1408 3191 spe
1433 3122 1483 3176 in
1515 3122 1664 3177 cultu
1683 3138 1745 3179 ac

1860 1862 2005 1932 quod
2063 1879 2170 1919 non
2214 1865 2264 1919 in
2305 1867 2604 1921 substantia
2657 1884 2753 1924 sua
2803 1878 2860 1925 et
2895 1873 3170 1928 creatione
3208 1873 3280 1946 (c)
3337 1890 3460 1931 cor-

1857 1966 2083 2022 poreum
2111 1953 2179 2008 sit
2208 1972 2220 2007 :
2246 1965 2300 2010 et
2344 1957 2609 2025 omnium,
2638 1958 2753 2015 sive
2794 1960 2847 2015 in
2886 1961 3028 2018 caelo
3053 1962 3169 2019 sive
3199 1965 3252 2019 in
3286 1976 3451 2033 terra,

1855 2042 1974 2098 sive
2020 2043 2312 2101 visibilium
2362 2046 2478 2102 sive
2510 2049 2882 2119 invisibilium,
2917 2052 3182 2111 elementa
3230 2055 3457 2113 formata

1854 2144 2001 2190 sunt.
2034 2135 2169 2191 Nam
2215 2145 2272 2193 et
2311 2140 2610 2195 animarum
2651 2143 2883 2213 species,
2932 2147 3049 2202 sive
3090 2148 3452 2206 obtinentium

1853 2242 2106 2299 corpora,
2138 2231 2255 2285 sive
2273 2232 2595 2302 corporibus
2621 2235 3006 2301 exsulantium,
3043 2238 3111 2312 (ο
3133 2253 3450 2311 corpoream

1855 2330 2037 2379 tamen
2089 2332 2297 2380 natura:
2347 2339 2463 2381 sua:
2512 2327 2870 2384 substantiam
2926 2333 3268 2400 sortiuntur;
3318 2336 3450 2405 quia-

1848 2500 2008 2540 sonus
2026 2485 2183 2549 uocis,
2216 2485 2306 2540 sed
2328 2502 2409 2540 res
2435 2485 2747 2542 substantiva
2774 2504 2836 2542 ac
2861 2503 2950 2556 per
2974 2487 3309 2542 substantiam
3331 2505 3448 2543 cor—

1850 2556 2131 2623 pulentiua.
2165 2556 2302 2611 Tum
2328 2558 2691 2626 prosequitur,
2720 2556 2840 2612 Non
2859 2558 2995 2611 enim
3021 2558 3131 2611 sine
3158 2558 3447 2614 substantia

1846 2628 2091 2699 constitit,
2112 2627 2246 2698 quod
2276 2626 2340 2682 de
2361 2638 2504 2682 tanta
2526 2628 2806 2699 substantia
2833 2631 2949 2699 fecit
2979 2627 3142 2699 (forte
3169 2629 3315 2698 fuit).
3347 2629 3447 2685 Ni-

1845 2696 2073 2771 Itilergo
2103 2696 2317 2771 uacuum
2345 2699 2609 2771 de_pleno_.
2638 2698 2771 2753 nihil
2789 2696 2957 2771 inane
2985 2696 3049 2753 de
3072 2698 3240 2753 solido
3265 2696 3284 2753 ὲ
3325 2702 3447 2771 quia

1845 2764 2137 2840 Deisérmo
2167 2769 2378 2840 spiritus
2399 2766 2497 2823 Dei
2526 2768 2756 2823 Christus
2780 2770 3060 2823 instructus
3085 2778 3196 2840 _est,
3250 2779 3297 2824 et
3320 2764 3349 2836 ,’
3388 2782 3446 2826 ut

1851 2839 2130 2912 evidentius
2183 2837 2374 2912 dicam,
2423 2842 2669 2894 sermonis
2706 2856 2897 2912 corpus
2933 2849 3027 2892 est.
3069 2837 3272 2912 Corpus
3310 2843 3446 2896 enim

1849 2909 2087 2981 spiritus,
2112 2910 2204 2964 sed
2233 2926 2422 2977 corpus
2466 2912 2545 2965 stti
2574 2909 2805 2981 generis.
2847 2910 2985 2964 Nam
3013 2919 3062 2963 et
3103 2910 3369 2965 invisibilis
3398 2923 3446 2968 et

1850 2979 2381 3050 incomprehensibilis
2405 2979 2618 3049 spiritus
2641 2996 2661 3033 :
2686 2983 3199 3052 numquiditanteniet
3221 2982 3376 3036 inane
3395 2994 3446 3037 et

1850 3064 2140 3124 uocantur-es
2170 3052 2332 3124 (forte
2364 3053 2441 3124 rei
2470 3065 2560 3106 aut
2593 3069 2754 3124 vacua
2784 3053 2888 3124 res)
2920 3051 3077 3105 Deus.
3112 3051 3230 3124 Quo
3259 3069 3444 3124 sensu

1851 3119 2239 3187 Tertulliantis,
2270 3122 2363 3177 lib.
2395 3123 2462 3177 de
2490 3139 2652 3179 carne
2680 3119 2910 3186 Christi,
2943 3137 3091 3176 num.
3116 3122 3209 3189 12,
3240 3122 3442 3178 dixisse

149 3195 299 3274 metu
342 3186 558 3274 Deimita
605 3186 1073 3274 demorénturkut
1117 3191 1306 3272 cultus
1340 3186 1404 3245 ac
1448 3200 1623 3274 metus
1664 3196 1746 3249 sui
1774 3200 1818 3261 C
1851 3191 2064 3274 videtur
2089 3212 2102 3244 :
2129 3186 2292 3274 Omne
2318 3194 2455 3274 quod
2479 3204 2574 3274 est,
2605 3210 2792 3263 corpus
2818 3204 2890 3274 est
2932 3186 3444 3274 stringenet-ishlliihil

149 3258 349 3334 nullam
374 3258 661 3334 utilitatem
687 3269 928 3334 sperent.
956 3258 1198 3334 Dejectus
1227 3261 1361 3316 enim
1401 3265 1748 3331 unusquisque

148 3329 229 3415 uel
254 3338 424 3415 motus
473 3330 537 3415 de
571 3330 739 3415 gradu
782 3333 891 3415 spei
936 3329 1057 3415 ejus
1073 3349 1228 3415 quam
1269 3329 1581 3415 susceperat.
1605 3329 1748 3402 apud

151 3398 464 3474 Creatorem.
508 3398 659 3474 facile
683 3398 817 3474 jam
838 3398 1124 3456 declinatur
1143 3404 1209 3456 nd
1237 3398 1446 3458 alterius
1473 3405 1581 3472 spei
1609 3398 1745 3460 auc-

151 3481 334 3530 torem.
363 3479 424 3525 ut
452 3471 695 3534 loquitur
707 3471 1075 3527 Tertullianus
1101 3474 1168 3529 de
1191 3490 1388 3529 resurr.
1412 3471 1590 3530 carnis
1617 3477 1741 3532 n.2.

218 3542 300 3614 (ά)
332 3541 387 3596 In
409 3542 641 3612 vulgatis
693 3544 1466 3615 gravissimequeLRemovetnr
1486 3548 1742 3615 particula

151 3612 553 3686 supervacanea
598 3612 919 3686 auctoritate
948 3612 1050 3669 ms.
1089 3612 1238 3671 Colb.
1272 3615 1455 3686 Neque
1487 3612 1744 3673 audiendi

149 3683 409 3758 quinque
429 3683 537 3758 alii,
568 3685 656 3758 qui
688 3684 831 3758 hunc
863 3685 1035 3742 locum
1070 3686 1140 3739 ita
1182 3683 1436 3742 exhibent
1467 3704 1478 3739 :
1507 3687 1663 3758 igitur
1683 3705 1746 3744 ea:

150 3752 349 3829 summa
391 3755 666 3829 impietatis
712 3752 922 3829 affectu,
975 3757 1393 3829 gravissimeque,
1423 3752 1738 3828 diﬁitlentite,

150 3825 557 3897 prtrdicatio'ita
589 3826 848 3881 admonet.
890 3825 1158 3884 Adinonet
1182 3825 1345 3897 porro
1374 3825 1632 3884 Dominus
1672 3846 1741 3886 ex

148 3895 343 4019 aﬁ‘lectu
370 3896 607 3968 pietatis,
639 3906 759 3967 post
786 3912 945 3968 quam
977 3895 1225 3970 praedixit
1252 3898 1568 3955 difﬁdentiae
1597 3901 1741 3971 peri-

148 3982 212 4019 ευ
241 3984 350 4019 um.

148 3982 350 4021 Clllllm.

219 4036 296 4109 (ε)
325 4037 462 4110 Quid
495 4037 581 4095 hic
617 4054 919 4110 corporeum
958 4039 1101 4094 dicat
1144 4039 1375 4096 Hilarius
1405 4082 1419 4105 ,
1477 4057 1585 4096 non
1612 4043 1744 4097 satis

150 4109 346 4183 liquet:
372 4109 505 4183 Cum
529 4109 715 4183 tamen
735 4111 789 4165 in
818 4110 959 4183 Psal.
991 4127 1172 4176 cxxtx,
1210 4128 1240 4183 n
1279 4114 1334 4177 3,
1376 4114 1743 4183 explicaturus

148 4178 276 4253 illud
318 4179 539 4253 Joannis
557 4224 573 4248 ,
624 4178 767 4237 Deus
793 4182 1007 4253 spiritus
1034 4192 1127 4248 est,
1159 4182 1426 4249 subjiciat,
1448 4178 1743 4239 ’invisibilis

146 4252 341 4306 scilicet
367 4263 413 4306 et
440 4252 688 4306 immensa
717 4252 869 4320 atque
890 4253 1024 4305 intra
1044 4269 1098 4306 se
1123 4270 1332 4321 manens
1356 4264 1401 4308 et
1425 4264 1617 4307 teterna
1647 4272 1743 4308 na-

150 4333 305 4388 tura;
338 4323 509 4376 innuit
551 4321 601 4377 id
634 4338 831 4393 corpus
860 4338 984 4377 esse
1008 4364 1022 4389 ,
1054 4325 1196 4393 quod
1243 4323 1627 4385 immensitate.
1649 4334 1743 4380 aut

148 4393 444 4464 :eternitate
461 4408 655 4449 carens
672 4394 809 4448 intra
828 4408 887 4448 se
902 4409 1007 4448 non
1032 4404 1267 4449 maneat.
1286 4394 1519 4464 Idipsum
1543 4395 1742 4451 ednlir-

151 4478 299 4518 mare
334 4463 544 4519 videtur
589 4465 640 4518 in
672 4464 814 4519 Psal.
856 4480 1038 4530 cxxtv,
1068 4483 1123 4521 ιι.
1172 4465 1228 4527 6.
1262 4466 1350 4521 ubi
1372 4463 1540 4522 docet
1570 4466 1736 4523 Deum

148 4535 397 4590 omnibus
424 4536 617 4590 adesse
642 4553 656 4590 :
687 4544 742 4589 et
765 4534 888 4607 hoc,
915 4536 1035 4604 quia
1082 4536 1313 4603 Spiritus
1339 4546 1413 4591 est
1452 4539 1625 4590 omnia
1650 4556 1742 4607 pe-

150 4616 357 4660 netrans
389 4615 434 4659 et
456 4608 739 4660 continens.
769 4604 888 4659 Non
909 4607 1045 4660 enim
1066 4608 1348 4662 secundum
1368 4624 1460 4662 nos
1490 4604 1737 4675 corpora-

149 4676 214 4730 lis
239 4685 311 4731 est
334 4718 349 4741 ,
403 4687 465 4730 ut
489 4693 604 4730 cum
652 4677 843 4730 alicubi
870 4679 1025 4742 adsit,
1082 4677 1212 4731 absit
1235 4678 1465 4744 aliunde,
1495 4688 1600 4734 etc.
1632 4678 1737 4735 Ubi

149 4747 298 4801 vides
326 4746 377 4801 id
409 4751 587 4818 vocari
611 4748 910 4810 corporale.
943 4747 1085 4818 quod
1109 4765 1224 4802 cum
1248 4749 1437 4803 alicubi
1464 4749 1620 4816 adsit,
1648 4750 1739 4804 ab-

150 4819 215 4871 sit
241 4818 467 4872 atiuntte.
493 4816 631 4873 Cum
660 4818 821 4888 igitur
850 4818 936 4873 hic
957 4816 1206 4873 asserens
1228 4818 1358 4873 nihil
1388 4836 1493 4874 non
1520 4820 1573 4874 in
1605 4822 1734 4876 sub-

151 4889 344 4942 stantia
380 4898 433 4942 et
462 4889 738 4943 creatione
762 4905 1110 4959 corporeum,
1136 4890 1187 4944 id
1236 4905 1339 4944 una
1370 4890 1577 4946 ratione
1605 4907 1740 4946 con-

153 4960 348 5025 lirmet,
380 4960 670 5031 quidemne
693 4962 831 5031 quod
848 4971 1076 5015 creatum
1117 4970 1208 5022 est.
1239 4962 1292 5015 in
1344 4961 1517 5031 aliqua
1550 4963 1617 5016 sit
1646 4979 1735 5017 ne-

151 5045 286 5084 cesse
305 5040 416 5094 est;
440 5030 1389 5102 nilvctatquominusintelligaturid
1412 5030 1730 5101 oorporeum

150 5102 357 5172 dicere,
388 5100 531 5172 quod
556 5102 607 5155 in
634 5102 812 5172 aliquo
839 5109 1070 5168 tantum,
1096 5100 1200 5157 non
1233 5102 1285 5156 in
1326 5103 1471 5156 omni
1496 5100 1741 5172 tempore

152 5181 241 5226 aut
270 5171 390 5227 loco
420 5174 526 5245 sit,
579 5186 675 5227 seu
726 5171 868 5241 quod
900 5173 950 5226 iu
981 5172 1088 5227 alio
1108 5173 1290 5245 aliquo
1314 5213 1330 5240 ,
1363 5188 1467 5227 non
1500 5171 1638 5229 intra
1682 5190 1742 5229 se

154 5251 385 5297 maneat.
421 5242 475 5297 ld
505 5258 721 5314 quoque
762 5258 1081 5313 corporeum
1129 5242 1325 5300 vincare
1377 5246 1568 5313 potuit,
1598 5245 1740 5314 quod

153 5327 269 5387 cum
300 5314 638 5387 expartibus
665 5315 1126 5387 autqnalitatibus
1173 5326 1361 5387 natura
1392 5332 1486 5370 sua
1519 5330 1739 5387 compo-

151 5384 311 5456 situm
341 5385 431 5446 sit,
463 5384 594 5438 nihil
625 5398 731 5438 non
761 5384 921 5440 habet
946 5385 1086 5451 quod
1131 5386 1196 5441 ad
1252 5387 1609 5456 integritatem
1647 5384 1736 5443 sui

152 5455 421 5525 pertineat
453 5472 467 5507 :
516 5469 622 5524 quo
650 5463 859 5523 spectat
906 5456 1047 5513 illud,
1083 5456 1135 5508 in
1164 5458 1300 5525 psal.
1341 5455 1499 5511 cxxtx
1527 5500 1541 5521 ,
1578 5475 1631 5512 ιι.
1660 5457 1733 5512 4ε

156 5524 414 5595 Quidquid
439 5525 772 5600 compositum
801 5536 1015 5600 est..._.._
1024 5525 1171 5600 habet
1195 5528 1399 5600 initium
1427 5544 1737 5600 quorcorpo-

150 5594 307 5668 ratur
332 5604 391 5649 ut
426 5603 644 5668 maneat.
688 5595 802 5650 lmo
821 5594 960 5663 apud
982 5595 1334 5653 Plitebadium
1357 5598 1541 5654 Hilarii
1559 5594 1739 5668 aequa-

151 5667 251 5739 lem
282 5678 455 5739 vacuo
477 5666 718 5739 _et_inat_ti
749 5680 827 5739 ac_
859 5680 964 5739 non
998 5667 1157 5738 pleno
1199 5683 1397 5739 corpus
1426 5666 1734 5739 opponitur.

150 5735 264 5812 Ipse
294 5737 441 5793 enim
469 5736 567 5792 Dei
613 5735 755 5792 ﬁlius
779 5734 849 5790 ab
885 5736 980 5793 illo
999 5734 1247 5796 'vocatur
1294 5737 1395 5821 Dei.
1417 5734 1604 5808 sermo,
1635 5757 1738 5796 non

1765 4576 1817 4636 D

1850 3271 1925 3334 est
1950 3262 2293 3334 incorporale.
2314 3263 2414 3317 nisi
2433 3264 2572 3334 quod
2584 3281 2683 3318 non
2705 3273 2798 3318 est.
2826 3263 2914 3319 Sic
2931 3274 2984 3316 et
3007 3262 3232 3334 Tullius,
3249 3264 3342 3319 lib.
3365 3280 3438 3330 tv,

1848 3332 1917 3387 de
1950 3331 2171 3406 Finibus
2196 3351 2209 3388 :
2242 3333 2367 3398 Alii,
2387 3331 2534 3406 quasi
2556 3335 2754 3388 nullum
2774 3350 2957 3406 corpus
2982 3333 3049 3387 sit
3072 3332 3296 3406 hominis
3324 3375 3339 3397 ,
3367 3336 3442 3388 ita

1847 3414 2033 3474 prteter
2055 3404 2282 3457 animum
2322 3403 2454 3457 nihil
2481 3414 2659 3459 curant
2686 3422 2700 3459 :
2728 3420 2844 3457 cum
2864 3403 3155 3468 'prtesertim
3182 3406 3290 3467 ipse
3314 3420 3441 3473 quo-

1846 3489 1945 3543 que
1986 3476 2188 3529 animus
2228 3491 2332 3528 non
2359 3476 2510 3528 inane
2539 3476 2709 3529 nescio
2737 3475 2861 3539 quid
2908 3475 2974 3527 sit
3003 3473 3185 3545 (neque
3218 3475 3354 3529 enim
3382 3476 3440 3529 id

1846 3560 2054 3617 possum
2088 3545 2413 3616 intelligere),
2438 3546 2528 3600 sed
2553 3547 2607 3600 in
2628 3546 2847 3617 quodam
2870 3559 3055 3617 genere
3093 3545 3355 3617 corporis.
3377 3545 3437 3600 Id

1847 3614 2062 3686 demum
2107 3614 2426 3686 corporeum
2462 3614 2659 3672 vocare
2703 3616 2852 3682 licet,
2874 3614 3022 3686 quod
3044 3614 3288 3686 nonest
3314 3616 3434 3686 sine

1845 3684 2021 3754 aliqua
2047 3686 2112 3756 ad
2135 3701 2329 3756 corpus
2344 3685 2675 3747 habitudine.
2699 3687 2884 3756 sicque
2904 3684 3132 3753 intelligi
3150 3685 3435 3742 commode

1845 3763 2024 3824 potest
2073 3755 2201 3812 illud
2238 3755 2445 3811 'Evtudti
2479 3758 2620 3826 apud
2652 3755 3006 3827 Augustinum
3045 3756 3201 3828 epist.
3248 3770 3430 3823 cum,

1846 3841 1993 3881 num.
2030 3829 2092 3881 Η
2128 3846 2141 3881 :
2174 3829 2410 3883 Animam
2458 3845 2578 3898 ergo
2604 3830 2743 3882 omni
2770 3840 2983 3898 corpore
3027 3843 3200 3881 carere
3236 3828 3438 3898 penitus

1845 3913 1950 3950 non
1972 3914 2142 3980 posse,
2180 3900 2271 3953 illa
2315 3915 2394 3953 res
2422 3908 2477 3953 ut
2504 3894 2626 3971 puto
2658 3894 2899 3980 ostendit,
2945 3897 3082 3980 quod
3106 3894 3249 3952 solus
3292 3894 3436 3980 Deus

1844 3967 1984 4021 omni
2008 3985 2450 4042 corporesemper
2482 3967 2637 4025 caret.
2674 3969 2800 4025 Ηωε
2831 3967 3044 4024 interim
3074 3980 3216 4024 notas
3245 3969 3436 4024 subse-

1843 4040 2025 4111 quenti
2055 4040 2328 4111 praemissa
2359 4041 2486 4097 sint.
2892 4110 2921 4111 η
3226 4107 3239 4111 Α
3285 4095 3289 4099 .

1914 4108 1988 4192 (Ῑ)
2019 4107 2244 4192 Difﬁcile
2274 4120 2358 4166 est
2377 4111 2520 4192 hupc
2543 4111 2718 4166 locum
2731 4110 3024 4192 conciliare
3041 4122 3164 4163 cum
3186 4107 3434 4192 pluribus

1842 4179 1980 4244 aliis,
2016 4191 2137 4247 puta
2167 4192 2322 4237 tract.
2358 4181 2493 4250 psal.
2526 4197 2618 4247 ut,
2644 4196 2791 4235 num.
2824 4181 2881 4244 7,
2914 4180 3048 4250 psal.
3071 4194 3263 4241 cxvnt,
3296 4194 3349 4233 n.
3375 4180 3430 4250 _8,

1841 4265 2052 4305 uecnon
2080 4253 2214 4320 psal.
2241 4248 2425 4317 cxxt'x,
2455 4267 2508 4306 n.
2534 4256 2589 4319 4,
2623 4252 2655 4306 5
2685 4250 2914 4312 et6,ubi
2937 4248 3110 4320 anima
3144 4248 3433 4320 nonmodo
3482 4296 3492 4305 .

1842 4318 2124 4388 spiritalis.
2152 4322 2246 4401 sed
2270 4331 2325 4376 et
2351 4318 2704 4401 incorporalis
2718 4321 2921 4375 diserte
2944 4319 3225 4401 asseritnr.
3252 4318 3429 4401 Siprp

1842 4406 2165 4473 corpoream,
2198 4393 2379 4462 legere
2403 4389 2593 4473 liceret
2618 4406 2934 4473 congruant;
2974 4389 3108 4473 nihil
3135 4392 3243 4473 iam
3291 4389 3435 4473 dilli:

1841 4458 2057 4518 collatis
2084 4458 2414 4534 superesset.
2438 4463 2544 4520 Sed
2574 4458 3154 4534 lectionemClaudiani
3173 4459 3430 4534 Mamerti

1844 4548 1964 4612 τεγο
1978 4535 2092 4602 jam
2121 4528 2390 4612 receptam
2422 4544 2634 4612 mutare
2663 4534 2784 4600 quis
2804 4531 2911 4612 sibi
2940 4531 3196 4612 arroget?
3226 4528 3428 4585 Verum

1846 4601 2003 4659 aliter
2043 4601 2315 4660 conciliari
2366 4605 2529 4668 valet,
2560 4606 2604 4659 si
2635 4603 2942 4658 attendatur
2984 4601 3168 4655 Hilarii
3208 4615 3426 4671 scopus.

1846 4673 1962 4728 Non
1985 4676 2127 4730 enitn
2147 4676 2197 4731 ei
2219 4692 2399 4731 sermo
2426 4688 2507 4732 εει
2528 4676 2596 4730 de
2616 4677 2824 4730 interna
2851 4673 3150 4729 animarum
3182 4674 3432 4727 substan-

1847 4744 1940 4823 tia,
1972 4748 2067 4823 sed
2095 4747 2162 4803 de
2189 4756 2409 4823 externa
2455 4747 2698 4823 quadarn
2716 4757 2808 4799 aut
2836 4745 2993 4823 quasi
3028 4754 3279 4823 externa,
3306 4758 3429 4812 qua:

1846 4814 1898 4870 in
1924 4816 2140 4873 modum
2164 4813 2485 4873 vestimenti
2515 4827 2608 4871 aut
2632 4816 2901 4871 alimoniae
2928 4813 2994 4868 ad
3033 4814 3197 4867 vitam
3241 4826 3427 4867 earum

1843 4888 2267 4965 conservandam
2313 4888 2658 4965 requiratur.“
2685 4884 3209 4965 Tutus‘quippenest‘
3241 4894 3431 4965 contra

1845 4970 1960 5014 eos.
2011 4959 2125 5035 qui
2147 4952 2595 5035 resurrectionem
2625 4959 2752 5035 licet
2794 4973 2823 5011 a
2858 4952 3235 5035 negandum,
3267 4952 3431 5035 de_ea

1847 5025 2054 5108 tamen.
2076 5028 2276 5085 idcirco
2317 5029 2588 5096 difﬁdunt,
2621 5030 2742 5108 quia
2769 5043 2889 5108 quae
2915 5025 3169 5081 alimonia
3202 5035 3312 5079 tum
3334 5025 3429 5108 fu-

1846 5107 1967 5154 tura
2011 5100 2082 5154 sit
2124 5115 2228 5155 non
2249 5098 3050 5171 assequanturﬁPrinioitaque
3075 5098 3433 5152 resurrectio-

1800 5190 1809 5195 -
1844 5184 1968 5225 nem
1987 5171 2239 5237 adstruit,
2258 5171 2326 5227 de
2350 5168 2455 5242 qua
2471 5171 2745 5241 ambigere
2764 5168 2983 5242 stultum
3002 5168 3100 5242 sit,
3126 5178 3241 5234 post
3264 5182 3426 5237 quam

1845 5242 2137 5320 campeth
2162 5251 2219 5298 et
2240 5242 2294 5297 in
2319 5237 2476 5296 dictis
2501 5237 2684 5306 verax,
2716 5250 2773 5320 et
2797 5241 2868 5320 in_
2891 5237 3055 5320 factis,
3087 5246 3280 5320 potens
3303 5253 3432 5320 spo-

1849 5312 2055 5383 pondit.
2090 5312 2223 5368 Tum
2254 5323 2465 5369 asserta
2489 5310 3154 5383 resurrectionisveritate
3186 5322 3292 5362 non
3323 5310 3426 5360 mi-

1844 5381 1946 5439 nus
1976 5399 2170 5460 vanum
2192 5383 2449 5460 ostendit,
2469 5383 2536 5438 de
2561 5381 3284 5460 alimonia‘sollicitumesse,
3301 5390 3424 5460 cum

1844 5455 2176 5523 experientia
2222 5454 2513 5510 doceamur
2537 5494 2551 5515 .
2581 5453 2714 5508 nihil
2741 5467 2771 5507 a
2810 5453 2923 5507 Deo
2952 5447 3303 5523 semiplennm
3332 5453 3427 5498 aut
3483 5462 3499 5473 '

1844 5515 1951 5579 non
1979 5524 2270 5597 integrum,
2298 5541 2408 5601 non
2433 5524 2721 5601 formatum
2750 5534 2804 5601 et
2828 5522 3058 5601 quodam
3093 5515 3426 5601 ’modo_cor;

1843 5580 2124 5669 peratum?
2137 5580 2309 5653 creari
2328 5637 2344 5663 ,
2374 5595 2468 5651 sed
2496 5595 2676 5649 omnia
2703 5594 2787 5656 ,ab
2810 5580 2877 5645 εἶ)
2899 5588 3173 5669 ,εοείρετβξ
3189 5596 3330 5669 ξιξίξξ
3342 5580 3424 5669 Ξᾲ

1842 5666 2161 5740 substantia:
2177 5669 2351 5740 semel
2379 5675 2576 5722 creatae
2597 5664 3103 5740 conservationem-
3116 5664 3423 5740 necessatis

1844 5735 1972 5791 sint.
2007 5737 2100 5795 llis
2126 5738 2296 5807 addit,
2326 5739 2491 5794 Deum
2518 5736 2608 5807 qui
2639 5733 2886 5803 promisit
2909 5733 3143 5794 majora,
3185 5733 3423 5776 ammam
