3974 6198
479 250 576 305 957
1656 236 1896 296 SANCTI
1937 237 2128 296 HILAH

2241 234 2536 293 ΕΗΒΞΟΡΙ
3680 231 3780 287 948

477 379 639 426 omne
662 363 804 438 quod
835 371 1069 422 creatum
1091 360 1264 424 est,iu
1287 358 1466 428 aliquo
1485 356 1558 412 sit
1585 369 1810 414 necesse
1833 363 1936 410 est.
1969 354 2065 413 Atr
2099 357 2146 420 Α
2176 373 2278 410 non
2301 355 2559 418 laborant,
2604 367 2765 423 neque
2793 359 2930 404 nent.
2962 349 3092 404 Dico
3135 358 3307 404 autem
3345 348 3515 414 vobis,
3546 347 3790 416 quoniam

480 476 584 529 que
612 457 734 514 ideo
766 454 838 528 (a)
893 452 1148 521 ineptiam
1201 449 1558 508 inutilissima:
1584 447 1898 518 quazstionis
1931 446 2074 502 Deus
2177 465 2268 503 nec
2311 448 2559 503 Salomon
2609 447 2664 499 in
2707 445 2844 498 omni
2893 445 3060 517 gloria
3100 460 3192 498 sua
3237 452 3520 512 coapertus
3561 451 3635 496 est
3661 444 3794 495 sicut

483 564 736 622 arguens,
761 560 864 600 nou
894 544 1115 616 patitur,
1147 543 1324 598 anima
1365 549 1420 596 et
1448 554 1676 609 corpore
1705 539 1758 592 in
1803 537 2076 594 teteruita-
2180 558 2338 595 unum
2366 557 2431 594 ea:
2458 540 2591 603 istis,
2643 548 2751 593 etc.
2797 537 2956 610 (Ibid.
3002 535 3118 606 9.9).
3153 536 3288 592 Lilia
3337 551 3447 590 non
3503 535 3794 600 laborant,

486 645 554 698 tis
588 639 886 702 substantia
931 635 1286 698 collocandis,
1335 649 1484 706 spem
1531 641 1769 688 nostram
1819 629 1980 686 futuri
2021 629 2076 684 in
2181 649 2355 705 neque
2383 643 2516 689 nent
2544 651 2557 686 :
2589 642 2644 687 et
2669 632 2928 688 Salomon
2949 641 3239 701 coopertus
3263 645 3455 686 eorum
3480 630 3660 701 gloria
3689 645 3799 685 non

483 733 880 792 resurrectione
903 731 1014 785 cibi
1032 740 1087 788 et
1116 728 1343 784 vestitus
1365 726 1725 782 sollicitudine
1757 723 2029 779 demorari
2061 739 2076 776 :
2184 727 2304 793 fuit,
2339 725 2598 796 propheta
2630 740 2872 794 magnus,
2929 733 2984 779 et
3013 724 3208 780 merito
3236 720 3458 779 dilecta:
3510 724 3803 794 sapientia

483 843 554 882 ne
588 824 663 899 (b)
688 833 834 880 lauto
865 823 1097 891 pretiosa
1140 819 1408 885 reddenti,
1441 831 1638 886 corpus
1668 816 1874 871 scilicet
1919 823 2081 884 atque
2186 824 2298 878 Deo
2319 834 2496 878 carus,
2527 821 2631 877 Sed
2662 822 2770 876 lilia
2795 832 3089 876 nascuntur
3119 822 3314 891 potius.
3343 836 3507 892 quam
3535 821 3805 890 operinn-

480 921 734 980 animam.
764 914 1085 972 contumelia
1114 913 1167 968 in
1213 928 1318 970 non
1347 908 1647 966 elliciendis
1675 906 1965 964 levioribus
1997 906 2080 960 lll-
2185 914 2583 983 ιρι-,ηοομεηίο
2597 921 2771 967 autem
2787 914 3143 968 velamentum
3163 923 3242 968 est
3255 913 3529 980 corporis,
3554 928 3666 966 non
3686 927 3810 966 cor.

487 1011 714 1066 feratur.
2190 1027 2288 1080 pus
2321 1011 2521 1078 ipsum.
2553 1007 2705 1074 Quod
2733 1008 2779 1061 si
2806 1007 2870 1061 ad
2899 1023 3114 1062 sensum
3152 1007 3401 1061 humanae
3422 1006 3810 1076 intelligentia:

562 1104 615 1157 9.
646 1100 769 1154 Non
791 1100 1025 1156 laborant
1051 1097 1306 1152 dleOlleS
1334 1105 1388 1148 ιιι
1414 1093 1630 1150 habeant
1660 1091 1794 1146 unde
1823 1092 2086 1148 vivanl.-—-
2189 1106 2438 1164 refertur,
2454 1103 2689 1156 colorem
2849 1101 3137 1154 velamenti
3157 1099 3357 1154 candor
3372 1108 3626 1168 potuerat
3641 1114 3812 1153 τριῃη-

491 1194 751 1268 Respicite
777 1192 1005 1246 volatilia
1055 1191 1208 1258 coeli,
1240 1189 1485 1259 quoniam
1535 1203 1638 1240 non
1666 1195 1838 1240 serunt
1862 1225 1877 1251 ,
1930 1200 2087 1254 neque

2244 1197 2310 1251 ri.
2339 1194 2446 1252 Sed
2478 1195 2586 1249 lilia
2621 1209 2728 1249 non
2753 1193 3047 1248 laborantia
3080 1207 3253 1263 neque
3285 1192 3464 1246 tientia
3507 1191 3813 1260 signiﬁcari

494 1296 801 1358 congregant
847 1286 900 1339 in
941 1284 1160 1338 horrea:
1206 1292 1250 1338 et
1300 1291 1444 1353 pater
1468 1289 1629 1334 vester
1675 1279 1891 1334 ctrlestis
1927 1278 2089 1350 pascit
2194 1285 2534 1356 intelligenda
2575 1294 2703 1340 sum
2831 1284 3140 1354 angelorum
3166 1283 3472 1338 cmltrslium
3501 1283 3813 1348 clm-nales,

495 1381 606 1436 illa.
640 1377 832 1433 Nonne
856 1393 940 1432 vos
971 1376 1132 1446 magis
1163 1373 1326 1442 pluris
1351 1373 1470 1427 estis
1501 1371 1662 1442 (Ibid.
1687 1370 1822 1441 26)?
1853 1370 1965 1425 Sub
1993 1384 2091 1424 no-
2194 1381 2388 1451 quibus
2431 1388 2588 1433 extre
2634 1377 2890 1432 humanm
2937 1377 3177 1430 δυίθηιίω
3196 1375 3583 1438 eruditionem,
3620 1376 3818 1442 suique

493 1474 640 1528 mine
665 1471 938 1526 volucrum
967 1467 1215 1540 exemplo
1238 1481 1336 1520 uos
1379 1463 1777 1520 immundorum
1805 1461 2091 1531 Spit-imum
2196 1471 2376 1542 operis
2399 1469 2728 1533 mercedem,
2757 1485 2786 1523 a
2813 1469 2924 1523 Deo
2953 1469 3138 1538 gloria:
3156 1465 3321 1538 ωε,
3347 1465 3821 1522 eandm-indultus

494 1565 815 1622 adhortatur
847 1581 858 1619 :
889 1564 1086 1636 quibus
1123 1563 1242 1616 siue
1271 1560 1452 1630 aliquo
1481 1559 1699 1628 negotio
1736 1556 2007 1626 quaerendi
2039 1562 2096 1611 et
2197 1575 2280 1622 est
2299 1583 2312 1620 ε
2331 1579 2400 1619 ne
2425 1563 2551 1632 quid
2579 1578 2640 1617 ett
2663 1561 3082 1632 propriolabore
3108 1574 3194 1614 aut
3219 1570 3335 1614 arto
3355 1560 3819 1614 existimarentur

495 1655 886 1727 congregandi,
916 1655 1131 1710 vivendi
1161 1661 1340 1708 tamen
1373 1653 1626 1708 tribuitur
1651 1651 1721 1706 de
1750 1651 1942 1706 attenti
1967 1664 2098 1704 conv
2202 1657 2472 1711 habuisse.
2521 1654 2588 1710 Et
2615 1670 2737 1709 cum
2772 1655 2826 1708 in
2879 1654 3276 1710 resurrectione
3325 1653 3534 1707 similes
3562 1651 3824 1706 homines

497 1750 601 1804 silii
634 1759 896 1818 potestate
924 1748 1243 1820 substantia.
1273 1746 1448 1815 Atque
1469 1752 1527 1802 ut
1542 1744 1609 1799 ad
1636 1743 1940 1799 immundos
1959 1743 2100 1800 istud
2131 1749 2180 1810 Β
2209 1749 2424 1818 Angelis
2465 1755 2665 1811 erunt,
2711 1759 2931 1815 sperare
2973 1761 3072 1800 nos
3116 1744 3361 1799 caelestis
3413 1745 3612 1814 gloria:
3653 1744 3827 1798 voluit

498 1844 720 1913 spiritus
750 1841 938 1904 referri
969 1847 1222 1911 Oportere
1272 1847 1616 1902 monstraret,
1651 1835 1885 1906 adjecit:
1918 1834 2105 1892 Nonne

499 1950 587 1989 vos
626 1935 791 2006 magis
820 1933 984 2006 pluris
1017 1932 1136 1990 estis
1175 1929 1330 1988 illis?
1375 1929 1444 1986 de
1487 1928 1908 1998 comparationis
1962 1943 2105 1996 prae-

501 2029 721 2093 stantia,
767 2026 1059 2082 discrimen
1098 2023 1346 2094 nequitiae
1373 2031 1428 2078 et
1465 2022 1763 2078 Sanctitatis
1789 2019 2103 2078 ostendens.

584 2121 669 2177 10.
702 2118 934 2191 Corpora
974 2119 1027 2174 in
1065 2128 1260 2172 statura
1306 2115 1401 2170 viri
1441 2113 1652 2184 perfecti
1696 2113 1999 2168 suscitandi.
2035 2141 2109 2155 -ο

512 2212 639 2280 Quis
663 2223 833 2268 autent
874 2220 1093 2266 vestrum
1121 2218 1286 2280 potest
1319 2207 1548 2280 adjicere
1571 2207 1639 2262 ad
1684 2215 1934 2261 staturam
1963 2221 2110 2261 suam

511 2304 736 2358 cubitum
787 2303 986 2356 unum?
1032 2301 1099 2356 Et
1128 2301 1192 2360 de
1236 2301 1532 2356 vestimento
1559 2299 1684 2368 quid
1713 2297 1880 2369 693
1903 2298 2112 2353 solliciti

511 2397 632 2450 estis
665 2394 767 2466 (Ib.
792 2394 885 2456 27,
913 2392 1043 2462 ‘28)?
1068 2393 1252 2447 Fidem
1278 2393 1454 2446 vitalis
1469 2391 1784 2445 substantiw
1815 2397 2013 2443 nostra:
2042 2389 2110 2444 de

511 2486 836 2542 documento
858 2485 1140 2554 spirituum
1164 2482 1397 2537 ﬁrmavit
1429 2499 1442 2536 :
1473 2482 1784 2552 opinionem
1809 2491 1989 2534 autem
2012 2480 2108 2534 ha-

513 2580 658 2635 bitus
684 2576 880 2645 futuri,
922 2575 1124 2647 judicio
1153 2575 1455 2630 communis
1500 2573 1871 2646 intelligentia:
1917 2571 2114 2630 dereli-

520 2673 656 2745 quit.
693 2671 826 2728 Cum
857 2672 1001 2727 enim
1030 2669 1403 2730 universorum
1432 2684 1754 2740 corporum,
1788 2685 1909 2739 quae
1950 2669 2114 2726 vitam

518 2765 824 2830 hauserint,
854 2762 1220 2817 diversitatem
1270 2763 1323 2816 in
1355 2778 1516 2817 unum
1561 2770 1990 2817 consummatum
2035 2761 2115 2814 vi-

521 2879 642 2918 rum
695 2862 1104 2934 perfectumque
1168 2856 1238 2910 sit
1285 2856 1612 2911 excitaturus
1644 2898 1658 2923 ,
1699 2853 1956 2924 Solusque
2018 2869 2117 2926 po-

521 2966 644 3014 tens
699 2956 770 3011 sit
830 2955 896 3008 ad
965 2952 1385 3021 uniuscujusque
1443 2950 1819 3020 proceritatem
1877 2948 2114 3006 cubitum

526 3069 688 3110 unum
722 3059 778 3106 et
805 3050 1035 3104 alterum
1069 3047 1357 3100 tertiumve
1399 3051 1677 3113 praestare,
1719 3042 1786 3096 de
1818 3042 2035 3106 vestitu,
2067 3041 2116 3095 id

2211 1841 2632 1910 operimentum,
2683 1839 2931 1908 exemplo
2969 1837 3226 1908 angelica
3254 1836 3538 1891 claritatis.
3577 1836 3683 1891 Est
3724 1852 3824 1890 au—

2211 1944 2318 1990 tem
2362 1936 2411 1988 in
2444 1944 2632 1989 natura
2665 1933 2821 1988 istius
2851 1932 3131 2004 germinis,
3162 1942 3221 1988 ut
3252 1932 3534 2004 aptissime
3575 1931 3826 1987 celesti-

2215 2027 2316 2081 bus
2342 2026 2674 2095 Aogelorum
2703 2025 3016 2080 substantiis
3033 2033 3395 2094 comparetur.
3423 2022 3541 2078 Hoc
3565 2023 3720 2078 enim
3745 2022 3824 2079 ef-

2212 2122 2528 2185 ﬂoresceus,
2554 2135 2674 2175 cum
2705 2135 2736 2175 a
2777 2119 2948 2188 stirpe
2992 2119 3224 2174 detento
3255 2118 3398 2172 humi
3433 2118 3640 2172 radicis
3676 2118 3824 2172 avel-

2213 2216 2360 2281 litur,
2389 2223 2592 2269 naturae
2620 2229 2731 2268 sua:
2775 2215 3030 2269 virtutem
3076 2213 3203 2268 licet
3234 2213 3443 2268 aruisse
3473 2222 3703 2281 putetur
3732 2227 3822 2268 oc-

2215 2309 2418 2373 cultat,
2464 2316 2518 2359 et
2539 2306 2794 2360 redeunte
2833 2316 3073 2374 tempore
3122 2321 3333 2359 rursum
3363 2304 3463 2359 lilii
3492 2305 3576 2358 sui
3609 2303 3820 2358 honore

2215 2397 2461 2452 vestitur.
2505 2396 2581 2450 Ex
2631 2411 2690 2451 se
2740 2395 2819 2468 (ά)
2849 2396 2992 2451 enim
3023 2395 3312 2450 efﬂorescit
3339 2411 3400 2450 ac
3461 2395 3742 2458 redditur;
3770 2404 3823 2448 et

2217 2490 2358 2560 quod
2384 2497 2487 2554 est,
2522 2504 2621 2544 nec
2666 2489 2834 2544 radici
2867 2497 3042 2560 potest
3084 2488 3282 2544 debere
3312 2504 3408 2543 nec
3442 2498 3606 2544 terra:
3635 2507 3649 2543 :
3699 2503 3817 2543 cum

2219 2583 2309 2638 ille
2329 2583 2419 2654 qui
2448 2597 2506 2637 se
2531 2581 2726 2638 subeat
2750 2596 2968 2648 succus,
3001 2597 3068 2637 ex
3094 2596 3154 2637 se
3191 2581 3282 2635 sit.
3313 2582 3494 2648 Atque
3525 2581 3597 2636 ita
3627 2595 3819 2635 annua

2219 2674 2345 2729 licet
2371 2674 2529 2743 hujus
2558 2673 2850 2728 viriditatis
2879 2673 3163 2743 exemplo,
3197 2673 3448 2727 virtutem
3479 2671 3553 2743 (ε)
3586 2686 3701 2726 sua
3721 2686 3823 2726 cm-

2220 2767 2372 2822 lestis
2401 2765 2718 2820 substantia:
2739 2765 3019 2820 aemulatur
3043 2783 3056 2819 :
3087 2779 3207 2820 cum
3226 2779 3291 2820 ex
3314 2779 3380 2819 eo
3407 2774 3656 2830 tantum,
3681 2763 3821 2836 quod

2223 2862 2360 2918 intra
2391 2876 2448 2916 se
2477 2868 2755 2929 acceptum
2791 2860 3005 2926 habeat,
3025 2858 3198 2914 alatur
3226 2859 3278 2913 iu
3302 2858 3511 2920 ﬂorem.
3547 2857 3679 2914 Ideo
3697 2873 3821 2927 ergo

2221 2956 2332 3012 lilia
2379 2973 2486 3010 non
2521 2955 2788 3020 laborant,
2820 2968 2996 3023 neque
3024 2960 3155 3008 nent
3187 2970 3200 3006 :
3231 2951 3354 3022 quia
3388 2949 3630 3006 Virtutes
3664 2966 3821 3021 ange-

2224 3049 2418 3114 lorum,
2443 3062 2508 3102 ex
2539 3062 2602 3102 ea
2631 3061 2792 3118 quam
2830 3045 3038 3115 adepta:
3067 3053 3192 3101 sunt
3223 3043 3445 3116 originis
3491 3059 3609 3098 suae
3638 3052 3783 3099 sorte
3804 3085 3818 3108 ,

522 3155 626 3210 est,
655 3143 722 3200 de
739 3142 917 3214 specie
937 3153 1249 3210 corporum,
1277 3152 1396 3191 cum
1428 3145 1624 3208 quanta
1650 3134 1764 3204 ejus
1791 3133 2118 3188 contumelia
2146 3143 2192 3206 ρ
2227 3152 2284 3198 ιη
2313 3141 2420 3196 sint
2449 3155 2663 3209 semper
2693 3137 2975 3208 accipiam.

526 3235 847 3306 ambigitnus
895 3230 1111 3305 (Ep/tes.
1164 3245 1238 3296 tv,
1274 3228 1397 3300 ηιμ
1431 3229 1519 3298 qui
1553 3235 1611 3284 ut
1652 3226 1912 3300 aequalem
1961 3236 2123 3296 atque

529 3330 852 3388 uniformem
883 3340 1098 3382 omnem
1149 3323 1425 3377 hominem
1456 3321 1674 3387 alliciat,
1714 3329 1922 3374 tantum
1972 3335 2124 3374 men-

530 3438 670 3482 sura:
703 3423 773 3474 sit
803 3416 1052 3472 humanis
1077 3414 1398 3484 corporibus
1424 3410 1724 3467 additurus.

607 3516 694 3570 Η.
728 3513 866 3568 Lilia
911 3527 1012 3564 non
1046 3508 1331 3564 laborantia
1356 3506 1542 3578 angeli.
1577 3501 1680 3558 Cur
1702 3505 1824 3558 liliis
1847 3505 2126 3576 comparati

533 3610 723 3682 angeli.
769 3636 842 3648 —-
878 3604 1210 3662 Considerate
1249 3599 1360 3654 lilia
1405 3600 1518 3671 agri
1559 3599 1811 3678 quomodo
1859 3607 2128 3662 crescunt;

531 3763 738 3822 scilicet
783 3769 836 3814 et
864 3771 1082 3828 corpus,
1116 3770 1222 3828 non
1269 3764 1584 3823 negaturum
1611 3767 1735 3828 esse
1763 3754 1984 3820 leviora,
2020 3755 2124 3828 hoc

535 3845 639 3894 est.
669 3826 977 3886 alimoniam
999 3841 1052 3881 et
1080 3827 1480 3882 vestimentum.
1519 3826 1754 3891 Denique
1805 3835 1973 3878 totum
2023 3827 2124 3881 hoc

543 3905 777 3960 illustrat
814 3900 1064 3966 exemplo
1093 3897 1379 3966 spirituum
1412 3895 1806 3948 itumundorum
1837 3937 1850 3957 ,
1899 3897 2081 3963 quibus
2106 3938 2122 3960 ,

541 3977 652 4030 sine
673 3970 858 4039 aliquo~
895 3965 1093 4039 negatio
1123 3965 1382 4039 quwrendi
1410 3967 1843 4039 et__congregandi
1869 4006 1897 4039 ,_
1931 3968 2127 4039 vivendi

547 4056 711 4100 tamen
759 4036 994 4094 tribuitur
1021 4040 1082 4090 de
1131 4037 1304 4090 azterni
1326 4036 1793 4106 consiliipotestate
1821 4037 2126 4091 substantia.

547 4115 704 4173 Unde
733 4121 788 4166 et
818 4125 935 4180 post
961 4123 1125 4180 pauca
1150 4105 1424 4180 concludit
1453 4123 1464 4158 :
1501 4105 1683 4180 Fidem
1709 4107 2132 4180 vitalissubstan-

551 4189 634 4240 tite
663 4177 850 4238 nostra:
877 4183 938 4235 de
963 4177 1269 4233 documento
1299 4177 1572 4247 spirituum
1596 4178 1834 4242 ﬁrmavit.
1857 4177 1956 4233 Ubi
1977 4184 2134 4248 igitur

551 4259 649 4322 ait,
671 4256 973 4308 Animarum
999 4266 1188 4320 spectes
1219 4263 1514 4322 corpoream
1542 4259 1867 4322 naturaque:
1901 4251 2137 4304 substan-

554 4319 675 4383 tiam
707 4319 1176 4393 sortiuntur,niltil
1217 4319 1360 4374 aliud
1384 4319 1481 4393 sibi
1506 4321 1638 4383 vult,
1665 4320 1766 4372 nisi
1798 4336 2132 4393 animosuna

555 4396 797 4460 interire,
832 4396 927 4449 sed
959 4392 1100 4448 unde
1129 4394 1180 4444 iu
1208 4406 1302 4444 sua
1348 4391 1460 4460 vita
1498 4401 1887 4444 conserventur
1915 4391 1983 4446 ac
2009 4392 2136 4447 sub-

556 4473 750 4525 sistant
777 4469 1018 4534 accipere
1037 4482 1063 4544 _:
1093 4478 1215 4544 cum
1244 4460 1385 4544 quod
1416 4459 1500 4544 hic
1529 4477 1771 4543 corporea
1811 4462 2092 4544 substantia
2117 4504 2133 4527 ,

559 4554 783 4594 numero
809 4531 1048 4606 seq-uenti
1079 4531 1273 4587 vivendi
1296 4531 1575 4585 substantia
1597 4541 1692 4606 ,‘et
1723 4548 1867 4585 num.
1896 4533 1984 4596 l0,
2011 4535 2138 4588 vita-

559 4612 623 4665 lis
673 4603 954 4663 substantia
1003 4608 1181 4659 verbis
1227 4605 1335 4672 jatu
1367 4603 1724 4671 apertioribus
1777 4615 2133 4672 nuucupetur.

561 4681 710 4736 Hauc
734 4694 893 4749 porro
918 4679 1125 4732 vitalem
1140 4676 1495 4749 substantiam
1516 4674 1758 4726 homines
1775 4689 1924 4749 esse
1951 4683 2008 4749 et
2032 4691 2135 4730 uou

560 4745 776 4808 aliunde
804 4759 1114 4820 sumpturos
1144 4749 1302 4820 tacite
1326 4745 1592 4814 signiﬁcat
1619 4760 1766 4820 num.
1798 4745 1884 4810 ll,
1911 4746 2000 4798 ubi
2033 4755 2140 4800 tra-

561 4824 641 4878 dit
669 4823 890 4892 angelos
912 4816 976 4875 ἐχ
998 4819 1220 4888 originis
1240 4831 1350 4892 sine
1380 4826 1526 4869 sorte
1557 4825 1608 4868 ut
1640 4816 1746 4868 sint
1768 4830 1983 4885 semper
2001 4820 2140 4892 acci-

564 4910 723 4964 pure,
746 4888 957 4963 "eisque
988 4906 1094 4945 non
1121 4889 1329 4964 similes
1355 4895 1481 4964 post
1516 4894 1967 4964 resurrectionem
2001 4888 2141 4964 futu-

561 4958 653 5023 ros
674 4981 688 5031 ;
711 4958 1089 5034 quod'diset-te
1111 4962 1222 5031 jam
1251 4959 1489 5034 declarat
1516 4960 1565 5011 in
1592 4959 1723 5034 psal.
1747 4971 1944 5034 chvtt,
1978 4975 2029 5034 ιι.
2059 4958 2094 5013 5
2120 5001 2136 5024 ,

566 5041 653 5091 ubi
676 5029 955 5093 beatorum
986 5029 1156 5088 emtas
1199 5029 1388 5083 nullius
1410 5044 1559 5100 egens
1583 5030 1650 5080 ad
1675 5029 2140 5100 corporisanimw-

563 5123 662 5177 que
705 5107 1042 5160 substantiam
1084 5099 1694 5177 praedicatur.’l)etuum
1743 5113 1865 5152 cum
1911 5099 2142 5177 Hilarius

567 5171 663 5233 eos
689 5179 774 5232 hic
796 5177 1021 5239 refellat,
1053 5171 1144 5243 qui
1192 5173 1260 5226 de
1287 5175 1585 5225 animarum
1639 5179 1757 5239 post
1787 5171 2141 5243 resurrectio-

569 5265 691 5304 nem
736 5258 845 5302 tum
897 5239 1148 5300 alimonia
1198 5257 1306 5297 tum
1360 5253 1681 5296 vesumeuto
1729 5239 1941 5292 solliciti
1979 5251 2142 5307 sunt;

569 5335 800 5390 cumque
829 5317 962 5390 infra
984 5331 1101 5386 cap.
1132 5329 1207 5381 ιιι,
1233 5332 1285 5366 ιι.
1310 5311 1752 5390 4,_explicaturus
1779 5310 1930 5390 illud,
1963 5309 2148 5364 Homi-

571 5409 687 5446 nem
715 5380 1232 5448 ntolltbusvest'itutn,
1261 5380 1638 5438 vestimentum
1670 5382 1862 5434 uniuni:
1885 5380 2150 5450 interpre—

573 5471 712 5516 tetur
732 5477 928 5530 corpus
956 5473 1063 5528 quo
1101 5458 1276 5510 anima
1315 5455 1546 5530 ambitur
1569 5453 2146 5530 “circumscribitur,

575 5532 796 5594 Vestem,
818 5522 1006 5602 inquii,
1020 5530 1264 5602 ambitum
1284 5523 1623 5602 corporist:th
1642 5527 1813 5577 anima
1833 5522 2058 5576 induitur
2078 5527 2149 5578 si-

565 5605 773 5672 gni/icui
813 5622 825 5657 :
859 5595 984 5672 quid
1028 5601 1112 5653 hic
1143 5599 1242 5650 sthi
1275 5603 1438 5672 volet:
1464 5595 1771 5664 Corpoream
1798 5602 1994 5672 natura:
2037 5611 2147 5652 sua;

562 5665 892 5727 iubatuntiatn
919 5675 1220 5735 sortiuntur,
1247 5670 1368 5732 nisi,
1397 5665 1509 5719 Neu
1535 5672 1724 5718 carent
1760 5668 1928 5735 veste,
1959 5681 2079 5735 qua:
2109 5684 2139 5725 a

562 5743 876 5810 corporibus
897 5757 1183 5815 numquam
1206 5732 1322 5795 tuon
1371 5735 1718 5793 ambiuntur?
1757 5732 1838 5789 Ad
1866 5732 2138 5798 summum

2165 4580 2220 4641 D

2300 3233 2386 3289 12.
2430 3231 2674 3298 Faenum,
2706 3239 2900 3302 gentes.
2950 3229 3234 3300 Resurgent
3260 3229 3327 3282 ad
3356 3230 3528 3300 ignem
3555 3237 3819 3282 retentum.

2225 3323 2497 3380 Justorum
2522 3323 2825 3377 resurrectio
2853 3321 3002 3392 longe
3021 3320 3188 3374 minus
3204 3319 3677 3392 ambigenda.-—Si
3693 3318 3822 3372 enim

2231 3420 2421 3488 [tenam
2450 3414 2582 3487 agri,
2614 3413 2749 3484 quod
2773 3412 2921 3465 hodie
2950 3421 3040 3477 est,
3087 3421 3131 3465 et
3158 3429 3273 3468 cras
3301 3412 3352 3466 in
3385 3412 3559 3484 ignem
3582 3413 3820 3473 mittitur,

2232 3506 2371 3562 Deus
2395 3507 2467 3562 sic
2486 3506 2648 3571 vestit;
2669 3515 2858 3575 quanto
2883 3503 3043 3577 magis
3065 3519 3151 3558 vos
3188 3502 3262 3574 (f)
3289 3503 3505 3562 modica:
3519 3503 3647 3572 ﬁdei
3663 3513 3675 3569 ι
3691 3502 3816 3557 Ibid.

2235 3598 2369 3671 '50)?
2398 3597 2546 3652 Fidei
2579 3604 2775 3652 nostra:
2805 3595 3168 3650 inviolabilem
3214 3582 3597 3650 conﬁdentiam
3644 3611 3822 3650 exem-

2233 3758 2393 3827 igitur
2439 3757 2524 3810 hic
2567 3757 2740 3812 sensit
2784 3756 2994 3811 animas
3035 3771 3324 3827 numquam
3371 3758 3646 3812 exsistere
3676 3766 3818 3816 cura

2231 3843 2391 3882 omne
2417 3842 2614 3896 corpus
2641 3843 2655 3881 :
2681 3843 2802 3882 cum
2834 3837 2940 3880 tota
2967 3832 3195 3898 quaestio
3223 3843 3326 3882 non
3351 3827 3418 3882 de
3446 3831 3642 3882 anima:
3669 3830 3817 3883 subs-

2235 3903 2429 3963 tantia,
2479 3899 2573 3953 sed
2603 3901 2668 3954 de
2697 3899 3021 3954 subsisteudi
3079 3898 3238 3952 modo
3276 3907 3545 3953 versetur.
3576 3900 3684 3955 Sed
3716 3903 3818 3954 ha‘c

2235 3970 2618 4038 interpretetur
2643 3971 2870 4040 quisque
2901 3979 2956 4022 ut
2980 3970 3147 4034 volet,
3182 3971 3344 4023 modo
3367 3987 3472 4024 non
3501 3971 3688 4026 credat
3734 3971 3819 4024 lli-

2237 4040 2428 4094 larium
2478 4041 2543 4094 iis
2586 4041 2742 4095 dictis
2783 4042 3015 4099 animam
3065 4042 3115 4092 in
3143 4056 3201 4093 se
3243 4043 3356 4110 ipsa
3386 4055 3706 4107 corpoream
3733 4057 3820 4093 vo-

2239 4113 2401 4165 luisse
2433 4128 2446 4164 :
2488 4111 2642 4164 aliter
2672 4113 2816 4168 enim
2847 4127 2970 4166 eum
3001 4113 3236 4165 sensisse
3263 4122 3514 4177 constat,
3549 4125 3606 4165 ut
3638 4113 3743 4167 fuse
3771 4114 3816 4166 iu

2240 4181 2475 4253 generali
2509 4183 2822 4248 prtefatioue
2849 4182 3105 4252 singulari
3150 4183 3534 4237 dissertatione
3580 4183 3819 4237 demons-

2242 4262 2434 4306 tratum
2464 4260 2562 4306 est.
2592 4253 2954 4308 Observamus
2984 4254 3157 4306 obiter
3185 4254 3443 4323 quosdam
3476 4255 3528 4306 in
3560 4253 3644 4307 his
3663 4297 3676 4315 ,
3709 4254 3817 4305 Ani-

2241 4339 2441 4377 marum
2468 4325 2681 4393 species,
2710 4327 2810 4377 sive
2830 4323 3159 4376 obtinentium
3198 4340 3436 4392 corpora,
3469 4326 3573 4377 sive
3599 4324 3818 4393 corpori-

2241 4341 2441 4377 ntarmn
2468 4341 2681 4448 spectes,
2710 4341 2810 4377 sive
2830 4341 3159 4376 oottnenuum
3198 4341 3436 4392 corpora,
3469 4341 3573 4377 sive
3599 4341 3816 4393 corpori-

2241 4395 2332 4448 bus
2361 4411 2483 4448 exsu
2508 4397 2724 4456 nntium,
2758 4395 2964 4448 animas
2994 4394 3254 4448 humanas
3281 4405 3336 4450 et
3373 4395 3597 4466 angelos
3627 4395 3816 4466 signiti-

2243 4467 2350 4519 cari
2380 4468 2712 4521 exisdmare.
2742 4466 2904 4520 Nobis
2924 4475 3101 4518 tamen
3127 4466 3314 4535 potius,
3330 4465 3394 4519 ad
3415 4465 3695 4520 dtversutn
3718 4466 3818 4518 aui-

2245 4552 2450 4590 marum
2479 4539 2831 4592 humanarum
2860 4546 3057 4590 statum
3089 4537 3336 4591 videntur
3360 4536 3663 4591 referenda.

2317 4607 2392 4680 (a)
2426 4608 2498 4662 lla
2539 4624 2660 4680 cum
2711 4609 2992 4680 Par.mss.
3043 4607 3295 4677 potiores.
3343 4606 3534 4662 Plures
3587 4608 3676 4661 alii
3707 4621 3819 4661 cum

2246 4679 2400 4743 Bati.,
2430 4680 2518 4732 Er.
2551 4690 2602 4732 et
2633 4679 2801 4748 Lips,
2833 4679 3086 4732 inertiam.

2318 4749 2394 4822 (b)
2429 4751 2549 4803 Par.
2581 4760 2722 4804 tanto
2776 4750 3098 4819 pretiosiora,
3129 4749 3273 4820 quod
3323 4749 3478 4822 prior
3526 4747 3734 4818 Lipsius
3761 4763 3820 4822 ex

2247 4818 2458 4874 Erasini
2491 4825 2726 4891 margine
2759 4818 2834 4891 in
2863 4827 3064 4891 textum
3113 4818 3459 4874 transtulerat
3491 4838 3503 4871 :
3558 4818 3819 4874 renitenti-

2248 4891 2345 4963 bus
2370 4907 2496 4963 mss.
2520 4890 2746 4963 quOrtuu
2772 4890 2858 4944 alii
2888 4890 3084 4946 habent
3111 4901 3273 4956 tanta,
3304 4891 3393 4963 alii
3425 4900 3564 4963 tanta
3592 4893 3817 4962 pretiosa.

2321 4962 2390 5034 (c)
2423 4961 2479 5015 In
2505 4961 2754 5032 vulgatis,
2778 4971 2832 5015 ut
2877 4963 3173 5034 angelorum
3203 4979 3215 5016 :
3246 4961 3515 5016 redundat
3557 4961 3634 5029 ut,
3664 4974 3822 5028 neque

2247 5041 2424 5089 exstat
2443 5034 2494 5087 iu
2532 5050 2664 5088 mss.

2323 5103 2400 5175 (ά)
2435 5104 2489 5177 lu
2534 5106 2794 5177 vulgatis,
2827 5104 3000 5177 igitur.
3037 5103 3366 5177 Couciontus
3412 5104 3484 5177 in,
3517 5117 3652 5158 mss.
3681 5103 3817 5177 enim.

2253 5172 2662 5243 Εχ’‹.ειίιι)1ιι.1ἰ1ἱῖ,
2695 5172 2866 5246 (τιιῙιιδ⁷
2890 5177 3053 5245 stirps
3079 5191 3108 5230 a
3157 5174 3337 5229 radice
3365 5175 3552 5246 excisa
3571 5179 3700 5246 eum
3721 5174 3820 5243 jam

2254 5247 2449 5301 calices
2477 5262 2602 5300 suos
2635 5243 2905 5310 etutscrit,
2939 5243 3009 5301 ita
3043 5247 3259 5301 eosdem
3303 5245 3472 5300 nutrit
3493 5259 3557 5298 ac
3589 5243 3748 5306 fovet,
3772 5252 3820 5297 ut

2257 5317 2466 5386 penitus
2493 5317 2768 5372 emoreaut
2795 5360 2810 5384 ,
2844 5317 3143 5372 ostenditur
3179 5319 3342 5371 vitam
3389 5317 3736 5386 angelorum,
3762 5327 3818 5368 ex

2257 5393 2496 5458 propria,
2537 5399 2590 5442 ct
2616 5405 2720 5441 non
2752 5397 2972 5444 externa
3000 5388 3296 5442 substantia
3322 5386 3513 5458 foveri.

2330 5457 2398 5529 (el
2433 5460 2508 5514 Ex
2535 5459 2770 5528 pluribus
2793 5476 2918 5513 mss.
2946 5463 3047 5513 huc
3066 5457 3684 5529 revocaturvocabulum
3703 5471 3817 5529 sua,

2254 5527 2394 5599 qubd
2429 5527 2627 5583 nonad
2658 5531 2822 5584 lilium
2851 5529 3082 5584 refertur
3103 5570 3116 5593 ,
3160 5529 3252 5582 sed
3283 5527 3350 5582 ad
3380 5530 3659 5584 t-ttelestem
3711 5527 3818 5581 sub-

2247 5604 2520 5666 stantiam,
2544 5616 2662 5670 quaa
2680 5618 2772 5657 sua
2794 5611 2896 5670 est,
2928 5618 3021 5656 seu
3051 5615 3168 5672 qua:
3194 5616 3256 5656 ex
3275 5615 3372 5657 sua
3393 5611 3583 5658 natura
3611 5609 3669 5658 ut
3695 5613 3818 5664 seu»

2248 5688 2345 5743 per
2368 5674 2442 5743 sit
2471 5671 2647 5727 habet.

2318 5740 2384 5824 (ι’)
2416 5742 2603 5802 Plures
2625 5757 2756 5804 mss.
2790 5744 3011 5817 minima:
3034 5742 3172 5817 fidei.
