3974 6198
152 265 283 323 949

1103 273 1647 335 COMMENTARIUS
1684 276 1753 335 IN
1790 278 2232 340 IA'ITBEUI.
2271 282 2426 343 CAP.
2467 285 2536 341 γ.

3359 294 3467 352 οδο

153 382 387 480 piorum
419 383 737 480 auctoritate
760 385 1047 442 confirmat
1070 404 1083 441 :
1116 396 1176 444 ut
1198 396 1350 445 tanto
1375 390 1601 462 majoris
1630 394 1770 465 peri-
1794 405 1851 466 Α
1873 396 1971 469 pit,
1992 397 2102 454 diei
2125 398 2389 472 deputare
2412 404 2611 461 mentis
2634 403 2888 463 adactum
2914 425 2927 462 :
2957 418 3090 479 ergo
3108 416 3170 465 et
3193 408 3339 480 quod
3366 410 3469 468 sibi

151 473 281 529 cuii
312 488 399 530 res
424 475 491 529 sit
529 476 839 549 ambigere.
885 488 1088 549 quanto
1117 480 1441 550 impensiore
1472 500 1602 541 cura
1654 500 1772 541 om-

150 586 297 626 nem
328 572 668 628 occasionem
694 573 1030 631 inﬁdelitatis
1073 576 1377 635 abstulerit.
1409 579 1634 636 Faenum
1664 595 1770 636 non

150 661 379 719 idcirco
404 663 668 732 nascitur,
702 673 761 719 ut
785 665 945 721 detur
982 667 1124 738 igni;
1154 683 1329 739 neque
1360 669 1482 725 ideo
1509 672 1773 728 vestieudi

148 755 288 826 ejus
332 755 622 825 peculiaris
652 755 765 811 Deo
794 772 920 812 cura
974 769 1078 826 est,
1110 768 1169 814 ut
1213 770 1518 818 cremetur:
1552 762 1646 819 sed
1673 764 1775 820 sub

144 846 298 904 freni
325 849 545 904 nomine
589 859 921 919 nuncupatas
945 865 1069 906 esse
1095 867 1127 907 a
1171 852 1281 908 Deo
1306 862 1532 924 gentes,
1578 855 1773 931 crebro

141 938 494 996 invenimus.
521 940 754 997 Germen
780 950 961 998 autem
985 942 1115 1000 illud
1139 953 1245 1010 est,
1263 945 1403 1013 quod
1427 946 1638 1001 virtutis
1660 962 1771 1002 suae

143 1032 301 1089 ﬂore
330 1033 563 1101 dilapso,
598 1032 665 1089 ad
694 1033 932 1089 Calorem
966 1035 1098 1090 solis
1119 1031 1338 1090 arescit.
1369 1036 1534 1107 igitur
1552 1037 1771 1107 requies

140 1125 307 1180 nulla
337 1125 621 1195 gentibus.
668 1140 843 1196 neque
880 1126 1073 1182 mortis
1097 1167 1114 1192 ,
1143 1135 1200 1181 ut
1248 1128 1472 1192 volunt.
1502 1142 1763 1197 compen-

142 1216 254 1274 dio
284 1218 439 1288 quies
464 1216 720 1273 dabitur:
749 1217 844 1272 sed
885 1220 1180 1289 corporalis
1229 1230 1284 1275 et
1330 1220 1461 1291 ipsis
1506 1222 1776 1279 aeternitas

140 1310 524 1367 destinabitur
553 1319 611 1366 ut
655 1312 795 1382 ignis
845 1316 1031 1369 aeterni
1062 1316 1115 1370 in
1167 1314 1296 1385 ipsis
1332 1314 1403 1370 sit
1431 1324 1628 1371 aeterna
1662 1331 1777 1371 ma—

142 1404 347 1469 teries,
380 1410 438 1458 et
466 1404 519 1459 in
576 1394 842 1459 universis
881 1406 1226 1474 sempiternis
1252 1419 1571 1462 exerceatur
1634 1406 1771 1463 ultio

138 1496 515 1565 sempiterna.
546 1494 603 1550 Si
624 1495 785 1567 igitur
812 1497 1064 1568 gentibus
1110 1497 1310 1554 idcirco
1343 1507 1565 1561 tantum
1598 1498 1776 1554 indui-

139 1596 317 1660 getur
357 1588 634 1644 atemitas
677 1589 1012 1660 corporalis,
1038 1598 1099 1645 ut
1144 1606 1272 1646 mox
1307 1590 1385 1661 (α)
1428 1591 1537 1663 igni
1582 1591 1775 1661 iudicii

140 1682 550 1748 destinentur;
581 1698 743 1753 quam
771 1682 1055 1754 profanum
1092 1692 1215 1752 est,
1248 1694 1465 1740 sanctos
1492 1684 1560 1740 de
1600 1684 1774 1755 gloria

1874 488 1988 560 ipsa
2003 490 2229 547 sollicita
2240 501 2343 557 est,
2362 504 2417 549 et
2432 496 2575 567 quod
2597 498 2646 553 ei
2671 499 2871 555 malitia
2888 515 2987 556 sua
3005 499 3226 570 sufficit,
3250 510 3311 558 et
3321 502 3470 573 quod

1874 581 2178 639 inhibemur
2190 586 2406 642 solliciti
2419 602 2540 653 esse
2553 588 2622 645 de
2639 592 2894 659 crastino;
2912 601 3085 648 totum
3103 592 3177 665 (c)
3194 594 3296 651 sub
3307 594 3471 651 dictis

1875 675 2113 732 ccelestis
2138 676 2511 749 signiﬁcantia:
2536 684 2858 739 continetur.
2883 684 3145 743 iubemur
3169 687 3334 760 igitur
3356 703 3470 745 non

1876 772 2150 843 ambigere
2176 772 2246 827 de
2276 773 2502 842 futuris;
2528 778 2658 831 satis
2673 778 2815 832 enim
2849 779 2974 834 vita;
3012 790 3216 837 nostrae
3242 781 3466 850 malitia,

1877 872 1931 918 et
1954 864 2161 920 dierum
2191 865 2383 936 quibus
2410 867 2639 923 vivimus
2682 880 2901 940 peccata
2921 871 3214 939 sufﬁciunt,
3236 887 3296 929 ut
3320 875 3465 931 circa

1879 955 1995 1010 itzec
2021 957 2291 1027 purganda
2325 970 2380 1015 et
2402 962 2757 1031 promerendo
2784 964 2961 1017 omnis
2981 965 3323 1022 vittenost‘raa
3346 982 3466 1022 me-

1877 1049 2070 1105 ditatio
2115 1050 2375 1123 laborque
2419 1062 2690 1118 versetur.
2731 1070 2802 1110 ne
2842 1055 3006 1112 etiam
3048 1057 3119 1113 de
3166 1056 3470 1115 futurorum

1877 1141 2177 1197 diffidentia
2240 1144 2578 1214 inexpiabilis
2640 1146 3010 1217 irreligiositas
3077 1149 3466 1206 contrahatur:

1878 1249 2001 1291 cum
2031 1245 2280 1292 cessante
2309 1253 2439 1293 cura
2470 1247 2653 1295 nostra
2675 1274 2692 1306 ,
2736 1241 2852 1310 ipsa
2892 1242 2944 1296 in
2976 1240 3160 1297 officio
3183 1257 3321 1309 suo,
3347 1240 3471 1315 quae

1878 1340 2007 1385 sunt
2036 1328 2235 1399 futura,
2266 1332 2500 1389 sollicita
2524 1333 2671 1399 sint,
2700 1342 2757 1391 et
2776 1335 2935 1391 nobis
2955 1345 3180 1392 aeternas
3209 1338 3472 1394 claritatis

1881 1422 2173 1492 profectus,
2211 1424 2301 1480 Dei
2333 1434 2657 1495 procurante
2677 1426 2919 1506 bonitate
2939 1469 2955 1495 ,
2980 1428 3093 1499 jam
3132 1424 3240 1487 non
3267 1429 3469 1486 sollici-

1877 1516 1947 1572 tis
1970 1526 2318 1587 praeparetur.

1954 1606 2040 1662 14.
2068 1606 2321 1664 Judicare
2347 1610 2410 1664 de
2429 1608 2529 1665 Dei
2556 1612 2919 1681 sponsionibus
2942 1617 3089 1686 nefas
3114 1621 3208 1668 est.
3242 1612 3383 1667 Cur.-
3400 1641 3474 1653 --

1880 1698 2058 1755 Nolite
2075 1701 2339 1770 judicare,
2365 1718 2427 1756 ne
2446 1704 2775 1776 judicemini.
2804 1705 2916 1771 Quo
2945 1706 3079 1760 enim
3099 1706 3306 1780 judicio
3336 1705 3476 1771 iudi-

141 1776 488 1831 ωιετιιίιειίε
524 1774 835 1870 ξηηδίαθνθ,
874 1790 1004 1870 ίουηι
1044 1776 1240 1847 iniquis
1269 1777 1595 1870 aeternitatis
1630 1790 1765 1846 opus
1793 1793 1843 1854 β
1869 1792 2125 1859 caveritis,
2143 1774 2469 1867 judicabitur
2495 1794 2558 1849 de
2577 1786 2716 1851 vobis
2751 1794 2968 1868 (Matth.
2993 1774 3168 1867 νιιζι,
3195 1792 3275 1870 2).
3300 1798 3475 1855 Omne

141 1879 452 1941 praestetur
478 1867 547 1924 ad
573 1883 805 1939 patiam.
848 1869 1077 1925 Omnem
1121 1871 1282 1941 igitur
1305 1869 1764 1940 exspectationem

145 1970 407 2017 nostram
451 1961 505 2016 in
535 1960 644 2016 fido
670 1962 1154 2032 repromissionum
1193 1972 1247 2017 et
1277 1961 1490 2018 virtutis
1518 1976 1632 2017 sua:
1677 1977 1774 2030 po—

148 2059 366 2109 testate
406 2052 574 2124 exigit
612 2054 870 2109 collocari
897 2072 910 2106 :
956 2061 1015 2108 ut
1039 2069 1167 2110 cura
1195 2069 1376 2110 rerum
1403 2053 1598 2125 quibus
1628 2052 1767 2108 indi~

1872 1884 2061 1955 judicii
2090 1884 2329 1943 ofﬁcium
2374 1887 2589 1958 penitus
2632 1888 2772 1945 Deus
2812 1888 3117 1958 submovet,
3167 1907 3270 1948 nec
3306 1892 3476 1949 ullum

1878 1978 2101 2033 omnino
2144 1980 2344 2050 suscipi
2386 1980 2607 2051 patitur;
2641 1982 2748 2039 Sed
2774 1990 3141 2056 compugnare
3181 1986 3475 2057 propositis

1876 2068 2260 2139 subsequentia
2299 2072 2708 2138 existimantur,
2761 2089 2885 2129 cum
2925 2075 3092 2131 dicit:
3124 2075 3240 2142 Quo
3268 2078 3475 2151 judicio

143 2162 356 2219 gemus
383 2147 613 2215 omissa,
646 2148 716 2204 ab
737 2163 806 2203 eo
842 2148 1025 2218 potius
1047 2148 1252 2215 omnia,
1283 2161 1315 2202 a
1343 2161 1450 2217 quo
1480 2145 1580 2217 ipsi
1611 2146 1769 2201 vitale

1883 2159 2226 2229 iudicaveritis
2256 2202 2270 2229 ,
2310 2163 2637 2237 judicabitur
2660 2166 2725 2220 de
2753 2168 2912 2222 vobis.
2947 2168 3056 2224 Sed
3081 2145 3332 2238 superius
3356 2171 3433 2225 ait
3453 2189 3471 2225 σε

147 2241 452 2299 exordium
481 2242 836 2312 sumpsimus,
864 2249 1271 2312 exspectemus,
1306 2253 1636 2310 regnumque
1678 2237 1769 2293 Dei

148 2336 287 2391 vita:
320 2343 525 2389 nostra
550 2333 836 2405 stipendiis
862 2348 1191 2404 quaeramus.
1231 2332 1303 2389 Et
1329 2332 1444 2386 haec
1472 2340 1621 2386 recte
1652 2345 1775 2400 per-

148 2424 418 2495 fectoque
456 2425 751 2480 viventium
780 2440 993 2481 merces
1023 2434 1105 2479 est
1130 2464 1148 2492 ,
1182 2432 1243 2479 ut
1286 2424 1338 2478 in
1365 2437 1555 2477 novam
1582 2420 1776 2478 caeles-

152 2528 386 2591 temque
413 2518 772 2574 substantiam
790 2534 853 2574 ex
881 2517 981 2574 hac
1002 2517 1368 2589 corruptibilis
1384 2516 1628 2586 corporis
1656 2528 1771 2570 ma-

152 2612 305 2670 terie
330 2611 752 2680 transferantur,
785 2620 841 2668 et
864 2612 1140 2682 corruptio
1192 2622 1405 2666 terrena
1450 2608 1658 2665 caelesti
1690 2611 1771 2664 in.

150 2709 519 2779 corruptione
542 2718 799 2763 mutetur.
820 2706 1074 2763 Gentium
1104 2705 1263 2777 igitur
1281 2712 1395 2769 est,
1430 2702 1765 2758 infidelitatis

151 2801 326 2858 istius
340 2815 468 2857 cura
487 2800 613 2872 angi
636 2819 651 2856 :
675 2799 869 2872 quibus
887 2798 1073 2856 saeculi
1097 2812 1284 2854 amore
1300 2796 1558 2866 detentis,
1584 2805 1639 2854 et
1662 2812 1775 2853 cor-

158 2896 318 2965 poris
344 2894 558 2966 gaudiis
579 2893 877 2965 occupatis,
922 2893 1127 2947 nullttm
1156 2906 1252 2963 per
1292 2890 1451 2947 iidem
1479 2901 1535 2948 et
1562 2890 1776 2947 confes-

157 2988 380 3044 sionem
401 2988 498 3044 Dei
513 2987 569 3045 in
585 2987 809 3044 coaleste
820 3001 1046 3058 regnum
1062 2987 1163 3042 iter
1180 2985 1440 3056 quatritur
1460 2992 1515 3040 et
1534 2993 1771 3056 aptatur.

239 3080 330 3135 15.
360 3077 487 3135 Dies
511 3080 658 3151 quid.
692 3078 1005 3135 Sollicitudo
1048 3078 1102 3132 in
1131 3078 1265 3132 diem
1295 3094 1396 3131 non
1438 3077 1596 3130 cadit.
1626 3074 1778 3150 Circa

1879 2250 2063 2308 Nolite
2077 2253 2321 2327 judicare
2342 2294 2359 2322 ,
2392 2264 2456 2309 hc
2469 2256 2799 2327 judicemitti.
2826 2258 3093 2331 Numquid
3139 2259 3265 2316 boni
3286 2260 3474 2332 iudicii

1878 2345 2159 2400 arbitrium
2213 2348 2411 2417 suscipi
2458 2363 2568 2403 non
2612 2350 3146 2422 oportebit‘lAtquin
3191 2353 3474 2421 profitetur

1878 2453 1978 2510 pro
2006 2439 2315 2497 conditione
2356 2441 2542 2512 iudicii
2581 2441 2924 2512 judicandos,
2969 2453 3024 2499 et
3069 2445 3337 2499 universis
3379 2454 3472 2515 ge:-

1878 2546 2008 2589 nere
2050 2548 2158 2604 quo
2196 2535 2367 2589 mensi
2412 2544 2537 2589 sunt
2585 2536 2940 2592 moliendum.
2993 2536 3135 2607 Ergo
3179 2544 3469 2608 numquam

1878 2624 2017 2681 bene
2041 2624 2407 2695 iudicabitur,
2439 2626 2483 2681 si
2532 2628 2754 2683 omnino
2804 2640 2911 2682 non
2954 2629 3057 2684 erit
3095 2628 3467 2699 iudicantium.

1878 2716 1985 2773 Sed
2027 2716 2137 2785 jam
2177 2716 2401 2780 dudum.
2436 2726 2493 2772 ut
2521 2718 2771 2789 superius
2818 2720 3197 2790 cognoscitur,
3240 2714 3372 2775 nihil
3413 2721 3468 2776 lit

1879 2808 2059 2865 verbis
2085 2810 2182 2864 Dei
2223 2810 2345 2865 leve
2384 2819 2478 2865 aut
2505 2810 2664 2866 inane
2703 2810 3007 2867 tractatur:
3056 2812 3341 2883 omnisque
3382 2811 3473 2868 hic

1879 2902 2020 2958 ultra
2058 2912 2276 2959 sensum
2314 2904 2597 2974 gentilium
2646 2907 2856 2960 aurium
2893 2916 3075 2963 sermo
3097 2915 3201 2962 est.
3235 2906 3471 2962 Iudicavi

1879 2996 2021 3051 enim
2050 2996 2119 3051 de
2145 2997 2526 3067 sponsionibus
2549 2999 2663 3055 suis
2693 3001 2862 3053 Vetuit
2892 3016 2906 3054 :
2940 3000 3067 3069 quia
3092 3007 3153 3054 ut
3175 2998 3374 3069 iudicis
3403 3003 3471 3054 ex

1880 3087 2103 3144 incertis
2129 3088 2291 3144 rebus
2314 3090 2453 3144 inter
2478 3088 2725 3145 homines
2747 3098 3050 3156 sumuntur,
3085 3088 3155 3145 ita
3181 3098 3234 3145 et
3259 3082 3361 3145 hoc
3385 3091 3474 3160 itt-

154 3192 284 3250 quae
319 3185 427 3230 tota
465 3175 660 3231 versari
704 3173 883 3230 debeat
908 3172 1131 3227 hominis
1170 3188 1316 3226 cura.
1354 3200 1425 3210 —
1457 3169 1632 3224 Nolite
1656 3185 1776 3242 ergo
1804 3178 1850 3244 Ε
1881 3180 2077 3235 dicinm
2108 3181 2393 3236 adversum
2430 3182 2595 3236 Deum
2619 3197 2685 3238 ex
2731 3183 2999 3238 sentiendi
3028 3190 3188 3253 atque
3216 3182 3475 3254 opinandi

152 3266 379 3322 solliciti
399 3281 508 3320 esse
536 3264 599 3319 de
622 3260 1146 3318 crastino.Crastinus
1161 3260 1326 3334 695
1346 3261 1482 3314 enim
1504 3259 1614 3313 dies
1634 3259 1771 3313 solli-

153 3361 299 3417 citus
325 3359 422 3413 crit
453 3358 548 3413 sibi
571 3357 700 3429 ipse.
728 3356 945 3433 Sufﬁcit
972 3355 1075 3410 diei
1105 3354 1305 3407 malitia
1344 3368 1439 3406 sua
1466 3350 1629 3424 (Ibid.
1656 3351 1767 3422 54).

154 3452 471 3511 Commune
476 3452 738 3524 judicium
753 3451 1007 3518 est,diem
1020 3462 1144 3505 esse
1155 3446 1446 3513 labentium
1469 3455 1770 3513 temporum

1874 3273 2221 3344 ambiguitate
2249 3274 2575 3345 suscipitur,
2610 3275 2753 3344 qunti
2799 3276 3010 3345 penitus
3055 3276 3268 3346 repellit
3314 3284 3346 3330 tt
3377 3282 3473 3331 no-
3530 3320 3533 3325 ,

1871 3367 1988 3434 bis,
2019 3378 2077 3422 ut
2096 3377 2352 3424 constans
2379 3371 2556 3438 ponus
2574 3363 2706 3424 tldes
2721 3372 3049 3435 retineatur;
3082 3372 3204 3441 quia
3232 3376 3339 3425 ltuit
3365 3372 3474 3427 sie-

1875 3472 1932 3516 ut
1974 3463 2027 3517 in
2070 3463 2231 3519 rebus
2284 3462 2519 3529 caeteris,
2564 3471 2837 3532 peccatum
2869 3467 2939 3519 sit
2964 3463 3133 3536 απ
3188 3466 3469 3534 perperam

164 3562 398 3603 cursum
430 3546 550 3601 luce
576 3545 709 3600 solis
737 3543 1126 3607 illuminatum,
1162 3555 1326 3610 quem
1358 3553 1460 3594 nox
1492 3537 1769 3608 interiecta

1883 3552 2175 3620 iudicasse;
2205 3551 2301 3607 sed
2340 3554 2425 3624 (ά)
2466 3555 2520 3608 in
2557 3553 2642 3609 his
2670 3555 2831 3610 rebus
2867 3555 3238 3611 tantummodo
3266 3556 3334 3612 de
3362 3556 3471 3612 Deo

152 3637 524 3702 discriminat,
569 3643 625 3691 et
652 3632 956 3690 interventu
984 3647 1085 3689 suo
1126 3631 1235 3687 diei
1283 3630 1425 3686 dicm
1473 3630 1769 3697 subrogat:
1824 3683 1829 3688 .
1870 3643 2150 3712 judicium,
2180 3645 2387 3701 initium
2417 3658 2538 3700 esse
2564 3644 2925 3702 sttcrimtmg,

152 3731 336 3788 futuri
381 3741 558 3786 autem
623 3728 887 3799 temporis
949 3724 1304 3793 significantia
1353 3722 1660 3779 continetur
1717 3720 1772 3774 in

154 3825 429 3882 crastino.
464 3822 605 3893 Ergo
631 3821 699 3877 de
724 3819 906 3876 futuro
935 3818 1200 3874 sollicitos
1228 3832 1326 3872 nos
1348 3830 1471 3872 esse
1497 3814 1642 3870 Deus
1675 3827 1771 3869 ve-

157 3919 291 3974 tuit.
327 3917 534 3973 lncnria
565 3926 744 3972 autem
793 3912 1176 3970 sollicitudinis
1223 3910 1476 3965 relaxatae
1498 3947 1513 3971 ,
1543 3921 1652 3962 non
1680 3920 1776 3961 ne-

154 4013 461 4087 gligentiae,
486 4010 580 4067 sed
614 4010 732 4067 lidei
785 4020 889 4065 est.
918 4006 1031 4064 Cur
1056 4006 1201 4062 enim
1242 4003 1459 4059 solliciti
1500 4002 1672 4058 simus
1719 4000 1772 4055 in

160 4104 446 4168 crastino;
476 4118 598 4159 cum
626 4102 899 4157 crastinus
927 4095 1183 4155 dies'sibi
1224 4098 1340 4167 ipse
1369 4094 1635 4150 sollicitus
1665 4092 1774 4149 sit?

161 4198 317 4267 Ergo
338 4195 669 4253 anxietatem
694 4200 933 4249 nostram
956 4192 1077 4261 ipsa
1108 4205 1205 4260 pro
1235 4188 1389 4243 nobis
1406 4187 1523 4242 dies
1544 4185 1773 4240 sollicita

162 4286 414 4357 depellit.
444 4285 551 4343 Sed
569 4283 898 4351 sollicitudo,
933 4290 989 4337 ut
1017 4281 1273 4345 arbitror.
1304 4277 1555 4348 proprius
1578 4275 1775 4331 estho-

163 4378 339 4436 minis
363 4376 592 4432 affectus
624 4393 638 4429 :
665 4374 805 4430 hanc
833 4374 977 4429 enim
1010 4371 1209 4428 excitat
1236 4375 1331 4423 aut
1356 4383 1522 4433 curae,
1547 4374 1640 4421 aut
1664 4381 1775 4422 me-

162 4480 279 4537 tus,
309 4478 403 4525 aut
424 4468 625 4523 doloris
652 4468 913 4523 anxietas.
951 4466 1075 4522 Dios
1112 4478 1242 4520 vero
1265 4476 1458 4518 cursus
1506 4468 1590 4515 est
1634 4468 1773 4515 tem-

1948 3735 2034 3790 15.
2062 3735 2353 3807 Ittﬁdelilas
2380 3738 2531 3808 quale
2572 3749 2619 3792 et
2644 3749 2892 3809 quantum
2933 3752 3216 3814 peccatum.
3251 3740 3475 3797 Frustra

1873 3829 2005 3883 alios
2046 3829 2258 3899 corrigit
2285 3842 2387 3883 non
2403 3839 2681 3886 correctus.
2710 3830 2935 3897 -ι--ρίιίά
2956 3840 3126 3886 autem
3153 3833 3296 3889 stu»
3310 3836 3471 3903 festu-

1874 3937 1987 3976 cam
2026 3921 2083 3975 in
2129 3921 2278 3975 oculo
2335 3922 2514 3991 fratris
2557 3923 2652 3987 tui,
2692 3932 2744 3977 et
2785 3925 3052 3979 tmbemist
3079 3920 3232 3979 'oottlti
3256 3933 3342 3978 tuo
3367 3926 3470 3979 nuit

1874 4014 2036 4082 vides,
2067 4021 2123 4069 et
2150 4014 2356 4084 reliqua
2394 4012 2556 4086 (Ibid.
2574 4014 2633 4086 ὅ)
2654 4015 2676 4066 ‘i
2697 4013 2757 4071 in
2785 4018 3242 4086 consequentibus
3265 4016 3471 4081 docuit,

1876 4108 2045 4162 solam
2095 4106 2148 4161 in
2178 4106 2437 4176 Spiritum
2466 4108 2859 4175 blasphemiam
2901 4117 3051 4163 extra
3083 4107 3294 4162 Veniam
3325 4108 3469 4162 nna-

1876 4212 2014 4265 ram,
2046 4198 2259 4253 ceteris
2304 4198 2560 4253 omnibus
2615 4199 2727 4254 Deo
2757 4200 3143 4271 indulgentiam
3181 4200 3467 4271 largiente.

1876 4290 2161 4346 Peccatum
2192 4299 2372 4344 autem
2427 4290 2479 4345 in
2539 4290 2798 4360 Spiritum
2859 4298 2965 4357 est,
3001 4292 3111 4347 Deo
3133 4290 3347 4346 Virtutis
3375 4298 3473 4360 pn-

1876 4391 2123 4438 testatem
2177 4392 2411 4450 negare,
2462 4390 2517 4436 et
2567 4380 2782 4438 Christo
2829 4383 3180 4439 substantiam
3230 4383 3471 4439 adimere

1876 4476 2195 4531 aeternitatis
2220 4491 2232 4528 :
2254 4488 2350 4545 per
2377 4487 2560 4545 quem,
2589 4474 2712 4545 quin
2742 4475 2796 4530 in
2824 4474 3098 4529 hominem
3132 4475 3271 4530 Deus
3301 4472 3468 4541 venit,

166 4563 321 4634 poris
347 4578 360 4615 :
392 4569 449 4617 et
472 4561 585 4616 sola
615 4558 689 4631 (ὁ)
718 4558 1108 4629 providentiam
1132 4564 1418 4612 consecuta
1448 4552 1773 4610 sollicitudi-
1803 4554 1851 4620 ι)
1880 4567 2043 4623 homo
2070 4578 2284 4623 rursum
2308 4566 2400 4621 ne;
2441 4567 2493 4621 in
2532 4567 2722 4621 Deum,
2759 4567 2897 4635 Erga
2916 4572 3176 4636 quantum
3201 4567 3343 4622 inter
3366 4567 3472 4623 mg.

166 4659 258 4714 nis
306 4655 575 4729 recipiunt
602 4654 874 4712 affectum.
925 4654 1293 4709 Constituetur
1326 4665 1459 4721 ergo
1482 4649 1603 4704 dies
1644 4663 1766 4704 esse

167 4747 398 4813 animai,
427 4746 570 4817 quod
592 4756 648 4803 et
687 4753 895 4812 caveat,
935 4754 990 4800 et
1016 4744 1327 4816 prospiciat,
1370 4749 1426 4798 et
1462 4750 1652 4807 curet;
1682 4740 1771 4795 cui

168 4847 229 4895 et
265 4836 469 4897 malitia
518 4837 730 4907 prppria
776 4835 1027 4903 sufﬁciat,
1075 4850 1246 4904 neque
1267 4832 1604 4891 extrinsecus
1632 4831 1771 4886 acci-

168 4929 325 4988 denti
353 4930 425 4985 sit
445 4927 770 5003 cumulanda
793 4935 1034 4998 peccato.
1064 4926 1171 4985 Sed
1196 4935 1382 4982 natura
1414 4926 1492 4982 rei
1541 4939 1648 4983 non
1677 4938 1769 4979 ca-

246 5154 329 5231 (α)
361 5153 415 5211 in
466 5163 673 5231 septem
721 5152 976 5231 mssjgni
1004 5152 1176 5223 judici
1213 5170 1223 5204 :
1278 5149 1439 5231 lectio
1468 5163 1594 5231 non.
1623 5163 1777 5231 sper-

171 5218 376 5292 neitda,
436 5237 494 5282 ut
530 5218 680 5297 ignis
708 5218 901 5297 rjudex'
926 5218 1137 5279 dicatur
1184 5218 1334 5297 quasi
1380 5221 1516 5290 ignis
1545 5218 1763 5297 vindex.

174 5286 870 5355 Aliam'tamettvconﬁ'rmat
896 5303 1053 5349 tract.
1087 5286 1221 5357 psal'.
1244 5300 1360 5351 xm.
1390 5286 1538 5345 num.
1570 5291 1659 5355 ll,
1687 5286 1774 5346 tibi

165 5369 387 5456 “inutiles
410 5379 458 5456 ﬁt
475 5368 831 5456 'infritctttosos
853 5367 961 5456 igni
979 5359 1174 5456 judicii
1195 5363 1464 5456 deputatus
1490 5360 1739 5456 legimus.

246 5439 325 5566 φ)
350 5440 510 5498 Editi.
525 5428 637 5495 sola
651 5428 1004 5520 provideriqu
1020 5435 1346 5501 castigantur
1357 5446 1423 5488 ex
1437 5428 1568 5487 mss:
1588 5428 1749 5516 itam.
1761 5472 1776 5497 ,

174 5512 254 5568 Co
281 5513 334 5565 b.
366 5519 422 5564 et
463 5509 624 5565 Caro.
660 5508 1059 5564 Providentiam
1107 5514 1284 5559 autem
1336 5513 1488 5558 vocat
1540 5504 1775 5558 i’itlarius

179 5578 501 5657 providendi
530 5595 592 5635 se
615 5579 976 5657 prospiciendi
1006 5574 1346 5657 facultatem._
1533 5647 1544 5657 _
1581 5646 1613 5657 μ
1657 5645 1689 5657 ﬂ

183 5645 197 5654 ’
254 5652 330 5725 (c)
359 5651 435 5706 Ita
466 5667 595 5706 mss.
618 5645 886 5718 potiores,
921 5650 972 5704 id
995 5656 1096 5707 est,
1129 5653 1299 5699 totum
1333 5645 1435 5700 hoc
1466 5645 1781 5716 spiritaliter

183 5725 390 5782 dictum
418 5731 520 5777 est.
553 5723 655 5778 Alii
686 5734 824 5777 vero
845 5735 968 5777 cum
1012 5717 1245 5789 vulgatis
1267 5754 1284 5783 ,
1329 5716 1421 5777 sub
1452 5718 1574 5772 dicti
1604 5715 1781 5772 mles-

507 5759 520 5775 ο
553 5753 655 5778 “III
693 5753 824 5777 γυιυ
845 5753 968 5777 υΙΙΙΙΙ
1017 5753 1245 5783 νυιεηιιυ
1267 5754 1284 5783 ς

180 5798 243 5852 tis
267 5794 636 5867 signiﬁcatio.

1883 4670 2059 4715 tucam
2105 4667 2160 4714 ct
2205 4660 2414 4715 trabem
2461 4658 2791 4714 discriminis
2834 4664 2939 4728 est,
2991 4662 3196 4715 tantum
3236 4648 3475 4716 Ostendit

1879 4762 2160 4822 peccatum
2192 4752 2244 4806 in
2289 4750 2547 4819 Spiritum
2586 4746 2956 4808 conditionem
3009 4758 3327 4808 ceterorum
3366 4753 3474 4809 ert-

1882 4844 2085 4896 minutn
2130 4841 2397 4898 excedere
2429 4860 2442 4898 :
2474 4852 2535 4898 ut
2571 4856 2692 4899 cum
2740 4842 2984 4900 infideles
3009 4842 3203 4900 delicta
3225 4846 3472 4915 corporis

1879 4935 2003 4991 aliis
2029 4938 2377 5005 exprobrent,
2412 4948 2549 4993 onus
2595 4935 2801 5007 peccati
2840 4934 2913 5009 (c)
2943 4942 3050 5009 quo
3077 4936 3146 4994 ue
3192 4937 3475 5008 promissis

1958 5146 2035 5217 (ά)
2057 5130 2183 5218 Par.
2208 5145 2261 5218 in
2280 5143 2451 5218 rebus,
2479 5142 2682 5218 omisso
2704 5132 3035 5218 pronomine
3064 5145 3163 5218 Itis.
3192 5161 3300 5218 quo
3315 5163 3479 5218 spon-

1882 5212 2066 5274 siones
2097 5214 2534 5289 Delindicnntur.
2566 5213 2705 5289 lilox.
2739 5212 3069 5289 apudABadq
3106 5212 3295 5273 Erfet
3323 5212 3471 5289 Lips.

1882 5290 2085 5352 initum,
2119 5288 2206 5340 tthi
2234 5288 2282 5340 in
2313 5285 2433 5340 aliis
2461 5284 2609 5341 libris
2639 5287 2857 5345 rectius.
2884 5287 3107 5341 initium.

1984 5363 2033 5426 e)
2063 5359 2214 5428 Apud
2244 5357 2362 5411 Par.
2388 5357 2524 5426 quod
2542 5355 3047 5428 promissisJuverit
3082 5359 3170 5415 hic
3196 5366 3361 5414 totum
3382 5354 3472 5413 ili-

1962 5360 2033 5484 Se)
2063 5360 2214 5428 Apud
2244 5360 2362 5411 Par.
2388 5360 2524 5426 quod
2542 5360 3047 5426 promissisJuverit
3082 5360 3170 5415 hic
3196 5366 3361 5414 totum
3382 5360 3471 5413 lli-

1889 5422 1969 5485 lar
1994 5431 2010 5485 i
2033 5436 2427 5500 argumentum,
2445 5427 2586 5500 quod
2618 5441 2721 5480 non
2747 5438 2841 5500 per
2870 5443 2931 5482 se
2955 5430 3205 5483 omnibus
3231 5429 3358 5500 satis
3374 5444 3471 5495 ap-

1889 5507 2062 5571 paret.
2102 5498 2296 5571 paucis
2337 5498 2743 5571 ρριιξιιιξίιιερξηξ.Δ
2770 5498 2861 5552 Sic
2904 5502 3045 5571 enim
3077 5499 3468 5553 ratiocinator:

1887 5567 1985 5638 Qui
2018 5571 2085 5624 tle
2114 5567 2518 5639 promissis‘Dci
2549 5568 2791 5637 atnhigit,
2821 5568 3043 5635 attthigit
3083 5583 3143 5639 se
3184 5572 3469 5639 evasurum

1886 5633 1942 5697 ἱῖι
1973 5633 2164 5696 Deum.
2196 5638 2349 5693 Circa
2397 5636 2498 5693 hoc
2536 5633 2791 5699 incertus.
2839 5654 2943 5689 non
2976 5633 3153 5688 credit
3193 5633 3467 5691 Christum

1890 5711 2059 5767 Deum
2086 5727 2101 5776 ;
2129 5709 2392 5780 siquidem
2418 5709 2486 5780 ad
2524 5711 2659 5780 hoc,
2681 5716 2803 5761 cum
2832 5714 2974 5780 esset
3005 5704 3166 5780 Deus,
3198 5706 3366 5780 uictus
3387 5715 3475 5761 est

1890 5771 2097 5852 homo,
2124 5771 2387 5837 ut'homo
2428 5778 2580 5836 fieret
2630 5771 2790 5832 Deus.
2822 5774 2924 5842 Qui
2967 5774 3148 5830 autem
3192 5771 3472 5832 Christum
