3974 6198
530 283 632 342 951

1709 285 1950 344 SANCTI
1985 283 2239 342 HlLARll
2278 285 2582 346 EPISCOPI

3718 278 3834 336 95-2

532 398 633 457 Dei
661 401 951 471 ambigam,
971 400 1023 455 in
1053 415 1113 456 se
1136 409 1262 458 ante
1287 415 1395 458 non
1415 401 1652 471 videant,
1685 400 1761 473 (a)
1786 399 2117 458 inﬁdelitatis
2145 399 2202 461 Α
2222 402 2458 471 gentilis,
2513 409 2606 457 aut
2645 415 2745 474 pro
2775 400 3022 472 baptismi
3053 399 3466 456 conservatione
3511 404 3834 468 serpentem

530 491 684 547 trabe
737 494 789 546 in
834 491 991 547 oculo
1030 499 1301 563 tamquam
1349 495 1402 550 in
1461 495 1655 551 mentis
1681 494 1798 551 acie
1830 493 2119 550 insidente.

531 583 618 637 Fit
647 583 789 637 enim
821 597 986 652 saepe,
1033 591 1094 639 ut
1121 600 1460 642 assumamus
1491 587 1647 643 nobis
1700 586 1956 658 arguendi
1988 587 2124 643 alios

529 676 928 742 auctoritatem,
971 679 1091 732 sine
1120 679 1228 734 ullo
1260 681 1493 750 propriae
1515 679 1911 736 emendationis
1935 696 2122 736 exem-

530 769 622 838 plo
647 784 664 832 ;
692 778 745 822 et
773 767 1056 824 medenda:
1095 771 1353 826 emacitatis
1395 773 1588 828 aliena:
1628 773 1942 843 iactantiam
1985 789 2130 844 prte-

530 858 786 923 feramus,
818 860 919 930 ipsi
941 861 994 916 in
1023 864 1265 920 tenebris
1293 867 1533 938 corrupti
1566 866 1783 922 luminis
1805 867 2084 922 constituti
2108 885 2122 921 :

532 965 651 1006 cum
676 951 894 1007 difﬁcile
916 969 1237 1026 quemquam
1251 958 1322 1012 sit
1342 970 1596 1028 praestare
1619 958 1692 1029 (b)
1713 960 1854 1031 quod
1873 971 2048 1030 egeat,
2071 970 2124 1017 et

529 1042 789 1112 Optimum
812 1043 881 1099 sit
905 1048 1155 1117 exemplo
1186 1049 1363 1118 potius
1379 1049 1576 1106 docere
1598 1067 1755 1122 quam
1785 1052 1965 1108 dictis.
1987 1052 2127 1109 Cura

531 1153 656 1208 erga
689 1139 919 1209 propria:
945 1141 1248 1199 adhibenda
1278 1154 1362 1201 est
1388 1148 1618 1202 caicitati
1649 1167 1661 1202 :
1695 1154 1819 1219 quia
1847 1165 1914 1205 ex
1938 1159 2127 1206 natura

531 1245 712 1285 rerum
771 1242 874 1298 est,
909 1249 1016 1289 non
1069 1237 1220 1307 prius
1251 1237 1487 1309 aliquem
1534 1241 1826 1310 purganda:
1870 1241 1938 1296 de
1968 1243 2128 1298 oculo

529 1321 710 1376 fratris
740 1321 962 1379 festucae
991 1326 1240 1382 idoneum
1273 1329 1416 1384 efﬁci
1449 1331 1931 1402 possedoctorem,
1966 1349 2127 1403 quam

531 1412 601 1470 de
624 1416 819 1472 mentis
842 1431 952 1472 suae
977 1417 1180 1475 lumine
1207 1420 1412 1477 trabem
1443 1422 1678 1494 perﬁdia:
1707 1435 1990 1496 gravantes
2013 1427 2128 1494 eje--

533 1505 689 1562 cerit.
1304 1510 1312 1514 ”

1106 1622 1338 1682 CAPUT
1393 1626 1485 1682 Vl.

537 1728 617 1786 De
643 1734 934 1805 margaritis
959 1743 1076 1790 ante
1087 1747 1290 1808 porcos,
1310 1739 1374 1793 de
1385 1741 1858 1813 pseudopropheta,

995 1826 1252 1896 mitiﬁcato
1276 1845 1436 1900 supra
1460 1839 1679 1902 petram.

613 1961 666 2015 Ι.
693 1959 942 2032 Mysteria
982 1961 1170 2020 Christi
1199 1975 1348 2022 caute
1392 1969 1622 2040 gentibus
1649 1979 1699 2026 et
1731 1971 1984 2029 haereticis
2004 1990 2132 2042 ape-

535 2052 736 2107 rienda.
767 2084 833 2095 -
858 2052 1038 2110 Nolite
1052 2057 1178 2112 dare
1202 2069 1437 2114 sanctum
1459 2061 1688 2127 canibus,
1717 2079 1878 2134 neque
1896 2065 2135 2121 miseritis

538 2147 849 2216 margaritas
875 2157 1065 2203 vestras
1105 2161 1222 2204 ante
1253 2167 1451 2218 porcos.
1484 2162 1540 2208 et
1565 2154 1771 2224 reliqua
1789 2154 2002 2225 (Matth.
2036 2174 2130 2225 vtt,

538 2235 617 2306 6).
649 2236 942 2306 Prmceptis
992 2248 1046 2293 et
1088 2242 1369 2309 promissis
1397 2243 1490 2299 Dei
1531 2245 1666 2300 nihil
1695 2248 1985 2316 pretiosius
2012 2265 2137 2305 san-

537 2328 786 2400 ctiusque
815 2337 920 2397 est,
949 2345 1071 2402 quae
1111 2334 1461 2390 sanctiﬁcatis
1516 2336 1672 2392 nobis
1715 2337 2138 2398 immortalitatis

537 2422 854 2478 thesaurum
887 2423 1208 2496 largiuntur.
1242 2427 1440 2483 Horum
1493 2430 1656 2501 igitur
1691 2444 2030 2490 sacramenta
2051 2445 2135 2491 at-

540 2530 647 2585 que
670 2516 898 2570 virtutes
919 2532 1094 2588 neque
1142 2519 1198 2574 in
1227 2531 1418 2590 gentes
1433 2520 1649 2588 eﬁ'erre,
1675 2539 1848 2592 neque
1876 2540 1996 2580 cum
2027 2526 2139 2582 ha:-

540 2607 726 2661 reticis
769 2606 1029 2662 conferre
1071 2610 1452 2677 permittimur.
1482 2609 1658 2668 Canes
1697 2615 1864 2679 enim,
1887 2615 1956 2672 de
1982 2617 2136 2672 obla-

542 2697 717 2750 traudi
741 2697 1001 2753 adversus
1025 2699 1192 2754 Deum
1221 2701 1601 2773 rabie,gentes
1631 2715 1759 2761 sunt
1787 2718 2132 2779 nuncupatis.

544 2787 838 2843 Porcorum
887 2803 1018 2845 vero
1048 2789 1321 2848 hmreticis
1359 2805 1442 2850 est
1470 2812 1705 2853 nomen:
1739 2801 1863 2870 quia
1892 2804 2138 2871 quamvis

541 2881 755 2950 ungula:
779 2880 955 2937 biﬁdae
985 2883 1122 2951 sint,
1146 2897 1422 2957 acceptam
1448 2897 1628 2946 tamen
1659 2892 1752 2948 Dei
1778 2895 2140 2965 cognitionem

541 2985 648 3026 non
673 2972 996 3028 ruminando
1011 2974 1325 3045 disponunt.
1348 2978 1488 3050 Ergo
1509 2989 1565 3035 et
1594 2981 1664 3052 (c)
1690 2988 2139 3054 concorporatio—

544 3079 669 3120 nem
701 3063 860 3120 Verbi
890 3065 1006 3132 Dei,
1046 3075 1100 3123 et
1124 3069 1392 3138 passionis
1424 3073 1762 3144 mysterium,
1811 3086 1866 3133 et
1888 3078 2136 3137 virtutem

2228 493 2428 550 veneni
2460 494 2694 550 haeretici
2739 493 3131 563 prmsﬁturus?
3171 490 3588 547 Consummavit
3632 488 3834 544 deinde

2227 589 2405 642 omnia
2438 588 2695 644 bonitatis
2735 589 3007 658 exemplo,
3054 587 3338 642 universos
3397 584 3608 639 amoris
3657 582 3836 638 mutui

2229 694 2359 749 pace
2405 680 2739 750 conjungens
2764 697 2776 733 :
2806 679 2860 734 in
2890 695 2955 734 eo
3005 679 3135 746 legis
3164 687 3218 732 et
3257 676 3650 747 prophetarum
3679 690 3837 728 man-

2227 770 2350 826 data
2393 771 2748 835 constituens,
2783 779 2840 826 ut
2882 771 3263 827 universorum
3307 770 3359 824 in
3390 783 3495 823 nos
3523 766 3835 823 bonitatem

2228 872 2496 934 optantes,
2519 863 2619 934 ipsi
2641 863 2886 919 omnibus
2907 863 3032 918 boni
3053 863 3240 918 simus.
3527 919 3530 921 λ

2299 955 2352 1010 3.
2399 953 2491 1008 Via
2517 954 2631 1009 cwli
2650 955 2872 1026 apaucis
2901 955 3039 1020 trita,
3065 964 3110 1008 et
3137 970 3164 1008 e
3186 963 3385 1008 contra.
3402 981 3474 996 --
3499 949 3706 1006 Intrate
3745 966 3840 1022 per

2229 1057 2494 1117 angustam
2516 1057 2735 1117 portam.
2765 1047 2932 1114 Quam
2963 1048 3067 1101 lata
3085 1057 3130 1101 et
3160 1047 3387 1116 spatiosa
3415 1046 3523 1110 uia,
3551 1060 3670 1113 qua
3691 1044 3838 1098 ducit

2229 1142 2298 1194 ad
2336 1141 2711 1209 perditionem!
2738 1140 2978 1196 Arduum
3011 1139 3064 1194 in
3097 1139 3294 1196 caelum
3321 1139 3427 1194 iter
3453 1138 3700 1192 hominis
3729 1146 3836 1201 est,

2229 1241 2285 1288 et
2322 1233 2500 1287 aditus
2537 1243 2797 1303 angustus
2839 1247 2903 1288 ac
2953 1234 3128 1287 tenuis
3160 1250 3173 1286 :
3201 1241 3459 1287 caeterum
3511 1231 3839 1300 perditionis

2229 1325 2313 1378 via
2342 1323 2447 1378 lata
2487 1334 2590 1379 est.
2625 1325 2772 1378 llanc
2802 1324 2984 1394 plures
3009 1324 3277 1388 obtinent,
3307 1322 3453 1376 illam
3487 1337 3657 1392 porro
3681 1321 3841 1391 pauci

2232 1414 2535 1469 inveniunt.
2595 1413 2786 1469 Paucis
2833 1415 2976 1468 enim
3006 1414 3199 1468 damna
3254 1429 3435 1468 rerum
3481 1412 3843 1482 praesentium

2231 1519 2357 1560 cara
2370 1513 2496 1559 sunt
2515 1521 2534 1560 :
2555 1504 2752 1575 quibus
2774 1504 3097 1575 cupiditates
3121 1515 3176 1560 et
3194 1505 3360 1559 animi
3381 1505 3605 1560 vincere
3633 1514 3692 1559 et
3721 1519 3846 1558 cor-

2232 1597 2380 1669 poris
2407 1596 2677 1668 frangere,
2708 1607 2761 1653 et
2786 1599 3029 1667 exposita
3062 1598 3187 1652 totis
3211 1595 3398 1661 saeculi
3414 1596 3629 1651 viribus
3657 1595 3846 1650 illece-

2234 1689 2451 1744 brarum
2484 1689 2724 1744 omnium
2755 1688 3019 1745 lenocinia
3064 1688 3364 1758 prazterire,
3396 1687 3704 1741 maximum
3735 1700 3846 1742 ca:-

1886 1744 1950 1799 de
1979 1745 2131 1802 domo
2164 1781 2222 1844 Β
2242 1780 2392 1836 lestis
2415 1783 2529 1852 spei
2562 1781 2769 1836 lucrum
2809 1789 2913 1836 est.
2949 1744 3269 1838 Illis-autem
3299 1744 3498 1850 quibus
3530 1780 3712 1834 5010'“
3751 1780 3848 1834 δο-

2239 1888 2366 1927 num
2422 1881 2507 1929 est
2545 1874 2793 1940 scortari,
2833 1875 3151 1938 comessari,
3193 1873 3420 1938 ambire,
3476 1872 3841 1939 insolescere,

2238 1963 2510 2034 fastidire,
2541 1965 2740 2032 odisse,
2766 1965 3028 2038 diripere,
3046 1966 3308 2037 plurimus
3322 1975 3407 2022 est
3432 1965 3846 2037 frequentatum

2239 2059 2342 2114 iter
2373 2061 2479 2114 tale
2518 2061 2826 2116 comitatus.

2311 2149 2365 2205 ι.
2400 2149 2498 2205 Dei
2519 2168 2693 2206 servus
2722 2168 2826 2207 non
2848 2152 3030 2218 verbis,
3064 2153 3154 2207 sed
3181 2151 3328 2223 factis
3355 2150 3846 2223 dignoscitur.—Et

2240 2244 2364 2315 quia
2395 2259 2687 2314 paucorum
2714 2256 2860 2301 esset
2901 2246 3037 2301 viam
3079 2253 3360 2316 angustam
3403 2244 3680 2307 invenire,
3707 2243 3845 2298 frau-

2241 2337 2540 2394 dulentiam
2571 2354 2758 2394 eorum
2799 2339 2888 2408 qui
2939 2353 3058 2393 eam
3099 2353 3158 2394 se
3205 2352 3450 2408 quaerere
3479 2337 3844 2392 mentirentur

2239 2435 2484 2504 exponit.
2512 2434 2697 2490 dicens
2721 2451 2734 2487 :
2764 2433 3024 2489 Attendite
3062 2450 3092 2487 a
3121 2435 3608 2507 pseudOprOpItetis,
3637 2434 3727 2504 qui
3759 2447 3841 2485 ne-

2239 2528 2382 2582 niunt
2427 2527 2495 2581 ad
2539 2543 2626 2582 vos
2668 2528 2725 2581 in
2757 2529 3061 2583 vestimentis
3115 2530 3305 2594 ovium,
3333 2538 3442 2584 etc.
3486 2526 3682 2596 (Ibid.,
3731 2527 3836 2596 15).

2242 2621 2616 2676 Blandimeuta
2644 2622 2932 2677 verborum
2979 2631 3035 2678 et
3078 2622 3511 2679 mansuetudinis
3537 2621 3837 2676 simulatio—

2241 2731 2366 2772 nem
2397 2715 2652 2770 admonet
2684 2714 2867 2771 fruclu
2906 2717 3239 2787 operationis
3281 2715 3513 2786 expendi
3541 2723 3834 2785 Oportere:

2241 2818 2301 2862 ut
2330 2822 2437 2862 non
2467 2808 2678 2877 qualem
2715 2808 2837 2878 quis
2875 2823 2934 2863 se
2969 2809 3147 2864 verbis
3171 2809 3392 2876 referat,
3417 2808 3512 2863 sed
3538 2809 3756 2878 qualem
3781 2821 3836 2862 se

2239 2901 2405 2958 rebus
2454 2901 2653 2958 efﬁciat
2705 2911 3054 2972 spectemus;
3108 2903 3232 2972 quia
3303 2903 3357 2957 in
3409 2902 3601 2957 multis
3642 2903 3835 2957 vestitu

2241 2997 2420 3050 ovium
2448 2995 2628 3051 rabies
2653 2995 2834 3066 lupina
2863 2997 3188 3067 contegitur.
3217 2996 3380 3066 Ergo,
3402 3004 3460 3050 ut
3488 2997 3662 3066 spinae
3683 3010 3833 3060 uvas,

2246 3098 2305 3142 ut
2333 3087 2516 3143 tribuli
2564 3087 2698 3143 ﬁcus
2741 3104 2848 3143 non
2898 3096 3180 3158 generant,
3213 3097 3270 3144 et
3299 3098 3358 3142 ut
3385 3088 3586 3159 iniquae
3617 3089 3836 3143 arbores

543 3156 955 3253 resurrectionis
994 3173 1116 3253 quon
1150 3161 1452 3253 promiscue
1480 3173 1710 3223 tractare
1739 3183 1838 3224 nos
1861 3174 2135 3241 convenit,
2166 3158 2212 3223 C
2245 3167 2405 3238 utilia'
2436 3196 2596 3251 poma
2627 3197 2734 3239 ηοη
2765 3156 2996 3237 atterunt
3045 3181 3234 3252 (Ibid.,
3267 3183 3392 3253 56):
3424 3156 3501 3237 ita
3532 3197 3603 3238 ne
3632 3183 3686 3237 in
3727 3183 3838 3238 istis

545 3250 1368 3324 nequeimperiteincurioseque
1391 3255 1664 3325 proferre:
1688 3275 1756 3315 ne
1785 3261 2141 3331 ignorantiam

543 3350 786 3398 nostram
807 3383 823 3409 ,
851 3343 896 3399 si
941 3345 1190 3415 perfecta:
1208 3347 1372 3420 697
1393 3351 1636 3407 scicntia:
1663 3353 1806 3410 desit
1830 3355 2137 3428 instructio,

544 3442 824 3502 prolerant
875 3448 1036 3507 atque
1085 3441 1430 3508 coneulcent,
1464 3449 1520 3498 et
1559 3443 1922 3504 inﬁrmitatem
1949 3449 2001 3504 in
2033 3450 2141 3506 Deo

547 3528 815 3598 passionis
839 3529 1136 3597 irrideant;
1161 3535 1517 3606 c0uversique
1541 3537 1591 3590 in
1615 3552 1735 3605 nos,
1755 3542 2141 3599 contradictio-

545 3637 674 3678 num
719 3624 925 3680 aculeis
963 3627 1289 3697 imperitiam
1334 3638 1576 3686 nostram
1605 3631 1874 3706 ﬁdemque
1902 3636 2138 3693 disrum-

546 3723 694 3782 pant.

616 3806 672 3859 2.
708 3805 972 3863 Orationis
994 3809 1069 3864 vis
1097 3820 1274 3865 contra
1310 3814 1642 3883 imperitiam.
1675 3816 1785 3872 Lea:
1812 3819 2142 3876 caritatis.—

544 3894 651 3952 Sed
679 3897 731 3951 in
763 3897 870 3962 bis,
896 3914 1016 3968 quae
1043 3901 1433 3970 ignorabimus,
1460 3907 1542 3958 via
1565 3907 1721 3962 nobis
1745 3914 2140 3982 consequendat

545 3987 789 4042 veritatis
838 3987 1080 4058 aperitur
1112 4005 1311 4060 :quam
1359 3993 1606 4051 obtinere
1655 3999 1706 4052 in
1753 3999 1870 4054 sola
1921 4016 2140 4070 precum

545 4095 698 4136 mora
751 4088 854 4136 est.
887 4079 958 4136 Ut
996 4080 1159 4152 igitur
1182 4084 1484 4141 sentiamus
1512 4088 1906 4162 credamusque
1931 4096 2136 4164 omnia,

544 4181 602 4227 et
651 4172 799 4228 nullo
846 4173 1115 4244 ambiguae
1165 4175 1463 4233 voluntatis
1530 4179 1846 4238 differamur
1893 4186 2138 4256 incerto;

547 4264 811 4320 orandum
841 4274 946 4330 est,
975 4267 1325 4334 quaerendum
1356 4279 1458 4335 est,
1491 4273 1814 4342 pulsandum
1843 4289 1926 4334 est
1949 4278 2139 4349 (Ibid.,

545 4355 600 4426 7)
627 4371 642 4411 :
668 4357 912 4412 oratione
959 4356 1036 4429 (ά)
1073 4358 1520 4426 misericordiam,
1551 4363 1898 4436 inquisitione
1929 4369 2142 4440 profec-

544 4455 678 4512 tum,
705 4456 1042 4503 tentamento
1089 4449 1292 4506 aditum
1347 4455 1634 4522 reperturi.
1689 4457 1828 4523 Quin
1879 4460 2041 4514 etiam
2071 4462 2139 4517 ad

2242 3274 2457 3354 quidem
2503 3276 2804 3332 consistere
2850 3276 3010 3335 docet
3061 3277 3189 3334 boui
3231 3279 3414 3348 operis
3461 3279 3758 3343 effectum;
3790 3286 3842 3333 et

2243 3368 2445 3424 idcirco
2480 3385 2668 3424 omnes
2723 3368 3130 3440 cognoscendos
3150 3385 3274 3426 esse
3302 3369 3371 3426 de
3418 3369 3707 3426 fructibus.
3741 3371 3839 3425 Re-

2240 3477 2404 3532 gnum
2432 3463 2577 3518 enim
2605 3464 2868 3519 ccelornm
2909 3463 3023 3518 sola
3049 3463 3333 3518 verborum
3356 3463 3537 3518 ofﬁcia
3580 3479 3688 3519 non
3711 3463 3838 3518 obti-

2241 3562 2374 3609 nent
2393 3571 2406 3606 :
2426 3569 2599 3623 neque
2627 3555 2716 3624 qui
2746 3553 2976 3609 dixerit:
3003 3553 3235 3621 Domine,
3265 3555 3433 3627 698
3461 3553 3704 3622 Domine,
3732 3554 3838 3609 hrc-

2239 3661 2328 3701 res
2360 3645 2500 3699 illius
2527 3645 2630 3700 erit
2655 3643 2790 3716 (1b.,
2810 3644 2924 3713 2f).
2955 3644 3093 3712 Quid
3122 3646 3265 3701 enim
3307 3648 3484 3701 meriti
3508 3655 3595 3702 est
3618 3646 3835 3702 Domino

2242 3737 2425 3793 dicere
2450 3735 2690 3806 Domine,
2717 3733 2974 3790 Domine?
3001 3735 3270 3807 Numquid
3297 3739 3557 3793 Dominus
3575 3755 3683 3794 non
3714 3739 3832 3805 erit,

2243 3829 2347 3885 nisi
2378 3829 2538 3884 fuerit
2567 3829 2739 3883 dictus
2768 3843 2797 3882 a
2822 3829 3012 3885 nobis?
3048 3829 3117 3883 Et
3147 3845 3266 3900 quae
3287 3829 3450 3885 ofﬁcii
3471 3833 3733 3887 sanctitas
3757 3840 3833 3885 est

2243 3920 2478 3974 nominis
2513 3920 2885 3989 nuncupatio;
2915 3935 3036 3974 cum
3085 3921 3324 3976 caelestis
3373 3922 3527 3990 regni
3581 3923 3684 3977 iter
3706 3921 3829 3976 obe-

2242 4011 2442 4066 dientia
2471 4012 2650 4082 potius
2694 4011 3014 4078 voluntatis,
3041 4011 3114 4084 (e)
3137 4027 3243 4067 non
3277 4013 3370 4068 Dei
3401 4013 3730 4084 nuncupatio
3755 4028 3833 4068 rc-

2244 4113 2460 4173 pertura
2483 4104 2596 4157 sit?

2315 4194 2369 4248 5.
2389 4191 2583 4248 Caelum
2603 4211 2706 4248 non
2729 4194 3042 4250 mirabilibus
3055 4194 3145 4249 sed
3165 4194 3308 4249 bonis
3329 4195 3573 4264 aperibus
3593 4196 3826 4252 redditur.

2245 4286 2474 4342 —-Multi
2495 4289 2619 4342 mihi
2637 4289 2806 4345 dicent
2834 4290 2887 4343 in
2921 4290 3014 4344 illa
3042 4290 3144 4356 die,
3168 4288 3390 4344 Domine
3416 4290 3657 4357 Domine,
3680 4307 3830 4345 nonne

2243 4379 2296 4432 in
2314 4389 2402 4433 tuo
2419 4379 2619 4433 nomine
2643 4382 3054 4451 prapltetarimus
3067 4382 3092 4435 ?
3106 4392 3160 4435 et
3183 4381 3385 4451 reliqua
3407 4381 3515 4454 (Ib.
3531 4384 3647 4454 εὶ).
3669 4384 3828 4437 Etiam

2249 4486 2390 4526 nunc
2431 4470 3017 4541 pseudoprophetarum
3051 4472 3467 4527 fraudulentiam
3496 4482 3552 4528 et
3595 4471 3831 4545 hypocri-

544 4552 697 4609 spem
726 4539 1029 4608 obtinendi,
1069 4541 1319 4613 exemplo
1350 4541 1566 4600 humani
1612 4547 1834 4603 aﬁ‘ectus
1857 4549 2136 4632 docemur.

2252 4573 2424 4618 tarum
2473 4565 2848 4620 simulamcnta
2877 4565 3222 4633 condemnat,
3255 4567 3344 4635 qui
3389 4567 3619 4637 gloriam
3649 4566 3742 4622 sibi
3770 4581 3830 4621 ex

543 4629 678 4684 Nam
701 4645 823 4686 cum
852 4646 952 4688 nos
981 4633 1104 4690 ﬁliis
1132 4633 1334 4704 piscem
1353 4650 1616 4706 panemve
1640 4629 2009 4710 poscentibus,
2034 4663 2142 4702 non

542 4737 850 4796 serpentem
882 4727 1053 4782 simus
1081 4737 1174 4783 aut
1199 4729 1433 4799 lapidem
1476 4731 1767 4797 reddituri;
1802 4747 2004 4806 quanto
2027 4755 2144 4795 ma-

543 4818 627 4888 gis
683 4817 842 4873 nobis
882 4821 1122 4888 optimus
1173 4835 1236 4875 ac
1283 4815 1761 4892 praestantissimus
1805 4839 1960 4900 pater
2003 4833 2143 4889 Deus

543 4908 823 4964 orantibus
851 4909 1101 4980 perfecta:
1153 4910 1277 4968 ﬁdei
1324 4929 1548 4970 munera
1605 4917 1863 4989 largietur
1895 4921 2080 4993 (lbid.,
2109 4925 2142 4981 9

543 5008 592 5053 et
639 5004 812 5071 seq.);
858 5017 1036 5073 neque
1087 5003 1160 5059 sit
1207 5020 1305 5076 pro
1329 5007 1454 5063 vitae
1510 5009 1633 5066 cibo
1662 5011 1894 5083 lapidem
1925 5017 2140 5074 duritiae

543 5181 713 5260 Deum
741 5198 849 5260 non
875 5181 1070 5260 credit,
1103 5195 1294 5252 peccat
1315 5184 1367 5238 in
1395 5184 1656 5260 Spiritum
1688 5200 1957 5260 sanctum,
1982 5193 2043 5248 id'
2059 5204 2144 5250 est

548 5254 602 5330 in
631 5253 829 5330 Christi
867 5253 1241 5330 divinitatem,
1270 5257 1410 5330 quod
1440 5253 1743 5330 peccatum
1775 5262 1920 5318 trabs
1944 5253 2143 5322 inﬁde-

553 5323 724 5380 litatis
754 5335 838 5379 est
865 5325 920 5379 iu
974 5324 1133 5378 oculo
1186 5323 1400 5380 mentis.

613 5396 695 5467 (α)
723 5396 909 5474 _Editi,_
943 5395 1160 5448 omissis
1204 5397 1385 5451 verbis
1415 5399 1735 5468 inﬁdelitatis
1767 5403 1929 5468 trabe,
1968 5404 2140 5474 subji-

540 5465 694 5521 ciunt
717 5468 770 5520 in
791 5467 941 5546 oculo
972 5475 1187 5546 utroque
1214 5481 1227 5517 :
1264 5465 1636 5546 restaurantur
1669 5488 1737 5529 ex
1762 5489 1892 5530 mss.
1917 5465 1983 5530 in
2009 5465 2146 5546 quo-

543 5552 662 5591 rum
694 5538 969 5593 nonnullis
992 5535 1146 5589 deest
1174 5550 1281 5589 vox
1311 5537 1654 5606 inﬁdelitatis.

622 5614 697 5698 (b)
728 5612 1237 5698 1ηιριιειιξίςχκιιυοιίΔ
1263 5617 1455 5698 exigat.
1495 5620 1789 5698 bieiius__in
1832 5639 1965 5680 mss.
2009 5617 2149 5698 quod

552 5683 816 5764 (vel_quo)
835 5696 997 5764 egeat.
1023 5683 1138 5738 Hoc
1160 5693 1244 5740 est
1267 5683 1409 5756 quad
1440 5691 1638 5747 schola:
1663 5692 1872 5764 dicunt,
1895 5683 2041 5752 ηειηὸ
2061 5699 2150 5753 dat

539 5756 678 5820 quod
697 5756 802 5811 non
827 5757 998 5811 habet.

2249 4657 2398 4713 verbi
2442 4659 2639 4713 virtute
2695 4667 3048 4728 prmsumuut,
3081 4659 3132 4712 in
3162 4659 3424 4714 doctrinae
3454 4662 3755 4731 prophetia,
3782 4669 3830 4714 et

2249 4749 2640 4804 daemoniorum
2679 4749 2822 4820 fuga,
2843 4758 2898 4804 ct
2927 4749 3227 4804 istiusmodi
3254 4765 3484 4821 operum
3515 4751 3828 4807 virtutibus:

2248 4851 2410 4912 atque
2441 4841 2565 4896 hinc
2604 4842 2705 4896 sibi
2754 4857 2980 4911 regnum
3010 4842 3268 4897 caelorum
3300 4843 3652 4912 pollicentur.
3680 4843 3828 4912 Quasi

2245 4945 2377 4985 vero
2403 4946 2591 4986 eorum
2619 4931 2821 5000 aliquid
2855 4931 3129 5002 proprium
3177 4932 3267 4998 sit,
3296 4948 3416 5002 qua:
3441 4935 3732 5002 loquuntur
3747 4941 3831 4987 aut

2245 5020 2472 5089 faciunt,
2506 5031 2562 5079 et
2590 5037 2696 5077 non
2727 5023 2906 5078 omnia
2947 5025 3117 5079 virtus
3163 5024 3255 5079 Dei
3283 5024 3534 5080 invocata
3563 5026 3824 5098 perficiat:

2323 5196 2396 5275 (ς)
2444 5199 2598 5264 Bad.,
2623 5199 2717 5254 Er.
2740 5209 2805 5275 _et
2848 5201 2996 5275 Lips.
3038 5204 3527 5275 incorporationent.
3556 5207 3664 5263 Alii
3711 5219 3825 5263 vero

2251 5267 2928 5349 libriconcorporationan.‘
2943 5267 3363 5349 Corporat'ionem
3375 5347 3382 5349 _
3392 5278 3619 5348 prologo
3632 5282 3683 5334 in
3703 5278 3826 5349 psal-

2250 5354 2366 5394 mos
2400 5357 2455 5395 u.
2481 5345 2536 5403 5.
2567 5341 2600 5396 6
2627 5349 2683 5395 et
2702 5343 2828 5398 alibi
2858 5341 3198 5399 dicere'solet
3222 5341 3476 5400 Hilarius.

2325 5409 2407 5482 (ά)
2434 5412 2532 5466 Ms.
2577 5413 2734 5491 Rom.
2787 5415 3523 5491 ntisericordia,._inquisitione
3567 5423 3824 5491 perfectum

2253 5481 2548 5537 testamento
2569 5481 2766 5558 aditum
2795 5487 3049 5558 repertttri
3077 5503 3095 5551 ;
3121 5481 3381 5543 falsa’veri
3414 5481 3621 5558 specie,
3651 5481 3763 5544 licet
3779 5489 3822 5542 in

2251 5558 2463 5632 caneris
2508 5556 2877 5632 etiarnettstet
2917 5557 3303 5632 misericordia,
3335 5556 3681 5628 inquisitione,
3724 5577 3823 5632 pro-

2252 5627 2407 5693 fectu,
2439 5638 2502 5676 ac
2529 5623 2724 5678 deinde
2754 5625 2804 5679 in
2835 5627 3042 5681 duobus
3071 5623 3388 5683 testamento.

2327 5700 2398 5773 (ε)
2426 5702 2566 5756 Editi
2603 5744 2616 5768 ,
2658 5721 2811 5773 quam
2856 5705 2952 5760 Dei
2981 5722 3000 5758 :
3030 5708 3419 5764 reluctantibus
3447 5725 3584 5765 mss.
3611 5709 3821 5766 Rursum

2253 5773 2516 5843 particula
2543 5775 2714 5846 potius
2745 5790 2866 5834 cum
2897 5792 2998 5833 non
3023 5777 3267 5851 jungitur
3309 5779 3448 5840 infra
3473 5795 3526 5840 c.
3563 5783 3621 5853 8,
3640 5798 3693 5840 n.
3714 5783 3761 5838 8.
