3974 6198
118 287 240 346 955

1040 295 1600 357 COMMENTARIUS
1629 298 1693 356 IN
1745 299 2180 361 MATTIUEUM.
2223 302 2377 362 CAP.
2422 306 2533 364 Vll.

3322 315 3426 373 954

116 423 256 465 cum
269 408 535 466 doctrinte
549 410 829 467 scientiam
846 412 1005 470 lectio
1021 414 1232 484 aﬂ‘erat,
1254 417 1332 492 (ιι)
1347 418 1734 477 daemoniorum
1761 424 1816 484 Α
1840 423 2054 480 efﬁcere
2082 441 2199 496 quae
2237 425 2419 496 jussit,
2460 439 2516 484 et
2547 429 2771 486 credere
2798 444 2918 498 quae
2948 431 3256 501 spopondit.
3285 428 3427 488 Con-

121 503 319 575 fugam
373 505 570 560 Christi
628 521 825 562 nomen
879 510 1132 581 exagitet.
1167 512 1243 568 De
1268 522 1456 568 nostro
1478 514 1740 584 igiturest

123 597 296 652 beata
326 598 414 652 illa
445 599 721 655 mternitas
748 604 1104 670 promerendo
1127 607 1631 677 :prasstandumque
1653 619 1737 665 est

121 691 337 760 aliquid
366 707 430 745 ex
480 693 730 762 proprio,
778 705 834 748 ut
876 695 1074 750 bonum
1117 698 1192 771 (ό)
1222 701 1483 765 velimus,
1534 703 1733 757 malum

123 795 298 836 omne
320 783 573 848 vitemus,
604 793 825 856 totoque
866 785 1058 842 affectu
1099 791 1381 860 praeceptis
1420 792 1734 848 cmlestibus

121 875 614 944 obtemperemus:
644 892 708 931 ac
735 878 934 934 talibus
954 880 1149 936 ofﬁciis
1177 885 1374 953 cogniti
1403 884 1513 939 Deo
1540 887 1730 953 simus,

121 983 466 1040 agamusque
498 970 680 1039 potius
717 971 862 1042 quod
908 973 1041 1041 vult,
1065 990 1224 1044 quam
1255 975 1332 1049 (e)
1361 977 1504 1046 quod
1556 989 1735 1049 petest

121 1061 430 1132 gloriemur
459 1078 473 1116 :
507 1062 797 1132 repudians
842 1079 937 1119 eos
983 1081 1047 1121 ac
1085 1069 1381 1138 repellens,
1415 1085 1548 1141 quos
1581 1086 1612 1126 a
1640 1086 1732 1128 co-

122 1155 379 1223 gnitione
405 1167 499 1208 sua
532 1169 695 1224 opera
728 1157 1025 1224 iniquitatis
1051 1160 1365 1215 everterint.

202 1245 256 1299 6.
300 1244 652 1300 Tentationum
683 1249 1264 1319 progressus.—0mnis
1289 1269 1408 1324 ergo
1450 1255 1537 1324 qui
1583 1255 1730 1308 audit

121 1336 282 1391 verba
307 1354 437 1401 mea,
470 1348 516 1393 et
563 1340 710 1409 facit,
764 1341 981 1395 similem
1011 1359 1126 1396 eum
1173 1345 1432 1398 aestimabo
1479 1347 1587 1399 viro
1639 1363 1727 1400 sa-

119 1431 311 1501 pienti,
333 1433 422 1502 qui
447 1434 722 1502 aediﬁcavit
776 1435 982 1490 domum
1037 1453 1182 1492 suam
1229 1455 1382 1509 super
1425 1449 1641 1510 petram,
1673 1449 1729 1496 et

118 1524 334 1592 reliqua
386 1522 574 1593 (Ibid.,
626 1524 742 1596 24).
785 1526 986 1583 Sensus
1040 1536 1126 1583 est
1191 1532 1562 1600 superioribus
1600 1533 1728 1603 jun-

119 1623 269 1669 ctus.
300 1614 379 1686 (ὀ)
405 1614 714 1686 Objurgans
737 1619 880 1672 enim
905 1619 1498 1692 pseudoprophetarum
1517 1624 1726 1694 jactan-

118 1709 255 1763 tiam
280 1720 334 1764 et
375 1709 778 1782 hypocritarnm
812 1714 1090 1785 ﬁgmenta,
1143 1732 1238 1787 per
1299 1722 1724 1790 comparationis

1837 521 2121 574 summatis
2164 520 2328 590 igitur
2362 521 2634 588 omnibus,
2667 522 2838 577 turba:
2863 521 3194 577 mirabantur
3221 523 3426 579 doctri-

1838 626 1960 665 nam
1985 612 2140 681 ejus,
2195 629 2301 683 qua
2354 630 2412 670 se
2453 631 2560 670 non
2591 614 2902 671 Scribarum
2949 625 3004 670 et
3030 615 3424 673 Phariszeornm

1837 717 1988 757 more
2017 703 2293 761 docuisset
2329 706 2518 780 (Ibid.,
2545 709 2616 762 28
2659 719 2706 763 et
2733 709 2850 781 29).
2879 708 2936 764 In
2966 709 3256 767 verborum
3278 710 3424 767 enim

1837 796 2121 854 virtutibus
2149 797 2374 856 eﬁ'ectus
2404 809 2732 872 potestatum
2761 803 3140 859 metiebantur.

2443 935 2672 995 CAPUT
2710 937 2824 994 VII.

1833 1053 1914 1110 De
1942 1055 2142 1126 leproso
2181 1073 2331 1128 quem
2361 1060 2578 1126 curauit,
2611 1061 2675 1114 de
2702 1076 2859 1132 puero
2888 1061 3080 1116 tribuni
3111 1062 3421 1134 paralytico,

1975 1147 2039 1202 de
2063 1165 2213 1203 socru
2242 1148 2412 1216 Petri,
2446 1152 2508 1206 de
2551 1153 2786 1222 plurimis
2815 1163 2861 1207 et
2891 1154 3102 1209 diversis
3123 1156 3279 1210 curis.

1907 1261 1956 1315 l.
1993 1261 2186 1317 Sensus
2240 1264 2544 1334 allegoricus
2596 1267 2670 1320 nil
2715 1267 2937 1321 detrahit
2981 1269 3161 1323 litterw
3202 1271 3422 1326 veritati.

1829 1352 1940 1409 Lex
1949 1356 2064 1425 jam
2087 1356 2378 1411 inntilis.—
2394 1357 2460 1412 Et
2481 1358 2813 1414 descendente
2853 1377 2909 1414 eo
2936 1360 2998 1416 de
3028 1371 3216 1428 monte,
3239 1372 3427 1418 secuta:

1829 1456 1950 1501 sunt
1983 1462 2098 1500 eum
2139 1447 2297 1500 turba:
2338 1449 2529 1503 multas.
2581 1448 2647 1501 Et
2688 1466 2803 1504 ecce
2849 1451 3081 1520 leprasus
3109 1454 3318 1522 quidam
3343 1470 3427 1510 ve-

1829 1539 1973 1592 niens
2015 1538 2262 1593 adorabat
2298 1556 2411 1594 eum
2447 1541 2651 1607 dicens,
2693 1541 2929 1610 Domine,
2962 1545 3006 1598 si
3048 1546 3143 1609 vis,
3179 1557 3320 1618 potes
3349 1563 3427 1601 me

1825 1633 2099 1697 mundare,
2125 1641 2180 1687 et
2225 1634 2429 1704 reliqua
2462 1632 2676 1706 (Matth.
2700 1652 2813 1703 vni,
2857 1638 2880 1691 1
2916 1647 2963 1691 et
3013 1638 3094 1708 2).
3124 1638 3179 1694 In
3203 1641 3426 1696 exordio

1826 1725 2096 1780 sermonis
2127 1727 2200 1799 (j)
2227 1726 2626 1795 admonuimus,
2667 1745 2734 1784 ne
2761 1731 2884 1800 quis
2915 1730 3054 1787 forte
3082 1733 3426 1789 existimaret

119 1803 434 1874 exemplum
477 1803 731 1874 perfecta:
763 1806 816 1860 in
868 1821 927 1862 se
973 1807 1098 1863 ﬁdei
1153 1809 1424 1865 hominem
1478 1814 1720 1882 exponit,
1753 1818 1800 1878 Β
1827 1817 2027 1888 aliquid
2086 1833 2264 1872 rerum
2294 1828 2568 1888 gestarum
2611 1821 2736 1875 ﬁdei
2782 1821 3196 1888 detrahendum,
3243 1827 3287 1880 si
3338 1841 3426 1882 res

118 1895 268 1966 quod
301 1897 368 1964 is,
395 1898 486 1968 qui
518 1901 678 1954 verba
721 1915 814 1954 sua
858 1909 911 1956 et
940 1902 1122 1956 audiat
1145 1910 1203 1958 et
1230 1902 1412 1969 faciat,
1443 1920 1606 1975 super
1627 1922 1723 1976 pec

121 1996 263 2042 tram
293 1989 366 2042 sit
395 1989 712 2056 :ediﬁcatus,
741 2000 798 2046 et
842 1991 1198 2050 fundamento
1249 1995 1428 2051 stabili
1461 1998 1724 2068 lirmoque

119 2083 414 2146 consistat,
444 2082 518 2155 (e)
565 2100 799 2155 eumque
827 2085 1177 2156 incidentium
1217 2096 1594 2160 tempestatum
1623 2092 1725 2146 itu-

123 2181 254 2241 petu
302 2189 410 2228 non
473 2189 633 2245 posse
679 2177 944 2244 dissolvi;
997 2179 1050 2234 in
1109 2191 1262 2250 petra
1308 2196 1368 2237 se
1398 2183 1571 2253 ipsum
1622 2183 1726 2240 Do-

123 2266 306 2321 minus
353 2267 663 2338 significans
694 2311 709 2336 ,
742 2270 978 2326 validum
1031 2273 1250 2330 aediﬁcii
1298 2275 1721 2331 fundamentum.

127 2357 198 2429 (ι’)
226 2355 360 2414 Cum
389 2372 568 2416 autem
593 2362 684 2432 qui
715 2379 782 2418 ex
818 2379 878 2420 se
903 2364 957 2419 in
980 2366 1210 2422 sublime
1240 2382 1376 2436 opus
1399 2369 1722 2433 excreverit,

124 2453 332 2506 moveri
383 2469 488 2508 non
540 2456 710 2522 possit
753 2457 840 2510 vel
892 2457 1104 2526 pluviis,
1150 2459 1234 2513 Vel
1277 2458 1606 2522 ﬂuntinibus,
1640 2460 1725 2516 vel

125 2555 286 2598 vento
313 2560 326 2610 ;
351 2545 406 2599 in
437 2545 651 2613 pluviis,
694 2545 1012 2603 blandarum
1045 2559 1100 2605 et
1138 2553 1340 2606 sensim
1391 2552 1722 2608 illabentiutn

127 2638 467 2708 voluptatum
498 2640 780 2696 illecebras
810 2642 1098 2713 signiﬁcat,
1131 2645 1324 2713 quibus
1381 2645 1612 2714 primum
1665 2646 1726 2700 ﬁ-

135 2729 235 2785 des
271 2731 426 2786 rimis
452 2733 758 2802 patentibus
789 2734 1162 2790 immadescit:
1193 2746 1312 2806 post
1336 2752 1470 2805 quas
1515 2747 1728 2792 torren-

130 2825 261 2879 tium
295 2841 606 2896 procursus,
633 2827 684 2882 id
729 2836 831 2892 est,
872 2830 1185 2898 graviorum
1228 2830 1577 2901 cupiditatum
1610 2844 1725 2884 mo-

131 2925 216 2973 tus
249 2918 509 2974 incurrit:
539 2927 701 2990 atque
749 2921 944 2977 exinde
1003 2930 1112 2976 tota
1164 2932 1444 2991 ventorum
1491 2925 1571 2977 vis
1621 2924 1730 2979 eir-

128 3009 500 3067 cumﬂautium
531 3013 610 3086 (g)
633 3012 881 3079 deszevit,
907 3015 1189 3069 universus
1217 3017 1418 3070 scilicet
1447 3015 1727 3072 diabolica:

133 3105 414 3173 potestatis
460 3105 683 3176 Spiritus
720 3107 966 3162 infertur.
997 3107 1103 3163 Sed
1161 3108 1514 3165 fundamento
1560 3121 1726 3181 petra:

1829 1911 1974 1980 ipsas
1999 1910 2272 1979 profectus
2298 1928 2478 1967 rerum
2507 1917 2952 1982 consequentium
2975 1918 3256 1973 continere
3285 1918 3339 1973 in
3365 1934 3426 1974 se

1827 2001 2167 2056 doeeremus.
2192 2001 2334 2058 Nihil
2367 2005 2512 2059 enim
2547 2006 2763 2060 veritati
2790 2004 3048 2072 detrahit,
3070 2008 3426 2064 imitationem

1827 2095 2028 2149 veritas
2071 2107 2380 2150 consecuta.
2430 2096 2569 2151 Toto
2623 2097 2781 2166 igitur
2836 2100 3119 2168 superiore
3171 2114 3426 2156 sermone

1832 2186 2088 2241 Dominus
2133 2185 2256 2242 ﬁdei
2308 2197 2575 2258 prmcepta
2603 2188 2917 2254 tradiderat,
2961 2189 3137 2261 legem
3164 2203 3415 2246 excesse—

1829 2285 1933 2344 rat,
1959 2277 2068 2347 jam
2109 2278 2348 2334 inutilem
2379 2289 2542 2350 atque
2569 2279 2902 2334 inefﬁcacem
2921 2280 3234 2336 excedendo
3258 2281 3426 2352 signi-

1831 2372 2016 2424 licans.
2089 2371 2460 2426 Mandatorum
2503 2373 2905 2427 observantiam
2952 2382 3248 2444 exegerat,
3298 2383 3424 2430 ante

1832 2465 2218 2532 promissorum
2253 2479 2468 2518 suorum
2501 2479 2651 2534 spem
2685 2464 2996 2518 ﬁdissiutam
3023 2465 3419 2535 imperaverat:

1829 2555 1972 2625 quod
2023 2555 2186 2627 igitur
2233 2567 2352 2627 post
2401 2556 2516 2612 hare
2547 2558 2790 2628 primum
2847 2558 3113 2627 gesserit,
3155 2566 3421 2614 contuen-

1830 2648 1957 2702 dtnu
1984 2660 2086 2704 est.

1899 2739 1955 2793 2.
1978 2738 2128 2809 Legis
2153 2739 2428 2808 inﬁrmitas
2448 2756 2480 2794 a
2505 2737 2711 2794 Christo
2745 2740 3111 2812 suppletur.-
3137 2739 3306 2796 Adest
3348 2740 3426 2796 leo

1831 2848 2046 2904 prosus,
2098 2833 2379 2888 emundari
2433 2849 2492 2888 se
2542 2842 2715 2901 rogat,
2749 2843 3008 2904 purgatur
3052 2833 3199 2888 verbi
3243 2842 3423 2904 potes-

1832 2932 1941 2979 tate
1968 2924 2043 2996 (k)
2068 2941 2186 2980 cum
2229 2933 2394 2992 tactu,
2422 2925 2638 2996 jubetnr
2658 2927 2821 2982 silere
2853 2926 3039 2998 (lbid.,
3070 2928 3104 2982 5
3127 2935 3175 2981 et
3201 2925 3292 2996 4),
3325 2926 3420 2982 sed

1833 3027 2012 3073 tamen
2043 3018 2328 3074 ostendere
2372 3034 2432 3074 se
2483 3019 2750 3074 sacerdoti
2779 3028 2835 3075 et
2861 3035 3054 3075 munus
3081 3020 3224 3091 quod
3274 3019 3424 3092 Moy-

1832 3123 1920 3163 ses
1950 3110 2000 3163 in
2035 3111 2401 3165 testimonium
2431 3109 2544 3167 ﬁeri
2573 3113 2829 3182 prmcepit
2853 3111 3072 3168 offerre.
3094 3111 3309 3167 Curatio
3330 3111 3426 3182 igi-

133 3195 294 3252 homo
345 3198 638 3254 mdiﬁcatus
661 3200 827 3273 699
848 3201 1080 3268 insistet,
1115 3219 1214 3259 nec
1243 3207 1442 3260 moveri
1483 3205 1602 3259 loco
1629 3221 1727 3260 suo
1756 3205 1802 3268 C
1835 3209 1921 3254 tur
1957 3199 2018 3273 (ι)
2049 3201 2318 3256 audientis
2345 3214 2397 3257 et
2424 3203 2694 3258 credentis
2724 3203 2898 3258 turba:
2943 3215 2996 3258 et
3042 3219 3162 3259 Cum
3194 3203 3426 3258 Domino

131 3290 347 3359 poterit.
362 3290 568 3346 Stultus
595 3307 721 3348 vero
748 3297 861 3348 haec
877 3295 1056 3348 audita
1071 3295 1438 3362 dissimulans,
1461 3307 1727 3368 tamquam

131 3396 294 3451 super
317 3393 536 3438 arenam
580 3399 716 3454 opus
746 3385 1118 3442 :ediﬁcationis
1160 3389 1506 3456 impenderit,
1536 3389 1731 3445 infide-

132 3475 254 3530 liter
279 3486 405 3542 stat,
443 3476 554 3532 cito
592 3479 787 3547 pluviis
817 3479 1164 3534 illabentibus
1186 3480 1268 3552 (It)
1294 3482 1648 3548 subluendus,
1673 3493 1728 3538 et

132 3573 441 3628 ﬂuminibus
484 3576 891 3646 propellendus,
941 3589 994 3632 et
1034 3580 1206 3633 ventis
1257 3577 1608 3645 differendus,
1638 3594 1726 3634 se-

133 3667 363 3723 cundum
421 3679 666 3723 naturam
714 3685 876 3740 super
903 3685 1036 3739 quas
1079 3672 1375 3726 ardiﬁcatus
1424 3679 1506 3726 est
1536 3686 1728 3726 arena-

133 3775 274 3825 rum,
305 3774 429 3814 cum
459 3761 608 3831 gravi
639 3761 810 3816 ruinae
843 3777 956 3816 sua:
1010 3771 1190 3832 strage
1222 3761 1514 3818 solvendus
1536 3761 1724 3834 (Ibid.,

132 3851 246 3922 εδ).

203 3945 254 3998 7.
302 3943 504 4014 Scopas
542 3945 924 4015 prwdietorum.
965 3976 1034 3987 —
1060 3947 1235 4018 Atque
1277 3947 1346 4001 ita
1387 3947 1726 4018 superiorum

132 4033 193 4107 (ξ)
221 4036 682 4104 comparationum
721 4036 972 4109 exemplo
1021 4039 1280 4092 Dominus
1311 4053 1412 4094 nos
1459 4037 1649 4103 voluit,
1676 4046 1732 4093 et

228 4174 277 4234 a)
300 4171 391 4227 Sic
414 4186 542 4226 mss.
569 4171 640 4228 At
664 4171 815 4238 editi,
840 4171 1096 4226 dwmonia
1124 4170 1338 4238 Christi,
1364 4181 1470 4227 etc.

229 4243 281 4313 b)
310 4243 366 4298 In
403 4243 605 4312 aliquot
636 4258 762 4298 mss.
809 4244 1068 4296 malimus.
1101 4241 1176 4296 lla
1215 4252 1394 4297 autem
1423 4244 1533 4295 vult
1578 4241 1723 4296 llila-

135 4313 244 4368 rius
265 4315 332 4368 de
361 4322 546 4368 nostro
575 4314 985 4383 promerendam
1023 4314 1428 4372 beatitudinem.
1451 4323 1507 4366 ut
1533 4313 1725 4368 Salutis

137 4396 330 4438 DOSll'iP
359 4401 495 4452 opus
525 4386 614 4440 Dei
642 4400 762 4440 esse
793 4401 898 4439 non
921 4393 1096 4452 neget.
1136 4385 1198 4438 Et
1215 4393 1521 4451 competens,
1556 4383 1726 4453 inquit

138 4455 187 4508 in
217 4470 296 4524 ps.
325 4471 488 4519 chn,
521 4473 572 4509 ιι.
623 4456 690 4510 12
719 4475 730 4509 :
758 4454 862 4510 Illa
911 4457 1149 4509 humatus
1177 4455 1500 4509 verecundia:
1531 4461 1728 4524 profes-

137 4528 209 4578 sio
226 4537 314 4589 est,
349 4528 559 4595 utquod
584 4544 671 4595 per
700 4528 949 4595 Spiritum
995 4525 1093 4579 Dei
1121 4528 1170 4579 in
1194 4538 1382 4578 (errant
1420 4537 1609 4579 rectam
1638 4527 1726 4580 de-

1832 3293 1900 3347 de
1932 3305 2120 3350 nionle
2169 3298 2436 3350 venientis
2482 3297 2532 3350 in
2574 3296 2788 3366 leproso
2839 3289 3177 3352 ostenditur:
3207 3313 3326 3368 quae
3348 3297 3428 3351 vi-

1832 3387 1967 3442 tiosa
1995 3389 2114 3443 labe
2141 3389 2388 3458 corporis
2411 3391 2798 3454 contaminata,
2823 3390 3107 3459 auditaque
3135 3391 3284 3460 regni
3314 3405 3426 3446 ca:-

1830 3479 2001 3534 lorum
2032 3480 2415 3552 praedicatione
2443 3485 2617 3536 curari
2671 3498 2731 3537 se
2777 3492 2960 3552 rogat;
2998 3483 3093 3553 (m)
3124 3499 3246 3538 cum
3279 3495 3424 3540 tactu

1829 3576 2074 3644 corporis
2119 3576 2394 3641 visitatur,
2425 3575 2586 3629 Verbi
2617 3575 2816 3630 virtute
2845 3587 3083 3642 curatur,
3103 3585 3160 3631 et
3197 3585 3253 3629 ut
3278 3576 3426 3631 salus

1830 3665 1945 3720 hzec
1972 3667 2136 3738 700
2163 3682 2267 3722 non
2314 3666 2600 3723 offerretur
2652 3669 2848 3736 potius,
2880 3683 3037 3737 quam
3069 3675 3422 3737 quasreretur,

1828 3758 2100 3812 silentium
2126 3759 2437 3827 imperatur,
2453 3767 2505 3813 et
2521 3759 2810 3814 ostendere
2824 3773 2882 3814 se
2895 3758 3426 3829 sacerdotihnsjuhe-

1832 3856 1954 3902 tur:
1985 3859 2039 3902 ut
2073 3851 2462 3919 prmuuntiatus
2495 3851 2546 3904 in
2588 3851 2707 3922 lege
2747 3850 2900 3905 factis
2927 3859 2981 3907 et
3009 3851 3263 3921 operibus
3309 3865 3428 3906 cer-

1831 3952 2026 4008 natur;
2059 3953 2112 3998 et
2154 3945 2205 3998 in
2251 3960 2356 4015 quo
2399 3945 2483 4000 lex
2531 3943 2944 4010 iuﬁrmahatur,
2981 3945 3032 3998 in
3061 3943 3143 4000 eo'
3169 3943 3248 4018 (η)
3277 3943 3428 3999 verbi

1830 4036 2002 4091 virtus
2034 4035 2424 4107 intelligeretur
2452 4055 2464 4091 :
2494 4037 2773 4108 praemium
2787 4051 3001 4107 quoque
3022 4045 3251 4106 receptae
3283 4034 3430 4090 salu-

1847 4240 1858 4250 .
1907 4169 1983 4250 fg)
2015 4169 2292 4236 Bad.,Er.
2319 4178 2373 4224 et
2426 4185 2616 4226 omnes
2666 4185 2833 4239 prope
2885 4186 3014 4226 mss.
3067 4172 3421 4230 desierint"...

1840 4252 2106 4310 inieratur.

1842 4378 1851 4381 Α
1906 4312 1986 4381 (It)
2016 4312 2069 4365 In
2102 4311 2349 4378 vulgatis,
2399 4310 2740 4365 subruendus.
2779 4312 2969 4366 Verius
3013 4311 3067 4365 in
3113 4328 3243 4368 mss.
3301 4313 3424 4367 sub-

1833 4378 2068 4436 lue'ndus.
2097 4381 2213 4436 Non
2236 4382 2377 4437 enim
2405 4382 2597 4436 donius
2621 4383 2814 4450 pluviis
2829 4384 3112 4446 evertitur,
3143 4384 3237 4438 sed
3267 4400 3424 4438 ever-

1830 4455 1969 4521 S_ioni
2003 4450 2352 4521 jtrmparatttr.
2390 4452 2478 4508 Sic
2503 4453 2595 4508 lib.
2629 4469 2665 4507 ll
2693 4453 2759 4506 de
2787 4451 2939 4507 Trin.
2975 4472 3028 4506 ιι.
3054 4453 3145 4518 22,
3174 4455 3427 4510 laudalut‘

1833 4519 2244 4580 fundamentum
2278 4540 2378 4576 non
2409 4525 2823 4578 inundationibus
2871 4524 3228 4578 subluendum.
3280 4527 3344 4580 Et
3371 4527 3424 4582 in

138 4585 394 4652 ducendus
417 4585 501 4662 s'it,
523 4585 698 4651 id'non
721 4585 886 4652 meriti
914 4615 1019 4652 esse
1039 4599 1118 4651 sui
1139 4608 1362 4666 arroget.
1388 4597 1522 4668 Tum
1553 4616 1605 4649 ιι.
1634 4597 1720 4660 13,
1751 4585 1913 4668 D'ps.
1945 4612 2128 4663 uvttt,
2155 4612 2210 4649 ιι.
2249 4595 2283 4649 ὅ
2308 4611 2322 4649 :
2349 4594 2483 4648 Sunt
2513 4605 2558 4648 et
2592 4611 2737 4666 aqua:
2771 4611 3040 4649 arenosum
3074 4597 3278 4650 domum
3306 4596 3426 4651 sub-

139 4669 383 4738 merituni
408 4683 529 4721 cum
569 4670 738 4738 gloria
789 4670 877 4724 Dei
926 4669 1181 4736 praeclare
1201 4668 1457 4722 conciliat
1484 4667 1568 4722 his
1598 4684 1720 4722 ver-

138 4737 253 4812 bis;
292 4737 515 4812 [lubuit
537 4737 740 4812 quidem
769 4740 865 4812 hoe
879 4741 1085 4812 justitia
1116 4741 1432 4812 verecundia:
1476 4740 1726 4812 utquid-

136 4810 254 4881 quid
283 4810 418 4863 illud
452 4809 544 4864 sibi
569 4809 894 4881 beatitudinis
924 4818 1112 4881 sperat,
1147 4811 1200 4865 id
1229 4827 1318 4872 pro
1349 4810 1728 4881 magniﬁcentia

138 4879 231 4933 Dei
260 4882 447 4952 potius,
478 4882 598 4949 quia
630 4879 739 4934 Deo
771 4881 916 4936 beata
951 4879 1007 4934 et
1047 4892 1238 4935 (eterna
1266 4888 1313 4952 et
1354 4879 1484 4952 bona
1511 4881 1729 4935 tribuere

138 4951 201 5003 sit
226 4951 458 5021 dignum,
487 4968 639 5017 quam
667 4969 758 5018 pro
788 4953 966 5006 merito
998 4968 1094 5006 suo
1142 4951 1380 5021 postulet.
1424 4951 1530 5004 Sed
1560 4961 1729 5005 tamen

140 5028 413 5091 prazferens
435 5023 677 5076 honorem
704 5033 750 5076 et
781 5020 1181 5077 misericordiam
1207 5020 1324 5086 Dei,
1352 5022 1578 5076 merendi
1602 5038 1729 5092 quo-

137 5108 230 5161 que
257 5094 309 5146 ιά
331 5109 421 5158 per
452 5110 504 5147 se
534 5109 638 5147 non
665 5094 880 5147 exclusit
902 5093 1248 5162 oﬁicium,etc.

210 5163 283 5236 (e)
319 5162 474 5232 Apud
505 5164 627 5236 Par.
650 5163 1044 5236 quodprodest.
1079 5165 1296 5219 Ilectius
1351 5163 1402 5216 in
1433 5164 1552 5236 aliis
1577 5163 1730 5236 libris

142 5234 274 5300 quod
324 5245 514 5304 potest,
544 5234 597 5307 id
644 5244 746 5307 est,
778 5235 846 5307 de
891 5244 1154 5304 potestate
1206 5236 1299 5290 Dei
1327 5235 1496 5307 gratis
1525 5243 1580 5290 et
1605 5235 1730 5291 abs-

141 5321 242 5375 que
280 5307 390 5360 ullo
421 5305 616 5359 merito
643 5305 868 5359 indulta.

209 5375 285 5513 5d;
318 5376 372 5430 lu
407 5377 647 5444 pluribus
671 5391 802 5431 tuss.
831 5375 1157 5456 subjurgans.

232 5464 259 5500 e
307 5447 381 5500 Ita
420 5447 591 5500 codex
618 5444 772 5502 Coll).
821 5447 940 5500 alus
982 5444 1157 5500 favent

232 5444 280 5512 e)
307 5447 381 5500 Ita
420 5447 591 5500 codex
618 5444 772 5502 Colb.
821 5444 940 5500 aliis
982 5444 1307 5502 faventibus.
1334 5446 1400 5501 At
1443 5445 1600 5512 Bad.,
1637 5446 1728 5500 Er.

141 5527 192 5571 et
214 5517 360 5587 Lips.
385 5532 504 5599 cum
535 5518 900 5599 aliquotmss;
921 5517 1179 5570 omittunt
1208 5533 1438 5599 eumque,
1460 5533 1520 5570 ae
1554 5518 1732 5599 prosi.-

143 5605 281 5642 mum
336 5589 562 5642 verbum
613 5589 907 5642 consistat:
943 5603 1176 5657 moxque
1225 5589 1518 5656 subjiciunt
1572 5589 1730 5658 possit

144 5659 466 5712 dissolvi.....
521 5658 769 5712 Dominus
813 5660 1088 5729 significat.
1138 5659 1450 5724 Mallemus,
1498 5661 1731 5728 quodque

144 5730 471 5783 incidentium
498 5738 852 5796 tempestatum
898 5731 1086 5797 impetu
1113 5745 1213 5782 non
1245 5730 1402 5796 possit
1424 5730 1653 5786 dissolvi.

210 5801 279 5874 (ι’)
315 5799 482 5869 Editi,
510 5815 625 5857 eum
650 5813 888 5858 autem...
913 5802 1104 5856 moveri
1135 5815 1236 5856 non
1258 5815 1421 5870 posse.

1830 4671 2042 4724 luentes.

1903 4737 1968 4809 (ἱ)
2015 4737 2157 4792 Editi
2206 4735 2651 4791 conturbatiouum
2704 4737 2936 4808 exemplo
2983 4738 3329 4810 corriguntur
3354 4753 3421 4794 ex

1834 4810 2132 4882 potioribus
2154 4823 2286 4863 mss.

1905 4880 1976 4951 (j)
2005 4881 2134 4951 Puta
2164 4894 2282 4950 cap.
2315 4877 2382 4941 2,
2417 4893 2562 4931 num.
2587 4879 2640 4951 2.

1912 4949 1984 5020 (It)
2010 4950 2172 5024 Editi,
2215 4949 2502 5024 contactum
2540 4949 2751 5024 jubet-ur
2775 4951 2940 5005 silere.
2969 4951 3161 5007 Verbis
3188 4967 3423 5024 evange-

1830 5018 1973 5088 licis,
2012 5023 2172 5092 tetigit
2209 5038 2326 5076 eunt
2371 5021 2563 5087 dicens,
2597 5018 2746 5088 Volo,
2805 5025 3071 5090 mundare,
3098 5027 3268 5096 magis
3293 5018 3428 5081 con-

1872 5101 2032 5147 runnt
2053 5110 2183 5148 mss.

1833 5109 2238 5233 tmilibusliltiz’btiiss
2273 5163 2528 5230 potiores.
2565 5165 2668 5218 Alii
2699 5179 2828 5218 vero
2859 5165 3004 5233 libri,
3034 5166 3331 5232 obedientis,
3361 5183 3428 5225 ac

1837 5248 1958 5304 post
1979 5236 2198 5291 verbum
2220 5235 2462 5288 veriieutis
2485 5235 2742 5304 adjiciunt
2774 5236 3028 5291 adoratio.

1907 5304 2004 5377 (m)
2029 5306 2086 5361 In
2105 5307 2356 5376 vulgatis,
2381 5315 2634 5359 contactu.
2652 5306 2870 5360 Rectius
2902 5309 2952 5362 in
2975 5324 3103 5363 mss.
3127 5323 3241 5361 eum
3267 5318 3418 5362 tactu.

1838 5372 1928 5430 Sic
1975 5380 2116 5448 enim
2161 5372 2222 5430 et
2284 5387 2494 5448 tempus
2549 5387 2766 5432 notatur
2817 5380 3100 5448 impertita:
3154 5378 3419 5444 sanitatis,

1838 5447 2056 5516 quando
2101 5463 2266 5504 carne
2307 5463 2335 5499 a
2369 5445 2548 5501 Verbo
2596 5445 3152 5520 assumpta’populus
3182 5448 3422 5502 visitatus

1839 5527 2017 5590 est,et
2045 5521 2200 5576 Verbi
2234 5520 2401 5590 virtus
2423 5533 2544 5590 cum
2567 5521 2812 5590 corporis
2844 5518 3418 5590 taetu'jnngitur,quo-

1838 5589 2000 5642 modo
2053 5594 2299 5662 superius
2350 5589 2400 5643 in
2457 5588 2557 5654 his,
2591 5588 2840 5663 purgatur
2866 5588 3015 5643 utrbi
3045 5595 3283 5654 potestate
3307 5600 3424 5638 cum

1836 5668 1968 5712 tectu
1978 5698 1990 5710 .

1873 5727 1986 5852 ¹Δ(η)
2025 5724 2360 5852 tvelitibulutu
2401 5733 2536 5788 uerbi
2578 5731 2729 5786 abest
2757 5743 2788 5783 a
2816 5726 2973 5792 Bad.,
3014 5725 3132 5792 Er.,
3178 5722 3325 5793 Lips.
3369 5731 3426 5782 et

1897 5815 2017 5852 ιιιυο
2070 5814 2082 5852 Ι
2167 5812 2199 5849 ὀ

1837 5807 2040 5869 aliquot
2070 5812 2199 5854 mss.
