3974 6198
557 282 662 338 955

1742 281 1988 341 ssnon
2024 283 2282 341 meum
2318 257 2625 343 EPISCOPI

3734 290 3840 347 956

554 398 646 465 tis,
671 398 763 469 qui
795 408 1049 470 purgatus
1071 405 1178 464 est,
1210 398 1321 455 Deo
1356 398 1552 457 oderat
1581 396 1696 472 (c);
1727 398 1827 455 sed
1853 407 1913 455 ut
1936 398 2138 457 donum
2166 401 2222 466 Α
2244 397 2533 458 efﬁcientia
2568 401 2733 458 etiam
2768 400 3067 459 fututorum
3108 400 3329 473 imagini
3356 402 3629 473 proﬁcere
3657 416 3842 459 mens»

551 489 683 545 illud
709 506 816 545 non
842 492 913 546 sit
951 504 1018 547 ex
1047 491 1260 557 avibus,
1288 490 1382 546 sed
1409 502 1469 547 ut
1511 491 1676 547 homo
1700 492 1817 562 ipse
1838 509 1865 545 a
1894 492 2147 549 sordibus

550 583 753 653 peccati
780 584 1027 652 corporis
1057 582 1404 651 emendatus,
1428 584 1482 639 in
1501 583 1822 641 sacriﬁcium
1848 585 1940 641 Dei
1970 593 2147 641 trans-

552 685 637 730 eat
661 672 848 747 (Leuit.
875 691 988 741 xiv,
1016 673 1072 747 4)
1096 692 1111 740 ;
1136 676 1260 746 quia
1289 676 1432 745 quod
1461 675 1671 748 Moyses
1702 677 1761 734 in
1792 677 1918 748 lege
1946 691 2147 747 prme-

554 767 712 837 perit,
748 768 1112 823 testimonium
1137 768 1231 835 sit,
1263 783 1370 824 non
1399 768 1641 825 obiectus.

622 859 675 913 5.
717 857 1011 918 Tribunus.
1064 860 1301 929 princeps
1357 862 1583 932 gentium
1633 861 2030 917 crediturartmt.
2075 891 2149 903 -—

549 948 677 1004 Post
704 952 812 1006 lucc
832 963 1000 1006 autent
1031 969 1146 1006 cum
1172 954 1429 1008 introisset
1447 954 1832 1028 Capharnanm,
1856 959 2067 1011 accessit
2079 958 2147 1011 ad

547 1060 662 1099 cum
686 1045 893 1115 quidam
912 1046 1146 1101 tribunus
1174 1063 1364 1120 rogans
1386 1064 1522 1116 eum,
1547 1060 1597 1104 et
1625 1051 1818 1106 dicens:
1843 1050 1986 1106 Puer
2006 1068 2147 1107 utens

538 1136 679 1206 jacet
704 1138 758 1190 in
787 1137 938 1191 domo
966 1140 1316 1209 paralyticus,
1354 1152 1460 1196 etc.
1506 1140 1723 1212 (Matth.
1772 1153 1875 1207 Vit,
1906 1143 1940 1197 ὃ
1976 1152 2025 1197 et
2060 1144 2142 1213 6).

549 1229 803 1299 Sequitur
827 1232 1264 1289 emundationem
1293 1232 1515 1304 leprosi,
1563 1235 1842 1307 paralytici
1872 1237 2022 1306 pueri
2047 1252 2143 1292 cu~

549 1319 707 1375 ratio.
742 1321 847 1377 Sed
887 1323 1015 1393 quid
1049 1324 1188 1379 istud
1220 1332 1322 1389 est,
1359 1326 1499 1395 quod
1547 1341 1656 1382 non
1698 1326 1919 1397 dignum
1950 1342 2011 1385 se
2042 1328 2144 1384 tri-

546 1412 721 1469 bunus
744 1417 895 1485 pueri
916 1417 1168 1473 dominus
1195 1417 1477 1488 proﬁtetur
1504 1435 1646 1486 esse,
1679 1429 1738 1476 ut
1765 1419 2015 1476 Christus
2045 1421 2143 1476 do~

547 1519 697 1562 mum
724 1508 840 1579 ejus
872 1509 1124 1574 introeat,
1156 1525 1378 1579 puerum
1418 1511 1617 1580 videat,
1650 1523 1707 1569 et
1744 1526 1984 1584 praesens
2012 1528 2152 1584 pree-

548 1602 686 1657 senti
709 1616 866 1672 opem
890 1602 1112 1670 aderat;
1146 1618 1312 1675 seque
1335 1604 1535 1660 habere
1552 1606 1773 1672 milites,
1796 1607 1985 1676 jubere
2003 1607 2150 1679 quod

550 1692 702 1758 velit,
735 1696 864 1749 etin
900 1702 1163 1765 potestate
1192 1698 1367 1767 posito
1399 1712 1590 1768 parere
1617 1699 1722 1754 sibi
1757 1700 2040 1770 plurimos,
2068 1702 2147 1756 si-

2249 499 2440 558 tratur,
2470 493 2686 564 quando
2729 500 2785 549 et
2823 493 3039 549 tribuno
3064 494 3346 556 credulum
3378 495 3542 570 701
3573 504 3629 551 et
3673 506 3841 566 puere

2249 583 2478 651 salvam,
2506 598 2605 642 nec
2629 584 2750 641 talis
2778 585 2833 641 in
2865 584 3027 642 Israel
3055 583 3202 642 ﬁdes'
3215 596 3432 656 reperta
3450 596 3544 643 est
3562 628 3579 653 ,
3610 597 3666 642 et
3695 590 3841 659 regni

2248 676 2507 731 calorum
2547 678 2879 735 consortium
2918 692 3043 734 cuin
3081 678 3358 736 Abraham
3395 681 3657 752 gentibus
3682 682 3845 739 desiit

2249 776 2426 822 natur.
3341 789 3352 799 ’

2320 858 2375 913 6.
2420 857 2559 914 Petri
2585 875 2761 915 socrus
2785 860 3107 931 inﬁdelitatis
3134 862 3357 931 eiectio.
3407 864 3606 922 Petrus
3652 868 3778 938 ﬁdei
3800 878 3843 924 et

2248 952 2563 1023 apostolatus
2592 953 2850 1023 princeps.
2879 982 2954 996 —
2980 953 3106 1011 Cum
3129 958 3345 1013 venisset
3368 957 3527 1015 Jesus
3554 961 3613 1016 iis
3638 963 3847 1017 demeat

2251 1042 2415 1110 Petri,
2447 1047 2568 1099 uidit
2598 1063 2800 1101 socrum
2840 1051 2956 1122 ejus
2975 1050 3234 1121 iacentem
3259 1061 3310 1107 et
3347 1052 3733 1123 febricitantem
3755 1096 3769 1123 ,
3798 1067 3848 1113 et

2250 1136 2451 1207 reliqua
2497 1135 2658 1207 (Ibid.
2708 1138 2821 1212 14).
2851 1140 2910 1196 In
2953 1157 3110 1197 socru
3156 1144 3338 1209 Petri,
3370 1146 3568 1203 vitiosa
3621 1150 3849 1206 inﬁdeli-

2250 1227 2377 1283 tatis
2415 1231 2713 1285 aestimatur
2750 1231 2985 1297 aliectio,
3016 1235 3102 1291 cui
3148 1234 3359 1304 adjacet
3401 1238 3635 1294 libertus
3662 1241 3850 1295 Volun-

2250 1320 2395 1385 tatis,
2426 1337 2547 1392 quas
2573 1337 2673 1378 nos
2698 1325 2931 1394 quadam
2976 1326 3077 1381 sibi
3126 1328 3362 1397 conjugii
3395 1332 3671 1387 societate
3712 1346 3848 1388 eom-

2247 1411 2437 1482 jungit.
2487 1413 2628 1484 Ergo
2658 1415 2901 1487 ingressu
2926 1418 3160 1484 Domini,
3187 1418 3268 1492 (d)
3303 1422 3358 1476 in
3398 1421 3544 1478 Petri
3571 1423 3770 1492 domu,
3802 1425 3852 1481 id

2253 1516 2356 1572 est,
2386 1505 2439 1562 in
2465 1521 2694 1577 corpore
2715 1519 2937 1567 curatur
2967 1511 3256 1569 inﬁdelitas
3284 1524 3637 1584 peccatorum
3675 1520 3854 1576 calore

2254 1608 2577 1665 eamstuans,
2608 1609 2667 1657 et
2702 1603 2952 1658 vitiorum
2978 1620 3121 1676 tegra
3155 1607 3461 1666 dominatu.
3493 1610 3621 1667 Mes
3661 1612 3855 1668 deinde

2253 1704 2438 1750 sanata
2465 1732 2479 1760 .
2512 1687 2673 1752 ofﬁcii
2705 1697 2962 1756 famulatu
2989 1700 3277 1758 ministrat.
3311 1703 3444 1760 Nam
3494 1707 3710 1777 primus
3742 1722 3855 1765 ere»

547 1783 747 1839 militer
785 1795 841 1840 et
886 1786 1169 1843 Dominum
1211 1789 1542 1844 curationem
1596 1791 1760 1847 verbo
1810 1807 1969 1861 posse
2010 1809 2142 1864 pras-

2257 1786 2406 1854 didit,
2430 1797 2485 1843 et
2510 1787 2583 1861 (c)
2608 1792 2941 1860 apestelatus
2980 1801 3066 1848 est
3094 1795 3343 1867 princeps
3371 1813 3386 1850 :
3416 1807 3472 1853 et
3513 1799 3666 1868 quod
3712 1802 3765 1855 in
3792 1814 3856 1857 eo

547 1876 732 1932 stare?
750 1877 822 1932 De
843 1878 1059 1933 tribuno
1075 1880 1315 1949 posuisse
1334 1896 1422 1937 me
1442 1882 1575 1936 satis
1594 1883 1685 1949 sit,
1707 1884 2003 1956 principem
2024 1900 2147 1944 esse

547 1971 784 2040 gentium
807 1971 1222 2029 crediturarum.
1253 1973 1386 2042 Quis
1414 1975 1503 2031 hic
1524 1977 1776 2047 princeps
1806 1979 1877 2033 sit
1900 1980 1987 2035 cui
2019 1981 2147 2037 sub-

545 2062 676 2134 jecti
703 2072 831 2119 sunt
862 2066 1064 2133 plures,
1096 2068 1186 2132 qui
1220 2069 1368 2124 volet
1401 2070 1575 2135 scire,
1608 2070 1776 2142 Moysi
1802 2072 1856 2127 in
1882 2072 2147 2129 Denteroe

549 2154 736 2209 nomio
762 2157 1031 2213 canticum
1061 2157 1240 2231 (Deut.
1272 2160 1479 2233 sun),
1509 2168 1566 2216 et
1589 2159 1897 2218 Salomonis
1953 2165 2147 2222 librum

549 2247 1007 2316 Ecclesiasticum,
1043 2251 1132 2307 ubi
1170 2251 1237 2308 de
1264 2253 1605 2323 dispersione
1637 2258 1875 2326 gentium
1900 2258 2147 2328 quaedam

548 2339 712 2395 locuti
755 2350 918 2411 sunt,
970 2343 1147 2414 legat:
1173 2345 1329 2402 nobis
1363 2354 1570 2404 tantum
1612 2348 1682 2404 de
1728 2362 1896 2420 puero
1949 2360 2150 2408 tracta-

552 2440 636 2489 tus
664 2433 757 2489 sit.

620 2525 677 2582 4.
720 2525 960 2583 Gentium
1007 2530 1149 2584 salus
1192 2546 1257 2587 ea:
1294 2532 1413 2600 fide.
1446 2561 1520 2574 —
1549 2533 1801 2590 Succedit
1838 2534 2037 2592 deinde
2088 2536 2142 2591 iu

553 2615 656 2670 hoc
686 2632 852 2686 puero
880 2626 1002 2687 post
1030 2620 1291 2692 paralysis
1320 2624 1602 2680 sanitatem
1634 2625 1713 2697 (b)
1756 2628 2022 2683 curationi
2053 2642 2148 2698 po-

522 2759 526 2763 .
552 2708 659 2777 puli
682 2708 751 2763 de
776 2718 961 2767 monte
987 2710 1363 2769 descendentis
1385 2756 1400 2780 ,
1447 2716 1594 2772 salus
1620 2720 1880 2788 gentium.
1923 2717 2146 2774 Iacebat

550 2801 693 2855 enim
721 2815 852 2870 puer
891 2801 1188 2860 dissolutus
1215 2806 1269 2860 in
1300 2805 1463 2862 domo
1504 2807 1734 2874 humili,
1781 2810 2146 2881 corruptibili,

549 2893 605 2943 et
626 2885 869 2956 ingressu
898 2886 1037 2958 ejus,
1071 2889 1226 2959 cujus
1258 2900 1435 2946 tamen
1458 2907 1622 2964 egens
1652 2901 1807 2961 erat,
1851 2893 2148 2951 Salvatoris

548 2975 788 3048 indigna.
823 2976 892 3032 Et
919 2979 1165 3036 tribunus
1188 2980 1291 3037 scit
1316 2997 1536 3051 puerum
1561 2984 1725 3039 verbo
1749 2999 1909 3055 posse
1935 2988 2140 3044 sanari:

551 3070 678 3141 quia
708 3071 852 3126 salus
880 3073 1119 3140 gentium
1143 3075 1319 3130 omnis
1348 3090 1413 3130 ex
1447 3076 1551 3132 ﬁde
1572 3087 1675 3143 est,
1708 3086 1765 3132 et
1784 3078 1839 3132 in
1866 3081 2149 3149 praeceptis

2250 1890 2374 1935 ante
2405 1882 2711 1952 languebat,
2747 1883 2840 1940 Dei
2867 1884 3033 1941 verbo
3064 1886 3402 1944 invalescens
3442 1889 3514 1961 (f)
3549 1892 3855 1949 ministerio

2251 1983 2523 2045 tamquam
2553 1978 2776 2046 publicae
2804 1979 2994 2036 salutis
3014 1992 3295 2051 operatum
3320 1995 3425 2040 est.
3466 1986 3642 2044 Recte
3672 1999 3850 2046 autem

2252 2064 2391 2121 hanc
2411 2082 2474 2121 ex
2501 2082 2659 2124 socru
2690 2069 2833 2126 Petri
2860 2072 3265 2131 similitudinem
3298 2077 3367 2132 ad
3395 2077 3752 2136 affectionem
3779 2084 3854 2138 tua

2251 2157 2524 2214 ﬁdelitatis
2546 2162 2740 2229 aptari,
2771 2162 2889 2219 loco
2918 2164 3007 2232 qui
3047 2164 3118 2222 de
3163 2182 3301 2223 nuru
3345 2176 3402 2224 et
3444 2185 3610 2227 socru
3656 2188 3850 2231 conse-

2250 2251 2435 2321 quitur
2485 2254 2827 2312 tractabimus
2866 2256 3022 2328 (Cap.
3073 2259 3161 2327 i0,
3206 2277 3267 2317 π.
3319 2263 3433 2335 18).
3468 2263 3623 2321 Nunc
3680 2276 3851 2325 autem

2251 2342 2375 2400 ideo
2397 2344 2731 2403 inﬁdelitatis
2756 2364 2945 2407 socrus
2973 2351 3118 2409 Petri
3151 2358 3571 2426 nuncupabitur,
3600 2363 3733 2431 quia
3772 2376 3852 2418 us-

2249 2448 2355 2505 que
2397 2435 2527 2492 dum
2569 2438 2833 2509 credidit,
2875 2443 3162 2501 voluntatis
3202 2461 3319 2502 sum
3368 2450 3601 2507 servitio
3648 2452 3851 2510 detines

2252 2527 2429 2584 batur.

2325 2620 2378 2674 7.
2403 2608 2637 2676 Christus
2662 2626 2902 2693 passione
2925 2643 3023 2684 sus
3045 2629 3372 2700 inﬁrmitates
3396 2643 3611 2690 nostras
3632 2640 3846 2693 sanam.

2250 2740 2325 2753 —-
2359 2712 2579 2783 Vespere
2604 2728 2773 2773 autem
2801 2719 2939 2790 facto
2976 2723 3269 2781 obtulerunt
3310 2728 3356 2781 ei
3380 2730 3573 2785 multos
3600 2731 3849 2787 damonis

2252 2804 2605 2890 haberetesse!
2632 2811 2867 2884 ejiciebat
2913 2816 3127 2884 spiritus
3154 2820 3473 2885 immundos,
3520 2831 3633 2878 etc.
3688 2825 3842 2896 (Ibid.

2254 2896 2364 2969 16).
2396 2899 2741 2959 (iurationem
2772 2906 3128 2975 promiscuam
3164 2910 3315 2967 horis
3344 2917 3697 2985 vespertinis,
3727 2934 3846 2975 cons

2250 3004 2409 3047 cursu
2439 3006 2624 3049 eorum
2655 3012 2791 3067 quos
2830 3008 2953 3069 post
2978 3002 3285 3070 passionem
3316 3005 3503 3062 docuit
3547 3022 3837 3080 recognor

2250 3082 2420 3138 cimus
2450 3101 2464 3139 :
2492 3088 2731 3144 omnium
2779 3100 2993 3159 peccata
3021 3093 3317 3159 dimittens.
3347 3101 3597 3156 omnium
3630 3102 3848 3156 intith

549 3160 764 3218 Domini
792 3164 901 3220 vita
942 3171 1026 3220 est
1059 3167 1452 3226 universorum.
1494 3170 1657 3241 igitur
1677 3169 1927 3243 jnceutes
1958 3172 2011 3229 in
2046 3187 2147 3229 οω-
2172 3169 2219 3234 C
2254 3185 2389 3232 tates
2426 3178 2697 3250 auferens,
2747 3191 2802 3240 et
2844 3185 3104 3242 malarum
3130 3189 3463 3263 voluptatum
3493 3193 3843 3251 insidendum

550 3256 695 3324 culo,
727 3267 783 3314 et
808 3267 1147 3328 peccatorum
1190 3263 1392 3321 morbis
1420 3264 1700 3322 dissolutae
1735 3277 1926 3338 gentes
1954 3268 2149 3324 existi-

550 3348 765 3405 manda:
790 3359 952 3406 sunt:
980 3352 1234 3408 omnibus
1264 3355 1500 3426 undique
1527 3357 1751 3413 artubus
1779 3356 1979 3424 ﬂuidis,
2005 3362 2058 3414 et
2079 3358 2146 3414 ad

548 3439 887 3496 consistendi
929 3442 1162 3498 otﬁcium
1195 3445 1633 3517 ingrediendiqne
1671 3449 1960 3517 corruptis.
1986 3447 2148 3517 .Qua-

550 3546 669 3588 rum
700 3533 889 3590 salutis
908 3545 1308 3593 sacramentum
1339 3538 1393 3593 in
1435 3540 1636 3594 tribuni
1667 3555 1836 3612 puero
1875 3541 2145 3611 expletur.

550 3638 660 3678 non
690 3632 869 3681 tamen
893 3628 1202 3698 ingressum
1222 3630 1443 3686 domum
1468 3630 1708 3688 Christo.
1736 3633 1893 3690 Licet
1918 3635 2064 3692 enim
2091 3636 2144 3690 in

546 3718 749 3773 saaculo
775 3718 1086 3777 demoratus
1112 3722 1215 3790 sit,
1253 3726 1382 3783 vitia
1414 3734 1594 3783 tamen
1624 3729 1816 3785 saeculi
1845 3738 1902 3787 et
1927 3738 2147 3799 peccata

550 3820 656 3862 non
688 3809 836 3864 adiit.

621 3899 676 3954 5.
718 3899 977 3959 Tribunus
996 3921 1098 3959 non
1116 3918 1225 3961 erat
1243 3908 1306 3962 de
1326 3910 1559 3980 gentibus
1614 3940 1685 3952 -—-
1711 3911 1934 3967 Miratus
1949 3913 2149 3972 deinde

551 3989 711 4047 ﬁdem
759 3994 857 4058 ait,
909 3994 1033 4052 Non
1085 4000 1254 4054 inueni
1284 4010 1475 4056 tantam
1505 4003 1656 4073 ﬁdem
1686 4005 1741 4059 in
1768 4002 1935 4060 Israel
1958 4006 2141 4078 (Ibid.

550 4082 665 4154 i0).
698 4085 774 4155 (c)
805 4085 921 4141 Non
950 4098 1067 4144 erat
1098 4091 1343 4149 tribunus
1378 4094 1478 4149 iste
1508 4094 1576 4149 de
1604 4096 1855 4166 gentibus
1881 4115 1893 4152 :
1927 4109 1981 4152 et
2013 4113 2150 4168 quo-

548 4175 711 4231 modo
742 4174 794 4231 in
827 4175 986 4234 Israel
1016 4178 1163 4237 'ﬁdes
1195 4184 1317 4239 talis
1346 4200 1455 4240 non
1487 4194 1575 4241 est
1610 4200 1860 4256 reperta;
1905 4204 2030 4246 cum
2054 4191 2145 4263 qui

547 4265 791 4321 crederet
820 4279 962 4325 esset
988 4270 1270 4330 Israelita?
1307 4275 1414 4332 Sed
1445 4285 1504 4333 ut
1529 4278 1937 4337 similitudinem
1968 4279 2137 4337 futuri

548 4358 664 4415 hzee
688 4361 804 4431 ipsa
832 4365 1037 4421 veritas
1056 4368 1430 4439 aemularetur;
1464 4373 1666 4429 idcirco
1687 4372 1837 4430 verbi
1858 4377 1994 4430 ratio
2017 4375 2144 4431 sub-

543 4449 687 4521 jecta
713 4462 815 4519 est,
846 4462 1044 4510 tantam
1072 4457 1254 4526 ﬁdem,
1285 4473 1480 4532 quanta
1500 4464 1737 4535 gentium
1762 4473 1864 4531 est,
1900 4466 1951 4521 in
1976 4466 2139 4523 Israel

2252 3269 2515 3327 incentiva
2545 3273 2841 3343 depellens,
2870 3280 3122 3349 passione
3145 3285 3393 3353 corporis
3417 3287 3522 3352 sui,
3550 3291 3844 3345 secundum

2252 3363 2632 3434 prophetatum
2681 3367 2845 3432 dicta,
2880 3370 3219 3429 inﬁrmitates
3268 3376 3521 3434 humanae
3564 3380 3843 3438 imbecilli-

2252 3456 2376 3510 tatis
2403 3456 2702 3515 absorbens
2727 3460 2890 3533 (Ibid.
2917 3464 3032 3534 17).

2322 3546 2374 3601 8.
2421 3547 2537 3615 Qua
2578 3552 2772 3607 ratione
2813 3554 2922 3609 Iuec
2965 3556 3291 3628 explicanda.
3336 3584 3410 3602 -ο
3465 3561 3658 3620 Videtis
3685 3577 3841 3621 autem

2249 3635 2402 3695 Iesus
2428 3641 2599 3695 turbas
2622 3644 2808 3700 multas
2826 3645 3015 3699 circum
3036 3664 3112 3713 se,
3131 3652 3290 3722 jussit
3314 3652 3607 3722 discipulos
3635 3660 3835 3713 suos-ire

2251 3741 2390 3786 trans
2413 3737 2618 3804 fretum.
2650 3734 2720 3790 Et
2764 3738 3007 3793 accedens
3035 3740 3105 3793 ad
3129 3756 3244 3796 eunt
3287 3744 3501 3813 quidam
3543 3747 3733 3803 Scriba
3752 3752 3835 3815 sit,

2248 3821 2518 3894 Magister,
2552 3842 2733 3894 sequar
2756 3839 2804 3882 te
2830 3846 3145 3901 quocumque
3173 3835 3318 3900 ieris,
3350 3846 3405 3891 et
3433 3838 3649 3908 reliqua
3680 3840 3830 3911 (Ibid.

2254 3914 2318 3971 i8
2346 3924 2393 3971 et
2416 3916 2523 3987 I9).
2563 3918 2726 3977 Multa
2757 3920 3060 3990 incurrunt,
3093 3942 3214 3995 quae
3241 3941 3467 3984 sensum
3500 3946 3831 3988 communem

2247 4025 2469 4067 movere
2517 4025 2758 4082 possunt.
2793 4016 2872 4089 (τι)
2912 4018 3090 4081 Atque
3134 4036 3243 4076 non
3291 4037 3393 4078 nos
3433 4025 3833 4098 intelligentiam

2247 4100 2514 4173 ﬁngimus,
2570 4104 2666 4160 St‘d
2706 4118 2852 4177 gesta
2885 4110 2995 4179 ipsa
3020 4111 3432 4183 intelligentiam
3463 4117 3626 4173 nobis
3649 4121 3831 4190 imper-

2247 4194 2466 4250 tiuntur.
2500 4192 2684 4269 Neque
2714 4196 2856 4256 enim
2900 4218 2986 4258 res
3016 4203 3408 4277 intelligentizc,
3440 4208 3539 4265 sed
3575 4212 3655 4267 rei
3688 4211 3828 4268 intel-

2245 4289 2459 4359 ligentia
2490 4292 2869 4350 subsecundat.
2902 4295 3097 4352 Turba:
3121 4297 3303 4375 plures
3325 4309 3477 4368 sunt,
3505 4311 3565 4358 et
3590 4303 3672 4360 ire
3692 4317 3824 4359 trans

2244 4379 2436 4436 fretum
2483 4384 2745 4440 Dominus
2788 4384 3066 4457 discipulis
3112 4390 3378 4463 praecipit.
3424 4388 3545 4449 Non
3592 4394 3829 4452 existimo

2243 4470 2434 4530 cadere
2462 4478 2514 4528 in
2546 4474 2841 4533 Salvatoris
2870 4477 3198 4547 bonitatem,
3248 4490 3305 4538 ut
3343 4486 3829 4544 circumcursantes

548 4559 655 4600 non
684 4548 1075 4618 reperiendam.
1110 4563 1300 4611 etcum
1333 4555 1603 4612 Abraham
1629 4567 1685 4613 et
1713 4556 1867 4614 Isaac
1897 4568 1951 4614 et
1971 4553 2220 4618 JacobD
2245 4565 2546 4635 relinquere
2589 4570 2839 4634 voluerit,
2902 4580 2957 4628 et
2995 4582 3264 4630 secretum
3311 4576 3585 4644 quoddam
3616 4579 3697 4652 (In)
3737 4582 3828 4635 int-

546 4637 602 4693 in
651 4656 816 4711 regno
875 4644 1134 4701 caelorum
1185 4662 1251 4703 ex
1316 4649 1515 4705 ultimis
1561 4652 1810 4722 gentibus
1857 4655 2133 4723 quieturos

548 4728 710 4803 (Ibid.
744 4732 856 4803 11).
888 4735 1129 4793 Perfecta
1172 4741 1389 4812 quidem
1416 4752 1497 4798 est
1536 4743 1591 4799 in
1634 4759 1803 4815 puero
1840 4746 2133 4804 secundum

549 4822 817 4880 credentis
870 4825 1027 4883 ﬁdem
1075 4832 1273 4888 veritas
1319 4834 1566 4890 sanitatis
1599 4852 1612 4889 :
1642 4830 1735 4891 sed
1768 4839 2131 4915 praesentium

618 4982 696 5109 ((2
734 4984 1101 5056 Supplendum
1149 4989 1235 5048 hic
1270 4993 1501 5062 iubetur.
1548 4994 1685 5051 Tum
1736 4993 1995 5064 particula
2044 4993 2135 5049 sed

621 5072 651 5109 u
722 5056 842 5109 Par.
874 5072 1154 5109 Derneram
1186 5073 1450 5109 nnimom
1484 5075 1584 5109 ρςι-

550 5056 690 5132 apud
722 5056 842 5132 lfar.
874 5072 1154 5129 perperam
1186 5056 1451 5132 expuncta
1484 5075 1585 5120 est.

624 5126 705 5207 (bl
737 5126 885 5207 Lips;
933 5126 987 5184 et
1018 5133 1138 5207 i’a‘r.
1185 5126 1381 5193 curatio
1429 5139 1610 5205 populi
1636 5153 1655 5193 :
1681 5152 1866 5207 prave.
1920 5137 2135 5193 Planius

553 5194 679 5274 hmo
695 5197 763 5274 ita
791 5194 1040 5274 diceres:
1071 5203 1257 5274 Populi
1284 5209 1349 5260 de
1372 5194 1554 5264 inmite
1579 5194 1954 5267 descendentis
1979 5222 2135 5263 cura-

550 5266 694 5351 tioni
737 5269 788 5323 in
821 5270 1034 5351 leproso
1073 5266 1387 5344 signiﬁcatus
1431 5280 1672 5351 succedit
1716 5281 1863 5337 salus
1891 5281 2131 5351 gentium

548 5336 891 5421 prteﬁgurata
910 5340 966 5397 in
992 5336 1156 5413 pueri}
1184 5357 1302 5421 post
1323 5350 1581 5421 paralysis
1604 5336 2135 5419 sanitatemTQuame

550 5423 708 5491 quam
737 5409 811 5491 de
837 5409 1021 5470 nostro
1049 5409 1385 5487 reposuimus
1428 5409 1707 5491 paralysis,
1742 5409 1981 5477 maxime
2009 5437 2130 5479 cum

548 5480 603 5534 in
638 5496 739 5561 ins:
769 5481 899 5561 'I‘nr.
948 5480 1124 5543 exstet
1162 5480 1493 5561 paralyticis,
1524 5480 1614 5549 ubi
1657 5480 1710 5548 in
1736 5492 1894 5548 editis
1936 5503 1991 5551 et
2015 5493 2134 5551 aliis

545 5551 772 5631 scriptis
791 5553 1017 5631 habetur
1044 5551 1332 5631 paralytici:

623 5622 694 5693 (c)
734 5623 1018 5703 Beccensis
1044 5622 1215 5703 ἱ)οᾴθὶ
1240 5657 1257 5699 ,
1290 5650 1409 5688 nam
1454 5644 1564 5689 erat
1592 5650 1609 5689 :
1636 5650 1741 5690 non
1771 5634 1871 5693 sibi
1898 5644 2131 5703 constat,

543 5690 972 5817 92:34,}:“ime
1015 5690 1273 5787 θυδίίαῖιό
1340 5708 1456 5767 σωκ
1500 5707 1764 5773 crederet,
1822 5690 1955 5784 quid
1992 5690 2135 5766 an};

2246 4657 2535 4726 pertiendzc
2563 4659 2752 4717 salutis
2774 4663 2994 4733 eligere.
3021 4665 3221 4720 Deinde
3242 4671 3601 4739 consequitur
3625 4671 3824 4739 Scriba,

2239 4746 2425 4804 dicens
2470 4750 2784 4822 magistrum
2827 4766 2887 4809 se
2933 4770 3272 4829 quocumque
3320 4760 3442 4829 ierit
3481 4775 3825 4819 secuturum:

2237 4839 2335 4897 sed
2357 4841 2491 4899 nihil
2515 4859 2547 4900 a
2568 4842 2751 4901 Scriba
2777 4845 2976 4903 dictum
3000 4846 3269 4909 factumve
3289 4850 3509 4924 legitur,
3540 4856 3685 4927 quod
3712 4871 3825 4928 pos-

2311 4996 2393 5067 (d)
2433 4992 2596 5066 Editi,
2628 5000 2684 5055 in
2710 4998 2855 5057 Petri
2882 5002 3114 5072 domum,
3168 5005 3225 5061 id
3249 5015 3348 5072 est,
3377 5022 3586 5079 corpus.

2312 5090 2382 5167 (ε)
2408 5090 2580 5167 item.
2613 5110 2714 5149 ms.
2762 5097 3071 5167 apostolatu.
3106 5096 3294 5153 Hilarii
3327 5106 3567 5156 mentem
3596 5104 3819 5159 illustrat

2240 5154 2373 5216 illud
2408 5160 2706 5220 Innocentii
2734 5154 2891 5236 epist.
2925 5168 2991 5221 ad
3040 5169 3352 5224 Victrlcium
3379 5154 3823 5229 dicenti-invidebis;

2240 5241 2470 5314 tro,'per
2495 5250 2644 5314 quem
2668 5245 2715 5291 et
2747 5238 3066 5309 apostolatus
3090 5246 3138 5294 et
3161 5240 3492 5314 episcopatus
3534 5246 3589 5298 in
3629 5244 3821 5300 Christo

2238 5305 2389 5375 capit
2418 5305 2708 5361 exordium.

2312 5395 2376 5465 (γ’)
2417 5396 2542 5451 Mss.
2573 5396 2769 5468 Carm,
2800 5394 2979 5467 Colb.,
3012 5392 3184 5458 Vatic.
3218 5412 3273 5460 et
3291 5402 3452 5461 Rom.
3481 5400 3817 5462 ministeria...

2242 5476 2481 5537 aperatus
2507 5476 2597 5525 est.

2319 5561 2393 5632 (α)
2434 5560 2661 5645 Lip=._et
2690 5563 2831 5645 ΡΜ..
2856 5572 2910 5620 at
2955 5581 3057 5621 non
3103 5583 3217 5633 nos.
3249 5567 3382 5627 Bad.
3415 5579 3472 5629 et
3496 5571 3594 5629 Er.
3633 5572 3819 5645 adque

2241 5631 2498 5689 actinos:
2527 5631 2917 5706 refragantibus
2948 5652 3077 5693 mss.
3205 5631 3213 5633 ⁷
3514 5654 3521 5657 “

2242 5780 2266 5797 υ
2315 5727 2396 5803 (Ιι)
2424 5729 2556 5787 Bad.
2582 5739 2639 5787 et
2663 5731 2757 5791 Er.
2786 5733 3096 5806 imperanda:
3112 5733 3317 5791 salutis.
