3974 6198
94 278 192 335 957
991 273 1531 333 COMMENTARIUS
1564 273 1634 332 tu
1672 271 2101 332 nummum.
2142 273 2298 332 CAP.
2343 274 2477 332 vut.
3265 274 3369 330 ess

92 405 166 451 sct
194 391 487 451 oﬁ'eudcre.
519 391 783 449 Dominus
811 391 1109 462 respondit,
1149 390 1397 460 vulpibus
1428 404 1551 447 esse
1588 388 1669 445 fo-
1700 390 1757 451 Δ
1780 399 1939 460 caput
1970 391 2114 447 Deus
2158 391 2252 456 sit,
2283 406 2392 445 non
2433 392 2677 461 mperire
2700 392 2754 448 in
2802 408 2936 462 quos
2984 392 3242 447 etillOcata
3272 390 3365 446 Dei

87 503 226 556 reas,
250 496 300 540 et
325 484 456 542 caeli
484 484 789 543 volucribus
816 483 970 539 nidos
996 482 1332 554 quiescendi,
1356 480 1468 538 ﬁlio
1490 490 1673 537 autem
1777 483 2081 553 cognitione
2101 483 2439 553 requiescat:
2473 484 2708 545 invitatis
2733 484 2981 540 omnibus
3003 494 3063 539 ιιι
3086 484 3137 539 in
3160 499 3371 549 navent,

85 581 331 644 hominis,
380 593 500 649 quo
532 576 756 637 reclinet
779 586 939 648 caput
969 591 1175 649 suump
1198 576 1378 635 locum
1404 590 1525 632 esse
1554 574 1676 631 uul-
1779 575 1849 629 ita
1876 576 1929 630 in
1960 576 2292 641 Ecclesium;
2323 577 2509 646 paucis
2537 586 2685 633 metu
2715 576 2901 642 maris,
2950 576 3000 632 iti
3032 586 3115 632 est
3163 576 3368 647 satculi,

90 673 197 729 lum
227 670 385 742 (ibid.
426 668 539 742 20).
587 669 655 727 Et
703 669 1026 739 discipulum
1071 669 1393 739 postulasse,
1422 667 1539 725 dari
1571 669 1677 724 sibi

98 772 298 832 tempus
327 761 491 832 patris
516 759 808 831 sepeliendi
840 778 853 815 :
882 760 988 816 hoc
1018 769 1296 831 negatum,
1326 769 1381 815 et
1413 759 1483 829 pii
1514 769 1678 829 atque

98 854 311 911 humani
361 851 524 909 ofﬁcii
566 852 784 908 vetitam
812 852 1125 924 religionem
1163 851 1327 924 (Ibid.
1370 852 1434 909 2|
1481 863 1530 908 et
1557 850 1672 923 22).

98 947 231 1017 Ergo
259 961 438 1003 rerum
471 954 760 1009 tantarum,
790 955 844 999 et
866 953 972 1000 tam
1003 944 1341 1001 diversarum
1365 945 1504 1003 ratio
1547 960 1675 1016 pro-

98 1039 282 1097 menda
306 1047 386 1095 est
412 1055 426 1092 :
448 1046 609 1110 atque
647 1037 740 1105 ita,
781 1047 840 1093 ut
874 1037 1169 1094 secundum
1198 1038 1565 1093 continentem
1593 1052 1682 1093 re-

98 1147 208 1187 rum
231 1131 492 1192 ordinem,
528 1139 579 1187 et
603 1130 952 1202 gravissimas
981 1131 1222 1187 veritatis
1268 1132 1438 1199 ipsius
1462 1146 1677 1198 causas,

101 1222 361 1278 interioris
382 1221 752 1292 signiﬁcantiae
775 1221 1128 1292 intelligentia
1148 1222 1470 1292 explicetur.

169 1316 326 1391 702
365 1316 418 1370 9.
461 1313 721 1370 Fideliqu
753 1314 1010 1370 electionis
1036 1324 1211 1386 typus.
1240 1314 1489 1372 Ecclesiae
1513 1315 1679 1371 naris.

103 1437 168 1451 —-
197 1406 587 1479 Discipulorum
633 1421 833 1483 nomen
878 1422 984 1462 non
1045 1406 1098 1465 in
1140 1406 1425 1467 duodecim
1474 1418 1682 1465 tantum

103 1501 363 1574 ApoStolis
409 1502 613 1556 versari
675 1500 1092 1557 existimandum
1141 1511 1247 1559 est.
1299 1502 1433 1559 Nam
1487 1513 1684 1573 praeter

102 1595 397 1665 Apostolus,
432 1593 614 1665 plures
638 1593 804 1649 fuisse
832 1592 1123 1664 discipulos
1152 1596 1400 1668 legimus.
1438 1597 1514 1653 Ex
1536 1597 1685 1653 omni

104 1688 252 1759 igitur
281 1686 440 1743 turba
464 1686 710 1758 qtnedam
737 1685 853 1745 ﬁeri
880 1686 959 1761 (ι)
982 1687 1204 1756 iubetur
1224 1688 1420 1746 electio
1450 1708 1463 1743 :
1491 1705 1681 1747 eorum

1778 670 2065 726 secuturis.

1853 762 1939 817 li.
1984 762 2131 835 Patri
2148 762 2348 835 inﬁdeli
2377 779 2443 817 an
2461 767 2554 838 jus
2581 763 2635 818 in
2661 763 2825 835 ﬁlium
2843 762 3069 835 ﬁdelem.
3098 791 3170 804 -
3196 760 3370 818 Adest

1779 865 1901 929 post
1939 856 2056 912 haec
2093 855 2423 927 discipulus,
2480 872 2587 912 non
2633 857 2972 928 interrogans
3016 871 3083 911 an
3124 865 3379 925 sequatur

1783 949 1911 1021 (jam
1940 951 2085 1006 enim
2128 952 2279 1021 sequi
2307 959 2557 1023 aportere
2603 966 2662 1006 se
2690 950 2961 1019 credidit),
2995 947 3088 1005 sed
3136 947 3373 1021 permitti

1778 1044 1880 1100 sibi
1911 1060 2072 1099 orans
2099 1044 2329 1112 sepelire
2376 1053 2602 1115 patrem.
2654 1044 2974 1113 Accepimus
3004 1042 3056 1097 in
3087 1040 3372 1097 dominica:

1780 1138 2042 1193 orationis
2094 1136 2320 1193 exordio
2347 1179 2360 1201 ,
2413 1138 2481 1192 ita
2523 1139 2753 1209 primum
2803 1137 3127 1207 precantium
3169 1154 3181 1190 :
3215 1135 3375 1192 Pater

1781 1241 1967 1290 noster
1993 1233 2085 1305 qui
2116 1249 2175 1288 es
2216 1233 2269 1287 in
2295 1231 2451 1288 caelis
2478 1230 2693 1305 (Matth.
2724 1247 2800 1296 vr,
2829 1231 2910 1302 9).
2941 1231 3081 1302 Ergo
3110 1231 3228 1300 quia
3260 1244 3379 1285 cre-

1781 1326 1958 1382 dentis
1987 1325 2039 1380 in
2066 1325 2328 1395 discipulo
2361 1325 2537 1395 pepuli
2571 1339 2798 1396 persona
2825 1333 2928 1389 est,
2960 1323 3280 1377 admonetur
3311 1331 3370 1377 ut

1784 1418 2082 1472 meminerit
2113 1417 2253 1485 qttod
2285 1425 2438 1488 pater
2466 1416 2565 1472 sibi
2594 1415 2672 1489 (ά)
2699 1416 2849 1471 vivus
2881 1417 2933 1470 in
2963 1414 3115 1471 cos-lis
3143 1423 3245 1471 est.
3273 1413 3373 1470 Se-

1782 1511 1874 1584 qui
1900 1521 2078 1568 autem
2104 1511 2266 1585 703
2309 1512 2593 1567 Dominum
2623 1511 2857 1583 iubetur,
2889 1512 3009 1582 quia
3040 1520 3095 1566 et
3134 1510 3373 1577 volebat,

1784 1606 1857 1660 ita
1886 1611 1945 1659 ut
1974 1606 2168 1659 mortui
2202 1614 2469 1659 mortuum
2515 1604 2798 1674 sepeliant.
2830 1603 2937 1659 Sed
2988 1604 3193 1658 nullum
3236 1604 3382 1659 arbi-

1788 1707 1903 1752 tror
1946 1696 2180 1751 oﬁicittm
2207 1697 2510 1766 exepectari
2558 1713 2587 1751 a
2619 1698 2843 1753 mortuis
2888 1712 3067 1766 posse.
3098 1695 3383 1765 Quomodo

102 1779 310 1847 scilicet,
341 1779 431 1850 qui
468 1778 751 1835 Dominum
799 1794 893 1848 per
917 1780 1090 1837 multa
1136 1781 1318 1839 saeculi
1351 1781 1513 1851 huius
1540 1785 1683 1851 peri-

1808 1805 1922 1860 ergo
1953 1788 2147 1844 mortui
2176 1798 2417 1846 mortuos
2458 1789 2790 1846 ltnmabunt?
2818 1788 3057 1844 Primum
3105 1790 3266 1859 igitur
3294 1803 3383 1842 oss

103 1872 210 1928 cuia
256 1881 310 1931 et
346 1868 672 1942 jactationes
714 1882 898 1930 essent
946 1875 1206 1931 secuturi.
1252 1875 1498 1932 Ecclesia
1544 1879 1688 1934 enim

107 1966 263 2021 instar
284 1974 365 2021 est
408 1964 592 2033 navis,
618 1974 673 2023 et
695 1965 940 2036 plurimis
961 1967 1094 2025 locis
1118 1967 1189 2024 ita
1223 1976 1532 2038 nuncupata
1558 1979 1686 2026 εει-ι

107 2073 214 2129 quat
239 2056 595 2115 diversissimi
624 2058 843 2129 generis
889 2066 945 2114 et
969 2060 1146 2131 gentis
1178 2060 1252 2133 (ὁ)
1301 2071 1524 2116 vectore
1568 2077 1689 2121 sus-

108 2157 274 2220 cepto,
302 2148 546 2219 subjecta
578 2158 661 2204 est
703 2149 956 2211 omnibus
999 2160 1054 2206 et
1081 2160 1362 2207 ventorum
1393 2151 1608 2209 ﬂatibus
1633 2161 1709 2209 et‘

110 2243 261 2301 maris
280 2242 542 2299 motibus.
575 2242 752 2312 Atque
792 2244 862 2297 ita
892 2243 981 2299 illa
1006 2251 1063 2299 et
1090 2244 1273 2299 saeculi
1301 2253 1360 2301 et
1386 2244 1691 2303 immundo.

109 2351 215 2390 runt
240 2335 527 2409 Spirituum
570 2344 794 2395 vexatur
829 2336 1155 2393 incursibus.
1198 2337 1497 2407 Propositis
1543 2340 1688 2395 enim

112 2425 464 2495 periculorum
486 2427 727 2487 omnium
752 2427 1007 2493 motibus,
1030 2427 1229 2485 Cltristi
1253 2444 1468 2495 navem,
1501 2428 1554 2485 id
1581 2439 1688 2497 est,

115 2515 395 2573 Ecclesium
449 2517 736 2575 introimus
776 2519 1054 2575 :soientes
1096 2533 1196 2575 nos
1244 2520 1380 2577 mari
1423 2532 1695 2593 ventoque

110 2607 397 2680 jactandos.
426 2608 507 2667 Ut
535 2610 697 2681 igitur
723 2609 858 2665 ordo
889 2612 1083 2683 typiczc
1109 2612 1485 2682 signiﬁcantim
1512 2616 1695 2671 colite-

116 2710 266 2767 reret,
312 2709 610 2775 possetque
656 2701 880 2772 intelligi
934 2702 1171 2759 ﬁdelium
1203 2706 1378 2773 portio
1428 2720 1693 2762 conscen.

118 2792 338 2849 dentium
392 2810 627 2861 navem,
674 2805 727 2850 et
759 2794 1055 2851 inﬁdelium
1103 2788 1256 2853 turba
1304 2797 1693 2869 residentiunt;

119 2888 305 2946 Scriba:
330 2899 384 2949 et
408 2890 664 2962 discipuli
697 2904 927 2962 persona
955 2892 1313 2964 subiungitur.

187 2986 265 3042 ll).
305 2984 499 3042 Scriba
528 2984 705 3045 doctor
726 2985 876 3058 tegis,
898 2984 1133 3055 inﬁdeles
1154 2986 1444 3041 adumbrat.
1480 2987 1695 3057 Vulpes,

119 3078 587 3151 pseudopropheue.
667 3077 915 3137 Volucrss
965 3080 1079 3137 caeli
1107 3120 1122 3145 ,
1185 3079 1461 3135 «latinam.
1533 3081 1700 3153 Caput

123 3174 297 3234 Christi
328 3174 493 3231 Deus.
529 3172 716 3231 Omnes
744 3173 800 3226 in
821 3169 1105 3229 Ecclesium
1127 3171 1349 3227 invitati.
1380 3199 1452 3214 --
1482 3170 1551 3228 Et
1580 3173 1700 3243 qui-

121 3273 229 3333 dem
257 3272 469 3337 Scriba,
500 3267 591 3338 qui
619 3274 704 3323 est
725 3279 866 3321 unus
891 3279 956 3321 es
994 3263 1305 3320 doctoribus
1346 3264 1501 3335 legis,
1532 3280 1598 3321 an
1630 3266 1701 3322 sit

122 3378 384 3425 secuturus
411 3364 735 3429 interrogat.
766 3356 929 3425 Quasi
976 3370 1104 3412 vero
1132 3356 1251 3427 lege
1273 3372 1378 3411 non
1409 3357 1550 3413 hunc
1578 3372 1701 3416 esse

124 3459 397 3522 Christum.
428 3468 598 3527 quem
626 3451 780 3524 sequi
811 3456 957 3506 esset
990 3449 1143 3513 utile.
1176 3449 1564 3505 continuaretur.
1598 3451 1704 3521 lgi-

125 3561 202 3607 tur
230 3546 561 3608 inﬁdelitatis
607 3544 858 3603 allectum
905 3542 1009 3599 sub
1058 3540 1352 3599 difﬁdentia
1405 3541 1703 3614 interroga-

126 3646 271 3702 tionis
313 3640 623 3714 expressit:
654 3637 777 3709 quia
825 3634 952 3693 ﬁdei
991 3635 1289 3705 assumptio
1317 3649 1425 3690 non
1477 3636 1704 3691 interro-

125 3737 281 3808 ganda
308 3744 411 3800 est,
460 3732 558 3791 sed
589 3728 882 3801 sequenda.
912 3727 985 3785 Ut
1029 3735 1207 3783 autem
1252 3727 1442 3783 eadem
1476 3728 1704 3784 interro-

125 3832 257 3901 gatio
302 3823 638 3886 inﬁdelitatis
687 3831 835 3880 esset
897 3820 1083 3891 punita
1137 3819 1377 3890 judicio;
1442 3820 1704 3887 Dominus

126 3920 410 3991 respondit,
445 3918 635 3988 vulpes
656 3914 855 3973 habere
877 3912 1081 3979 foveas,
1109 3920 1164 3969 et
1192 3915 1440 3969 volucres
1469 3914 1594 3971 coeli
1620 3915 1708 3970 ni-

127 4014 216 4071 dos
240 4015 430 4087 quibus
457 4010 823 4080 requieseant,
875 4006 1109 4064 bominis
1154 4015 1331 4063 autem
1382 4006 1550 4063 ﬁlium
1598 4024 1707 4065 non

129 4107 312 4162 habere
337 4106 427 4163 ubi
459 4112 621 4173 caput
666 4116 823 4159 suum
873 4099 1120 4156 reclinet.
1156 4099 1230 4173 (α)
1264 4100 1463 4172 Vulpes
1486 4110 1570 4161 est
1595 4102 1710 4157 ani-

129 4198 226 4253 mal
253 4198 567 4253 insidiosum
587 4236 602 4261 ,
634 4195 774 4249 circa
803 4192 1087 4248 domorum
1119 4208 1179 4247 se
1206 4194 1462 4248 occulens
1500 4193 1706 4261 foveas,

1792 1880 1984 1947 tendit,
2016 1880 2306 1951 perlectam
2331 1880 2387 1935 in
2417 1896 2476 1936 se
2504 1881 2661 1937 ﬁdem
2693 1880 2837 1936 nulla
2868 1880 3142 1936 saecularis
3170 1878 3223 1934 in
3251 1880 3384 1934 alte-

1791 1988 1910 2031 rum
1939 1971 2103 2029 ofﬁcii
2151 1972 2414 2045 religione
2456 1988 2578 2029 esse
2625 1970 2929 2028 devinctam
2969 1969 3207 2025 :dcinde
3238 1971 3379 2026 inter

1792 2065 2002 2123 ﬁdelem
2044 2067 2211 2121 ﬁlium
2244 2076 2561 2137 patremque
2600 2062 2871 2120 inﬁdelem
2913 2065 3000 2134 jus
3046 2063 3250 2135 paterni
3284 2078 3381 2116 no-

1791 2159 1954 2216 minis
1984 2175 2088 2214 nou
2122 2157 2367 2227 relinqui.
2412 2157 2530 2213 Non
2573 2157 2733 2228 igitur
2761 2155 3076 2227 obsequium
3122 2153 3381 2208 humandi

1790 2253 1958 2325 patris
1982 2250 2195 2321 negavit
2223 2268 2236 2305 :
2266 2244 2361 2305 sed
2385 2248 2653 2310 addendo.
2687 2245 2895 2302 Dimitte
2917 2257 3141 2301 mortuos
3170 2244 3388 2316 sepelire

1791 2356 2019 2400 mortuos
2039 2359 2179 2408 suos,
2203 2341 2484 2398 admonuit
2507 2356 2610 2396 non
2631 2339 2915 2396 admisceri
2938 2338 3212 2395 memoriis
3232 2353 3388 2394 sanc-

1794 2445 1971 2492 torum
2002 2444 2243 2491 mortuos
2285 2433 2527 2490 inﬁdeles
2553 2450 2565 2487 2
2595 2442 2835 2487 mortuos
2878 2441 3054 2487 autem
3096 2431 3256 2486 etiam
3289 2444 3385 2484 eos

1794 2542 1947 2592 esse,
1977 2528 2069 2598 qui
2093 2538 2243 2584 extra
2274 2526 2441 2581 Deum
2471 2525 2674 2580 vivant.
2709 2523 2774 2579 Et
2801 2522 3002 2579 idcirco
3031 2531 3211 2578 mutua
3244 2537 3389 2576 mor-

1796 2622 1902 2680 tuis
1927 2620 2103 2675 ofﬁcia
2129 2617 2500 2688 relinquenda,
2526 2624 2587 2673 ut
2612 2616 2808 2672 mortui
2836 2616 3164 2687 sepeliantur
3187 2630 3215 2668 a
3243 2629 3389 2668 mor-

1796 2717 1903 2772 tuis
1935 2730 1948 2768 :
1980 2714 2101 2785 quia
2152 2727 2249 2783 per
2295 2711 2386 2768 Dei
2436 2710 2596 2767 ﬁdem
2643 2701 2793 2765 vivos
2840 2707 2961 2763 vivo
3005 2714 3251 2777 oporteat
3295 2704 3388 2759 ad-

1797 2809 2027 2866 haerere.

2390 2916 2619 2977 CAPUT
2658 2916 2792 2973 Vill.

1800 3038 1881 3097 De
1905 3037 2170 3108 discipulis
2207 3036 2261 3092 in
2290 3036 2408 3091 navi
2452 3032 2791 3090 excitantibus
2835 3030 3036 3094 Iesum,
3087 3028 3151 3081 de
3195 3026 3394 3081 duobus

1726 3146 1774 3215 ο
1875 3130 2204 3187 dwmoniacis
2230 3129 2283 3182 in
2310 3137 2442 3181 terra
2475 3124 2874 3190 Gerasenorum,
2897 3120 2962 3175 de
2994 3120 3281 3192 paralytico
3300 3134 3394 3183 cu-

1875 3233 1987 3279 rato
2009 3231 2054 3276 et
2085 3222 2267 3277 lectum
2297 3221 2578 3292 auferente.

1877 3364 1930 3418 1.
1970 3359 2202 3416 Christus
2248 3355 2456 3427 quando
2504 3363 2550 3407 et
2592 3360 2779 3424 quanto
2819 3349 3049 3423 periculo
3094 3348 3314 3403 dormiat
3343 3346 3397 3401 in

1805 3455 1969 3511 nobis.
2001 3482 2073 3495 --
2101 3450 2168 3505 Et
2205 3448 2506 3504 ascendente
2557 3462 2615 3499 eo
2652 3445 2707 3498 in
2760 3438 3067 3508 nauiculam,
3100 3441 3255 3495 secuti
3279 3448 3398 3495 sunt

1806 3563 1918 3602 eunt
1949 3544 2209 3617 discipuli.
2261 3541 2325 3596 Et
2364 3554 2477 3594 eoeo
2504 3545 2773 3610 tempestas
2813 3550 2997 3605 magna
3047 3536 3182 3603 facta
3226 3541 3299 3587 est
3345 3534 3397 3588 tu

1807 3640 1961 3705 mari,
2003 3646 2058 3693 et
2087 3632 2291 3706 reliqua
2341 3630 2570 3706 (Matth.
2602 3642 2717 3694 vni,
2747 3627 2821 3682 23
2863 3637 2909 3681 et
2948 3623 3149 3697 seqq.).
3197 3622 3398 3679 Navem

1808 3727 2086 3797 discipulis
2125 3725 2466 3796 lntrogressis
2506 3728 2797 3789 tempestas
2837 3717 3028 3783 oritur,
3062 3730 3210 3773 mare
3250 3730 3401 3771 com-

1810 3829 2077 3886 movetur,
2104 3818 2415 3889 navigantes
2441 3813 2741 3871 turbantur.
2767 3812 2887 3884 ipse
2907 3825 3037 3865 vero
3056 3824 3248 3863 somno
3271 3822 3402 3862 con-
3495 3878 3501 3884 θ

1811 3916 2017 3987 sopitus
2037 3913 2106 3986 (ε)
2142 3913 2444 3968 timentium
2468 3918 2615 3965 metu
2634 3901 2918 3971 exciiatur,
2951 3916 3137 3961 oratur
3155 3913 3212 3959 ut
3241 3918 3398 3971 opem

1811 4010 2019 4067 afferat.
2049 4009 2115 4064 Et
2157 4005 2434 4075 increpitis
2478 4004 2544 4059 iis
2571 4002 2711 4072 quod
2759 3999 2984 4054 modicte
3028 4005 3213 4053 essent
3254 3996 3399 4059 ﬁdei,

1811 4113 1973 4161 vento
1999 4111 2054 4157 ct
2088 4102 2227 4156 mari
2253 4097 2694 4169 tranquillitatem
2724 4091 3027 4163 imperavit,
3061 4080 3130 4163 (ιθ)
3160 4104 3278 4145 cum
3307 4089 3401 4143 ad-

1812 4196 2097 4253 miratione
2124 4191 2401 4246 hominum
2447 4187 2729 4259 prmceptis
2769 4185 2884 4255 ejus
2921 4193 3140 4238 ventum
3170 4191 3224 4237 et
3253 4196 3404 4237 mare

129 4302 177 4347 et
209 4291 517 4348 domesticis
563 4287 748 4343 avibus
792 4286 1099 4341 insidians:
1128 4294 1291 4357 atque
1340 4285 1446 4341 hoc
1492 4288 1697 4343 nomint

1814 4289 2080 4348 obedisse.
2116 4287 2282 4358 igitur
2312 4283 2606 4339 secundum
2648 4279 2763 4334 hace
2789 4278 3058 4343 ecclesiae,
3088 4276 3227 4332 intra
3270 4291 3404 4345 quas

129 4380 619 4453 pseudoprophclas
668 4377 963 4447 nuncupari
1014 4376 1217 4448 aliquot
1272 4376 1408 4432 locis
1459 4377 1706 4448 legimus.
1812 4385 2036 4442 verbum
2063 4371 2919 4450 Deinonvigilaverit,naufragm
2940 4380 3238 4425 sunt:non
3261 4367 3404 4439 quod

130 4476 375 4532 Volucres
402 4480 582 4530 autem
603 4472 724 4528 cmli
744 4485 890 4542 saepe
919 4485 1142 4527 numero
1167 4468 1472 4527 immundos
1492 4472 1715 4540 spiritus
1741 4533 1780 4542 _
1814 4478 2061 4535 Christus
2085 4477 2137 4532 in
2161 4488 2406 4530 somnum
2436 4471 2706 4527 relaxetur
2725 4510 2739 4531 ,
2781 4465 3042 4534 sedquod
3065 4478 3257 4519 somno
3285 4476 3412 4517 nos.

130 4566 485 4640 cognominari
531 4533 839 4621 didicimus:
887 4562 979 4619 Dei
1032 4576 1163 4631 ergo
1208 4561 1347 4617 ﬁlius
1389 4533 1712 4631 paucitatem
1741 4533 1790 4595 θ
1816 4533 2275 4638 tro'consoplatur
2301 4566 2353 4620 in
2387 4563 2561 4619 nobis.
2582 4561 2811 4617 Maxime
2830 4533 3007 4613 autem
3028 4555 3159 4612 illud
3191 4554 3407 4621 accidit,

132 4658 464 4732 sequentium
498 4665 787 4723 contuens,
819 4663 874 4710 et
910 4653 1133 4708 doctore
1162 4654 1295 4723 legis
1340 4654 1616 4712 difﬁdente
1644 4673 1712 4714 an
1814 4671 1925 4719 uta
1951 4661 2059 4716 Deo
2086 4661 2163 4730 (ρ)
2206 4658 2468 4729 prtecipne
2497 4656 2548 4709 in
2603 4652 2827 4723 periculi
2878 4659 3020 4705 metu
3047 4658 3099 4705 et
3126 4649 3410 4703 vexatione

133 4760 438 4823 sequeretur
500 4749 702 4819 ipsum,
754 4744 1046 4817 exprobrat
1093 4743 1573 4817 pseudoprophetis
1593 4762 1717 4805 esse
1817 4767 2115 4825 speremus.
2150 4752 2322 4820 Atque
2347 4749 2550 4804 utinam
2582 4745 2663 4800 vel
2688 4759 2814 4812 Spes
2852 4757 2968 4798 sera
3005 4740 3236 4795 conﬁdat
3281 4753 3405 4793 scso

131 4843 324 4911 foveas,
347 4854 401 4900 et
422 4840 714 4898 immundis
735 4838 1008 4909 spiritibus
1029 4835 1184 4893 nidos
1200 4838 1544 4907 quiescendi;
1565 4841 1708 4911 quod

134 4945 273 4991 extra
317 4951 508 4991 navem
536 4934 731 4998 relicti,
779 4932 962 4999 idest,
991 4940 1142 4986 extra
1192 4929 1487 4986 Ecclesium
1531 4934 1712 5003 positi,

134 5025 296 5084 eﬁ'ectl
324 5028 433 5084 sint
465 5026 729 5083 incolatus
772 5022 1396 5096 psettdopropbetarum,
1426 5034 1478 5079 et
1509 5024 1716 5083 habita-

133 5123 204 5177 tio
227 5123 528 5179 dmutonum
562 5140 575 5177 :
609 5120 773 5176 ﬁlium
805 5126 983 5175 autem
1012 5118 1271 5186 hominis,
1306 5134 1366 5176 se
1400 5121 1608 5180 scilicet
1630 5128 1719 5184 cui

197 5290 268 5363 (ᾳ)
305 5289 363 5347 lit
393 5289 646 5363 vulgatis,
678 5288 895 5344 videtur.
928 5287 995 5363 At
1034 5286 1092 5363 in
1131 5299 1265 5363 mss.
1304 5286 1537 5363 jubetur,
1585 5302 1719 5357 quos

133 5356 286 5416 modo
314 5361 444 5416 etin
472 5356 627 5417 sacro
659 5368 827 5424 textu,
848 5359 1009 5432 jussit
1038 5356 1320 5427 discipulos
1335 5373 1456 5411 suos
1482 5357 1557 5412 ire
1576 5356 1716 5415 trans

157 5444 256 5488 retu
263 5451 309 5487 m
317 5473 331 5490 ο

134 5434 413 5572 Ιηὲἕῖιῇῑο
434 5510 492 5557 ut
518 5502 653 5558 infra
674 5499 811 5556 (εδει
826 5542 839 5563 .
878 5516 932 5554 ιι.
955 5497 1012 5566 2,
1039 5506 1205 5572 vector
1226 5498 1442 5569 passive
1461 5497 1715 5559 sumitur.

228 5569 275 5636 ε)
316 5573 444 5628 Mss.
480 5587 691 5629 summo
717 5586 1006 5636 consensu,
1037 5569 1226 5629 culpis.

228 5576 275 5643 c)
316 5576 444 5628 Mss.
480 5587 691 5629 summo
717 5586 1006 5636 consensu,
1037 5576 1226 5629 culpis.

204 5576 283 5710 id)
325 5642 491 5708 Editi,
542 5660 674 5699 unus
702 5644 754 5697 in
799 5642 942 5696 carlis
982 5650 1073 5699 est.
1108 5638 1331 5710 Rectius
1374 5654 1505 5710 mss.
1553 5639 1713 5708 virus,

138 5708 255 5784 puta
286 5714 405 5770 loco
456 5715 649 5772 mortui
681 5732 695 5770 :
725 5721 779 5770 et
808 5714 930 5780 hoc,
974 5713 1094 5784 quia
1122 5729 1217 5784 per,
1243 5708 1338 5784 Dei
1382 5708 1536 5783 ﬁdem
1578 5713 1718 5775 vivos

137 5780 241 5845 vivo
269 5796 501 5861 aporteat
528 5784 811 5854 adhwrere,
838 5794 895 5841 ut
922 5780 1059 5842 infra
1085 5780 1393 5859 sttbjlcitur.‘
1669 5782 1672 5787 ‘
1699 5784 1705 5789 '

1821 4846 2117 4919 periculum
2146 4857 2304 4922 posse
2331 4840 2584 4904 evadere,
2608 4832 2815 4893 'Cltristi
2847 4834 2926 4908 (lt)
2953 4834 3092 4888 intra
3122 4849 3182 4888 se
3212 4832 3409 4887 virtute

1818 4939 2093 5011 vigilante.
2124 4936 2445 5006 Perpetuam
2489 4941 2669 4986 autem
2701 4928 2856 4984 nobis
2885 4923 3271 4997 obiurgationis
3298 4940 3412 4979 sure

1819 5030 2248 5089 recordationem
2279 5025 2513 5093 reliquit,
2545 5021 2753 5078 dicens:
2788 5018 3008 5075 Mediae
3028 5019 3172 5093 ﬁdei,
3203 5016 3325 5091 quid
3348 5018 3414 5073 ti-

1819 5126 1947 5185 midi
1970 5123 2089 5181 estis
2110 5117 2196 5192 -(l
2204 5118 2308 5177 bid.
2336 5116 2467 5188 26)?
2495 5122 2698 5171 metum
2721 5111 2931 5169 scilicet
2964 5122 3204 5167 motuum
3237 5124 3411 5167 sarcus

1897 5288 1971 5362 (ε)
2011 5283 2362 5342 Carnutensis
2390 5278 2560 5336 codex
2584 5290 2704 5333 cum
2726 5290 2836 5330 uno
2861 5273 3012 5329 Colb.
3048 5271 3372 5362 compositus.

2004 5378 2160 5440 Illud.
2182 5373 2697 5455 ⁸αειιηι.ςιάηιξηιεὶᾳηε
2718 5367 3001 5434 hominum,
3032 5363 3273 5421 eumdem
3305 5358 3415 5414 vim

1821 5441 1985 5508 habet
2014 5466 2094 5512 ac.
2123 5446 2448 5504 mirantibus
2477 5441 2806 5497 hominibus.

1898 5542 1975 5616 (g)
2015 5542 2225 5616 Latinio
2267 5536 2591 5606 coniectanti
2619 5531 2904 5604 legentium
2945 5543 3065 5584 esse
3113 5522 3412 5595 prwsidium

1819 5614 1929 5672 non
1953 5614 2311 5685 suffragantur
2340 5624 2473 5665 mss.

1913 5705 1994 5780 (h)
2037 5681 2287 5780 Vulgati,
2338 5704 2474 5758 intra
2522 5716 2616 5755 nos
2640 5693 2895 5753 servitute
2935 5687 3173 5765 vigilante
3199 5698 3219 5739 :
3247 5681 3421 5773 cerris

1837 5776 2034 5854 guntur
2057 5776 2375 5837 anetoritate
2395 5786 2524 5829 mss.
