3974 6198
523 267 632 329 959

1711 272 1956 331 SANCTI
1985 271 2236 328 HILARII
2268 273 2572 335 EPISCOPI

3727 283 3826 340 9ίο

524 384 741 455 larium,
788 401 911 443 cum
956 388 1150 458 quibus
1178 388 1252 463 (a)
1283 389 1484 447 Christi
1508 388 1638 446 fides
1679 388 1883 460 vigilet,
1916 388 2120 444 nullum
2150 391 2204 449 Α
2230 393 2508 459 praesentis
2535 393 2809 452 infestam.
2839 397 3003 468 Igitur
3031 408 3089 454 ut
3109 408 3254 456 esset
3283 399 3339 455 in
3367 398 3542 454 rebus
3575 399 3824 470 gerendis

525 490 650 534 esse
680 486 950 548 oportere.
1457 539 1472 552 ο

598 567 654 622 2.
695 567 954 640 Discipuli
983 587 1074 626 cur
1091 575 1204 646 jam
1234 573 1461 630 homines
1480 616 1494 641 ,
1541 591 1642 629 non
1667 573 1910 643 discipuli
1947 575 2126 628 dican-

529 667 630 712 tur.
677 689 747 698 —
795 659 1156 732 Consequitur
1185 662 1381 719 deinde
1413 665 1690 720 hominum
1732 665 2018 720 admiratio
2046 665 2129 720 di-

533 749 793 804 centium:
828 750 1011 816 Qualis
1041 755 1127 808 hic
1154 755 1304 810 homo
1326 766 1422 823 est,
1449 759 1587 830 quod
1607 759 1740 812 venti
1770 767 1817 812 et
1845 775 1984 812 mare
2010 758 2129 812 obe-

531 842 680 896 dinnt
723 843 770 897 ei
830 842 992 917 (Ibid.
1031 845 1165 918 27)?
1215 847 1330 904 Non
1361 848 1747 920 discipulorum
1795 849 1883 905 hic
1926 866 2128 916 sermo,

531 934 629 990 sed
671 937 910 1006 gentium
957 949 1058 994 est.
1109 939 1241 996 Nam
1288 957 1410 997 cum
1456 945 1706 1014 superius
1737 953 1793 999 et
1835 944 2129 1014 discipulos

533 1035 740 1083 tantum
771 1046 960 1085 navent
991 1031 1266 1099 introisse,
1300 1045 1352 1088 et
1391 1051 1420 1088 a
1448 1035 1729 1106 discipulis
1752 1046 1957 1091 tantum
1983 1037 2132 1091 exci-

443 1148 446 1152 ι
538 1127 705 1175 tatum
754 1136 873 1177 esse
915 1123 1172 1190 dixisset;
1207 1141 1350 1182 nunc
1391 1126 1688 1183 admiratos
1736 1143 1856 1184 esse
1883 1127 2133 1183 homines

537 1214 824 1284 significat,
859 1215 932 1287 (b)
961 1216 1269 1273 hominibus
1312 1220 1582 1276 hominem
1614 1218 1776 1292 704
1814 1220 1866 1274 in
1897 1221 2008 1290 ipsa
2035 1220 2131 1274 atl-

540 1307 828 1362 miralione
873 1309 1194 1364 dicentibus.
1225 1311 1342 1379 Qua
1373 1313 1649 1367 nominum
1672 1311 2030 1366 conversione
2052 1313 2136 1366 in-

541 1397 820 1468 telligitur,
866 1400 1045 1455 omnia
1074 1417 1237 1470 opera
1269 1403 1491 1470 Christi,
1541 1418 1836 1473 omnesque
1883 1403 2002 1471 ejus
2030 1403 2136 1456 vir-

544 1498 686 1544 tutes
730 1500 786 1544 ut
830 1491 922 1546 Dei
967 1507 1089 1547 esse
1137 1493 1428 1548 laudaudas
1471 1495 1641 1566 :quia
1691 1494 1885 1564 piaculi
1923 1494 2140 1564 gentilis

543 1583 940 1654 miserrimique
985 1588 1184 1642 erroris
1227 1588 1508 1643 stultitiam
1553 1589 1936 1654 demonstrat,
1985 1588 2129 1658 quod

543 1687 667 1727 eum
699 1689 764 1728 ex
798 1674 1097 1732 humilitate
1131 1678 1393 1746 passionis
1426 1680 1697 1735 hominem
1725 1681 1902 1751 potius
1929 1695 2133 1736 nuneu-

545 1774 695 1834 pent,
727 1782 888 1836 quam
916 1783 980 1822 ex
1015 1770 1297 1825 virtutibus
1329 1773 1514 1826 Deum.

618 1860 671 1913 3.
707 1857 778 1913 Et
807 1875 924 1913 cum
945 1862 1161 1916 venisset
1189 1872 1332 1917 trans
1365 1866 1549 1934 fretum
1573 1866 1627 1918 in
1651 1866 1908 1936 regionem
1932 1864 2149 1920 Gerase-

548 1966 752 2011 norum,
784 1963 1116 2006 occurrerunt
1148 1954 1194 2006 ei
1223 1954 1327 2008 duo
1359 1953 1594 2010 homines
1623 1957 1878 2010 dwmonia
1909 1956 2148 2012 habentes

549 2041 614 2094 de
654 2045 994 2097 monumentis
1041 2056 1309 2111 exeuntes,
1343 2049 1618 2116 periculosi
1658 2049 1832 2114 nimis,
1863 2057 1918 2103 et
1947 2049 2151 2118 reliqua

550 2129 716 2203 (Ibid.
743 2129 857 2203 “28).
893 2134 1063 2188 Duum
1095 2135 1371 2191 hominum
1404 2153 1664 2194 occursus
1685 2180 1700 2206 ,
1743 2139 2049 2196 daemonum
2097 2142 2148 2196 in

551 2224 687 2280 duos
729 2226 976 2284 homines
1022 2229 1180 2299 longa
1218 2233 1511 2301 possessio,
1555 2241 1612 2288 et
1640 2234 1940 2304 periculosa
1971 2243 2150 2290 trans-

551 2319 804 2375 euntibus
860 2322 968 2384 via,
1018 2331 1073 2378 ct
1100 2325 1488 2396 transfugiendi
1517 2327 1569 2382 in
1599 2342 1794 2398 porcos
1821 2327 2149 2398 deprecatio,

553 2421 608 2466 et
657 2414 898 2483 purgatis
942 2413 1248 2471 hominibus
1276 2419 1454 2488 gregis
1493 2418 1662 2489 ipsius
1700 2434 1797 2490 per
1826 2435 2068 2490 princeps
2099 2420 2151 2474 iu

554 2522 704 2562 mare
731 2523 909 2576 casus,
941 2510 1140 2566 dehinc
1181 2521 1458 2582 pastorum
1492 2516 1547 2570 in
1579 2515 1837 2586 oppidum
1870 2514 1991 2586 fuga
2012 2557 2026 2583 ,
2051 2529 2152 2587 po-

558 2605 666 2674 puli
709 2606 776 2661 de
821 2607 1044 2664 civitate
1087 2625 1426 2680 progressus,
1470 2620 1527 2668 et
1568 2628 1634 2668 ne
1671 2612 1862 2668 urbem
1897 2613 2154 2668 Dominus

557 2698 730 2754 adiret
758 2700 972 2770 legatio,
1007 2714 1058 2758 et
1090 2703 1297 2760 reditus
1327 2707 1444 2775 ejus
1475 2706 1525 2760 in
1560 2708 1809 2776 patriam,
1842 2713 1897 2760 et
1929 2707 2039 2761 illic
2063 2722 2154 2776 pa-

559 2793 768 2865 ralytici
798 2794 850 2848 iu
879 2796 1020 2851 lecto
1042 2797 1278 2867 jacentis
1308 2800 1507 2853 oblatio
1527 2841 1540 2865 ,
1573 2808 1626 2854 et
1659 2798 1731 2870 (c)
1764 2815 1860 2868 pro
1889 2799 2009 2853 fidei
2041 2814 2153 2853 meo

560 2887 664 2941 ritn
692 2882 744 2942 in
788 2896 1031 2957 tempore
1061 2891 1180 2960 ipso
1219 2900 1560 2960 peccatorum
1600 2894 1876 2956 remissio,
1920 2900 1976 2947 et
2006 2907 2154 2946 mur-

563 2995 687 3034 mur
727 2979 1059 3047 Scribarum,
1115 2991 1170 3036 et
1209 2984 1424 3038 virtutis
1463 2983 1756 3047 conlcssio,
1788 2990 1842 3038 et
1879 2983 2154 3054 paralytici

563 3075 722 3128 etiam
764 3077 865 3128 sub
891 3089 1056 3138 onere
1087 3075 1269 3130 lectuli
1303 3079 1354 3130 in
1377 3076 1597 3130 domum
1629 3074 1866 3141 reditus,
1894 3083 1949 3130 et
1980 3075 2157 3130 homi-

563 3180 688 3219 num
713 3164 1019 3234 admiratio,
1048 3167 1184 3222 hanc
1209 3167 1408 3223 habent
1431 3183 1670 3222 causam.

632 3259 688 3313 4.
727 3258 994 3314 Dwutones
1020 3278 1048 3315 e
1089 3261 1322 3331 gentibus
1367 3263 1569 3333 expulsi
1601 3261 1868 3317 hwreticos
1909 3263 2149 3316 obtinent.

562 3345 794 3404 Christus
833 3367 864 3403 a
895 3349 1098 3406 Iudicis
1139 3355 1439 3424 repudiatus
1471 3371 1593 3409 amr
1641 3371 1708 3410 an
1738 3368 1970 3411 camus.
1995 3385 2064 3398 —
2096 3356 2151 3411 lu

557 3445 784 3499 exordio
810 3446 1277 3516 generis-humani
1317 3451 1369 3502 in
1413 3457 1524 3504 tres
1555 3449 1653 3504 fuit
1694 3448 1912 3504 humani
1941 3451 2158 3520 generis

558 3535 772 3603 divisio,
801 3537 913 3594 Noe
940 3541 1150 3596 scilicet
1192 3541 1354 3607 filios,
1376 3557 1442 3597 ex
1473 3543 1668 3612 quibus
1698 3543 1995 3600 secundum
2029 3558 2154 3613 pro-

561 3629 800 3698 phetiam
831 3629 1080 3698 Genesis,
1110 3631 1237 3688 Sem
1269 3633 1320 3687 in
1355 3634 1753 3703 possessionem
1790 3634 1882 3691 Dei
1917 3634 2158 3690 delectus

560 3729 662 3775 est.
695 3721 861 3776 Extra
894 3724 1082 3778 urbem
1111 3735 1314 3788 autem,
1348 3725 1399 3779 id
1429 3736 1546 3791 est,
1577 3733 1729 3782 extra
1776 3726 1910 3797 legis
1938 3736 1994 3781 et
2031 3742 2158 3797 pro-

561 3811 847 3883 phetarum
879 3830 1202 3885 synagogam
1231 3858 1244 3880 ,
1272 3817 1409 3871 duos
1440 3817 1687 3873 homines
1718 3819 1770 3872 in
1801 3820 2164 3875 monumentis

567 3903 843 3958 daemones
870 3905 1186 3960 detinebant
1221 3925 1232 3959 :
1268 3907 1494 3962 duarum
1538 3910 1748 3962 scilicet
1781 3913 2024 3978 gentiqu
2054 3912 2163 3966 ori-

562 3997 713 4067 gines
738 3997 875 4054 intra
892 3998 1267 4055 defunctorum
1298 4001 1455 4056 sedes
1475 4009 1880 4058 etmortuorum
1909 4005 2162 4074 reliquias

562 4089 927 4159 obsederant,
987 4092 1287 4149 efficientes
1339 4093 1798 4165 praetereuntibus
1845 4095 1985 4151 viam
2038 4097 2162 4150 vita:

637 4279 714 4353 (a)
753 4281 858 4336 Sex
887 4297 1015 4354 mss.
1041 4281 1276 4336 Christus
1301 4281 1515 4354 vigilet:
1549 4296 1654 4354 non
1686 4281 1794 4335 alio
1817 4295 2004 4346 sensu,
2032 4296 2154 4354 cum

564 4352 843 4408 secundum
873 4352 1026 4422 [idem
1071 4364 1299 4406 nostram
1329 4352 1417 4406 aut
1446 4353 1736 4423 vigilantem
1765 4364 1854 4406 aut
1897 4352 2158 4406 dormien-

567 4437 687 4484 tem,
713 4435 764 4477 et
790 4424 928 4477 Deus
948 4434 1001 4478 et
1025 4423 1275 4478 Christus
1297 4425 1349 4478 iu
1375 4425 1527 4478 nobis
1552 4423 1770 4494 vigilent
1792 4433 1846 4478 et
1865 4423 2150 4487 dormiant,

2227 480 2389 538 futuri
2421 485 2580 554 plena
2627 488 2926 555 meditatio,
2958 492 3194 546 venienti
3229 491 3461 546 Domino
3499 490 3618 546 duo
3663 490 3824 545 homi-

2229 592 2324 633 nes
2348 590 2639 635 occurrunt
2667 597 2680 635 :
2713 591 2774 637 ut
2794 598 3022 639 occursu
3050 599 3258 652 eorum,
3282 583 3734 640 concurrentium
3769 584 3827 639 ad

2166 710 2182 720 .
2229 669 2457 726 salutem
2484 673 2731 730 voluntas
2761 675 3107 732 indicaretur.
3132 678 3238 734 Sed
3279 677 3332 732 in
3369 678 3695 732 hominibus
3724 676 3828 734 dte-

2233 774 2420 817 mones
2450 765 2803 834 proclamant,
2833 783 2930 823 cur
2951 769 3135 825 sedem
3167 769 3422 834 invideat,
3451 786 3556 824 cur
3586 779 3717 824 ante
3750 769 3829 836 ju-

2233 853 2359 908 dicii
2402 863 2616 925 tempus
2656 858 2892 914 infestet.
2943 861 3238 930 Adjacebat
3287 864 3450 918 etiam
3493 863 3578 918 eis
3627 861 3832 918 duobus

2233 946 2472 1015 gentium
2499 951 2712 1019 populis
2742 953 2890 1022 plebs
2920 953 2998 1026 (ά)
3026 969 3087 1008 ex
3117 954 3242 1010 Sem
3272 971 3478 1025 genere
3503 955 3832 1011 Sadducabo-

2236 1053 2378 1102 rum,
2408 1055 2634 1108 quorum
2666 1042 2889 1099 haeresis
2917 1061 2983 1100 ex
3011 1045 3213 1102 Judteis
3239 1055 3448 1118 negata:
3481 1048 3836 1102 resurrectio-

2237 1129 2329 1184 nis
2359 1133 2624 1200 piaculum
2654 1147 2756 1190 cst.
2783 1137 3034 1193 Videutes
3063 1139 3224 1210 igitur
3247 1139 3526 1194 daemones
3548 1181 3564 1202 ,
3601 1154 3713 1193 non
3741 1139 3834 1193 sibi

2233 1227 2343 1298 jam
2384 1226 2557 1283 locum
2593 1231 2642 1284 in
2669 1232 2921 1301 gentibus
2956 1232 3256 1301 derelinqui
3279 1273 3294 1297 ,
3324 1245 3379 1286 ut
3409 1235 3650 1301 patiatur
3683 1230 3828 1285 habi-

2240 1330 2356 1377 tare
2387 1337 2445 1378 se
2474 1322 2526 1376 in
2557 1322 2825 1378 haereticis
2849 1324 3206 1394 deprecantur
3240 1341 3252 1377 :
3282 1322 3477 1394 quibus
3509 1325 3792 1392 occupatis
3811 1364 3828 1387 ,

2243 1421 2387 1466 totus
2418 1415 2469 1467 in
2504 1430 2651 1470 mare
2681 1415 2883 1486 impetu
2909 1415 3097 1486 rapido
3128 1432 3224 1485 per
3252 1430 3495 1485 prtcceps
3520 1431 3654 1484 grex
3687 1429 3840 1470 coac-

2243 1514 2328 1560 tus
2351 1515 2435 1562 est
2463 1525 2475 1560 :
2509 1509 2560 1562 in
2585 1508 2928 1575 cupiditatem
2957 1509 3162 1564 scilicet
3184 1508 3252 1581 (ε)
3283 1510 3608 1563 surcularem
3641 1509 3842 1563 daemo-

2245 1613 2372 1652 num
2407 1599 2808 1669 pratcipitautur
2834 1601 3107 1664 instinctu,
3143 1602 3194 1654 in
3217 1599 3369 1668 aquis
3398 1600 3590 1654 multis
3611 1642 3626 1664 ,
3653 1601 3705 1654 id
3739 1609 3839 1666 cst,

2245 1705 2366 1744 cum
2396 1691 2719 1761 reliquarum
2745 1693 2984 1762 gentium
3015 1691 3175 1764 705
3205 1691 3520 1745 inﬁdelitate
3567 1691 3838 1745 morituri.

2174 1782 2222 1842 B
2254 1781 2428 1849 Atque
2445 1781 2605 1836 etiam
2627 1783 2676 1836 in
2697 1783 2799 1836 hnc
2813 1784 2983 1851 typica
3002 1785 3142 1836 ratio
3157 1791 3365 1836 servata
3384 1791 3488 1846 est,
3510 1792 3569 1836 ut
3587 1797 3694 1836 nan
3718 1784 3844 1838 satis

2253 1882 2398 1928 esset
2417 1873 2620 1929 dixisse
2649 1875 3012 1945 praecipitatus
3039 1873 3091 1930 in
3117 1889 3282 1937 mare,
3306 1873 3406 1927 nisi
3430 1873 3595 1928 etiam
3621 1875 3847 1929 addere-

2256 1973 2361 2031 tur,
2389 1965 2454 2019 Et
2480 1967 2668 2020 mortui
2695 1979 2810 2019 sunt
2837 1966 2890 2019 in
2920 1967 3066 2035 aquis
3092 1965 3283 2020 multis.
3308 1965 3549 2032 Quorum
3579 1967 3844 2036 principes

2255 2066 2416 2125 atque
2457 2065 2702 2127 pastores
2746 2072 2926 2111 rerum
2959 2056 3142 2111 talium
3171 2055 3530 2112 admiratione
3554 2057 3752 2112 turbati
3783 2059 3845 2113 ad

2256 2148 2440 2204 urbem
2474 2149 2717 2212 veniunt,
2740 2159 2792 2204 et
2813 2165 2933 2219 quae
2955 2158 3104 2219 gesta
3131 2159 3255 2204 sunt
3284 2150 3532 2204 nuntiant
3555 2148 3722 2222 (Ibid.
3751 2150 3836 2217 δί,

2255 2241 2370 2312 55).
2401 2239 2542 2297 Urbs
2571 2241 2658 2295 illa
2687 2240 2892 2296 Judaici
2921 2241 3102 2312 populi
3146 2241 3304 2296 habet
3332 2244 3594 2310 Speciem,
3632 2241 3704 2314 (f)
3732 2259 3845 2311 qua:

2255 2330 2452 2386 Christi
2483 2332 2736 2401 operibus
2764 2331 2958 2386 auditis
2985 2371 3000 2398 ,
3031 2331 3259 2386 Domino
3287 2347 3387 2386 suo
3411 2333 3628 2388 obviam
3657 2335 3844 2405 pergit,

2256 2425 2547 2496 prohibens
2569 2443 2638 2480 ne
2662 2427 2795 2482 ﬁnes
2816 2441 2942 2480 suos
2964 2425 3256 2497 urbemque
3276 2428 3654 2498 contingeret;
3677 2443 3847 2498 neque

2257 2517 2397 2573 enim
2426 2519 2711 2590 Evangelia
2744 2516 2821 2592 lg)
2846 2518 2929 2572 lex
2964 2518 3154 2587 recipit
3188 2536 3200 2572 :
3231 2533 3259 2571 a
3287 2533 3390 2589 qua
3424 2519 3763 2588 repudiatus,
3791 2521 3840 2574 in

2256 2612 2524 2668 civitatem
2555 2627 2707 2667 suam
2744 2613 3028 2667 revertitur
3049 2611 3265 2682 (Matth.
3299 2627 3375 2678 ιι,
3412 2611 3487 2682 l).
3521 2613 3600 2685 (lt)
3641 2613 3749 2669 Deo
3775 2613 3848 2667 ci-

2258 2707 2394 2761 vitas
2420 2706 2656 2761 ﬁdelium
2682 2707 2857 2789 plebs.
2877 2716 2979 2762 est.
3031 2707 3085 2761 ltt
3113 2705 3253 2762 hanc
3283 2707 3446 2778 igitur
3489 2707 3644 2774 navi,“
3680 2707 3730 2762 id
3770 2715 3845 2763 est

2257 2800 2318 2872 (i)
2353 2799 2612 2864 Ecclesia,
2647 2807 2829 2853 vectus
2859 2798 3079 2853 introiit.

2331 2894 2384 2948 5.
2417 2893 2579 2947 Adam
2607 2894 2819 2948 obtinuit
2845 2895 3061 2948 veniam.
3092 2923 3162 2934 -—
3186 2892 3416 2965 Jamque
3457 2893 3511 2948 in
3556 2893 3843 2967 paralytico

2257 2987 2495 3058 gentium
2539 2986 2860 3041 universitas
2890 2985 3115 3040 offertur
3140 2984 3430 3040 medenda.
3460 2984 3569 3041 Sed
3607 2994 3665 3041 et
3702 3001 3849 3041 cura-

2260 3079 2420 3132 tionis
2444 3077 2611 3147 ipsius
2640 3077 2801 3132 verba
2828 3086 2950 3132 sunt
2971 3076 3290 3132 contuenda.
3328 3076 3446 3131 Non
3474 3076 3675 3133 dicitur
3703 3094 3850 3148 para-

2182 3163 2228 3226 C
2261 3169 2443 3240 lytico,
2479 3168 2656 3224 Sanus
2693 3177 2845 3230 esto;
2890 3184 2994 3223 non
3042 3167 3259 3234 dicitur,
3304 3167 3479 3237 Surge
3523 3178 3572 3224 ct
3605 3168 3846 3234 ambula;

2257 3260 2351 3317 sed
2381 3261 2594 3328 dicitur,
2621 3258 2870 3315 Constans
2895 3271 3000 3315 esto
3029 3260 3128 3328 ﬁli,
3147 3261 3359 3314 remissa
3385 3271 3507 3313 sunt
3535 3261 3626 3315 tibi
3650 3274 3852 3331 peccata

2261 3365 2349 3409 tua
2378 3355 2542 3427 (Ibid.
2586 3355 2666 3426 ἓ).
2716 3355 2772 3409 1η
2806 3355 2974 3410 Adam
3021 3369 3128 3408 uno
3169 3365 3386 3421 peccata
3428 3355 3695 3410 universis
3729 3370 3854 3423 gen-

2262 3446 2402 3501 tibus
2430 3448 2793 3502 remittuutur.
2826 3447 2923 3502 Hic
2958 3448 3135 3516 itaque
3167 3446 3386 3516 Angelis
3426 3447 3846 3502 ministrantibus

2259 3540 2530 3596 curandus
2549 3539 2790 3603 offertur,
2822 3539 2908 3594 hic
2936 3539 3076 3594 filius
3108 3549 3469 3608 nuncupatur,
3496 3538 3568 3613 (j)
3606 3540 3726 3608 quia
3753 3541 3850 3607 pri-

2265 3650 2410 3688 mum
2443 3633 2535 3687 Dei
2562 3647 2697 3702 opus
2726 3641 2806 3687 est
2838 3649 2851 3685 :
2879 3631 3002 3686 huic
3025 3631 3370 3686 remittuntur
3391 3623 3592 3686 animm
3617 3642 3845 3701 peccata,

2271 3736 2327 3783 et
2374 3727 2700 3796 indulgentia
2748 3726 2935 3796 primae
2979 3721 3424 3792 transgressionis
3463 3739 3530 3778 ex
3566 3726 3718 3780 venia
3755 3733 3845 3779 est.

2269 3820 2384 3876 Non
2417 3821 2560 3875 enim
2594 3820 2943 3890 paralyticum
2976 3831 3228 3889 peccasse
3266 3815 3474 3886 aliquid
3506 3817 3806 3887 accepimus
3835 3835 3845 3867 ;

2268 3929 2388 3969 cum
2418 3913 2721 3982 prtesertim
2769 3911 2874 3966 alio
2916 3911 2968 3965 in
3010 3911 3128 3964 loco
3161 3908 3303 3964 idem
3349 3909 3614 3963 Dominus
3649 3907 3845 3970 dixerit,

2269 4005 2563 4060 ca-cilatem
2592 4019 2621 4056 a
2662 4003 2938 4057 nativitatc
2983 4017 3087 4056 nun
3126 4017 3190 4055 ex
3239 4011 3462 4068 peccato
3509 4009 3606 4054 aut
3651 3999 3848 4070 proprio

2268 4105 2361 4150 aut
2390 4105 2614 4166 paterno
2645 4093 2812 4151 fuisse
2839 4104 3169 4150 contractam
3201 4090 3388 4162 (Joan.
3414 4107 3502 4159 ut,
3527 4091 3609 4163 3).

2263 4279 2516 4362 nimirum
2549 4278 2807 4344 haeretici,
2836 4289 2994 4346 quam
3021 4288 3143 4330 cum
3169 4271 3399 4342 vulgatis
3425 4270 3838 4341 precipitatur...

2265 4361 2564 4404 moriturus.

2266 4492 2310 4500 __
2340 4423 2406 4500 (ῃ
2435 4421 2487 4474 In
2527 4419 2784 4500 vulgatis,
2803 4419 2910 4487 qui.
2937 4417 3124 4471 Melius
3147 4415 3198 4468 in
3223 4427 3356 4469 mss.
3383 4429 3523 4485 quae,
3547 4413 3668 4469 scil.
3698 4411 3833 4468 urbs.

567 4505 624 4569 ut
644 4497 932 4569 exponitur
961 4495 1013 4549 in
1056 4497 1193 4569 psul.
1241 4511 1373 4569 cxx,
1422 4513 1475 4548 n.
1510 4496 1563 4569 9_.
1605 4491 1833 4569 :Rectius
1881 4503 2059 4548 tamen
2095 4495 2158 4569 in
2187 4509 2241 4569 D
2266 4491 2419 4569 Unde
2447 4502 2500 4569 et
2530 4491 2879 4569 tuox‘lcgitur
2903 4506 2934 4541 a
2959 4505 3088 4569 qua,
3113 4501 3279 4569 nona
3305 4503 3424 4569 quo.

566 4565 687 4623 aliis
717 4565 868 4620 libris
897 4565 1218 4634 exprimitur
1246 4566 1367 4621 lidei
1394 4566 1710 4622 vocabulum
1745 4575 1969 4636 propter
1996 4565 2161 4619 verba

569 4636 945 4706 titctlicwiﬁdet'.

642 4705 716 4778 (b)
761 4705 956 4762 Vocem
983 4707 1271 4762 hominibus
1303 4707 1355 4762 in
1385 4709 1615 4777 vulgatis
1654 4706 1910 4761 omissam
1944 4721 2164 4778 revoca-

571 4777 781 4831 musex
813 4793 943 4834 mss.
990 4781 1286 4834 retinentes
1330 4779 1489 4833 simul
1533 4778 1994 4849 subsequentem,
2042 4777 2160 4833 scil.

573 4849 846 4914 hominem,
873 4851 1116 4920 quamvis
1141 4850 1194 4904 in
1228 4850 1309 4903 his
1338 4850 1500 4906 desit.

645 4921 718 4992 (c)
752 4920 921 4976 Abest
949 4937 1042 4991 pro
1069 4921 1190 4990 ﬁdei
1215 4921 1397 4976 merito
1425 4937 1453 4974 a
1483 4921 1654 4976 tribus
1683 4933 1816 4976 mss.

649 5013 729 5086 (d)
773 5013 828 5068 In
870 5014 1074 5086 aliquot
1117 5028 1247 5068 mss.
1302 5030 1372 5086 ex,
1406 5030 1606 5086 genere,
1657 5011 2165 5086 omissogvocahulo

577 5083 721 5149 Scin,
756 5085 896 5154 quod
927 5083 1146 5138 omnino
1176 5100 1296 5139 cum
1329 5085 1448 5138 aliis
1471 5085 1620 5138 libris
1646 5084 2008 5139 retinendum.
2043 5083 2166 5136 Vult

575 5158 772 5225 quippe
805 5155 1056 5220 llilarius,
1079 5157 1317 5224 gentium
1357 5155 1654 5210 iuiidelitati
1696 5155 1997 5224 proximam
2041 5169 2162 5208 esse

577 5225 848 5290 lia-resilit,
899 5227 1129 5280 maxime
1165 5243 1283 5296 quae
1326 5226 1774 5281 remrrectiouem
1824 5236 1998 5296 negat,
2042 5239 2162 5293 qua:

575 5297 758 5367 ρεφυιί
790 5297 902 5361 Dei,
945 5311 1037 5351 seu
1067 5295 1284 5368 generis
1309 5297 1432 5353 Sem
1458 5302 1756 5366 portionem
1779 5295 2036 5368 corrupit.
2069 5296 2162 5368 llis

575 5365 736 5437 porro
775 5369 1029 5437 explanat
1073 5365 1226 5433 illud,
1258 5368 1381 5422 Erat
1422 5365 1593 5421 autem
1635 5384 1736 5420 non
1770 5366 1917 5436 longe
1955 5365 2018 5419 ab
2058 5365 2164 5419 illis

576 5439 806 5510 (duobus
832 5437 1202 5507 daztnoniacis)
1240 5455 1364 5510 grex
1403 5439 1682 5510 multorum
1725 5453 1993 5508 porcorum
2024 5453 2046 5490 :
2073 5437 2161 5491 ubi

573 5509 626 5564 iu
659 5511 837 5580 porcis
867 5512 1152 5566 haereticos
1177 5509 1420 5580 intelligit
1445 5509 1531 5564 hic
1560 5517 1615 5566 et
1647 5511 1803 5576 intra,
1838 5517 1893 5563 ut
1919 5519 1972 5561 et
2001 5523 2162 5578 supe-

571 5581 682 5636 rius
706 5597 826 5652 cap.
861 5582 916 5648 6,
951 5599 1006 5637 n.
1041 5583 1094 5636 1.

643 5675 720 5743 (c)
773 5675 935 5740 Editi,
983 5675 1316 5730 smeularium
1362 5690 1382 5728 :
1425 5672 1823 5740 refragantibus
1867 5689 1998 5729 mss.
2045 5689 2164 5728 cum

567 5746 768 5813 quibus
826 5746 1026 5802 deinde
1087 5746 1353 5802 malumus
1405 5745 1863 5817 praecipitantur...
1909 5746 2169 5812 morituri,

2341 4561 2420 4633 (g)
2451 4563 2505 4616 In
2538 4554 2781 4633 pluribus
2809 4573 2938 4613 mss.
2965 4554 3328 4633 _'dcsid_er_att_tr_
3357 4558 3476 4621 lex;
3507 4570 3613 4626 quo
3632 4554 3845 4633 nomine

2269 4626 2583 4703 suppresso,
2615 4632 2837 4703 verbum
2867 4629 3050 4703 recipit
3081 4629 3146 4680 ad
3174 4626 3456 4703 Iudaicum
3483 4628 3733 4695 populum
3761 4639 3840 4692 re:

2271 4698 2412 4760 ferre
2442 4705 2652 4758 liceret.
2679 4701 2881 4756 Horum
2908 4698 3026 4754 luet)
3053 4698 3192 4768 apud
3223 4698 3354 4752 Ball.
3400 4705 3617 4755 existit.
3651 4711 3844 4764 evange—

2271 4777 2370 4830 lica
2403 4777 2485 4829 lea:
2521 4775 2762 4845 prazcepit
2794 4772 2981 4845 {apud
3008 4769 3108 4845 _Er.
3142 4769 3452 4845 Evangelica
3477 4770 3562 4823 lea:
3585 4768 3843 4838 prwcipit:

2270 4846 2414 4916 apud
2448 4842 2612 4916 Lips.
2632 4843 2971 4916 evangelicum
3001 4843 3160 4910 legem
3190 4842 3436 4916 percepit.

2344 4915 2424 4989 (It)
2476 4909 2639 4979 Editi,
2692 4909 2790 4968 De'i
2832 4914 3006 4989 civitas
3108 4909 3684 4989 non_su_fl‘ragant_ibus
3723 4922 3838 4989 mss.

2270 4979 2499 5059 quarum
2547 4997 2654 5042 tres
2700 5001 2824 5041 mox
2864 4983 3180 5055 subjiciunt,
3224 4983 3277 5035 in
3318 4979 3455 5035 hanc
3495 4983 3654 5052 igitur
3693 4979 3842 5034 sedem

2267 5076 2403 5122 nam,
2433 5070 2538 5113 etc.

2337 5153 2401 5222 (i)
2433 5151 2522 5205 Sic
2553 5149 2919 5222 plureswmss.
2943 5157 3002 5203 ut
3031 5147 3192 5222 etiam
3221 5143 3836 5222 conjectabat_La_tinins.

2266 5215 2510 5289 At'editi,
2540 5215 2593 5275 id
2621 5231 2696 5276 est
2727 5221 3029 5275 Ecclesium.
3063 5220 3208 5274 Ilanc
3237 5215 3418 5289 autem
3453 5216 3696 5289 plttrimis
3727 5215 3838 5289 locis

2269 5295 2450 5422 navim
2482 5284 2782 5363 nuncupari
2809 5293 2924 5363 ipse
2957 5291 3188 5346 Hilarius
3217 5288 3484 5358 superiori
3516 5288 3694 5358 capite
3721 5301 3768 5339 n.
3791 5284 3836 5345 9.

2270 5386 2302 5420 υ
2343 5376 2548 5420 servat.

2270 5381 2548 5420 ODSCI'Val.

2347 5457 2419 5533 (i)
2457 5457 2513 5511 In
2563 5454 2829 5533 vulgatis,
2878 5451 3255 5533 qui.__Reetius
3297 5450 3348 5505 in
3398 5450 3702 5533 potioribus
3725 5459 3834 5533 mss.

2266 5521 2440 5598 quia}
2473 5542 2575 5593 qua
2605 5521 2863 5594 particula
2894 5523 3134 5578 redditur
3160 5524 3294 5576 ratio
3320 5536 3417 5577 cur
3447 5522 3617 5576 Adam
3655 5521 3838 5594 dicatur

2276 5601 2419 5639 lilinc
2448 5598 2556 5639 nni,
2594 5596 2659 5639 nd
2700 5596 3056 5639 imitationem
3093 5594 3297 5639 scilicet
3325 5593 3487 5639 Luem
3527 5608 3603 5639 Ill-
3643 5593 3728 5639 38-
3766 5588 3835 5639 ubt

2275 5593 2419 5655 filius
2448 5598 2562 5660 Dei,
2594 5593 2660 5650 ad
2700 5596 3056 5651 imitationem
3093 5594 3297 5648 scilicet
3325 5593 3487 5648 Luca:
3527 5608 3604 5653 ιιι.
3643 5593 3729 5657 38,
3766 5593 3836 5666 ubi

2275 5675 2369 5735 ait,
2407 5670 2504 5736 Qui
2535 5671 2632 5741 fuit
2664 5669 2858 5734 Henos,
2921 5669 2972 5720 ui
3006 5667 3101 5736 fuit
3137 5666 3282 5729 Seth,
3347 5666 3401 5718 ui
3434 5664 3531 5736 fuit
3564 5663 3740 5722 Adam,
3766 5673 3836 5725 qs:

2279 5745 2374 5790 fuit
2402 5742 2519 5790 Dei.
2549 5742 2721 5790 Paulo
2747 5748 2870 5790 ante
2885 5686 3055 5790 ἵζω..
3097 5737 3190 5790 Er.
3222 5746 3279 5790 et
3313 5682 3470 5790 tius.
3501 5750 3624 5790 cum
3664 5731 3836 5790 aliquoi

2276 5731 2374 5813 {ait
2400 5731 2721 5797 Dei.'Paulo
2747 5731 2870 5796 ante
2897 5731 3055 5806 Ball},
3097 5737 3190 5792 Er.
3222 5746 3279 5792 et
3318 5731 3470 5808 Lips.
3501 5750 3624 5792 cum
3664 5731 3838 5802 aliquot
