3974 6198
109 203 212 260 961

1055 204 1597 266 COMMENTARIUS
1635 207 1701 265 IN
1742 207 2180 270 MATTlleUM.
2223 213 2378 272 CAP.
2422 214 2512 272 IX.
2579 227 2591 236 '

3309 217 3416 278 962

183 320 238 376 6.
286 317 542 377 Christum
562 336 670 376 esse
690 319 1056 396 Deum.—(a)
1092 325 1338 381 Veritatis
1363 326 1558 382 deinde
1580 327 1714 382 ordo
1741 327 2164 400 Acredeturt);
2209 329 2444 401 alioquin
2489 331 2608 388 laus
2647 331 2714 388 de
2760 346 2869 388 uno
2919 332 3160 400 homine,
3197 348 3305 389 non
3348 335 3416 390 de

107 412 358 466 succedit
402 412 454 467 in
477 412 666 483 gestis,
710 415 956 482 quamvis
983 415 1150 469 futuri
1197 418 1406 486 species
1435 418 1716 488 expleatur

107 503 170 558 in
199 503 380 558 dictis.
414 502 592 557 Movet
621 503 836 560 Scribas
867 507 1149 561 remissum
1174 507 1242 561 ab
1269 506 1486 564 homine
1525 523 1716 578 pecca-

109 604 229 650 tum
258 594 472 665 (Ilatth.
508 611 592 661 ιχ,
630 593 686 667 5)
717 614 730 650 :
764 597 1036 653 hominem
1076 599 1219 654 enim
1253 608 1458 654 tantum
1492 600 1546 655 in
1586 600 1716 657 Iesu

106 686 338 743 Christo
380 686 793 744 contuebantur.
835 689 901 744 Et
944 693 1230 745 remissum
1275 699 1358 748 est
1395 692 1474 766 (b)
1511 693 1579 748 ab
1625 707 1713 758 eo,

116 779 272 852 quod
300 780 387 836 lex
416 781 597 836 laxare
628 797 734 836 non
764 791 1002 851 poterat;
1037 783 1170 839 lides
1199 785 1345 840 enim
1376 785 1490 841 sola
1518 785 1718 856 justiti-

109 884 221 930 cat.
282 874 484 930 Deinde
536 878 1018 933 murmurationem
1080 893 1266 934 eorum
1329 880 1586 935 Dominus
1635 881 1717 934 in-

110 967 384 1037 trospicit,
414 966 485 1038 (c)
510 966 745 1039 dicitque
770 967 926 1024 facile
953 985 1072 1025 esse
1103 969 1211 1024 lilio
1241 969 1472 1026 hominis
1496 971 1547 1026 in
1573 982 1714 1027 terra

112 1068 342 1128 peccata
384 1057 654 1116 dimittere
685 1059 848 1129 (Ibid.
878 1060 913 1115 4
953 1071 1000 1116 et
1029 1061 1109 1132 5).
1147 1062 1342 1118 Verum
1371 1064 1514 1118 enim
1557 1078 1716 1120 nemo

111 1158 299 1220 poteSt
330 1149 602 1207 dimittere
645 1163 880 1222 peccata,
928 1153 1028 1209 nisi
1065 1153 1217 1208 solus
1247 1155 1388 1210 Deus
1423 1173 1436 1208 :
1469 1171 1598 1227 ergo
1625 1156 1716 1225 qui

110 1241 350 1298 remittit
376 1243 510 1298 Deus
533 1253 633 1299 est.
663 1245 794 1312 Quia
824 1261 985 1300 nemo
1007 1246 1231 1301 remittit
1257 1247 1362 1302 nisi
1390 1248 1550 1313 Deus,
1575 1249 1716 1304 Deus

113 1337 171 1392 in
203 1337 425 1393 homine
455 1353 678 1394 manens
699 1341 1032 1395 curationem
1064 1340 1268 1395 homini
1293 1342 1582 1410 praestabat
1617 1359 1629 1394 :
1663 1349 1718 1397 et

112 1429 271 1484 nulla
298 1430 346 1485 ei
378 1429 568 1500 agendi
597 1442 650 1486 et
672 1431 924 1499 l0quendi
947 1440 1066 1487 erat
1086 1430 1398 1499 difficultas,
1421 1434 1507 1488 cui
1530 1434 1718 1488 subest

115 1531 297 1577 totum
323 1536 480 1591 posse
505 1523 648 1593 quod
682 1523 939 1592 lotluitur.

193 1615 248 1668 7.
305 1613 593 1684 Paralytici
636 1617 898 1671 curatione
942 1633 1094 1684 quam
1122 1618 1285 1672 multa
1313 1617 1611 1674 doceantur.
1648 1645 1720 1659 -

1821 422 2062 491 pluribus
2117 423 2414 479 exstitisset
2464 442 2477 477 :
2519 425 2612 481 sed
2653 426 2816 482 delati
2867 428 2975 482 Deo
3019 427 3238 482 honoris
3284 426 3414 482 hinc

1819 528 1978 570 causa
2018 522 2121 580 est,
2165 516 2305 586 quod
2350 526 2587 587 potestas
2628 518 3028 591 hominibusm
3055 535 3118 576 ac
3167 521 3252 576 via
3290 519 3414 576 data

1819 605 1888 660 sit
1914 621 2011 676 per
2038 606 2259 663 verbum
2288 609 2427 679 ejus,
2469 619 2524 665 et
2568 620 2909 681 peccatorum
2953 613 3310 678 remissionis,
3358 622 3414 669 et

1819 711 2104 769 corporum
2137 701 2571 771 resurrectionis,
2601 712 2656 758 et
2684 704 3012 761 reversionis
3037 705 3091 760 in
3118 705 3336 761 coelum.

2442 833 2670 910 CAPUT
2706 836 2798 894 1x.

1819 942 1898 1000 De
1926 946 2172 1003 Matthwo
2199 948 2495 1021 publicano,
2529 951 2592 1005 de
2615 949 3006 1007 Pharisaeorum
3047 963 3093 1007 et
3130 951 3416 1024 discipulo-

1889 1055 2004 1092 rum
2045 1038 2267 1095 Joannis
2301 1042 2547 1113 jejunio,
2591 1042 2656 1097 de
2706 1054 2886 1098 assuto
2932 1060 3101 1114 panno
3149 1045 3268 1098 rudi
3293 1086 3307 1109 ,
3353 1045 3419 1099 de

1893 1132 2150 1201 proﬂuvio
2179 1133 2428 1210 mulieris,
2457 1135 2519 1188 de
2545 1133 2657 1203 ﬁlia
2685 1135 2935 1206 principis
2961 1137 3179 1190 excitata
3207 1151 3238 1188 a
3269 1152 3413 1189 rnor-

1892 1222 2012 1289 tuis,
2045 1223 2108 1278 de
2128 1226 2323 1279 duobus
2348 1227 2516 1292 etscis,
2549 1227 2612 1280 de
2640 1228 2799 1282 surdo
2826 1238 2872 1282 et
2905 1238 3064 1283 muto.

1894 1337 1948 1392 Ι.
1970 1336 2037 1390 Et
2063 1353 2180 1391 cum
2208 1339 2446 1393 transiret
2469 1339 2590 1393 inde
2615 1339 2647 1392 J
2655 1357 2787 1408 esus,
2814 1342 2938 1395 uidit
2964 1341 3219 1399 hominem
3241 1343 3422 1397 seden-

1822 1439 1922 1482 tem
1949 1430 2002 1483 in
2032 1431 2228 1486 teloneo
2255 1429 2558 1485 Matthwum
2597 1433 2825 1498 nomine,
2860 1445 2906 1487 et
2945 1435 3018 1487 ait
3049 1435 3160 1502 illi,
3196 1435 3420 1506 Sequere

1820 1536 1920 1586 me,
1950 1527 2006 1575 et
2024 1521 2230 1592 reliqua
2267 1521 2480 1593 (Matth.
2516 1539 2590 1590 ix,
2618 1524 2696 1592 9).
2732 1524 3040 1579 Matthmum
3065 1527 3416 1596 publicanum

1823 1611 2101 1667 sedentem
2129 1613 2182 1667 in
2206 1613 2423 1669 teloneo
2448 1618 2600 1685 sequi
2645 1630 2704 1670 se
2725 1615 2897 1686 jubet.
2934 1615 2998 1670 Et
3039 1618 3341 1672 concedens
3368 1618 3421 1673 in

116 1707 296 1762 Porro
315 1715 492 1762 autem
523 1718 576 1762 ut
607 1708 720 1778 ipse
743 1709 818 1780 (rt)
841 1725 963 1764 esse
985 1711 1036 1763 in
1065 1725 1294 1781 corpore
1329 1713 1532 1781 positus
1557 1712 1716 1768 intel-
1749 1718 1794 1778 Β
1822 1704 2038 1759 domum
2067 1706 2372 1760 convivium
2407 1706 2641 1771 instruit,
2662 1716 2722 1761 et
2746 1723 2868 1762 cum
2910 1722 2977 1763 eo
3002 1709 3412 1778 publicanorum

119 1800 217 1870 ligi
251 1809 454 1869 posset,
488 1801 578 1870 qui
620 1811 674 1856 et
708 1802 904 1858 animis
949 1813 1164 1873 peccata
1206 1804 1522 1871 dimitteret,
1549 1816 1604 1860 et
1634 1820 1722 1860 re-

116 1894 516 1949 surrectionem
566 1894 884 1964 corporibus
932 1903 1242 1967 praistaret;
1283 1898 1392 1961 ait,
1441 1896 1509 1952 Ut
1545 1898 1722 1953 sciatis

117 1985 368 2056 quoniam
398 1985 540 2055 ﬁlius
561 1987 778 2040 hominis
808 1987 956 2041 habet
983 1997 1280 2058 potestatem
1308 1991 1360 2042 in
1389 1999 1522 2043 terra
1552 1989 1726 2043 dimit-

120 2088 230 2133 tere
253 2089 482 2149 peccata,
507 2081 581 2133 ait
605 2081 906 2152 paralytico,
937 2081 1121 2152 Surge,
1151 2091 1196 2136 et
1218 2082 1339 2136 tolle
1364 2083 1552 2137 lectum
1581 2093 1726 2136 tuum

124 2169 299 2242 (Ibid.
333 2169 410 2242 6).
438 2171 579 2226 Satis
605 2171 778 2228 fuerat
800 2173 963 2245 706
991 2174 1208 2239 dixisse,
1236 2174 1404 2246 Surge
1429 2192 1448 2229 :
1471 2176 1568 2231 sed
1601 2177 1724 2246 quia

125 2263 310 2317 omnis
331 2272 446 2317 erat
475 2263 787 2333 perficiendi
818 2267 998 2335 Operis
1029 2267 1164 2320 ratio
1207 2266 1554 2336 explicanda;
1583 2267 1731 2338 adje-

128 2356 228 2422 cit,
264 2353 412 2410 Tolle
437 2349 619 2410 leCtum
647 2367 811 2422 tuum,
841 2367 885 2410 et
913 2359 1038 2412 vade
1071 2359 1126 2412 in
1155 2358 1362 2414 domum
1406 2371 1565 2415 tuam.
1609 2361 1730 2416 Pri-

132 2464 284 2503 mum
325 2448 698 2504 remissionem
744 2449 927 2504 tribuit
973 2452 1199 2521 peccati,
1242 2451 1439 2507 dehinc
1479 2454 1731 2508 virtutem

133 2540 553 2617 resurrectionis
583 2541 841 2608 ostendit,
871 2549 980 2596 tum
1025 2543 1332 2598 sublatione
1376 2545 1555 2600 lectuli
1583 2545 1734 2601 inﬁr-

135 2634 380 2688 mitatem
411 2647 473 2688 ac
498 2633 741 2689 dolorem
773 2635 1090 2704 corporibus
1119 2635 1304 2691 docuit
1331 2635 1606 2692 afuturum
1637 2638 1732 2709 (al.

136 2723 526 2796 ahl‘uturum),
567 2734 838 2794 postremo
880 2727 1054 2782 reditu
1101 2728 1152 2782 in
1195 2727 1413 2783 domum
1464 2730 1734 2799 propriam

136 2818 244 2874 iter
273 2817 328 2872 in
358 2817 665 2887 paradisum
694 2820 1039 2875 credentibus
1063 2834 1185 2874 esse
1217 2819 1634 2887 redhibendum,
1668 2835 1737 2877 ex

137 2924 248 2980 quo
278 2907 451 2964 Adam
479 2924 674 2980 parens
702 2910 1074 2966 universorum
1104 2912 1312 2982 peccati
1346 2912 1465 2968 labe
1499 2913 1736 2968 dissolu-

139 3014 229 3060 lllS
257 3013 586 3059 excesserat.

1826 1807 1881 1855 et
1908 1807 2246 1867 peccatorum
2273 1799 2429 1854 turba
2453 1799 2746 1855 discumbit
2773 1781 2795 1854 ε’
2813 1801 3101 1856 Pharisaeis
3127 1802 3425 1873 discipulos

1829 1891 2260 1960 objurgantibus,
2312 1906 2410 1946 cur
2451 1893 2709 1962 magistro
2756 1907 2878 1946 cum
2932 1893 3228 1962 publicanis
3273 1895 3428 1950 cibus

1827 1993 1990 2038 esset.
2017 1983 2223 2050 Quibus
2243 1983 2559 2054 respondet,
2578 1983 2737 2039 Sanis
2756 1983 2968 2040 medico
2993 1999 3128 2054 Opus
3150 2000 3255 2040 non
3284 2000 3423 2052 esse,

1831 2074 1924 2129 sed
1977 2076 2256 2129 curatione
2304 2085 2537 2144 aegrotos
2582 2075 2823 2145 indigere
2870 2093 2882 2128 :
2934 2087 3233 2147 euntesque
3271 2078 3430 2148 jubet

1830 2168 2036 2224 discere
2057 2168 2185 2239 quid
2228 2168 2317 2234 sit,
2354 2167 2765 2224 Misericordiam
2812 2169 2970 2242 707
3021 2169 3101 2244 (g)
3135 2169 3248 2225 volo
3277 2187 3430 2241 quant

1833 2261 2170 2329 sacriﬁcium.

1901 2351 1955 2406 2.
2009 2350 2305 2406 Publicani.
2338 2351 2578 2406 Matthxi
2623 2354 2841 2407 vacatio.
2873 2351 3032 2408 Salus
3077 2355 3310 2409 omnibus
3341 2371 3432 2410 ne-

1833 2444 2079 2508 cessaria,
2109 2444 2239 2498 nulli
2264 2461 2296 2497 a
2322 2445 2431 2516 lege
2464 2454 2755 2514 praestatur.
2785 2474 2858 2485 —
2880 2445 3294 2502 Publicanorum
3330 2461 3430 2503 no-

1835 2551 1957 2590 men
1995 2551 2061 2590 ex
2104 2536 2210 2590 vita
2247 2544 2352 2605 est,
2397 2536 2490 2607 qui
2527 2537 2725 2592 relictis
2767 2537 2900 2608 legis
2929 2538 3205 2608 operibus,
3243 2552 3435 2610 gerere

1837 2643 1895 2684 se
1945 2645 2044 2684 usu
2097 2631 2372 2686 communi
2418 2639 2475 2686 et
2525 2631 2744 2701 publico
2796 2631 3121 2687 maluerunt.
3175 2616 3318 2702 Ergo
3355 2621 3432 2690 ex

1836 2719 2020 2789 domo,
2051 2722 2103 2777 id
2134 2732 2238 2790 est,
2275 2738 2342 2779 ex
2384 2725 2620 2794 peccatis
2662 2725 2926 2793 corporis,
2974 2723 3282 2780 Matthazum
3329 2725 3432 2780 Do—

1838 2818 2016 2873 minus
2045 2820 2314 2885 evocavit,
2343 2818 2396 2873 in
2431 2818 2586 2888 cujus
2627 2827 2863 2875 mentem
2902 2819 3181 2890 ingressus
3225 2833 3440 2874 recum-

1839 2911 1936 2967 bit.
1965 2912 2061 2968 Hic
2081 2915 2225 2969 enim
2254 2913 2396 2970 idem
2424 2913 2707 2985 Evangelii
2732 2914 2888 2968 istius
2908 2914 3143 2983 scriptor
3163 2920 3267 2977 est,
3290 2913 3436 2970 etde

1843 3010 2046 3077 peccati
2089 3009 2171 3064 sui
2220 3008 2382 3064 domo
2426 3008 2634 3072 exiens,
2671 3007 2954 3062 Dominum
2997 3007 3112 3078 ipse
3153 3005 3220 3079 (ι’.
3255 3008 3306 3061 ἱιι
3356 3006 3440 3078 se)

211 3095 264 3152 8.
310 3094 470 3150 Venia
495 3113 668 3152 omnes
694 3107 858 3169 egent.
891 3095 1016 3153 Non
1045 3098 1283 3152 miranda
1309 3098 1361 3152 in
1389 3098 1594 3153 Christo
1637 3114 1734 3167 ρο·-
1761 3101 1807 3165 C
1840 3100 2094 3167 suscepit,
2125 3099 2386 3156 interiore
2415 3101 2534 3169 ejus
2560 3099 2892 3154 habitatione
2915 3099 3267 3166 illuminatus,
3293 3100 3429 3154 intra

140 3197 299 3242 testas
331 3188 617 3243 dimittendi
642 3199 870 3262 peccata.
903 3220 974 3230 —
1012 3190 1250 3244 Videntes
1288 3201 1456 3244 autem
1484 3190 1642 3244 turst
1674 3189 1740 3243 ti-

141 3291 386 3334 muerunt
413 3277 574 3348 (Ibid.
606 3281 687 3352 8).
728 3281 874 3350 Opus
915 3281 1055 3336 istud
1085 3281 1374 3336 admiratio
1407 3281 1584 3351 potius
1613 3295 1742 3336 con-

140 3375 322 3446 sequi,
355 3391 460 3430 non
486 3385 658 3432 metus
681 3377 900 3442 debuit;
928 3377 1023 3431 sed
1054 3385 1235 3431 manet
1256 3376 1418 3430 etiam
1443 3391 1582 3432 nunc
1607 3375 1741 3431 ordo

142 3468 428 3540 mysterii;
477 3480 532 3522 ut
582 3469 795 3523 veritati
837 3470 1220 3539 przesentium,
1268 3468 1565 3524 futurorum
1615 3483 1740 3539 spc-

142 3563 258 3616 cies
281 3560 358 3633 (e)
386 3560 595 3631 adjecta
636 3562 705 3615 sit
735 3561 996 3616 dictorum
1027 3568 1082 3616 et
1105 3563 1364 3615 factorum
1398 3561 1607 3615 Domini
1638 3560 1743 3615 vir-

142 3663 319 3710 tutem
353 3655 520 3710 turba:
545 3656 750 3708 timent.
785 3655 956 3724 Magni
980 3655 1124 3710 enim
1149 3655 1356 3709 timoris
1381 3669 1468 3710 res
1495 3662 1601 3718 est,
1631 3669 1736 3708 non

145 3747 391 3803 dimissis
416 3762 443 3800 a
468 3746 684 3802 Christo
710 3748 943 3816 peccatis
973 3749 1026 3801 in
1060 3755 1288 3802 mortem
1335 3745 1537 3800 resolvi
1572 3763 1586 3800 :
1619 3745 1741 3816 quia

147 3842 332 3897 nullus
357 3841 428 3894 sit
457 3841 508 3894 in
545 3840 760 3895 domum
791 3848 1046 3895 aeternam
1089 3839 1314 3904 reditus,
1341 3841 1385 3893 si
1425 3840 1510 3894 cui
1540 3838 1745 3893 indulta

147 3953 258 3992 non
275 3936 600 3992 fueritvenia
616 3937 956 4010 delictorum.
981 3936 1044 3989 Et
1066 3935 1530 4005 honoriﬁcavernnt
1555 3931 1744 3998 Deum,

147 4032 234 4102 qui
265 4040 460 4085 tantam
489 4031 624 4085 dedit
655 4040 947 4099 potestatem
975 4029 1281 4084 hominibus.
1313 4027 1576 4084 Conclusa
1623 4036 1749 4083 sunt

148 4126 334 4181 omnia
361 4139 460 4180 suo
490 4124 700 4191 ordine,
732 4133 788 4179 et
811 4133 1058 4180 cessante
1085 4124 1192 4193 jam
1231 4122 1626 4192 desperationis
1673 4122 1742 4174 ti-

150 4232 305 4274 more
337 4217 509 4272 honor
539 4217 648 4272 Deo
683 4217 947 4282 redditur,
976 4215 1121 4287 quod
1171 4224 1373 4268 tantam
1413 4213 1624 4268 dederit
1655 4212 1751 4265 ho-

149 4311 390 4366 minibus
418 4318 737 4378 potestatem
770 4327 783 4363 :
817 4309 912 4365 sed
942 4309 1044 4364 soli
1072 4307 1174 4362 hoc
1200 4305 1421 4361 Christo
1451 4315 1568 4360 erat
1599 4304 1751 4360 dehi-

151 4412 300 4468 tum,
332 4401 431 4456 soli
462 4400 530 4456 de
573 4400 952 4456 communione
990 4407 1231 4470 pateram
1275 4397 1600 4452 substantiae
1635 4397 1750 4452 hcce

1842 3208 2001 3263 quem
2045 3194 2367 3264 evangelicis
2415 3193 2552 3248 cibis
2603 3193 2980 3264 peccatoribus
3024 3202 3080 3248 et
3128 3193 3428 3263 publicanis

1844 3286 2150 3340 convivium
2177 3285 2342 3341 divite
2367 3288 2521 3356 ecpia
2543 3291 2898 3356 praeparatur.
2923 3284 3221 3341 Emulatio
3242 3284 3440 3340 deinde

1845 3379 2007 3449 agitat
2033 3379 2271 3442 Judacos,
2308 3379 2590 3433 Dominum
2624 3378 2924 3450 publicanis
2963 3377 3041 3434 et'
3063 3379 3442 3448 peccatoribus

1845 3473 2246 3528 communicare
2275 3470 2441 3542 (Ibid.
2474 3472 2585 3545 ll).
2617 3473 2822 3539 Quibus
2861 3473 2952 3528 ille
2976 3481 3162 3543 operta
3206 3470 3442 3526 inlideli-

1848 3565 1972 3621 tatis
2016 3565 2280 3620 velamine
2318 3565 2479 3620 verba
2530 3566 2660 3636 legis
2705 3565 3057 3636 exprompsit,
3110 3579 3170 3620 se
3213 3563 3437 3634 quidem

1849 3657 2066 3725 mgrotis
2086 3671 2242 3726 opem
2272 3655 2412 3711 l'erre
2432 3667 2487 3710 et
2509 3656 2828 3711 medicinam
2853 3657 3134 3727 egentibus
3156 3664 3439 3726 prmstare;

1850 3749 1931 3803 eis
1969 3757 2169 3811 autem,
2201 3749 2292 3818 qui
2329 3763 2389 3802 se
2427 3763 2588 3804 sanos
2627 3748 3037 3815 existimarent,
3085 3749 3447 3805 necessariam

1851 3844 2180 3898 curationem
2223 3843 2422 3897 nullam
2449 3857 2588 3914 esse.
2630 3841 2739 3898 Sed
2766 3850 2827 3896 ut
2853 3841 3238 3912 intelligerent,
3269 3841 3447 3898 nemi-

1853 3952 1977 3993 nem
2028 3952 2250 3992 suorum
2301 3951 2489 3990 sanum
2539 3951 2693 4001 esse;
2744 3935 3028 3991 admonuit
3074 3943 3133 3989 ut
3175 3934 3448 3989 discerent

1852 4029 1980 4099 quid
2006 4037 2110 4094 est,
2143 4029 2554 4082 Misericordiam
2587 4030 2732 4091 volo,
2778 4044 2882 4082 non
2923 4027 3236 4095 sacri/icium
3277 4025 3446 4096 (Ibid.

1855 4119 1944 4191 15)
1980 4135 1993 4173 :
2030 4121 2200 4189 legem
2246 4120 2472 4183 scilicet,
2506 4117 2892 4174 sacriﬁciorum
2933 4119 3314 4173 observatione
3351 4117 3447 4172 dc-

1852 4213 2110 4277 vinctam,
2140 4225 2297 4280 opem
2329 4209 2474 4265 ferre
2497 4225 2602 4263 non
2637 4224 2830 4278 posse;
2864 4210 2958 4265 sed
2981 4211 3208 4264 salutent
3236 4209 3454 4264 univer-

1855 4305 1930 4359 sis
1958 4306 2009 4358 in
2046 4303 2430 4359 misericordia:
2471 4303 2798 4374 indulgentia
2833 4303 3120 4359 reservari.
3163 4301 3287 4357 Non
3320 4303 3453 4358 enim

1856 4397 1967 4452 ueni
1986 4397 2157 4468 justas
2177 4412 2376 4461 vocare,
2409 4395 2498 4451 sed
2528 4406 2817 4465 peccatores
2842 4396 2894 4450 in
2925 4396 3294 4466 paenitentiam.
3327 4395 3456 4451 Om-

151 4510 316 4566 agcre
343 4503 460 4550 erat
483 4494 761 4549 familiare.
793 4492 912 4549 Non
943 4507 1072 4562 ergo
1100 4493 1206 4546 hoc
1239 4489 1384 4546 venit
1415 4489 1468 4544 in
1509 4488 1744 4544 admira-
1773 4503 1829 4564 Ῑ)
1855 4489 2013 4544 nibus
2038 4496 2293 4554 venerat;
2321 4487 2595 4558 quomodo
2632 4502 2762 4560 ergo
2803 4503 2910 4542 non
2941 4504 3000 4542 se
3047 4488 3208 4558 justis
3239 4489 3456 4546 venisse

153 4587 382 4652 tionem,
413 4585 556 4657 quod
588 4595 773 4655 posset
802 4585 900 4639 ista
937 4581 1092 4656 (quid
1120 4582 1262 4638 enim
1287 4595 1393 4635 non
1421 4595 1582 4651 posse
1607 4581 1746 4637 Deus

153 4792 293 4834 mss.
317 4773 518 4845 angelis
547 4770 915 4845 ministrandus
934 4768 1156 4845 alatur
1178 4783 1196 4821 :
1227 4765 1388 4845 male.
1420 4765 1493 4845 De
1513 4761 1646 4820 Adce
1667 4777 1754 4817 sa-

155 4850 274 4904 lute
291 4837 494 4919 vidésis
521 4855 702 4919 notam
725 4861 756 4914 g
779 4844 886 4898 col.
921 4842 1024 4919 647
1057 4840 1214 4919 hujus
1253 4837 1573 4919 editionis.“
1643 4906 1674 4919 η
1720 4907 1753 4919 Α

231 4916 311 4991 (a)
344 4916 401 4971 In
435 4916 705 4991 noonullis
725 4906 863 4968 inss.
887 4912 1089 4991 ueritati
1121 4906 1141 4964 ἱ
1167 4926 1273 4991 non
1293 4908 1504 4991 "placet.
1533 4906 1755 4991 veritati

158 4978 251 5046 hic
279 4978 340 5043 ut
369 5002 514 5053 saepe
548 4989 680 5041 alias
705 4985 994 5055 opponitur
1033 4983 1245 5052 species
1290 4979 1453 5034 futuri
1487 4997 1499 5032 :
1535 4985 1604 5055 ut_
1628 4978 1754 5031 ordo

156 5060 394 5117 veritatis
417 5049 555 5112 idem
587 5059 655 5110 sit
684 5049 828 5126 quod
857 5071 1034 5111 rerum
1058 5049 1186 5126 vere
1209 5063 1479 5126 gestarum
1509 5049 1663 5126 ordo.

236 5131 314 5203 (b)
351 5129 408 5203 In
440 5119 1042 5203 vulgati_s_,'hie_omisso
1074 5119 1246 5203 verbo
1281 5119 1617 5178 substantivo
1657 5127 1750 5186 est,

161 5198 438 5260 nonsatis
467 5208 612 5269 patet
638 5198 823 5253 Hilarii
854 5198 1142 5269 sententia.

240 5272 317 5347 (c)
351 5270 408 5325 In
442 5261 574 5347 mss.
608 5270 786 5347 llom_.,
821 5269 1021 5333 Vatic.,
1044 5265 1202 5347 Colb.
1224 5274 1288 5347 et
1315 5263 1480 5347 Carn.
1509 5261 1646 5347 alitis
1672 5271 1755 5315 est

159 5333 610 5412 Subsequentium
641 5333 941 5412 verborum,
961 5339 1116 5412 ordo,
1148 5344 1294 5412 puta,
1320 5336 1560 5404 dicitque,
1587 5333 1755 5412 Nemo

163 5425 330 5489 potest
350 5405 612 5489 dimittere
641 5421 865 5489 peccata,
895 5411 996 5489 nisi
1005 5410 1164 5489 solus
1208 5405 1390 5489 Deus”;
1411 5421 1530 5489 ergo
1556 5406 1645 5487 qui
1671 5419 1755 5485 re-

164 5476 326 5551 inisit,
362 5483 503 5537 Dens
538 5476 650 5557 est."
674 5485 826 5554 facile
850 5476 956 5557 esse
979 5477 1156 5557 (Colb.
1184 5481 1278 5557 est)
1303 5476 1416 5557 ﬁlio
1450 5476 1760 5557 hominisjn

166 5546 322 5614 terra,
345 5563 556 5624 peccata
591 5546 860 5609 dimittere.
895 5546 1120 5607 Verbum
1156 5546 1292 5604 enim
1323 5546 1416 5600 Dei
1460 5548 1514 5601 in
1558 5546 1762 5601 homine

167 5645 381 5683 manens
395 5666 412 5688 ν
443 5637 550 5681 etc.
919 5656 930 5665 ο

237 5700 320 5773 (d)
355 5687 510 5769 apud
543 5695 673 5752 Bud.
707 5705 851 5751 esset.
887 5695 1142 5752 Erasmus
1180 5687 1378 5747 deinde
1402 5689 1625 5746 verbum
1659 5703 1767 5745 esse

1854 4581 2021 4638 dicit?
2050 4581 2219 4638 Erant
2247 4596 2378 4653 ergo
2407 4581 2603 4653 quibus
2647 4595 2870 4638 necesse
2911 4596 3018 4638 non
3049 4590 3169 4639 erat
3210 4590 3270 4638 ut
3308 4582 3460 4638 veni-

1859 4772 1981 4834 post
2019 4771 2186 4832 posset
2225 4759 2784 4834 transtulit,_detorta_
2820 4759 3064 4834 nonnihil
3103 4759 3294 4834 Hilarii
3327 4763 3458 4834 seu-4

1857 4831 2044 4900 tentia,
2071 4851 2175 4905 qua
2206 4835 2376 4889 vulta
2419 4831 2638 4887 Christo
2668 4831 2932 4905 declarari
2959 4873 2974 4897 ,
3005 4847 3131 4905 eum
3175 4832 3357 4898 ipsum
3394 4833 3458 4905 (in

1857 4907 2056 4990 sejam
2090 4903 2238 4960 cerni
2277 4915 2645 4975 corporatum,
2688 4904 2774 4958 cui
2816 4903 3074 4959 convenit
3115 4909 3333 4974 peccata
3375 4903 3460 4958 di-

1860 4989 2099 5033 mittere.

1933 5071 2004 5143 (ε)
2053 5071 2175 5126 Par.
2217 5085 2338 5125 cum
2379 5084 2483 5143 ms.
2527 5067 2678 5125 Colb.
2721 5067 2950 5122 adtexta.
2995 5065 3327 5143 Concinnius
3371 5065 3465 5124 alii

1858 5140 2266 5215 libri,adjecta,
2282 5142 2536 5215 nimirum
2564 5149 2762 5215 printer
2783 5140 3459 5215 prteseutiumyeritatem.

1861 5213 2067 5268 Deinde
2092 5209 2157 5268 'in
2201 5214 2323 5266 aliis
2363 5213 2525 5267 etiam
2569 5209 2701 5265 edit.
2749 5219 2871 5280 post
2915 5210 3078 5266 verba
3116 5210 3372 5264 dictorum
3414 5218 3464 5262 et

1861 5289 2118 5356 factorum
2149 5291 2421 5356 punctum
2448 5281 2909 5356 ﬁgebaturj‘cum
2943 5299 2997 5335 η.
3029 5285 3097 5347 ti,
3135 5282 3296 5356 futuri
3336 5292 3461 5356 spe-

1863 5349 2003 5412 ciem
2033 5357 2086 5410 in
2113 5349 2274 5412 dictis
2303 5349 2508 5422 expleri
2538 5353 2677 5407 dicat
2710 5352 2973 5418 Hilarius,
3006 5367 3110 5405 non
3143 5352 3194 5404 in
3227 5349 3402 5403 l'actis.

1878 5496 1886 5499 _
1936 5447 2007 5521 (Ῑ)
2033 5447 2086 5501 ln
2120 5445 2509 5521 vulgatis,‘hac
2539 5446 2641 5497 via.
2677 5443 2844 5521 Magis
2870 5444 3044 5521 placet
3081 5445 3461 5521 cum‘quatuor

1868 5506 2001 5575 mss:
2031 5535 2090 5572 ac
2121 5506 2240 5586 uia:
2264 5506 2495 5600 inanimo
2535 5529 2658 5571 cum
2694 5506 3103 5570 de'reversionc
3147 5507 3216 5564 ad
3250 5506 3460 5563 caelum

1869 5607 1996 5648 mox
2025 5603 2206 5645 sermo
2234 5598 2327 5644 Sit.

1943 5679 2022 5756 (g)
2054 5679 2272 5753 Aliquot
2301 5695 2434 5737 mss.
2461 5694 2583 5738 etim
2611 5673 2863 5746 vulgatis,
2889 5670 3062 5725 malle.
