3974 6198
527 291 632 350 967

1735 238 1982 335 SANCTI
2020 275 2273 334 illLARll
2304 273 2606 333 EPISCOPl
3729 267 3816 325 968

527 407 656 462 dum
687 418 746 461 se
777 411 952 459 tamen
983 413 1196 472 semper
1230 398 1512 456 exuberat.
1535 393 1612 454 Et
1639 396 1759 468 quia
1793 398 1976 466 plures
2001 409 2122 450 esse
2151 397 2204 456 Α
2299 394 2352 448 5.
2416 393 2479 446 1η
2507 389 2790 463 apostolico
2831 386 3110 444 ministerio
3137 384 3214 441 nil
3246 383 3448 440 venale.
3483 411 3562 426 -—
3595 380 3815 448 Aurum,

528 501 660 557 utile
689 501 777 566 sit,
803 513 898 569 per
921 511 1058 567 quos
1084 494 1447 558 ministretur;
1475 493 1652 562 rogari
1670 483 1952 546 Dominum
1974 503 2120 542 tues-

529 594 604 650 sis
626 593 801 664 juhct,
831 599 888 644 ut
911 591 966 644 in
1012 603 1242 643 messem
1286 585 1564 656 operarios
1593 584 1774 654 plures
1805 580 2023 652 ejiciat:
2055 576 2123 632 ad

528 680 918 753 capessendum
945 680 1150 736 scilicet
1166 677 1307 750 quod
1325 676 1724 748 praaparabatur
1744 673 1944 730 donum
1961 673 2122 743 711

528 774 760 845 Spiritus
811 773 1016 839 sancti,
1070 786 1368 828 messorum
1425 770 1635 839 copiam
1690 767 1831 822 Deus
1861 773 2123 836 prasstet:

528 885 627 941 per
648 867 944 924 orationem
967 867 1112 922 enim
1140 880 1204 920 ac
1232 878 1449 935 precem
1481 861 1584 917 hoc
1617 861 1772 916 nobis
1804 875 1833 913 a
1868 859 1978 912 Deo
2008 871 2127 911 mu-

530 978 633 1018 nus
664 960 740 1034 (a)
770 960 1084 1018 elfuntlitur.
1112 959 1289 1030 Atque
1318 966 1376 1013 ut
1405 959 1456 1012 in
1487 969 1722 1012 messem
1756 953 1897 1007 illam
1922 965 2129 1006 messo-

530 1071 620 1112 res
655 1069 975 1111 numerosos
1004 1070 1071 1108 ex
1110 1053 1193 1108 his
1237 1050 1524 1107 duodecim
1571 1049 1804 1119 primum
1852 1041 2130 1114 Apostolis

532 1147 910 1215 dilfundemlos
931 1146 1193 1201 iudicaret
1218 1161 1234 1210 ;
1265 1141 1576 1200 convocatis
1603 1140 1707 1194 illis
1733 1137 1881 1194 dedit
1904 1135 2129 1208 ejicien-

533 1244 723 1300 dorum
771 1243 1055 1312 spirituum
1100 1247 1458 1310 potestatem,
1503 1243 1558 1289 et
1599 1232 1776 1288 omnis
1805 1225 2133 1285 inﬁrmitatis

534 1333 836 1391 medendae.
888 1333 1056 1403 Hujus
1084 1332 1228 1387 enim
1259 1329 1382 1384 doni
1415 1326 1490 1399 (b)
1518 1325 1839 1390 virtutibus,
1887 1327 2135 1392 poterant

535 1439 590 1484 et
617 1425 1114 1497 turbatorexpelli,
1145 1432 1202 1479 et
1231 1422 1447 1478 infirma
1474 1419 1674 1475 curari.
1705 1418 1776 1473 Et
1801 1416 2020 1484 dignum
2052 1420 2136 1468 est

534 1527 930 1593 praeceptorum
961 1518 1300 1588 singulorum
1327 1511 1740 1584 signiﬁcantiam
1770 1503 2038 1564 contueri.

607 1616 662 1670 3.
686 1614 959 1683 Praecepta
988 1609 1180 1666 Christi
1201 1606 1544 1677 apostolicum
1563 1619 1747 1657 manus
1759 1599 2140 1669 spectantia.—

537 1707 828 1766 Abstinere
865 1720 924 1760 se
966 1719 998 1758 a
1030 1702 1134 1757 viis
1174 1699 1412 1771 gentium
1454 1696 1812 1752 admonentur
1837 1689 2000 1764 (Ibid.
2030 1687 2085 1759 5)
2121 1705 2134 1741 :

2227 495 2503 556 argentum
2523 527 2536 551 ,
2576 484 2857 555 pecuniam
2895 480 3176 552 possidere
3206 477 3534 533 inhibentur
3567 475 3622 528 in
3650 476 3814 540 zonis,

2226 587 2279 633 et
2307 591 2486 647 peram
2512 577 2564 630 in
2592 576 2677 628 via
2698 575 2857 639 ferre,
2886 583 2941 628 et
2967 573 3099 627 duas
3125 572 3335 625 tunicas
3360 579 3412 624 et
3433 569 3819 634 calceamenta,

2227 675 2282 724 et
2309 666 2512 737 virgam
2568 667 2622 721 in
2654 665 2902 720 manibus
2930 677 3238 718 assumere:
3268 669 3324 716 et
3346 659 3557 731 dignus
3588 659 3823 713 mercede

2240 775 2335 815 sua
2361 771 2446 815 est
2473 759 2753 829 operarius
2781 756 2944 830 (Ibid.
2975 755 3008 811 9
3034 765 3084 811 et
3116 754 3226 826 l0).
3259 753 3378 808 Non
3406 751 3715 807 invidiosus
3734 792 3747 816 ,
3775 759 3828 804 ut

2229 854 2496 918 arbitror,
2542 852 2832 908 thesaurus
2871 850 2924 904 in
2976 863 3112 903 zona
3160 856 3242 903 est
3271 865 3284 902 :
3316 856 3374 902 ct
3401 844 3537 916 quid
3570 843 3676 899 sibi
3727 845 3832 896 vult

2231 947 2378 1014 auri,
2409 948 2652 1015 argenti,
2677 953 2840 1014 atque
2864 942 2988 997 aeris
3029 941 3081 995 in
3105 954 3240 994 zona
3265 937 3496 992 inhibita
3527 935 3831 1005 possessio?

2231 1040 2374 1095 Zona
2405 1049 2488 1093 est
2516 1037 2797 1093 ministerii
2831 1043 3119 1104 apparatus
3146 1073 3160 1099 ,
3193 1044 3247 1088 et
3279 1030 3346 1085 ad
3371 1030 3686 1085 efficaciam
3715 1043 3834 1098 Ope-

2232 1134 2306 1188 ris
2334 1130 2666 1202 prmcinctio.
2694 1128 2836 1198 Ergo
2864 1143 2932 1182 ne
2953 1126 3079 1196 quid
3113 1127 3163 1179 in
3193 1124 3500 1180 ministerio
3524 1131 3722 1176 nostro
3752 1137 3836 1177 vc-

2234 1225 2355 1280 nale
2373 1222 2848 1282 sitadmonemur;
2880 1218 2952 1291 (f)
2975 1235 3150 1289 neque
3181 1217 3282 1272 hoc
3309 1216 3656 1287 apostolatus
3685 1214 3838 1286 712

2236 1316 2406 1372 nostri
2434 1330 2568 1387 opus
2619 1316 2707 1368 liat
2739 1313 2886 1379 auri,
2944 1310 3200 1383 argenti,
3246 1311 3484 1380 atrisque
3545 1311 3835 1379 possessio.

2240 1410 2350 1463 Nec
2375 1425 2548 1481 peram
2577 1407 2630 1460 in
2662 1408 2763 1472 via,
2795 1419 2980 1460 curam
3026 1404 3236 1458 scilicet
3265 1402 3545 1456 saecularis
3587 1399 3840 1455 substan-

2239 1504 2325 1558 tia:
2366 1499 2778 1572 relinquendam
2808 1517 2821 1553 :
2848 1498 2972 1569 quia
3020 1496 3197 1551 omnis
3226 1494 3517 1550 thesaurus
3565 1493 3640 1548 sit
3667 1491 3844 1562 perni-

2240 1597 2421 1652 ciosus
2448 1595 2501 1648 in
2537 1604 2709 1659 terra,
2735 1589 2899 1647 corde
2930 1600 3120 1645 nostro
3145 1589 3254 1643 illic
3272 1587 3490 1652 futuro,
3524 1585 3618 1639 ubi
3646 1585 3844 1639 conda-

2239 1697 2326 1742 tur
2355 1698 2410 1742 et
2459 1685 2764 1740 thesaurus.
2822 1681 2945 1737 Non
2975 1682 3107 1735 duas
3160 1681 3377 1734 tunicas.
3428 1677 3649 1734 Sufﬁcit
3697 1678 3839 1732 enim

538 1815 649 1854 non
675 1796 820 1868 quod
849 1811 955 1850 non
1004 1794 1165 1849 etiam
1206 1789 1272 1846 ad
1313 1789 1543 1844 salutem
1571 1784 1813 1857 gentium
1854 1782 2137 1835 mitteren-
2168 1778 2216 1839 B
2244 1784 2398 1838 nobis
2427 1783 2596 1837 semel
2629 1781 2873 1837 Christus
2908 1780 3124 1834 indutus
3150 1795 3163 1832 :
3195 1794 3363 1844 neve,
3395 1793 3495 1848 per
3522 1777 3842 1847 pravitatem

540 1900 649 1957 tur,
682 1888 776 1943 sed
808 1897 866 1941 ut
891 1901 1055 1955 opere
1090 1893 1144 1938 et
1173 1882 1282 1936 vita
1311 1879 1530 1950 gentilis
1558 1873 1876 1947 ignorantiae
1903 1869 2141 1926 abstine-

540 1992 680 2039 rent.
705 1981 762 2036 ln
787 1979 1033 2036 civitates
1060 1974 1525 2030 Samaritanorum
1558 1969 1705 2023 vetiti
1741 1975 1866 2021 sunt
1892 1963 2140 2020 introire.

541 2071 808 2143 Numquid
833 2084 938 2124 non
971 2069 1147 2138 potius
1165 2063 1560 2122 Samaritanam
1585 2062 1700 2130 ipse
1720 2057 1928 2114 curavit
1957 2055 2137 2123 (Joan.

541 2164 644 2238 4)?
675 2162 780 2219 Sed
825 2169 883 2216 ut
925 2159 1184 2216 ecclesias
1231 2156 1608 2211 haereticorum
1661 2167 1767 2206 non
1814 2148 2014 2204 adeant
2042 2146 2136 2202 ad-

543 2265 854 2313 monentur.
885 2252 1028 2307 Nihil
1067 2249 1210 2305 enim
1244 2248 1425 2304 diliert
1453 2247 1520 2301 ab
1557 2243 1889 2316 ignoratione
1919 2254 2141 2310 perver-

543 2350 695 2406 sitas.
722 2347 1007 2402 Mittuntur
1026 2342 1222 2399 deinde
1245 2341 1311 2396 ad
1329 2356 1458 2396 oves
1495 2337 1733 2408 perditas
1761 2336 1955 2390 domus
1982 2330 2145 2386 Israel

548 2442 762 2514 (Matth.
798 2457 853 2507 ι,
883 2439 964 2509 6).
995 2437 1195 2508 Atquin
1237 2435 1289 2489 in
1319 2447 1440 2488 eum
1471 2429 1628 2502 (Scit.
1657 2428 1957 2496 Christum)
1993 2425 2144 2492 lupo-

544 2551 662 2592 rum
718 2548 783 2590 ac
834 2534 1142 2604 viperarum
1186 2525 1382 2597 linguis
1430 2532 1486 2579 et
1546 2521 1788 2576 faucibus
1834 2519 2143 2573 saevierunt.

545 2630 653 2687 Sed
682 2628 754 2700 (c)
785 2626 1053 2697 legislatio
1095 2623 1340 2677 obtinere
1378 2617 1712 2688 privilegium
1753 2609 2025 2681 Evangelii
2052 2607 2148 2663 de-

546 2724 711 2780 bebat
745 2740 757 2776 :
787 2721 891 2776 hoc
923 2722 1101 2774 minus
1138 2715 1301 2770 Israel
1347 2711 1571 2770 sceleris
1612 2710 1696 2764 sui
1739 2703 2146 2764 excusationem

548 2813 865 2880 habiturus,
892 2825 1000 2882 quo
1025 2810 1147 2881 plus
1171 2805 1474 2864 sedulitatis
1518 2803 1571 2858 in
1611 2799 1979 2857 admonitione
2024 2810 2150 2852 scn-

547 2915 726 3054 “sit”.
742 2996 986 3071 Perfecta
1028 2996 1082 3049 in
1133 2992 1393 3066 Apostolis
1423 2987 1616 3044 Christi
1653 2986 1843 3060 imago.
1892 3011 1962 3024 —-
2015 2979 2148 3034 Tota

551 3093 746 3152 deinde
775 3094 826 3146 in
855 3089 1132 3162 apostolos
1162 3096 1400 3158 potestas
1425 3082 1640 3139 virtutis
1666 3076 1953 3134 dominicae
1982 3081 2154 3128 trans-

2246 1874 2618 1943 intelligentire
2663 1882 2862 1928 nostra:
2887 1913 2903 1939 ,
2951 1873 3125 1926 altera
3153 1870 3411 1939 deinceps
3443 1869 3533 1922 vel
3576 1868 3844 1923 hereseos

2241 1967 2330 2021 vel
2361 1966 2494 2036 legis
2541 1973 2694 2020 veste
2746 1965 3055 2020 induantur.
3101 1962 3226 2017 Non
3269 1962 3640 2016 calceamenta.
3684 1961 3845 2015 Nutu-

2245 2059 2370 2130 quid
2395 2059 2750 2113 humanorum
2776 2058 2973 2128 pedum
3006 2055 3289 2112 infirmitas
3328 2056 3542 2125 patiens
3583 2065 3669 2110 est
3693 2055 3846 2109 nutli-

2246 2153 2414 2207 tatis?
2454 2151 2559 2208 Sed
2591 2153 2641 2206 in
2677 2160 2860 2206 sancta
2893 2161 3032 2205 terra
3053 2191 3066 2215 ,
3093 2158 3148 2204 ct
3194 2159 3541 2219 peccatorum
3571 2149 3748 2218 spinis
3771 2157 3846 2202 at-

2244 2257 2349 2313 que
2379 2243 2584 2298 aculeis
2609 2258 2715 2298 non
2743 2242 2966 2297 obsessa
2988 2284 3001 2306 ,
3036 2251 3095 2295 ut
3140 2241 3312 2313 Moysi
3355 2239 3563 2295 dictum
3592 2249 3706 2307 est,
3759 2257 3847 2294 nu-

2244 2335 2327 2390 dis
2354 2336 2584 2406 pedibus
2634 2337 2825 2392 staturi
2857 2333 3058 2406 (Exodi
3104 2348 3162 2389 ιιι
3190 2376 3204 2400 ,
3235 2335 3326 2404 5),
3351 2333 3720 2389 admonemur
3744 2349 3842 2389 non

2245 2427 2409 2482 alium
2439 2427 2711 2498 ingressus
2737 2428 2904 2482 nostri
2938 2427 3155 2492 habere,
3181 2441 3345 2496 quam
3377 2442 3539 2496 quem
3571 2441 3604 2481 a
3631 2425 3840 2481 Christo

2247 2518 2564 2588 accepimus
2590 2561 2604 2585 ,
2632 2529 2968 2590 apparatum.
3003 2519 3179 2587 Neque
3203 2519 3398 2588 virgam
3419 2519 3472 2572 in
3498 2518 3734 2572 manibus
3758 2560 3772 2583 ,
3797 2517 3842 2573 id

2247 2620 2352 2678 est,
2382 2613 2660 2681 potestatis
2681 2622 2951 2667 extranea!
2974 2627 3079 2666 non
3110 2609 3186 2682 (g)
3215 2611 3684 2682 indigi,qua:rere
3704 2611 3839 2680 jura,

2251 2702 2510 2760 habentes
2539 2705 2743 2775 virgam
2787 2703 2856 2758 de
2887 2703 3068 2760 radice
3113 2703 3306 2768 Iesse;
3333 2719 3456 2756 nam
3497 2718 3844 2773 quazcumque

2249 2796 2354 2850 alia
2384 2796 2575 2864 fuerit,
2610 2812 2716 2852 non
2737 2798 2840 2853 erit
2861 2795 3061 2852 Christi
3086 2814 3098 2850 :
3127 2797 3375 2852 instructi
3398 2798 3548 2851 omni
3573 2798 3846 2867 superiore

2251 2904 2502 2945 sermone
2524 2889 2592 2943 ad
2622 2889 3012 2946 conﬁciendum
3040 2893 3144 2945 iter
3171 2890 3378 2955 saeculi,
3401 2890 3597 2959 gratia,
3637 2890 3845 2954 viatico,

2253 2994 2422 3049 veste,
2453 2985 2822 3041 Calceamento
2847 3027 2862 3052 ,
2897 2995 3202 3054 potestate;
3251 2986 3302 3040 in
3335 2985 3421 3040 bis
3449 2985 3598 3040 enim
3629 3001 3849 3056 operan-

2255 3084 2357 3139 tcs,
2387 3076 2531 3146 digni
2578 3077 2828 3132 mercede
2872 3086 3054 3132 nostra
3103 3077 3468 3146 reperiemur,
3510 3077 3560 3131 id
3603 3088 3718 3143 εει,
3763 3091 3850 3146 per

552 3190 720 3246 ter-tur
753 3205 766 3242 :
799 3183 881 3258 (ά)
911 3194 965 3240 et
1003 3185 1093 3254 qui
1122 3183 1176 3236 in
1211 3179 1375 3236 Adam
1405 3179 1457 3232 in
1500 3176 1788 3245 imaginem
1820 3179 1876 3227 et
1899 3167 2146 3224 similitu-
2175 3158 2221 3222 C
2254 3170 2446 3227 horum
2473 3171 2870 3228 observantiam
2892 3172 3131 3227 caelestis
3162 3172 3277 3242 Spei
3307 3172 3534 3242 pra-mia
3561 3171 3848 3241 recepturi.

550 3282 733 3339 dinem
779 3256 872 3333 Dei
913 3284 1069 3332 erant
1099 3271 1349 3343 figurati,
1404 3283 1548 3326 nunc
1598 3264 1894 3339 perfectam
1944 3256 2148 3316 Christi

551 3376 839 3447 imaginem
860 3380 915 3428 et
937 3367 1346 3426 similitudinem
1373 3366 1691 3426 sortiuntur,
1716 3358 1848 3414 nihil
1880 3372 1909 3410 a
1937 3352 2146 3410 Domini

553 3469 636 3525 sui
684 3465 970 3522 virtutibus
1014 3461 1367 3522 dill‘erentcs;
1417 3465 1472 3511 et
1528 3455 1616 3526 qui
1655 3459 1944 3508 terrestres
1991 3454 2150 3501 antea

553 3569 728 3625 erant,
755 3559 1008 3614 ctelestes
1038 3553 1199 3609 modo
1223 3552 1376 3606 linat.
1406 3547 1708 3604 Praedieent
1737 3557 1960 3615 regnum
1987 3538 2152 3595 ctelo-

554 3668 675 3708 rum
715 3651 1076 3720 propinquare
1103 3643 1264 3717 (Ibid.
1303 3643 1390 3714 7),
1441 3640 1731 3710 imaginem
1757 3635 1967 3691 scilicet
1995 3643 2049 3689 et
2078 3631 2154 3686 si-

557 3742 916 3799 militudinem
943 3739 1036 3795 Dei
1063 3753 1206 3793 nunc
1229 3738 1280 3791 in
1299 3734 1631 3790 consortium
1655 3728 1897 3784 veritatis
1917 3722 2150 3788 assumi;

558 3846 620 3893 ut
646 3836 819 3891 sancti
847 3847 1068 3897 omnes,
1109 3831 1200 3901 qui
1239 3827 1364 3885 coeli
1407 3823 1698 3894 nuncupati
1738 3829 1896 3886 sunt,
1925 3817 2154 3874 Domino

559 3931 917 3995 conregnent.
949 3921 1024 3993 (ε)
1057 3920 1309 3974 Inlirmos
1336 3924 1555 3980 curent,
1588 3924 1839 3967 mortuos
1858 3911 2152 3972 suscitent,

559 4017 806 4086 leDI‘OsOS
857 4011 1192 4076 emundent,
1241 4009 1514 4064 daemones
1563 4003 1782 4074 ejiciant
1830 3999 1992 4074 (Ibid.
2051 3998 2152 4070 8);

2322 3263 2376 3316 6.
2431 3262 2494 3317 In
2543 3280 2916 3335 quamcumque
2958 3265 3214 3319 civitatem
3274 3264 3578 3318 introieritis
3632 3265 3848 3318 interro--

2249 3363 2365 3424 gate
2391 3355 2506 3425 quis
2534 3355 2586 3408 in
2612 3371 2670 3407 ea
2705 3354 2891 3426 dignus
2922 3362 3017 3419 est,
3066 3363 3121 3409 et
3174 3353 3381 3422 reliqua
3413 3353 3580 3424 (Ibid.
3614 3352 3728 3426 ll).
3753 3353 3851 3408 Le-

2254 3449 2338 3502 via
2364 3447 2500 3502 [οι-ιθ
2543 3449 2802 3503 Dominus
2851 3447 3069 3504 dedisse
3119 3447 3394 3518 Apostolis
3420 3457 3692 3518 przecepta
3714 3447 3850 3502 exis-

2253 3541 2556 3595 timabitur:
2588 3540 2732 3612 quod
2760 3555 2818 3596 se
2859 3556 3027 3612 usque
3050 3540 3122 3595 ad
3164 3541 3365 3595 monita
3395 3541 3725 3606 introeundi,
3755 3541 3846 3595 ba-

2254 3634 2482 3700 bitandi,
2513 3634 2781 3698 morandi,
2808 3634 3148 3704 eseundique
3191 3633 3552 3689 summiserit.
3594 3633 3716 3688 llarc
3741 3633 3848 3704 qui-

2254 3728 2376 3782 dem
2408 3727 2678 3782 intellecta
2701 3727 3016 3796 simpliciter
3063 3733 3372 3781 sanctorum
3413 3725 3699 3781 modestia:
3732 3725 3847 3780 eon-

2263 3827 2482 3897 gruunt,
2517 3829 2568 3873 ut
2596 3835 2716 3873 cum
2750 3819 2910 3890 digno
2932 3821 3002 3874 sit
3033 3819 3390 3889 hospitalitas,
3427 3834 3568 3874 neve
3592 3835 3691 3890 per
3712 3819 3846 3873 incu-

2257 3913 2390 3966 riam
2425 3923 2518 3966 aut
2570 3912 2925 3981 iguOrantiatn
2957 3912 3358 3967 cohabitatione
3398 3913 3680 3983 probrosa:
3708 3911 3847 3966 fami-

2257 4001 2343 4056 lia:
2391 4004 2713 4072 polluantur.
2749 4004 2866 4060 Sed
2907 4005 3236 4060 introeuntes
3270 4005 3550 4060 civitatem
3596 4006 3665 4060 dc
3701 4005 3846 4075 digno

559 4105 819 4179 quidquid
865 4104 1129 4160 malorum
1175 4101 1308 4156 Adae
1352 4097 1569 4169 corpori
1613 4103 1816 4150 satana:
1873 4092 2160 4147 instinctus
2253 4093 2780 4166 jubctinterrogare,
2813 4106 3011 4152 etcum
3045 4112 3112 4152 eo
3149 4096 3393 4152 habitare
3431 4111 3608 4168 usque
3635 4097 3703 4151 ad
3732 4111 3840 4166 pro-

561 4200 837 4262 intulerat,
868 4197 974 4253 hoc
995 4211 1209 4252 rursum
1242 4193 1343 4264 ipsi
1373 4191 1441 4247 de
1471 4189 1854 4246 communione
1875 4184 2158 4241 dominica

562 4293 841 4366 potestatis
869 4289 1181 4346 emundent.
1217 4287 1280 4342 Et
1304 4295 1362 4341 ut
1389 4300 1457 4340 ex
1486 4293 1621 4349 toto,
1656 4279 1952 4336 secundum
1978 4277 2158 4332 Gene-

561 4386 637 4441 sis
666 4382 999 4455 prophetiam
1030 4380 1178 4454 (Gen.
1211 4395 1265 4445 ι,
1294 4377 1388 4448 ‘26)
1411 4417 1426 4443 ,
1459 4376 1552 4430 Dei
1583 4371 1991 4429 similitudinem
2031 4384 2162 4423 cou-

561 4488 876 4550 sequantur,
905 4476 1036 4532 dare
1055 4473 1222 4546 gratis
1251 4470 1393 4543 quod
1419 4469 1588 4540 gratis
1616 4473 1944 4536 acceperunt
1967 4463 2161 4533 juben-

2259 4185 2583 4242 Iectionem:
2618 4186 2837 4242 domum
2861 4202 3076 4260 quoque
3103 4187 3171 4242 ab
3210 4187 3615 4244 introeuntibus
3646 4186 3843 4258 paciﬁce

2261 4278 2514 4333 salutari:
2583 4295 2703 4350 qua:
2733 4280 2778 4335 si
2831 4281 2992 4352 digna
3036 4290 3142 4347 est,
3194 4290 3248 4336 et
3272 4283 3422 4352 pacis
3477 4282 3666 4353 (etiam
3695 4278 3844 4350 pacis)

2261 4376 2639 4428 communione
2671 4375 2742 4429 sit
2769 4375 2928 4444 digna
2959 4392 2974 4441 ;
3016 4374 3062 4430 si
3083 4374 3318 4445 indigna,
3357 4389 3464 4446 pax
3507 4374 3736 4430 invicem
3766 4386 3843 4426 re-

2262 4473 2526 4519 vertatur:
2553 4465 2640 4536 qui
2672 4476 2852 4522 autem
2891 4481 2997 4522 non
3035 4466 3346 4536 receperint
3397 4480 3517 4531 eos,
3552 4476 3845 4520 sermones-

564 4580 652 4626 tur
713 4588 727 4625 :
774 4578 831 4626 ut
875 4572 948 4626 sit
1000 4567 1206 4624 scilicet
1258 4561 1582 4621 ministratio
1632 4557 1866 4632 gratuita
1916 4556 2156 4612 muneris
2186 4539 2240 4599 Ῑ)
2264 4573 2369 4628 que
2400 4573 2586 4614 eorum
2609 4576 2624 4626 ;
2648 4561 2730 4615 his
2759 4574 2989 4617 excusso
3014 4559 3211 4631 pedum
3233 4559 3482 4630 pulvere,
3509 4569 3728 4615 aeternae
3749 4569 3848 4611 ma-

563 4662 800 4735 gratuiti.

565 4870 896 4927 mulationem
925 4865 1334 4924 conﬁciebatur.

641 4943 719 5015 (α)
748 4939 1031 5015 Bad.,_Er._
1074 4947 1128 4992 et
1157 4937 1303 5005 Lips.
1343 4931 1664 5015 effundatur:
1684 4931 1957 5015 Alii'vero
1987 4927 2156 5015 libri,

566 5001 868 5080 eﬁ't‘tn'ditur.
894 5010 995 5065 Hic
1018 5010 1169 5080 locus
1194 5001 1502 5080 rursumad
1530 5001 2160 5080 c0n|i_rtnalio_nis_sa£ra-

570 5070 806 5139 mentum
833 5091 1006 5151 potest
1023 5079 1234 5136 referri.
1259 5076 1552 5151 Vide,inl‘ra
1581 5089 1631 5128 c.
1658 5075 1746 5140 19,
1773 5090 1825 5127 ιι.
1852 5074 1907 5138 5,
1932 5071 2016 5126 ubi
2036 5070 2158 5151 Spi-

568 5156 703 5211 ritus
724 5142 894 5208 sancti
912 5153 1108 5208 donum
1125 5167 1214 5217 per
1239 5142 1883 5222 intpos'itionemntanuset
1905 5142 2158 5212 precatio-

572 5242 686 5280 nem
716 5225 954 5296 praestari
972 5215 1475 5296 declaraturfTum
1518 5219 1723 5272 emtlem
1750 5215 2014 5296 editiones
2040 5227 2160 5266 cum

571 5297 694 5354 Par.
717 5286 780 5352 ἐι
805 5311 935 5351 mss.
960 5292 1113 5350 Colb.
1139 5301 1193 5348 et
1218 5292 1555 5362 Carnfatque
1573 5298 1850 5362 utmessem
1871 5286 2018 5362 illam
2035 5299 2161 5336 mes-

570 5385 829 5438 soresque;
845 5369 1038 5437 quibus
1059 5365 1349 5433 subjiciunt
1367 5357 1732 5438 duoprmdieti
1759 5372 1858 5411 ms.
1889 5371 1951 5408 ex
1975 5357 2047 5438 bis
2068 5370 2164 5408 nu-

571 5427 732 5496 mero.
749 5427 1014 5492 duodecim
1035 5427 1254 5505 primum
1291 5427 1570 5502 apostolos.
1599 5432 1838 5505 Casu-ros
1860 5427 2156 5505 sequimur:

642 5511 718 5585 (b)
747 5512 804 5566 In
837 5497 1046 5585 duobus
1095 5522 1224 5561 mss.
1258 5497 1440 5585 virtute
1474 5511 1741 5585 poterant.
1779 5497 1979 5585 Deinde
2021 5497 2159 5585 apud

571 5568 840 5640 Laliitium
869 5581 1159 5636 Vaticanus
1212 5575 1401 5637 codex,
1436 5568 1500 5628 ρι’
1541 5575 1746 5627 turbata
1767 5588 1785 5625 :
1835 5568 1973 5640 male
1993 5610 2006 5634 ,
2036 5584 2157 5623 cum

571 5639 809 5726 potestas
839 5654 895 5708 in
923 5651 1255 5706 turbatorem
1273 5645 1554 5726 diabolum
1583 5639 2084 5726 data_siguilicetur.

585 5711 924 5795 (θηται-οη.
958 5735 1098 5795 mss.
1143 5735 1171 5795 a
1204 5719 1381 5795 prima
1407 5730 1602 5795 manu,
1633 5713 1728 5795 sed
1756 5714 1928 5795 magis
1957 5711 2156 5795 lectio;

524 5814 554 5854 a
578 5785 865 5860 se'c'unda,
884 5793 972 5848 sed
1001 5793 1127 5863 tegis
1151 5785 1319 5859 lectio,
1343 5785 1484 5861 quod
1501 5797 1553 5844 ct
1571 5786 1773 5843 habent
1792 5785 1881 5842 alii
1899 5785 2155 5855 quinque.

2261 4650 2564 4708 ledictiouis
2591 4653 2796 4710 semina
2821 4652 3168 4725 relinquenda
3199 4650 3366 4724 (Ibid.
3414 4652 3487 4708 15
3521 4661 3570 4708 et
3596 4651 3702 4724 ll).

2335 4855 2417 4928 (ά)
2449 4856 2619 4928 Εάίιίη
2652 4869 2707 4912 ut
2737 4862 2940 4930 φάη...
2965 4860 3367 4916 sortiantur.....
3401 4859 3570 4928 ﬁant:
3599 4856 3847 4914 reluctan-

2264 4919 2409 5052 hung
2437 4943 2564 5053 ms‘s.
2592 4919 2730 4984 ‘l‘um
2749 4919 2886 4988 'ante
2914 4931 3137 4986 verbum
3169 4919 3472 5000 pradicent,
3495 4930 3846 4999 reticeturju-

2297 5015 2354 5053 en
2382 5017 2443 5053 ur
2473 5018 2503 5053 u
2535 5041 2548 5053 .

2325 5017 2443 5053 mur
2473 5017 2548 5054 ιιι.

2333 5094 2409 5178 ,(ε)
2439 5095 2536 5178 llic
2563 5095 2744 5178 denuo
2787 5097 3264 5178 suppletjubetur
3293 5105 3373 5178 ut.
3415 5093 3556 5149 Male
3581 5104 3775 5178 "autem
3800 5091 3842 5144 in

2265 5166 2416 5248 prius
2445 5171 2671 5238 vulgatis
2696 5166 3082 5248 coasequentia
3114 5168 3178 5248 ad
3227 5176 3469 5248 sanctos,
3502 5166 3700 5248 quibus
3729 5178 3842 5230 pra!-

2266 5238 2474 5310 dicatur
2497 5235 2718 5310 regnum
2741 5235 3025 5306 caelorum,
3055 5238 3460 5302 referebantur;
3484 5251 3611 5291 cum
3636 5235 3702 5291 de
3724 5247 3842 5304 prte-

2267 5308 2598 5364 dicatoribus
2627 5312 2887 5380 apostolis
2909 5310 3053 5366 dicta
3091 5309 3220 5365 sint.

2342 5401 2410 5476 (Ῑ)
2447 5402 2628 5458 Plures
2652 5418 2779 5458 mss.
2816 5419 2976 5474 neque
2999 5403 3049 5456 in
3077 5402 3414 5472 apostolatus.

2342 5496 2420 5568 lg)
2455 5496 2608 5565 Apud
2642 5496 2764 5568 Par.
2795 5506 3120 5568 expunctum
3175 5502 3262 5550 est
3311 5493 3636 5550 vocabulum
3680 5490 3836 5562 indigi.

2268 5566 2402 5621 Alia-
2423 5578 2601 5621 autem
2630 5567 2898 5623 editiones
2931 5566 3282 5636 pratferentes
3319 5568 3587 5636 potestatis
3637 5575 3836 5636 extenta

2258 5639 2378 5710 jure
2404 5654 2504 5691 non
2532 5639 2715 5710 indigi,
2742 5635 2996 5694 omittunt
3015 5635 3464 5710 deindeverbum
3484 5652 3734 5706 querere.
3759 5635 3836 5687 Se-

2268 5708 2480 5782 quimur
2509 5708 2657 5765 mss.’
2683 5711 2736 5765 in
2765 5725 2994 5782 quorum
3034 5708 3311 5766 nonnullis
3352 5708 3588 5766 habetur
3615 5717 3832 5765 enarra.

2269 5779 2390 5837 loco
2416 5789 2692 5836 extraneaz.
