3974 6198
131 405 400 466 Christus
435 413 789 471 liabitator.—
829 421 957 480 Haec
997 443 1101 484 non
1152 433 1504 493 mediocriter
1545 405 1763 499 sensum

126 498 532 574 intelligentia
574 523 942 572 commovent.
972 519 1026 575 Si
1067 523 1212 580 enim
1243 533 1548 587 successuri
1579 533 1764 606 hospi-

127 593 212 650 tio
240 611 361 652 non
393 610 582 670 erunt,
612 605 717 660 nisi
761 618 889 666 ante
909 613 1028 684 quis
1071 617 1264 689 dignus
1293 625 1367 679 sit
1397 593 1762 700 interrogave-

124 686 279 757 rint;
309 695 601 762 quomodo
635 697 854 772 indigna
880 703 1074 764 domus
1103 686 1289 781 postea
1323 686 1664 791 reperietuii?
1690 686 1763 781 Et

124 784 429 850 quomodo
483 785 558 860 (α)
589 804 868 852 sermones
916 813 1104 858 eorum
1135 820 1242 862 non
1281 784 1485 879 audiet,
1532 825 1587 870 et
1610 817 1758 889 ipsos

123 889 239 930 non
271 877 541 950 audiens,
571 892 627 940 et
671 886 820 957 ipsos
851 907 956 948 non
997 897 1430 968 recipienstAut
1472 877 1758 968 enim.hoe

123 965 182 1020 in
210 982 284 1023 eo
317 969 420 1038 qui
459 972 639 1042 justus
670 987 754 1034 est
797 997 902 1038 non
944 995 1027 1041 est
1052 965 1377 1048 verendum:
1403 1007 1496 1052 aut
1525 999 1569 1054 si
1609 1001 1754 1058 indi-

119 1075 267 1130 gnus
301 1074 570 1133 repertus
616 1070 706 1138 sit,
739 1088 842 1130 nec
885 1083 1196 1137 communio
1243 1085 1348 1141 erit
1401 1087 1754 1153 habitationis

120 1153 396 1210 ineunda.
435 1159 498 1213 Et
528 1161 653 1232 quid
678 1164 1038 1241 interrogasse
1059 1175 1370 1245 proderitet
1399 1188 1658 1254 quaesisse
1684 1190 1752 1246 de

119 1243 311 1316 digno,
342 1249 392 1304 si
418 1251 685 1311 adversus
713 1258 987 1332 indignum
1021 1243 1290 1338 hospitem
1323 1283 1377 1328 et
1403 1243 1748 1338 observantia

116 1523 209 1590 qui
237 1524 531 1584 Christum
553 1535 1013 1610 autinsectantur,
1039 1549 1387 1606 autnesciunt
1412 1570 1424 1604 :
1461 1565 1515 1609 et
1538 1557 1589 1611 in
1609 1574 1743 1629 qua-

114 1627 362 1688 cumque
389 1621 624 1682 civitate
669 1627 1008 1704 interrogare
1036 1637 1154 1707 quis
1181 1654 1370 1697 eorum
1413 1621 1744 1708 habitatione

116 1706 186 1762 sit
213 1707 446 1782 dignus,
473 1714 528 1770 id
559 1727 678 1784 est,
709 1722 877 1780 sicubi
906 1706 1143 1785 Ecclesia
1175 1733 1265 1801 sit,
1288 1745 1343 1789 et
1371 1735 1618 1796 Christus
1651 1743 1745 1799 ha-

116 1799 354 1860 bitator:
391 1822 577 1878 neque
595 1826 862 1884 quoquam
886 1818 1011 1874 alibi
1036 1799 1286 1893 transire,
1305 1828 1428 1897 quia
1450 1830 1520 1886 sit
1543 1832 1737 1892 domus

120 1894 312 1968 digna,
346 1907 406 1956 et
422 1900 615 1971 justus
643 1903 863 1978 hospes.

189 1989 244 2046 8.
292 1991 406 2059 Qui
433 2013 544 2064 pas:
582 1998 723 2054 dicta
763 2005 942 2058 reverti
964 2018 1133 2076 queat.
1157 2041 1228 2052 —
1265 2012 1420 2082 Quod
1447 2027 1628 2076 autem
1670 2022 1741 2080 ab

118 2079 538 2143 introeuntibus
562 2090 783 2148 salutari
807 2093 1022 2152 domum
1056 2115 1186 2156 voce
1219 2079 1494 2176 praecepit,
1526 2110 1736 2181 dicens,

118 2171 308 2241 Dicite,
340 2175 471 2232 Pax
497 2180 661 2254 713
680 2183 799 2239 huic
827 2185 1038 2244 domui:
1065 2200 1120 2246 et
1140 2193 1185 2247 si
1217 2171 1379 2267 digna
1397 2171 1608 2258 domus
1648 2171 1737 2261 re;

119 2276 268 2336 perta
295 2270 392 2340 sit,
426 2273 623 2330 venire
649 2291 813 2348 super
835 2296 954 2338 eam
986 2299 1170 2354 pacem
1200 2300 1485 2359 oportere;
1515 2294 1560 2350 si
1609 2310 1739 2354 vero

120 2360 362 2434 indigna,
391 2381 588 2436 pacem
614 2370 681 2426 ad
712 2372 856 2442 ipsos
889 2378 1083 2432 reverti
1109 2396 1122 2432 :
1149 2380 1242 2436 sed
1265 2382 1310 2437 si
1330 2383 1440 2453 jam
1464 2387 1638 2456 primo
1658 2389 1740 2445 in-

119 2468 306 2524 gressu
339 2456 395 2512 in
428 2460 777 2519 salutationis
807 2466 982 2522 ofﬁcio
1017 2469 1155 2526 dicta
1186 2487 1287 2542 pax
1319 2484 1430 2543 est;
1463 2481 1739 2550 quomodo

121 2556 307 2615 postea
347 2551 561 2620 veniet,
601 2565 693 2610 aut
715 2559 986 2626 quomodo
1024 2571 1216 2634 postea
1247 2571 1587 2626 revertetur?
1629 2572 1740 2630 Aut

121 2640 259 2696 enim
278 2641 387 2698 dici
405 2660 518 2714 pax
540 2655 666 2705 ante
681 2665 788 2706 non
809 2651 1014 2720 debuit,
1039 2672 1198 2727 quam
1213 2670 1391 2718 utrum
1412 2664 1572 2736 digna
1594 2678 1740 2726 esset

123 2733 449 2801 probaretur
483 2756 496 2791 :
533 2749 625 2795 aut
654 2742 698 2797 si
745 2743 899 2815 digna
947 2745 1045 2802 fuit
1094 2759 1148 2805 et
1199 2752 1422 2810 salutata
1454 2733 1577 2814 cum
1607 2776 1738 2831 pace

123 2834 222 2892 est,
249 2827 499 2885 conditio
531 2841 587 2886 et
614 2842 850 2892 ventura:
880 2849 934 2894 et
961 2855 1257 2901 reversum
1275 2849 1421 2917 pacis
1435 2866 1540 2907 non
1561 2863 1739 2924 potest

124 2930 189 2971 ex
216 2921 428 2977 ratione
460 2925 831 2993 superioribus
855 2931 1150 2991 cohaerere.
1168 2936 1299 3005 Qua:
1320 2955 1449 3012 ergo
1469 2921 1734 3002 dictorum

125 3009 191 3073 sit
217 3016 534 3084 proprietas
564 3023 909 3080 monstranda
935 3034 1037 3082 est.

1129 220 1672 292 COMMENTARIUS
1713 235 1778 294 ΙΝ
1817 234 2248 304 ΜΑΤἸἩΑΕΗΜ.
2288 243 2440 306 CAP.
2487 253 2552 308 X.

1548 391 1563 418 ,
1615 356 1766 425 cujus
1791 358 1846 418 Α
1869 372 2054 426 centes,
2087 360 2205 418 Pax
2227 364 2348 419 huic
2374 367 2569 423 domui.
2593 367 2737 442 Ergo
2765 387 2866 443 pax
2897 376 3236 437 salutationis
3265 382 3318 440 in
3347 401 3469 443 ver-

3362 271 3468 333 9'70

1866 449 1949 506 bis
1975 464 2056 508 est
2085 466 2140 510 et
2171 459 2435 514 orationis
2462 476 2715 520 sermone
2743 466 3046 525 tribuenda.
3080 473 3250 531 Porro
3279 486 3464 534 autem
3497 512 3502 518 -

1864 556 2050 613 pacem
2081 549 2374 617 propriam,
2406 567 2526 622 quae
2547 553 2759 612 viscera
2785 559 3151 618 miserationis
3180 576 3326 634 sunt,
3355 571 3465 628 non

1863 648 2112 705 Oportere
2141 639 2192 694 in
2239 657 2357 698 eam
2400 645 2588 702 venire
2617 648 2721 704 nisi
2747 649 2907 721 digna
2931 655 3032 710 sit:
3076 673 3195 727 quae
3224 660 3268 714 si
3301 662 3462 733 digna

1863 741 2074 799 reperta
2103 748 2210 789 non
2239 736 2424 807 fuerit,
2457 753 2854 800 sacramentum
2878 748 3029 817 pacis
3055 752 3297 812 caelestis
3323 754 3462 813 intra

1861 823 2135 892 propriam
2166 841 2354 886 eorum
2383 834 2773 891 conscientiam
2797 841 3206 899 continendum.

1931 935 2021 993 10.
2067 937 2418 1000 Habitationis
2464 950 2852 1007 communio.—
2881 952 2938 1008 In
2989 971 3086 1012 eos
3116 967 3322 1030 autem,
3364 962 3456 1033 qui

1856 1026 2038 1083 audita
2069 1033 2308 1089 caelestis
2339 1037 2488 1108 regni
2509 1041 2889 1108 prmdicatione
2912 1049 3278 1118 apostolorum
3319 1067 3460 1124 prte-

1856 1132 2010 1192 cepta
2035 1129 2364 1195 respuerint,
2417 1145 2638 1201 egressu
2679 1150 2889 1206 eorum,
2915 1150 2970 1194 et
3003 1142 3159 1212 signo
3214 1146 3454 1215 pulveris

1854 1212 1922 1268 de
1953 1205 2178 1284 pedibus
2233 1222 2468 1285 excussi,
2514 1233 2716 1282 aeterna
2759 1205 3080 1288 maledictio
3114 1205 3454 1308 relinquatur

1853 1302 2019 1373 (Ibid.
2044 1308 2156 1379 14).
2179 1309 2372 1368 Nescio
2388 1314 2532 1370 enim
2566 1333 2686 1387 quae
2711 1317 2783 1391 (c)
2808 1321 3075 1379 insisteuti
3103 1325 3156 1380 in
3180 1302 3299 1384 loco
3328 1346 3451 1387 cum

1851 1401 2004 1456 eoin
2057 1418 2165 1473 quo
2220 1405 2475 1463 institerit
2539 1409 2660 1466 loco
2712 1412 2927 1471 videtur
2951 1433 3073 1475 esse
3116 1426 3446 1493 communio,

1848 1501 1905 1546 et
1948 1493 2010 1548 fit
2049 1495 2191 1552 inter
2237 1513 2332 1554 eos
2360 1501 2606 1572 quaadam
2650 1509 2895 1576 corporis
2933 1511 3143 1583 solique
3186 1517 3449 1587 conjunc-

1847 1587 1943 1640 tio.
1997 1587 2139 1659 Ergo
2177 1604 2338 1646 omne
2393 1593 2588 1650 domus
2639 1597 2781 1654 illius
2822 1599 3275 1677 habitationisque
3325 1624 3452 1680 pec-

1846 1689 2026 1737 catum
2057 1683 2195 1739 intra
2225 1687 2396 1755 ipsam
2423 1704 2656 1746 excusso
2696 1693 2917 1764 pulvere
2945 1698 3139 1767 pedum
3164 1701 3447 1773 relinqui—

1772 1751 1821 1812 Β
1851 1783 1958 1842 tur,
1985 1777 2227 1847 nihilque
2254 1781 2559 1839 sanctitatis
2586 1784 2655 1840 de
2685 1787 3045 1846 insistentium
3071 1797 3447 1863 apostolorum

1842 1869 2085 1939 vestigiis
2111 1881 2388 1928 mutuatur
2411 1893 2424 1927 :
2455 1884 2513 1930 ut
2540 1892 2769 1948 quorum
2800 1883 2948 1938 aditu
2973 1885 3328 1959 ingressuque
3353 1891 3446 1947 de-

1842 1957 1968 2014 licta
2000 1969 2232 2018 terrente
2261 1965 2484 2036 originis
2529 1969 2868 2037 auferuntur,
2901 1989 3090 2031 eorum
3136 1982 3452 2038 testimonio

1842 2049 2132 2110 inﬁdelitas
2160 2070 2281 2111 cum
2304 2059 2451 2114 omni
2480 2069 2636 2116 terrae
2657 2077 2770 2118 sua;
2792 2065 3009 2134 pulvere
3027 2069 3317 2139 judicetur.
3344 2073 3449 2128 To-

1843 2143 2106 2200 lerabilius
2150 2149 2204 2200 in
2233 2148 2316 2202 die
2328 2150 2524 2223 judicii
2553 2162 2702 2208 terra:
2748 2155 3097 2215 Sodomorum
3123 2172 3172 2216 et
3220 2163 3445 2221 Gomor-

1841 2237 2096 2294 rltaaorum
2119 2242 2234 2308 erit,
2262 2259 2415 2313 quant
2465 2245 2656 2301 civitati
2677 2249 2762 2302 isti
2813 2249 2979 2321 (Ibid.
3012 2253 3134 2327 i5):
3164 2258 3288 2328 quia
3336 2260 3444 2316 illis

1841 2328 2090 2399 ignorato
2111 2332 2326 2390 Christo
2348 2350 2565 2392 errasse
2605 2339 2675 2393 sit
2708 2331 2908 2408 levius,
2931 2343 3014 2399 his
3044 2361 3174 2402 vero
3203 2349 3444 2421 inexpia-

1841 2420 1952 2478 bile
1972 2425 2061 2491 sit,
2089 2435 2183 2481 aut
2207 2427 2558 2496 praedicatum
2585 2447 2692 2486 non
2719 2436 3012 2505 recepisse,
3039 2448 3132 2494 aut
3160 2453 3437 2514 receptum

1843 2531 1950 2572 non
1979 2527 2164 2574 sancte
2188 2535 2364 2590 neque
2393 2523 2658 2580 catholice
2687 2527 3028 2596 praedicasse.

1914 2631 2001 2686 Η.
2045 2632 2310 2706 Serpentis
2338 2633 2614 2704 prudentia
2652 2649 2901 2708 quatenus
2957 2643 3208 2700 imitanda
3259 2664 3441 2706 secun-

1841 2721 1964 2776 dum
1991 2725 2338 2794 quosdam.—
2376 2727 2446 2782 Et
2475 2729 2692 2798 quidem
2740 2732 2922 2801 plures
2951 2734 3072 2802 hos,
3119 2737 3208 2806 qui
3239 2755 3442 2798 vesano

1840 2813 2023 2873 furore
2068 2817 2121 2872 in
2145 2817 2439 2889 Apostolos
2482 2820 2790 2880 desmvituri
2819 2839 3023 2895 essent,
3066 2829 3276 2888 futuros
3317 2849 3442 2891 esse

1839 2908 2123 2980 significat,
2178 2926 2302 2967 cum
2352 2929 2412 2969 se
2437 2930 2532 2970 eos
2562 2917 2703 2972 sicut
2731 2935 2860 2975 oves
2887 2922 2940 2976 in
2975 2924 3158 2980 medio
3189 2926 3438 2998 luporum

1839 3001 1914 3056 ait
1944 3003 2177 3069 mittere,
2215 3005 2513 3073 praedicans
2552 3009 2828 3080 simplices
2850 3014 3176 3090 sicut71ﬁ.
3223 3021 3438 3077 colurn-

193 3102 245 3158 9.
285 3105 605 3166 Judteorum
626 3113 782 3181 ﬁdem
805 3119 1156 3188 proﬁtentium
1184 3126 1328 3181 naria
1347 3130 1580 3200 fallacia.
1615 3133 1733 3192 Pax
1759 3145 1805 3208 Ο
1982 3105 2047 3208 ξ
2073 3097 2375 3208 ‘fuf'emf’s
2392 3101 2535 3206 Si?"
2555 3114 2837 3208 simiam?
2851 3122 2974 3208 esie
2988 3121 3240 3208 oportere
3268 3113 3434 3187 (ΗΜ

125 3196 342 3272 indignis
369 3215 577 3273 optata,
610 3224 710 3264 non
758 3210 979 3267 data.—
1005 3215 1316 3276 Judaeorum
1347 3196 1546 3293 plures
1577 3240 1736 3286 erant

127 3288 305 3360 futuri,
332 3311 570 3366 quorum
600 3307 782 3358 tantus
806 3303 857 3358 in
885 3303 1124 3364 favorem
1152 3310 1288 3382 legis
1311 3288 1537 3373 ati‘ectus
1557 3331 1724 3389 esset,

127 3391 177 3437 ut
202 3389 450 3456 quamvis
501 3404 601 3461 per
648 3391 1055 3454 admirationem
1101 3415 1324 3471 operum
1368 3407 1421 3461 in
1450 3408 1725 3468 Christum

127 3477 504 3550 credidissent,
531 3493 708 3541 tamen
729 3487 781 3542 in
811 3488 1209 3562 legisoperibus
1237 3512 1600 3571 morarentur;
1635 3507 1725 3563 alii

126 3581 248 3624 vero
272 3571 350 3644 (ὁ)
380 3575 736 3646 explorandae
764 3579 1030 3639 libertatis
1052 3601 1172 3655 qua:
1191 3590 1245 3644 in
1267 3590 1490 3649 Christo
1514 3607 1599 3653 est
1627 3613 1724 3654 cu-

128 3659 270 3728 riosi,
303 3667 574 3723 transisse
596 3684 656 3724 se
681 3670 748 3724 ad
779 3671 1066 3744 Evangelia
1095 3694 1161 3734 ex
1189 3681 1307 3751 lege
1335 3697 1519 3742 essent
1554 3690 1720 3746 simu-

129 3749 314 3812 laturi:
348 3759 508 3814 multi
535 3771 714 3819 autem
745 3766 908 3821 etiam
930 3767 982 3823 in
1017 3771 1266 3828 haeresim
1299 3791 1396 3845 per
1420 3780 1719 3855 intelligen-

130 3843 210 3899 tia:
235 3852 663 3927 perversitatem,
681 3855 1111 3917 traducerentur.
1139 3863 1208 3918 Et
1232 3843 1356 3935 quia
1384 3870 1540 3927 istius
1569 3843 1718 3931 modi

130 3949 311 3997 omnes
339 3942 616 4015 fallentes,
641 3959 695 4004 et
712 3951 1056 4010 audientibus
1080 3957 1443 4033 blandientes,
1469 3980 1634 4035 penes
1655 3984 1716 4026 se

130 4043 243 4087 esse
266 4037 554 4096 veritatem
586 4043 906 4100 catholicam
931 4049 1299 4120 mentiuntur;
1320 4056 1445 4113 ideo
1469 4065 1716 4134 superius

132 4122 420 4196 admonuit,
447 4133 672 4205 dignum
693 4151 814 4192 cum
836 4154 942 4209 quo
965 4140 1312 4202 habitandum
1337 4149 1408 4205 sit
1435 4122 1558 4210 esse
1571 4172 1720 4227 quaa-

133 4219 385 4277 tendum:
419 4227 548 4293 quia
581 4243 715 4285 vero
741 4245 836 4300 per
876 4233 1163 4290 verborum
1187 4237 1452 4298 fallaciam
1479 4245 1721 4306 incidere

134 4306 437 4379 ignorantes
465 4320 520 4374 in
544 4320 700 4377 istius
723 4323 870 4379 modi
898 4324 1163 4396 hospitem
1187 4336 1625 4406 possentﬁdomo
1647 4341 1724 4413 ip-

135 4415 186 4457 sa
211 4423 327 4477 qua!
347 4411 508 4484 digna
543 4415 611 4470 sit
636 4415 801 4485 dicta,
827 4417 878 4474 id
899 4428 1004 4486 est,
1047 4421 1288 4480 Ecclesia
1317 4443 1437 4498 quae
1457 4411 1720 4491 catholica

131 4495 348 4570 dicitur,
411 4517 572 4564 caute
621 4518 677 4565 et
722 4511 1010 4583 diligenter
1050 4495 1347 4587 utendum;-
1381 4525 1713 4584 salutandam

132 4591 337 4657 quidem
355 4612 480 4654 cum
497 4602 647 4668 pacis
671 4602 886 4670 affectu,
913 4607 1096 4662 sedita
1123 4619 1181 4664 ut
1200 4614 1375 4681 potius
1422 4632 1524 4686 pax
1544 4619 1711 4688 dicta,

1841 3187 1949 3260 16).
1982 3189 2089 3245 Sed
2115 3191 2382 3248 columbae
2432 3195 2758 3265 simplicitas
2787 3200 2840 3254 in
2886 3202 3138 3259 absoluto
3164 3217 3286 3264 est:
3317 3225 3440 3279 quae

1833 3289 2013 3337 autem
2044 3283 2115 3339 sit
2141 3286 2410 3356 serpentis
2435 3287 2740 3367 prudentia,
2771 3294 3139 3350 contuendum
3180 3308 3282 3353 est.
3329 3295 3454 3356 Νεὲ

1834 3377 1948 3432 scio
1999 3377 2125 3448 quid
2172 3377 2228 3432 in
2263 3379 2357 3433 illo
2411 3380 2712 3450 prudentiae
2739 3385 3058 3456 consiliique
3082 3397 3277 3455 exstet,
3308 3391 3436 3448 licet

1830 3469 2077 3540 quaedam
2109 3469 2235 3526 hinc
2266 3471 2428 3541 aliqui
2458 3474 2734 3530 memoria:
2765 3474 2844 3548 (d)
2872 3477 3265 3546 mandaverint,
3287 3485 3432 3553 quod

1833 3562 1924 3616 ubi
1953 3576 2013 3618 se
2041 3563 2095 3618 in
2128 3579 2317 3619 manus
2348 3563 2628 3622 hominum
2678 3569 2894 3625 venisse
2948 3571 3230 3644 intelligat,
3277 3579 3428 3634 omni

1836 3669 2040 3726 genere
2081 3656 2150 3711 ab
2199 3657 2307 3712 ictu
2337 3659 2819 3728 caputsubtrahat,
2870 3661 3030 3732 idque
3069 3676 3160 3720 aut
3196 3668 3430 3726 collecto

1824 3747 1878 3801 in
1910 3748 2097 3804 orbem
2120 3763 2354 3819 corpore
2383 3759 2652 3821 contegat,
2681 3761 2774 3806 aut
2793 3753 2964 3808 foveae
2987 3755 3294 3830 immergat,
3323 3777 3431 3817 etc-

1819 3839 1981 3911 dique
2037 3851 2246 3912 partem
2320 3842 2582 3912 reliquam
2633 3843 3008 3916 derelinquat:
3060 3865 3270 3921 nosque
3325 3854 3430 3910 hoc

1819 3936 2069 4006 exemplo
2112 3944 2390 4007 Oportere,
2423 3940 2468 3990 si
2516 3935 2643 4007 quid
2666 3937 2926 3994 acciderit
2957 3945 3420 4013 persecutionum,

1817 4039 1978 4099 caput
2007 4038 2280 4096 nostrum,
2330 4028 2475 4098 quod
2499 4037 2584 4084 est
2618 4028 2884 4098 Christus,
2918 4034 3204 4104 occulere;
3237 4048 3294 4093 ut
3317 4039 3419 4094 ob-

1821 4119 1944 4174 latis
1993 4118 2150 4173 nobis
2198 4119 2254 4172 in
2285 4133 2478 4174 omnes
2517 4120 2813 4187 cruciatus,
2856 4121 3017 4178 ﬁdem
3044 4124 3113 4180 ab
3139 4140 3207 4182 eo
3232 4141 3424 4200 accep-

1821 4220 1931 4268 tam
1958 4211 2167 4282 jactura
2188 4211 2434 4281 corporis
2462 4213 2916 4268 communiamus.

1894 4345 1983 4400 12.
2027 4343 2136 4400 Sed
2165 4344 2342 4400 omnis
2382 4343 2710 4401 hic'Domini
2756 4347 2826 4403 de
2853 4346 3056 4406 Judaeis
3101 4359 3266 4425 atque
3307 4356 3418 4413 ha:-

1822 4437 2007 4492 relicis
2031 4451 2212 4493 sermo
2241 4444 2364 4492 est:
2397 4435 2586 4490 Tradet
2615 4437 2778 4506 frater
2819 4441 3056 4510 fratrem,
3087 4453 3135 4498 et
3175 4456 3320 4515 pater
3344 4450 3412 4517 ﬁ-

1822 4529 1971 4597 lium,
2005 4538 2050 4583 et
2074 4530 2339 4600 insurgent
2367 4528 2465 4598 ﬁlii
2503 4530 2556 4583 in
2587 4539 2820 4596 parentes
2861 4530 3024 4602 (Ibid.
3049 4533 3180 4606 21):
3209 4538 3262 4592 id
3310 4553 3413 4608 eSt,

1823 4619 2083 4674 familiam
2127 4619 2267 4675 inter
2290 4634 2350 4675 se
2378 4618 2448 4693 (ε)
2476 4620 2720 4690 ejusdem
2769 4622 2910 4678 modi
2939 4624 3205 4684 dissidere
3253 4633 3413 4702 :quia

132 4697 280 4753 qnam
307 4690 430 4748 data
461 4696 550 4750 sit.
582 4694 714 4751 Nam
751 4698 820 4753 ita
850 4702 1108 4771 praecepit
1141 4721 1153 4756 :
1181 4704 1418 4764 Salutate
1463 4728 1594 4780 eam,
1627 4716 1709 4768 di-
1735 4690 1790 4750 Ῐ)
1815 4714 1883 4770 de
1909 4721 2191 4783 parentum
2218 4690 2707 4784 cogna‘tionumque
2737 4713 2806 4786 (ι’)
2851 4717 3158 4774 nominibus
3183 4761 3198 4786 ,
3231 4725 3417 4794 pepuli

141 4867 151 4878 .
198 4800 276 4873 (α)
317 4805 371 4860 1η
395 4809 578 4895 tribus.
610 4827 741 4868 mss.
773 4831 1029 4874 sermones
1075 4832 1253 4874 eorum
1281 4838 1383 4876 non
1408 4827 1643 4895 audiens,
1670 4839 1716 4885 et

136 4883 262 4936 ipsos
291 4893 391 4932 non
417 4884 690 4953 recipiens.

201 4963 469 5063 ﬂuitem;
520 4991 624 5032 ms.
666 4981 1460 5063 caprobrandw._Apert_nm_est
1490 5007 1717 5063 expres-

137 5043 241 5120 Stflm
265 5052 386 5120 esse
438 5043 581 5120 hanc
612 5043 934 5120 sententiam
963 5071 1030 5110 ex
1057 5043 1217 5113 dictis
1247 5043 1402 5115 Pauli
1414 5043 1459 5116 ii
1496 5043 1612 5118 Gai.
1648 5066 1712 5120 4:

136 5097 344 5202 :ro'pter
368 5097 785 5202 subint-r'odt‘tct-ovs
793 5097 1718 5202 st}“($652533{ﬁliimibieru}

137 5178 387 5243 explorare
413 5187 691 5244 libertatem
719 5178 964 5252 noitram.
981 5178 1015 5196 ’ὴ
1116 5178 1188 5199 ﬂ,
1215 5178 1250 5216 τ’

138 5265 270 5392 seng
309 5271 427 5331 Par.
453 5293 595 5335 cum.
647 5299 751 5339 ms.
811 5285 966 5344 Colb.
1011 5290 1290 5349 insistentis
1335 5295 1480 5351 loco:
1525 5298 1716 5356 eodem

259 5357 308 5392 il.

259 5357 308 5396 il.

408 5440 520 5512 ipsa
550 5445 618 5533 de
643 5461 897 5533 serpente
915 5457 1574 5533 memoriieprodiderunt
1596 5473 1718 5533 post

139 5491 179 5548 Τ
203 5467 278 5503 υοι
310 5467 381 5520 ωτι
409 5467 520 5512 Ipsa
550 5467 618 5502 ae
643 5467 897 5576 serpente
915 5467 1192 5512 memnrim
1223 5467 1574 5527 prodiderunt
1596 5473 1713 5546 post

132 5497 480 5590 -,,ἓςρι)ιιρμιη
538 5518 791 5577 Antioci.
850 5526 1003 5581 Tom.
1055 5543 1092 5583 ιι
1133 5529 1271 5584 Bibl.
1315 5532 1531 5589 Patrum
1582 5539 1713 5590 edit.

281 5564 296 5574 '
417 5564 480 5568 ⁷““’
538 5564 791 5577 """"""'
856 5564 1003 5581 *ιν-⁸η
1055 5564 1091 5583 ιι
1133 5564 1271 5584 υιυιο
1315 5564 1531 5589 Iduum
1582 5564 1712 5590 cuu.

141 5564 326 5677 E312“;
347 5579 760 5677 αδηεοεεοπξυε
798 5596 1156 5677 ξιοηιε-.ικκιν
1179 5616 1203 5677 ς.
1247 5602 1605 5677 Hieronymus
1657 5604 1712 5661 in

142 5630 1150 5744 kﬁaﬁbfpﬁi'uiniﬁi‘a't'iiis‘iii;itb7‘_it't'
1173 5630 1710 5744 ae"i«~ih‘é",’.'.'f"isi'§

139 5707 485 5792 Augustinus,—
1148 5707 1266 5809 viii,
1284 5707 1492 5802 ’ὲὶυξιέίῖ

402 5821 677 5890 Panos.
727 5832 839 5893 IX.

1896 4826 1968 4899 (e)
2009 4827 2552 4904 Editiexcepto_Par.
2591 4842 2654 4883 ac
2695 4829 2876 4904 plures
2903 4845 3033 4886 mss.
3073 4834 3306 4904 ejusdem
3329 4840 3416 4896 do.-

1823 4916 1958 4953 mus.
1997 4900 2558 4973 Quamdamveritatis
2585 4901 2821 4970 speciem
2849 4916 2960 4970 pra:
3001 4917 3062 4973 se
3088 4900 3288 4973 ferunt,
3319 4928 3414 4967 ne.

1823 4987 1927 5041 que
1968 4972 2404 5040 anteponendum
2435 4980 2581 5026 esset
2635 4986 2756 5025 cum
2796 4987 2928 5027 mss.
2982 4971 3135 5030 Colb.
3167 4988 3221 5032 et
3248 4971 3409 5039 Carn.

1823 5041 2051 5124 ejusdem
2080 5042 2217 5095 modi
2248 5041 2362 5124 (ubi
2382 5043 2524 5124 apud
2569 5043 2690 5124 Par.
2715 5044 3024 5124 eiusmodi),
3055 5047 3152 5103 nisi
3180 5049 3413 5112 Hilarius

1822 5111 1911 5167 hic
1939 5127 2159 5195 sensum
2188 5111 2484 5195 spiritalem
2511 5121 2829 5195 sectaretur:

1895 5184 1964 5254 (ἢ
1995 5184 2130 5238 Male
2156 5193 2210 5240 et
2231 5184 2433 5256 absque
2461 5187 2778 5256 anetoritate
2805 5185 2857 5240 in
2883 5195 3154 5256 postrema
3174 5193 3412 5254 editione

1822 5254 1951 5309 Par.
1953 5255 2287 5350 Dlitintinifius.
2310 5255 2524 5350 Tum-in
2545 5254 3021 5350 sethnssfmpop‘uti
3036 5264 3271 5350 quadam
3292 5271 3414 5350 nni-

1821 5334 1919 5380 tas.
1953 5326 2164 5398 Exinde
2196 5326 2248 5380 in
2287 5327 2535 5398 vulgatis,
2572 5326 2853 5382 indicatur.
2897 5326 3060 5384 Nunc
3085 5337 3256 5388 hostili
3283 5338 3413 5389 inri-

1821 5413 1928 5450 cem
1954 5397 2094 5463 odio,
2121 5397 2430 5466 diversisque
2452 5399 2718 5471 judicibus
2737 5442 2750 5462 ,
2782 5401 2934 5453 etiam
2960 5411 3007 5482 et
3037 5406 3272 5472 regibus:
3296 5405 3408 5487 lec-

1824 5468 1897 5522 tio
1931 5468 2210 5535 mcndosa,
2252 5479 2307 5523 et
2338 5468 2641 5552 perturbata
2671 5471 3049 5554 interpunctio.
3083 5468 3409 5554 Castigatior

1823 5553 1887 5592 ac
1914 5538 2217 5594 distinctior
2236 5542 2555 5622 exprimitur
2575 5556 2638 5596 ex
2671 5538 3031 5622 mssfllorum
3053 5543 3200 5622 enim.
3216 5538 3410 5599 sensus

1823 5617 1940 5664 est:
1970 5611 2220 5681 exemplo
2241 5611 2458 5691 familiae
2479 5614 2707 5691 primum
2736 5613 3054 5691 cognatione
3081 5611 3406 5691 conjuncta},

1820 5687 1945 5762 post
1985 5680 2146 5736 odiis’
2173 5683 2400 5762 di_visa;,_
2441 5680 2704 5762 indicatur
2736 5680 2983 5762 populus,
3014 5681 3103 5747 qui
3127 5680 3403 5748 quondam

1819 5751 2022 5817 unitus,
2052 5767 2192 5810 nunc
2222 5754 2402 5811 hostili
2430 5754 2554 5811 odio
2581 5752 2825 5806 diversus
2851 5751 2940 5804 sit.

2811 5842 2885 5903 31
