3974 6198
415 257 524 312 975

1623 237 1868 297 SANCTI
1909 204 2166 293 tumul
2194 230 2495 292 EPISCOPI

3614 223 3723 281 976

424 375 655 430 liberam
683 369 981 427 conﬁtendi
1031 366 1125 422 Dei
1167 364 1372 421 habere
1409 359 1768 417 constantiam
1795 375 1810 425 ;
1859 356 2019 412 etiam
2049 356 2097 415 A
2126 353 2304 409 versio
2331 359 2696 423 peccatorum.
2719 347 2790 403 Et
2810 346 2969 418 hujus
2997 343 3210 416 quidem
3235 341 3325 400 teli
3349 341 3570 397 nomine
3599 339 3722 395 novi

388 450 398 494 ί
424 467 791 522 conditionem
831 476 936 533 qua
981 469 1294 514 teneremur
1342 453 1564 525 adjecit,
1598 460 1919 523 negaturum
1963 464 2024 504 se

425 573 550 614 ettm
596 555 739 611 Patri
767 555 818 607 in
865 551 1042 616 caelis,
1076 549 1167 621 qui
1209 564 1268 604 se
1310 546 1619 602 hominibus
1666 545 1717 597 iu
1753 553 1894 598 terra
1925 555 2024 596 ne-

423 656 608 721 gasset
634 644 795 719 (Ibid.
821 642 916 708 52)
950 661 963 695 :
993 657 1116 698 eum
1163 654 1325 711 porro
1346 680 1360 704 ,
1394 637 1486 708 qui
1531 636 1815 692 confessus
1843 647 2024 720 coram

425 715 736 795 hominibus
759 751 818 790 se
837 735 1046 798 fuisset,
1069 749 1099 788 a
1121 748 1180 788 se
1208 732 1259 786 in
1286 729 1442 786 coelis
1461 726 1864 790 conﬁtendum;
1889 715 2026 795 qua.

425 831 616 902 lesque
668 843 768 884 nos
821 826 1054 882 nominis
1112 825 1196 880 sui
1253 833 1418 879 testes
1478 819 1784 875 hominibus
1837 816 2028 872 fuisse—

428 936 574 988 mus,
631 919 723 975 tali
768 932 868 974 nos
924 916 1066 989 apud
1098 916 1266 971 Deum
1301 922 1510 986 patrem
1557 908 1868 966 testimonio
1912 907 2030 977 ejus

432 1030 646 1071 llSlll'OS.

497 1109 590 1165 2'2.
625 1109 943 1176 Qumstioncs
974 1108 1132 1163 varia:
1166 1112 1549 1179 proponuntur.
1581 1131 1653 1144 -—
1684 1097 1862 1154 Nolite
1894 1094 2032 1151 arbi-

424 1204 550 1258 trari
577 1201 820 1272 quoniam
844 1202 955 1256 veni
994 1216 1171 1270 pacem
1195 1199 1393 1252 mittere
1433 1197 1486 1250 in
1512 1205 1721 1249 terram.
1756 1189 1879 1244 Non
1921 1187 2032 1243 veni

425 1313 604 1367 pacem
636 1295 853 1358 mittere,
883 1293 971 1348 sed
993 1291 1246 1364 gladium.
1281 1290 1448 1360 718
1466 1287 1598 1340 Veni
1623 1285 1761 1339 enim
1787 1295 2032 1352 separare

430 1388 598 1457 ﬁlium
626 1387 870 1441 adversus
901 1395 1116 1458 patrem,
1159 1392 1204 1436 et
1233 1383 1395 1451 filiam
1433 1379 1673 1432 adversus
1717 1385 1951 1437 matrem,
1987 1380 2034 1426 et

426 1465 616 1534 nitrum
645 1480 891 1533 adversus
924 1493 1127 1532 socrum
1157 1490 1326 1538 suam,
1375 1482 1423 1526 et
1471 1469 1666 1524 inimici
1697 1468 1920 1523 hominis
1941 1467 2038 1520 do-

429 1572 626 1625 mestici
655 1573 766 1641 ejus
795 1569 961 1641 (Ibid.
992 1566 1209 1638 54-56).
1237 1567 1367 1634 Qum
1398 1563 1500 1619 ista
1526 1562 1720 1617 divisio
1743 1559 1867 1616 est?
1891 1558 2036 1614 Inter

431 1664 606 1734 prima
633 1666 777 1718 enim
803 1663 938 1732 legis
986 1669 1252 1730 praecepta
1282 1656 1590 1725 accepimus
1635 1671 1647 1706 :
1682 1651 1900 1707 Honora
1943 1666 2038 1722 pa-

2131 442 2411 514 Evangelii
2465 440 2904 513 prmdicationem
2954 435 3299 507 appellatam,
3359 432 3620 502 frequens
3671 431 3722 485 in

2077 549 2079 551 ‘
2132 537 2409 608 pr0phetis
2429 533 2720 590 auctoritas
2744 539 2847 588 est.
2883 530 2976 584 Dei
3005 529 3165 600 igitur
3193 527 3418 583 verbum
3445 537 3722 594 nuneupa-

2132 639 2242 686 tum
2287 629 2696 686 meminerimus
2723 627 2776 681 in
2808 624 2987 696 gladio
3031 641 3042 677 :
3082 622 3175 694 qui
3209 621 3420 694 gladius
3451 620 3652 675 missus
3676 618 3725 673 in

2133 733 2330 779 terram
2361 732 2464 786 est,
2500 722 2551 776 id
2577 729 2683 786 est,
2714 716 3028 788 praedicatio
3050 715 3167 786 ejus
3196 715 3478 770 hominum
3511 711 3586 785 (ε)
3616 727 3731 767 cor-

2135 815 2360 886 poribus
2393 813 2588 869 infusa.
2624 813 2722 868 Hic
2745 811 2906 882 igitur
2943 809 3182 881 quinque
3211 807 3520 861 habitantes
3552 805 3604 859 in
3630 819 3729 858 una

2133 911 2295 966 domo
2319 909 2533 974 dividit,
2576 915 2631 962 et
2672 904 2862 960 dividit
2891 913 3000 958 tres
3040 903 3091 956 in
3123 901 3280 967 duos,
3313 909 3369 954 et
3407 899 3548 954 duos
3577 912 3733 969 super

2135 1013 2266 1060 tres.
2293 1002 2400 1060 Sed
2433 1003 2531 1057 tria
2560 1009 2763 1055 tantum
2788 999 2841 1054 in
2867 997 3088 1053 homine
3116 995 3438 1066 reperimus,
3471 993 3523 1048 id
3547 1001 3651 1059 est,
3682 1001 3735 1047 et

2134 1111 2331 1166 corpus
2372 1104 2428 1151 et
2480 1095 2716 1148 animam
2766 1099 2821 1147 ct
2859 1090 3211 1145 voluntatem.
3257 1087 3391 1142 Nam
3435 1096 3493 1141 ut
3521 1085 3735 1157 corpori

2136 1189 2315 1244 anima
2337 1187 2460 1243 data
2492 1196 2596 1253 est,
2643 1187 2713 1241 ita
2741 1192 2797 1240 et
2824 1191 3064 1254 potestas
3092 1182 3306 1253 utrique
3334 1180 3525 1237 utendi
3576 1195 3638 1236 se
3685 1188 3742 1234 ut

2136 1283 2300 1339 vellet
2329 1281 2534 1336 indulta
2563 1289 2649 1336 est
2694 1298 2708 1334 :
2754 1290 2918 1348 atque
2955 1276 3024 1331 ob
3057 1276 3106 1329 id
3132 1275 3215 1330 lex
3246 1273 3432 1345 αξιοι)
3465 1271 3742 1344 proposita

2140 1375 2426 1431 voluntati.
2451 1372 2560 1429 Sed
2591 1373 2695 1427 hoc
2739 1371 2792 1426 in
2842 1370 2948 1424 illis
2987 1367 3431 1439 deprehenditur,
3461 1366 3552 1438 qui
3585 1367 3740 1437 primi

2140 1483 2169 1522 a
2204 1469 2313 1523 Deo
2348 1465 2561 1537 ﬁgurati
2605 1471 2752 1530 sunt,
2795 1463 2850 1517 in
2881 1461 3077 1532 quibus
3116 1468 3308 1531 emptae
3333 1459 3563 1530 originis
3594 1466 3746 1514 ortus

2139 1561 2362 1618 ellectus
2404 1559 2568 1632 719
2609 1566 2724 1622 est,
2778 1570 2883 1612 non
2918 1554 3193 1609 traductus
3240 1551 3483 1608 aliunde.
3526 1551 3636 1608 Sed
3675 1566 3741 1606 ex

2144 1663 2368 1726 peccato
2392 1663 2555 1723 atque
2575 1649 2892 1706 inﬁdelitate
2913 1647 3072 1716 primi
3098 1645 3357 1717 parentis,
3388 1643 3743 1714 sequentibus

433 1765 559 1810 trem
599 1765 744 1808 tuum
785 1763 831 1808 et
868 1762 1083 1807 matrem
1122 1761 1263 1804 tuam
1293 1747 1492 1819 (Exod.
1526 1763 1629 1809 XX,
1671 1743 1783 1815 1‘2).
1821 1744 1887 1798 Ει
1923 1743 2037 1812 ipse
2067 1749 2114 1810 B
2143 1748 2582 1823 generationibus
2603 1744 2768 1815 οωρίι
2802 1757 2922 1798 esse
2957 1740 3203 1811 corporis
3242 1737 3415 1793 nostri
3441 1747 3599 1808 pater
3625 1751 3748 1806 pec-

434 1851 692 1905 Dominus
723 1849 797 1902 ait
826 1865 838 1900 :
873 1845 1061 1900 Pacem
1092 1860 1255 1898 meam
1296 1843 1362 1895 do
1392 1840 1550 1906 vobis,
1586 1855 1761 1902 pacem
1802 1837 2036 1907 relinquo

436 1941 580 1997 vobis
611 1940 795 2012 (Joan.
846 1955 959 2003 xw,
999 1937 1115 2006 27).
1148 1935 1286 2004 Quid
1330 1933 1432 1989 sibi
1475 1931 1588 1986 vult
1619 1930 1816 1985 missus
1862 1927 2038 1998 potius

437 2033 648 2105 gladius
671 2032 724 2086 in
772 2040 990 2092 terram,
1024 2039 1078 2085 et
1100 2035 1380 2097 separatus
1410 2039 1441 2077 a
1465 2032 1616 2092 patre
1647 2022 1811 2086 ﬁlius,
1835 2030 1890 2075 et
1932 2018 2037 2072 ﬁlia

438 2143 470 2183 a
499 2137 689 2192 matre,
737 2133 792 2180 et
831 2137 998 2178 nurus
1027 2120 1290 2176 adversus
1321 2132 1560 2182 socrum,
1590 2123 1645 2169 et
1675 2113 1909 2168 hominis
1940 2111 2041 2166 do-

438 2221 652 2276 mestici
679 2219 797 2289 ejus
819 2216 1056 2272 inimici?
1083 2215 1246 2285 Igitur
1267 2211 1344 2285 (tt)
1375 2211 1572 2267 exinde
1604 2208 1814 2279 publica
1853 2213 2040 2260 aucto-

438 2315 572 2371 ritas
598 2312 856 2383 impietati
887 2309 1214 2380 proferetur.
1240 2305 1452 2376 Ubique
1476 2302 1620 2368 odia,
1644 2301 1843 2370 ubique
1875 2298 2036 2364 bella,

440 2418 496 2464 et
524 2407 733 2478 gladius
764 2402 974 2459 Domini
1008 2403 1150 2456 inter
1192 2408 1398 2470 patrem
1425 2405 1481 2452 et
1511 2395 1700 2458 ﬁlium,
1729 2402 1787 2448 et
1816 2392 1954 2446 inter
1976 2389 2038 2443 ﬁ-

439 2501 567 2554 liam
600 2507 936 2566 matremque
957 2493 1277 2548 desaeviens.
1321 2490 1387 2544 Et
1410 2490 1463 2544 in
1493 2487 1635 2542 Luca
1677 2483 1890 2556 quidem
1914 2481 2042 2537 talis

443 2592 511 2648 de
534 2591 638 2647 hoc
665 2605 845 2646 sermo
865 2597 948 2643 est
977 2602 990 2640 :
1022 2585 1195 2640 Erunt
1222 2583 1357 2637 enim
1391 2597 1454 2636 ea:
1479 2581 1572 2634 hoc
1599 2579 1820 2649 quinque
1855 2577 1910 2629 in
1938 2591 2044 2630 una

443 2686 594 2740 domo
625 2683 798 2748 divisi,
835 2681 908 2752 (b)
956 2689 1054 2734 tres
1084 2679 1138 2731 in
1176 2678 1331 2741 duos,
1357 2684 1405 2730 et
1447 2675 1550 2729 duo
1578 2689 1733 2743 super
1773 2681 1876 2726 tres
1913 2671 2043 2725 divi-

445 2779 628 2832 dentur
653 2774 806 2847 (an.
837 2789 932 2839 xtl,
964 2772 1080 2841 52).
1109 2769 1377 2840 Numquid
1411 2784 1517 2822 non
1551 2768 1602 2822 in
1653 2766 1912 2837 majorem
1946 2781 2044 2818 nu-

444 2883 654 2925 merum
681 2875 856 2937 potest
883 2863 1186 2936 agnationis
1204 2861 1518 2915 domesticae
1545 2859 1746 2913 familia
1775 2856 2042 2913 diffundi?

445 2965 552 3019 Aut
580 2960 898 3031 praescripto
934 2953 1190 3025 temporis
1212 2954 1609 3016 continebatur,
1641 2959 1700 3005 ut
1729 2967 1794 3007 ex
1833 2950 1937 3005 hoc
1958 2964 2045 3004 es-

449 3062 572 3108 sent
597 3051 834 3122 quinque
875 3056 1079 3102 tantum
1116 3047 1168 3100 in
1198 3044 1362 3098 domo
1391 3058 1518 3108 una,
1551 3043 1820 3112 iidemque
1843 3040 2044 3095 divisi?

2139 1850 2340 1905 catum,
2375 1849 2549 1893 mater
2575 1836 2769 1891 animte
2800 1832 3121 1896 inﬁdelitas;
3151 1829 3220 1886 ab
3251 1829 3335 1884 his
3360 1829 3512 1885 enim
3545 1828 3620 1898 (e)
3646 1843 3736 1883 or-

2143 1945 2254 1990 tum
2287 1949 2381 2004 per
2411 1929 2899 2001 transgressionem
2941 1924 3097 1996 primi
3134 1923 3374 1993 parentis
3412 1921 3742 1992 accepimus.

2140 2028 2272 2084 Nam
2300 2027 2548 2083 voluntas
2573 2023 2867 2094 unicuique
2892 2037 2990 2077 sua
3016 2019 3248 2090 adjacet.
3284 2020 3426 2090 Ergo
3447 2017 3561 2088 jam
3589 2017 3744 2072 unius

2141 2122 2339 2177 domus
2375 2119 2611 2190 quinque
2654 2126 2813 2172 sunt:
2849 2124 3002 2186 pater
3033 2112 3279 2184 corporis
3303 2119 3606 2182 peccatum,
3634 2125 3750 2164 ma-

2144 2226 2226 2273 ter
2253 2215 2446 2270 anima:
2491 2212 2802 2278 inlidelitas,
2832 2217 2888 2266 et
2925 2207 2996 2281 (f)
3023 2207 3286 2264 accedens
3331 2205 3627 2260 voluntatis
3654 2219 3742 2259 ar-

2147 2308 2388 2372 bitrium,
2429 2306 2571 2378 quod
2601 2315 2769 2361 totum
2803 2303 3077 2357 hominem
3108 2299 3338 2372 quodam
3361 2298 3599 2369 conjugii
3638 2298 3738 2353 sibi

2139 2401 2261 2471 jure
2291 2399 2580 2469 distringit.
2636 2398 2772 2453 Huic
2817 2395 3106 2451 inﬁdelitas
3149 2409 3336 2449 socrus
3381 2401 3487 2460 est,
3521 2392 3597 2464 (g)
3627 2403 3745 2463 qua:

2146 2510 2247 2550 nos
2277 2511 2342 2549 ex
2374 2510 2434 2548 ea
2473 2503 2650 2560 natos,
2683 2499 2844 2560 atque
2883 2506 2914 2545 a
2959 2489 3066 2544 ﬁde
3101 2498 3355 2559 metuque
3386 2487 3480 2543 Dei
3512 2486 3748 2558 peregri-

2147 2597 2338 2643 nantes
2367 2587 2658 2657 accipieus,
2701 2594 2759 2641 ut
2800 2586 2940 2640 inter
2980 2582 3352 2639 inlidelitatem
3382 2583 3462 2653 (h)
3505 2584 3746 2652 volupta-

2147 2689 2365 2749 temque
2390 2692 2689 2748 possessos,
2710 2687 2764 2732 et
2793 2677 2847 2731 in
2871 2674 3205 2746 ignoratione
3229 2674 3322 2730 Dei
3343 2683 3399 2729 et
3428 2673 3482 2728 in
3505 2673 3742 2729 omnium

2158 2769 2414 2824 vitiorum
2447 2769 2809 2824 oblectatione
2838 2766 3098 2822 detineat.

2217 2864 2309 2919 25.
2344 2863 2764 2936 Regenerationis
2791 2860 3023 2929 effectus.
3055 2858 3497 2932 Concupiscentia:
3523 2860 3660 2914 lucta
3691 2859 3745 2914 in

2147 2956 2477 3029 regeneratis.
2527 2984 2601 2996 —-
2648 2953 2782 3008 Cum
2838 2969 2967 3024 ergo
3006 2952 3325 3007 innovamnr
3380 2953 3635 3024 baptismi
3674 2952 3751 3007 lae

2147 3063 2313 3104 vaero
2362 3062 2459 3117 per
2506 3045 2569 3117 (i)
2618 3045 2766 3100 verbi
2815 3046 3086 3109 virtutem,
3141 3044 3212 3098 ab
3267 3044 3496 3115 originis
3548 3051 3748 3099 nostra;

450 3145 596 3216 Ενεο
623 3144 711 3214 (illi
742 3143 810 3202 είι
837 3140 1048 3212 gladi“
1076 3139 1128 3193 ίη
1167 3146 1330 3199 terra»
1359 3151 1478 3206 (Ιιιω
1525 3133 1827 3206 Ρνοῖδνίθιθε
1869 3133 2045 3188 ηοιηὶ-
2071 3131 2116 3195 C
2150 3141 2389 3213 peccatis
2415 3149 2576 3210 atque
2603 3140 2913 3195 auctoribus
2938 3153 3284 3209 separamur;
3309 3138 3582 3209 recisique
3623 3151 3750 3207 qua-

450 3251 602 3301 num,
631 3242 686 3290 et
729 3235 782 3288 in
826 3246 1051 3288 numero
1081 3230 1317 3301 quinque
1352 3243 1474 3299 quae
1497 3228 1654 3292 ratio,
1684 3237 1740 3281 et
1773 3225 2047 3296 quomodo

453 3342 566 3386 tres
592 3330 644 3384 in
684 3327 843 3394 duos,
891 3335 947 3382 et
988 3324 1097 3380 duo
1139 3339 1302 3394 super
1341 3331 1452 3378 tres
1498 3320 1797 3386 dividendi,
1822 3330 1879 3376 et
1918 3336 2051 3392 qua-

451 3433 610 3478 tenus
650 3418 852 3474 homini
891 3415 1176 3473 domestici
1215 3415 1333 3484 ejus
1385 3412 1626 3479 inimici,
1684 3413 2048 3491 contuendum

458 3524 561 3570 (εει.

523 3608 616 3662 23.
663 3603 837 3660 Gladii
877 3611 1084 3657 natura.
1110 3599 1208 3656 Dei
1235 3599 1441 3656 verbum
1479 3597 1757 3670 signiﬁcat.
1791 3596 1858 3653 In
1886 3598 2053 3653 Adam

455 3710 575 3755 ante
599 3709 863 3772 peccatum
885 3699 1004 3763 tria,
1032 3697 1083 3750 in
1107 3696 1324 3767 posteris
1351 3696 1593 3768 quinque.
1624 3727 1694 3737 ——
1723 3697 1788 3751 Et
1816 3697 2058 3767 singula-

455 3815 577 3857 rum
607 3796 826 3868 quidem
855 3810 1061 3859 rerum,
1107 3804 1162 3848 et
1187 3794 1454 3848 universm
1478 3792 1791 3861 qumstionis
1821 3790 2053 3861 primum

457 3900 650 3947 natura
673 3899 754 3944 est
779 3886 1092 3956 explicanda
1125 3903 1138 3938 :
1174 3901 1273 3940 nec
1293 3885 1466 3939 minus
1497 3883 1903 3955 intelligentiam
1931 3900 2058 3941 nos-

459 3993 600 4037 tram
645 3994 836 4035 sensus
883 3987 939 4032 et
989 3975 1233 4046 superior
1283 3983 1339 4029 et
1380 3989 1718 4044 consequens
1757 3975 2052 4043 adjuvabit.

461 4071 685 4128 Gladius
723 4071 950 4125 telorum
979 4066 1219 4122 omnium
1262 4066 1426 4121 telum
1457 4065 1825 4122 acutissimum
1866 4077 1970 4135 est,
1999 4069 2054 4124 in

461 4179 570 4236 quo
596 4164 664 4219 sit
685 4162 774 4233 jus
805 4158 1108 4232 potestatis,
1133 4166 1188 4213 et
1212 4157 1400 4228 judicii
1424 4159 1702 4225 severitas,
1731 4169 1788 4215 et
1815 4159 2057 4218 animad-

533 4322 613 4394 (a)
639 4323 696 4378 In
721 4321 892 4378 tribus
922 4335 1052 4377 mss.
1077 4319 1406 4375 extendenda:
1422 4319 1641 4390 publica:
1667 4322 1917 4392 impietati
1936 4341 2059 4380 auc-

464 4399 644 4452 toritas
672 4398 980 4466 proferetur.

540 4466 612 4537 (b)
643 4462 842 4522 Omnes
865 4479 992 4518 mss.
1021 4462 1352 4537 constanter,
1381 4463 1564 4537 tresin
1593 4464 1696 4518 duo
1722 4481 1740 4520 :
1766 4474 1875 4520 tum
1902 4483 1968 4522 ex
1998 4469 2062 4523 iis

465 4534 562 4594 sex
596 4534 768 4592 etiam
814 4543 1125 4590 constanter
1153 4534 1373 4600 habent,
1407 4545 1453 4588 et
1470 4535 1570 4587 duo
1617 4553 1706 4603 per
1741 4548 1865 4592 tres.
1897 4538 2065 4593 Parti-

2153 3235 2274 3290 datn
2299 3234 2613 3290 exsectione
2637 3233 2798 3304 gladii
2831 3233 2947 3299 Dei,
2995 3247 3025 3286 a
3068 3231 3234 3301 patris
3265 3238 3321 3286 et
3367 3230 3559 3285 matris
3594 3229 3753 3285 aﬁ'ec-

2156 3328 2394 3382 tionibus
2422 3325 2748 3382 dissidemus
2789 3343 2801 3378 :
2831 3333 2886 3380 et
2907 3333 3145 3381 veterem
3181 3339 3304 3379 cum
3331 3325 3569 3395 peccatis
3595 3333 3750 3392 atque

2155 3421 2474 3476 inﬁdelitate
2511 3435 2607 3473 sua
2657 3418 2927 3474 hominem
2968 3427 3252 3484 exuentes,
3293 3425 3346 3473 et
3376 3432 3473 3488 per
3497 3417 3748 3488 Spiritum

2155 3517 2330 3571 anima
2356 3524 2410 3570 et
2432 3529 2659 3583 corpore
2700 3513 2964 3580 innovati,
2999 3527 3222 3568 necesse
3241 3523 3328 3567 est
3357 3521 3416 3566 ut
3442 3512 3665 3582 ingeniti
3687 3518 3740 3566 et

2156 3611 2355 3667 vetusti
2385 3610 2564 3678 operis
2594 3606 3039 3664 consuetudinem
3063 3606 3360 3662 oderimus.
3392 3605 3461 3659 Et
3483 3605 3607 3676 quia
3636 3619 3754 3659 cor-

2161 3719 2261 3775 pus
2291 3703 2463 3773 ipsum
2495 3716 2590 3772 per
2629 3699 2790 3755 ﬁdem
2839 3699 3236 3761 mortiﬁcatum,
3267 3697 3321 3752 in
3353 3706 3602 3752 naturam
3645 3695 3760 3751 ani-

2163 3812 2287 3861 mm,
2321 3810 2440 3867 qua)
2488 3809 2555 3848 ex
2599 3792 2783 3848 alllatu
2834 3793 2926 3848 Dei
2971 3791 3120 3847 venit
3174 3791 3446 3861 (quamvis
3498 3789 3552 3844 id
3583 3790 3750 3860 ipsum

2161 3887 2338 3942 adhuc
2367 3887 2417 3940 in
2443 3887 2667 3941 materia
2697 3900 2792 3941 sua
2810 3884 3028 3955 exstet),
3049 3882 3270 3948 evadat;
3299 3884 3422 3953 quia
3455 3883 3754 3938 communio

2160 3981 2290 4054 ipsis
2313 3981 2540 4036 invicem
2572 3979 2891 4036 concilietur
2916 3995 2980 4034 ex
3005 3977 3168 4033 verbo
3193 3994 3207 4031 :
3239 3977 3445 4034 idcirco
3461 3979 3575 4049 jam
3601 3993 3753 4034 unum

2161 4087 2320 4146 atque
2352 4075 2490 4131 idem
2522 4090 2644 4130 eum
2669 4077 2846 4129 anima
2874 4073 3019 4128 velle
3059 4072 3228 4142 etrapit
3269 4071 3435 4138 efﬁci,
3470 4073 3677 4129 scilicet
3703 4079 3758 4127 ut

2162 4168 2254 4223 illa
2279 4177 2362 4222 est
2388 4165 2666 4238 spiritalis,
2687 4165 2877 4238 quibus
2899 4165 2980 4238 (j)
3007 4165 3226 4220 libertas
3237 4164 3529 4221 voluntatis
3555 4180 3585 4219 a
3607 4176 3755 4221 socru

2163 4327 2445 4454 innocentés
2467 4326 2788 4399 honestaeque
2807 4327 3092 4394 constituit,
3119 4336 3176 4382 ut
3204 4325 3431 4383 habetur
3453 4326 3509 4382 in
3539 4324 3671 4398 psal.
3700 4340 3755 4392 ιι,

2171 4416 2320 4454 ιιιιιη.
2427 4442 2440 4454 .

2171 4416 2320 4454 num.
2350 4416 2440 4454 ιι).

2214 4470 2314 4542 (e)
2345 4469 2503 4536 Bad.,
2535 4468 2628 4526 Er.
2663 4477 2718 4524 et
2741 4477 2968 4539 quatuor
2997 4485 3128 4542 mss.
3164 4481 3398 4542 mortem.
3430 4469 3656 4542 Rectius
3673 4466 3756 4542 alii

2171 4538 2315 4607 libri,
2348 4552 2538 4605 ortum,
2588 4557 2618 4594 a
2666 4538 2889 4609 peccato
2935 4541 3054 4599 scil.
3084 4550 3141 4596 et
3193 4541 3533 4598 inlidelitatc.
3568 4538 3758 4596 Deinde

466 4609 699 4700 culte-in
737 4616 791 4660 et
822 4622 976 4677 super
1018 4621 1192 4676 graece
1221 4605 1412 4661 eodem
1457 4607 1721 4663 vocabulo
1769 4611 2062 4681 ini-expri-
2086 4637 2142 4700 Β
2173 4605 2551 4700 nata-voluntas
2580 4605 2804 4700 perinde
2831 4622 2918 4700 est
2938 4627 3007 4700 ac
3033 4621 3278 4680 ρνανιενεα
3308 4613 3564 4666 uoluntas,

472 4690 714 4736 muntur.

539 4750 613 4823 (c)
638 4751 709 4804 Ita
738 4764 870 4823 mss.
901 4763 1012 4823 uno
1034 4745 1188 4803 Colh.
1214 4757 1454 4823 excepto
1493 4748 1918 4823 interpolationis
1966 4767 2060 4806 su-

468 4820 674 4891 specto,
707 4821 792 4875 ubi
827 4820 1006 4883 habet,
1023 4820 1319 4892 corporibus
1346 4820 1422 4892 vel
1440 4822 1491 4874 in
1517 4821 1754 4874 cordibus
1775 4822 1973 4892 infusa.
1995 4828 2063 4878 At

473 4889 597 4950 Par.
647 4893 884 4947 cordibus
914 4892 1106 4962 infusa.
1147 4889 1257 4944 Hoc
1302 4891 1482 4962 igitur.
1537 4893 1670 4946 Alia:
1715 4889 1842 4947 vero
1872 4895 2065 4949 editio-

472 4981 590 5036 nes,
643 4963 1057 5036 prtedtcationem
1087 4964 1198 5034 ejus
1240 4963 1503 5036 hominum
1539 4964 2058 5036 cordibusinfusam.

476 5035 592 5090 Hoc
616 5033 790 5106 igitur.
823 5033 948 5088 Hinc
975 5033 1135 5102 porro
1173 5033 1333 5087 verba
1358 5035 1690 5106 respondent
1740 5035 1868 5099 illis,
1895 5038 1980 5104 qui
2010 5038 2064 5090 in

474 5104 666 5161 terram
695 5105 984 5158 missusest.
1036 5107 1106 5158 At
1169 5119 1301 5159 vero
1355 5104 1585 5159 Hilarius
1625 5107 1714 5160 ubi
1761 5115 1951 5161 terram
2008 5109 2060 5162 in

477 5175 771 5246 Scripturis
801 5175 1022 5248 reperit,
1063 5190 1130 5248 eo
1166 5175 1382 5248 nomine
1417 5191 1619 5246 corpus
1642 5179 1782 5248 quod
1822 5177 1891 5232 de
1917 5189 2063 5248 terra
2108 5228 2116 5235 .

475 5245 748 5317 sumptum
787 5254 871 5300 est
910 5245 1048 5299 solet
1088 5245 1408 5317 intelligere,
1448 5245 1694 5318 ut’pale't
1729 5264 1793 5304 ex
1839 5264 1960 5318 cap.
2005 5247 2062 5312 4,

478 5337 535 5376 n.
565 5319 620 5384 5,
681 5329 736 5372 et
776 5332 841 5371 ex
899 5323 1057 5370 tract.
1105 5319 1238 5386 psal.
1293 5333 1480 5382 cxvttt,
1525 5335 1578 5372 ιι.
1612 5321 1662 5372 ’7
1698 5329 1751 5375 et
1794 5319 1849 5384 8,
1907 5336 1961 5374 n.
2011 5320 2067 5386 9,

479 5409 542 5445 ac
565 5389 808 5460 pluribus
833 5387 952 5442 aliis
979 5388 1130 5442 locis.
1166 5392 1234 5443 At
1259 5399 1458 5444 terram
1490 5406 1753 5460 nusquam
1780 5405 1872 5444 cor
1896 5390 2067 5446 inter-

524 5471 745 5516 retatur.

480 5478 745 5600 ν”ῗᾶῗιίὶξ
768 5530 1017 5601 vulgatis,
1061 5530 1358 5602 prteposita.
1407 5530 1573 5599 Magis
1608 5532 1928 5602 placetcum
1973 5533 2075 5589 ali-

480 5599 612 5672 quot
641 5617 770 5656 mss.
795 5599 1084 5673 proposita.
1107 5599 1187 5655 Ad
1211 5602 1312 5654 hoc
1337 5611 1514 5656 autem
1548 5599 1631 5658 left
1662 5605 1932 5673 proposita
1964 5613 2068 5671 est,

481 5670 603 5742 quia
656 5674 743 5740 qui
785 5670 878 5726 nos
934 5689 1023 5741 per
1065 5670 1461 5726 benevolentiam
1512 5670 1716 5729 utenda:
1747 5670 2072 5732 beatitudinis

480 5758 584 5799 vita:
613 5752 847 5810 creasset,
876 5747 1160 5813 profectum
1187 5744 1332 5799 nobis
1370 5745 1438 5799 ad
1470 5743 1524 5799 id
1553 5762 1646 5818 per
1685 5747 1921 5802 meritum
1951 5749 2069 5803 vita:

2239 4684 2309 4755 (ι’)
2362 4682 2826 4755 Ειιίιὶνξηεὶάεηε.
2870 4683 3108 4755 ᾼΑιίιιιιοι
3157 4697 3288 4755 mss.
3341 4683 3602 4738 incedens.
3662 4681 3762 4737 Po-

2167 4753 2367 4820 tiores,
2411 4754 2674 4808 accedens.
2709 4753 2932 4810 Accedit
2974 4763 3153 4808 autem
3205 4754 3478 4819 voluntas,
3535 4765 3592 4808 nt
3641 4767 3757 4809 cum

2167 4837 2389 4895 peccato
2410 4868 2425 4891 ,
2454 4825 2800 4890 inﬁdelitate,
2825 4839 3054 4894 corpore
3084 4825 3331 4879 etanima
3359 4823 3489 4878 ﬁant
3508 4826 3756 4895 quinque.

2244 4895 2322 4968 (g)
2359 4897 2412 4950 In
2468 4897 2692 4966 vulgatis
2715 4936 2729 4959 ,
2770 4895 2972 4951 omisso
3013 4896 3240 4968 relativo
3278 4910 3418 4966 quae,
3451 4894 3762 4968 corrumpi-

2169 4965 2497 5022 tttt""l~lilarii
2543 4965 2832 5030 sententia,
2865 4981 2969 5035 qua
3012 4966 3126 5020 vult
3181 4980 3280 5020 uos
3329 4981 3394 5018 ex
3451 4965 3763 5022 inﬁdelitate

2171 5049 2324 5094 natos
2365 5056 2393 5092 a
2433 5038 2723 5094 voluntatis
2770 5038 3021 5092 libertate
3065 5039 3120 5091 in
3162 5035 3429 5106 quoddam
3459 5038 3761 5107 conjugiutn

2169 5110 2336 5178 accipi
2362 5151 2375 5168 ,
2409 5111 2593 5178 sicque
2619 5109 2880 5163 voluntati
2903 5123 3119 5162 socrum
3151 5123 3272 5163 esse
3299 5107 3669 5178 inﬁdelitatem

2244 5176 2322 5252 (Ii)
2351 5176 2595 5250 Quinque
2627 5194 2761 5234 mss.
2785 5179 3194 5250 voluntatemque
3219 5196 3231 5231 :
3254 5179 3416 5252 male.
3445 5176 3634 5252 Eidem
3659 5178 3764 5234 fere

2171 5249 2263 5375 tl'ei'
2282 5249 2563 5375 s'ullnaceut
2589 5261 2746 5306 antea
2767 5261 3053 5320 peccatum,
3079 5259 3199 5321 post
3223 5249 3492 5304 oblectatio
3507 5251 3761 5314 vitiorum,

2197 5337 2265 5375 110
2290 5339 2349 5375 vo
2375 5334 2544 5375 antas.

2197 5322 2265 5376 tie
2290 5327 2544 5378 voluntas.

2251 5341 2684 5466 ξίῖθιῗῖξῖἷὲέίότιάη
2710 5393 2831 5459 Er.,
2864 5393 3013 5466 Lips.
3042 5401 3098 5449 et
3137 5393 3189 5447 in
3214 5391 3435 5466 aliquot
3460 5406 3595 5447 mss.
3629 5389 3766 5447 desi-

2177 5463 2396 5520 deratur
2423 5464 2558 5520 verbi
2596 5463 2984 5520 vocabulum':
3038 5466 3179 5535 quod
3231 5479 3353 5518 cum
3404 5463 3529 5519 Par.
3581 5472 3638 5518 et
3657 5475 3766 5535 tne-

2176 5537 2402 5590 lioribus
2445 5550 2576 5590 mss.
2631 5535 2970 5592 retinendum
3025 5533 3145 5591 esse
3193 5535 3365 5606 liquet
3409 5552 3475 5590 ex
3527 5533 3760 5605 proxima

2177 5610 2581 5690 comparatione
2611 5607 2794 5678 gladii.
2827 5607 2949 5663 Mox
2978 5608 3090 5662 sola
3119 5605 3284 5662 editio
3306 5605 3429 5661 Par.
3450 5606 3641 5677 sicque,
3671 5615 3762 5675 pro

2177 5693 2438 5749 remique.

2250 5745 2408 5822 (j)'ld
2430 5759 2531 5818 est,
2557 5750 2753 5807 animae
2783 5761 2838 5808 et
2861 5749 3074 5822 corpori
3092 5749 3260 5808 verbo
3298 5749 3411 5821 jam
3443 5745 3756 5807 conciliatis.
