3974 6198
311 325 380 380 77
1203 282 1749 390 COMMENTARIUS
1775 332 1844 388 ΙΝ
1873 331 2312 394 MATTHEUM.
2347 337 2500 394 CAP.
2537 339 2629 396 XI.

3462 348 3566 404 978

267 457 391 512 sua,
446 444 500 500 id
549 455 654 509 est,
701 447 770 501 ab
823 447 1138 505 infidelitate
1191 448 1384 516 divisa,
1414 450 1499 522 jus
1528 466 1684 507 suum
1708 466 1870 507 omne
1896 456 1950 515 Α
1974 449 2122 507 lusus
2153 453 2223 524 (n
2253 454 2305 508 in
2327 469 2427 508 nos
2455 457 2544 510 sit.
2578 457 2753 526 Atque
2803 458 2875 514 ita
2903 460 2993 530 qui
3031 462 3304 532 apostolos
3334 463 3524 534 recipit
3553 507 3570 534 ,

269 537 568 592 concedit:
596 548 652 593 nt
674 539 816 610 quod
847 551 964 596 erat
1005 541 1228 598 libertas
1269 543 1586 609 voluntatis,
1609 543 1867 614 deinceps

265 632 464 686 anima:
494 631 565 687 sit
607 640 862 703 potestas.
901 633 1092 704 Fitque
1115 637 1295 706 gravis
1335 635 1388 690 in
1433 634 1596 691 domo
1623 651 1728 690 una
1758 635 1870 691 dis-

265 724 473 790 sensio,
523 732 580 779 et
621 723 917 781 domeSIica
962 741 1103 782 novo
1150 727 1352 782 homini
1397 738 1556 783 erunt
1603 728 1816 783 inimica
1852 747 1864 782 :

265 813 392 883 quia
417 813 506 869 ille
535 829 634 886 per
665 815 888 870 verbum
930 818 1024 873 Dei
1067 817 1273 873 divisus
1303 820 1371 874 ab
1401 819 1531 886 illis,
1566 835 1787 874 manere
1814 829 1870 875 et

266 907 497 964 interior
524 917 578 965 et
607 909 843 965 exterior
866 910 1110 983 (subaud.
1136 912 1342 982 homo),
1376 911 1426 967 id
1456 920 1559 978 est,
1592 921 1646 967 et
1673 926 1867 981 corpus

265 1009 325 1054 et
346 1001 540 1066 anima,
577 1000 630 1054 in
677 1000 899 1071 spiritus
956 1003 1197 1060 novitate
1233 1003 1486 1073 gaudebit
1529 1021 1542 1057 :
1589 1018 1652 1059 ea
1713 1019 1865 1070 vero,

265 1109 391 1164 qua:
423 1091 496 1166 (a)
529 1093 763 1166 ingenita
813 1105 868 1150 et
901 1110 931 1150 a
971 1100 1202 1168 quadam
1253 1098 1515 1167 prosnpia:
1553 1097 1869 1168 antiquitate
1904 1127 1908 1132 -

263 1186 518 1254 deducta,
551 1190 854 1245 consistere
881 1190 935 1244 in
965 1191 1051 1248 his
1073 1192 1268 1262 quibus
1289 1193 1557 1248 oblectata
1589 1203 1713 1248 sunt
1734 1209 1867 1248 con-
1907 1267 1912 1270 _

261 1280 564 1349 cupiscent.
594 1281 661 1336 Et
689 1283 844 1353 origo
871 1284 1048 1339 carnis
1073 1295 1130 1360 et
1165 1285 1320 1356 origo
1349 1287 1542 1341 anima:
1564 1296 1618 1340 et
1648 1286 1868 1342 libertas

265 1374 552 1443 patestatis
577 1375 629 1429 in
655 1376 792 1432 duos
813 1375 1142 1442 dividentur,
1166 1383 1399 1434 animam
1429 1379 1637 1434 scilicet
1674 1387 1728 1435 et
1747 1395 1870 1434 cor-

262 1482 367 1538 pus
401 1467 636 1524 hominis
662 1471 788 1526 novi
811 1512 825 1534 ,
865 1469 941 1543 (b)
972 1487 1094 1542 quae
1129 1488 1292 1526 unum
1330 1480 1492 1542 atque
1540 1470 1680 1526 idem
1731 1471 1869 1528 velle

259 1571 548 1629 cmperunt
595 1578 608 1614 :
661 1560 926 1633 divisique
973 1573 1084 1619 tres
1122 1563 1333 1619 duobus
1381 1562 1770 1632 subjacebunt,
1812 1564 1864 1618 in

259 1652 604 1710 dominatum
641 1669 830 1710 eorum
875 1655 944 1712 de
984 1655 1217 1726 Spiritus
1259 1656 1497 1712 novitate
1545 1655 1863 1726 potioribus.

258 1745 332 1801 Et
363 1746 562 1802 idcirco
584 1748 683 1813 illi,
711 1747 802 1818 qui
823 1747 1150 1805 domesticas
1185 1749 1460 1804 nominum
1485 1747 1865 1821 (c)cbaritates

1971 543 2242 601 Christum
2273 548 2494 618 recipit;
2524 553 2617 620 qui
2650 567 2778 606 vero
2809 553 3082 609 Christum
3116 555 3326 626 recipit,
3361 566 3566 627 patrem

1971 636 2141 693 Deum
2169 639 2362 710 recipit
2393 659 2407 695 :
2458 642 2580 711 quia
2625 658 2732 699 non
2754 645 2897 700 aliud
2945 646 2999 701 in
3029 647 3287 717 apostolis
3332 649 3522 719 recipit
3552 692 3568 716 ,

1970 743 2129 798 quam
2152 731 2297 801 quod
2323 732 2376 787 in
2404 732 2618 788 ChriSto
2642 745 2754 800 est,
2783 751 2957 807 neque
2974 737 3028 792 in
3043 736 3262 794 Christo
3292 739 3435 795 aliud
3454 750 3568 807 est,

1969 837 2128 892 quam
2150 824 2294 894 quod
2346 825 2400 880 in
2432 825 2542 882 Deo
2569 836 2678 882 est:
2710 843 2909 900 perque
2937 831 3078 886 hunc
3099 833 3344 888 ordinem
3369 835 3572 904 gratia-

1970 931 2088 971 rum
2109 958 2123 982 ,
2157 932 2261 972 non
2286 918 2429 988 aliud
2452 928 2535 974 est
2559 921 2832 991 apostolos
2861 923 3148 994 recepisse,
3173 940 3331 994 quam
3363 926 3564 991 Deum;

1969 1009 2092 1078 quia
2141 1018 2196 1064 et
2226 1010 2276 1063 in
2306 1011 2411 1066 illis
2432 1009 2677 1067 Christus
2697 1054 2713 1078 ,
2745 1023 2798 1068 et
2821 1014 2874 1068 in
2916 1013 3131 1070 Christo
3168 1016 3308 1072 Deus
3336 1016 3563 1074 habitet.

2042 1097 2132 1151 28.
2182 1097 2369 1154 Plures
2419 1104 2784 1172 consequendte
2818 1107 3120 1161 aeternitatis
3158 1109 3471 1164 occasiones.
3496 1137 3570 1149 —

1973 1188 2076 1255 Qui
2091 1191 2268 1260 recipit
2290 1193 2590 1264 prophetam
2630 1195 2685 1248 in
2714 1196 2919 1249 nomine
2947 1197 3238 1269 prophetar,
3283 1202 3565 1255 mercedem

1972 1281 2238 1350 praphetaa
2263 1284 2476 1354 accipiet
2523 1284 2686 1355 (Ibid.
2719 1284 2832 1355 41).
2861 1287 2963 1355 Qui
2992 1288 3306 1359 prophetam
3335 1291 3562 1360 recipit,

1971 1372 2302 1430 habitantem
2350 1378 2541 1448 recipit
2591 1377 2644 1433 in
2695 1381 2992 1450 propheta:
3049 1380 3214 1452 ﬁtque
3283 1382 3565 1452 prepheta:

1970 1467 2224 1522 mercede
2249 1468 2462 1538 dignus,
2497 1474 2813 1541 prophetam
2861 1476 3137 1542 pr0pltettc
3184 1476 3400 1531 nomine
3428 1477 3567 1530 reci-

1970 1559 2144 1629 piens.
2178 1559 2282 1616 Par
2305 1576 2518 1632 quoque
2543 1565 2814 1634 recepisse
2848 1566 3054 1636 justum
3098 1582 3308 1623 merces
3335 1569 3561 1638 deputa-

1969 1662 2089 1720 tur,
2120 1654 2284 1724 ﬁtque
2307 1655 2486 1724 justus
2506 1671 2574 1711 ex
2605 1656 2811 1712 honore
2835 1659 3083 1727 justitim.
3116 1662 3194 1714 Ac
3214 1661 3293 1714 sic
3311 1675 3566 1715 consum-

1969 1757 2146 1800 matur
2160 1746 2367 1816 justitia
2389 1763 2458 1803 ex
2487 1748 2613 1816 ﬁde,
2637 1761 2692 1804 et
2713 1751 3018 1806 mercedem
3039 1754 3271 1822 acquirit
3299 1752 3557 1820 olﬁcium,

257 1839 536 1896 dilectioni
569 1841 686 1912 ejus
731 1841 1091 1912 praetulerint,
1135 1843 1299 1915 720
1340 1842 1638 1898 futurorum
1686 1841 1858 1898 bono-
1887 1838 1935 1898 B
1962 1839 2142 1910 plures
2167 1841 2560 1910 consequenda:
2584 1844 2899 1898 mternitatis
2941 1845 3252 1901 occasiones
3303 1845 3412 1900 Deo
3453 1845 3563 1900 lar-

256 1947 380 1986 rum
413 1931 616 2004 indigni
638 1944 798 1990 erunt
825 1933 1160 1990 haereditate.

333 2025 426 2081 25.
475 2026 646 2095 Crux,
699 2036 1077 2082 sacramentum
1135 2027 1280 2093 ﬁdei.
1325 2057 1396 2068 —
1447 2027 1626 2098 Pergit
1666 2025 1861 2082 deinde

255 2118 453 2175 eodem
485 2129 876 2192 praeceptorum
925 2129 982 2175 et
1021 2119 1390 2189 intelligentia:
1432 2119 1683 2174 decursu.
1726 2116 1860 2172 Nam

257 2224 448 2287 postea
471 2229 630 2285 quam
677 2213 1029 2283 relinquenda
1072 2214 1250 2269 omnia
1281 2229 1400 2283 qua:
1441 2214 1492 2267 in
1534 2211 1734 2267 sreculo
1763 2226 1857 2268 ca-

256 2306 476 2364 rissima
527 2315 654 2362 sunt
705 2309 1094 2376 imperaverat;
1141 2305 1369 2375 adjecit,
1406 2305 1509 2372 Qui
1537 2321 1641 2358 non
1672 2304 1860 2373 accipit

257 2416 463 2454 crucem
510 2416 687 2466 suam,
745 2409 792 2453 et
835 2399 1064 2470 sequitur
1108 2413 1218 2462 me,
1271 2414 1373 2450 non
1417 2407 1490 2451 est
1551 2414 1632 2450 me
1676 2397 1860 2467 dignus

263 2492 430 2566 (Ibid.
462 2491 552 2564 58)
585 2509 600 2546 :
628 2492 751 2562 quia
778 2492 869 2562 qui
894 2491 1093 2546 Christi
1124 2500 1270 2553 sunt,
1319 2487 1704 2544 cruciﬁxerunt
1740 2503 1861 2543 cor-

259 2603 365 2658 pus
391 2603 512 2642 cum
563 2586 705 2641 vitiis
743 2593 799 2641 et
841 2583 1320 2655 concupiscentiis.
1375 2581 1443 2638 Et
1491 2582 1738 2652 indignus
1777 2590 1862 2637 est

260 2677 480 2734 Christo
501 2721 516 2744 ,
545 2677 639 2748 qui
671 2692 776 2733 non
803 2692 1020 2732 crucem
1049 2691 1202 2731 suam
1228 2716 1243 2741 ,
1274 2673 1326 2728 in
1355 2689 1457 2744 qua
1479 2673 1858 2743 compatimur,

259 2771 682 2838 commorimur,
715 2771 1148 2841 consepelimur,
1197 2769 1670 2838 conresurgimus,
1719 2770 1861 2823 acci-

261 2865 442 2936 piens,
478 2863 760 2918 Dominnm
785 2863 856 2917 sit
881 2871 1118 2930 secutus,
1152 2861 1205 2916 in
1235 2859 1339 2916 hoc
1365 2866 1708 2915 sacramento
1736 2858 1858 2914 ﬁdei

264 2957 494 3027 spiritus
525 2960 766 3010 novitate
789 2957 1046 3010 victurus.

335 3049 428 3105 26.
453 3049 672 3104 Mortem
713 3051 869 3120 infert
895 3049 1060 3115 vitiis,
1111 3049 1289 3102 mortis
1333 3047 1504 3118 aufert
1551 3057 1763 3102 metum.
1789 3077 1859 3088 ——

264 3142 371 3208 Qui
400 3143 645 3196 invenerit
664 3141 888 3195 animant
908 3156 1055 3194 suam
1081 3181 1095 3206 ,
1134 3141 1311 3208 perdet
1340 3139 1526 3203 illam;
1556 3147 1604 3193 et
1627 3139 1716 3209 qui
1743 3155 1860 3210 per-

1963 1930 2148 2001 giente
2179 1948 2192 1984 :
2221 1931 2502 2002 quandoin
2522 1933 2833 2004 recipiendo
2856 1935 3006 2004 justo
3034 1944 3091 1990 et
3119 1936 3380 2007 propheta
3398 1978 3414 2004 ,
3447 1940 3563 2008 ipse

1965 2026 2282 2080 reverentiae
2312 2023 2534 2082 allectus
2561 2037 2616 2082 et
2643 2026 2776 2098 justi
2806 2027 3066 2085 honorem
3117 2030 3344 2102 accipiat
3365 2041 3420 2088 et
3441 2046 3567 2102 pro-

1965 2117 2162 2188 phetze.

2035 2209 2126 2265 29.
2162 2209 2473 2281 Obsequium
2494 2212 2588 2266 sub
2630 2213 2895 2284 religionis
2918 2213 3162 2282 Opinione
3175 2214 3404 2269 delatum
3423 2215 3564 2269 indi-

1963 2317 2094 2372 gno,
2126 2301 2358 2357 mercede
2381 2319 2485 2357 non
2512 2305 2806 2374 fraudatur.
2835 2335 2907 2344 —-
2949 2303 3016 2359 Et
3037 2307 3342 2375 quicumque
3383 2316 3560 2376 potum

1965 2395 2158 2450 dederit
2195 2397 2285 2449 uni
2309 2412 2372 2450 ea:
2399 2398 2625 2450 minimis
2671 2399 2756 2451 isti
2803 2399 3011 2452 calicem
3043 2415 3188 2470 aqua:
3226 2400 3464 2472 frigidae,
3511 2409 3567 2456 et

1967 2486 2171 2556 reliqua
2203 2485 2366 2559 (Ibid.
2393 2487 2510 2558 42).
2542 2487 2658 2542 Νοιι
2689 2489 2850 2545 inane
2879 2504 2999 2544 esse
3025 2489 3184 2544 bona}
3211 2491 3560 2548 conscientia:

1965 2592 2100 2647 opus
2147 2578 2366 2645 docuit,
2409 2595 2586 2651 neque
2629 2596 2779 2650 spem
2822 2581 2948 2638 ﬁdei
2988 2583 3180 2638 aliena:
3235 2582 3564 2642 inﬁdelitatis

1966 2668 2194 2724 crimine
2223 2669 2488 2726 laborare.
2516 2672 2676 2744 721
2706 2673 3000 2730 Providens
3019 2675 3165 2730 enim
3205 2677 3389 2747 plures
3419 2679 3564 2733 lutu-

1966 2779 2056 2818 ros
2089 2773 2292 2820 tantunt
2313 2767 2648 2835 apostolatus
2677 2769 2895 2824 nomine
2926 2770 3192 2839 gloriosos
3211 2812 3226 2836 ,
3259 2771 3404 2825 omni
3433 2787 3564 2827 vero

1968 2856 2093 2912 vitae
2119 2873 2231 2912 suae
2261 2874 2427 2928 Opere
2456 2860 2868 2931 improbabiles,
2909 2863 3238 2935 eosdemque
3257 2865 3349 2921 diu
3378 2865 3564 2922 fallere

1894 3027 1896 3030 ν
1966 2947 2166 3019 diuque
2195 2951 2442 3018 mentiri,
2485 2961 2661 3008 tamen
2713 2953 3060 3026 obsequium,
3111 2956 3254 3026 quod
3283 2956 3415 3027 ipsis
3462 2958 3563 3013 sub

1967 3037 2244 3108 religionis
2272 3039 2528 3108 opinione
2573 3039 2808 3096 delatum
2837 3042 2932 3109 sit,
2970 3044 3221 3099 mercede
3261 3045 3442 3114 Operis
3478 3046 3561 3099 sui

1967 3135 2189 3203 speique
2215 3149 2320 3188 non
2351 3133 2582 3190 fraudat.
2616 3135 2749 3192 Nam
2798 3136 2924 3192 licet
2953 3138 3055 3207 ipsi
3086 3137 3295 3193 minimi
3341 3147 3558 3205 essent,

260 3237 454 3290 diderit
524 3235 750 3289 animum
807 3250 956 3288 suam
1022 3243 1230 3304 propter
1283 3227 1422 3296 me,
1473 3231 1689 3285 inveniet
1748 3247 1861 3284 eam
1889 3227 1934 3291 C
1967 3223 2021 3279 id
2068 3233 2179 3288 est,
2215 3237 2558 3295 peccatorum
2603 3228 2843 3283 omnium
2886 3230 3055 3284 ultimi
3103 3232 3409 3302 (minimum
3446 3246 3565 3286 om-

259 3328 427 3401 (Ibid.
470 3327 583 3398 59).
615 3325 776 3382 Verbi
823 3326 1032 3382 scilicet
1073 3335 1368 3396 potestate,
1412 3332 1466 3380 et
1513 3335 1754 3379 veterum
1778 3323 1859 3378 di-

261 3422 476 3478 visione
493 3421 574 3492 (ά)
600 3421 872 3490 vitiorum,
904 3419 1147 3491 proﬁciet
1178 3419 1384 3475 lucrum
1412 3418 1606 3474 anima:
1629 3417 1684 3472 in
1713 3432 1861 3474 mor-

261 3526 374 3574 tem
395 3558 410 3580 ,
441 3525 496 3570 et
524 3515 780 3571 damnum
812 3515 866 3569 in
894 3515 1144 3570 salutem.
1178 3514 1319 3585 Ergo
1343 3511 1680 3582 suscipienda
1713 3525 1860 3565 mors

258 3617 348 3664 est
368 3609 424 3662 in
449 3607 688 3662 novitate
706 3607 830 3661 vitae
848 3647 865 3674 ,
891 3615 946 3662 et
971 3607 1118 3663 cruci
1146 3605 1362 3661 Domini
1384 3603 1704 3675 conligenda
1732 3611 1861 3658 sunt

259 3701 426 3757 vitia:
454 3710 508 3756 et
539 3699 792 3755 adversus
823 3708 1240 3768 persequentes,
1270 3707 1583 3767 contemptu
1622 3711 1856 3765 prtesen-

261 3791 706 3864 tium,gloriosa:
759 3788 1118 3846 confessionis
1169 3787 1447 3844 retinenda
1495 3787 1716 3844 libertas
1740 3795 1858 3866 est,

259 3895 321 3943 et
344 3885 662 3941 damnosum
690 3883 886 3938 anima:
937 3883 1143 3937 lucrum
1174 3879 1546 3952 relngiendum
1571 3902 1583 3937 :
1628 3881 1860 3936 scientes

259 3979 512 4048 cuiquam
542 3977 630 4045 jus
653 3976 707 4031 in
755 3972 992 4030 animam
1021 3987 1128 4028 non
1159 3973 1423 4044 relinqui,
1456 3983 1510 4028 et
1535 3972 1861 4029 detrimento

260 4071 446 4127 brevis
470 4070 615 4137 vitm,
643 4069 821 4125 [tenus
851 4068 1271 4123 immortalitatis
1299 4068 1522 4138 acquiri.

336 4161 430 4216 27.
464 4157 699 4214 Christus
727 4160 812 4228 qui
833 4159 1108 4213 mediator.
1138 4187 1210 4198 —
1254 4159 1357 4222 Qui
1407 4158 1586 4228 recipit
1612 4175 1698 4214 vos
1726 4198 1740 4222 ,
1785 4175 1862 4213 me

259 4254 473 4325 recipit:
519 4264 565 4307 et
597 4255 683 4324 qui
727 4268 806 4306 me
831 4253 1048 4320 recipit,
1091 4251 1274 4322 recipit
1324 4267 1438 4303 eum
1478 4251 1566 4319 qui
1594 4267 1674 4304 me
1725 4250 1864 4303 misit

267 4347 451 4420 (Ibid.
499 4344 616 4418 Mt).
664 4345 942 4401 Universis
983 4343 1243 4404 doctrinae
1286 4342 1533 4399 allectum
1578 4353 1633 4398 et
1664 4357 1865 4412 praece-

261 4451 481 4514 ptorum
511 4440 849 4494 sedulitatem
897 4435 1174 4508 impendit.
1207 4436 1273 4490 Et
1307 4436 1397 4506 qui
1429 4435 1723 4507 periculum
1754 4450 1862 4490 non

260 4533 640 4603 recipientium
692 4531 968 4602 apostolos
1023 4530 1233 4585 excussi
1263 4529 1498 4599 pulveris
1554 4528 1863 4584 testimonio

259 4625 636 4682 denuntiasset
665 4665 678 4687 ,
730 4621 1102 4693 recipientium
1166 4621 1418 4676 meritum
1460 4621 1599 4677 ultra
1637 4622 1863 4692 gratiam
1889 4613 1943 4673 D
1969 4636 2038 4674 an
2075 4620 2236 4674 alium
2281 4629 2628 4690 exspectamus
2660 4620 2872 4692 (Matth.
2903 4637 2995 4689 ιι,
3032 4621 3068 4675 2
3109 4633 3156 4677 et
3183 4623 3281 4695 5)?
3328 4625 3563 4684 Joannes
3660 4653 3668 4656 έ

261 4719 341 4792 (e)
394 4719 590 4786 sperati
633 4717 792 4772 ofﬁcii
837 4715 1214 4772 commendat:
1245 4714 1510 4785 docetque
1540 4716 1592 4769 in
1615 4730 1674 4770 se
1700 4715 1863 4770 etiam

260 4810 582 4868 mediatoris
614 4809 883 4876 ofﬁcium,
929 4808 1018 4878 qtti
1051 4821 1172 4862 cum
1211 4807 1281 4861 sit
1335 4817 1585 4877 receptus
1615 4823 1642 4861 a
1674 4808 1827 4864 nobis
1848 4851 1863 4876 ,

259 4914 427 4976 atque
449 4903 539 4960 ille
566 4900 838 4972 prolectus
865 4915 930 4956 ex
964 4900 1074 4956 Deo
1103 4901 1195 4967 sit,
1223 4899 1363 4955 Deus
1389 4915 1485 4971 per
1510 4899 1660 4956 illum
1699 4911 1868 4958 trans-

337 5050 418 5124 (a)
451 5052 503 5108 In
547 5058 779 5121 quatuor
808 5064 941 5124 mss.
988 5049 1138 5124 inita.
1188 5046 1303 5124 Non
1330 5047 1664 5124 _diSpliceret
1691 5021 1867 5106 insita.

261 5119 366 5180 ilic
396 5119 524 5179 vero
555 5119 780 5194 ingenita
809 5119 1105 5194 (quomodo
1135 5120 1296 5194 supra
1323 5119 1562 5190 ingeniti)
1612 5121 1756 5176 idem
1785 5131 1873 5178 est

259 5195 412 5265 quod
441 5190 666 5250 innata':
697 5208 804 5264 quo
831 5190 1050 5248 nomine
1072 5190 1359 5247 inﬁdelitas
1389 5199 1445 5246 et
1471 5199 1745 5262 peccatum
1777 5208 1873 5250 seu

262 5266 517 5334 voluptas
546 5266 867 5320 indicantur.

343 5336 805 5409 (b)7Colbertin.n_s
849 5333 1023 5409 codex
1056 5351 1070 5388 :
1103 5335 1226 5399 quia
1290 5349 1450 5388 unum
1501 5350 1516 5387 :

402 5773 460 5842 et
474 5759 687 5842 1qorpus
713 5763 794 5818 eis
823 5761 1095 5842 imperant
1114 5759 1183 5842 ac
1209 5759 1601 5842 dominantur}.

275 5810 1768 5908 iisnai's';i.';m6ss'sa}s;mittig'zssiqta.
1812 5828 1888 5888 ttti

1573 5333 1874 5392 faventibus

265 5406 542 5478 aliquibus
590 5409 742 5471 aliis,
776 5406 1062 5478 inquibus
1084 5413 1266 5478 exstat
1306 5422 1414 5478 qua
1453 5422 1632 5460 unum.
1657 5406 1870 5478 Anima,

266 5475 471 5547 corpus
491 5488 544 5533 et
564 5479 815 5534 voluntas
835 5475 944 5546 jam
974 5477 1038 5530 ad
1066 5476 1204 5531 duos
1227 5475 1585 5545 reducuntur,
1610 5493 1730 5531 cum
1765 5476 1884 5531 ani-

267 5565 377 5605 mae
407 5565 564 5605 suum
606 5549 696 5619 jus
731 5547 897 5603 cessit
926 5549 1194 5602 voluntas.
1223 5547 1359 5602 Tum
1408 5564 1538 5604 vero
1566 5547 1880 5613 inﬁdelitas,

268 5631 579 5694 peccatum,
611 5629 667 5676 et
705 5620 953 5694 voluntas
981 5633 1010 5672 a
1041 5633 1276 5694 corpore»
1313 5628 1368 5673 et
1413 5620 1601 5694 anima
1632 5619 1884 5694 dividun-

277 5689 390 5760 tur,
421 5694 613 5763 eisque
641 5692 946 5763 subjacent,
965 5705 1085 5745 cum
1111 5705 1208 5760 per
1226 5692 1483 5763 virtutem
1512 5691 1744 5762 Spiritus
1772 5689 1888 5746 ani-

1971 3319 2118 3373 nium
2149 3330 2328 3374 autem
2370 3329 2489 3387 est,
2518 3336 2627 3391 quo
2674 3322 2854 3377 minus
2903 3323 3032 3378 nihil
3083 3324 3230 3378 aliud
3259 3324 3398 3392 est),
3453 3339 3562 3378 non

1963 3411 2144 3467 inania
2188 3421 2364 3468 tamen
2407 3414 2460 3467 in
2502 3429 2597 3470 eos
2641 3416 2806 3470 etiam
2837 3417 3010 3483 levia,
3058 3433 3179 3488 quae
3222 3418 3324 3473 sub
3349 3417 3560 3488 frigidae

1964 3520 2117 3576 aquae
2154 3507 2372 3560 nomine
2419 3507 2702 3577 designat,
2740 3508 2916 3565 ollicia
2965 3525 3086 3566 esse
3131 3513 3398 3566 decernit.
3439 3511 3558 3566 Non

1963 3599 2107 3654 enim
2137 3600 2373 3668 peccatis
2421 3599 2686 3664 hominis,
2719 3601 2814 3656 sed
2860 3602 3109 3672 discipuli
3137 3604 3339 3658 nomini
3389 3606 3560 3658 honor

1964 3693 2236 3762 prtestitus
2267 3699 2371 3748 est.
2398 3695 2574 3762 Atque
2605 3694 2678 3748 ita
2701 3693 3023 3762 probitatem
3051 3697 3395 3766 obsequentis
3414 3739 3428 3763 ,
3459 3695 3558 3751 fal-

1963 3786 2125 3841 lentis
2141 3785 2210 3840 de
2227 3801 2286 3841 se
2308 3785 2502 3856 probra
2529 3801 2637 3842 non
2662 3786 2891 3842 laedunt:
2909 3804 3032 3844 cum
3075 3789 3379 3846 mercedem
3403 3805 3558 3846 suam

1964 3878 2142 3936 dantis
2164 3879 2442 3948 ﬁde,non
2484 3882 2810 3937 assumentis
2857 3882 3145 3938 mendacio
3171 3892 3559 3954 consequatur.
3619 3914 3622 3918 -
3677 3881 3682 3887 '

2579 3974 2806 4031 CAPUT
2831 3973 2924 4030 XI.

1962 4065 2195 4121 Joannes
2248 4066 2313 4120 de
2350 4082 2551 4120 carcere
2598 4065 2667 4120 ad
2711 4065 2893 4120 Iesum
2955 4069 3139 4135 mittit,
3191 4079 3237 4124 et
3297 4069 3449 4125 Iesus
3497 4073 3562 4127 de

2034 4155 2237 4211 Joanne
2287 4156 2355 4210 ad
2387 4157 2562 4210 turbas
2601 4156 2847 4227 loquitur.
2879 4156 3012 4212 Item
3057 4161 3310 4232 confessio
3334 4159 3465 4217 Iesu
3490 4163 3560 4216 ad

2036 4249 2269 4306 Patrem.

2038 4343 2092 4397 1.
2138 4341 2367 4396 Ioannes
2423 4341 2682 4396 Christum
2743 4359 2845 4398 non
2900 4346 3175 4413 ignoravit.
3219 4377 3293 4387 —
3330 4347 3563 4405 Ioannes

1964 4450 2081 4487 cum
2128 4433 2358 4488 audisset
2393 4433 2469 4506 (g)
2499 4435 2554 4488 in
2581 4451 2783 4489 carcere
2805 4451 2960 4506 opera
3000 4435 3227 4505 Christi,
3259 4440 3466 4495 mittens
3489 4441 3560 4496 ad

1966 4544 2082 4582 eum
2106 4527 2390 4599 discipulos
2417 4543 2569 4593 suos,
2595 4528 2667 4582 ait
2700 4528 2781 4582 illi
2810 4544 2829 4582 :
2859 4527 2936 4582 Tu
2964 4546 3017 4583 es
3065 4535 3151 4600 qui
3180 4542 3418 4587 venturus
3465 4551 3554 4603 es,

1972 4712 2224 4767 detentus
2265 4713 2318 4766 in
2342 4727 2561 4768 carcere
2596 4713 2874 4767 Dominum
2927 4715 3180 4784 ignorat?
3206 4727 3262 4773 et
3302 4720 3566 4790 prOpheta

1976 4815 2157 4859 tantus
2179 4804 2348 4860 Deum
2377 4820 2531 4860 suum
2555 4805 2761 4861 nescit?
2791 4807 2989 4877 Atquin
3019 4817 3300 4866 venturum
3331 4821 3390 4867 ut
3409 4814 3570 4884 praei-

1979 4908 2062 4954 tor
2087 4898 2382 4965 nuntiavit,
2410 4898 2797 4954 consistentem
2831 4907 2886 4953 ut
2913 4900 3175 4971 propheta
3201 4905 3450 4974 agnovit,
3474 4907 3571 4963 ad—
3647 4961 3652 4966 ,

1974 5050 2085 5120 jam
2113 5049 2600 5124 observatumcap.
2630 5048 2687 5115 4,
2721 5049 2894 5124 p.19,
2926 5051 3040 5116 ubi,
3073 5053 3211 5108 sicut
3258 5063 3315 5109 et
3339 5054 3393 5108 in
3434 5056 3573 5124 psal.

1979 5137 2164 5198 cxvttt,
2191 5137 2249 5175 ιι.
2281 5120 2444 5198 5,__ad
2472 5120 2702 5175 litteram
2727 5121 2998 5177 intellecta
3031 5135 3177 5192 sunt,
3200 5141 3320 5196 quae
3349 5120 3574 5198 hic—spi-

1977 5193 2206 5248 ritaliter
2224 5191 2582 5263 explicantur.

2054 5262 2133 5334 (d)
2159 5261 2310 5317 Par.'
2336 5271 2459 5332 post
2504 5261 2742 5330 Lipsium
2768 5303 2785 5330 ,
2841 5265 3180 5321 dimissione:
3223 5267 3402 5322 minus
3443 5282 3574 5321 con-

1979 5342 2238 5459 grueqtgr
2257 5348 2380 5388 cum
2403 5334 2774 5404 superioribus
2794 5374 2810 5400 ,
2832 5344 2887 5391 et
2910 5345 3108 5406 praeter
3132 5349 3374 5394 veterum
3407 5336 3572 5392 libro-

1982 5422 2101 5459 rum
2150 5421 2164 5458 l
2207 5419 2313 5459 em.

1982 5422 2101 5461 rum
2130 5407 2313 5459 Iidem.

2059 5475 2439 5548 (e)Beccensis
2490 5476 2696 5542 codex,
2729 5479 2898 5548 parati
2941 5479 3110 5548 ofﬁcii.
3166 5477 3277 5532 Hac
3317 5476 3572 5546 loquendi

1988 5547 2200 5603 ratiOne
2230 5548 2448 5618 gratiam
2473 5558 2734 5616 speratam
2761 5549 2923 5618 oﬁicio
2949 5547 3246 5618 intelligere
3267 5558 3368 5601 est.

2064 5621 2134 5691 (f)
2167 5616 2276 5674 Etsi
2307 5620 2358 5672 in
2381 5617 2628 5691 pluribus
2657 5616 2994 5673 mssfexstat
3025 5617 3079 5669 in
3106 5617 3276 5691 nobis:
3325 5616 3570 5691 retine".

1990 5686 2124 5750 dum
2151 5698 2331 5744 tamen
2371 5686 2426 5741 in
2457 5706 2549 5744 nos
2572 5697 2783 5743 constat
2827 5703 2892 5742 ex
2937 5701 3055 5754 cap.
3110 5687 3180 5740 η
3207 5725 3223 5750 ,
3255 5702 3311 5740 ιι.
3343 5686 3410 5741 12
3434 5727 3450 5751 ,
3481 5691 3573 5754 ubi

1997 5760 2140 5828 idem
2168 5759 2478 5828 Mediutoris
2506 5759 2740 5828 ofﬁcium
2767 5758 2957 5828 eadem
2999 5749 3215 5828 ratione
3251 5749 3571 5828 explicatur.

2064 5823 2140 5901 (9)
2170 5826 2296 5885 “ut
2329 5823 2503 5886 Valic.
2527 5838 2580 5883 et
2606 5826 2730 5882 Bect
2772 5827 2823 5880 in
2845 5825 3081 5879 vinculis.
