3974 6198
447 309 548 359 971)

1623 307 1796 362 SAM}
1817 307 1865 360 tl
1905 305 2156 362 lliLARIl
2201 306 2494 364 EPISCUI‘I

3639 305 3738 359 980

450 438 665 480 euntem
697 437 753 480 ut
781 425 1062 478 conte-sor
1110 433 1396 478 veneratus
1423 433 1527 478 est.
1564 422 1718 478 Unde
1746 432 1853 478 tam
1879 425 2042 478 saria
2068 427 2120 488 Α
2145 439 2242 478 sua
2274 423 2518 494 pltuiuiis
2553 423 2900 487 scandalum;
2945 423 3128 477 beatos
3174 436 3268 477 cos
3315 420 3597 491 professus
3627 429 3732 485 est,

451 529 506 573 ct
545 527 650 572 tam
691 515 982 570 abundanti
1011 515 1128 584 ejus
1169 514 1416 570 scientiae
1439 530 1592 570 error
1635 515 1910 585 obrepsit?
1937 515 2040 572 Sed

451 625 792 680 consequens
817 609 888 664 de
918 623 984 662 eo
1015 607 1225 662 Domini
1285 608 1652 663 testimonium
1703 609 1891 663 sentiri
1941 608 2043 662 hoc

448 705 524 759 ita
565 720 670 758 non
717 703 863 758 sinit.
912 701 1098 773 Neque
1153 717 1296 758 sane.
1345 703 1492 758 credi
1541 711 1757 773 petest,
1812 702 2044 773 Spiritus

449 795 621 851 sancti
650 795 875 866 gloriam
909 795 960 849 in
991 809 1211 850 carcere
1242 795 1414 864 posito
1441 794 1678 850 defuisse
1699 834 1714 861 ,
1736 809 1860 850 cum
1901 797 2047 864 Apo-

452 889 606 944 stolis
637 888 850 941 virtutis
879 901 990 942 sum
1021 889 1202 941 lumen
1231 898 1375 942 esset
1395 888 1450 942 in
1479 902 1698 944 carcere
1724 887 1912 959 positis
1943 887 2047 943 mi-

454 981 802 1036 nistraturus.

521 1073 579 1128 2.
609 1071 764 1143 Legis
804 1072 973 1140 forma
1011 1072 1128 1140 fuit.
1157 1071 1311 1144 Legis
1356 1089 1505 1143 opus.
1553 1071 1660 1128 Cur
1700 1072 1928 1128 Joannes
1979 1075 2048 1128 ad

453 1165 726 1220 Christum
761 1166 917 1219 misit.
964 1193 1036 1205 ——
1081 1164 1192 1220 Sed
1247 1166 1519 1235 praebetur
1567 1166 1620 1220 in
1647 1165 1764 1232 bis,
1821 1181 1940 1236 qum
1995 1167 2048 1221 in

450 1261 660 1317 Joanne
705 1271 853 1330 gesta
904 1269 1065 1325 sunt,
1113 1260 1464 1330 intelligentia
1509 1259 1738 1330 atnplior
1783 1277 1796 1312 :
1844 1271 2047 1316 etcum

451 1353 579 1408 facti
623 1353 945 1418 efficientia,
975 1353 1145 1421 gratia
1187 1353 1239 1407 in
1297 1368 1364 1407 eo
1401 1367 1654 1421 expressa
1699 1353 1960 1420 sentitur;
1994 1363 2052 1408 ut

451 1445 716 1517 propheta
750 1445 868 1514 ipse
891 1485 906 1510 ,
939 1447 1055 1514 ipso
1081 1459 1296 1514 quoque
1340 1443 1668 1498 conditionis
1694 1459 1806 1499 suae
1850 1460 2050 1515 genere

450 1539 830 1612 prophetaret,
875 1538 996 1606 quia
1027 1538 1081 1593 in
1111 1553 1177 1592 eo
1210 1537 1380 1592 forma
1409 1538 1542 1608 legis
1567 1539 1705 1593 elata
1730 1549 1834 1595 est.
1865 1539 2052 1596 Chris-

451 1642 564 1686 tum
596 1631 740 1685 enim
767 1631 851 1685 lex
889 1629 1227 1683 annuntiavit
1253 1667 1268 1694 ,
1299 1638 1353 1683 et
1397 1629 1769 1684 remissionem
1801 1639 2042 1700 peccato-

452 1739 572 1778 rum
606 1722 958 1793 praedicavit,
979 1729 1034 1776 et
1075 1736 1298 1792 regnum
1342 1721 1602 1776 caelorum
1643 1723 1967 1793 spopondit:
1998 1733 2051 1779 et

2146 531 2372 588 quorum
2403 515 2524 571 iidei
2548 515 2675 570 nihil
2726 515 3039 570 tentamenti
3087 514 3306 570 aderret
3351 529 3483 569 crux
3504 553 3522 579 ,
3553 527 3698 567 mors
3719 555 3734 581 ,

2145 609 2439 679 sepultura.
2468 608 2654 679 itaque
2680 610 2765 663 cui
2797 609 2868 680 (e)
2896 609 2974 663 rei
3010 606 3247 664 Joannes
3290 609 3523 662 cavisset
3567 615 3742 661 osten-

2145 701 2248 767 dit,
2279 701 2466 757 dicens
2495 703 2681 756 beatos
2719 716 2845 767 eos,
2875 701 3072 770 quibus
3097 700 3297 770 aliquid
3330 699 3383 753 in
3413 712 3476 753 se
3499 698 3738 754 scandali

2146 811 2254 851 non
2289 795 2478 849 fuisset
2517 813 2528 847 :
2574 794 2696 864 quia
2741 805 2886 848 metu
2916 794 3033 864 ejus
3077 793 3369 863 discipulos
3411 807 3541 848 suos
3585 793 3742 849 Joan-

2147 903 2267 954 nes,
2295 899 2353 943 ut
2381 887 2654 944 Christum
2685 887 2932 942 audirent
2968 887 3318 957 viderentque
3339 929 3353 951 ,
3388 887 3646 941 misisset.

2219 980 2276 1036 4.
2308 982 2517 1035 Arundo
2542 995 2671 1051 quos
2691 981 2965 1051 signiﬁcet.
2989 1010 3063 1022 —
3091 982 3168 1035 Ac
3200 995 3267 1035 ne
3289 980 3429 1035 istud
3461 980 3654 1036 referri
3679 980 3742 1035 ad

2150 1070 2410 1126 Joannem
2462 1083 2673 1140 posset,
2707 1083 2978 1143 tamquam
3015 1071 3214 1143 aliquid
3241 1072 3644 1128 scandalizatus
3665 1089 3748 1128 es-

2151 1175 2232 1218 set
2265 1165 2318 1218 in
2343 1163 2593 1229 Christo;
2618 1163 2937 1219 abeuntibus
2973 1163 3082 1219 illis
3104 1205 3118 1232 ,
3165 1164 3232 1218 ad
3262 1165 3447 1220 turbas
3486 1165 3556 1220 de
3583 1181 3648 1220 eo
3677 1167 3752 1221 lo-

2151 1269 2306 1312 cutus
2330 1266 2445 1312 est:
2478 1257 2619 1324 Quid
2657 1257 2836 1311 existis
2878 1257 2931 1312 in
2976 1257 3232 1312 desertum
3269 1259 3486 1313 videre?
3527 1259 3752 1312 Arundi-

2153 1367 2266 1405 nem
2299 1349 2367 1422 (f)
2393 1360 2540 1404 vento
2570 1353 2759 1405 moueri
2783 1350 2830 1421 (l
2840 1351 2944 1406 bid.
2971 1352 3070 1422 ην
3097 1353 3376 1406 Desertum
3418 1361 3611 1408 sancto
3633 1354 3753 1424 Spi-

2156 1443 2261 1498 ritu
2293 1458 2518 1497 vaeuum
2559 1443 2904 1499 sentiendum
2945 1454 3061 1510 est,
3117 1444 3168 1499 in
3213 1455 3322 1514 quo
3370 1445 3634 1501 habitatio
3662 1448 3752 1503 Dei

2156 1537 2298 1591 nulla
2321 1537 2410 1590 sit.
2443 1535 2500 1591 in
2529 1536 2794 1592 arundine
2818 1537 2961 1592 enim
2987 1538 3147 1591 homo
3174 1535 3252 1610 (g)
3282 1539 3404 1592 talis
3425 1539 3751 1607 ostenditur,

2155 1628 2225 1683 de
2249 1629 2418 1698 gloria
2458 1628 2640 1684 saeculi
2667 1630 2791 1684 vitae
2817 1644 2928 1683 suae
2954 1629 3211 1683 inanitate
3240 1631 3522 1698 speciosus
3542 1673 3558 1697 ,
3590 1630 3671 1702 (It)
3701 1632 3753 1688 in

2157 1739 2216 1780 se
2237 1734 2414 1780 autem
2440 1725 2614 1779 fructu
2651 1724 2894 1779 veritatis
2918 1739 3112 1789 cavus;
3141 1726 3379 1781 exterior
3404 1727 3626 1796 placens
3646 1771 3660 1792 ,
3695 1737 3748 1784 et

452 1816 690 1872 Joannes
737 1825 907 1870 totum
939 1815 1039 1870 hoc
1093 1830 1228 1883 Opus
1267 1815 1402 1885 legis
1431 1816 1690 1886 explevit.
1723 1817 1893 1887 Igitur
1934 1831 2055 1872 ces-
2084 1815 2134 1879 B
2161 1819 2336 1872 nullus
2366 1818 2620 1881 interior;
2649 1817 2716 1871 ad
2745 1832 2962 1872 omnem
2991 1828 3274 1873 ventorum
3298 1827 3540 1886 motum,
3567 1820 3621 1875 id
3649 1832 3751 1888 est,

454 1919 608 1966 sanie
629 1911 741 1980 jam
770 1909 920 1980 lege,
953 1925 1072 1978 qua:
1119 1910 1351 1978 peccatis
1375 1910 1545 1978 plebis
1593 1908 1668 1981 (α)
1703 1910 1906 1965 inclusa
1933 1951 1948 1976 ,
1998 1922 2054 1968 et

453 2003 639 2073 populi
667 2003 844 2056 vincta
871 2000 1017 2057 vitiis
1035 2041 1050 2066 ,
1073 2017 1140 2056 ne
1166 1999 1415 2055 Christus
1443 2009 1628 2071 posset
1653 2002 1900 2072 intelligi,
1929 2005 2053 2057 vin-

456 2094 592 2150 culis
635 2105 688 2148 et
733 2108 950 2148 carcere
994 2093 1388 2147 continebatur.
1445 2093 1585 2162 Ergo
1641 2091 1707 2146 ad
1761 2092 2052 2164 Evangelia

455 2186 764 2242 contuenda
801 2187 884 2241 lex
933 2185 1134 2239 mittit:
1171 2194 1227 2238 ut
1255 2184 1544 2239 infidelitas
1591 2185 1751 2240 fidem
1783 2185 2053 2242 dictorum

454 2277 856 2347 contempletur
882 2276 937 2332 in
967 2276 1152 2339 factis;
1199 2283 1254 2330 et
1278 2275 1421 2344 quod
1473 2276 1612 2330 intra
1639 2291 1758 2330 eam
1807 2289 2056 2346 peccato-

452 2388 572 2429 rum
596 2371 785 2427 fraude
809 2373 880 2426 sit
905 2370 1146 2425 viuctum
1168 2411 1182 2431 ,
1217 2384 1312 2439 per
1340 2368 1752 2440 intelligentiam
1779 2372 2051 2429 libertatis

455 2465 782 2534 evangelicae
839 2461 914 2534 (ὁ)
965 2461 1297 2517 absolvatur.
1371 2460 1489 2514 Tali
1561 2459 1724 2530 igitur
1817 2461 2056 2518 Joannes

460 2561 744 2628 exemplo,
797 2572 905 2612 non
957 2569 1104 2624 suae,
1146 2556 1243 2610 sed
1293 2555 1678 2625 discipulorum
1739 2556 2056 2627 ignorantia:

458 2652 722 2710 consulit:
755 2649 872 2720 ipse
909 2649 1054 2704 enim
1101 2657 1383 2702 venturum
1417 2649 1472 2702 in
1517 2649 1892 2703 remissionem
1925 2663 2054 2718 pec-

462 2754 708 2801 catorum
741 2739 1078 2812 praedicavit.
1109 2741 1272 2811 723
1301 2739 1406 2795 Sed
1438 2749 1496 2794 ut
1527 2744 1732 2805 scirent
1760 2755 1868 2795 non
1890 2743 2053 2796 alium

461 2853 492 2893 a
521 2851 580 2891 se
611 2834 996 2906 praedicatum,
1026 2835 1094 2886 ad
1133 2848 1297 2901 Opera
1327 2832 1446 2900 ejus
1472 2832 1726 2886 intuenda
1766 2832 2056 2902 discipulos

461 2944 589 2987 suos
641 2929 817 2985 misit:
848 2939 904 2982 ut
951 2929 1325 2982 auctoritatem
1384 2925 1542 2981 dictis
1571 2928 1683 2982 suis
1711 2927 1853 2981 illius
1891 2941 2056 2996 opera

458 3026 810 3089 conferrent,
879 3038 1054 3092 neque
1103 3021 1350 3076 Christus
1420 3022 1558 3075 alius
1619 3030 2052 3092 exspectaretur,

462 3132 626 3187 quam
655 3116 742 3169 cui
777 3115 1141 3169 testimonium
1168 3128 1333 3183 opera
1363 3114 1758 3182 prasstitissent.

2159 1910 2555 1964 immundorum
2579 1907 2863 1978 spirituum
2910 1907 3093 1963 flatum
3125 1912 3424 1966 movendus
3446 1953 3462 1977 ,
3490 1927 3668 1983 neque
3688 1913 3754 1968 ad

2158 2001 2488 2056 consistendi
2517 2000 2824 2060 firmitatem
2849 2003 3032 2056 valens
3051 2042 3065 2068 ,
3089 2012 3144 2057 et
3165 2003 3330 2056 animi
3357 2003 3616 2058 medullis
3642 2003 3754 2059 ina-

2159 2094 2263 2149 nis.
2299 2096 2440 2164 Ergo
2468 2107 2588 2148 cum
2617 2093 2748 2148 dicit
2783 2110 2796 2146 :
2831 2092 2970 2160 Quid
2995 2095 3170 2148 existis
3189 2097 3241 2148 in
3267 2095 3527 2150 desertum
3545 2096 3758 2150 ridere!

2157 2186 2477 2240 Arundinem
2523 2195 2669 2240 uento
2729 2187 2964 2240 moveri?
3011 2186 3112 2242 hoc
3165 2188 3460 2258 loquiturz'
3485 2189 3754 2260 Numquid

2158 2277 2345 2334 existis
2383 2278 2566 2333 videre
2595 2278 2866 2334 hominem
2893 2279 3200 2350 cognitione
3229 2273 3320 2336 Dei
3371 2295 3607 2336 vacuum
3636 2319 3652 2349 ,
3701 2290 3754 2336 et

2160 2369 2227 2424 ad
2275 2369 2676 2425 immundorum
2721 2371 3004 2440 spirituum
3057 2370 3239 2425 flatum
3278 2375 3752 2443 vagantemiNant

2157 2463 2487 2532 increpantis
2509 2461 2706 2517 affectu
2731 2464 2907 2533 potius
2937 2477 3098 2532 quam
3141 2464 3517 2521 conﬁrmantis
3541 2467 3641 2520 hoe
3676 2467 3755 2520 lo-

2157 2561 2341 2628 quitur
2373 2577 2385 2613 :
2417 2557 2710 2615 ostendens
2736 2559 2942 2615 scilicet
2971 2575 3077 2614 non
3116 2574 3238 2615 eum
3277 2561 3330 2614 in
3370 2559 3585 2616 Joanne
3629 2575 3753 2616 cun-

2162 2652 2322 2722 spici,
2345 2653 2436 2722 qui
2465 2661 2520 2706 et
2558 2651 2733 2706 inanis
2760 2660 2815 2706 et
2835 2651 3052 2706 mobilis
3080 2652 3170 2706 sit.

2233 2747 2286 2801 5.
2318 2744 2548 2814 Corpora
2567 2745 2695 2799 luant
2714 2743 2964 2798 dissoluta
2989 2745 3171 2798 donius
3190 2755 3308 2798 sunt
3342 2745 3655 2798 damonttrn.
3683 2773 3752 2785 —

2163 2838 2271 2894 Sed
2295 2839 2419 2908 quid
2458 2839 2632 2893 existis
2661 2837 2864 2891 videre?
2896 2836 3171 2892 Hominem
3216 2837 3458 2891 mollibus
3481 2839 3752 2893 vestitam?

2162 2929 2300 2984 Ecce
2325 2932 2410 3000 qui
2438 2930 2677 2984 mollibus
2704 2931 2986 2983 vestiuntur
3005 2967 3019 2992 ,
3069 2930 3123 2982 in
3169 2928 3406 2983 domibus
3437 2944 3615 3000 regunt
3639 2939 3751 2982 sunt

2160 3021 2328 3094 (Ibid.
2369 3020 2445 3092 8).
2484 3023 2548 3093 (ἱ)
2592 3020 2806 3076 Vestem
2831 3021 3092 3075 ambitum
3112 3020 3356 3089 corporis
3380 3035 3492 3090 quo
3521 3021 3753 3075 induitur

2162 3116 2324 3189 723
2365 3117 2542 3170 anima
2575 3113 2873 3186 significat,
2906 3114 3050 3184 quod
3094 3116 3220 3169 luxu
3251 3129 3315 3168 ac
3356 3113 3590 3170 lasciviis
3619 3115 3751 3170 mol-

531 3211 586 3265 5.
613 3208 936 3264 Scandalutn
976 3209 1144 3261 crucis
1192 3207 1424 3276 pradicﬂ
1474 3206 1725 3260 Christus.
1752 3237 1825 3248 —
1851 3208 1916 3262 Et
1934 3224 2055 3263 cum
2086 3205 2131 3269 C
2163 3213 2348 3267 Iescat.
2383 3211 2488 3266 Sed
2529 3212 2620 3280 qui
2660 3210 2838 3266 vestiti
2881 3210 3131 3264 mollibus
3173 3219 3297 3263 sunt
3328 3210 3382 3263 in
3409 3209 3659 3264 domibus
3679 3226 3752 3263 re-

461 3311 633 3358 totum
667 3319 730 3356 se
757 3302 1015 3354 Dominus
1056 3316 1236 3354 rerum
1269 3299 1544 3354 miraculis
1571 3299 1918 3369 prodidisset,
1948 3316 2054 3354 cae-

457 3409 644 3450 corum
682 3395 888 3449 scilicet
917 3394 1065 3457 visu,
1115 3392 1431 3447 claudorqu
1469 3391 1543 3462 (c)
1594 3409 1788 3459 cursu,
1819 3395 2056 3464 leproso-

456 3505 576 3545 rum
611 3489 920 3553 curatione,
965 3486 1254 3541 surdorutn
1300 3487 1520 3551 auditu,
1578 3503 1708 3542 voce
1748 3498 2055 3555 mutorum,

455 3581 570 3635 vita
593 3592 932 3635 mortuorum
959 3617 972 3642 ,
1005 3592 1300 3648 pauperum
1345 3577 1758 3647 praedicatione;
1783 3579 1891 3647 ait,
1921 3579 2056 3634 Bea-

456 3684 542 3727 tus
560 3675 646 3742 qui
676 3674 732 3726 in
754 3688 834 3726 ms
865 3685 966 3726 non
996 3671 1151 3740 fuerit
1173 3669 1560 3725 scandalizatus
1586 3670 1752 3742 (Ibid.
1781 3672 1861 3742 θ).
1891 3673 2058 3726 Num-

461 3766 591 3837 quid
629 3766 830 3836 aliquid
846 3765 956 3835 jam
976 3765 1029 3820 in
1057 3764 1274 3820 Christo
1293 3775 1408 3821 erat
1437 3773 1644 3837 gestuin
1666 3807 1681 3833 ,
1713 3766 1856 3837 quod
1897 3767 2062 3823 Joan-

459 3870 589 3912 nem
635 3856 1066 3911 scandalisaret?
1105 3856 1223 3910 Non
1259 3858 1464 3926 utique.
1509 3857 1641 3911 Nam
1682 3858 1736 3912 in
1785 3859 1900 3927 ipso
1927 3861 2058 3915 doc-

459 3949 618 4003 trinae
649 3962 763 4000 suae
791 3961 954 4000 cursu
980 3956 1035 4001 et
1060 3948 1240 4016 operis
1270 3948 1602 4002 morabatur.
1632 3948 1738 4004 Sed
1763 3954 2060 4021 superioris

462 4041 751 4097 sententia:
781 4039 860 4093 vis
887 4047 944 4094 et
967 4039 1270 4108 proprietas
1300 4041 1604 4095 cantusnda
1629 4051 1744 4108 est,
1772 4044 1900 4114 quid
1928 4047 2057 4102 illud

462 4137 536 4191 sit
561 4134 704 4206 quod
753 4147 1018 4204 pauperes
1054 4132 1132 4204 (ό)
1164 4133 1306 4188 bene
1353 4135 1694 4190 nuntiantur:
1747 4137 1800 4191 id
1829 4148 1940 4205 est,
1971 4141 2061 4210 qui

463 4228 799 4299 perdiderint
829 4229 1098 4291 animam,
1139 4227 1229 4296 qui
1259 4240 1475 4282 crucem
1506 4243 1656 4283 suam
1681 4233 1986 4301 acceperint
2008 4242 2064 4288 et

461 4331 759 4394 aequentur
775 4359 792 4387 ,
821 4322 911 4391 qui
933 4320 1161 4375 humiles
1179 4322 1368 4390 spiritu
1391 4321 1522 4376 ﬁent
1539 4359 1554 4390 ,
1584 4338 1812 4393 quorutn
1836 4339 2062 4396 regnum

461 4424 801 4487 pratparaiur
828 4415 883 4468 in
909 4414 1070 4468 ctelo.
1113 4413 1256 4483 Ergo
1283 4413 1410 4482 quia
1438 4415 1492 4468 in
1539 4414 1769 4471 Domino
1794 4417 1908 4472 base
1940 4433 2062 4488 pas-

2159 3320 2286 3376 gum
2326 3314 2471 3359 sunt.
2518 3304 2575 3358 ln
2633 3304 2880 3373 regibus,
2927 3312 3383 3370 transgressurum
3441 3302 3748 3370 angelorum

2163 3397 2496 3467 nuncupatio
2517 3405 2601 3452 est
2622 3405 2646 3449 ε’
2669 3395 2722 3450 hi
2747 3395 2890 3451 enim
2918 3395 3102 3450 saeculi
3131 3405 3256 3450 sunt
3287 3403 3568 3465 potentes,
3605 3409 3750 3449 mnu-

2161 3495 2322 3563 dique
2347 3491 2709 3546 dominantes.
2736 3490 2880 3560 Ergo
2913 3487 3094 3544 vestiti
3132 3489 3384 3542 mollibus
3424 3489 3480 3542 in
3509 3489 3750 3543 domibus

2163 3599 2350 3658 regum
2378 3593 2535 3647 sunt,
2570 3583 2624 3637 id
2669 3591 2752 3636 est
2775 3594 2869 3637 eos
2892 3623 2906 3648 ,
2941 3581 3134 3651 quibus
3182 3593 3277 3651 per
3297 3581 3480 3635 luxum
3511 3580 3672 3635 fluida
3701 3589 3750 3634 et

2165 3679 2428 3736 dissoluta
2449 3685 2577 3732 sunt
2599 3691 2826 3745 corpora
2842 3719 2857 3743 ,
2890 3677 2965 3748 (j)
2993 3687 3116 3730 esse
3143 3675 3452 3729 daemonum
3477 3674 3751 3730 habitatio-

2168 3787 2290 3828 nem
2312 3813 2326 3837 ,
2352 3769 2690 3826 consimilem
2719 3767 2904 3822 sedem
2937 3768 3226 3838 propositis
3246 3768 3362 3824 suis
3387 3776 3553 3838 atque
3583 3770 3750 3838 operi-

2162 3867 2263 3922 bus
2288 3864 2618 3935 ellgeutium.

2239 3957 2290 4012 6.
2331 3956 2556 4011 Ioannis
2592 3955 2780 4028 gloria.
2812 3985 2886 3998 -—
2906 3955 3014 4012 Sed
3038 3957 3161 4027 quid
3180 3958 3359 4012 existis
3387 3957 3561 4012 ridere
3577 3959 3604 4012 .’
3625 3957 3747 4013 Pro;

2166 4052 2415 4124 phetam?
2466 4049 2598 4104 Dico
2643 4050 2814 4117 vobis,
2865 4052 3020 4104 etiam
3056 4051 3173 4118 plus
3217 4061 3370 4120 quam
3417 4053 3741 4121 prophetam,

2165 4155 2271 4203 etc.
2301 4143 2462 4216 (Ibid.
2497 4144 2531 4200 9
2569 4154 2616 4198 et
2646 4144 2830 4214 seqq.).
2863 4143 3098 4199 Gloriam
3147 4159 3363 4198 omnem
3389 4143 3618 4200 Joannis
3655 4145 3746 4199 Do-

2165 4242 2342 4296 minus
2373 4238 2644 4304 ostendit,
2690 4239 2874 4292 dicens
2915 4251 3037 4291 esse
3065 4251 3186 4291 eum
3221 4237 3358 4291 ultra
3406 4239 3742 4307 prophetam:

2164 4333 2286 4402 quia
2314 4331 2416 4386 soli
2445 4330 2546 4400 ipsi
2578 4330 2787 4384 licuerit
2813 4336 2866 4382 et
2892 4329 3219 4398 prophetare
3241 4329 3520 4384 Christum
3539 4373 3553 4394 ,
3586 4341 3636 4384 et
3674 4331 3742 4382 vi-

2164 4425 2312 4479 dere.
2353 4425 2420 4479 Et
2455 4422 2724 4495 quomodo
2768 4419 3043 4475 Christum
3077 4420 3325 4490 ignorare
3353 4421 3622 4485 creditur,
3662 4420 3743 4489 qui

459 4509 680 4570 sianum
704 4507 1030 4562 universitas
1054 4505 1368 4560 conveniret
1388 4543 1402 4571 ,
1431 4505 1720 4578 futuraque
1751 4521 1898 4569 esset
1923 4528 2054 4570 crus
2081 4514 2135 4574 Ι)
2161 4519 2358 4573 missus
2388 4517 2442 4572 in
2473 4514 2652 4585 angeli
2692 4521 2962 4583 potestate
2995 4513 3134 4565 viam
3176 4521 3408 4568 venturo
3447 4512 3743 4584 paraverit,

533 4674 607 4747 (α)
639 4671 751 4747 lloe
777 4673 1154 4747 es.t‘,lpt‘0pte.rl
1197 4659 1376 4732 pepuli
1431 4673 1651 4747 peccata
1700 4667 1911 4747 l_at_ens,
1961 4690 2058 4731 seu

503 4732 636 4808 lebis
667 4732 964 4811 inlidelilaii
988 4733 1192 4811 occulta
1213 4775 1226 4796 ,
1267 4732 1565 4787 secundum
1598 4733 1728 4811 illud
1758 4732 1972 4811 Prolbg;
2002 4749 2055 4802 in

460 4773 964 4896 g';;'.’.'.:.';';;:;r.;:'§';
981 4773 2060 4886 ἑῖιῖἱὶ’ὰῖιὶειῖἴόῑῖιῖιὲἷᾉὶὲὲἱὶἆιὲἐέἆυιῗᾶἱιῖίἷ

390 4891 392 4893 ’
462 4895 652 4951 dialem
679 4895 886 4938 sensum
914 4886 961 4931 et
989 4876 1313 4946 prudentiam
1366 4879 1542 4930 sternit
1569 4879 1763 4936 clausis
1791 4893 1944 4951 atque
1971 4890 2060 4943 ob-

500 4898 652 4949 ialein
679 4898 886 4938 sensum
914 4898 960 4931 es
989 4898 1313 4946 pri-usuum
1366 4898 1542 4930 ueram
1569 4898 1763 4936 σεαιωω
1791 4898 1944 4957 atque
1971 4898 2060 4943 ob-

460 4968 1336 5107 stgatgtﬁl’aupﬁIm§szoablaatur:
1368 5018 1594 5107 minimo
1619 5035 1749 5107 sunt
1775 5029 2054 5100 sequendi.

463 5089 817 5167 ιιιίὰέιῐοιιιειι
847 5089 978 5170 “iud
1007 5089 1132 5170 «iiin
1174 5090 1378 5170 Ρ,¹ὀ¹⁴⁵8ί
1417 5106 1470 5145 n.
1507 5090 1570 5156 6,
1616 5089 1866 5155 Christus
1909 5103 2055 5156 solus

461 5158 764 5250 ξξᾱιῑαεὶιιᾳν
792 5158 1656 5250 quit“).-.{fidelitas.8":re:
1681 5181 2056 5250 εαεταηιεπεκηι

461 5230 834 5320 sacraiam:
859 5241 909 5320 εξ
931 5230 1592 5320 satietatevim
1619 5239 1685 5293 ει
1718 5249 2050 5320 Postumum

461 5303 680 5376 Creditis
701 5311 781 5363 Itis
796 5317 911 5383 qua:
931 5303 1135 5370 impleta
1157 5317 1247 5372 per
1268 5319 1385 5383 sunt
1405 5314 1524 5358 sunt
1543 5343 1558 5368 ,
1585 5303 1768 5364 cuncta
1796 5303 1905 5375 illa.
1939 5329 2056 5383 quae

461 5374 665 5462 signata
693 5390 738 5462 et
768 5377 944 5462 cla‘nsa
962 5383 1090 5462 ﬁunt
1111 5414 1126 5439 ,
1160 5383 1205 5425 et
1232 5374 1594 5462 aper-ieiunia
1634 5374 1980 5438 absolventur.

534 5463 608 5533 (ο)
639 5453 762 5533 Sol-2
793 5444 1907 5533 εαίεκὲέφςιετεεειέλυιρξίιλί..οο,ιιειιποιο
1941 5472 2057 5509 mu-

464 5507 761 5587 laﬁa'uﬁoi
792 5526 908 5587 erat
930 5513 1057 5587 illud
1089 5507 1363 5587 n'utn._l0,
1406 5514 1592 5573 Claudi
1625 5507 2050 5581 ερτοωηέωῖγὴξῆ,

536 5581 1033 5672 (Mandatum.-
1067 5581 1833 5672 sumliutcevwaetizame:

534 5657 612 5740 ξεί
639 5670 756 5725 vim
784 5658 858 5740 rei
883 5657 1037 5740 deest
1069 5657 1120 5709 itt
1147 5670 1279 5710 mss.
1305 5657 1460 5740 Coll):
1490 5657 1546 5740 et
1569 5664 1732 5719 Cant.
1765 5667 1860 5740 Illa
1888 5671 2050 5740 signi.

467 5729 659 5796 ficatur
691 5729 1010 5850 aettlltllnlum
1053 5741 1260 5793 crucis,
1307 5730 1455 5799 quod
1491 5730 1728 5792 Joannes
1777 5729 2057 5813 discipulis

471 5812 583 5850 suis
611 5815 833 5850 meltlcl‘l
864 5834 878 5849 ο

471 5812 583 5865 suis
609 5812 878 5862 metuem-

2237 4678 2310 4747 (ι’)
2336 4671 2649 4747 Apudl‘ar.
2683 4669 2772 4747 hic
2798 4678 2853 4722 et
2882 4666 3020 4722 infra
3042 4705 3058 4734 ,
3100 4678 3245 4723 vento
3271 4668 3524 4738 agitatam
3557 4688 3573 4726 :
3604 4671 3744 4726 obni-

2167 4741 2406 4804 tentibus
2445 4743 2564 4798 aliis
2596 4741 2773 4794 libris.

2238 4815 2313 4889 (g)
2343 4815 2400 4870 in
2435 4821 2667 4889 mentem
2702 4810 2857 4889 nobis
2883 4815 3105 4889 venerat
3153 4808 3436 4889 legendum
3462 4828 3613 4889 esse,
3657 4814 3747 4866 ela-

2168 4878 2554 4942 tns‘o'stenditur
2581 4885 2644 4936 de
2663 4882 2829 4952 gloria
2853 4881 3048 4952 secuti,
3075 4889 3179 4935 etc.
3211 4880 3293 4934 Nil
3324 4897 3455 4937 vero
3478 4884 3745 4938 iuimutauo

2166 4960 2293 5014 dum
2322 5000 2336 5022 ,
2364 4972 2486 5011 cuin
2509 4950 2769 5009 vocabulo
2809 4952 2928 5005 talis
2955 4950 3285 5022 signiﬁcetur
3322 4954 3485 5009 homo
3514 4954 3745 5010 urundini

2165 5030 2378 5086 similis.

2236 5101 2318 5170 (It)
2351 5096 2514 5160 Editi,
2541 5097 2653 5166 ipse
2675 5103 2865 5148 autem.
2922 5090 3256 5170 Concinnius
3464 5098 3520 5150 in
3545 5113 3616 5151 se.

2237 5164 2467 5243 (ἤραντ-
2501 5164 2665 5231 veste,
2712 5175 2822 5219 tum
2865 5175 2986 5233 post
3032 5164 3458 5243 Lips.__ltal_iitnn_t
3493 5166 3745 5243 corporis:

2163 5237 2556 5312 refragantibus
2590 5251 2718 5312 mss.
2746 5251 2975 5312 quorum
3016 5237 3259 5290 nonnulli
3289 5238 3488 5312 deinde
3528 5240 3743 5312 habent,

2161 5307 2598 5384 quod'induitur.
2630 5307 2842 5384 _Vestis_
2861 5309 3059 5362 anima:
3077 5323 3194 5384 nun
3242 5309 3385 5365 male
3400 5309 3743 5384 intelligatur

2163 5379 2362 5456 corpus
2385 5424 2400 5450 ,
2427 5397 2532 5450 quo
2557 5379 2732 5435 anima
2761 5379 2908 5433 velut
2951 5380 3278 5434 vestimento
3307 5381 3548 5436 ambitur
3567 5395 3629 5435 ac
3651 5381 3745 5434 cir-

2164 5457 2537 5522 eumcingitur.

2237 5529 2316 5599 (j)
2348 5520 2618 5580 Reticetur
2660 5520 2750 5576 hic
2795 5521 3073 5595 signi/irai.
3117 5522 3299 5599 Verba
3339 5523 3653 5599 superiora,
3699 5521 3745 5573 is

2165 5593 2397 5653 domibus
2419 5609 2596 5670 regum
2618 5602 2740 5670 _stt_nt
2765 5631 2780 5657 ,
2813 5593 3025 5661 passive
3061 5609 3166 5649 non
3196 5594 3373 5670 active
3401 5593 3741 5662 accipiuntur,

2165 5681 2262 5740 pro
2295 5671 2358 5722 iis
2387 5665 2507 5740 scil.
2539 5667 2628 5734 qui
2673 5665 3082 5740 frequentetttur
3125 5680 3154 5718 a
3198 5665 3414 5740 regibus
3462 5673 3742 5740 eorumque

2165 5735 2356 5794 domus
2382 5738 2521 5804 sint,
2553 5749 2660 5792 non
2679 5750 2780 5807 pro
2818 5735 2884 5790 iis
2908 5737 3000 5806 qui
3053 5749 3239 5810 regum
3275 5737 3470 5793 domos
3512 5737 3743 5807 frequen-

2166 5818 2299 5866 teut.
