3974 6198
478 304 584 361 985

1663 292 1910 352 SANCTI
1943 289 2201 351 HlLARll
2224 291 2533 353 EPISCOPI

3705 293 3830 352 984

477 410 718 484 pientiae.
749 407 988 476 Quorum
1014 420 1084 462 ne
1109 404 1238 476 quid
1263 405 1370 462 tale
1398 404 1625 476 intelligi
1652 413 1869 475 posset,
1900 406 2075 476 ipsum
2105 408 2153 467 A
2181 408 2459 479 utriusque
2488 409 2542 464 in
2573 415 2758 464 mutua
2782 406 3091 480 cognitione
3130 422 3253 464 esse
3292 407 3675 464 substantiam
3709 408 3827 465 do-

478 518 541 561 se
570 502 900 574 Sapientiam
929 501 1290 570 nuncupavit;
1317 516 1438 556 eam
1463 500 1518 554 in
1547 515 1638 565 se,
1670 515 1775 554 non
1809 515 1930 571 quae
1960 499 2080 570 ejus

479 608 608 657 sunt
631 598 944 654 ostendens.
971 595 1067 650 Est
1083 596 1231 670 enim
1252 593 1546 666 Sapientia:
1571 609 1728 665 opus,
1754 593 1912 660 ﬁdes,
1935 608 2082 664 spes,

481 691 747 755 charitas,
780 689 860 759 (a)
891 685 1170 758 pudicitia,
1195 686 1490 758 jejunium,
1520 686 1882 752 continentia,
1907 685 2086 741 humi-

480 785 642 851 litas,
674 780 1012 837 humanitas:
1045 780 1141 836 sed
1171 781 1288 836 huic
1321 790 1524 836 natura:
1565 795 1729 850 opera
1769 788 1933 843 sunt,
1977 793 2084 834 non

483 876 601 945 ipsa
644 879 871 939 natura;
911 882 967 928 et
1007 889 1112 927 non
1153 873 1208 926 in
1250 871 1333 926 his
1373 888 1494 941 qua:
1525 871 1686 935 fittnt,
1718 869 1965 926 consistit
2000 883 2088 926 res

481 969 599 1040 ipsa
648 983 768 1040 quae
809 965 988 1022 iaciat.
1037 966 1113 1036 (ὁ)
1156 963 1265 1022 Cur
1295 965 1584 1036 Apostolus
1616 965 1708 1019 Dei
1740 964 1993 1018 virtutem
2033 971 2090 1018 et

482 1061 584 1116 Dei
629 1060 948 1129 sapientiam
993 1058 1225 1123 dixerit,
1272 1058 1398 1129 quia
1441 1072 1508 1112 ex
1545 1072 1612 1126 ea
1654 1054 1925 1126 Sapientia
1967 1069 2090 1126 qua:

483 1164 630 1220 erat,
665 1163 846 1210 creata
877 1152 1143 1223 sapientia
1170 1153 1289 1207 est?

560 1246 648 1300 10.
679 1245 988 1300 Judteorunt
1016 1242 1350 1298 incredulitas
1377 1259 1528 1314 quam
1545 1259 1727 1296 rea.—--
1762 1240 1847 1294 Va:
1876 1240 1966 1294 tibi
1992 1238 2090 1293 Co-

449 1385 454 1388 .
483 1340 666 1394 rozain
707 1347 755 1393 et
795 1337 1075 1392 Bethsaida
1093 1353 1113 1402 ;
1151 1336 1273 1404 quia
1306 1337 1351 1390 si
1391 1337 1443 1389 in
1472 1335 1611 1406 Tyro
1639 1345 1684 1389 et
1714 1334 1911 1390 Sidone
1942 1333 2092 1402 {actw

484 1441 654 1488 essent
707 1433 915 1486 virtutes
970 1446 1086 1502 qua:
1130 1435 1282 1502 facile
1318 1439 1437 1484 sunt
1473 1430 1528 1483 in
1567 1429 1706 1484 vobis
1730 1470 1745 1495 ,
1778 1437 1834 1484 et
1882 1427 2092 1498 reliqua

491 1524 710 1596 (Matth.
744 1540 809 1587 ιι,
842 1523 959 1593 21).
992 1522 1380 1579 lnobedicntia:
1409 1522 1755 1578 maledictum
1811 1536 1935 1577 cum
1965 1520 2096 1575 obe-

485 1618 707 1672 dientize
733 1617 1117 1673 benedictione
1140 1617 1468 1672 decernitur.
1501 1615 1698 1671 Primis
1726 1615 1870 1670 enim
1897 1613 2097 1670 Judaais

484 1709 728 1779 Oportuit
768 1709 1088 1780 praedicari;
1127 1709 1221 1764 sed
1262 1708 1543 1779 privilegio
1582 1707 1983 1778 praedicationis
2014 1707 2098 1761 in-

2186 507 2306 567 cet,
2359 500 2523 572 726
2567 515 2690 556 cum
2740 500 2834 571 qui
2881 499 3075 555 Filium
3127 509 3522 567 cognosceret,
3575 499 3825 556 Patrem

2187 607 2400 664 quoque
2441 594 2758 665 cogniturus
2802 602 2949 648 esset
2992 596 3047 648 in
3092 593 3436 664 Filioaquia
3465 593 3668 648 omnia
3703 593 3762 649 ei
3795 608 3830 648 ι

2189 687 2350 742 Patre
2397 687 2502 742 sint
2551 686 2766 742 tradita.
2824 686 3042 742 Tradita
3091 699 3270 742 autem
3317 703 3424 741 non
3476 686 3584 741 alia
3641 697 3828 754 sunt,

2189 795 2350 850 quam
2393 794 2515 849 quae
2554 780 2607 834 in
2652 778 2792 834 Filio
2832 778 2933 834 soli
2981 788 3105 834 nota
3139 789 3264 834 sunt
3292 778 3462 834 Patri.
3495 778 3637 833 Nota
3674 794 3830 835 vero

2190 872 2330 928 Filio
2379 870 2452 943 (e)
2497 871 2598 927 soli
2629 886 2786 939 csse,
2833 886 2954 942 quae
2994 871 3170 926 Patris
3211 880 3358 926 sunt.
3403 873 3584 942 Atque
3626 870 3714 927 ita
3768 872 3831 926 iu

2191 963 2298 1020 hoc
2326 972 2525 1019 mutuae
2548 963 2871 1034 cognitionis
2900 971 3116 1019 secreto
3140 963 3480 1033 intelligitur,
3513 977 3627 1018 non
3661 963 3831 1018 aliud

2192 1057 2246 1112 in
2279 1057 2457 1124 Filio;
2483 1071 2644 1129 quam
2673 1055 2819 1127 quod
2850 1057 2902 1112 in
2941 1055 3101 1114 Patre
3141 1057 3440 1129 ignorabile
3479 1059 3590 1127 sit,
3635 1057 3830 1113 exsti-

2195 1152 2346 1207 tisse.

2268 1248 2354 1302 15.
2385 1246 2582 1320 Iugum
2609 1245 2803 1302 Christi
2829 1248 2964 1303 unde
2991 1263 3167 1304 suave.
3192 1247 3436 1319 ——Legis
3466 1247 3678 1304 deinde
3709 1247 3803 1302 dif
3806 1278 3830 1290 -

2195 1339 2524 1394 ﬁcultatibus
2570 1339 2915 1405 laborantes,
2962 1351 3016 1395 et
3059 1341 3293 1411 peccatis
3331 1339 3517 1396 smculi
3547 1350 3830 1396 oneratos

2197 1430 2263 1485 ad
2294 1445 2353 1486 se
2377 1431 2602 1486 advocat
2634 1431 2800 1504 (Ibid.
2824 1430 2917 1502 28)
2941 1449 2954 1486 :
2981 1431 3438 1502 dempturumque
3467 1447 3527 1488 se
3560 1432 3826 1487 laborem

2197 1537 2444 1594 onusque
2469 1524 2763 1593 promittit,
2791 1523 2838 1578 si
2867 1523 3027 1578 modo
3054 1523 3171 1594 ejus
3191 1523 3378 1594 jugum
3407 1524 3636 1590 tollant,
3662 1539 3831 1578 man-

2197 1613 2447 1670 datorum
2479 1615 2686 1670 scilicet
2715 1629 2934 1670 suorum
2977 1623 3247 1686 praecepta
3289 1615 3621 1684 suscipiant,
3664 1631 3832 1670 eum-

2200 1723 2305 1777 que
2340 1718 2685 1764 sacramento
2724 1709 2901 1763 crucis
2939 1708 3176 1764 adeant:
3218 1709 3340 1779 quia
3379 1709 3546 1764 corde
3593 1708 3829 1765 humilis

487 1801 769 1883 ﬁdelitatis
800 1802 1112 1857 cumulatur
1141 1801 1341 1855 invidia
1366 1843 1381 1864 ,
1415 1816 1536 1856 cum
1568 1799 1908 1856 credentium
1940 1813 2098 1869 argu-
2128 1799 2176 1859 B
2203 1808 2259 1856 ct
2288 1801 2434 1854 mitis
2468 1800 2570 1865 sit,
2617 1808 2672 1854 et
2712 1800 2764 1854 in
2806 1795 2889 1855 his
2929 1800 3209 1856 animabus
3236 1800 3348 1856 suis
3379 1802 3625 1871 requiem
3658 1803 3822 1857 inve-

494 1902 657 1946 anlur
693 1891 977 1961 exemplo,
1020 1890 1218 1960 quibus
1256 1890 1401 1943 nulla
1441 1889 1702 1944 factorum
1741 1888 2101 1944 admiratione

491 1985 768 2056 pr0posita
793 2026 808 2052 ,
850 1983 998 2038 salus
1035 1982 1214 2036 omnis
1253 1997 1318 2037 ex
1361 1981 1468 2036 fide
1505 1981 1596 2037 sit.
1629 1981 1916 2036 Dominum
1956 1981 2101 2036 enim

495 2080 550 2134 in
585 2076 871 2133 Bethsaida
902 2084 957 2132 et
986 2074 1360 2146 Capharnaum
1395 2075 1528 2128 muti
1567 2073 1821 2140 laudant,
1854 2073 1985 2127 (ιωεί
2023 2072 2102 2126 vi-

492 2173 654 2239 dent,
696 2171 846 2228 surdi
887 2170 1144 2234 audiunt,
1175 2169 1352 2224 claudi
1393 2167 1860 2233 circumcurrunt,
1891 2167 2101 2221 mortui

494 2263 769 2328 sentiunt;
802 2273 856 2317 et
887 2260 965 2335 (c)
997 2260 1202 2315 nullum
1246 2249 1374 2315 ﬁdei
1405 2259 1682 2315 voluntate
1713 2274 1893 2314 rerum
1925 2267 2100 2313 tanta-

494 2371 618 2413 rum
648 2354 936 2410 admiratio
965 2352 1378 2418 commovebat,
1408 2366 1529 2406 cum
1557 2351 1671 2406 sola
1701 2358 1975 2421 gestorum
2003 2365 2102 2402 au-

501 2449 636 2505 ditio
674 2463 870 2504 vocare
909 2445 989 2520 (ά)
1023 2447 1090 2501 ad
1132 2454 1356 2511 metum,
1398 2454 1563 2515 atque
1601 2443 1668 2499 ad
1709 2444 1870 2498 fidem
1911 2457 2104 2513 rapere

494 2541 791 2597 debuisset.
827 2539 932 2597 Sed
964 2554 1072 2594 non
1103 2538 1279 2594 solum
1307 2536 1438 2607 Tyri
1467 2544 1524 2592 et
1561 2535 1812 2601 Sidonis,
1854 2535 1949 2590 sed
1978 2537 2102 2605 ipsa

495 2635 858 2692 Sodomorum
907 2642 963 2688 et
1012 2631 1493 2688 Gomorrhteorum
1545 2628 1744 2684 facient
1791 2629 1928 2683 levia
1980 2641 2106 2698 pec-

498 2736 662 2784 cata:
714 2728 836 2798 quia
885 2725 1030 2780 forte
1069 2726 1177 2780 illis
1223 2724 1486 2780 credendi
1525 2723 1716 2780 fuisset
1752 2721 1978 2779 allectus
2003 2763 2019 2790 ,
2060 2721 2106 2778 si

496 2820 686 2874 talium
729 2821 986 2873 virtutum
1031 2817 1426 2888 contemplatio
1463 2816 1801 2886 contigisset.

570 2914 660 2968 il.
691 2912 884 2968 Christi
916 2913 979 2966 de
1007 2913 1110 2981 ﬁde
1139 2912 1366 2983 gentium
1397 2909 1838 2980 gaudium—In
1863 2911 1955 2965 illo
1982 2921 2106 2966 tem-

499 3021 624 3080 pore
661 3007 974 3075 respondens
1012 3003 1168 3059 Iesus
1208 3005 1374 3069 dixit,
1417 3001 1676 3074 Conﬁteor
1717 3006 1843 3073 tibi,
1892 3005 2106 3060 Domine

498 3110 648 3170 pater
679 3100 794 3155 caeli
823 3108 868 3153 et
901 3108 1085 3165 teme,
1125 3101 1248 3169 quia
1290 3098 1605 3152 abscondisti
1646 3100 1754 3154 hazc
1791 3115 1824 3152 α
1861 3101 2107 3170 sapienti-

499 3191 592 3244 bus
612 3233 627 3257 ,
653 3203 700 3245 et
723 3190 962 3245 reuelasti
990 3205 1049 3243 ea
1077 3189 1327 3262 parvulis,
1361 3199 1414 3244 et
1444 3189 1649 3261 reliqua
1682 3189 1845 3263 (Ibid.
1872 3190 1988 3261 25).
2020 3192 2110 3246 Di-
2137 3189 2182 3252 C

497 3299 605 3355 gne
626 3283 994 3353 superioribus
1016 3282 1174 3338 dictis
1192 3281 1461 3337 confessio
1484 3284 1602 3338 talis
1623 3281 1950 3355 adjungitur.
1971 3283 2104 3339 Nam

500 3377 722 3431 tametsi
749 3375 1002 3446 optabilis
1029 3373 1193 3431 fuerit
1217 3377 1362 3430 salus
1389 3375 1551 3431 Israel
1570 3419 1585 3443 ,
1618 3387 1931 3432 tamennon
1959 3388 2128 3448 extra,

503 3466 760 3537 gaudium
794 3466 1002 3521 Domini
1036 3474 1155 3520 erat
1185 3466 1471 3534 prmdicata
1502 3467 1631 3521 olim
1663 3465 1796 3523 ﬁdes
1836 3469 2099 3539 gentium.

500 3560 820 3617 Coelestium
850 3561 994 3616 enim
1030 3559 1318 3615 verborum
1353 3575 1546 3616 arcana
1579 3573 1740 3632 atque
1769 3563 1997 3619 virtutes
2025 3579 2109 3618 sa-

502 3653 779 3722 pientibus
811 3651 1234 3716 abscondantur,
1269 3662 1323 3707 et
1349 3653 1592 3722 parvulis
1621 3656 1959 3712 revelantur:
1990 3672 2111 3726 par-

504 3745 644 3801 vulis
675 3746 875 3800 malitia
900 3788 915 3812 ,
950 3761 1055 3801 non
1088 3761 1286 3812 sensu;
1317 3747 1655 3816 sapientibus
1696 3765 1828 3804 vero
1868 3752 2111 3806 stultitiae

503 3855 618 3894 suae
658 3840 1081 3909 przesumptione
1103 3879 1118 3903 ,
1152 3855 1256 3894 non
1293 3840 1591 3908 prudentia:
1620 3844 1818 3898 causis.
1850 3843 2108 3914 Factique

506 3931 669 3999 hujus
699 3930 1007 3998 aequitatem
1039 3931 1298 3984 Dominus
1327 3941 1564 4001 paterna:
1591 3933 1886 3988 voluntatis
1907 3935 2113 4001 judicio

506 4022 794 4080 confirmat
825 4021 1005 4093 (Ibid.
1034 4023 1104 4078 26
1125 4022 1181 4094 ):
1215 4032 1273 4078 ut
1302 4027 1391 4094 qui
1421 4024 1784 4096 dedignantur
1816 4029 2026 4097 parvuli
2058 4030 2110 4085 in

507 4117 622 4174 Deo
653 4117 769 4173 ﬁeri
789 4158 805 4182 ,
837 4116 985 4172 stulti
1016 4117 1273 4187 deinceps
1300 4117 1353 4172 in
1386 4118 1648 4188 sapientia
1679 4134 1774 4174 sua
1803 4121 1951 4176 fiant.

579 4210 670 4266 12.
705 4209 862 4264 Pater
890 4217 937 4264 et
967 4208 1138 4264 Filius
1166 4211 1320 4264 unius
1348 4210 1666 4266 substantiae.
1691 4240 1764 4251 —
1786 4214 1863 4267 Ac
1890 4229 1958 4268 ne
1986 4213 2113 4284 quid

508 4305 562 4360 in
594 4304 686 4359 illo
716 4305 894 4360 minus
913 4347 928 4371 ,
955 4319 1114 4374 quam
1144 4305 1288 4375 quod
1317 4305 1370 4359 in
1402 4305 1512 4360 Deo
1540 4313 1623 4360 est
1642 4346 1658 4374 ,
1686 4307 2110 4374 existimaretur;

509 4398 692 4453 omnia
721 4399 822 4452 sibi
851 4413 880 4452 a
913 4397 1070 4453 Patre
1097 4399 1170 4452 ait
1201 4399 1392 4453 tradita
1424 4415 1546 4455 esse
1567 4440 1582 4463 ,
1617 4402 1829 4471 solique
1869 4417 1928 4458 se
1971 4403 2111 4458 Patri

509 4491 783 4560 cognitum
806 4531 821 4555 ,
856 4489 1176 4560 Patremque
1209 4491 1308 4545 soli
1351 4491 1452 4546 sibi
1493 4501 1677 4546 notum
1700 4534 1715 4557 ,
1748 4495 1831 4547 vel
1873 4495 1956 4548 cui
1999 4494 2115 4564 ipse

2207 1891 2356 1946 niant
2387 1890 2556 1963 (Ibid.
2583 1889 2677 1962 29)
2705 1908 2718 1944 :
2745 1890 2856 1962 jugi
2899 1892 3078 1946 suavis
3107 1902 3162 1964 et
3191 1892 3322 1948 levis
3365 1893 3549 1948 oneris
3593 1892 3822 1948 blandi-

2205 1993 2384 2038 menta
2412 1997 2750 2053 proponens,
2780 1992 2838 2038 ut
2856 1983 3202 2040 credentibus
3227 1983 3346 2054 ejus
3372 1984 3499 2039 boni
3527 1984 3820 2041 scientiam

2206 2085 2458 2147 prmstet,
2487 2077 2630 2148 quod
2656 2078 2807 2132 solus
2834 2078 2949 2148 ipse
2977 2077 3127 2132 novit
3151 2078 3203 2131 in
3234 2077 3415 2133 Patre.
3440 2078 3513 2133 Et
3535 2079 3666 2148 quid
3690 2080 3826 2151 jugo

2206 2168 2378 2239 ipsius
2407 2169 2661 2235 suavius,
2692 2169 2821 2240 quid
2851 2183 3017 2224 onere
3045 2168 3246 2237 levius,
3281 2169 3621 2239 probabilem
3656 2171 3777 2228 ﬁeri
3803 2214 3818 2238 .

2209 2260 2420 2316 scelere
2450 2261 2745 2328 abstinere,
2779 2263 2980 2316 bonum
3008 2260 3166 2329 velle,
3199 2261 3399 2316 malum
3430 2261 3603 2329 nolle,
3631 2278 3820 2320 amare

2205 2371 2418 2420 omnes,
2444 2355 2624 2411 odisse
2654 2354 2860 2410 nullum
2880 2395 2894 2419 ,
2923 2363 3123 2410 (eterna
3145 2355 3432 2425 consequi,
3464 2356 3820 2424 praesentibus

2207 2463 2314 2502 non
2341 2447 2494 2518 capi,
2530 2447 2677 2504 nolle
2709 2447 2913 2504 inferre
2943 2447 3130 2516 alteri,
3160 2447 3304 2518 quod
3333 2447 3440 2518 ipsi
3471 2447 3574 2503 sibi
3609 2449 3817 2519 perpeti

2207 2540 2277 2597 sit
2313 2539 2622 2597 molestum.

2824 2656 3052 2713 CAPUT
3092 2655 3206 2710 XII.

2213 2774 2471 2843 Discipuli
2511 2774 2682 2843 spicas
2718 2771 2934 2826 vellunt.
2977 2769 3166 2824 Manus
3205 2769 3372 2823 arida:
3409 2770 3669 2824 hominem
3705 2771 3822 2824 sab-

2284 2869 2402 2922 bato
2440 2868 2639 2922 curavit
2670 2864 2841 2920 Jesus.
2875 2864 3079 2919 chum
3107 2873 3156 2917 et
3187 2863 3562 2916 da'moniacum
3601 2863 3816 2916 curauit.

2283 2962 2363 3017 De
2401 2963 2719 3034 blasphemia
2759 2959 3018 3028 Spiritus,
3060 2956 3124 3011 de
3163 2960 3336 3027 [ructu
3367 2956 3570 3009 arboris
3602 2957 3744 3009 bona:
3768 2964 3818 3008 et

2283 3059 2433 3112 mala:
2453 3100 2468 3125 ,
2497 3059 2560 3112 de
2589 3057 2728 3111 omni
2765 3055 2914 3109 verbo
2941 3054 3135 3118 otioso,
3167 3052 3230 3104 de
3260 3049 3312 3104 Ν
3318 3051 3514 3104 inivitis
3555 3058 3602 3104 et
3639 3049 3816 3119 regina

2293 3150 2503 3215 Austri,
2554 3147 2619 3201 de
2665 3156 2856 3217 septem
2902 3144 3166 3215 spiritibus
3209 3153 3256 3198 et
3299 3154 3502 3211 octavo,
3549 3143 3615 3196 de
3661 3150 3818 3195 matre

2284 3242 2316 3297 Ι
2324 3259 2412 3297 esu
2440 3253 2487 3296 et
2517 3240 2787 3311 fratribus.

2285 3381 2336 3434 1.
2371 3377 2563 3433 Christi
2596 3386 2740 3449 gesta
2768 3377 2913 3431 aliud
2940 3377 3270 3449 portendunt.
3290 3375 3448 3431 —In
3475 3377 3568 3432 illo
3596 3388 3812 3446 tempore

2210 3476 2335 3530 abiit
2358 3472 2389 3527 ,Ι
2398 3490 2510 3528 esus
2533 3489 2624 3543 per
2642 3481 2830 3543 segetes
2851 3471 3073 3526 sabbatis
3088 3488 3106 3524 :
3123 3470 3365 3543 discipuli
3388 3481 3558 3524 autem
3575 3474 3687 3542 ejus
3703 3485 3811 3522 esu-

2211 3569 2395 3622 rientes
2425 3575 2685 3637 cmperuut
2709 3563 2892 3618 uellere
2920 3562 3087 3633 spicas
3106 3603 3120 3630 ,
3152 3573 3199 3616 et
3225 3562 3545 3617 manducare
3589 3560 3808 3634 (Matth.

2212 3676 2317 3728 sit,
2349 3658 2426 3731 l).
2477 3660 2542 3712 Et
2571 3671 2821 3729 egressus
2860 3656 2914 3710 in
2942 3666 3217 3727 segetem,
3259 3665 3314 3710 et
3341 3654 3461 3711 dies
3491 3653 3700 3709 sabbati
3719 3697 3734 3721 ,
3760 3663 3811 3709 et

2213 3753 2601 3824 discipulorum
2642 3749 2904 3815 esuritio,
2946 3759 3002 3805 et
3039 3749 3309 3819 spicarum
3353 3748 3711 3817 prmcerptio,
3759 3755 3809 3801 et

2214 3842 3010 3911 Pharisaeoruminsimulatio,
3041 3852 3096 3897 et
3129 3841 3341 3895 Domini
3388 3840 3674 3910 responsio
3716 3840 3801 3893 ha-

2215 3940 2364 4005 bent,
2395 3949 2452 3994 ut
2477 3936 3080 4005 cmtera,subjacentem
3113 3933 3388 3988 interioris
3416 3946 3598 3987 causa:
3625 3930 3802 3986 intelli-

2215 4031 2475 4104 gentiam.
2509 4029 2711 4086 Omnes
2737 4029 2918 4094 enim,
2963 4037 3018 4081 ut
3060 4026 3330 4090 diximus,
3373 4024 3641 4079 factorum
3680 4023 3804 4079 veri-

2217 4136 2388 4191 tates,
2420 4126 2473 4179 in
2506 4124 2637 4195 ipsis
2667 4124 2776 4178 illis
2813 4131 3088 4193 gestorum
3134 4117 3418 4175 eliectibus
3461 4118 3548 4172 sui
3590 4117 3798 4172 similem

2215 4227 2379 4287 atque
2410 4232 2475 4272 ex
2507 4230 2566 4271 se
2598 4213 3001 4285 intelligendam
3033 4214 3223 4267 futura:
3252 4210 3502 4266 veritatis
3534 4210 3796 4281 imaginem

2218 4317 2649 4380 consequuntur.

2289 4405 2344 4456 2.
2390 4401 2628 4457 Gentium
2667 4400 2798 4471 ﬁdes
2827 4411 2872 4455 et
2902 4398 3207 4454 Iudaeorum
3237 4395 3521 4466 infidelitas
3565 4411 3795 4467 privaton-

2217 4503 2470 4548 strantur.
2503 4523 2576 4533 —-
2604 4493 2682 4547 Ae
2732 4491 2996 4562 principio
3043 4487 3411 4546 contuendqu
3439 4530 3455 4554 ,
3512 4502 3795 4544 sermonem

510 4580 756 4636 revelare
785 4578 1046 4635 voluisset
1075 4578 1422 4652 (Ibid..27):
1455 4581 1792 4636 revelaturus
1818 4584 1867 4638 ei
1891 4626 1904 4648 ,
1933 4599 1961 4637 a
2006 4600 2113 4656 quo
2138 4591 2191 4650 D
2218 4585 2364 4641 hunc
2405 4587 2476 4640 ita
2507 4594 2742 4655 coeptum
2787 4598 2942 4640 esse:
2987 4582 3055 4637 In
3097 4582 3191 4637 illo
3233 4591 3461 4654 tempore
3503 4581 3630 4636 abiit
3668 4581 3797 4635 Jesus

514 4683 574 4729 ut
614 4673 855 4730 revelare
897 4673 1026 4730 velit
1067 4685 1271 4730 oretur.
1317 4674 1433 4742 Qua
1479 4675 1813 4732 revelatione
1860 4679 2103 4736 eamdem

587 4860 1048 4936 (a)Carnu‘t._m_s.
1099 4877 1221 4936 cum
1271 4859 1428 4936 Gell).
1482 4861 1783 4936 prudentia,
1828 4865 2106 4936 jejunium.

515 4931 691 4988 Verba
726 4933 876 4987 Pauli
907 4932 1026 4988 Gal.
1064 4949 1119 4996 v,
1149 4932 1220 4986 9.2
1245 4941 1302 4986 et
1329 4932 1400 4986 ‘25
1421 4973 1436 4995 ,
1481 4931 1571 4986 ubi
1621 4931 1842 4986 fructus
1877 4931 2113 5003 Spiritus

512 5014 762 5059 recenset
790 5045 805 5067 ,
849 5005 1060 5057 videtur
1102 5004 1190 5057 hic
1226 5003 1458 5057 llilarius
1493 5005 1766 5072 respicere
1792 5045 1806 5068 ,
1843 5015 2003 5073 atque
2039 5006 2113 5058 ita

512 5075 803 5143 Sapientia:
829 5085 884 5128 et
910 5075 1143 5143 Spiritus
1169 5075 1425 5129 vocabula
1457 5076 1545 5128 uni
1572 5075 1857 5144 eidemque
1883 5075 1960 5129 rei
1987 5075 2116 5128 sub-

509 5145 700 5272 .ilicetl'e.
725 5145 1056 5215 Quamquam
1086 5153 1140 5201 et
1168 5146 1271 5200 alia
1302 5155 1356 5200 et
1381 5159 1488 5200 non
1510 5147 1690 5199 omnia
1713 5157 1973 5200 memorat
1994 5161 2114 5215 qua:

561 5232 626 5269 an
651 5231 735 5269 us.

561 5231 735 5269 anius.

589 5286 662 5360 (ιι)
696 5287 750 5341 In
778 5302 884 5341 uno
912 5285 1184 5360 ms.Colb.
1206 5303 1310 5344 non
1339 5298 1514 5344 exstat
1540 5288 1664 5343 ﬁnis
1694 5288 1852 5358 hujus
1881 5290 2109 5342 numeri.

513 5358 614 5414 Hic
648 5374 743 5429 pro
771 5375 881 5419 cur.
912 5359 1123 5430 Lipsius
1151 5360 1427 5414 substituit
1465 5377 1610 5424 cum,
1641 5361 1784 5429 quod
1805 5367 1867 5430 _et
1895 5359 2116 5430 retinuit

429 5447 436 5454 ’
513 5428 660 5486 Par.’
694 5428 1062 5484 obnitentibus
1107 5430 1227 5483 aliis
1265 5429 1436 5484 libris.
1484 5428 1766 5485 Reticetur
1805 5428 1893 5483 hic
1932 5429 2117 5498 hujus-

516 5501 662 5556 modi
701 5501 1028 5570 prOpositio:
1067 5499 1124 5556 Si
1155 5515 1261 5555 non
1293 5504 1344 5553 in
1385 5500 1469 5554 his
1506 5517 1627 5570 quae
1663 5502 1830 5562 iiunt,
1871 5501 2118 5556 consistit

514 5587 606 5626 res
637 5574 748 5641 ipsa
784 5588 902 5640 qua}
939 5571 1138 5641 faciat.
1162 5570 1241 5624 Ex
1281 5572 1645 5641 qnaquidem
1684 5571 1888 5641 optime
1925 5587 2117 5627 conse-

518 5639 738 5764 qpittgr:
771 5641 880 5766 (ξυι-
920 5640 1212 5712 Apostolus
1248 5643 1324 5697 rei
1347 5639 1557 5697 effecta:
1593 5639 1878 5698 efﬁcientis
1913 5658 2112 5700 nomen

521 5724 549 5760 a
581 5724 642 5764 ll‘l
688 5723 777 5764 uat

521 5715 777 5764 attribuat

593 5780 666 5849 (ο)
698 5782 871 5852 Editi,
905 5781 1073 5839 nulla.
1104 5772 1324 5842 ﬂectitis
1360 5781 1591 5857 Quatuor
1629 5793 1762 5844 tusi.
1801 5771 2020 5843 nullum.
2055 5776 2115 5844 lit

2215 4696 2304 4751 per
2333 4690 2540 4750 segetes,
2573 4678 2624 4734 id
2654 4687 2773 4747 est,
2802 4678 2856 4733 in
2884 4691 2950 4734 eo
2981 4685 3227 4748 tempore
3249 4691 3358 4748 quo
3388 4677 3529 4748 patri
3562 4677 3670 4732 Deo
3695 4689 3797 4747 gra-

2219 4877 2312 4918 sex
2357 4862 2510 4928 aliis,
2547 4861 2744 4916 nullam
2781 4861 2904 4929 ﬁdei
2940 4861 3282 4932 uoluntatem;
3322 4874 3430 4916 non
3474 4860 3790 4932 displiceret.

2217 4934 2422 4988 nullum
2447 4934 2515 4986 ad
2539 4933 2663 5002 ﬁdei
2690 4933 3032 4985 uoluntatem:
3061 4931 3164 4986 hoc
3193 4942 3276 4986 est
3296 4972 3312 4996 ,
3343 4932 3523 4987 nullus
3560 4931 3627 4987 ad
3660 4935 3794 4988 obse-

2216 5005 2488 5075 quendum
2528 5005 2651 5058 fidei
2693 5006 2855 5075 etiam
2899 5004 3202 5075 conspectis
3241 5011 3419 5075 totae
3459 5005 3624 5058 tantis
3655 5006 3795 5059 mira-

2215 5073 2352 5202 gulis
2378 5083 2680 5130 commotus
2708 5073 2836 5138 fuit,
2866 5073 3061 5144 quibus
3097 5073 3180 5129 vel
3231 5073 3431 5129 auditis
3469 5076 3692 5131 credere
3715 5075 3793 5130 de-

2261 5157 2482 5202 lllSSClll.

2261 5148 2482 5202 uissent.

2293 5218 2371 5290 (ά)
2400 5216 2580 5290 Codex
2609 5215 2770 5290 Silvae
2799 5214 3044 5290 majoris,
3070 5216 3139 5269 ad
3168 5215 3423 5290 medicum
3436 5233 3461 5290 _:
3485 5218 3629 5287 quod
3654 5220 3789 5274 etiam

2221 5286 2386 5343 habet
2410 5288 2761 5342 Michaelinus
2789 5302 2818 5339 a
2847 5286 3083 5341 secunda
3110 5303 3292 5341 manu.
3320 5286 3518 5342 Verior
3547 5299 3632 5344 est
3658 5291 3790 5344 lectio

2221 5360 2415 5484 prima.
2468 5359 2557 5415 Sic
2603 5357 2749 5412 enim
2800 5358 3065 5425 superiori
3113 5373 3234 5424 cap.
3265 5375 3320 5412 η.
3353 5359 3455 5420 25,
3504 5359 3733 5414 homines
3763 5374 3790 5414 ι

2267 5445 2333 5484 eo
2367 5446 2462 5484 per
2495 5437 2774 5484 peccatum
2805 5429 3029 5484 originis
3068 5429 3408 5484 abalienatos
3449 5447 3482 5483 α
3526 5431 3628 5484 ﬁde
3656 5441 3790 5484 metu-

2267 5445 2333 5486 eo
2367 5446 2462 5500 per
2495 5437 2774 5497 peccatum
2805 5429 3029 5498 originis
3068 5429 3408 5500 abalienatos
3449 5447 3482 5483 a
3524 5431 3792 5499 ﬁdentem-

2219 5517 2318 5571 que
2350 5499 2446 5573 Dei
2477 5500 2857 5573 peregrinantes
2881 5499 3184 5573 nuncupari
3215 5501 3464 5573 legimus.
3510 5503 3790 5573 Passimque

2218 5567 2357 5644 apud
2392 5567 2650 5626 llilarinin
2682 5579 2842 5624 metus
2867 5567 2966 5625 Dei
2992 5571 3134 5625 idem
3162 5583 3245 5626 est
3271 5567 3419 5642 quod
3445 5574 3651 5638 cultus,
3681 5567 3789 5629 retio-

2218 5645 2305 5694 aio
2338 5653 2392 5694 et
2420 5657 2571 5694 amor
2605 5641 2718 5694 Dei.

2256 5641 2305 5696 io
2338 5653 2392 5699 et
2420 5657 2571 5695 amor
2605 5641 2718 5696 Dei.

2218 5659 2305 5714 glo
2338 5659 2392 5699 et
2420 5659 2571 5695 amor
2605 5659 2718 5696 uel.

2291 5712 2360 5784 (e)
2400 5713 2639 5785 _\’ox_soli
2682 5713 3018 5785 desideratur
3063 5712 3115 5766 in
3161 5713 3405 5785 pluribus
3448 5727 3581 5773 mss.
3613 5712 3785 5774 Deinde

2219 5777 2416 5842 este'atl
2449 5779 2701 5855 superius
2731 5777 2951 5844 verbum
2980 5782 3126 5840 docet
3153 5777 3408 5841 {refertur}
