  <div class='ocr_page' id='page_1' title='image "/cluster/home/n/w/nwhite01/storage/ocr_20150623/9/uva.x000826531/512.png"; bbox 0 0 3974 6198; ppageno 0'>
   <div class='ocr_carea' id='block_1_1' title="bbox 126 295 3473 379">
    <p class='ocr_par' dir='ltr' id='par_1_1' title="bbox 126 295 3473 379">
     <span class='ocr_line' id='line_1_1' title="bbox 126 295 3473 379; baseline 0.008 -27"><span class='ocrx_word' id='word_1_1' title='bbox 126 295 263 354; x_wconf 74' lang='grc' dir='ltr'><strong>98ὕ</strong></span> <span class='ocrx_word' id='word_1_2' title='bbox 1093 301 1634 362; x_wconf 75' lang='lat' dir='ltr'><strong>COMMENTARIUS</strong></span> <span class='ocrx_word' id='word_1_3' title='bbox 1671 303 1734 359; x_wconf 82' lang='lat' dir='ltr'><strong>iN</strong></span> <span class='ocrx_word' id='word_1_4' title='bbox 1775 302 2208 363; x_wconf 65' lang='lat' dir='ltr'><strong>MATTHIEUM.</strong></span> <span class='ocrx_word' id='word_1_5' title='bbox 2251 306 2404 366; x_wconf 83' lang='lat' dir='ltr'><strong>CAP.</strong></span> <span class='ocrx_word' id='word_1_6' title='bbox 2446 309 2564 370; x_wconf 81' lang='grc' dir='ltr'><strong>ΧΙΙ.</strong></span> <span class='ocrx_word' id='word_1_7' title='bbox 3367 319 3473 379; x_wconf 84' lang='lat'><strong>986</strong></span> 
     </span>
    </p>
   </div>
   <div class='ocr_carea' id='block_1_2' title="bbox 130 414 3473 502">
    <p class='ocr_par' dir='ltr' id='par_1_2' title="bbox 130 414 3473 502">
     <span class='ocr_line' id='line_1_2' title="bbox 130 414 3473 502; baseline 0.007 -31"><span class='ocrx_word' id='word_1_8' title='bbox 130 416 296 472; x_wconf 87' lang='lat' dir='ltr'><strong>tiam</strong></span> <span class='ocrx_word' id='word_1_9' title='bbox 331 415 404 472; x_wconf 90' lang='lat' dir='ltr'><strong>de</strong></span> <span class='ocrx_word' id='word_1_10' title='bbox 432 414 554 472; x_wconf 89' lang='lat' dir='ltr'><strong>data</strong></span> <span class='ocrx_word' id='word_1_11' title='bbox 585 416 838 488; x_wconf 76' lang='lat' dir='ltr'><strong>gentibus</strong></span> <span class='ocrx_word' id='word_1_12' title='bbox 868 417 1042 475; x_wconf 89' lang='lat' dir='ltr'><strong>salute</strong></span> <span class='ocrx_word' id='word_1_13' title='bbox 1070 417 1359 475; x_wconf 89' lang='lat' dir='ltr'><strong>confessus</strong></span> <span class='ocrx_word' id='word_1_14' title='bbox 1388 428 1503 476; x_wconf 89' lang='lat' dir='ltr'><strong>est:</strong></span> <span class='ocrx_word' id='word_1_15' title='bbox 1544 429 1604 474; x_wconf 90' lang='lat' dir='ltr'><strong>ut</strong></span> <span class='ocrx_word' id='word_1_16' title='bbox 1633 419 1773 476; x_wconf 90' lang='lat' dir='ltr'><strong>idem</strong></span> <span class='ocrx_word' id='word_1_17' title='bbox 1803 421 1850 480; x_wconf 88' lang='lat' dir='ltr'><strong>A</strong></span> <span class='ocrx_word' id='word_1_18' title='bbox 1882 428 1961 475; x_wconf 92' lang='lat' dir='ltr'><strong>tes</strong></span> <span class='ocrx_word' id='word_1_19' title='bbox 1988 435 2057 477; x_wconf 94' lang='lat' dir='ltr'><strong>an</strong></span> <span class='ocrx_word' id='word_1_20' title='bbox 2085 435 2279 478; x_wconf 89' lang='lat' dir='ltr'><strong>curare</strong></span> <span class='ocrx_word' id='word_1_21' title='bbox 2308 424 2548 481; x_wconf 81' lang='lat' dir='ltr'><strong>sabbatis</strong></span> <span class='ocrx_word' id='word_1_22' title='bbox 2579 426 2770 484; x_wconf 78' lang='lat' dir='ltr'><strong>liceret</strong></span> <span class='ocrx_word' id='word_1_23' title='bbox 2799 427 2958 501; x_wconf 88' lang='lat' dir='ltr'><strong>(Ibid.</strong></span> <span class='ocrx_word' id='word_1_24' title='bbox 2993 429 3096 502; x_wconf 88' lang='lat'><strong>9):</strong></span> <span class='ocrx_word' id='word_1_25' title='bbox 3127 435 3473 494; x_wconf 86' lang='lat' dir='ltr'><strong>occasionem</strong></span> 
     </span>
    </p>
   </div>
   <div class='ocr_carea' id='block_1_3' title="bbox 128 508 3479 594">
    <p class='ocr_par' dir='ltr' id='par_1_3' title="bbox 128 508 3479 594">
     <span class='ocr_line' id='line_1_3' title="bbox 128 508 3479 594; baseline 0.006 -30"><span class='ocrx_word' id='word_1_26' title='bbox 128 521 370 565; x_wconf 85' lang='lat' dir='ltr'><strong>sensus</strong></span> <span class='ocrx_word' id='word_1_27' title='bbox 393 518 448 563; x_wconf 90' lang='lat' dir='ltr'><strong>et</strong></span> <span class='ocrx_word' id='word_1_28' title='bbox 473 508 754 579; x_wconf 86' lang='lat' dir='ltr'><strong>superiora</strong></span> <span class='ocrx_word' id='word_1_29' title='bbox 783 518 838 566; x_wconf 91' lang='lat' dir='ltr'><strong>et</strong></span> <span class='ocrx_word' id='word_1_30' title='bbox 863 511 1254 580; x_wconf 75' lang='lat' dir='ltr'><strong>consequentia</strong></span> <span class='ocrx_word' id='word_1_31' title='bbox 1283 512 1606 567; x_wconf 92' lang='lat' dir='ltr'><strong>contineret.</strong></span> <span class='ocrx_word' id='word_1_32' title='bbox 1631 512 1774 584; x_wconf 86' lang='lat' dir='ltr'><strong>Ergo</strong></span> <span class='ocrx_word' id='word_1_33' title='bbox 1875 513 2136 585; x_wconf 87' lang='lat' dir='ltr'><strong>arguendi</strong></span> <span class='ocrx_word' id='word_1_34' title='bbox 2164 530 2290 572; x_wconf 89' lang='lat' dir='ltr'><strong>eum</strong></span> <span class='ocrx_word' id='word_1_35' title='bbox 2319 533 2384 572; x_wconf 81' lang='lat' dir='ltr'><strong>ex</strong></span> <span class='ocrx_word' id='word_1_36' title='bbox 2416 520 2771 589; x_wconf 89' lang='lat' dir='ltr'><strong>responsione</strong></span> <span class='ocrx_word' id='word_1_37' title='bbox 2800 532 3128 592; x_wconf 81' lang='lat' dir='ltr'><strong>quaerentes.</strong></span> <span class='ocrx_word' id='word_1_38' title='bbox 3155 524 3303 594; x_wconf 86' lang='lat' dir='ltr'><strong>Quos</strong></span> <span class='ocrx_word' id='word_1_39' title='bbox 3327 527 3479 584; x_wconf 83' lang='lat' dir='ltr'><strong>deci-</strong></span> 
     </span>
    </p>
   </div>
   <div class='ocr_carea' id='block_1_4' title="bbox 130 601 3476 686">
    <p class='ocr_par' dir='ltr' id='par_1_4' title="bbox 130 601 3476 686">
     <span class='ocr_line' id='line_1_4' title="bbox 130 601 3476 686; baseline 0.006 -30"><span class='ocrx_word' id='word_1_40' title='bbox 130 615 256 671; x_wconf 83' lang='lat' dir='ltr'><strong>per</strong></span> <span class='ocrx_word' id='word_1_41' title='bbox 290 601 508 670; x_wconf 83' lang='lat' dir='ltr'><strong>reliqua</strong></span> <span class='ocrx_word' id='word_1_42' title='bbox 539 615 843 658; x_wconf 89' lang='lat' dir='ltr'><strong>curramus.</strong></span> <span class='ocrx_word' id='word_1_43' title='bbox 874 604 1020 672; x_wconf 81' lang='lat' dir='ltr'><strong>Ager</strong></span> <span class='ocrx_word' id='word_1_44' title='bbox 1047 603 1282 658; x_wconf 89' lang='lat' dir='ltr'><strong>mundus</strong></span> <span class='ocrx_word' id='word_1_45' title='bbox 1320 613 1433 672; x_wconf 90' lang='lat' dir='ltr'><strong>est,</strong></span> <span class='ocrx_word' id='word_1_46' title='bbox 1471 603 1545 676; x_wconf 92' lang='lat' dir='ltr'><strong>(a)</strong></span> <span class='ocrx_word' id='word_1_47' title='bbox 1578 604 1774 660; x_wconf 88' lang='lat' dir='ltr'><strong>sabba-</strong></span> <span class='ocrx_word' id='word_1_48' title='bbox 1874 606 2056 663; x_wconf 87' lang='lat' dir='ltr'><strong>dentis</strong></span> <span class='ocrx_word' id='word_1_49' title='bbox 2083 607 2137 664; x_wconf 92' lang='lat' dir='ltr'><strong>in</strong></span> <span class='ocrx_word' id='word_1_50' title='bbox 2167 610 2378 664; x_wconf 74' lang='lat' dir='ltr'><strong>foveam</strong></span> <span class='ocrx_word' id='word_1_51' title='bbox 2403 611 2521 667; x_wconf 89' lang='lat' dir='ltr'><strong>ovis</strong></span> <span class='ocrx_word' id='word_1_52' title='bbox 2549 612 2816 668; x_wconf 87' lang='lat' dir='ltr'><strong>conclusit</strong></span> <span class='ocrx_word' id='word_1_53' title='bbox 2843 617 3126 684; x_wconf 83' lang='lat' dir='ltr'><strong>exemplo,</strong></span> <span class='ocrx_word' id='word_1_54' title='bbox 3156 631 3316 686; x_wconf 90' lang='lat' dir='ltr'><strong>quam</strong></span> <span class='ocrx_word' id='word_1_55' title='bbox 3357 620 3476 678; x_wconf 89' lang='lat' dir='ltr'><strong>sine</strong></span> 
     </span>
    </p>
   </div>
   <div class='ocr_carea' id='block_1_5' title="bbox 131 693 3471 784">
    <p class='ocr_par' dir='ltr' id='par_1_5' title="bbox 131 693 3471 784">
     <span class='ocr_line' id='line_1_5' title="bbox 131 693 3471 784; baseline 0.006 -38"><span class='ocrx_word' id='word_1_56' title='bbox 131 701 272 748; x_wconf 89' lang='lat' dir='ltr'><strong>tum</strong></span> <span class='ocrx_word' id='word_1_57' title='bbox 357 693 524 748; x_wconf 92' lang='lat' dir='ltr'><strong>otium</strong></span> <span class='ocrx_word' id='word_1_58' title='bbox 564 702 676 760; x_wconf 89' lang='lat' dir='ltr'><strong>est,</strong></span> <span class='ocrx_word' id='word_1_59' title='bbox 741 708 900 766; x_wconf 89' lang='lat' dir='ltr'><strong>seges</strong></span> <span class='ocrx_word' id='word_1_60' title='bbox 946 695 1345 752; x_wconf 87' lang='lat' dir='ltr'><strong>crediturorum</strong></span> <span class='ocrx_word' id='word_1_61' title='bbox 1387 695 1660 766; x_wconf 90' lang='lat' dir='ltr'><strong>profectus</strong></span> <span class='ocrx_word' id='word_1_62' title='bbox 1717 696 1769 751; x_wconf 92' lang='lat' dir='ltr'><strong>in</strong></span> <span class='ocrx_word' id='word_1_63' title='bbox 1871 699 2100 756; x_wconf 89' lang='lat' dir='ltr'><strong>crimine</strong></span> <span class='ocrx_word' id='word_1_64' title='bbox 2128 701 2353 756; x_wconf 85' lang='lat' dir='ltr'><strong>sabbato</strong></span> <span class='ocrx_word' id='word_1_65' title='bbox 2381 703 2670 758; x_wconf 78' lang='lat' dir='ltr'><strong>extrahere</strong></span> <span class='ocrx_word' id='word_1_66' title='bbox 2704 704 2782 777; x_wconf 81' lang='lat' dir='ltr'><strong>(f)</strong></span> <span class='ocrx_word' id='word_1_67' title='bbox 2817 705 2928 761; x_wconf 90' lang='lat' dir='ltr'><strong>sint</strong></span> <span class='ocrx_word' id='word_1_68' title='bbox 2955 706 3176 763; x_wconf 82' lang='lat' dir='ltr'><strong>solliciti</strong></span> <span class='ocrx_word' id='word_1_69' title='bbox 3207 707 3314 779; x_wconf 90' lang='lat' dir='ltr'><strong>(Ib.</strong></span> <span class='ocrx_word' id='word_1_70' title='bbox 3348 710 3471 784; x_wconf 76' lang='lat' dir='ltr'><strong>il):</strong></span> 
     </span>
    </p>
   </div>
   <div class='ocr_carea' id='block_1_6' title="bbox 128 785 3470 869">
    <p class='ocr_par' dir='ltr' id='par_1_6' title="bbox 128 785 3470 869">
     <span class='ocr_line' id='line_1_6' title="bbox 128 785 3470 869; baseline 0.005 -29"><span class='ocrx_word' id='word_1_71' title='bbox 128 800 409 840; x_wconf 73' lang='lat' dir='ltr'><strong>messem</strong></span> <span class='ocrx_word' id='word_1_72' title='bbox 455 795 557 840; x_wconf 92' lang='lat' dir='ltr'><strong>cst.</strong></span> <span class='ocrx_word' id='word_1_73' title='bbox 604 785 747 856; x_wconf 87' lang='lat' dir='ltr'><strong>Ergo</strong></span> <span class='ocrx_word' id='word_1_74' title='bbox 790 786 1016 843; x_wconf 90' lang='lat' dir='ltr'><strong>sabbato</strong></span> <span class='ocrx_word' id='word_1_75' title='bbox 1055 787 1108 841; x_wconf 91' lang='lat' dir='ltr'><strong>in</strong></span> <span class='ocrx_word' id='word_1_76' title='bbox 1148 803 1339 858; x_wconf 80' lang='lat' dir='ltr'><strong>agrum</strong></span> <span class='ocrx_word' id='word_1_77' title='bbox 1372 787 1679 859; x_wconf 83' lang='lat' dir='ltr'><strong>profectus,</strong></span> <span class='ocrx_word' id='word_1_78' title='bbox 1713 787 1766 842; x_wconf 93' lang='lat' dir='ltr'><strong>in</strong></span> <span class='ocrx_word' id='word_1_79' title='bbox 1872 793 2181 863; x_wconf 82' lang='lat' dir='ltr'><strong>rectiusque</strong></span> <span class='ocrx_word' id='word_1_80' title='bbox 2207 793 2446 860; x_wconf 86' lang='lat' dir='ltr'><strong>homini,</strong></span> <span class='ocrx_word' id='word_1_81' title='bbox 2471 797 2561 866; x_wconf 93' lang='lat' dir='ltr'><strong>qui</strong></span> <span class='ocrx_word' id='word_1_82' title='bbox 2588 797 2673 850; x_wconf 91' lang='lat' dir='ltr'><strong>ovi</strong></span> <span class='ocrx_word' id='word_1_83' title='bbox 2698 806 2950 867; x_wconf 67' lang='lat' dir='ltr'><strong>praestet,</strong></span> <span class='ocrx_word' id='word_1_84' title='bbox 2978 797 3300 855; x_wconf 91' lang='lat' dir='ltr'><strong>medendum</strong></span> <span class='ocrx_word' id='word_1_85' title='bbox 3328 817 3470 869; x_wconf 89' lang='lat' dir='ltr'><strong>esse;</strong></span> 
     </span>
    </p>
   </div>
   <div class='ocr_carea' id='block_1_7' title="bbox 128 874 3470 956">
    <p class='ocr_par' dir='ltr' id='par_1_7' title="bbox 128 874 3470 956">
     <span class='ocr_line' id='line_1_7' title="bbox 128 874 3470 956; baseline 0.006 -25"><span class='ocrx_word' id='word_1_86' title='bbox 128 874 297 948; x_wconf 87' lang='lat' dir='ltr'><strong>legis</strong></span> <span class='ocrx_word' id='word_1_87' title='bbox 330 878 449 933; x_wconf 92' lang='lat' dir='ltr'><strong>otio</strong></span> <span class='ocrx_word' id='word_1_88' title='bbox 479 877 690 933; x_wconf 90' lang='lat' dir='ltr'><strong>Domini</strong></span> <span class='ocrx_word' id='word_1_89' title='bbox 727 894 1047 951; x_wconf 90' lang='lat' dir='ltr'><strong>progressus</strong></span> <span class='ocrx_word' id='word_1_90' title='bbox 1092 880 1147 935; x_wconf 92' lang='lat' dir='ltr'><strong>in</strong></span> <span class='ocrx_word' id='word_1_91' title='bbox 1189 881 1333 935; x_wconf 90' lang='lat' dir='ltr'><strong>hunc</strong></span> <span class='ocrx_word' id='word_1_92' title='bbox 1365 881 1618 937; x_wconf 91' lang='lat' dir='ltr'><strong>mundum</strong></span> <span class='ocrx_word' id='word_1_93' title='bbox 1651 891 1766 946; x_wconf 90' lang='lat' dir='ltr'><strong>est,</strong></span> <span class='ocrx_word' id='word_1_94' title='bbox 1871 899 2052 956; x_wconf 89' lang='lat' dir='ltr'><strong>neque</strong></span> <span class='ocrx_word' id='word_1_95' title='bbox 2082 886 2384 942; x_wconf 90' lang='lat' dir='ltr'><strong>ministerio</strong></span> <span class='ocrx_word' id='word_1_96' title='bbox 2409 887 2600 943; x_wconf 86' lang='lat' dir='ltr'><strong>salutis</strong></span> <span class='ocrx_word' id='word_1_97' title='bbox 2629 889 2876 944; x_wconf 87' lang='lat' dir='ltr'><strong>humanae</strong></span> <span class='ocrx_word' id='word_1_98' title='bbox 2900 890 3319 948; x_wconf 80' lang='lat' dir='ltr'><strong>existimandum</strong></span> <span class='ocrx_word' id='word_1_99' title='bbox 3351 895 3470 952; x_wconf 79' lang='lat' dir='ltr'><strong>sab-</strong></span> 
     </span>
    </p>
   </div>
   <div class='ocr_carea' id='block_1_8' title="bbox 129 970 3474 1053">
    <p class='ocr_par' dir='ltr' id='par_1_8' title="bbox 129 970 3474 1053">
     <span class='ocr_line' id='line_1_8' title="bbox 129 970 3474 1053; baseline 0.006 -29"><span class='ocrx_word' id='word_1_100' title='bbox 129 981 413 1042; x_wconf 83' lang='lat' dir='ltr'><strong>segetem</strong></span> <span class='ocrx_word' id='word_1_101' title='bbox 442 987 561 1026; x_wconf 88' lang='lat' dir='ltr'><strong>eam</strong></span> <span class='ocrx_word' id='word_1_102' title='bbox 582 1012 598 1036; x_wconf 93' lang='lat'><strong>,</strong></span> <span class='ocrx_word' id='word_1_103' title='bbox 623 970 676 1025; x_wconf 92' lang='lat' dir='ltr'><strong>id</strong></span> <span class='ocrx_word' id='word_1_104' title='bbox 704 980 815 1036; x_wconf 90' lang='lat' dir='ltr'><strong>est,</strong></span> <span class='ocrx_word' id='word_1_105' title='bbox 866 972 1128 1027; x_wconf 90' lang='lat' dir='ltr'><strong>sationem</strong></span> <span class='ocrx_word' id='word_1_106' title='bbox 1181 973 1398 1029; x_wconf 90' lang='lat' dir='ltr'><strong>humani</strong></span> <span class='ocrx_word' id='word_1_107' title='bbox 1444 975 1661 1042; x_wconf 83' lang='lat' dir='ltr'><strong>generis</strong></span> <span class='ocrx_word' id='word_1_108' title='bbox 1687 974 1768 1028; x_wconf 89' lang='lat' dir='ltr'><strong>in-</strong></span> <span class='ocrx_word' id='word_1_109' title='bbox 1871 977 2052 1033; x_wconf 91' lang='lat' dir='ltr'><strong>batum</strong></span> <span class='ocrx_word' id='word_1_110' title='bbox 2083 993 2242 1048; x_wconf 88' lang='lat' dir='ltr'><strong>posse</strong></span> <span class='ocrx_word' id='word_1_111' title='bbox 2274 980 2500 1047; x_wconf 90' lang='lat' dir='ltr'><strong>violari,</strong></span> <span class='ocrx_word' id='word_1_112' title='bbox 2528 981 2673 1053; x_wconf 91' lang='lat' dir='ltr'><strong>quod</strong></span> <span class='ocrx_word' id='word_1_113' title='bbox 2701 981 3051 1040; x_wconf 63' lang='lat' dir='ltr'><strong>extrahendae</strong></span> <span class='ocrx_word' id='word_1_114' title='bbox 3079 985 3149 1042; x_wconf 92' lang='lat' dir='ltr'><strong>de</strong></span> <span class='ocrx_word' id='word_1_115' title='bbox 3175 985 3329 1043; x_wconf 88' lang='lat' dir='ltr'><strong>fovea</strong></span> <span class='ocrx_word' id='word_1_116' title='bbox 3357 989 3474 1045; x_wconf 85' lang='lat' dir='ltr'><strong>ovis</strong></span> 
     </span>
    </p>
   </div>
   <div class='ocr_carea' id='block_1_9' title="bbox 125 1063 2531 1134">
    <p class='ocr_par' dir='ltr' id='par_1_9' title="bbox 125 1063 2531 1134">
     <span class='ocr_line' id='line_1_9' title="bbox 125 1063 2531 1134; baseline 0.005 -17"><span class='ocrx_word' id='word_1_117' title='bbox 125 1065 373 1120; x_wconf 84' lang='lat' dir='ltr'><strong>visens.</strong></span> <span class='ocrx_word' id='word_1_118' title='bbox 404 1063 474 1118; x_wconf 85' lang='lat' dir='ltr'><strong>Et</strong></span> <span class='ocrx_word' id='word_1_119' title='bbox 499 1064 623 1134; x_wconf 88' lang='lat' dir='ltr'><strong>quia</strong></span> <span class='ocrx_word' id='word_1_120' title='bbox 653 1065 879 1119; x_wconf 85' lang='lat' dir='ltr'><strong>esuritio</strong></span> <span class='ocrx_word' id='word_1_121' title='bbox 916 1063 1086 1121; x_wconf 89' lang='lat' dir='ltr'><strong>fames</strong></span> <span class='ocrx_word' id='word_1_122' title='bbox 1125 1073 1208 1120; x_wconf 91' lang='lat' dir='ltr'><strong>est</strong></span> <span class='ocrx_word' id='word_1_123' title='bbox 1245 1065 1434 1121; x_wconf 89' lang='lat' dir='ltr'><strong>salutis</strong></span> <span class='ocrx_word' id='word_1_124' title='bbox 1475 1065 1760 1132; x_wconf 78' lang='lat' dir='ltr'><strong>humanze;</strong></span> <span class='ocrx_word' id='word_1_125' title='bbox 1867 1071 2176 1127; x_wconf 93' lang='lat' dir='ltr'><strong>sollicitudo</strong></span> <span class='ocrx_word' id='word_1_126' title='bbox 2205 1089 2311 1128; x_wconf 92' lang='lat' dir='ltr'><strong>non</strong></span> <span class='ocrx_word' id='word_1_127' title='bbox 2341 1074 2531 1130; x_wconf 86' lang='lat' dir='ltr'><strong>violet.</strong></span> 
     </span>
    </p>
   </div>
   <div class='ocr_carea' id='block_1_10' title="bbox 127 1155 3468 1244">
    <p class='ocr_par' dir='ltr' id='par_1_10' title="bbox 127 1155 3468 1244">
     <span class='ocr_line' id='line_1_10' title="bbox 127 1155 3468 1244; baseline 0.007 -37"><span class='ocrx_word' id='word_1_128' title='bbox 127 1155 322 1227; x_wconf 71' lang='lat'><strong>727</strong></span> <span class='ocrx_word' id='word_1_129' title='bbox 357 1156 534 1226; x_wconf 90' lang='lat' dir='ltr'><strong>spicas</strong></span> <span class='ocrx_word' id='word_1_130' title='bbox 564 1170 905 1226; x_wconf 74' lang='lat' dir='ltr'><strong>prrecerpere</strong></span> <span class='ocrx_word' id='word_1_131' title='bbox 935 1171 999 1211; x_wconf 89' lang='lat' dir='ltr'><strong>ac</strong></span> <span class='ocrx_word' id='word_1_132' title='bbox 1026 1157 1262 1221; x_wconf 84' lang='lat' dir='ltr'><strong>vellere,</strong></span> <span class='ocrx_word' id='word_1_133' title='bbox 1305 1157 1513 1213; x_wconf 91' lang='lat' dir='ltr'><strong>scilicet</strong></span> <span class='ocrx_word' id='word_1_134' title='bbox 1551 1167 1767 1212; x_wconf 86' lang='lat' dir='ltr'><strong>sancto-</strong></span> <span class='ocrx_word' id='word_1_135' title='bbox 1938 1165 1992 1219; x_wconf 86' lang='lat'><strong>7.</strong></span> <span class='ocrx_word' id='word_1_136' title='bbox 2043 1164 2150 1220; x_wconf 80' lang='lat' dir='ltr'><strong>Eos</strong></span> <span class='ocrx_word' id='word_1_137' title='bbox 2193 1167 2483 1237; x_wconf 80' lang='lat' dir='ltr'><strong>signiﬁcat,</strong></span> <span class='ocrx_word' id='word_1_138' title='bbox 2528 1169 2712 1240; x_wconf 79' lang='lat' dir='ltr'><strong>quibus</strong></span> <span class='ocrx_word' id='word_1_139' title='bbox 2751 1170 2994 1225; x_wconf 79' lang='lat' dir='ltr'><strong>uirtutum</strong></span> <span class='ocrx_word' id='word_1_140' title='bbox 3025 1183 3321 1242; x_wconf 86' lang='lat' dir='ltr'><strong>potestatem</strong></span> <span class='ocrx_word' id='word_1_141' title='bbox 3351 1175 3468 1244; x_wconf 79' lang='lat' dir='ltr'><strong>fecit</strong></span> 
     </span>
    </p>
   </div>
   <div class='ocr_carea' id='block_1_11' title="bbox 124 1247 3468 1330">
    <p class='ocr_par' dir='ltr' id='par_1_11' title="bbox 124 1247 3468 1330">
     <span class='ocr_line' id='line_1_11' title="bbox 124 1247 3468 1330; baseline 0.006 -28"><span class='ocrx_word' id='word_1_142' title='bbox 124 1263 267 1302; x_wconf 85' lang='lat' dir='ltr'><strong>rum</strong></span> <span class='ocrx_word' id='word_1_143' title='bbox 305 1263 376 1304; x_wconf 84' lang='lat' dir='ltr'><strong>se</strong></span> <span class='ocrx_word' id='word_1_144' title='bbox 404 1249 574 1304; x_wconf 89' lang='lat' dir='ltr'><strong>salute</strong></span> <span class='ocrx_word' id='word_1_145' title='bbox 603 1247 802 1304; x_wconf 88' lang='lat' dir='ltr'><strong>satiare</strong></span> <span class='ocrx_word' id='word_1_146' title='bbox 823 1249 1076 1320; x_wconf 79' lang='lat' dir='ltr'><strong>discipuli</strong></span> <span class='ocrx_word' id='word_1_147' title='bbox 1103 1249 1380 1306; x_wconf 80' lang='lat' dir='ltr'><strong>festinant.</strong></span> <span class='ocrx_word' id='word_1_148' title='bbox 1409 1249 1592 1322; x_wconf 87' lang='lat' dir='ltr'><strong>Neque</strong></span> <span class='ocrx_word' id='word_1_149' title='bbox 1619 1251 1763 1306; x_wconf 91' lang='lat' dir='ltr'><strong>enim</strong></span> <span class='ocrx_word' id='word_1_150' title='bbox 1866 1255 2493 1330; x_wconf 82' lang='lat' dir='ltr'><strong>Christus.——Subjicitur</strong></span> <span class='ocrx_word' id='word_1_151' title='bbox 2526 1269 2670 1316; x_wconf 82' lang='lat' dir='ltr'><strong>recte</strong></span> <span class='ocrx_word' id='word_1_152' title='bbox 2698 1263 2816 1318; x_wconf 89' lang='lat' dir='ltr'><strong>talis</strong></span> <span class='ocrx_word' id='word_1_153' title='bbox 2846 1263 3056 1318; x_wconf 87' lang='lat' dir='ltr'><strong>Domini</strong></span> <span class='ocrx_word' id='word_1_154' title='bbox 3080 1265 3306 1321; x_wconf 84' lang='lat' dir='ltr'><strong>curatio.</strong></span> <span class='ocrx_word' id='word_1_155' title='bbox 3333 1266 3468 1322; x_wconf 86' lang='lat' dir='ltr'><strong>Nam</strong></span> 
     </span>
    </p>
   </div>
   <div class='ocr_carea' id='block_1_12' title="bbox 124 1338 3466 1430">
    <p class='ocr_par' dir='ltr' id='par_1_12' title="bbox 124 1338 3466 1430">
     <span class='ocr_line' id='line_1_12' title="bbox 124 1338 3466 1430; baseline 0.006 -35"><span class='ocrx_word' id='word_1_156' title='bbox 124 1338 372 1396; x_wconf 84' lang='lat' dir='ltr'><strong>homini</strong></span> <span class='ocrx_word' id='word_1_157' title='bbox 415 1341 664 1412; x_wconf 78' lang='lat' dir='ltr'><strong>congruit</strong></span> <span class='ocrx_word' id='word_1_158' title='bbox 709 1341 860 1398; x_wconf 90' lang='lat' dir='ltr'><strong>cibus</strong></span> <span class='ocrx_word' id='word_1_159' title='bbox 905 1342 1098 1413; x_wconf 67' lang='lat' dir='ltr'><strong>spicae,</strong></span> <span class='ocrx_word' id='word_1_160' title='bbox 1131 1358 1305 1413; x_wconf 87' lang='lat' dir='ltr'><strong>neque</strong></span> <span class='ocrx_word' id='word_1_161' title='bbox 1338 1353 1760 1413; x_wconf 79' lang='lat' dir='ltr'><strong>praecerptarum</strong></span> <span class='ocrx_word' id='word_1_162' title='bbox 1865 1363 1988 1421; x_wconf 75' lang='lat' dir='ltr'><strong>post</strong></span> <span class='ocrx_word' id='word_1_163' title='bbox 2015 1354 2246 1409; x_wconf 83' lang='lat' dir='ltr'><strong>reditum</strong></span> <span class='ocrx_word' id='word_1_164' title='bbox 2281 1353 2348 1408; x_wconf 89' lang='lat' dir='ltr'><strong>de</strong></span> <span class='ocrx_word' id='word_1_165' title='bbox 2375 1365 2560 1425; x_wconf 79' lang='lat' dir='ltr'><strong>segete</strong></span> <span class='ocrx_word' id='word_1_166' title='bbox 2582 1398 2596 1420; x_wconf 91' lang='lat'><strong>,</strong></span> <span class='ocrx_word' id='word_1_167' title='bbox 2629 1372 2692 1412; x_wconf 79' lang='lat' dir='ltr'><strong>ex</strong></span> <span class='ocrx_word' id='word_1_168' title='bbox 2722 1373 2825 1427; x_wconf 83' lang='lat' dir='ltr'><strong>qua</strong></span> <span class='ocrx_word' id='word_1_169' title='bbox 2850 1357 2963 1428; x_wconf 91' lang='lat' dir='ltr'><strong>jam</strong></span> <span class='ocrx_word' id='word_1_170' title='bbox 2995 1361 3226 1430; x_wconf 86' lang='lat' dir='ltr'><strong>apostoli</strong></span> <span class='ocrx_word' id='word_1_171' title='bbox 3262 1363 3466 1420; x_wconf 88' lang='lat' dir='ltr'><strong>fructus</strong></span> 
     </span>
    </p>
   </div>
   <div class='ocr_carea' id='block_1_13' title="bbox 122 1433 3468 1526">
    <p class='ocr_par' dir='ltr' id='par_1_13' title="bbox 122 1433 3468 1526">
     <span class='ocr_line' id='line_1_13' title="bbox 122 1433 3468 1526; baseline 0.002 -38"><span class='ocrx_word' id='word_1_172' title='bbox 122 1447 272 1488; x_wconf 90' lang='lat' dir='ltr'><strong>esus</strong></span> <span class='ocrx_word' id='word_1_173' title='bbox 305 1444 402 1488; x_wconf 89' lang='lat' dir='ltr'><strong>est</strong></span> <span class='ocrx_word' id='word_1_174' title='bbox 431 1433 578 1489; x_wconf 91' lang='lat' dir='ltr'><strong>utilis</strong></span> <span class='ocrx_word' id='word_1_175' title='bbox 603 1433 890 1490; x_wconf 90' lang='lat' dir='ltr'><strong>aristarum</strong></span> <span class='ocrx_word' id='word_1_176' title='bbox 917 1452 931 1488; x_wconf 88' lang='lat'><strong>:</strong></span> <span class='ocrx_word' id='word_1_177' title='bbox 965 1435 1060 1490; x_wconf 90' lang='lat' dir='ltr'><strong>sed</strong></span> <span class='ocrx_word' id='word_1_178' title='bbox 1093 1433 1257 1489; x_wconf 91' lang='lat' dir='ltr'><strong>futuri</strong></span> <span class='ocrx_word' id='word_1_179' title='bbox 1289 1434 1446 1490; x_wconf 89' lang='lat' dir='ltr'><strong>fidem</strong></span> <span class='ocrx_word' id='word_1_180' title='bbox 1479 1434 1601 1489; x_wconf 89' lang='lat' dir='ltr'><strong>facti</strong></span> <span class='ocrx_word' id='word_1_181' title='bbox 1633 1449 1768 1526; x_wconf 44' lang='lat' dir='ltr'><strong>spe:</strong></span> <span class='ocrx_word' id='word_1_182' title='bbox 1862 1445 2094 1501; x_wconf 70' lang='lat' dir='ltr'><strong>sationis</strong></span> <span class='ocrx_word' id='word_1_183' title='bbox 2114 1457 2456 1516; x_wconf 65' lang='lat' dir='ltr'><strong>acceperam,</strong></span> <span class='ocrx_word' id='word_1_184' title='bbox 2483 1447 2548 1503; x_wconf 72' lang='lat' dir='ltr'><strong>ad</strong></span> <span class='ocrx_word' id='word_1_185' title='bbox 2573 1463 2900 1521; x_wconf 62' lang='lat' dir='ltr'><strong>synagngam</strong></span> <span class='ocrx_word' id='word_1_186' title='bbox 2921 1452 3100 1508; x_wconf 68' lang='grc' dir='ltr'><strong>νεηίιε</strong></span> <span class='ocrx_word' id='word_1_187' title='bbox 3128 1456 3292 1509; x_wconf 52' lang='lat' dir='ltr'><strong>etiam</strong></span> <span class='ocrx_word' id='word_1_188' title='bbox 3318 1455 3468 1511; x_wconf 71' lang='grc' dir='ltr'><strong>ίιιίηο</strong></span> 
     </span>
    </p>
   </div>
   <div class='ocr_carea' id='block_1_14' title="bbox 121 1531 3462 1614">
    <p class='ocr_par' dir='ltr' id='par_1_14' title="bbox 121 1531 3462 1614">
     <span class='ocr_line' id='line_1_14' title="bbox 121 1531 3462 1614; baseline 0.004 -26"><span class='ocrx_word' id='word_1_189' title='bbox 121 1531 251 1588; x_wconf 83' lang='lat' dir='ltr'><strong>cies</strong></span> <span class='ocrx_word' id='word_1_190' title='bbox 281 1533 633 1602; x_wconf 81' lang='lat' dir='ltr'><strong>exsequitur.</strong></span> <span class='ocrx_word' id='word_1_191' title='bbox 666 1539 722 1587; x_wconf 93' lang='lat' dir='ltr'><strong>et</strong></span> <span class='ocrx_word' id='word_1_192' title='bbox 752 1533 920 1587; x_wconf 76' lang='lat' dir='ltr'><strong>virtus</strong></span> <span class='ocrx_word' id='word_1_193' title='bbox 948 1532 1229 1602; x_wconf 89' lang='lat' dir='ltr'><strong>interjecta</strong></span> <span class='ocrx_word' id='word_1_194' title='bbox 1259 1532 1548 1586; x_wconf 91' lang='lat' dir='ltr'><strong>verborum</strong></span> <span class='ocrx_word' id='word_1_195' title='bbox 1577 1547 1762 1588; x_wconf 88' lang='lat' dir='ltr'><strong>sacra-</strong></span> <span class='ocrx_word' id='word_1_196' title='bbox 1861 1535 2056 1591; x_wconf 89' lang='lat' dir='ltr'><strong>messis</strong></span> <span class='ocrx_word' id='word_1_197' title='bbox 2086 1552 2197 1590; x_wconf 73' lang='lat' dir='ltr'><strong>sua:</strong></span> <span class='ocrx_word' id='word_1_198' title='bbox 2227 1538 2508 1604; x_wconf 85' lang='lat' dir='ltr'><strong>Operarios</strong></span> <span class='ocrx_word' id='word_1_199' title='bbox 2537 1548 2851 1608; x_wconf 89' lang='lat' dir='ltr'><strong>paraturus,</strong></span> <span class='ocrx_word' id='word_1_200' title='bbox 2883 1543 2974 1612; x_wconf 92' lang='lat' dir='ltr'><strong>qui</strong></span> <span class='ocrx_word' id='word_1_201' title='bbox 3005 1545 3188 1614; x_wconf 87' lang='lat' dir='ltr'><strong>plures</strong></span> <span class='ocrx_word' id='word_1_202' title='bbox 3222 1556 3462 1613; x_wconf 86' lang='lat' dir='ltr'><strong>postmo-</strong></span> 
     </span>
    </p>
   </div>
   <div class='ocr_carea' id='block_1_15' title="bbox 121 1625 3463 1710">
    <p class='ocr_par' dir='ltr' id='par_1_15' title="bbox 121 1625 3463 1710">
     <span class='ocr_line' id='line_1_15' title="bbox 121 1625 3463 1710; baseline 0.003 -30"><span class='ocrx_word' id='word_1_203' title='bbox 121 1636 403 1682; x_wconf 88' lang='lat' dir='ltr'><strong>mentum</strong></span> <span class='ocrx_word' id='word_1_204' title='bbox 441 1635 497 1681; x_wconf 91' lang='lat' dir='ltr'><strong>et</strong></span> <span class='ocrx_word' id='word_1_205' title='bbox 536 1625 851 1681; x_wconf 92' lang='lat' dir='ltr'><strong>esuritionis</strong></span> <span class='ocrx_word' id='word_1_206' title='bbox 879 1636 933 1681; x_wconf 91' lang='lat' dir='ltr'><strong>et</strong></span> <span class='ocrx_word' id='word_1_207' title='bbox 963 1626 1229 1681; x_wconf 87' lang='lat' dir='ltr'><strong>satietatis</strong></span> <span class='ocrx_word' id='word_1_208' title='bbox 1257 1625 1510 1681; x_wconf 83' lang='lat' dir='ltr'><strong>absolvit.</strong></span> <span class='ocrx_word' id='word_1_209' title='bbox 1861 1625 1988 1682; x_wconf 90' lang='lat' dir='ltr'><strong>dum</strong></span> <span class='ocrx_word' id='word_1_210' title='bbox 2015 1643 2120 1682; x_wconf 92' lang='lat' dir='ltr'><strong>una</strong></span> <span class='ocrx_word' id='word_1_211' title='bbox 2143 1628 2308 1700; x_wconf 72' lang='lat'><strong>728</strong></span> <span class='ocrx_word' id='word_1_212' title='bbox 2325 1645 2446 1684; x_wconf 93' lang='lat' dir='ltr'><strong>cum</strong></span> <span class='ocrx_word' id='word_1_213' title='bbox 2466 1631 2725 1700; x_wconf 84' lang='lat' dir='ltr'><strong>apostolis</strong></span> <span class='ocrx_word' id='word_1_214' title='bbox 2739 1633 3083 1688; x_wconf 78' lang='lat' dir='ltr'><strong>exstiterunt.</strong></span> <span class='ocrx_word' id='word_1_215' title='bbox 3109 1635 3172 1690; x_wconf 82' lang='lat' dir='ltr'><strong>lli</strong></span> <span class='ocrx_word' id='word_1_216' title='bbox 3199 1635 3361 1706; x_wconf 79' lang='lat' dir='ltr'><strong>igitur</strong></span> <span class='ocrx_word' id='word_1_217' title='bbox 3386 1638 3463 1710; x_wconf 81' lang='lat' dir='ltr'><strong>(g)</strong></span> 
     </span>
    </p>
   </div>
   <div class='ocr_carea' id='block_1_16' title="bbox 198 1718 3463 1791">
    <p class='ocr_par' dir='ltr' id='par_1_16' title="bbox 198 1718 3463 1791">
     <span class='ocr_line' id='line_1_16' title="bbox 198 1718 3463 1791; baseline 0.003 -17"><span class='ocrx_word' id='word_1_218' title='bbox 198 1720 261 1774; x_wconf 77' lang='grc'><strong>5.</strong></span> <span class='ocrx_word' id='word_1_219' title='bbox 293 1718 592 1785; x_wconf 65' lang='lat' dir='ltr'><strong>Pharisaei,</strong></span> <span class='ocrx_word' id='word_1_220' title='bbox 613 1719 706 1791; x_wconf 91' lang='lat' dir='ltr'><strong>qui</strong></span> <span class='ocrx_word' id='word_1_221' title='bbox 727 1734 893 1790; x_wconf 90' lang='lat' dir='ltr'><strong>penes</strong></span> <span class='ocrx_word' id='word_1_222' title='bbox 907 1734 965 1775; x_wconf 93' lang='lat' dir='ltr'><strong>se</strong></span> <span class='ocrx_word' id='word_1_223' title='bbox 983 1719 1192 1774; x_wconf 85' lang='lat' dir='ltr'><strong>clavem</strong></span> <span class='ocrx_word' id='word_1_224' title='bbox 1217 1720 1482 1775; x_wconf 76' lang='lat' dir='ltr'><strong>etelorum</strong></span> <span class='ocrx_word' id='word_1_225' title='bbox 1503 1735 1625 1774; x_wconf 90' lang='lat' dir='ltr'><strong>esse</strong></span> <span class='ocrx_word' id='word_1_226' title='bbox 1643 1720 1757 1775; x_wconf 80' lang='lat' dir='ltr'><strong>exi-</strong></span> <span class='ocrx_word' id='word_1_227' title='bbox 1859 1728 2122 1775; x_wconf 84' lang='lat' dir='ltr'><strong>curantur</strong></span> <span class='ocrx_word' id='word_1_228' title='bbox 2148 1721 2201 1774; x_wconf 91' lang='lat' dir='ltr'><strong>in</strong></span> <span class='ocrx_word' id='word_1_229' title='bbox 2231 1736 2444 1776; x_wconf 86' lang='lat' dir='ltr'><strong>maneo.</strong></span> <span class='ocrx_word' id='word_1_230' title='bbox 2491 1722 2688 1778; x_wconf 87' lang='lat' dir='ltr'><strong>Dandae</strong></span> <span class='ocrx_word' id='word_1_231' title='bbox 2715 1724 2860 1779; x_wconf 90' lang='lat' dir='ltr'><strong>enim</strong></span> <span class='ocrx_word' id='word_1_232' title='bbox 2889 1727 3076 1781; x_wconf 90' lang='lat' dir='ltr'><strong>salutis</strong></span> <span class='ocrx_word' id='word_1_233' title='bbox 3105 1727 3463 1784; x_wconf 89' lang='lat' dir='ltr'><strong>substantiam</strong></span> 
     </span>
    </p>
   </div>
   <div class='ocr_carea' id='block_1_17' title="bbox 116 1808 3464 1888">
    <p class='ocr_par' dir='ltr' id='par_1_17' title="bbox 116 1808 3464 1888">
     <span class='ocr_line' id='line_1_17' title="bbox 116 1808 3464 1888; baseline 0.003 -20"><span class='ocrx_word' id='word_1_234' title='bbox 116 1813 461 1878; x_wconf 88' lang='lat' dir='ltr'><strong>stimarent,</strong></span> <span class='ocrx_word' id='word_1_235' title='bbox 492 1811 678 1867; x_wconf 88' lang='lat' dir='ltr'><strong>illicita</strong></span> <span class='ocrx_word' id='word_1_236' title='bbox 700 1826 860 1882; x_wconf 91' lang='lat' dir='ltr'><strong>agere</strong></span> <span class='ocrx_word' id='word_1_237' title='bbox 887 1811 1187 1882; x_wconf 89' lang='lat' dir='ltr'><strong>discipulos</strong></span> <span class='ocrx_word' id='word_1_238' title='bbox 1213 1820 1513 1881; x_wconf 89' lang='lat' dir='ltr'><strong>coarguunt</strong></span> <span class='ocrx_word' id='word_1_239' title='bbox 1537 1810 1753 1883; x_wconf 80' lang='lat' dir='ltr'><strong>(.ifauli.</strong></span> <span class='ocrx_word' id='word_1_240' title='bbox 1787 1808 1833 1868; x_wconf 87' lang='lat' dir='ltr'><strong><em>B</em></strong></span> <span class='ocrx_word' id='word_1_241' title='bbox 1865 1828 1971 1868; x_wconf 90' lang='lat' dir='ltr'><strong>non</strong></span> <span class='ocrx_word' id='word_1_242' title='bbox 2002 1812 2296 1877; x_wconf 84' lang='lat' dir='ltr'><strong>habebant,</strong></span> <span class='ocrx_word' id='word_1_243' title='bbox 2331 1824 2386 1870; x_wconf 92' lang='lat' dir='ltr'><strong>et</strong></span> <span class='ocrx_word' id='word_1_244' title='bbox 2415 1831 2603 1870; x_wconf 86' lang='lat' dir='ltr'><strong>manus</strong></span> <span class='ocrx_word' id='word_1_245' title='bbox 2631 1816 2868 1872; x_wconf 85' lang='lat' dir='ltr'><strong>officium</strong></span> <span class='ocrx_word' id='word_1_246' title='bbox 2893 1819 3159 1888; x_wconf 89' lang='lat' dir='ltr'><strong>cessabat,</strong></span> <span class='ocrx_word' id='word_1_247' title='bbox 3191 1832 3242 1877; x_wconf 94' lang='lat' dir='ltr'><strong>et</strong></span> <span class='ocrx_word' id='word_1_248' title='bbox 3274 1822 3464 1877; x_wconf 88' lang='lat' dir='ltr'><strong>minis-</strong></span> 
     </span>
    </p>
   </div>
   <div class='ocr_carea' id='block_1_18' title="bbox 118 1903 1748 1976">
    <p class='ocr_par' dir='ltr' id='par_1_18' title="bbox 118 1903 1748 1976">
     <span class='ocr_line' id='line_1_18' title="bbox 118 1903 1748 1976; baseline -0.002 -14"><span class='ocrx_word' id='word_1_249' title='bbox 118 1921 224 1974; x_wconf 68' lang='grc' dir='ltr'>ιιι,</span> <span class='ocrx_word' id='word_1_250' title='bbox 255 1904 326 1976; x_wconf 72' lang='lat'><strong>2)</strong></span> <span class='ocrx_word' id='word_1_251' title='bbox 353 1923 370 1960; x_wconf 89' lang='lat'><strong>:</strong></span> <span class='ocrx_word' id='word_1_252' title='bbox 418 1919 554 1976; x_wconf 90' lang='lat' dir='ltr'><strong>quos</strong></span> <span class='ocrx_word' id='word_1_253' title='bbox 584 1904 845 1960; x_wconf 89' lang='lat' dir='ltr'><strong>Dominus</strong></span> <span class='ocrx_word' id='word_1_254' title='bbox 874 1903 1001 1959; x_wconf 90' lang='lat' dir='ltr'><strong>facti</strong></span> <span class='ocrx_word' id='word_1_255' title='bbox 1033 1903 1186 1974; x_wconf 89' lang='lat' dir='ltr'><strong>ejus,</strong></span> <span class='ocrx_word' id='word_1_256' title='bbox 1219 1905 1270 1960; x_wconf 94' lang='lat' dir='ltr'><strong>in</strong></span> <span class='ocrx_word' id='word_1_257' title='bbox 1302 1921 1408 1976; x_wconf 90' lang='lat' dir='ltr'><strong>quo</strong></span> <span class='ocrx_word' id='word_1_258' title='bbox 1435 1905 1536 1960; x_wconf 91' lang='lat' dir='ltr'><strong>sub</strong></span> <span class='ocrx_word' id='word_1_259' title='bbox 1567 1920 1748 1959; x_wconf 90' lang='lat' dir='ltr'><strong>rerum</strong></span> 
     </span>
    </p>
   </div>
   <div class='ocr_carea' id='block_1_19' title="bbox 115 1996 1751 2071">
    <p class='ocr_par' dir='ltr' id='par_1_19' title="bbox 115 1996 1751 2071">
     <span class='ocr_line' id='line_1_19' title="bbox 115 1996 1751 2071; baseline -0.001 -17"><span class='ocrx_word' id='word_1_260' title='bbox 115 2006 474 2071; x_wconf 87' lang='lat' dir='ltr'><strong>argumento</strong></span> <span class='ocrx_word' id='word_1_261' title='bbox 491 1996 788 2068; x_wconf 67' lang='lat' dir='ltr'><strong>prophetiae</strong></span> <span class='ocrx_word' id='word_1_262' title='bbox 804 1998 940 2052; x_wconf 84' lang='lat' dir='ltr'><strong>ratio</strong></span> <span class='ocrx_word' id='word_1_263' title='bbox 952 1998 1279 2060; x_wconf 90' lang='lat' dir='ltr'><strong>continetur,</strong></span> <span class='ocrx_word' id='word_1_264' title='bbox 1294 1997 1572 2052; x_wconf 87' lang='lat' dir='ltr'><strong>admonuit</strong></span> <span class='ocrx_word' id='word_1_265' title='bbox 1587 1998 1751 2052; x_wconf 86' lang='lat' dir='ltr'><strong>David</strong></span> 
     </span>
    </p>
   </div>
   <div class='ocr_carea' id='block_1_20' title="bbox 112 2089 1753 2160">
    <p class='ocr_par' dir='ltr' id='par_1_20' title="bbox 112 2089 1753 2160">
     <span class='ocr_line' id='line_1_20' title="bbox 112 2089 1753 2160; baseline -0.001 -14"><span class='ocrx_word' id='word_1_266' title='bbox 112 2106 232 2146; x_wconf 82' lang='lat' dir='ltr'><strong>una</strong></span> <span class='ocrx_word' id='word_1_267' title='bbox 263 2105 406 2146; x_wconf 91' lang='lat' dir='ltr'><strong>cum</strong></span> <span class='ocrx_word' id='word_1_268' title='bbox 438 2090 525 2145; x_wconf 90' lang='lat' dir='ltr'><strong>his</strong></span> <span class='ocrx_word' id='word_1_269' title='bbox 552 2089 644 2160; x_wconf 89' lang='lat' dir='ltr'><strong>qui</strong></span> <span class='ocrx_word' id='word_1_270' title='bbox 677 2103 862 2144; x_wconf 91' lang='lat' dir='ltr'><strong>secum</strong></span> <span class='ocrx_word' id='word_1_271' title='bbox 892 2089 1124 2144; x_wconf 88' lang='lat' dir='ltr'><strong>aderant</strong></span> <span class='ocrx_word' id='word_1_272' title='bbox 1161 2089 1494 2145; x_wconf 88' lang='lat' dir='ltr'><strong>esurientem</strong></span> <span class='ocrx_word' id='word_1_273' title='bbox 1528 2089 1753 2158; x_wconf 83' lang='lat' dir='ltr'><strong>panibus</strong></span> 
     </span>
    </p>
   </div>
   <div class='ocr_carea' id='block_1_21' title="bbox 114 2179 1751 2256">
    <p class='ocr_par' dir='ltr' id='par_1_21' title="bbox 114 2179 1751 2256">
     <span class='ocr_line' id='line_1_21' title="bbox 114 2179 1751 2256; baseline -0.001 -18"><span class='ocrx_word' id='word_1_274' title='bbox 114 2183 344 2239; x_wconf 84' lang='lat' dir='ltr'><strong>illicitis</strong></span> <span class='ocrx_word' id='word_1_275' title='bbox 382 2181 462 2256; x_wconf 84' lang='lat' dir='ltr'><strong>(b)</strong></span> <span class='ocrx_word' id='word_1_276' title='bbox 492 2183 766 2252; x_wconf 78' lang='lat' dir='ltr'><strong>expletum</strong></span> <span class='ocrx_word' id='word_1_277' title='bbox 800 2181 968 2237; x_wconf 87' lang='lat' dir='ltr'><strong>fuisse</strong></span> <span class='ocrx_word' id='word_1_278' title='bbox 996 2179 1160 2252; x_wconf 91' lang='lat' dir='ltr'><strong>(Ibid.</strong></span> <span class='ocrx_word' id='word_1_279' title='bbox 1189 2181 1271 2252; x_wconf 72' lang='grc' dir='ltr'><strong>ὅ).</strong></span> <span class='ocrx_word' id='word_1_280' title='bbox 1302 2181 1489 2254; x_wconf 88' lang='lat' dir='ltr'><strong>Neque</strong></span> <span class='ocrx_word' id='word_1_281' title='bbox 1530 2183 1674 2237; x_wconf 90' lang='lat' dir='ltr'><strong>enim</strong></span> <span class='ocrx_word' id='word_1_282' title='bbox 1706 2182 1751 2236; x_wconf 92' lang='lat' dir='ltr'><strong>si</strong></span> 
     </span>
    </p>
   </div>
   <div class='ocr_carea' id='block_1_22' title="bbox 113 2271 1752 2341">
    <p class='ocr_par' dir='ltr' id='par_1_22' title="bbox 113 2271 1752 2341">
     <span class='ocr_line' id='line_1_22' title="bbox 113 2271 1752 2341; baseline -0.002 -10"><span class='ocrx_word' id='word_1_283' title='bbox 113 2290 233 2331; x_wconf 87' lang='lat' dir='ltr'><strong>non</strong></span> <span class='ocrx_word' id='word_1_284' title='bbox 268 2275 486 2331; x_wconf 88' lang='lat' dir='ltr'><strong>licebat</strong></span> <span class='ocrx_word' id='word_1_285' title='bbox 513 2272 664 2341; x_wconf 91' lang='lat' dir='ltr'><strong>fieri,</strong></span> <span class='ocrx_word' id='word_1_286' title='bbox 701 2274 866 2329; x_wconf 88' lang='lat' dir='ltr'><strong>David</strong></span> <span class='ocrx_word' id='word_1_287' title='bbox 892 2273 1136 2330; x_wconf 89' lang='lat' dir='ltr'><strong>creditus</strong></span> <span class='ocrx_word' id='word_1_288' title='bbox 1167 2273 1359 2327; x_wconf 81' lang='lat' dir='ltr'><strong>fuisset</strong></span> <span class='ocrx_word' id='word_1_289' title='bbox 1401 2271 1595 2328; x_wconf 83' lang='lat' dir='ltr'><strong>fecisse</strong></span> <span class='ocrx_word' id='word_1_290' title='bbox 1634 2271 1752 2328; x_wconf 89' lang='lat' dir='ltr'><strong>sine</strong></span> 
     </span>
    </p>
   </div>
   <div class='ocr_carea' id='block_1_23' title="bbox 116 2364 1752 2437">
    <p class='ocr_par' dir='ltr' id='par_1_23' title="bbox 116 2364 1752 2437">
     <span class='ocr_line' id='line_1_23' title="bbox 116 2364 1752 2437; baseline -0.003 -12"><span class='ocrx_word' id='word_1_291' title='bbox 116 2369 395 2425; x_wconf 90' lang='lat' dir='ltr'><strong>crimine.</strong></span> <span class='ocrx_word' id='word_1_292' title='bbox 426 2368 627 2424; x_wconf 80' lang='lat' dir='ltr'><strong>Verum</strong></span> <span class='ocrx_word' id='word_1_293' title='bbox 659 2367 776 2423; x_wconf 91' lang='lat' dir='ltr'><strong>sine</strong></span> <span class='ocrx_word' id='word_1_294' title='bbox 807 2369 1051 2423; x_wconf 89' lang='lat' dir='ltr'><strong>criminis</strong></span> <span class='ocrx_word' id='word_1_295' title='bbox 1083 2367 1294 2437; x_wconf 88' lang='lat' dir='ltr'><strong>piaculo</strong></span> <span class='ocrx_word' id='word_1_296' title='bbox 1325 2365 1481 2421; x_wconf 88' lang='lat' dir='ltr'><strong>factis</strong></span> <span class='ocrx_word' id='word_1_297' title='bbox 1511 2364 1580 2436; x_wconf 79' lang='grc' dir='ltr'><strong>(ι’)</strong></span> <span class='ocrx_word' id='word_1_298' title='bbox 1629 2379 1752 2436; x_wconf 91' lang='lat' dir='ltr'><strong>pro-</strong></span> 
     </span>
    </p>
   </div>
   <div class='ocr_carea' id='block_1_24' title="bbox 116 2458 1750 2536">
    <p class='ocr_par' dir='ltr' id='par_1_24' title="bbox 116 2458 1750 2536">
     <span class='ocr_line' id='line_1_24' title="bbox 116 2458 1750 2536; baseline -0.004 -17"><span class='ocrx_word' id='word_1_299' title='bbox 116 2463 325 2536; x_wconf 85' lang='lat' dir='ltr'><strong>phetat</strong></span> <span class='ocrx_word' id='word_1_300' title='bbox 371 2464 429 2518; x_wconf 90' lang='lat' dir='ltr'><strong>in</strong></span> <span class='ocrx_word' id='word_1_301' title='bbox 459 2463 613 2534; x_wconf 89' lang='lat' dir='ltr'><strong>iege;</strong></span> <span class='ocrx_word' id='word_1_302' title='bbox 660 2473 718 2516; x_wconf 94' lang='lat' dir='ltr'><strong>ut</strong></span> <span class='ocrx_word' id='word_1_303' title='bbox 768 2461 883 2532; x_wconf 91' lang='lat' dir='ltr'><strong>ipse</strong></span> <span class='ocrx_word' id='word_1_304' title='bbox 912 2476 1038 2517; x_wconf 86' lang='lat' dir='ltr'><strong>cum</strong></span> <span class='ocrx_word' id='word_1_305' title='bbox 1087 2459 1298 2515; x_wconf 70' lang='lat' dir='ltr'><strong>cancris</strong></span> <span class='ocrx_word' id='word_1_306' title='bbox 1319 2500 1334 2526; x_wconf 98' lang='lat'><strong>,</strong></span> <span class='ocrx_word' id='word_1_307' title='bbox 1367 2458 1598 2529; x_wconf 89' lang='lat' dir='ltr'><strong>panibus</strong></span> <span class='ocrx_word' id='word_1_308' title='bbox 1626 2474 1750 2528; x_wconf 81' lang='lat' dir='ltr'><strong>pro-</strong></span> 
     </span>
    </p>
   </div>
   <div class='ocr_carea' id='block_1_25' title="bbox 119 2549 1748 2627">
    <p class='ocr_par' dir='ltr' id='par_1_25' title="bbox 119 2549 1748 2627">
     <span class='ocr_line' id='line_1_25' title="bbox 119 2549 1748 2627; baseline -0.004 -16"><span class='ocrx_word' id='word_1_309' title='bbox 119 2555 435 2627; x_wconf 89' lang='lat' dir='ltr'><strong>positionis</strong></span> <span class='ocrx_word' id='word_1_310' title='bbox 472 2554 722 2626; x_wconf 75' lang='lat' dir='ltr'><strong>expletus</strong></span> <span class='ocrx_word' id='word_1_311' title='bbox 761 2555 866 2609; x_wconf 91' lang='lat' dir='ltr'><strong>sit:</strong></span> <span class='ocrx_word' id='word_1_312' title='bbox 893 2554 966 2608; x_wconf 89' lang='lat' dir='ltr'><strong>ita</strong></span> <span class='ocrx_word' id='word_1_313' title='bbox 987 2553 1282 2608; x_wconf 90' lang='lat' dir='ltr'><strong>ostendens</strong></span> <span class='ocrx_word' id='word_1_314' title='bbox 1315 2549 1593 2607; x_wconf 86' lang='lat' dir='ltr'><strong>Christum</strong></span> <span class='ocrx_word' id='word_1_315' title='bbox 1624 2566 1748 2606; x_wconf 92' lang='lat' dir='ltr'><strong>cum</strong></span> 
     </span>
    </p>
   </div>
   <div class='ocr_carea' id='block_1_26' title="bbox 118 2642 1750 2718">
    <p class='ocr_par' dir='ltr' id='par_1_26' title="bbox 118 2642 1750 2718">
     <span class='ocr_line' id='line_1_26' title="bbox 118 2642 1750 2718; baseline -0.002 -16"><span class='ocrx_word' id='word_1_316' title='bbox 118 2647 408 2718; x_wconf 88' lang='lat' dir='ltr'><strong>apostolis</strong></span> <span class='ocrx_word' id='word_1_317' title='bbox 451 2648 692 2718; x_wconf 91' lang='lat' dir='ltr'><strong>gentium</strong></span> <span class='ocrx_word' id='word_1_318' title='bbox 737 2647 912 2702; x_wconf 87' lang='lat' dir='ltr'><strong>salute</strong></span> <span class='ocrx_word' id='word_1_319' title='bbox 959 2644 1308 2713; x_wconf 85' lang='lat' dir='ltr'><strong>satiandum,</strong></span> <span class='ocrx_word' id='word_1_320' title='bbox 1355 2643 1499 2716; x_wconf 77' lang='lat' dir='ltr'><strong>quod</strong></span> <span class='ocrx_word' id='word_1_321' title='bbox 1545 2642 1750 2700; x_wconf 66' lang='lat' dir='ltr'><strong>Judaeis</strong></span> 
     </span>
    </p>
   </div>
   <div class='ocr_carea' id='block_1_27' title="bbox 123 2741 727 2798">
    <p class='ocr_par' dir='ltr' id='par_1_27' title="bbox 123 2741 727 2798">
     <span class='ocr_line' id='line_1_27' title="bbox 123 2741 727 2798; baseline -0.002 -1"><span class='ocrx_word' id='word_1_322' title='bbox 123 2742 394 2798; x_wconf 88' lang='lat' dir='ltr'><strong>illicitum</strong></span> <span class='ocrx_word' id='word_1_323' title='bbox 426 2741 727 2798; x_wconf 88' lang='lat' dir='ltr'><strong>videretur.</strong></span> 
     </span>
    </p>
   </div>
   <div class='ocr_carea' id='block_1_28' title="bbox 191 2834 1751 2907">
    <p class='ocr_par' dir='ltr' id='par_1_28' title="bbox 191 2834 1751 2907">
     <span class='ocr_line' id='line_1_28' title="bbox 191 2834 1751 2907; baseline -0.001 -15"><span class='ocrx_word' id='word_1_324' title='bbox 191 2837 250 2892; x_wconf 76' lang='grc'><strong>4.</strong></span> <span class='ocrx_word' id='word_1_325' title='bbox 303 2835 557 2892; x_wconf 83' lang='lat' dir='ltr'><strong>Alterius</strong></span> <span class='ocrx_word' id='word_1_326' title='bbox 600 2850 818 2907; x_wconf 91' lang='lat' dir='ltr'><strong>quoque</strong></span> <span class='ocrx_word' id='word_1_327' title='bbox 859 2849 956 2891; x_wconf 91' lang='lat' dir='ltr'><strong>eos</strong></span> <span class='ocrx_word' id='word_1_328' title='bbox 1003 2835 1262 2891; x_wconf 88' lang='lat' dir='ltr'><strong>admonet</strong></span> <span class='ocrx_word' id='word_1_329' title='bbox 1303 2834 1648 2906; x_wconf 72' lang='lat' dir='ltr'><strong>pr0phetize,</strong></span> <span class='ocrx_word' id='word_1_330' title='bbox 1693 2844 1751 2890; x_wconf 95' lang='lat' dir='ltr'><strong>ut</strong></span> 
     </span>
    </p>
   </div>
   <div class='ocr_carea' id='block_1_29' title="bbox 123 2925 1744 2997">
    <p class='ocr_par' dir='ltr' id='par_1_29' title="bbox 123 2925 1744 2997">
     <span class='ocr_line' id='line_1_29' title="bbox 123 2925 1744 2997; baseline -0.003 -13"><span class='ocrx_word' id='word_1_331' title='bbox 123 2927 507 2984; x_wconf 88' lang='lat' dir='ltr'><strong>consummari</strong></span> <span class='ocrx_word' id='word_1_332' title='bbox 547 2927 600 2982; x_wconf 90' lang='lat' dir='ltr'><strong>in</strong></span> <span class='ocrx_word' id='word_1_333' title='bbox 642 2941 702 2982; x_wconf 90' lang='lat' dir='ltr'><strong>se</strong></span> <span class='ocrx_word' id='word_1_334' title='bbox 733 2927 944 2992; x_wconf 88' lang='lat' dir='ltr'><strong>omnia,</strong></span> <span class='ocrx_word' id='word_1_335' title='bbox 977 2942 1101 2997; x_wconf 63' lang='lat' dir='ltr'><strong>quae</strong></span> <span class='ocrx_word' id='word_1_336' title='bbox 1130 2927 1372 2982; x_wconf 87' lang='lat' dir='ltr'><strong>anterius</strong></span> <span class='ocrx_word' id='word_1_337' title='bbox 1411 2934 1540 2982; x_wconf 87' lang='lat' dir='ltr'><strong>sunt</strong></span> <span class='ocrx_word' id='word_1_338' title='bbox 1568 2925 1708 2982; x_wconf 89' lang='lat' dir='ltr'><strong>dicta</strong></span> <span class='ocrx_word' id='word_1_339' title='bbox 1729 2969 1744 2994; x_wconf 89' lang='lat'><strong>,</strong></span> 
     </span>
    </p>
   </div>
   <div class='ocr_carea' id='block_1_30' title="bbox 123 3019 1748 3092">
    <p class='ocr_par' dir='ltr' id='par_1_30' title="bbox 123 3019 1748 3092">
     <span class='ocr_line' id='line_1_30' title="bbox 123 3019 1748 3092; baseline 0 -16"><span class='ocrx_word' id='word_1_340' title='bbox 123 3027 535 3092; x_wconf 88' lang='lat' dir='ltr'><strong>cognoscerent</strong></span> <span class='ocrx_word' id='word_1_341' title='bbox 562 3019 617 3074; x_wconf 93' lang='lat' dir='ltr'><strong>in</strong></span> <span class='ocrx_word' id='word_1_342' title='bbox 649 3019 798 3090; x_wconf 88' lang='lat' dir='ltr'><strong>lege;</strong></span> <span class='ocrx_word' id='word_1_343' title='bbox 830 3019 1112 3075; x_wconf 89' lang='lat' dir='ltr'><strong>sabbatum</strong></span> <span class='ocrx_word' id='word_1_344' title='bbox 1133 3021 1184 3075; x_wconf 92' lang='lat' dir='ltr'><strong>in</strong></span> <span class='ocrx_word' id='word_1_345' title='bbox 1207 3021 1408 3091; x_wconf 89' lang='lat' dir='ltr'><strong>templo</strong></span> <span class='ocrx_word' id='word_1_346' title='bbox 1436 3020 1748 3077; x_wconf 91' lang='lat' dir='ltr'><strong>sacerdotes</strong></span> 
     </span>
    </p>
   </div>
   <div class='ocr_carea' id='block_1_31' title="bbox 125 3111 1747 3186">
    <p class='ocr_par' dir='ltr' id='par_1_31' title="bbox 125 3111 1747 3186">
     <span class='ocr_line' id='line_1_31' title="bbox 125 3111 1747 3186; baseline 0 -19"><span class='ocrx_word' id='word_1_347' title='bbox 125 3114 206 3186; x_wconf 90' lang='lat' dir='ltr'><strong>(d)</strong></span> <span class='ocrx_word' id='word_1_348' title='bbox 235 3113 458 3169; x_wconf 78' lang='lat' dir='ltr'><strong>violare</strong></span> <span class='ocrx_word' id='word_1_349' title='bbox 482 3113 598 3167; x_wconf 92' lang='lat' dir='ltr'><strong>sine</strong></span> <span class='ocrx_word' id='word_1_350' title='bbox 623 3113 853 3168; x_wconf 91' lang='lat' dir='ltr'><strong>crimine</strong></span> <span class='ocrx_word' id='word_1_351' title='bbox 883 3111 1047 3184; x_wconf 88' lang='lat' dir='ltr'><strong>(Ibid.</strong></span> <span class='ocrx_word' id='word_1_352' title='bbox 1079 3111 1168 3184; x_wconf 81' lang='lat'><strong>5);</strong></span> <span class='ocrx_word' id='word_1_353' title='bbox 1200 3113 1458 3183; x_wconf 86' lang='lat' dir='ltr'><strong>templum</strong></span> <span class='ocrx_word' id='word_1_354' title='bbox 1487 3127 1546 3168; x_wconf 93' lang='lat' dir='ltr'><strong>se</strong></span> <span class='ocrx_word' id='word_1_355' title='bbox 1573 3115 1747 3182; x_wconf 90' lang='lat' dir='ltr'><strong>ipsum</strong></span> 
     </span>
    </p>
   </div>
   <div class='ocr_carea' id='block_1_32' title="bbox 1856 1906 3462 1986">
    <p class='ocr_par' dir='ltr' id='par_1_32' title="bbox 1856 1906 3462 1986">
     <span class='ocr_line' id='line_1_32' title="bbox 1856 1906 3462 1986; baseline 0.006 -26"><span class='ocrx_word' id='word_1_356' title='bbox 1856 1906 2050 1961; x_wconf 85' lang='lat' dir='ltr'><strong>terium</strong></span> <span class='ocrx_word' id='word_1_357' title='bbox 2077 1907 2344 1977; x_wconf 89' lang='lat' dir='ltr'><strong>corporis,</strong></span> <span class='ocrx_word' id='word_1_358' title='bbox 2373 1923 2481 1976; x_wconf 88' lang='lat' dir='ltr'><strong>quo</strong></span> <span class='ocrx_word' id='word_1_359' title='bbox 2506 1909 2704 1978; x_wconf 85' lang='lat' dir='ltr'><strong>aliquid</strong></span> <span class='ocrx_word' id='word_1_360' title='bbox 2736 1911 2910 1979; x_wconf 90' lang='lat' dir='ltr'><strong>agitur</strong></span> <span class='ocrx_word' id='word_1_361' title='bbox 2954 1920 3115 1982; x_wconf 81' lang='lat' dir='ltr'><strong>atque</strong></span> <span class='ocrx_word' id='word_1_362' title='bbox 3145 1912 3222 1985; x_wconf 81' lang='lat' dir='ltr'><strong>(It)</strong></span> <span class='ocrx_word' id='word_1_363' title='bbox 3257 1915 3462 1986; x_wconf 86' lang='lat' dir='ltr'><strong>imper-</strong></span> 
     </span>
    </p>
   </div>
   <div class='ocr_carea' id='block_1_33' title="bbox 1857 1997 3457 2074">
    <p class='ocr_par' dir='ltr' id='par_1_33' title="bbox 1857 1997 3457 2074">
     <span class='ocr_line' id='line_1_33' title="bbox 1857 1997 3457 2074; baseline 0.007 -23"><span class='ocrx_word' id='word_1_364' title='bbox 1857 1997 2008 2065; x_wconf 89' lang='lat' dir='ltr'><strong>titur,</strong></span> <span class='ocrx_word' id='word_1_365' title='bbox 2039 2010 2275 2054; x_wconf 86' lang='lat' dir='ltr'><strong>aruerat.</strong></span> <span class='ocrx_word' id='word_1_366' title='bbox 2307 1999 2566 2054; x_wconf 90' lang='lat' dir='ltr'><strong>Dominus</strong></span> <span class='ocrx_word' id='word_1_367' title='bbox 2595 2001 2756 2070; x_wconf 83' lang='lat' dir='ltr'><strong>igitur</strong></span> <span class='ocrx_word' id='word_1_368' title='bbox 2783 2017 3002 2057; x_wconf 86' lang='lat' dir='ltr'><strong>manum</strong></span> <span class='ocrx_word' id='word_1_369' title='bbox 3024 2018 3148 2059; x_wconf 91' lang='lat' dir='ltr'><strong>eum</strong></span> <span class='ocrx_word' id='word_1_370' title='bbox 3172 2005 3332 2074; x_wconf 86' lang='lat' dir='ltr'><strong>jussit</strong></span> <span class='ocrx_word' id='word_1_371' title='bbox 3363 2022 3457 2062; x_wconf 83' lang='lat' dir='ltr'><strong>ex-</strong></span> 
     </span>
    </p>
   </div>
   <div class='ocr_carea' id='block_1_34' title="bbox 1854 2089 3454 2168">
    <p class='ocr_par' dir='ltr' id='par_1_34' title="bbox 1854 2089 3454 2168">
     <span class='ocr_line' id='line_1_34' title="bbox 1854 2089 3454 2168; baseline 0.005 -24"><span class='ocrx_word' id='word_1_372' title='bbox 1854 2089 2103 2157; x_wconf 91' lang='lat' dir='ltr'><strong>tendere,</strong></span> <span class='ocrx_word' id='word_1_373' title='bbox 2133 2107 2252 2160; x_wconf 87' lang='lat' dir='ltr'><strong>quae</strong></span> <span class='ocrx_word' id='word_1_374' title='bbox 2283 2093 2530 2146; x_wconf 89' lang='lat' dir='ltr'><strong>restituta</strong></span> <span class='ocrx_word' id='word_1_375' title='bbox 2562 2101 2645 2148; x_wconf 89' lang='lat' dir='ltr'><strong>est</strong></span> <span class='ocrx_word' id='word_1_376' title='bbox 2674 2093 2722 2148; x_wconf 93' lang='lat' dir='ltr'><strong>ei</strong></span> <span class='ocrx_word' id='word_1_377' title='bbox 2753 2093 2894 2148; x_wconf 91' lang='lat' dir='ltr'><strong>sicut</strong></span> <span class='ocrx_word' id='word_1_378' title='bbox 2923 2095 3091 2150; x_wconf 88' lang='lat' dir='ltr'><strong>altera</strong></span> <span class='ocrx_word' id='word_1_379' title='bbox 3123 2095 3296 2167; x_wconf 88' lang='lat' dir='ltr'><strong>(Ibid.</strong></span> <span class='ocrx_word' id='word_1_380' title='bbox 3330 2098 3454 2168; x_wconf 79' lang='grc'><strong>15).</strong></span> 
     </span>
    </p>
   </div>
   <div class='ocr_carea' id='block_1_35' title="bbox 1853 2180 3457 2249">
    <p class='ocr_par' dir='ltr' id='par_1_35' title="bbox 1853 2180 3457 2249">
     <span class='ocr_line' id='line_1_35' title="bbox 1853 2180 3457 2249; baseline 0.004 -14"><span class='ocrx_word' id='word_1_381' title='bbox 1853 2180 2078 2235; x_wconf 84' lang='lat' dir='ltr'><strong>Curatio</strong></span> <span class='ocrx_word' id='word_1_382' title='bbox 2107 2182 2285 2237; x_wconf 90' lang='lat' dir='ltr'><strong>omnis</strong></span> <span class='ocrx_word' id='word_1_383' title='bbox 2323 2181 2376 2236; x_wconf 92' lang='lat' dir='ltr'><strong>in</strong></span> <span class='ocrx_word' id='word_1_384' title='bbox 2412 2183 2583 2238; x_wconf 88' lang='lat' dir='ltr'><strong>verbo</strong></span> <span class='ocrx_word' id='word_1_385' title='bbox 2620 2194 2734 2249; x_wconf 91' lang='lat' dir='ltr'><strong>est,</strong></span> <span class='ocrx_word' id='word_1_386' title='bbox 2778 2193 2833 2240; x_wconf 92' lang='lat' dir='ltr'><strong>et</strong></span> <span class='ocrx_word' id='word_1_387' title='bbox 2871 2201 3063 2242; x_wconf 92' lang='lat' dir='ltr'><strong>manus</strong></span> <span class='ocrx_word' id='word_1_388' title='bbox 3099 2189 3242 2244; x_wconf 90' lang='lat' dir='ltr'><strong>sicut</strong></span> <span class='ocrx_word' id='word_1_389' title='bbox 3284 2188 3457 2244; x_wconf 86' lang='lat' dir='ltr'><strong>altera</strong></span> 
     </span>
    </p>
   </div>
   <div class='ocr_carea' id='block_1_36' title="bbox 1851 2273 3454 2351">
    <p class='ocr_par' dir='ltr' id='par_1_36' title="bbox 1851 2273 3454 2351">
     <span class='ocr_line' id='line_1_36' title="bbox 1851 2273 3454 2351; baseline 0.007 -24"><span class='ocrx_word' id='word_1_390' title='bbox 1851 2273 2116 2339; x_wconf 89' lang='lat' dir='ltr'><strong>redditur,</strong></span> <span class='ocrx_word' id='word_1_391' title='bbox 2151 2275 2202 2330; x_wconf 92' lang='lat' dir='ltr'><strong>id</strong></span> <span class='ocrx_word' id='word_1_392' title='bbox 2242 2286 2356 2343; x_wconf 91' lang='lat' dir='ltr'><strong>est,</strong></span> <span class='ocrx_word' id='word_1_393' title='bbox 2397 2275 2591 2332; x_wconf 89' lang='lat' dir='ltr'><strong>similis</strong></span> <span class='ocrx_word' id='word_1_394' title='bbox 2633 2280 2934 2334; x_wconf 89' lang='lat' dir='ltr'><strong>ministerio</strong></span> <span class='ocrx_word' id='word_1_395' title='bbox 2981 2282 3350 2351; x_wconf 90' lang='lat' dir='ltr'><strong>apostolorum</strong></span> <span class='ocrx_word' id='word_1_396' title='bbox 3399 2285 3454 2339; x_wconf 92' lang='lat' dir='ltr'><strong>in</strong></span> 
     </span>
    </p>
   </div>
   <div class='ocr_carea' id='block_1_37' title="bbox 1853 2366 3456 2444">
    <p class='ocr_par' dir='ltr' id='par_1_37' title="bbox 1853 2366 3456 2444">
     <span class='ocr_line' id='line_1_37' title="bbox 1853 2366 3456 2444; baseline 0.006 -23"><span class='ocrx_word' id='word_1_397' title='bbox 1853 2366 2090 2422; x_wconf 89' lang='lat' dir='ltr'><strong>officium</strong></span> <span class='ocrx_word' id='word_1_398' title='bbox 2119 2367 2309 2424; x_wconf 76' lang='lat' dir='ltr'><strong>danda:</strong></span> <span class='ocrx_word' id='word_1_399' title='bbox 2337 2368 2530 2424; x_wconf 88' lang='lat' dir='ltr'><strong>salutis</strong></span> <span class='ocrx_word' id='word_1_400' title='bbox 2559 2370 2794 2427; x_wconf 83' lang='lat' dir='ltr'><strong>efficitur</strong></span> <span class='ocrx_word' id='word_1_401' title='bbox 2821 2391 2833 2425; x_wconf 92' lang='lat'><strong>:</strong></span> <span class='ocrx_word' id='word_1_402' title='bbox 2861 2373 3126 2444; x_wconf 90' lang='lat' dir='ltr'><strong>docetque</strong></span> <span class='ocrx_word' id='word_1_403' title='bbox 3151 2374 3456 2431; x_wconf 71' lang='lat' dir='ltr'><strong>Pharismos</strong></span> 
     </span>
    </p>
   </div>
   <div class='ocr_carea' id='block_1_38' title="bbox 1852 2459 3458 2536">
    <p class='ocr_par' dir='ltr' id='par_1_38' title="bbox 1852 2459 3458 2536">
     <span class='ocr_line' id='line_1_38' title="bbox 1852 2459 3458 2536; baseline 0.006 -22"><span class='ocrx_word' id='word_1_404' title='bbox 1852 2474 1996 2530; x_wconf 75' lang='lat' dir='ltr'><strong>mgre</strong></span> <span class='ocrx_word' id='word_1_405' title='bbox 2039 2459 2180 2515; x_wconf 88' lang='lat' dir='ltr'><strong>ferre</strong></span> <span class='ocrx_word' id='word_1_406' title='bbox 2231 2478 2337 2516; x_wconf 93' lang='lat' dir='ltr'><strong>non</strong></span> <span class='ocrx_word' id='word_1_407' title='bbox 2381 2471 2634 2532; x_wconf 90' lang='lat' dir='ltr'><strong>oportere</strong></span> <span class='ocrx_word' id='word_1_408' title='bbox 2679 2464 2742 2535; x_wconf 92' lang='lat' dir='ltr'><strong>(i)</strong></span> <span class='ocrx_word' id='word_1_409' title='bbox 2791 2467 3160 2536; x_wconf 89' lang='lat' dir='ltr'><strong>operationem</strong></span> <span class='ocrx_word' id='word_1_410' title='bbox 3208 2467 3458 2524; x_wconf 77' lang='lat' dir='ltr'><strong>humana:</strong></span> 
     </span>
    </p>
   </div>
   <div class='ocr_carea' id='block_1_39' title="bbox 1851 2553 3460 2630">
    <p class='ocr_par' dir='ltr' id='par_1_39' title="bbox 1851 2553 3460 2630">
     <span class='ocr_line' id='line_1_39' title="bbox 1851 2553 3460 2630; baseline 0.006 -23"><span class='ocrx_word' id='word_1_411' title='bbox 1851 2553 2040 2610; x_wconf 90' lang='lat' dir='ltr'><strong>salutis</strong></span> <span class='ocrx_word' id='word_1_412' title='bbox 2073 2555 2124 2609; x_wconf 92' lang='lat' dir='ltr'><strong>in</strong></span> <span class='ocrx_word' id='word_1_413' title='bbox 2155 2556 2448 2623; x_wconf 82' lang='lat' dir='ltr'><strong>apostolis;</strong></span> <span class='ocrx_word' id='word_1_414' title='bbox 2477 2572 2598 2612; x_wconf 88' lang='lat' dir='ltr'><strong>cum</strong></span> <span class='ocrx_word' id='word_1_415' title='bbox 2632 2557 2760 2627; x_wconf 91' lang='lat' dir='ltr'><strong>ipsis</strong></span> <span class='ocrx_word' id='word_1_416' title='bbox 2790 2558 2857 2613; x_wconf 92' lang='lat' dir='ltr'><strong>ad</strong></span> <span class='ocrx_word' id='word_1_417' title='bbox 2888 2559 3051 2615; x_wconf 88' lang='lat' dir='ltr'><strong>officii</strong></span> <span class='ocrx_word' id='word_1_418' title='bbox 3084 2560 3324 2630; x_wconf 86' lang='lat' dir='ltr'><strong>ejusdem</strong></span> <span class='ocrx_word' id='word_1_419' title='bbox 3356 2561 3460 2617; x_wconf 84' lang='lat' dir='ltr'><strong>tui-</strong></span> 
     </span>
    </p>
   </div>
   <div class='ocr_carea' id='block_1_40' title="bbox 1853 2648 3208 2718">
    <p class='ocr_par' dir='ltr' id='par_1_40' title="bbox 1853 2648 3208 2718">
     <span class='ocr_line' id='line_1_40' title="bbox 1853 2648 3208 2718; baseline 0.005 -18"><span class='ocrx_word' id='word_1_420' title='bbox 1853 2648 2132 2702; x_wconf 90' lang='lat' dir='ltr'><strong>nisterium</strong></span> <span class='ocrx_word' id='word_1_421' title='bbox 2165 2664 2354 2702; x_wconf 91' lang='lat' dir='ltr'><strong>manus</strong></span> <span class='ocrx_word' id='word_1_422' title='bbox 2382 2649 2451 2703; x_wconf 92' lang='lat' dir='ltr'><strong>sit</strong></span> <span class='ocrx_word' id='word_1_423' title='bbox 2484 2650 2823 2706; x_wconf 84' lang='lat' dir='ltr'><strong>retortnanda</strong></span> <span class='ocrx_word' id='word_1_424' title='bbox 2843 2694 2858 2718; x_wconf 92' lang='lat'><strong>,</strong></span> <span class='ocrx_word' id='word_1_425' title='bbox 2889 2653 2934 2708; x_wconf 91' lang='lat' dir='ltr'><strong>si</strong></span> <span class='ocrx_word' id='word_1_426' title='bbox 2963 2653 3208 2710; x_wconf 88' lang='lat' dir='ltr'><strong>credant.</strong></span> 
     </span>
    </p>
   </div>
   <div class='ocr_carea' id='block_1_41' title="bbox 1923 2739 3457 2812">
    <p class='ocr_par' dir='ltr' id='par_1_41' title="bbox 1923 2739 3457 2812">
     <span class='ocr_line' id='line_1_41' title="bbox 1923 2739 3457 2812; baseline 0.006 -20"><span class='ocrx_word' id='word_1_427' title='bbox 1923 2739 1976 2793; x_wconf 92' lang='lat'><strong>8.</strong></span> <span class='ocrx_word' id='word_1_428' title='bbox 2025 2739 2130 2796; x_wconf 86' lang='lat' dir='ltr'><strong>Sed</strong></span> <span class='ocrx_word' id='word_1_429' title='bbox 2160 2739 2357 2794; x_wconf 91' lang='lat' dir='ltr'><strong>invidia</strong></span> <span class='ocrx_word' id='word_1_430' title='bbox 2391 2741 2512 2796; x_wconf 89' lang='lat' dir='ltr'><strong>facti</strong></span> <span class='ocrx_word' id='word_1_431' title='bbox 2544 2741 2848 2798; x_wconf 78' lang='lat' dir='ltr'><strong>Phariszcos</strong></span> <span class='ocrx_word' id='word_1_432' title='bbox 2880 2756 3188 2801; x_wconf 90' lang='lat' dir='ltr'><strong>commovet</strong></span> <span class='ocrx_word' id='word_1_433' title='bbox 3212 2787 3227 2812; x_wconf 90' lang='lat'><strong>,</strong></span> <span class='ocrx_word' id='word_1_434' title='bbox 3271 2755 3327 2800; x_wconf 90' lang='lat' dir='ltr'><strong>et</strong></span> <span class='ocrx_word' id='word_1_435' title='bbox 3356 2745 3457 2802; x_wconf 91' lang='lat' dir='ltr'><strong>ad-</strong></span> 
     </span>
    </p>
   </div>
   <div class='ocr_carea' id='block_1_42' title="bbox 1853 2833 3458 2910">
    <p class='ocr_par' dir='ltr' id='par_1_42' title="bbox 1853 2833 3458 2910">
     <span class='ocr_line' id='line_1_42' title="bbox 1853 2833 3458 2910; baseline 0.004 -22"><span class='ocrx_word' id='word_1_436' title='bbox 1853 2849 2042 2890; x_wconf 90' lang='lat' dir='ltr'><strong>versus</strong></span> <span class='ocrx_word' id='word_1_437' title='bbox 2067 2850 2189 2890; x_wconf 90' lang='lat' dir='ltr'><strong>eum</strong></span> <span class='ocrx_word' id='word_1_438' title='bbox 2219 2833 2406 2890; x_wconf 91' lang='lat' dir='ltr'><strong>ineunt</strong></span> <span class='ocrx_word' id='word_1_439' title='bbox 2431 2835 2718 2891; x_wconf 92' lang='lat' dir='ltr'><strong>consilium</strong></span> <span class='ocrx_word' id='word_1_440' title='bbox 2751 2836 2931 2910; x_wconf 87' lang='lat' dir='ltr'><strong>(Ibid.</strong></span> <span class='ocrx_word' id='word_1_441' title='bbox 2969 2839 3032 2892; x_wconf 72' lang='grc'><strong>14</strong></span> <span class='ocrx_word' id='word_1_442' title='bbox 3056 2838 3114 2910; x_wconf 90' lang='lat'><strong>):</strong></span> <span class='ocrx_word' id='word_1_443' title='bbox 3161 2840 3284 2909; x_wconf 89' lang='lat' dir='ltr'><strong>quia</strong></span> <span class='ocrx_word' id='word_1_444' title='bbox 3326 2855 3458 2895; x_wconf 89' lang='lat' dir='ltr'><strong>con-</strong></span> 
     </span>
    </p>
   </div>
   <div class='ocr_carea' id='block_1_43' title="bbox 1853 2926 3454 3002">
    <p class='ocr_par' dir='ltr' id='par_1_43' title="bbox 1853 2926 3454 3002">
     <span class='ocr_line' id='line_1_43' title="bbox 1853 2926 3454 3002; baseline 0.004 -20"><span class='ocrx_word' id='word_1_445' title='bbox 1853 2935 2068 2982; x_wconf 90' lang='lat' dir='ltr'><strong>tuentes</strong></span> <span class='ocrx_word' id='word_1_446' title='bbox 2100 2926 2377 2982; x_wconf 89' lang='lat' dir='ltr'><strong>hominem</strong></span> <span class='ocrx_word' id='word_1_447' title='bbox 2409 2928 2464 2982; x_wconf 92' lang='lat' dir='ltr'><strong>iu</strong></span> <span class='ocrx_word' id='word_1_448' title='bbox 2493 2943 2744 2999; x_wconf 90' lang='lat' dir='ltr'><strong>corpore,</strong></span> <span class='ocrx_word' id='word_1_449' title='bbox 2783 2930 2945 2985; x_wconf 88' lang='lat' dir='ltr'><strong>Deum</strong></span> <span class='ocrx_word' id='word_1_450' title='bbox 2981 2931 3032 2986; x_wconf 93' lang='lat' dir='ltr'><strong>in</strong></span> <span class='ocrx_word' id='word_1_451' title='bbox 3065 2933 3318 3002; x_wconf 92' lang='lat' dir='ltr'><strong>operibus</strong></span> <span class='ocrx_word' id='word_1_452' title='bbox 3347 2949 3454 2989; x_wconf 91' lang='lat' dir='ltr'><strong>non</strong></span> 
     </span>
    </p>
   </div>
   <div class='ocr_carea' id='block_1_44' title="bbox 1853 3020 3458 3093">
    <p class='ocr_par' dir='ltr' id='par_1_44' title="bbox 1853 3020 3458 3093">
     <span class='ocr_line' id='line_1_44' title="bbox 1853 3020 3458 3093; baseline 0.005 -17"><span class='ocrx_word' id='word_1_453' title='bbox 1853 3020 2251 3092; x_wconf 91' lang='lat' dir='ltr'><strong>intelligebant.</strong></span> <span class='ocrx_word' id='word_1_454' title='bbox 2341 3022 2644 3093; x_wconf 89' lang='lat' dir='ltr'><strong>Sciensque</strong></span> <span class='ocrx_word' id='word_1_455' title='bbox 2694 3038 2880 3079; x_wconf 91' lang='lat' dir='ltr'><strong>eorum</strong></span> <span class='ocrx_word' id='word_1_456' title='bbox 2950 3026 3179 3082; x_wconf 81' lang='lat' dir='ltr'><strong>consilia</strong></span> <span class='ocrx_word' id='word_1_457' title='bbox 3232 3029 3458 3084; x_wconf 90' lang='lat' dir='ltr'><strong>secessit</strong></span> 
     </span>
    </p>
   </div>
   <div class='ocr_carea' id='block_1_45' title="bbox 1853 3112 3454 3188">
    <p class='ocr_par' dir='ltr' id='par_1_45' title="bbox 1853 3112 3454 3188">
     <span class='ocr_line' id='line_1_45' title="bbox 1853 3112 3454 3188; baseline 0.006 -21"><span class='ocrx_word' id='word_1_458' title='bbox 1853 3112 2038 3184; x_wconf 90' lang='lat' dir='ltr'><strong>(Ibid.</strong></span> <span class='ocrx_word' id='word_1_459' title='bbox 2073 3116 2140 3170; x_wconf 77' lang='grc'><strong>15</strong></span> <span class='ocrx_word' id='word_1_460' title='bbox 2165 3116 2182 3184; x_wconf 94' lang='grc'><strong>)</strong></span> <span class='ocrx_word' id='word_1_461' title='bbox 2209 3131 2223 3179; x_wconf 91' lang='grc'><strong>;</strong></span> <span class='ocrx_word' id='word_1_462' title='bbox 2257 3125 2313 3170; x_wconf 83' lang='grc' dir='ltr'><strong>ιιι</strong></span> <span class='ocrx_word' id='word_1_463' title='bbox 2340 3129 2368 3168; x_wconf 88' lang='lat' dir='ltr'><strong>a</strong></span> <span class='ocrx_word' id='word_1_464' title='bbox 2400 3115 2644 3170; x_wconf 85' lang='lat' dir='ltr'><strong>consiliis</strong></span> <span class='ocrx_word' id='word_1_465' title='bbox 2676 3118 3082 3187; x_wconf 89' lang='lat' dir='ltr'><strong>malignantinm</strong></span> <span class='ocrx_word' id='word_1_466' title='bbox 3113 3121 3296 3188; x_wconf 88' lang='lat' dir='ltr'><strong>procul</strong></span> <span class='ocrx_word' id='word_1_467' title='bbox 3322 3121 3454 3177; x_wconf 82' lang='lat' dir='ltr'><strong>affu-</strong></span> 
     </span>
    </p>
   </div>
   <div class='ocr_carea' id='block_1_46' title="bbox 124 3193 3452 3282">
    <p class='ocr_par' dir='ltr' id='par_1_46' title="bbox 124 3193 3452 3282">
     <span class='ocr_line' id='line_1_46' title="bbox 124 3193 3452 3282; baseline 0.003 -21"><span class='ocrx_word' id='word_1_468' title='bbox 124 3207 338 3262; x_wconf 90' lang='lat' dir='ltr'><strong>scilicet</strong></span> <span class='ocrx_word' id='word_1_469' title='bbox 369 3205 652 3272; x_wconf 90' lang='lat' dir='ltr'><strong>indicans,</strong></span> <span class='ocrx_word' id='word_1_470' title='bbox 683 3205 738 3260; x_wconf 92' lang='lat' dir='ltr'><strong>in</strong></span> <span class='ocrx_word' id='word_1_471' title='bbox 766 3221 874 3276; x_wconf 92' lang='lat' dir='ltr'><strong>quo</strong></span> <span class='ocrx_word' id='word_1_472' title='bbox 905 3221 1000 3275; x_wconf 88' lang='lat' dir='ltr'><strong>per</strong></span> <span class='ocrx_word' id='word_1_473' title='bbox 1024 3205 1377 3276; x_wconf 82' lang='lat' dir='ltr'><strong>apostolicam</strong></span> <span class='ocrx_word' id='word_1_474' title='bbox 1405 3204 1741 3271; x_wconf 89' lang='lat' dir='ltr'><strong>doctrinam,</strong></span> <span class='ocrx_word' id='word_1_475' title='bbox 1775 3193 1820 3257; x_wconf 92' lang='lat' dir='ltr'><strong>C</strong></span> <span class='ocrx_word' id='word_1_476' title='bbox 1853 3215 2004 3262; x_wconf 91' lang='lat' dir='ltr'><strong>turus</strong></span> <span class='ocrx_word' id='word_1_477' title='bbox 2030 3216 2471 3278; x_wconf 87' lang='lat' dir='ltr'><strong>cognosceretur.</strong></span> <span class='ocrx_word' id='word_1_478' title='bbox 2519 3209 2822 3282; x_wconf 87' lang='lat' dir='ltr'><strong>Pluresque</strong></span> <span class='ocrx_word' id='word_1_479' title='bbox 2869 3213 3038 3267; x_wconf 75' lang='lat' dir='ltr'><strong>lurst</strong></span> <span class='ocrx_word' id='word_1_480' title='bbox 3087 3229 3210 3269; x_wconf 88' lang='lat' dir='ltr'><strong>eum</strong></span> <span class='ocrx_word' id='word_1_481' title='bbox 3253 3225 3452 3272; x_wconf 88' lang='lat' dir='ltr'><strong>secutae</strong></span> 
     </span>
    </p>
   </div>
   <div class='ocr_carea' id='block_1_47' title="bbox 129 3298 1746 3371">
    <p class='ocr_par' dir='ltr' id='par_1_47' title="bbox 129 3298 1746 3371">
     <span class='ocr_line' id='line_1_47' title="bbox 129 3298 1746 3371; baseline -0.001 -16"><span class='ocrx_word' id='word_1_482' title='bbox 129 3300 336 3371; x_wconf 88' lang='lat' dir='ltr'><strong>populo</strong></span> <span class='ocrx_word' id='word_1_483' title='bbox 393 3299 532 3370; x_wconf 80' lang='lat' dir='ltr'><strong>legis</strong></span> <span class='ocrx_word' id='word_1_484' title='bbox 582 3298 878 3354; x_wconf 89' lang='lat' dir='ltr'><strong>infideliter</strong></span> <span class='ocrx_word' id='word_1_485' title='bbox 921 3300 995 3369; x_wconf 74' lang='grc' dir='ltr'><strong>(ε)</strong></span> <span class='ocrx_word' id='word_1_486' title='bbox 1037 3298 1272 3365; x_wconf 91' lang='lat' dir='ltr'><strong>otiante,</strong></span> <span class='ocrx_word' id='word_1_487' title='bbox 1311 3299 1457 3353; x_wconf 86' lang='lat' dir='ltr'><strong>salus</strong></span> <span class='ocrx_word' id='word_1_488' title='bbox 1494 3299 1746 3369; x_wconf 88' lang='lat' dir='ltr'><strong>gentibus</strong></span> 
     </span>
    </p>
   </div>
   <div class='ocr_carea' id='block_1_48' title="bbox 126 3391 1745 3462">
    <p class='ocr_par' dir='ltr' id='par_1_48' title="bbox 126 3391 1745 3462">
     <span class='ocr_line' id='line_1_48' title="bbox 126 3391 1745 3462; baseline -0.001 -16"><span class='ocrx_word' id='word_1_489' title='bbox 126 3391 316 3447; x_wconf 92' lang='lat' dir='ltr'><strong>datur:</strong></span> <span class='ocrx_word' id='word_1_490' title='bbox 341 3393 475 3462; x_wconf 86' lang='lat' dir='ltr'><strong>quia</strong></span> <span class='ocrx_word' id='word_1_491' title='bbox 499 3392 675 3461; x_wconf 89' lang='lat' dir='ltr'><strong>major</strong></span> <span class='ocrx_word' id='word_1_492' title='bbox 698 3391 812 3461; x_wconf 87' lang='lat' dir='ltr'><strong>ipse</strong></span> <span class='ocrx_word' id='word_1_493' title='bbox 842 3391 914 3445; x_wconf 89' lang='lat' dir='ltr'><strong>sit</strong></span> <span class='ocrx_word' id='word_1_494' title='bbox 943 3391 1191 3456; x_wconf 88' lang='lat' dir='ltr'><strong>sabbato,</strong></span> <span class='ocrx_word' id='word_1_495' title='bbox 1214 3399 1268 3446; x_wconf 91' lang='lat' dir='ltr'><strong>et</strong></span> <span class='ocrx_word' id='word_1_496' title='bbox 1295 3391 1504 3462; x_wconf 91' lang='lat' dir='ltr'><strong>absque</strong></span> <span class='ocrx_word' id='word_1_497' title='bbox 1533 3391 1745 3446; x_wconf 70' lang='lat' dir='ltr'><strong>violata:</strong></span> 
     </span>
    </p>
   </div>
   <div class='ocr_carea' id='block_1_49' title="bbox 129 3485 1648 3558">
    <p class='ocr_par' dir='ltr' id='par_1_49' title="bbox 129 3485 1648 3558">
     <span class='ocr_line' id='line_1_49' title="bbox 129 3485 1648 3558; baseline 0 -17"><span class='ocrx_word' id='word_1_498' title='bbox 129 3487 262 3558; x_wconf 86' lang='lat' dir='ltr'><strong>legis</strong></span> <span class='ocrx_word' id='word_1_499' title='bbox 293 3487 464 3557; x_wconf 89' lang='lat' dir='ltr'><strong>culpa</strong></span> <span class='ocrx_word' id='word_1_500' title='bbox 485 3529 501 3554; x_wconf 90' lang='lat'><strong>,</strong></span> <span class='ocrx_word' id='word_1_501' title='bbox 533 3486 843 3557; x_wconf 87' lang='lat' dir='ltr'><strong>evangelica</strong></span> <span class='ocrx_word' id='word_1_502' title='bbox 879 3485 1012 3541; x_wconf 82' lang='lat' dir='ltr'><strong>fides</strong></span> <span class='ocrx_word' id='word_1_503' title='bbox 1041 3496 1298 3556; x_wconf 89' lang='lat' dir='ltr'><strong>operetur</strong></span> <span class='ocrx_word' id='word_1_504' title='bbox 1327 3486 1378 3540; x_wconf 93' lang='lat' dir='ltr'><strong>in</strong></span> <span class='ocrx_word' id='word_1_505' title='bbox 1409 3485 1648 3541; x_wconf 85' lang='lat' dir='ltr'><strong>Christo.</strong></span> 
     </span>
    </p>
   </div>
   <div class='ocr_carea' id='block_1_50' title="bbox 199 3577 1746 3650">
    <p class='ocr_par' dir='ltr' id='par_1_50' title="bbox 199 3577 1746 3650">
     <span class='ocr_line' id='line_1_50' title="bbox 199 3577 1746 3650; baseline -0.001 -16"><span class='ocrx_word' id='word_1_506' title='bbox 199 3579 255 3634; x_wconf 82' lang='lat'><strong>5.</strong></span> <span class='ocrx_word' id='word_1_507' title='bbox 288 3578 436 3650; x_wconf 82' lang='lat' dir='ltr'><strong>Lege</strong></span> <span class='ocrx_word' id='word_1_508' title='bbox 465 3586 692 3632; x_wconf 80' lang='lat' dir='ltr'><strong>cessante</strong></span> <span class='ocrx_word' id='word_1_509' title='bbox 717 3577 816 3632; x_wconf 85' lang='lat' dir='ltr'><strong>Dei</strong></span> <span class='ocrx_word' id='word_1_510' title='bbox 845 3577 1069 3632; x_wconf 80' lang='lat' dir='ltr'><strong>bonitate</strong></span> <span class='ocrx_word' id='word_1_511' title='bbox 1093 3579 1376 3638; x_wconf 79' lang='lat' dir='ltr'><strong>salvantur.</strong></span> <span class='ocrx_word' id='word_1_512' title='bbox 1395 3579 1659 3648; x_wconf 82' lang='lat' dir='ltr'><strong>—Atque</strong></span> <span class='ocrx_word' id='word_1_513' title='bbox 1687 3587 1746 3633; x_wconf 94' lang='lat' dir='ltr'><strong>ut</strong></span> 
     </span>
    </p>
   </div>
   <div class='ocr_carea' id='block_1_51' title="bbox 131 3671 1741 3740">
    <p class='ocr_par' dir='ltr' id='par_1_51' title="bbox 131 3671 1741 3740">
     <span class='ocr_line' id='line_1_51' title="bbox 131 3671 1741 3740; baseline 0.001 -15"><span class='ocrx_word' id='word_1_514' title='bbox 131 3671 457 3728; x_wconf 85' lang='lat' dir='ltr'><strong>ostenderet</strong></span> <span class='ocrx_word' id='word_1_515' title='bbox 486 3686 700 3727; x_wconf 90' lang='lat' dir='ltr'><strong>omnem</strong></span> <span class='ocrx_word' id='word_1_516' title='bbox 733 3687 913 3726; x_wconf 92' lang='lat' dir='ltr'><strong>rerum</strong></span> <span class='ocrx_word' id='word_1_517' title='bbox 945 3671 1292 3726; x_wconf 87' lang='lat' dir='ltr'><strong>efficientiam</strong></span> <span class='ocrx_word' id='word_1_518' title='bbox 1327 3672 1467 3727; x_wconf 92' lang='lat' dir='ltr'><strong>hanc</strong></span> <span class='ocrx_word' id='word_1_519' title='bbox 1503 3672 1741 3740; x_wconf 88' lang='lat' dir='ltr'><strong>speciem</strong></span> 
     </span>
    </p>
   </div>
   <div class='ocr_carea' id='block_1_52' title="bbox 132 3762 1742 3834">
    <p class='ocr_par' dir='ltr' id='par_1_52' title="bbox 132 3762 1742 3834">
     <span class='ocr_line' id='line_1_52' title="bbox 132 3762 1742 3834; baseline 0 -17"><span class='ocrx_word' id='word_1_520' title='bbox 132 3762 296 3820; x_wconf 87' lang='lat' dir='ltr'><strong>futuri</strong></span> <span class='ocrx_word' id='word_1_521' title='bbox 325 3765 515 3834; x_wconf 82' lang='lat' dir='ltr'><strong>operis</strong></span> <span class='ocrx_word' id='word_1_522' title='bbox 541 3764 822 3820; x_wconf 91' lang='lat' dir='ltr'><strong>continere</strong></span> <span class='ocrx_word' id='word_1_523' title='bbox 846 3803 860 3829; x_wconf 88' lang='lat'><strong>,</strong></span> <span class='ocrx_word' id='word_1_524' title='bbox 889 3763 1120 3834; x_wconf 88' lang='lat' dir='ltr'><strong>adjecit:</strong></span> <span class='ocrx_word' id='word_1_525' title='bbox 1153 3765 1214 3819; x_wconf 86' lang='lat' dir='ltr'><strong>Si</strong></span> <span class='ocrx_word' id='word_1_526' title='bbox 1235 3765 1368 3818; x_wconf 85' lang='lat' dir='ltr'><strong>enim</strong></span> <span class='ocrx_word' id='word_1_527' title='bbox 1396 3765 1592 3819; x_wconf 83' lang='lat' dir='ltr'><strong>sciretis</strong></span> <span class='ocrx_word' id='word_1_528' title='bbox 1616 3765 1742 3833; x_wconf 85' lang='lat' dir='ltr'><strong>quid</strong></span> 
     </span>
    </p>
   </div>
   <div class='ocr_carea' id='block_1_53' title="bbox 133 3856 1742 3927">
    <p class='ocr_par' dir='ltr' id='par_1_53' title="bbox 133 3856 1742 3927">
     <span class='ocr_line' id='line_1_53' title="bbox 133 3856 1742 3927; baseline 0.001 -18"><span class='ocrx_word' id='word_1_529' title='bbox 133 3867 235 3923; x_wconf 84' lang='lat' dir='ltr'><strong>est,</strong></span> <span class='ocrx_word' id='word_1_530' title='bbox 280 3856 700 3911; x_wconf 83' lang='lat' dir='ltr'><strong>Misericordiam</strong></span> <span class='ocrx_word' id='word_1_531' title='bbox 741 3859 890 3922; x_wconf 77' lang='lat' dir='ltr'><strong>t&#39;olo,</strong></span> <span class='ocrx_word' id='word_1_532' title='bbox 936 3874 1036 3911; x_wconf 88' lang='lat' dir='ltr'><strong>non</strong></span> <span class='ocrx_word' id='word_1_533' title='bbox 1075 3857 1426 3927; x_wconf 82' lang='lat' dir='ltr'><strong>sacri/icium;</strong></span> <span class='ocrx_word' id='word_1_534' title='bbox 1463 3875 1742 3927; x_wconf 84' lang='lat' dir='ltr'><strong>numquam</strong></span> 
     </span>
    </p>
   </div>
   <div class='ocr_carea' id='block_1_54' title="bbox 135 3948 1744 4019">
    <p class='ocr_par' dir='ltr' id='par_1_54' title="bbox 135 3948 1744 4019">
     <span class='ocr_line' id='line_1_54' title="bbox 135 3948 1744 4019; baseline 0.003 -19"><span class='ocrx_word' id='word_1_535' title='bbox 135 3949 572 4003; x_wconf 80' lang='lat' dir='ltr'><strong>condemnassetis</strong></span> <span class='ocrx_word' id='word_1_536' title='bbox 602 3950 890 4004; x_wconf 85' lang='lat' dir='ltr'><strong>innocentes</strong></span> <span class='ocrx_word' id='word_1_537' title='bbox 917 3948 1084 4019; x_wconf 85' lang='lat' dir='ltr'><strong>(Ibid.</strong></span> <span class='ocrx_word' id='word_1_538' title='bbox 1120 3951 1192 4018; x_wconf 87' lang='lat'><strong>7).</strong></span> <span class='ocrx_word' id='word_1_539' title='bbox 1225 3948 1373 4018; x_wconf 91' lang='lat' dir='ltr'><strong>Opus</strong></span> <span class='ocrx_word' id='word_1_540' title='bbox 1402 3950 1591 4004; x_wconf 90' lang='lat' dir='ltr'><strong>salutis</strong></span> <span class='ocrx_word' id='word_1_541' title='bbox 1619 3965 1744 4005; x_wconf 86' lang='lat' dir='ltr'><strong>nos-</strong></span> 
     </span>
    </p>
   </div>
   <div class='ocr_carea' id='block_1_55' title="bbox 134 4041 1744 4114">
    <p class='ocr_par' dir='ltr' id='par_1_55' title="bbox 134 4041 1744 4114">
     <span class='ocr_line' id='line_1_55' title="bbox 134 4041 1744 4114; baseline 0.003 -21"><span class='ocrx_word' id='word_1_542' title='bbox 134 4047 228 4094; x_wconf 73' lang='lat' dir='ltr'><strong>trze</strong></span> <span class='ocrx_word' id='word_1_543' title='bbox 257 4056 364 4096; x_wconf 91' lang='lat' dir='ltr'><strong>non</strong></span> <span class='ocrx_word' id='word_1_544' title='bbox 397 4042 446 4095; x_wconf 90' lang='lat' dir='ltr'><strong>iu</strong></span> <span class='ocrx_word' id='word_1_545' title='bbox 475 4041 765 4106; x_wconf 84' lang='lat' dir='ltr'><strong>sacrificio,</strong></span> <span class='ocrx_word' id='word_1_546' title='bbox 795 4041 891 4096; x_wconf 92' lang='lat' dir='ltr'><strong>sed</strong></span> <span class='ocrx_word' id='word_1_547' title='bbox 920 4043 970 4096; x_wconf 90' lang='lat' dir='ltr'><strong>in</strong></span> <span class='ocrx_word' id='word_1_548' title='bbox 1001 4041 1374 4096; x_wconf 79' lang='lat' dir='ltr'><strong>misericordia</strong></span> <span class='ocrx_word' id='word_1_549' title='bbox 1401 4054 1518 4098; x_wconf 91' lang='lat' dir='ltr'><strong>est:</strong></span> <span class='ocrx_word' id='word_1_550' title='bbox 1546 4051 1600 4098; x_wconf 92' lang='lat' dir='ltr'><strong>et</strong></span> <span class='ocrx_word' id='word_1_551' title='bbox 1625 4042 1744 4114; x_wconf 89' lang='lat' dir='ltr'><strong>lege</strong></span> 
     </span>
    </p>
   </div>
   <div class='ocr_carea' id='block_1_56' title="bbox 133 4133 1740 4206">
    <p class='ocr_par' dir='ltr' id='par_1_56' title="bbox 133 4133 1740 4206">
     <span class='ocr_line' id='line_1_56' title="bbox 133 4133 1740 4206; baseline 0.003 -21"><span class='ocrx_word' id='word_1_552' title='bbox 133 4145 387 4190; x_wconf 89' lang='lat' dir='ltr'><strong>cessante</strong></span> <span class='ocrx_word' id='word_1_553' title='bbox 407 4176 422 4200; x_wconf 94' lang='lat'><strong>,</strong></span> <span class='ocrx_word' id='word_1_554' title='bbox 449 4134 501 4188; x_wconf 92' lang='lat' dir='ltr'><strong>in</strong></span> <span class='ocrx_word' id='word_1_555' title='bbox 531 4134 626 4189; x_wconf 92' lang='lat' dir='ltr'><strong>Dei</strong></span> <span class='ocrx_word' id='word_1_556' title='bbox 655 4133 896 4190; x_wconf 87' lang='lat' dir='ltr'><strong>bonitate</strong></span> <span class='ocrx_word' id='word_1_557' title='bbox 923 4135 1216 4206; x_wconf 86' lang='lat' dir='ltr'><strong>salvamur.</strong></span> <span class='ocrx_word' id='word_1_558' title='bbox 1247 4135 1414 4204; x_wconf 91' lang='lat' dir='ltr'><strong>Cujus</strong></span> <span class='ocrx_word' id='word_1_559' title='bbox 1437 4137 1514 4191; x_wconf 92' lang='lat' dir='ltr'><strong>rei</strong></span> <span class='ocrx_word' id='word_1_560' title='bbox 1536 4135 1740 4191; x_wconf 90' lang='lat' dir='ltr'><strong>donum</strong></span> 
     </span>
    </p>
   </div>
   <div class='ocr_carea' id='block_1_57' title="bbox 136 4224 1743 4298">
    <p class='ocr_par' dir='ltr' id='par_1_57' title="bbox 136 4224 1743 4298">
     <span class='ocr_line' id='line_1_57' title="bbox 136 4224 1743 4298; baseline 0.005 -21"><span class='ocrx_word' id='word_1_561' title='bbox 136 4224 179 4278; x_wconf 88' lang='lat' dir='ltr'><strong>si</strong></span> <span class='ocrx_word' id='word_1_562' title='bbox 212 4226 647 4294; x_wconf 77' lang='lat' dir='ltr'><strong>intellexissent,</strong></span> <span class='ocrx_word' id='word_1_563' title='bbox 682 4243 971 4298; x_wconf 87' lang='lat' dir='ltr'><strong>numquam</strong></span> <span class='ocrx_word' id='word_1_564' title='bbox 1000 4228 1458 4284; x_wconf 89' lang='lat' dir='ltr'><strong>condemnassent</strong></span> <span class='ocrx_word' id='word_1_565' title='bbox 1486 4229 1743 4285; x_wconf 85' lang='lat' dir='ltr'><strong>innocen-</strong></span> 
     </span>
    </p>
   </div>
   <div class='ocr_carea' id='block_1_58' title="bbox 137 4319 1742 4390">
    <p class='ocr_par' dir='ltr' id='par_1_58' title="bbox 137 4319 1742 4390">
     <span class='ocr_line' id='line_1_58' title="bbox 137 4319 1742 4390; baseline 0.003 -19"><span class='ocrx_word' id='word_1_566' title='bbox 137 4323 237 4383; x_wconf 89' lang='lat' dir='ltr'><strong>tes,</strong></span> <span class='ocrx_word' id='word_1_567' title='bbox 269 4319 322 4372; x_wconf 89' lang='lat' dir='ltr'><strong>id</strong></span> <span class='ocrx_word' id='word_1_568' title='bbox 350 4329 457 4384; x_wconf 87' lang='lat' dir='ltr'><strong>est,</strong></span> <span class='ocrx_word' id='word_1_569' title='bbox 488 4319 761 4389; x_wconf 84' lang='lat' dir='ltr'><strong>apostolos</strong></span> <span class='ocrx_word' id='word_1_570' title='bbox 790 4343 802 4372; x_wconf 86' lang='lat'><strong><em>:</em></strong></span> <span class='ocrx_word' id='word_1_571' title='bbox 829 4333 966 4390; x_wconf 86' lang='lat' dir='ltr'><strong>quos</strong></span> <span class='ocrx_word' id='word_1_572' title='bbox 992 4319 1355 4376; x_wconf 90' lang='lat' dir='ltr'><strong>insimulatnri</strong></span> <span class='ocrx_word' id='word_1_573' title='bbox 1379 4331 1534 4376; x_wconf 92' lang='lat' dir='ltr'><strong>erant</strong></span> <span class='ocrx_word' id='word_1_574' title='bbox 1564 4331 1742 4376; x_wconf 89' lang='lat' dir='ltr'><strong>trans-</strong></span> 
     </span>
    </p>
   </div>
   <div class='ocr_carea' id='block_1_59' title="bbox 137 4411 1743 4482">
    <p class='ocr_par' dir='ltr' id='par_1_59' title="bbox 137 4411 1743 4482">
     <span class='ocr_line' id='line_1_59' title="bbox 137 4411 1743 4482; baseline 0.004 -20"><span class='ocrx_word' id='word_1_575' title='bbox 137 4424 336 4478; x_wconf 70' lang='lat' dir='ltr'><strong>gressa:</strong></span> <span class='ocrx_word' id='word_1_576' title='bbox 388 4412 522 4482; x_wconf 80' lang='lat' dir='ltr'><strong>legis</strong></span> <span class='ocrx_word' id='word_1_577' title='bbox 571 4412 814 4477; x_wconf 84' lang='lat' dir='ltr'><strong>invidia,</strong></span> <span class='ocrx_word' id='word_1_578' title='bbox 863 4427 984 4467; x_wconf 91' lang='lat' dir='ltr'><strong>cum</strong></span> <span class='ocrx_word' id='word_1_579' title='bbox 1034 4411 1423 4467; x_wconf 87' lang='lat' dir='ltr'><strong>sacrificiorqu</strong></span> <span class='ocrx_word' id='word_1_580' title='bbox 1472 4423 1743 4470; x_wconf 86' lang='lat' dir='ltr'><strong>vetustate</strong></span> 
     </span>
    </p>
   </div>
   <div class='ocr_carea' id='block_1_60' title="bbox 137 4505 1733 4576">
    <p class='ocr_par' dir='ltr' id='par_1_60' title="bbox 137 4505 1733 4576">
     <span class='ocr_line' id='line_1_60' title="bbox 137 4505 1733 4576; baseline 0.004 -22"><span class='ocrx_word' id='word_1_581' title='bbox 137 4513 382 4560; x_wconf 89' lang='lat' dir='ltr'><strong>cessante</strong></span> <span class='ocrx_word' id='word_1_582' title='bbox 402 4505 672 4560; x_wconf 85' lang='lat' dir='ltr'><strong>universis</strong></span> <span class='ocrx_word' id='word_1_583' title='bbox 699 4519 799 4576; x_wconf 91' lang='lat' dir='ltr'><strong>per</strong></span> <span class='ocrx_word' id='word_1_584' title='bbox 827 4520 922 4559; x_wconf 90' lang='lat' dir='ltr'><strong>eos</strong></span> <span class='ocrx_word' id='word_1_585' title='bbox 951 4505 1340 4560; x_wconf 78' lang='lat' dir='ltr'><strong>misericordia:</strong></span> <span class='ocrx_word' id='word_1_586' title='bbox 1371 4509 1579 4561; x_wconf 92' lang='lat' dir='ltr'><strong>novitas</strong></span> <span class='ocrx_word' id='word_1_587' title='bbox 1606 4508 1733 4562; x_wconf 87' lang='lat' dir='ltr'><strong>sub-</strong></span> 
     </span>
    </p>
   </div>
   <div class='ocr_carea' id='block_1_61' title="bbox 1848 3300 3448 3372">
    <p class='ocr_par' dir='ltr' id='par_1_61' title="bbox 1848 3300 3448 3372">
     <span class='ocr_line' id='line_1_61' title="bbox 1848 3300 3448 3372; baseline 0.007 -19"><span class='ocrx_word' id='word_1_588' title='bbox 1848 3307 2026 3354; x_wconf 90' lang='lat' dir='ltr'><strong>sunt:</strong></span> <span class='ocrx_word' id='word_1_589' title='bbox 2080 3300 2148 3356; x_wconf 88' lang='lat' dir='ltr'><strong>ab</strong></span> <span class='ocrx_word' id='word_1_590' title='bbox 2193 3301 2500 3356; x_wconf 89' lang='lat' dir='ltr'><strong>infidelibus</strong></span> <span class='ocrx_word' id='word_1_591' title='bbox 2546 3302 2802 3358; x_wconf 88' lang='lat' dir='ltr'><strong>videlicet</strong></span> <span class='ocrx_word' id='word_1_592' title='bbox 2855 3306 3154 3372; x_wconf 90' lang='lat' dir='ltr'><strong>recedenti,</strong></span> <span class='ocrx_word' id='word_1_593' title='bbox 3207 3307 3448 3364; x_wconf 87' lang='lat' dir='ltr'><strong>fidelium</strong></span> 
     </span>
    </p>
   </div>
   <div class='ocr_carea' id='block_1_62' title="bbox 1847 3393 2388 3449">
    <p class='ocr_par' dir='ltr' id='par_1_62' title="bbox 1847 3393 2388 3449">
     <span class='ocr_line' id='line_1_62' title="bbox 1847 3393 2388 3449; baseline 0 -3"><span class='ocrx_word' id='word_1_594' title='bbox 1847 3393 2139 3447; x_wconf 90' lang='lat' dir='ltr'><strong>comitatus</strong></span> <span class='ocrx_word' id='word_1_595' title='bbox 2162 3394 2388 3449; x_wconf 90' lang='lat' dir='ltr'><strong>assistit.</strong></span> 
     </span>
    </p>
   </div>
   <div class='ocr_carea' id='block_1_63' title="bbox 1919 3481 3445 3561">
    <p class='ocr_par' dir='ltr' id='par_1_63' title="bbox 1919 3481 3445 3561">
     <span class='ocr_line' id='line_1_63' title="bbox 1919 3481 3445 3561; baseline 0.007 -23"><span class='ocrx_word' id='word_1_596' title='bbox 1919 3482 1971 3538; x_wconf 90' lang='lat'><strong>9.</strong></span> <span class='ocrx_word' id='word_1_597' title='bbox 2024 3481 2130 3538; x_wconf 86' lang='lat' dir='ltr'><strong>Cur</strong></span> <span class='ocrx_word' id='word_1_598' title='bbox 2157 3487 2351 3542; x_wconf 86' lang='lat' dir='ltr'><strong>sanatis</strong></span> <span class='ocrx_word' id='word_1_599' title='bbox 2380 3488 2640 3543; x_wconf 85' lang='lat' dir='ltr'><strong>silentium</strong></span> <span class='ocrx_word' id='word_1_600' title='bbox 2681 3490 2745 3544; x_wconf 83' lang='lat' dir='ltr'><strong>de</strong></span> <span class='ocrx_word' id='word_1_601' title='bbox 2783 3507 2838 3546; x_wconf 90' lang='lat' dir='ltr'><strong>se</strong></span> <span class='ocrx_word' id='word_1_602' title='bbox 2866 3491 3045 3561; x_wconf 84' lang='lat' dir='ltr'><strong>jubeat</strong></span> <span class='ocrx_word' id='word_1_603' title='bbox 3089 3493 3344 3548; x_wconf 87' lang='lat' dir='ltr'><strong>Christus.</strong></span> <span class='ocrx_word' id='word_1_604' title='bbox 3372 3526 3445 3537; x_wconf 89' lang='lat'><strong><em>—</em></strong></span> 
     </span>
    </p>
   </div>
   <div class='ocr_carea' id='block_1_64' title="bbox 1846 3576 3444 3662">
    <p class='ocr_par' dir='ltr' id='par_1_64' title="bbox 1846 3576 3444 3662">
     <span class='ocr_line' id='line_1_64' title="bbox 1846 3576 3444 3662; baseline 0.009 -31"><span class='ocrx_word' id='word_1_605' title='bbox 1846 3576 1942 3632; x_wconf 86' lang='lat' dir='ltr'><strong>His</strong></span> <span class='ocrx_word' id='word_1_606' title='bbox 1971 3593 2119 3644; x_wconf 90' lang='lat' dir='ltr'><strong>vero,</strong></span> <span class='ocrx_word' id='word_1_607' title='bbox 2154 3594 2293 3649; x_wconf 88' lang='lat' dir='ltr'><strong>quos</strong></span> <span class='ocrx_word' id='word_1_608' title='bbox 2319 3590 2494 3644; x_wconf 89' lang='lat' dir='ltr'><strong>curat,</strong></span> <span class='ocrx_word' id='word_1_609' title='bbox 2529 3581 2801 3637; x_wconf 87' lang='lat' dir='ltr'><strong>silentium</strong></span> <span class='ocrx_word' id='word_1_610' title='bbox 2823 3584 3112 3654; x_wconf 86' lang='lat' dir='ltr'><strong>imperavit</strong></span> <span class='ocrx_word' id='word_1_611' title='bbox 3143 3586 3305 3654; x_wconf 89' lang='lat' dir='ltr'><strong>(Ibid.</strong></span> <span class='ocrx_word' id='word_1_612' title='bbox 3335 3588 3444 3662; x_wconf 73' lang='grc'><strong>16).</strong></span> 
     </span>
    </p>
   </div>
   <div class='ocr_carea' id='block_1_65' title="bbox 1847 3668 3444 3745">
    <p class='ocr_par' dir='ltr' id='par_1_65' title="bbox 1847 3668 3444 3745">
     <span class='ocr_line' id='line_1_65' title="bbox 1847 3668 3444 3745; baseline 0.007 -20"><span class='ocrx_word' id='word_1_613' title='bbox 1847 3668 1955 3725; x_wconf 87' lang='lat' dir='ltr'><strong>Sed</strong></span> <span class='ocrx_word' id='word_1_614' title='bbox 1985 3671 2245 3740; x_wconf 89' lang='lat' dir='ltr'><strong>numquid</strong></span> <span class='ocrx_word' id='word_1_615' title='bbox 2275 3673 2574 3727; x_wconf 89' lang='lat' dir='ltr'><strong>curationis</strong></span> <span class='ocrx_word' id='word_1_616' title='bbox 2607 3674 2942 3730; x_wconf 85' lang='lat' dir='ltr'><strong>taciturnitas</strong></span> <span class='ocrx_word' id='word_1_617' title='bbox 2962 3676 3286 3745; x_wconf 86' lang='lat' dir='ltr'><strong>jubebatur?</strong></span> <span class='ocrx_word' id='word_1_618' title='bbox 3327 3680 3444 3736; x_wconf 85' lang='lat' dir='ltr'><strong>Non</strong></span> 
     </span>
    </p>
   </div>
   <div class='ocr_carea' id='block_1_66' title="bbox 1846 3763 3446 3842">
    <p class='ocr_par' dir='ltr' id='par_1_66' title="bbox 1846 3763 3446 3842">
     <span class='ocr_line' id='line_1_66' title="bbox 1846 3763 3446 3842; baseline 0.008 -26"><span class='ocrx_word' id='word_1_619' title='bbox 1846 3763 2070 3832; x_wconf 89' lang='lat' dir='ltr'><strong>utique;</strong></span> <span class='ocrx_word' id='word_1_620' title='bbox 2118 3780 2240 3818; x_wconf 89' lang='lat' dir='ltr'><strong>nam</strong></span> <span class='ocrx_word' id='word_1_621' title='bbox 2272 3764 2418 3818; x_wconf 84' lang='lat' dir='ltr'><strong>salus</strong></span> <span class='ocrx_word' id='word_1_622' title='bbox 2446 3767 2733 3836; x_wconf 88' lang='lat' dir='ltr'><strong>unicuique</strong></span> <span class='ocrx_word' id='word_1_623' title='bbox 2765 3767 2969 3822; x_wconf 89' lang='lat' dir='ltr'><strong>reddita</strong></span> <span class='ocrx_word' id='word_1_624' title='bbox 3000 3811 3014 3835; x_wconf 92' lang='lat'><strong>,</strong></span> <span class='ocrx_word' id='word_1_625' title='bbox 3042 3781 3158 3824; x_wconf 87' lang='lat' dir='ltr'><strong>crat</strong></span> <span class='ocrx_word' id='word_1_626' title='bbox 3198 3771 3297 3826; x_wconf 90' lang='lat' dir='ltr'><strong>sibi</strong></span> <span class='ocrx_word' id='word_1_627' title='bbox 3331 3773 3446 3842; x_wconf 89' lang='lat' dir='ltr'><strong>ipsa</strong></span> 
     </span>
    </p>
   </div>
   <div class='ocr_carea' id='block_1_67' title="bbox 1847 3855 3447 3935">
    <p class='ocr_par' dir='ltr' id='par_1_67' title="bbox 1847 3855 3447 3935">
     <span class='ocr_line' id='line_1_67' title="bbox 1847 3855 3447 3935; baseline 0.006 -25"><span class='ocrx_word' id='word_1_628' title='bbox 1847 3856 2020 3910; x_wconf 86' lang='lat' dir='ltr'><strong>testis.</strong></span> <span class='ocrx_word' id='word_1_629' title='bbox 2054 3855 2158 3910; x_wconf 91' lang='lat' dir='ltr'><strong>Sed</strong></span> <span class='ocrx_word' id='word_1_630' title='bbox 2188 3856 2430 3926; x_wconf 89' lang='lat' dir='ltr'><strong>jubendo</strong></span> <span class='ocrx_word' id='word_1_631' title='bbox 2459 3869 2751 3924; x_wconf 89' lang='lat' dir='ltr'><strong>secretum,</strong></span> <span class='ocrx_word' id='word_1_632' title='bbox 2784 3869 2838 3914; x_wconf 91' lang='lat' dir='ltr'><strong>et</strong></span> <span class='ocrx_word' id='word_1_633' title='bbox 2863 3860 3126 3929; x_wconf 85' lang='lat' dir='ltr'><strong>gloriandi</strong></span> <span class='ocrx_word' id='word_1_634' title='bbox 3155 3863 3222 3918; x_wconf 87' lang='lat' dir='ltr'><strong>de</strong></span> <span class='ocrx_word' id='word_1_635' title='bbox 3249 3878 3309 3918; x_wconf 90' lang='lat' dir='ltr'><strong>se</strong></span> <span class='ocrx_word' id='word_1_636' title='bbox 3333 3864 3447 3935; x_wconf 86' lang='lat' dir='ltr'><strong>jac-</strong></span> 
     </span>
    </p>
   </div>
   <div class='ocr_carea' id='block_1_68' title="bbox 1847 3948 3444 4023">
    <p class='ocr_par' dir='ltr' id='par_1_68' title="bbox 1847 3948 3444 4023">
     <span class='ocr_line' id='line_1_68' title="bbox 1847 3948 3444 4023; baseline 0.006 -21"><span class='ocrx_word' id='word_1_637' title='bbox 1847 3948 2066 4002; x_wconf 86' lang='lat' dir='ltr'><strong>tantiam</strong></span> <span class='ocrx_word' id='word_1_638' title='bbox 2117 3949 2390 4015; x_wconf 89' lang='lat' dir='ltr'><strong>declinat,</strong></span> <span class='ocrx_word' id='word_1_639' title='bbox 2455 3961 2509 4006; x_wconf 92' lang='lat' dir='ltr'><strong>et</strong></span> <span class='ocrx_word' id='word_1_640' title='bbox 2567 3951 2915 4006; x_wconf 90' lang='lat' dir='ltr'><strong>nihilominus</strong></span> <span class='ocrx_word' id='word_1_641' title='bbox 2959 3955 3320 4023; x_wconf 91' lang='lat' dir='ltr'><strong>cognitionem</strong></span> <span class='ocrx_word' id='word_1_642' title='bbox 3363 3957 3444 4011; x_wconf 90' lang='lat' dir='ltr'><strong>sui</strong></span> 
     </span>
    </p>
   </div>
   <div class='ocr_carea' id='block_1_69' title="bbox 1847 4040 3443 4117">
    <p class='ocr_par' dir='ltr' id='par_1_69' title="bbox 1847 4040 3443 4117">
     <span class='ocr_line' id='line_1_69' title="bbox 1847 4040 3443 4117; baseline 0.006 -24"><span class='ocrx_word' id='word_1_643' title='bbox 1847 4049 2066 4110; x_wconf 71' lang='lat' dir='ltr'><strong>praestat</strong></span> <span class='ocrx_word' id='word_1_644' title='bbox 2099 4041 2151 4094; x_wconf 88' lang='lat' dir='ltr'><strong>in</strong></span> <span class='ocrx_word' id='word_1_645' title='bbox 2179 4055 2244 4096; x_wconf 89' lang='lat' dir='ltr'><strong>eo</strong></span> <span class='ocrx_word' id='word_1_646' title='bbox 2274 4041 2414 4110; x_wconf 89' lang='lat' dir='ltr'><strong>ipso,</strong></span> <span class='ocrx_word' id='word_1_647' title='bbox 2444 4040 2572 4096; x_wconf 91' lang='lat' dir='ltr'><strong>dum</strong></span> <span class='ocrx_word' id='word_1_648' title='bbox 2606 4042 2862 4098; x_wconf 87' lang='lat' dir='ltr'><strong>admonet</strong></span> <span class='ocrx_word' id='word_1_649' title='bbox 2885 4043 2954 4099; x_wconf 90' lang='lat' dir='ltr'><strong>de</strong></span> <span class='ocrx_word' id='word_1_650' title='bbox 2983 4059 3042 4098; x_wconf 91' lang='lat' dir='ltr'><strong>sc</strong></span> <span class='ocrx_word' id='word_1_651' title='bbox 3075 4048 3271 4112; x_wconf 88' lang='lat' dir='ltr'><strong>taceri;</strong></span> <span class='ocrx_word' id='word_1_652' title='bbox 3317 4049 3443 4117; x_wconf 90' lang='lat' dir='ltr'><strong>quia</strong></span> 
     </span>
    </p>
   </div>
   <div class='ocr_carea' id='block_1_70' title="bbox 1846 4133 3444 4208">
    <p class='ocr_par' dir='ltr' id='par_1_70' title="bbox 1846 4133 3444 4208">
     <span class='ocr_line' id='line_1_70' title="bbox 1846 4133 3444 4208; baseline 0.004 -20"><span class='ocrx_word' id='word_1_653' title='bbox 1846 4133 2187 4188; x_wconf 85' lang='lat' dir='ltr'><strong>observantia</strong></span> <span class='ocrx_word' id='word_1_654' title='bbox 2236 4133 2435 4188; x_wconf 87' lang='lat' dir='ltr'><strong>silentii</strong></span> <span class='ocrx_word' id='word_1_655' title='bbox 2483 4149 2548 4188; x_wconf 78' lang='lat' dir='ltr'><strong>ex</strong></span> <span class='ocrx_word' id='word_1_656' title='bbox 2593 4149 2654 4189; x_wconf 91' lang='lat' dir='ltr'><strong>re</strong></span> <span class='ocrx_word' id='word_1_657' title='bbox 2691 4149 2810 4204; x_wconf 68' lang='lat' dir='ltr'><strong>qute</strong></span> <span class='ocrx_word' id='word_1_658' title='bbox 2857 4137 2928 4191; x_wconf 76' lang='lat' dir='ltr'><strong>sit</strong></span> <span class='ocrx_word' id='word_1_659' title='bbox 2964 4137 3171 4192; x_wconf 87' lang='lat' dir='ltr'><strong>silenda</strong></span> <span class='ocrx_word' id='word_1_660' title='bbox 3202 4141 3444 4208; x_wconf 82' lang='lat' dir='ltr'><strong>proﬁcis-</strong></span> 
     </span>
    </p>
   </div>
   <div class='ocr_carea' id='block_1_71' title="bbox 1845 4226 2006 4279">
    <p class='ocr_par' dir='ltr' id='par_1_71' title="bbox 1845 4226 2006 4279">
     <span class='ocr_line' id='line_1_71' title="bbox 1845 4226 2006 4279; baseline -0.006 0"><span class='ocrx_word' id='word_1_661' title='bbox 1845 4226 2006 4279; x_wconf 91' lang='lat' dir='ltr'><strong>citur.</strong></span> 
     </span>
    </p>
   </div>
   <div class='ocr_carea' id='block_1_72' title="bbox 1921 4317 3444 4391">
    <p class='ocr_par' dir='ltr' id='par_1_72' title="bbox 1921 4317 3444 4391">
     <span class='ocr_line' id='line_1_72' title="bbox 1921 4317 3444 4391; baseline 0.002 -18"><span class='ocrx_word' id='word_1_662' title='bbox 1921 4318 2008 4373; x_wconf 82' lang='grc'><strong>10.</strong></span> <span class='ocrx_word' id='word_1_663' title='bbox 2045 4317 2147 4386; x_wconf 84' lang='lat' dir='ltr'><strong>Qui</strong></span> <span class='ocrx_word' id='word_1_664' title='bbox 2189 4318 2492 4372; x_wconf 84' lang='lat' dir='ltr'><strong>arundinem</strong></span> <span class='ocrx_word' id='word_1_665' title='bbox 2517 4328 2811 4388; x_wconf 84' lang='lat' dir='ltr'><strong>quassatam</strong></span> <span class='ocrx_word' id='word_1_666' title='bbox 2843 4336 2943 4373; x_wconf 87' lang='lat' dir='ltr'><strong>non</strong></span> <span class='ocrx_word' id='word_1_667' title='bbox 2984 4324 3210 4391; x_wconf 73' lang='lat' dir='ltr'><strong>frangat.</strong></span> <span class='ocrx_word' id='word_1_668' title='bbox 3247 4320 3348 4386; x_wconf 85' lang='lat' dir='ltr'><strong>Qui</strong></span> <span class='ocrx_word' id='word_1_669' title='bbox 3377 4323 3444 4376; x_wconf 83' lang='lat' dir='ltr'><strong>li-</strong></span> 
     </span>
    </p>
   </div>
   <div class='ocr_carea' id='block_1_73' title="bbox 1844 4411 3442 4483">
    <p class='ocr_par' dir='ltr' id='par_1_73' title="bbox 1844 4411 3442 4483">
     <span class='ocr_line' id='line_1_73' title="bbox 1844 4411 3442 4483; baseline 0.003 -19"><span class='ocrx_word' id='word_1_670' title='bbox 1844 4427 1967 4464; x_wconf 86' lang='lat' dir='ltr'><strong>num</strong></span> <span class='ocrx_word' id='word_1_671' title='bbox 1997 4413 2257 4482; x_wconf 79' lang='lat' dir='ltr'><strong>fumigans</strong></span> <span class='ocrx_word' id='word_1_672' title='bbox 2287 4427 2389 4464; x_wconf 88' lang='lat' dir='ltr'><strong>non</strong></span> <span class='ocrx_word' id='word_1_673' title='bbox 2411 4412 2718 4483; x_wconf 78' lang='lat' dir='ltr'><strong>exstinguat.</strong></span> <span class='ocrx_word' id='word_1_674' title='bbox 2744 4441 2815 4451; x_wconf 91' lang='lat'><strong>—-</strong></span> <span class='ocrx_word' id='word_1_675' title='bbox 2837 4411 2974 4479; x_wconf 89' lang='lat' dir='ltr'><strong>Quin</strong></span> <span class='ocrx_word' id='word_1_676' title='bbox 3002 4412 3161 4467; x_wconf 87' lang='lat' dir='ltr'><strong>etiam</strong></span> <span class='ocrx_word' id='word_1_677' title='bbox 3187 4429 3280 4482; x_wconf 87' lang='lat' dir='ltr'><strong>per</strong></span> <span class='ocrx_word' id='word_1_678' title='bbox 3303 4412 3442 4469; x_wconf 82' lang='lat' dir='ltr'><strong>hanc</strong></span> 
     </span>
    </p>
   </div>
   <div class='ocr_carea' id='block_1_74' title="bbox 1845 4503 3442 4574">
    <p class='ocr_par' dir='ltr' id='par_1_74' title="bbox 1845 4503 3442 4574">
     <span class='ocr_line' id='line_1_74' title="bbox 1845 4503 3442 4574; baseline 0.002 -16"><span class='ocrx_word' id='word_1_679' title='bbox 1845 4504 2056 4558; x_wconf 87' lang='lat' dir='ltr'><strong>tacendi</strong></span> <span class='ocrx_word' id='word_1_680' title='bbox 2086 4504 2156 4560; x_wconf 90' lang='lat' dir='ltr'><strong>de</strong></span> <span class='ocrx_word' id='word_1_681' title='bbox 2177 4519 2234 4559; x_wconf 86' lang='lat' dir='ltr'><strong>se</strong></span> <span class='ocrx_word' id='word_1_682' title='bbox 2257 4504 2609 4566; x_wconf 90' lang='lat' dir='ltr'><strong>voluntatem,</strong></span> <span class='ocrx_word' id='word_1_683' title='bbox 2634 4503 2900 4558; x_wconf 86' lang='lat' dir='ltr'><strong>dictorum</strong></span> <span class='ocrx_word' id='word_1_684' title='bbox 2928 4520 3025 4574; x_wconf 91' lang='lat' dir='ltr'><strong>per</strong></span> <span class='ocrx_word' id='word_1_685' title='bbox 3047 4505 3257 4559; x_wconf 88' lang='lat' dir='ltr'><strong>Esaiam</strong></span> <span class='ocrx_word' id='word_1_686' title='bbox 3280 4505 3442 4561; x_wconf 86' lang='lat' dir='ltr'><strong>efl&#39;ec-</strong></span> 
     </span>
    </p>
   </div>
   <div class='ocr_carea' id='block_1_75' title="bbox 139 4587 3439 4669">
    <p class='ocr_par' dir='ltr' id='par_1_75' title="bbox 139 4587 3439 4669">
     <span class='ocr_line' id='line_1_75' title="bbox 139 4587 3439 4669; baseline 0.002 -20"><span class='ocrx_word' id='word_1_687' title='bbox 139 4598 386 4664; x_wconf 85' lang='lat' dir='ltr'><strong>veniret;</strong></span> <span class='ocrx_word' id='word_1_688' title='bbox 416 4612 591 4668; x_wconf 91' lang='lat' dir='ltr'><strong>neque</strong></span> <span class='ocrx_word' id='word_1_689' title='bbox 614 4598 1020 4652; x_wconf 77' lang='lat' dir='ltr'><strong>existimassem</strong></span> <span class='ocrx_word' id='word_1_690' title='bbox 1046 4596 1255 4653; x_wconf 89' lang='lat' dir='ltr'><strong>sabbati</strong></span> <span class='ocrx_word' id='word_1_691' title='bbox 1286 4598 1603 4669; x_wconf 75' lang='lat' dir='ltr'><strong>pra-scripto</strong></span> <span class='ocrx_word' id='word_1_692' title='bbox 1635 4600 1733 4653; x_wconf 75' lang='lat' dir='ltr'><strong>Do.</strong></span> <span class='ocrx_word' id='word_1_693' title='bbox 1760 4587 1814 4646; x_wconf 90' lang='lat' dir='ltr'><strong>D</strong></span> <span class='ocrx_word' id='word_1_694' title='bbox 1844 4605 1929 4650; x_wconf 91' lang='lat' dir='ltr'><strong>tus</strong></span> <span class='ocrx_word' id='word_1_695' title='bbox 1959 4595 2209 4666; x_wconf 90' lang='lat' dir='ltr'><strong>impletur</strong></span> <span class='ocrx_word' id='word_1_696' title='bbox 2236 4593 2418 4666; x_wconf 82' lang='lat' dir='ltr'><strong>(Ibid.</strong></span> <span class='ocrx_word' id='word_1_697' title='bbox 2449 4595 2550 4659; x_wconf 74' lang='lat' dir='ltr'><strong>i7;</strong></span> <span class='ocrx_word' id='word_1_698' title='bbox 2587 4593 2728 4648; x_wconf 74' lang='grc' dir='ltr'><strong>Εεαέι</strong></span> <span class='ocrx_word' id='word_1_699' title='bbox 2761 4609 2869 4650; x_wconf 77' lang='lat' dir='ltr'><strong>XLII</strong></span> <span class='ocrx_word' id='word_1_700' title='bbox 2893 4637 2906 4660; x_wconf 73' lang='grc' dir='ltr'><strong><em>ι</em></strong></span> <span class='ocrx_word' id='word_1_701' title='bbox 2955 4596 2980 4649; x_wconf 77' lang='grc'><strong>1</strong></span> <span class='ocrx_word' id='word_1_702' title='bbox 3016 4604 3062 4648; x_wconf 68' lang='grc' dir='ltr'><strong>ει</strong></span> <span class='ocrx_word' id='word_1_703' title='bbox 3115 4613 3252 4668; x_wconf 69' lang='lat' dir='ltr'><strong>seqq.</strong></span> <span class='ocrx_word' id='word_1_704' title='bbox 3281 4597 3300 4668; x_wconf 92' lang='lat'><strong>)</strong></span> <span class='ocrx_word' id='word_1_705' title='bbox 3326 4615 3337 4650; x_wconf 89' lang='lat'>:</span> <span class='ocrx_word' id='word_1_706' title='bbox 3371 4597 3439 4654; x_wconf 89' lang='lat' dir='ltr'><strong>de</strong></span> 
     </span>
    </p>
   </div>
   <div class='ocr_carea' id='block_1_76' title="bbox 137 4687 1736 4762">
    <p class='ocr_par' dir='ltr' id='par_1_76' title="bbox 137 4687 1736 4762">
     <span class='ocr_line' id='line_1_76' title="bbox 137 4687 1736 4762; baseline 0.004 -22"><span class='ocrx_word' id='word_1_707' title='bbox 137 4687 338 4744; x_wconf 88' lang='lat' dir='ltr'><strong>miuum</strong></span> <span class='ocrx_word' id='word_1_708' title='bbox 369 4688 582 4747; x_wconf 80' lang='lat' dir='ltr'><strong>sabbati</strong></span> <span class='ocrx_word' id='word_1_709' title='bbox 611 4690 902 4747; x_wconf 86' lang='lat' dir='ltr'><strong>contineri.</strong></span> <span class='ocrx_word' id='word_1_710' title='bbox 936 4689 1064 4745; x_wconf 69' lang='lat' dir='ltr'><strong>llaec</strong></span> <span class='ocrx_word' id='word_1_711' title='bbox 1093 4690 1146 4745; x_wconf 92' lang='lat' dir='ltr'><strong>in</strong></span> <span class='ocrx_word' id='word_1_712' title='bbox 1176 4706 1367 4762; x_wconf 87' lang='lat' dir='ltr'><strong>campo</strong></span> <span class='ocrx_word' id='word_1_713' title='bbox 1393 4691 1533 4746; x_wconf 91' lang='lat' dir='ltr'><strong>dicta</strong></span> <span class='ocrx_word' id='word_1_714' title='bbox 1559 4700 1736 4762; x_wconf 84' lang='lat' dir='ltr'><strong>gesta-</strong></span> 
     </span>
    </p>
   </div>
   <div class='ocr_carea' id='block_1_77' title="bbox 139 4793 420 4850">
    <p class='ocr_par' dir='ltr' id='par_1_77' title="bbox 139 4793 420 4850">
     <span class='ocr_line' id='line_1_77' title="bbox 139 4793 420 4850; baseline 0.018 -16"><span class='ocrx_word' id='word_1_715' title='bbox 139 4795 242 4850; x_wconf 87' lang='lat' dir='ltr'><strong>que</strong></span> <span class='ocrx_word' id='word_1_716' title='bbox 271 4793 420 4839; x_wconf 88' lang='lat' dir='ltr'><strong>sunt.</strong></span> 
     </span>
    </p>
   </div>
   <div class='ocr_carea' id='block_1_78' title="bbox 206 4875 1738 4964">
    <p class='ocr_par' dir='ltr' id='par_1_78' title="bbox 206 4875 1738 4964">
     <span class='ocr_line' id='line_1_78' title="bbox 206 4875 1738 4964; baseline 0.005 -34"><span class='ocrx_word' id='word_1_717' title='bbox 206 4875 258 4930; x_wconf 84' lang='lat'><strong>6.</strong></span> <span class='ocrx_word' id='word_1_718' title='bbox 295 4877 471 4934; x_wconf 80' lang='lat' dir='ltr'><strong>Mauri</strong></span> <span class='ocrx_word' id='word_1_719' title='bbox 512 4880 730 4935; x_wconf 84' lang='lat' dir='ltr'><strong>curatio.</strong></span> <span class='ocrx_word' id='word_1_720' title='bbox 754 4880 912 4936; x_wconf 86' lang='lat' dir='ltr'><strong>—Et</strong></span> <span class='ocrx_word' id='word_1_721' title='bbox 951 4888 1074 4952; x_wconf 89' lang='lat' dir='ltr'><strong>post</strong></span> <span class='ocrx_word' id='word_1_722' title='bbox 1115 4880 1232 4964; x_wconf 76' lang='lat' dir='ltr'><strong>lucc</strong></span> <span class='ocrx_word' id='word_1_723' title='bbox 1278 4897 1605 4954; x_wconf 85' lang='lat' dir='ltr'><strong>synagogam</strong></span> <span class='ocrx_word' id='word_1_724' title='bbox 1653 4883 1738 4938; x_wconf 83' lang='lat' dir='ltr'><strong>iu-</strong></span> 
     </span>
    </p>
   </div>
   <div class='ocr_carea' id='block_1_79' title="bbox 138 4970 1740 5046">
    <p class='ocr_par' dir='ltr' id='par_1_79' title="bbox 138 4970 1740 5046">
     <span class='ocr_line' id='line_1_79' title="bbox 138 4970 1740 5046; baseline 0.007 -27"><span class='ocrx_word' id='word_1_725' title='bbox 138 4979 322 5034; x_wconf 83' lang='lat' dir='ltr'><strong>gresso</strong></span> <span class='ocrx_word' id='word_1_726' title='bbox 362 4970 636 5027; x_wconf 87' lang='lat' dir='ltr'><strong>hominem</strong></span> <span class='ocrx_word' id='word_1_727' title='bbox 676 4971 843 5028; x_wconf 87' lang='lat' dir='ltr'><strong>aridae</strong></span> <span class='ocrx_word' id='word_1_728' title='bbox 873 4986 1067 5028; x_wconf 91' lang='lat' dir='ltr'><strong>manus</strong></span> <span class='ocrx_word' id='word_1_729' title='bbox 1094 4972 1362 5041; x_wconf 80' lang='lat' dir='ltr'><strong>oti&#39;erunt,</strong></span> <span class='ocrx_word' id='word_1_730' title='bbox 1407 4974 1740 5046; x_wconf 87' lang='lat' dir='ltr'><strong>interrogau-</strong></span> 
     </span>
    </p>
   </div>
   <div class='ocr_carea' id='block_1_80' title="bbox 207 5120 1168 5186">
    <p class='ocr_par' dir='ltr' id='par_1_80' title="bbox 207 5120 1168 5186">
     <span class='ocr_line' id='line_1_80' title="bbox 207 5120 1168 5186; baseline 0 -5"><span class='ocrx_word' id='word_1_731' title='bbox 207 5120 286 5186; x_wconf 84' lang='grc' dir='ltr'><strong>(α)</strong></span> <span class='ocrx_word' id='word_1_732' title='bbox 318 5124 442 5180; x_wconf 73' lang='lat' dir='ltr'><strong>Mss.</strong></span> <span class='ocrx_word' id='word_1_733' title='bbox 470 5125 623 5181; x_wconf 90' lang='lat' dir='ltr'><strong>Colb.</strong></span> <span class='ocrx_word' id='word_1_734' title='bbox 653 5134 707 5180; x_wconf 92' lang='lat' dir='ltr'><strong>et</strong></span> <span class='ocrx_word' id='word_1_735' title='bbox 732 5125 896 5181; x_wconf 87' lang='lat' dir='ltr'><strong>Carn.</strong></span> <span class='ocrx_word' id='word_1_736' title='bbox 922 5126 1168 5181; x_wconf 82' lang='lat' dir='ltr'><strong>sabbatis.</strong></span> 
     </span>
    </p>
   </div>
   <div class='ocr_carea' id='block_1_81' title="bbox 209 5191 1736 5267">
    <p class='ocr_par' dir='ltr' id='par_1_81' title="bbox 209 5191 1736 5267">
     <span class='ocr_line' id='line_1_81' title="bbox 209 5191 1736 5267; baseline 0.005 -23"><span class='ocrx_word' id='word_1_737' title='bbox 209 5191 282 5265; x_wconf 75' lang='grc' dir='ltr'><strong>(θ)</strong></span> <span class='ocrx_word' id='word_1_738' title='bbox 308 5193 474 5250; x_wconf 84' lang='lat' dir='ltr'><strong>iidem</strong></span> <span class='ocrx_word' id='word_1_739' title='bbox 497 5212 628 5252; x_wconf 88' lang='lat' dir='ltr'><strong>mss.</strong></span> <span class='ocrx_word' id='word_1_740' title='bbox 652 5211 774 5253; x_wconf 91' lang='lat' dir='ltr'><strong>cum</strong></span> <span class='ocrx_word' id='word_1_741' title='bbox 800 5197 958 5252; x_wconf 84' lang='lat' dir='ltr'><strong>Rom.</strong></span> <span class='ocrx_word' id='word_1_742' title='bbox 985 5207 1039 5254; x_wconf 90' lang='lat' dir='ltr'><strong>et</strong></span> <span class='ocrx_word' id='word_1_743' title='bbox 1056 5198 1231 5252; x_wconf 79' lang='lat' dir='ltr'><strong>Vatic.</strong></span> <span class='ocrx_word' id='word_1_744' title='bbox 1248 5196 1534 5264; x_wconf 74' lang='lat' dir='ltr'><strong>exemptum</strong></span> <span class='ocrx_word' id='word_1_745' title='bbox 1559 5199 1736 5267; x_wconf 79' lang='lat' dir='ltr'><strong>fuisse.</strong></span> 
     </span>
    </p>
   </div>
   <div class='ocr_carea' id='block_1_82' title="bbox 213 5282 1736 5358">
    <p class='ocr_par' dir='ltr' id='par_1_82' title="bbox 213 5282 1736 5358">
     <span class='ocr_line' id='line_1_82' title="bbox 213 5282 1736 5358; baseline 0.005 -23"><span class='ocrx_word' id='word_1_746' title='bbox 213 5282 282 5352; x_wconf 87' lang='lat' dir='ltr'><strong>(c)</strong></span> <span class='ocrx_word' id='word_1_747' title='bbox 314 5285 436 5358; x_wconf 84' lang='lat' dir='ltr'><strong>Par.</strong></span> <span class='ocrx_word' id='word_1_748' title='bbox 480 5303 602 5342; x_wconf 90' lang='lat' dir='ltr'><strong>cum</strong></span> <span class='ocrx_word' id='word_1_749' title='bbox 643 5285 917 5358; x_wconf 65' lang='lat' dir='ltr'><strong>praedictis</strong></span> <span class='ocrx_word' id='word_1_750' title='bbox 963 5297 1194 5358; x_wconf 86' lang='lat' dir='ltr'><strong>quatuor</strong></span> <span class='ocrx_word' id='word_1_751' title='bbox 1235 5301 1367 5342; x_wconf 88' lang='lat' dir='ltr'><strong>mss.</strong></span> <span class='ocrx_word' id='word_1_752' title='bbox 1419 5286 1568 5357; x_wconf 77' lang='lat' dir='ltr'><strong>factis</strong></span> <span class='ocrx_word' id='word_1_753' title='bbox 1612 5303 1736 5358; x_wconf 83' lang='lat' dir='ltr'><strong>pro-</strong></span> 
     </span>
    </p>
   </div>
   <div class='ocr_carea' id='block_1_83' title="bbox 143 5350 576 5430">
    <p class='ocr_par' dir='ltr' id='par_1_83' title="bbox 143 5350 576 5430">
     <span class='ocr_line' id='line_1_83' title="bbox 143 5350 576 5430; baseline 0.018 -26"><span class='ocrx_word' id='word_1_754' title='bbox 143 5350 304 5418; x_wconf 75' lang='lat' dir='ltr'><strong>pheta:</strong></span> <span class='ocrx_word' id='word_1_755' title='bbox 334 5357 576 5430; x_wconf 79' lang='lat' dir='ltr'><strong>intellige.</strong></span> 
     </span>
    </p>
   </div>
   <div class='ocr_carea' id='block_1_84' title="bbox 146 5443 1738 5521">
    <p class='ocr_par' dir='ltr' id='par_1_84' title="bbox 146 5443 1738 5521">
     <span class='ocr_line' id='line_1_84' title="bbox 146 5443 1738 5521; baseline 0.004 -22"><span class='ocrx_word' id='word_1_756' title='bbox 146 5507 160 5521; x_wconf 38' lang='grc' dir='ltr'><strong>ο</strong></span> <span class='ocrx_word' id='word_1_757' title='bbox 213 5443 372 5521; x_wconf 57' lang='lat' dir='ltr'><strong>(dita</strong></span> <span class='ocrx_word' id='word_1_758' title='bbox 401 5451 630 5520; x_wconf 86' lang='lat' dir='ltr'><strong>vulgatis</strong></span> <span class='ocrx_word' id='word_1_759' title='bbox 653 5465 717 5505; x_wconf 90' lang='lat' dir='ltr'><strong>ac</strong></span> <span class='ocrx_word' id='word_1_760' title='bbox 732 5451 975 5520; x_wconf 90' lang='lat' dir='ltr'><strong>pluribus</strong></span> <span class='ocrx_word' id='word_1_761' title='bbox 1003 5466 1135 5506; x_wconf 91' lang='lat' dir='ltr'><strong>mss.</strong></span> <span class='ocrx_word' id='word_1_762' title='bbox 1163 5451 1376 5505; x_wconf 79' lang='lat' dir='ltr'><strong>violant.</strong></span> <span class='ocrx_word' id='word_1_763' title='bbox 1409 5449 1738 5506; x_wconf 87' lang='lat' dir='ltr'><strong>Concinnius</strong></span> 
     </span>
    </p>
   </div>
   <div class='ocr_carea' id='block_1_85' title="bbox 147 5514 1741 5594">
    <p class='ocr_par' dir='ltr' id='par_1_85' title="bbox 147 5514 1741 5594">
     <span class='ocr_line' id='line_1_85' title="bbox 147 5514 1741 5594; baseline 0.01 -33"><span class='ocrx_word' id='word_1_764' title='bbox 147 5514 198 5563; x_wconf 91' lang='lat' dir='ltr'><strong>in</strong></span> <span class='ocrx_word' id='word_1_765' title='bbox 225 5514 390 5594; x_wconf 66' lang='lat' dir='ltr'><strong>Cplb.</strong></span> <span class='ocrx_word' id='word_1_766' title='bbox 408 5533 460 5594; x_wconf 84' lang='lat' dir='ltr'><strong>et</strong></span> <span class='ocrx_word' id='word_1_767' title='bbox 484 5514 653 5594; x_wconf 70' lang='lat' dir='ltr'><strong>Carn.</strong></span> <span class='ocrx_word' id='word_1_768' title='bbox 675 5514 889 5588; x_wconf 78' lang='lat' dir='ltr'><strong>uiolare,</strong></span> <span class='ocrx_word' id='word_1_769' title='bbox 915 5523 1107 5594; x_wconf 89' lang='lat' dir='ltr'><strong>supple</strong></span> <span class='ocrx_word' id='word_1_770' title='bbox 1132 5523 1356 5578; x_wconf 88' lang='lat' dir='ltr'><strong>verbum</strong></span> <span class='ocrx_word' id='word_1_771' title='bbox 1383 5523 1644 5589; x_wconf 86' lang='lat' dir='ltr'><strong>admonet,</strong></span> <span class='ocrx_word' id='word_1_772' title='bbox 1671 5523 1741 5577; x_wconf 86' lang='lat' dir='ltr'><strong>ad</strong></span> 
     </span>
    </p>
   </div>
   <div class='ocr_carea' id='block_1_86' title="bbox 147 5585 1084 5650">
    <p class='ocr_par' dir='ltr' id='par_1_86' title="bbox 147 5585 1084 5650">
     <span class='ocr_line' id='line_1_86' title="bbox 147 5585 1084 5650; baseline 0.011 -12"><span class='ocrx_word' id='word_1_773' title='bbox 147 5585 282 5649; x_wconf 85' lang='lat' dir='ltr'><strong>quod</strong></span> <span class='ocrx_word' id='word_1_774' title='bbox 310 5591 540 5648; x_wconf 91' lang='lat' dir='ltr'><strong>subinde</strong></span> <span class='ocrx_word' id='word_1_775' title='bbox 570 5592 802 5648; x_wconf 83' lang='lat' dir='ltr'><strong>refertur</strong></span> <span class='ocrx_word' id='word_1_776' title='bbox 829 5585 1084 5650; x_wconf 73' lang='lat' dir='ltr'><strong>indicans.</strong></span> 
     </span>
    </p>
   </div>
   <div class='ocr_carea' id='block_1_87' title="bbox 215 5655 1409 5726">
    <p class='ocr_par' dir='ltr' id='par_1_87' title="bbox 215 5655 1409 5726">
     <span class='ocr_line' id='line_1_87' title="bbox 215 5655 1409 5726; baseline 0.004 -11"><span class='ocrx_word' id='word_1_777' title='bbox 215 5655 284 5726; x_wconf 78' lang='grc' dir='ltr'><strong>(ε)</strong></span> <span class='ocrx_word' id='word_1_778' title='bbox 309 5658 412 5716; x_wconf 78' lang='lat' dir='ltr'><strong>Sex</strong></span> <span class='ocrx_word' id='word_1_779' title='bbox 441 5678 570 5718; x_wconf 89' lang='lat' dir='ltr'><strong>mss.</strong></span> <span class='ocrx_word' id='word_1_780' title='bbox 603 5675 816 5720; x_wconf 88' lang='lat' dir='ltr'><strong>orante:</strong></span> <span class='ocrx_word' id='word_1_781' title='bbox 843 5682 949 5720; x_wconf 87' lang='lat' dir='ltr'><strong>non</strong></span> <span class='ocrx_word' id='word_1_782' title='bbox 977 5676 1104 5721; x_wconf 92' lang='lat' dir='ltr'><strong>sunt</strong></span> <span class='ocrx_word' id='word_1_783' title='bbox 1131 5665 1409 5721; x_wconf 87' lang='lat' dir='ltr'><strong>audiendi.</strong></span> 
     </span>
    </p>
   </div>
   <div class='ocr_carea' id='block_1_88' title="bbox 152 5744 1740 5824">
    <p class='ocr_par' dir='ltr' id='par_1_88' title="bbox 152 5744 1740 5824">
     <span class='ocr_line' id='line_1_88' title="bbox 152 5744 1740 5824; baseline -0.001 -10"><span class='ocrx_word' id='word_1_784' title='bbox 219 5744 296 5824; x_wconf 69' lang='grc' dir='ltr'><strong>(Ι)</strong></span> <span class='ocrx_word' id='word_1_785' title='bbox 325 5747 379 5824; x_wconf 59' lang='lat' dir='ltr'><strong>in</strong></span> <span class='ocrx_word' id='word_1_786' title='bbox 409 5757 552 5824; x_wconf 78' lang='lat' dir='ltr'><strong>vulg.</strong></span> <span class='ocrx_word' id='word_1_787' title='bbox 573 5757 679 5810; x_wconf 82' lang='lat' dir='ltr'><strong>sint</strong></span> <span class='ocrx_word' id='word_1_788' title='bbox 705 5756 862 5824; x_wconf 61' lang='lat' dir='ltr'><strong>soiiii.</strong></span> <span class='ocrx_word' id='word_1_789' title='bbox 887 5752 1291 5824; x_wconf 67' lang='lat' dir='ltr'><strong>Praifetendum</strong></span> <span class='ocrx_word' id='word_1_790' title='bbox 1318 5764 1438 5824; x_wconf 77' lang='lat' dir='ltr'><strong>esse</strong></span> <span class='ocrx_word' id='word_1_791' title='bbox 1461 5769 1582 5812; x_wconf 89' lang='lat' dir='ltr'><strong>cum</strong></span> <span class='ocrx_word' id='word_1_792' title='bbox 1607 5767 1740 5824; x_wconf 76' lang='lat' dir='ltr'><strong>uisa.</strong></span> 
     </span>
    </p>
   </div>
   <div class='ocr_carea' id='block_1_89' title="bbox 156 5809 1744 5899">
    <p class='ocr_par' dir='ltr' id='par_1_89' title="bbox 156 5809 1744 5899">
     <span class='ocr_line' id='line_1_89' title="bbox 156 5809 1744 5899; baseline 0.011 -33"><span class='ocrx_word' id='word_1_793' title='bbox 156 5809 253 5871; x_wconf 74' lang='lat' dir='ltr'><strong>uni</strong></span> <span class='ocrx_word' id='word_1_794' title='bbox 276 5809 530 5895; x_wconf 59' lang='lat' dir='ltr'><strong>autem,&quot;</strong></span> <span class='ocrx_word' id='word_1_795' title='bbox 543 5809 736 5884; x_wconf 76' lang='lat' dir='ltr'><strong>suadet</strong></span> <span class='ocrx_word' id='word_1_796' title='bbox 762 5809 895 5885; x_wconf 64' lang='lat' dir='ltr'><strong>iuuit</strong></span> <span class='ocrx_word' id='word_1_797' title='bbox 919 5809 1398 5899; x_wconf 50' lang='lat' dir='ltr'><strong>audiuntaut,&quot;</strong></span> <span class='ocrx_word' id='word_1_798' title='bbox 1416 5809 1744 5886; x_wconf 51' lang='lat' dir='ltr'><strong>iniiinii};</strong></span> 
     </span>
    </p>
   </div>
   <div class='ocr_carea' id='block_1_90' title="bbox 1844 4684 3436 4756">
    <p class='ocr_par' dir='ltr' id='par_1_90' title="bbox 1844 4684 3436 4756">
     <span class='ocr_line' id='line_1_90' title="bbox 1844 4684 3436 4756; baseline 0.001 -14"><span class='ocrx_word' id='word_1_799' title='bbox 1844 4687 1998 4756; x_wconf 89' lang='lat' dir='ltr'><strong>cujus</strong></span> <span class='ocrx_word' id='word_1_800' title='bbox 2028 4685 2308 4756; x_wconf 88' lang='lat' dir='ltr'><strong>prophetia</strong></span> <span class='ocrx_word' id='word_1_801' title='bbox 2330 4684 2459 4740; x_wconf 91' lang='lat' dir='ltr'><strong>illud</strong></span> <span class='ocrx_word' id='word_1_802' title='bbox 2489 4699 2632 4740; x_wconf 91' lang='lat' dir='ltr'><strong>nunc</strong></span> <span class='ocrx_word' id='word_1_803' title='bbox 2664 4693 2869 4739; x_wconf 87' lang='lat' dir='ltr'><strong>tantum</strong></span> <span class='ocrx_word' id='word_1_804' title='bbox 2889 4685 3262 4754; x_wconf 88' lang='lat' dir='ltr'><strong>admonemus,</strong></span> <span class='ocrx_word' id='word_1_805' title='bbox 3293 4686 3436 4744; x_wconf 87' lang='lat' dir='ltr'><strong>hunc</strong></span> 
     </span>
    </p>
   </div>
   <div class='ocr_carea' id='block_1_91' title="bbox 1842 4779 3436 4850">
    <p class='ocr_par' dir='ltr' id='par_1_91' title="bbox 1842 4779 3436 4850">
     <span class='ocr_line' id='line_1_91' title="bbox 1842 4779 3436 4850; baseline -0.001 -12"><span class='ocrx_word' id='word_1_806' title='bbox 1842 4789 1899 4838; x_wconf 90' lang='lat' dir='ltr'><strong>et</strong></span> <span class='ocrx_word' id='word_1_807' title='bbox 1925 4781 2183 4836; x_wconf 88' lang='lat' dir='ltr'><strong>dilectum</strong></span> <span class='ocrx_word' id='word_1_808' title='bbox 2226 4795 2256 4834; x_wconf 89' lang='lat' dir='ltr'><strong>a</strong></span> <span class='ocrx_word' id='word_1_809' title='bbox 2287 4780 2396 4836; x_wconf 88' lang='lat' dir='ltr'><strong>Deo</strong></span> <span class='ocrx_word' id='word_1_810' title='bbox 2424 4821 2438 4845; x_wconf 90' lang='lat'><strong>,</strong></span> <span class='ocrx_word' id='word_1_811' title='bbox 2488 4790 2542 4834; x_wconf 93' lang='lat' dir='ltr'><strong>et</strong></span> <span class='ocrx_word' id='word_1_812' title='bbox 2583 4779 2636 4834; x_wconf 92' lang='lat' dir='ltr'><strong>in</strong></span> <span class='ocrx_word' id='word_1_813' title='bbox 2667 4793 2732 4834; x_wconf 92' lang='lat' dir='ltr'><strong>eo</strong></span> <span class='ocrx_word' id='word_1_814' title='bbox 2777 4790 3012 4849; x_wconf 85' lang='lat' dir='ltr'><strong>paternae</strong></span> <span class='ocrx_word' id='word_1_815' title='bbox 3042 4780 3436 4850; x_wconf 88' lang='lat' dir='ltr'><strong>beneplacitnm</strong></span> 
     </span>
    </p>
   </div>
   <div class='ocr_carea' id='block_1_92' title="bbox 1845 4874 3440 4946">
    <p class='ocr_par' dir='ltr' id='par_1_92' title="bbox 1845 4874 3440 4946">
     <span class='ocr_line' id='line_1_92' title="bbox 1845 4874 3440 4946; baseline -0.001 -12"><span class='ocrx_word' id='word_1_816' title='bbox 1845 4875 2133 4942; x_wconf 90' lang='lat' dir='ltr'><strong>voluntati,</strong></span> <span class='ocrx_word' id='word_1_817' title='bbox 2166 4885 2221 4930; x_wconf 90' lang='lat' dir='ltr'><strong>et</strong></span> <span class='ocrx_word' id='word_1_818' title='bbox 2247 4875 2506 4946; x_wconf 88' lang='lat' dir='ltr'><strong>Spiritum</strong></span> <span class='ocrx_word' id='word_1_819' title='bbox 2540 4874 2632 4929; x_wconf 92' lang='lat' dir='ltr'><strong>Dei</strong></span> <span class='ocrx_word' id='word_1_820' title='bbox 2662 4888 2826 4944; x_wconf 87' lang='lat' dir='ltr'><strong>super</strong></span> <span class='ocrx_word' id='word_1_821' title='bbox 2855 4888 2977 4928; x_wconf 89' lang='lat' dir='ltr'><strong>eum</strong></span> <span class='ocrx_word' id='word_1_822' title='bbox 3009 4889 3130 4930; x_wconf 87' lang='lat' dir='ltr'><strong>esse</strong></span> <span class='ocrx_word' id='word_1_823' title='bbox 3151 4916 3166 4940; x_wconf 94' lang='lat'><strong>,</strong></span> <span class='ocrx_word' id='word_1_824' title='bbox 3197 4885 3252 4931; x_wconf 90' lang='lat' dir='ltr'><strong>et</strong></span> <span class='ocrx_word' id='word_1_825' title='bbox 3278 4876 3346 4930; x_wconf 88' lang='lat' dir='ltr'><strong>ab</strong></span> <span class='ocrx_word' id='word_1_826' title='bbox 3372 4891 3440 4932; x_wconf 92' lang='lat' dir='ltr'><strong>eo</strong></span> 
     </span>
    </p>
   </div>
   <div class='ocr_carea' id='block_1_93' title="bbox 1841 4967 3444 5044">
    <p class='ocr_par' dir='ltr' id='par_1_93' title="bbox 1841 4967 3444 5044">
     <span class='ocr_line' id='line_1_93' title="bbox 1841 4967 3444 5044; baseline -0.002 -17"><span class='ocrx_word' id='word_1_827' title='bbox 1841 4971 2103 5044; x_wconf 88' lang='lat' dir='ltr'><strong>judicium</strong></span> <span class='ocrx_word' id='word_1_828' title='bbox 2135 4969 2389 5041; x_wconf 87' lang='lat' dir='ltr'><strong>gentibus</strong></span> <span class='ocrx_word' id='word_1_829' title='bbox 2416 4967 2689 5035; x_wconf 89' lang='lat' dir='ltr'><strong>nuntiari,</strong></span> <span class='ocrx_word' id='word_1_830' title='bbox 2720 4976 2775 5023; x_wconf 90' lang='lat' dir='ltr'><strong>et</strong></span> <span class='ocrx_word' id='word_1_831' title='bbox 2797 4967 3115 5024; x_wconf 89' lang='lat' dir='ltr'><strong>arundinem</strong></span> <span class='ocrx_word' id='word_1_832' title='bbox 3141 4984 3258 5040; x_wconf 68' lang='lat' dir='ltr'><strong>qua:</strong></span> <span class='ocrx_word' id='word_1_833' title='bbox 3282 4983 3444 5040; x_wconf 88' lang='lat' dir='ltr'><strong>quas-</strong></span> 
     </span>
    </p>
   </div>
   <div class='ocr_carea' id='block_1_94' title="bbox 1849 5113 3445 5205">
    <p class='ocr_par' dir='ltr' id='par_1_94' title="bbox 1849 5113 3445 5205">
     <span class='ocr_line' id='line_1_94' title="bbox 1849 5113 3445 5205; baseline -0.001 -30"><span class='ocrx_word' id='word_1_834' title='bbox 1849 5123 1993 5205; x_wconf 76' lang='lat' dir='ltr'><strong>tudo.</strong></span> <span class='ocrx_word' id='word_1_835' title='bbox 2038 5119 2173 5175; x_wconf 89' lang='lat' dir='ltr'><strong>Tum</strong></span> <span class='ocrx_word' id='word_1_836' title='bbox 2217 5116 2272 5172; x_wconf 91' lang='lat' dir='ltr'><strong>in</strong></span> <span class='ocrx_word' id='word_1_837' title='bbox 2317 5115 2480 5172; x_wconf 91' lang='lat' dir='ltr'><strong>Carn.</strong></span> <span class='ocrx_word' id='word_1_838' title='bbox 2526 5124 2580 5170; x_wconf 90' lang='lat' dir='ltr'><strong>ct</strong></span> <span class='ocrx_word' id='word_1_839' title='bbox 2617 5113 2770 5170; x_wconf 91' lang='lat' dir='ltr'><strong>Colb.</strong></span> <span class='ocrx_word' id='word_1_840' title='bbox 2798 5116 3171 5187; x_wconf 79' lang='lat' dir='ltr'><strong>receptiusque,</strong></span> <span class='ocrx_word' id='word_1_841' title='bbox 3200 5131 3306 5173; x_wconf 92' lang='lat' dir='ltr'><strong>non</strong></span> <span class='ocrx_word' id='word_1_842' title='bbox 3335 5134 3445 5173; x_wconf 82' lang='lat' dir='ltr'><strong>rec-</strong></span> 
     </span>
    </p>
   </div>
   <div class='ocr_carea' id='block_1_95' title="bbox 1847 5204 3442 5336">
    <p class='ocr_par' dir='ltr' id='par_1_95' title="bbox 1847 5204 3442 5336">
     <span class='ocr_line' id='line_1_95' title="bbox 1847 5204 3442 5336; baseline -0.003 -16"><span class='ocrx_word' id='word_1_843' title='bbox 1847 5204 2180 5336; x_wconf 51' lang='grc' dir='ltr'><strong>ιωῖἕῖἕάἱιὶ,</strong></span> <span class='ocrx_word' id='word_1_844' title='bbox 2197 5270 2466 5336; x_wconf 68' lang='lat' dir='ltr'><strong>curantur.</strong></span> <span class='ocrx_word' id='word_1_845' title='bbox 2484 5258 2551 5312; x_wconf 91' lang='lat' dir='ltr'><strong>In</strong></span> <span class='ocrx_word' id='word_1_846' title='bbox 2569 5274 2726 5311; x_wconf 89' lang='lat' dir='ltr'><strong>manu</strong></span> <span class='ocrx_word' id='word_1_847' title='bbox 2743 5259 2878 5313; x_wconf 85' lang='lat' dir='ltr'><strong>enim</strong></span> <span class='ocrx_word' id='word_1_848' title='bbox 2895 5260 3240 5330; x_wconf 73' lang='lat' dir='ltr'><strong>dandw,etc.,</strong></span> <span class='ocrx_word' id='word_1_849' title='bbox 3257 5277 3442 5317; x_wconf 90' lang='lat' dir='ltr'><strong>emen-</strong></span> 
     </span>
    </p>
   </div>
   <div class='ocr_carea' id='block_1_96' title="bbox 1849 5332 2627 5404">
    <p class='ocr_par' dir='ltr' id='par_1_96' title="bbox 1849 5332 2627 5404">
     <span class='ocr_line' id='line_1_96' title="bbox 1849 5332 2627 5404; baseline -0.012 -13"><span class='ocrx_word' id='word_1_850' title='bbox 1849 5332 2048 5392; x_wconf 73' lang='lat' dir='ltr'><strong>dantur</strong></span> <span class='ocrx_word' id='word_1_851' title='bbox 2075 5350 2138 5388; x_wconf 83' lang='lat' dir='ltr'><strong>ex</strong></span> <span class='ocrx_word' id='word_1_852' title='bbox 2174 5332 2470 5404; x_wconf 66' lang='lat' dir='ltr'><strong>potioribus</strong></span> <span class='ocrx_word' id='word_1_853' title='bbox 2499 5345 2627 5385; x_wconf 91' lang='lat' dir='ltr'><strong>mss.</strong></span> 
     </span>
    </p>
   </div>
   <div class='ocr_carea' id='block_1_97' title="bbox 1921 5401 3443 5476">
    <p class='ocr_par' dir='ltr' id='par_1_97' title="bbox 1921 5401 3443 5476">
     <span class='ocr_line' id='line_1_97' title="bbox 1921 5401 3443 5476; baseline -0.003 -18"><span class='ocrx_word' id='word_1_854' title='bbox 1921 5405 1999 5476; x_wconf 80' lang='lat' dir='ltr'><strong>(It)</strong></span> <span class='ocrx_word' id='word_1_855' title='bbox 2037 5401 2258 5460; x_wconf 51' lang='lat' dir='ltr'><strong>Badfet</strong></span> <span class='ocrx_word' id='word_1_856' title='bbox 2287 5402 2378 5476; x_wconf 68' lang='lat' dir='ltr'><strong>Er.</strong></span> <span class='ocrx_word' id='word_1_857' title='bbox 2414 5403 2715 5476; x_wconf 46' lang='lat' dir='ltr'><strong>inmergitur.</strong></span> <span class='ocrx_word' id='word_1_858' title='bbox 2757 5401 2873 5456; x_wconf 78' lang='lat' dir='ltr'><strong>Mox</strong></span> <span class='ocrx_word' id='word_1_859' title='bbox 2904 5402 3050 5476; x_wconf 84' lang='lat' dir='ltr'><strong>Lips.</strong></span> <span class='ocrx_word' id='word_1_860' title='bbox 3075 5412 3146 5476; x_wconf 26' lang='lat' dir='ltr'><strong>Aet</strong></span> <span class='ocrx_word' id='word_1_861' title='bbox 3173 5403 3294 5456; x_wconf 85' lang='lat' dir='ltr'><strong>Par.</strong></span> <span class='ocrx_word' id='word_1_862' title='bbox 3327 5417 3443 5476; x_wconf 85' lang='lat' dir='ltr'><strong>cum</strong></span> 
     </span>
    </p>
   </div>
   <div class='ocr_carea' id='block_1_98' title="bbox 1833 5473 3442 5549">
    <p class='ocr_par' dir='ltr' id='par_1_98' title="bbox 1833 5473 3442 5549">
     <span class='ocr_line' id='line_1_98' title="bbox 1833 5473 3442 5549; baseline -0.004 -17"><span class='ocrx_word' id='word_1_863' title='bbox 1833 5473 2023 5549; x_wconf 78' lang='lat' dir='ltr'><strong>jussit,</strong></span> <span class='ocrx_word' id='word_1_864' title='bbox 2065 5493 2162 5545; x_wconf 88' lang='lat' dir='ltr'><strong>pro</strong></span> <span class='ocrx_word' id='word_1_865' title='bbox 2198 5491 2313 5529; x_wconf 88' lang='lat' dir='ltr'><strong>eum</strong></span> <span class='ocrx_word' id='word_1_866' title='bbox 2347 5474 2524 5549; x_wconf 80' lang='lat' dir='ltr'><strong>jussit.</strong></span> <span class='ocrx_word' id='word_1_867' title='bbox 2580 5474 2707 5549; x_wconf 61' lang='lat' dir='ltr'><strong>qut</strong></span> <span class='ocrx_word' id='word_1_868' title='bbox 2739 5475 2987 5549; x_wconf 70' lang='lat' dir='ltr'><strong>pancain</strong></span> <span class='ocrx_word' id='word_1_869' title='bbox 3011 5473 3194 5549; x_wconf 66' lang='lat' dir='ltr'><strong>tribus</strong></span> <span class='ocrx_word' id='word_1_870' title='bbox 3219 5487 3354 5549; x_wconf 75' lang='lat' dir='ltr'><strong>mss.</strong></span> <span class='ocrx_word' id='word_1_871' title='bbox 3388 5473 3442 5549; x_wconf 79' lang='lat' dir='ltr'><strong>in</strong></span> 
     </span>
    </p>
   </div>
   <div class='ocr_carea' id='block_1_99' title="bbox 1845 5541 3438 5617">
    <p class='ocr_par' dir='ltr' id='par_1_99' title="bbox 1845 5541 3438 5617">
     <span class='ocr_line' id='line_1_99' title="bbox 1845 5541 3438 5617; baseline -0.004 -15"><span class='ocrx_word' id='word_1_872' title='bbox 1845 5541 2184 5603; x_wconf 69' lang='lat' dir='ltr'><strong>ministerium</strong></span> <span class='ocrx_word' id='word_1_873' title='bbox 2212 5541 2579 5617; x_wconf 77' lang='lat' dir='ltr'><strong>apostolorum.</strong></span> <span class='ocrx_word' id='word_1_874' title='bbox 2636 5541 2858 5600; x_wconf 80' lang='lat' dir='ltr'><strong>Rectius</strong></span> <span class='ocrx_word' id='word_1_875' title='bbox 2886 5544 2976 5596; x_wconf 90' lang='lat' dir='ltr'><strong>alii</strong></span> <span class='ocrx_word' id='word_1_876' title='bbox 3010 5542 3128 5596; x_wconf 92' lang='lat' dir='ltr'><strong>libri</strong></span> <span class='ocrx_word' id='word_1_877' title='bbox 3161 5541 3438 5596; x_wconf 84' lang='lat' dir='ltr'><strong>ministerio</strong></span> 
     </span>
    </p>
   </div>
   <div class='ocr_carea' id='block_1_100' title="bbox 1847 5619 2264 5674">
    <p class='ocr_par' dir='ltr' id='par_1_100' title="bbox 1847 5619 2264 5674">
     <span class='ocr_line' id='line_1_100' title="bbox 1847 5619 2264 5674; baseline -0.01 0"><span class='ocrx_word' id='word_1_878' title='bbox 1847 5621 1901 5674; x_wconf 87' lang='lat' dir='ltr'><strong>in</strong></span> <span class='ocrx_word' id='word_1_879' title='bbox 1931 5619 2090 5673; x_wconf 83' lang='lat' dir='ltr'><strong>dandi</strong></span> <span class='ocrx_word' id='word_1_880' title='bbox 2117 5634 2264 5671; x_wconf 86' lang='lat' dir='ltr'><strong>casu.</strong></span> 
     </span>
    </p>
   </div>
   <div class='ocr_carea' id='block_1_101' title="bbox 1918 5680 3439 5760">
    <p class='ocr_par' dir='ltr' id='par_1_101' title="bbox 1918 5680 3439 5760">
     <span class='ocr_line' id='line_1_101' title="bbox 1918 5680 3439 5760; baseline -0.007 -18"><span class='ocrx_word' id='word_1_881' title='bbox 1918 5691 1983 5760; x_wconf 88' lang='lat' dir='ltr'><strong>(i)</strong></span> <span class='ocrx_word' id='word_1_882' title='bbox 2019 5689 2169 5758; x_wconf 80' lang='lat' dir='ltr'><strong>Apud</strong></span> <span class='ocrx_word' id='word_1_883' title='bbox 2201 5688 2327 5760; x_wconf 83' lang='lat' dir='ltr'><strong>Par.</strong></span> <span class='ocrx_word' id='word_1_884' title='bbox 2364 5687 2454 5760; x_wconf 82' lang='lat' dir='ltr'><strong>hic</strong></span> <span class='ocrx_word' id='word_1_885' title='bbox 2482 5687 2743 5760; x_wconf 84' lang='lat' dir='ltr'><strong>insertum</strong></span> <span class='ocrx_word' id='word_1_886' title='bbox 2774 5692 2886 5742; x_wconf 88' lang='lat' dir='ltr'><strong>est.</strong></span> <span class='ocrx_word' id='word_1_887' title='bbox 2927 5680 3439 5760; x_wconf 46' lang='lat' dir='ltr'><strong>curationesninsab?</strong></span> 
     </span>
    </p>
   </div>
   <div class='ocr_carea' id='block_1_102' title="bbox 1848 5747 3443 5828">
    <p class='ocr_par' dir='ltr' id='par_1_102' title="bbox 1848 5747 3443 5828">
     <span class='ocr_line' id='line_1_102' title="bbox 1848 5747 3443 5828; baseline -0.005 -13"><span class='ocrx_word' id='word_1_888' title='bbox 1848 5747 2079 5822; x_wconf 60' lang='lat' dir='ltr'><strong>baio’et;</strong></span> <span class='ocrx_word' id='word_1_889' title='bbox 2119 5756 2262 5828; x_wconf 81' lang='lat' dir='ltr'><strong>quod</strong></span> <span class='ocrx_word' id='word_1_890' title='bbox 2305 5755 2465 5812; x_wconf 87' lang='lat' dir='ltr'><strong>etiam</strong></span> <span class='ocrx_word' id='word_1_891' title='bbox 2508 5765 2687 5828; x_wconf 67' lang='lat' dir='ltr'><strong>exstat</strong></span> <span class='ocrx_word' id='word_1_892' title='bbox 2715 5753 2768 5807; x_wconf 88' lang='lat' dir='ltr'><strong>in</strong></span> <span class='ocrx_word' id='word_1_893' title='bbox 2794 5765 2934 5828; x_wconf 14' lang='lat' dir='ltr'><strong>(mss.</strong></span> <span class='ocrx_word' id='word_1_894' title='bbox 2968 5750 3155 5828; x_wconf 64' lang='grc' dir='ltr'><strong>ηοω..</strong></span> <span class='ocrx_word' id='word_1_895' title='bbox 3198 5747 3356 5806; x_wconf 68' lang='lat' dir='ltr'><strong>Colb.</strong></span> <span class='ocrx_word' id='word_1_896' title='bbox 3385 5757 3443 5807; x_wconf 80' lang='lat' dir='ltr'><strong>et</strong></span> 
     </span>
    </p>
   </div>
   <div class='ocr_carea' id='block_1_103' title="bbox 1849 5815 3077 5893">
    <p class='ocr_par' dir='ltr' id='par_1_103' title="bbox 1849 5815 3077 5893">
     <span class='ocr_line' id='line_1_103' title="bbox 1849 5815 3077 5893; baseline -0.014 -3"><span class='ocrx_word' id='word_1_897' title='bbox 1849 5828 2012 5890; x_wconf 61' lang='lat' dir='ltr'><strong>6am.</strong></span> <span class='ocrx_word' id='word_1_898' title='bbox 2045 5815 2150 5890; x_wconf 62' lang='lat' dir='ltr'><strong>sed</strong></span> <span class='ocrx_word' id='word_1_899' title='bbox 2173 5824 2239 5883; x_wconf 80' lang='lat' dir='ltr'><strong>tut</strong></span> <span class='ocrx_word' id='word_1_900' title='bbox 2271 5839 2383 5886; x_wconf 84' lang='lat' dir='ltr'><strong>rem</strong></span> <span class='ocrx_word' id='word_1_901' title='bbox 2416 5821 2521 5885; x_wconf 80' lang='lat' dir='ltr'><strong>non</strong></span> <span class='ocrx_word' id='word_1_902' title='bbox 2554 5815 2761 5882; x_wconf 79' lang='lat' dir='ltr'><strong>videtur</strong></span> <span class='ocrx_word' id='word_1_903' title='bbox 2787 5817 3077 5893; x_wconf 74' lang='lat' dir='ltr'><strong>pertinere.</strong></span> 
     </span>
    </p>
   </div>
  </div>
