3974 6198
77 303 210 360 989

1022 304 1564 367 COMMENTARIUS
1604 304 1669 363 IN
1710 300 2140 367 ΙΙΑΤΤΙΙιΕυΜ.
2182 310 2333 370 CAP.
2377 311 2490 368 XII.

3309 318 3416 375 mo
3480 300 3487 304 ’

86 419 344 477 strictus
370 428 455 475 est
481 421 500 492 ί
526 419 722 476 Matth.
760 437 807 477 tv
831 464 847 488 ,
878 422 989 493 i0)
1017 441 1031 478 :
1077 423 1164 480 cui
1208 426 1280 480 ita
1316 425 1498 481 vincte
1538 424 1711 497 spolia
1741 424 1795 491 Α
1822 428 2037 503 (nauli.
2071 445 2169 499 an,
2199 430 2314 503 33).
2346 431 2538 489 Sermo
2566 440 2626 488 se
2647 441 2700 489 et
2727 432 2778 488 in
2817 448 3057 507 przrscns
3085 434 3325 505 exserit,
3359 434 3415 495 et

88 513 390 581 detraxit,
422 523 479 569 et
508 513 723 570 domum
754 516 1016 586 abstulit,
1053 530 1153 573 nos
1187 519 1400 575 scilicet
1438 521 1709 591 quondam

82 623 262 664 arma
295 607 414 679 ejus
441 648 458 674 ,
488 610 749 680 regnique
790 610 1039 667 militiam
1073 612 1127 668 in
1157 611 1259 683 jus.
1275 629 1431 669 suum
1460 615 1669 686 redegit
1690 658 1707 683 ,

84 702 369 773 victoque
398 710 559 774 atque
590 702 770 759 vincto
797 702 1018 759 domum
1057 705 1163 761 sibi
1202 718 1273 761 ca
1303 707 1460 762 nobis
1485 720 1709 762 vacuam

88 802 155 853 et
182 797 378 850 utilem
402 794 756 864 comparavit.
784 794 973 866 Longe
992 804 1175 852 autem
1205 812 1236 853 a
1261 811 1322 853 se
1342 812 1487 864 esse,
1530 807 1586 852 ut
1611 798 1711 853 ali-

84 888 239 961 quid
281 889 355 946 ab
400 904 466 945 eo
490 896 768 945 mutuatus
791 889 1173 967 sitpotesutis
1199 890 1468 948 ostendit:
1497 891 1710 962 quando

84 986 194 1057 qui
223 1000 415 1042 secum
448 1000 556 1044 non
579 995 664 1043 est
692 1027 707 1051 ,
754 986 1042 1044 adversum
1082 1004 1145 1046 se
1170 989 1272 1055 sit;
1321 1000 1376 1044 et
1401 990 1494 1060 qui
1524 1003 1707 1046 secum

86 1095 215 1134 non
243 1088 559 1150 congregat,
592 1078 872 1150 dispergat
901 1079 921 1152 (
946 1078 1137 1135 Matth.
1168 1095 1276 1149 att,
1305 1080 1377 1136 50
1399 1078 1439 1152 ).
1489 1080 1566 1135 Ex
1594 1094 1705 1152 quo

86 1170 346 1241 ingentis
371 1170 592 1240 periculi
621 1186 707 1226 res
741 1170 1078 1242 intelligitur,
1113 1173 1249 1227 male
1275 1172 1343 1227 de
1369 1186 1436 1227 eo
1468 1173 1705 1242 opinari,

86 1279 231 1320 cum
253 1278 364 1336 quo
392 1281 499 1321 non
522 1279 667 1332 esse,
704 1265 936 1337 idipsum
985 1274 1070 1322 est
1097 1265 1237 1337 quod
1261 1275 1449 1322 contra
1467 1280 1625 1324 esse:
1654 1275 1709 1323 et

85 1373 214 1415 non
247 1372 601 1429 congregare.
629 1357 943 1428 dispergere
969 1357 1060 1412 sit.

172 1452 199 1505 i
213 1451 271 1506 7.
301 1448 633 1515 Blasplmnio
654 1449 912 1519 Spiritus,
936 1463 1121 1522 negare
1141 1447 1343 1505 Christo
1364 1450 1701 1518 divinitatem,

82 1559 261 1608 quam
289 1541 529 1613 operibus
569 1541 761 1611 prodit.
799 1572 871 1583 --
900 1539 1064 1597 Omne
1095 1554 1360 1614 peceatum
1394 1551 1443 1596 et
1465 1541 1705 1609 blosplw

85 1637 210 1690 snio
240 1636 530 1711 remittetur
548 1634 875 1701 hominibus;
903 1634 1133 1706 Spiritus
1159 1644 1330 1689 autem
1357 1637 1437 1707 (tt)
1469 1634 1707 1707 blasphe-

84 1728 204 1782 mia
227 1742 331 1782 non
351 1724 832 1799 remittetur.(lbid.
864 1725 979 1799 5t).
1036 1726 1430 1784 Pharisaeorum
1481 1737 1704 1785 senten-

1815 521 1972 580 eli‘ert
1998 520 2051 579 ln
2085 524 2348 581 unm-nm.
2394 525 2527 581 Nam
2558 525 2612 581 ιιι
2645 530 2884 595 prmSens
2910 525 3128 583 intimos
3174 528 3372 586 refellit
3400 573 3414 598 ,

1816 615 2061 686 quicum
2104 618 2463 689 intelligerent
2496 617 2694 674 Christi
2720 632 2883 689 opera
2932 619 3072 675 ultra
3118 620 3409 679 humanam

1816 723 1938 765 esse
1966 710 2244 778 virtutem,
2274 711 2480 767 nollent
2513 720 2689 767 tamen
2717 714 2857 783 quod
2889 713 2980 768 Dei
3004 714 3110 769 sint
3138 710 3407 773 conﬁteri.

1814 800 1872 856 in
1904 800 2140 858 futurum
2169 816 2301 858 vero
2329 812 2544 859 omnem
2573 805 2693 860 lidei
2715 806 3120 876 perversitatem
3142 810 3407 879 coarguit,

1812 907 2001 950 eorum
2028 896 2258 961 scilicet,
2289 896 2379 967 qui
2411 894 2489 968 (τι)
2515 895 2849 951 divinitatem
2892 906 2946 952 et
2971 899 3407 955 communionem

1815 996 2055 1058 paterna:
2086 986 2399 1043 substantia!
2430 988 2659 1043 Domino
2688 988 3036 1045 detrahentes
3064 1031 3079 1055 ,
3112 990 3165 1044 ln
3192 990 3405 1047 diversa

1814 1081 2085 1139 hereseos
2110 1082 2288 1137 studia
2308 1083 2706 1139 etl'crhuerunt:
2731 1094 2980 1145 neutrum
3006 1084 3283 1153 facientes,
3309 1096 3409 1142 nec

1811 1178 1957 1234 inter
1978 1188 2168 1251 gentes
2195 1179 2298 1235 Sub
2319 1180 2474 1235 venia
2502 1179 2859 1253 lgnoratlonis
2879 1181 3200 1248 habitantes,
3231 1194 3330 1238 nec
3352 1179 3403 1237 in

1810 1273 2052 1329 veritatis
2072 1273 2379 1344 cognitione
2401 1280 2701 1329 versantes.
2734 1272 2999 1330 Arborem
3023 1272 3081 1330 se
3106 1274 3156 1329 in
3181 1276 3409 1344 corpore

1810 1365 2048 1436 positum
2082 1363 2377 1436 significat:
2425 1366 2546 1437 quia
2575 1374 2671 1437 per
2696 1364 3007 1421 interiorem
3037 1364 3253 1420 virtutis
3295 1378 3407 1420 sua:

1808 1456 2191 1516 feounditatem
2240 1469 2397 1516 exeat
2427 1458 2643 1515 ubertas
2667 1458 2845 1514 omnis
2874 1457 3184 1515 infractus.
3241 1454 3409 1531 Igitur

1809 1562 1905 1608 aut.
1932 1553 2097 1609 arbor
2141 1553 2279 1609 haua
2334 1552 2572 1608 iacienda
2602 1568 2722 1608 cum
2771 1552 2927 1608 bonis
2972 1551 3232 1607 fructibus
3279 1560 3361 1607 eSt
3391 1592 3406 1617 ,

1808 1656 1897 1700 aut
1927 1645 2066 1701 mala
2092 1645 2467 1701 consumenda
2498 1654 2619 1699 cum
2651 1644 2806 1699 malis
2836 1640 3132 1704 fructibus:
3182 1640 3307 1712 quia
3339 1658 3405 1697 ex

1808 1737 2073 1793 fructibus
2105 1735 2217 1793 suis
2245 1737 2311 1793 de
2330 1753 2391 1793 se
2418 1735 2581 1791 arbor
2615 1738 2727 1809 ipsa
2759 1734 3070 1791 testabitur:
3120 1742 3227 1789 non
3258 1730 3401 1805 quod

85 1822 231 1877 tiam
259 1858 277 1889 ,
316 1832 372 1878 et
405 1834 591 1877 eorum
620 1822 710 1892 qui
741 1822 812 1876 ita
842 1836 964 1877 cum
994 1822 1078 1877 his
1105 1822 1346 1879 sentiunt
1375 1825 1702 1895 perversita-

1813 1831 2103 1888 secondnm
2134 1832 2387 1886 arborum
2422 1839 2665 1885 naturam
2697 1830 2860 1883 arhor
2890 1826 3027 1882 mala
3074 1827 3242 1897 possit
3268 1840 3401 1881 con-

87 1925 209 1971 tem
240 1915 588 1971 severissima
620 1914 941 1971 deﬁnitione
965 1916 1321 1984 condemnat;
1358 1927 1703 1988 peccatorum

83 2009 342 2064 omnium
375 2009 582 2064 veniam
608 2010 933 2079 promittens
958 2044 973 2076 ,
1002 2020 1057 2066 et
1086 2010 1440 2082 blasphemia:
1472 2011 1706 2081 Spiritus

81 2101 490 2173 indulgentiam
517 2101 791 2173 abnegans
821 2101 984 2175 (Ibid.
1012 2102 1126 2174 39.).
1180 2103 1316 2158 Nam
1353 2117 1477 2159 cum
1508 2112 1704 2160 canora

76 2192 240 2249 dicta
267 2205 530 2265 gestaque
548 2193 758 2250 liberali
781 2196 937 2250 venia
957 2196 1288 2263 relaxentur,
1316 2205 1465 2252 caret
1486 2197 1702 2253 miseri-

79 2287 289 2344 cordia
316 2326 331 2354 ,
376 2286 421 2341 si
456 2286 595 2342 Dens
622 2297 847 2359 negetur
874 2288 928 2342 in
960 2287 1196 2344 Christo.
1253 2288 1323 2344 Et
1353 2290 1405 2344 in
1450 2302 1560 2360 quo
1585 2292 1705 2347 sine

82 2380 257 2435 venia
293 2378 370 2451 (ὁ)
403 2387 701 2449 peccator,
749 2381 1177 2437 benevolentiam
1218 2381 1424 2438 lterata:
1454 2382 1703 2438 admoni-

82 2474 262 2529 tionis
291 2472 582 2544 impendit:
633 2473 857 2528 omnino
903 2483 1123 2544 peccata
1172 2474 1434 2545 cujusque
1478 2477 1698 2546 generis

81 2568 445 2633 remittenda,
474 2566 867 2640 blasphemiam
896 2570 949 2624 in
982 2569 1243 2641 Spiritum
1265 2571 1425 2644 131
1452 2581 1698 2629 sanetum

80 2676 207 2718 non
240 2660 645 2717 remittendam.
678 2660 816 2730 Quid
847 2662 989 2717 enim
1018 2672 1126 2718 tam
1158 2671 1308 2718 extra
1336 2664 1546 2720 veniam
1588 2673 1698 2733 eat,

82 2768 264 2825 quam
297 2753 377 2823 (ε)
425 2753 480 2807 in
505 2751 723 2810 Christo
746 2768 942 2825 negare
971 2754 1115 2825 quod
1146 2753 1288 2811 Deus
1330 2756 1401 2810 sit
1424 2797 1440 2823 ,
1484 2765 1538 2812 et
1567 2768 1700 2813 cona

84 2849 385 2904 sistentem
408 2848 462 2903 in
477 2862 542 2902 eo
559 2848 768 2918 paterni
788 2847 1024 2919 Spiritus
1045 2848 1402 2905 substantiam
1422 2849 1663 2908 adimere
1684 2870 1698 2909 :

88 2958 224 2999 cum
258 2942 312 2997 in
342 2942 545 3012 Spiritu
576 2943 666 2997 Dei
693 2956 828 3012 opus
852 2956 1014 2998 omne
1056 2950 1436 3011 consummet,
1485 2952 1542 3000 et
1583 2946 1701 3017 ipse

85 3036 172 3090 sit
201 3046 431 3104 regnum
462 3034 725 3090 caelorum
749 3066 764 3098 ,
803 3043 858 3088 et
888 3034 940 3088 in
966 3046 1035 3089 eo
1067 3034 1213 3090 Deus
1237 3037 1306 3090 sit
1332 3033 1589 3091 mttndum
1617 3053 1702 3093 re-

87 3125 404 3183 concilians
431 3126 534 3181 sibi
564 3124 630 3201 (ll
661 3124 781 3182 Cor.
816 3138 869 3192 v,
904 3126 995 3199 i9)
1014 3124 1041 3180 ι
1061 3127 1204 3198 Ergo
1229 3128 1487 3199 quidquid
1511 3136 1701 3185 contm-

1808 1924 1958 1980 stitui
1988 1936 2110 1996 qua:
2141 1923 2279 1979 bona
2311 1925 2384 1979 sit
2413 1965 2426 1990 ,
2468 1928 2562 1978 aut
2590 1923 2779 1979 eadem
2804 1922 2916 1991 ipsa
2948 1936 3069 1977 cum
3101 1921 3268 1975 ramis
3293 1920 3405 1975 silis

1808 2017 1949 2073 bona
1977 2024 2101 2073 caste
2125 2016 2169 2071 sl
2198 2016 2338 2071 mala
2365 2016 2467 2081 sit;
2495 2014 2590 2070 sed
2625 2021 2679 2070 ut
2711 2029 2807 2085 per
2829 2015 2967 2069 hanc
2993 2011 3402 2083 signiﬁcantium

1808 2106 2236 2178 intelligeretuus
2260 2149 2276 2175 ,
2307 2106 2582 2162 Christum
2614 2112 2704 2159 aut
2731 2113 3001 2174 tamquam
3039 2103 3281 2159 inutilem
3312 2107 3401 2159 rc-

1808 2200 2200 2270 linquendum,
2252 2207 2345 2254 aut
2391 2202 2661 2269 tamquam
2713 2196 2912 2252 bonum
2956 2197 3219 2251 bonorum
3268 2196 3405 2251 fruc-

1807 2302 1958 2351 tuom
2008 2293 2241 2350 utilitate
2285 2292 2659 2350 retinendum:
2716 2290 2839 2363 quia
2893 2288 3179 2347 adt/orsum
3235 2290 3399 2347 lilium

1806 2384 2044 2442 hominis
2069 2385 2208 2440 dicta
2240 2385 2341 2442 sub
2370 2384 2523 2441 venia
2554 2384 2684 2450 sint,
2715 2382 3043 2454 blasphemia
3073 2390 3251 2440 autem
3280 2382 3401 2455 Spi-

1805 2480 1943 2536 ritus
1983 2480 2169 2536 careat
2211 2477 2389 2534 venla.
2437 2475 2703 2533 Cancrum
2747 2474 2979 2531 medium
3014 2489 3075 2531 se
3101 2488 3300 2548 agere,
3347 2482 3403 2531 et

1804 2570 2022 2627 Christo
2047 2571 2227 2641 aliqua
2259 2567 2474 2625 deferre
2500 2612 2515 2637 ,
2560 2574 2760 2640 Negare
2801 2574 2920 2640 quae
2964 2568 3194 2623 maxima
3238 2573 3393 2634 sunt;

1804 2662 2053 2719 venerari
2073 2671 2349 2736 tamquam
2382 2663 2571 2727 Deuln,
2605 2652 2696 2717 Dei
2716 2661 3092 2717 communione
3123 2656 3358 2731 spoliare
3380 2704 3395 2729 ,

1805 2755 1922 2812 hate
1948 2756 2285 2827 blasphemia
2312 2755 2540 2827 Spiritus
2578 2763 2691 2810 est:
2726 2764 2784 2809 ut
2817 2766 2938 2809 cum
2967 2758 3063 2824 per
3087 2750 3399 2808 admiratio-

1804 2862 1928 2906 nem
1957 2860 2182 2921 operum
2207 2856 2477 2903 tantorum
2513 2846 2605 2903 Dei
2638 2854 2834 2903 nomen
2865 2844 3150 2902 detrahere
3178 2854 3283 2900 non
3305 2856 3401 2900 att-

1804 2942 1964 3007 deas;
1998 2954 2092 3012 per
2112 2942 2546 2997 malevolentiam
2576 2939 2770 2995 mentis
2806 2944 2861 2995 et
2885 2948 3097 3007 sensus,
3125 2939 3403 3010 generosi-

1805 3042 1969 3091 tatem
1995 3034 2112 3106 eius
2138 3075 2154 3103 ,
2183 3048 2342 3105 quam
2371 3033 2615 3089 conllteri
2646 3048 2705 3088 es
2731 3041 2951 3088 coactus
2977 3032 3050 3105 (ε)
3082 3034 3133 3088 1η
3162 3031 3398 3099 nomine,

1805 3127 2063 3198 alntegala
2097 3137 2337 3197 paterna:
2360 3126 2675 3181 substantiae
2703 3124 3082 3180 communione
3108 3123 3398 3195 decerpas.

90 3219 281 3276 metite
323 3219 593 3275 exstiterit
641 3219 695 3273 in
740 3217 999 3286 Christo,
1052 3218 1105 3274 id
1158 3231 1320 3275 omne
1365 3221 1599 3277 exstabit
1648 3223 1700 3278 In
1730 3213 1775 3278 Ο
1808 3222 1983 3293 Atque
2014 3221 2137 3278 ideo
2178 3220 2421 3278 etiamin
2454 3237 2519 3277 eo
2550 3221 2806 3276 Dominus
2834 3219 3087 3275 bonitatis
3128 3228 3239 3274 sua:
3284 3235 3401 3273 nm-

94 3312 251 3368 Deo:
299 3310 423 3382 quia
469 3320 525 3367 et
558 3311 613 3366 in
655 3310 875 3367 Christo
906 3312 1089 3379 Deus,
1125 3321 1179 3368 at
1206 3309 1453 3368 Christus
1503 3314 1555 3369 in
1590 3314 1701 3372 Deo

90 3405 194 3459 sit.

176 3497 268 3553 18.
296 3496 485 3550 Contra
503 3495 719 3552 Judteos
748 3504 796 3551 et
823 3496 1067 3574 Arianae.
1102 3492 1363 3553 Christum
1383 3498 1472 3571 qui
1500 3500 1694 3567 colant,

94 3592 193 3648 sed
222 3588 388 3644 Deum
417 3599 623 3662 negant,
656 3593 854 3664 pejores
879 3601 1172 3662 suntquam
1204 3594 1294 3661 qui
1324 3593 1585 3664 ignorant.
1628 3620 1700 3635 -ο

94 3688 210 3741 Aut
232 3685 385 3757 [urite
407 3683 647 3741 arboreta.
671 3684 887 3752 bonum,
928 3694 977 3740 et
1003 3687 1202 3757 ρἰιειιιδ
1238 3688 1350 3758 ejus
1382 3689 1569 3744 bonos:
1611 3696 1700 3743 aut

98 3778 265 3851 facite
290 3776 522 3831 arborem
551 3776 760 3846 "totum,
781 3787 827 3832 et
848 3781 1049 3850 fruetus
1073 3780 1183 3851 ejus
1204 3781 1389 3849 malos,
1419 3788 1474 3836 et
1496 3781 1698 3853 reliqua

177 3918 259 3990 (ιι)
308 3910 436 3973 Sola
483 3916 814 3990 editio_Par.
860 3915 1191 3989 blasphemia:
1236 3936 1341 3974 non
1390 3919 1701 3979 remittetur.

98 3978 252 4047 Tum
277 3989 441 4044 etiam
473 3988 616 4056 alite,
653 3978 1035 4043 Pharistwru'm
1056 3990 1337 4045 sententiae.

179 4060 259 4134 (ι)
292 4060 439 4129 Lips.
464 4070 520 4115 et
547 4059 665 4115 l’ar.
699 4070 957 4134 peccatur.
988 4063 1061 4134 At
1090 4060 1218 4115 Bad.
1246 4070 1301 4117 et
1323 4062 1411 4116 Er.
1441 4074 1565 4118 cum
1587 4074 1704 4118 om-t

102 4132 271 4190 nibus
296 4146 423 4203 mss.
453 4141 705 4203 peccator,
736 4132 928 4200 supple
955 4132 1036 4187 sit.

181 4204 257 4277 (ς)
287 4202 381 4257 Ms.
399 4201 561 4256 (iam.
586 4201 790 4277 Christo
816 4218 1023 4277 negare,
1049 4202 1166 4277 sine
1185 4204 1260 4277 in.
1283 4202 1437 4277 Colh.
1463 4213 1517 4277 et
1528 4204 1699 4277 Alium.

105 4270 374 4330 Christum
418 4286 623 4343 negare.
671 4272 806 4328 Tum
840 4270 999 4327 Mich.
1030 4316 1045 4339 ,
1087 4270 1247 4330 Vind.
1278 4316 1293 4339 ,
1332 4272 1467 4329 alter
1499 4275 1658 4330 Colb.
1685 4316 1702 4338 .

104 4348 344 4412 Turon.,
379 4345 534 4399 Dccc.
568 4354 622 4399 et
650 4343 783 4400 Silv.
815 4356 937 4398 cum
967 4344 1097 4399 Bad.
1127 4352 1182 4400 et
1212 4343 1304 4399 Er.
1334 4344 1470 4415 quod
1501 4343 1590 4400 Dei
1613 4346 1700 4400 sit.

102 4419 279 4485 Magis
309 4418 478 4486 placet
509 4430 633 4471 eum
661 4416 872 4472 cmteris
898 4415 1093 4479 libris,
1125 4418 1264 4486 quod
1295 4415 1436 4471 Deus
1465 4418 1559 4486 sit.
1596 4415 1707 4473 Cur

104 4485 600 4556 autem'Chgristum
633 4489 796 4542 lit-um
829 4500 1027 4556 negare
1053 4485 1172 4542 sine
1203 4486 1358 4543 venia
1388 4487 1497 4556 sit,
1536 4485 1706 4556 Atho-,-

108 4561 300 4615 nasius
327 4554 501 4628 epist.
538 4574 587 4611 tv
616 4559 682 4612 ad
714 4528 1069 4627 Serapionem
1100 4558 1190 4628 (ex
1222 4574 1324 4627 qua
1355 4528 1708 4614 divulsusest

108 4638 376 4687 tractatus
409 4631 459 4681 in
492 4627 635 4700 hunc
657 4629 904 4684 eumdem
934 4627 1227 4700 loeutn,ac
1251 4628 1476 4684 scorsim
1499 4627 1704 4700 positus

1809 3328 1912 3371 nus
1941 3313 2214 3382 extendit,
2260 3313 2447 3369 dicens
2470 3322 2561 3368 aut
2587 3312 2782 3367 malam
2813 3311 3062 3366 artiorem
3089 3318 3211 3364 ctlm
3244 3307 3401 3363 malis

1803 3407 2093 3475 fructibus,
2119 3417 2206 3461 aut
2234 3406 2428 3461 bonam
2454 3418 2574 3460 cum
2616 3400 2777 3476 732
2809 3401 2962 3458 bonis
2994 3401 3252 3457 fructibus
3279 3406 3401 3455 esse

1803 3496 2101 3557 faciendam
2124 3518 2137 3554 :
2164 3498 2287 3571 quia
2318 3500 2371 3554 in
2400 3499 2553 3554 malm
2582 3498 2791 3553 arboris
2818 3494 3075 3566 opinione
3100 3494 3200 3550 sub
3220 3509 3402 3550 secre-

1804 3606 1859 3653 to
1906 3595 2023 3670 (ﬂ,
2077 3594 2418 3666 ihdulgetttla:
2475 3593 2567 3648 Dei
2613 3590 2847 3662 repostis
2901 3589 2970 3644 sit
3020 3583 3209 3655 vcttla';
3254 3587 3399 3659 (quia

1802 3704 1964 3746 omne
1990 3686 2068 3760 (g)
2101 3696 2376 3757 peccatum
2400 3685 2470 3741 sit
2499 3680 2935 3753 remittendum);
2978 3680 3031 3736 in
3072 3678 3229 3737 bona!
3268 3684 3402 3735 cou-

1802 3781 2039 3837 fossione
2069 3780 2276 3836 fructus
2314 3788 2548 3835 asternus
2590 3777 2660 3833 sit
2694 3790 2802 3831 :ne
2840 3771 3138 3830 incidentes
3163 3772 3225 3844 (f.
3251 3770 3402 3826 incc-

3139 3910 3399 3966 substanc.

1803 3929 1956 3977 extra
1985 3918 2203 3975 veniim
2241 3933 2400 3986 esse,
2448 3916 2590 3989 quod
2624 3925 2863 3986 paterna:
2888 3921 3097 4036 natum:
3139 3916 3399 3966 ειιιιειειιιρ

1804 3990 1933 4037 tiam
1964 3986 2226 4037 adimant-
2255 3984 2415 4037 eiinm
2441 4005 2559 4037 cum
2587 3988 2638 4037 in
2657 3983 2858 4037 Spiritu
2889 3979 3017 4037 Dei.
3103 3996 3165 4036 oc
3195 3991 3279 4037 est
3302 4024 3316 4037 .
3350 3978 3402 4037 ixi

3103 3996 3165 4036 lic
3195 3996 3279 4037 Cal
3302 4024 3316 4046 ,
3350 3998 3382 4034 ις

1804 3990 1933 4046 tiam
1964 3986 2227 4055 adimant,
2255 3979 2416 4045 etiam
2441 3979 2559 4042 c'um
2587 3979 2638 4041 ni
2657 3983 2858 4058 Spiritu
2889 3979 3017 4051 Dei,

1804 4064 1921 4132 ipsa
1952 4062 2248 4117 divinitatis
2278 4061 2478 4116 virtute
2506 4064 2563 4132 et
2589 4066 2957 4132 natura,_opus
2985 4064 3132 4132 omne
3160 4066 3402 4132 causam:

1804 4123 1924 4189 vitet.
1958 4133 2230 4189 Prmtcrea
2258 4131 2351 4200 qui
2389 4129 2530 4197 apud
2570 4123 2919 4200 Athanasium
2972 4124 3282 4200 testimonia
3331 4123 3403 4200 de

1804 4205 2077 4262 Communi
2118 4193 2357 4265 essentia
2404 4193 2580 4257 Patris
2624 4210 2677 4254 et
2726 4197 2847 4252 Filii
2886 4203 2942 4251 et
2966 4194 3201 4265 Spiritus
3228 4193 3400 4248 sancti

1805 4272 2169 4340 concinnavit,
2201 4268 2589 4341 blaSphemiam
2633 4268 2685 4325 in
2717 4267 2977 4338 Spiritum
3011 4275 3392 4341 sa‘nctumnnu‘n

1806 4347 1908 4401 alia
1931 4347 2137 4401 ratione
2157 4332 2569 4412 interpretatus.
2599 4332 2855 4394 observat
2879 4346 2984 4391 non
3002 4333 3213 4412 dixisse
3229 4332 3366 4412 _Chri
3380 4362 3395 4372 -

1805 4427 1940 4471 stum
1969 4408 2340 4486 blasphemanii
2375 4425 2424 4468 et
2457 4411 2805 4486 paenitentiam
2844 4410 3011 4486 ngenti
3041 4408 3392 4486 remissi-onem

1806 4489 2035 4543 dandam
2069 4475 2171 4543 non
2201 4504 2309 4553 esse
2336 4527 2350 4547 .
2391 4475 2481 4541 sed
2505 4475 2897 4553 blasphemanti'
2912 4488 2959 4534 et
2986 4481 3039 4533 in
3076 4475 3399 4553 blasphemia

1808 4554 2050 4614 manenti.
2094 4549 2380 4615 Probabile
2405 4567 2487 4611 est
2515 4553 2674 4609 aliam
2703 4551 2901 4607 Hilario
2932 4549 3257 4607 sententiam
3286 4563 3395 4611 non

1806 4626 1991 4697 fuisse,
2026 4645 2146 4685 cum
2178 4629 2415 4699 legamus
2441 4626 2576 4680 infra
2597 4667 2611 4691 ,
2642 4639 2761 4694 cap.
2783 4620 2864 4699 Δ18
2890 4665 2904 4688 ,
2929 4638 3082 4699 num.
3112 4619 3222 4699 1οΑ
3253 4618 3397 4699 quod

105 4716 233 4774 pag.
266 4700 396 4763 970,
428 4700 501 4774 'l‘.
524 4716 541 4774 t
565 4698 695 4774 edit:
728 4698 1163 4774 Par._an._i_621)
1194 4698 1333 4774 hanc
1381 4700 1448 4755 ad
1497 4690 1700 4756 calcem
1730 4743 1783 4774 η
1806 4690 2034 4756 omnium
2058 4690 2265 4755 omnino
2293 4699 2644 4774 peccaminum
2681 4690 2892 4774 veniant
2920 4692 3061 4774 gena
3104 4690 3261 4774 nobis
3290 4692 3397 4743 lar-

108 4770 379 4844 ratiuuem
413 4772 621 4826 reddit:
655 4770 756 4836 Qui
778 4771 912 4844 enim
948 4770 1403 4844 Filiumubnegat,
1440 4788 1586 4841 quem
1616 4773 1701 4826 de-

107 4842 320 4917 precari
360 4852 522 4917 potest
544 4842 1118 4917 ,‘utApropitiaiiOnent
1138 4841 1403 4917 inveniat?
1437 4852 1526 4896 aut
1552 4858 1704 4917 quam

106 4912 272 4971 vitam
296 4922 384 4969 aut
411 4912 833 4982 rrfociliationem
862 4912 1190 4984 exspectabit,
1224 4913 1311 4982 qui
1332 4928 1448 4967 eum
1466 4915 1708 4984 repudiat

107 4989 200 5059 qui
220 4988 294 5040 ita
323 4986 570 5059 loquitur,
604 4984 856 5059 Egosum
882 4984 1033 5059 vitai
1058 4983 1143 5059 _Eu_
1168 4984 1298 5059 ipso
1316 4984 1435 5059 loco
1461 4985 1703 5059 luculen-

111 5054 198 5114 ter
222 5056 459 5126 eapltcat
487 5054 810 5111 Athanasius
835 5094 851 5120 ,
892 5069 992 5126 cur
1020 5054 1109 5109 hic
1132 5054 1461 5126 blasphemia
1496 5056 1548 5109 in
1580 5054 1704 5125 Sui.

1728 4743 1784 4806 Β
1806 4743 1999 4846 piatur,
2024 4743 2087 4827 ac
2112 4743 2656 4846 re:ips;iis_lztrgitus
2678 4768 2776 4846 lsit,
2804 4766 2893 4836 qui
2923 4763 3194 4846 Christum
3212 4762 3392 4846 Deum

1808 4833 1915 4899 ἵιοιι
1946 4833 2259 4913 negaverint
2299 4840 2478 4906 nando,
2514 4833 2608 4897 sed
2636 4840 2691 4913 et
2719 4833 3046 4913 necaverint,
3075 4843 3166 4889 aut
3206 4833 3396 4913 inor-tis

1806 4914 1977 4979 ipsius
2014 4903 2221 4970 iuerint
2250 4903 2537 4977 auctores;
2570 4910 2724 4965 venia
2770 4921 2876 4963 non
2918 4905 3083 4960 dilata
3112 4944 3128 4972 ,
3181 4903 3268 4959 ubi
3302 4914 3398 4972 per

1803 4985 1965 5041 iidem
2001 4986 2067 5039 ad
2094 5001 2217 5040 eum
2250 4985 2480 5040 rediere.

1880 5055 1960 5127 (ά)
1994 5055 2120 5111 Mss.
2153 5056 2317 5111 Carn.
2350 5068 2401 5127 et
2430 5050 2588 5127 Colb.
2621 5050 2920 5126 dignitatem
2940 5065 2961 5117 ;
3008 5057 3064 5104 et
3111 5054 3235 5102 mox
3278 5046 3394 5121 dgi-

110 5124 554 5186 ritum'sanctum
601 5125 948 5197 intelligenda
974 5127 1047 5180 sit
1070 5124 1403 5197 blasphemia
1443 5124 1705 5197 adversus
1803 5124 1988 5191 tantes,
2026 5129 2142 5181 loco
2169 5128 2320 5184 verbi
2347 5126 2650 5197 habitantes.

109 5200 316 5255 Christi
363 5199 720 5253 divinitatem.
782 5194 976 5268 Neque
1018 5210 1149 5251 vero
1190 5194 1282 5268 aut
1330 5194 1565 5268 Hilarius
1611 5205 1705 5268 aut

112 5268 447 5329 Athanasius
470 5283 660 5337 carere
683 5268 840 5326 venia
884 5266 1121 5323 sentiunt
1159 5266 1481 5337 quicumque
1505 5266 1709 5324 Christi

111 5343 438 5413 negaverint
466 5336 827 5404 divinitatem,
858 5338 954 5393 sed
984 5339 1075 5413 qui
1104 5340 1363 5413 cperibus
1388 5336 1492 5413 sibi
1514 5340 1710 5413 proba-

113 5408 225 5470 tam
258 5423 418 5484 atque
446 5423 778 5484 compertam
812 5410 1142 5484 negaverint.
1176 5408 1337 5484 Nam,
1369 5410 1520 5484 ut_ait
1542 5412 1708 5465 Atha-

116 5478 348 5548 nasius;
390 5499 485 5555 per,
517 5478 629 5538 haec
664 5481 814 5555 verba
855 5478 1709 5555 attenditipsosAPhariAstetisAnon

114 5572 210 5631 per
230 5548 595 5631 ignorantiam,
624 5553 715 5609 sed
736 5562 910 5631 sponte
924 5569 977 5607 se
998 5552 1047 5631 in
1070 5548 1210 5631 ad";
1230 5550 1544 5631 eiuclabilem
1571 5551 1705 5631 blasj

116 5618 375 5697 pheiriiam
404 5626 669 5698 inﬁgere,_
687 5618 778 5698 ιισὲ
805 5622 1000 5696 pudore
1026 5622 1131 5678 ulla
1158 5618 1310 5687 duci,
1356 5640 1473 5698 curn
1518 5620 1708 5698 scireni

115 5688 261 5753 istius
286 5698 425 5750 modi
450 5688 607 5766 opera
636 5688 728 5749 Dei
748 5688 872 5760 esse,
901 5706 1060 5766 eaque
1087 5702 1143 5749 ut
1168 5698 1389 5749 amentes
1432 5688 1709 5751 Beelzebub

118 5768 495 5839 adscriberent,
529 5768 848 5839 afﬁrmantes
890 5783 951 5821 ea
980 5780 1085 5839 per,
1102 5767 1347 5839 spiritum
1388 5766 1707 5839 immundum

123 5843 257 5910 ﬁeri.
306 5838 407 5896 Cui
436 5838 784 5897 consentiens
823 5848 1009 5895 noster
1046 5838 1284 5895 Hilarius
1332 5851 1429 5895 cos
1472 5838 1709 5897 afﬁrmat

1879 5189 2107 5272 (eiset
2138 5210 2285 5272 mss.
2329 5199 2384 5252 in
2427 5195 2667 5251 homine:
2710 5194 2868 5249 male.
2932 5191 3028 5247 llic
3073 5189 3400 5272 refelluntur

1809 5262 1994 5327 Ariani
2021 5269 2240 5325 Christo
2271 5271 2363 5326 Dei
2396 5279 2643 5323 naturam
2670 5272 2932 5337 negantes
2952 5306 2967 5332 ,
2998 5262 3155 5336 cujhs
3198 5276 3395 5318 nomen

1808 5357 1873 5397 ac
1904 5340 2304 5396 venerationem
2335 5340 2386 5396 ei
2413 5338 2748 5394 deferebant.

1883 5412 1949 5482 (Ῑ)
1979 5412 2090 5484 ῌοο
2118 5422 2237 5478 est,
2265 5426 2425 5484 quam
2456 5411 2549 5466 diu
2580 5410 2736 5465 nobis
2779 5408 2989 5467 occulta
3021 5414 3074 5462 et
3117 5406 3288 5460 latens
3313 5408 3396 5457 est

1810 5480 1956 5538 illius
1985 5480 2216 5538 bonitas.
2283 5480 2297 5484 ⁷
2925 5515 2934 5524 -

1888 5554 1964 5629 (g)
2004 5553 2292 5629 Editi_cnm
2324 5554 2483 5609 unico
2518 5560 2620 5629 ins.
2664 5551 2817 5629 Colb.
2850 5558 2950 5629 qua
2985 5558 3155 5629 omne2
3193 5542 3395 5629 Deinde

1814 5617 2121 5698 soliijeditio
2146 5625 2268 5682 Par.
2295 5640 2416 5698 cum
2442 5626 2631 5698 eodem
2665 5636 2764 5679 ms.
2798 5617 3000 5698 initam:
3029 5617 3388 5698 confessione:

1814 5697 1904 5753 ubi
1936 5696 2220 5752 Beccensis
2250 5697 2443 5762 codex,
2474 5698 2526 5751 in
2562 5697 2707 5750 bona:
2736 5695 2929 5749 scilicet
2964 5686 3159 5762 arboris
3192 5686 3386 5754 confes-

1814 5769 1959 5825 sione
1980 5809 1995 5831 ,
2028 5770 2171 5836 quod
2202 5768 2254 5822 in
2286 5755 2527 5837 margine
2552 5768 2617 5837 ad
2646 5774 2846 5820 textum
2885 5755 3255 5837 illustrandum
3285 5768 3399 5812 non

1812 5840 1954 5899 male
1982 5829 2158 5898 locum
2194 5829 2440 5908 haberet,
2466 5835 2687 5910 prsctiao
2710 5844 2758 5891 et
2786 5841 2909 5890 ante
2937 5832 2991 5886 in
3017 5829 3182 5885 bene.
