3974 6198
565 284 686 344 991"

1781 281 2027 340 SANC'I‘I
2069 280 2323 338 HILARII
2355 283 2662 344 EPISCOPI

3775 291 3872 348 992

568 401 801 476 dentes)
851 402 1080 458 mediam
1120 402 1261 458 inter
1288 409 1576 474 utrumque
1621 402 1946 457 sententiam
1973 445 1988 467 ,
2034 413 2158 458 cum
2187 400 2242 460 Α
2265 399 2332 455 Et
2359 400 2576 472 quidem
2602 403 2859 461 Dominus
2888 406 3137 476 absolvit,
3161 407 3346 465 dicens
3377 425 3392 463 :
3420 408 3514 468 Sic
3543 409 3646 464 erit
3672 425 3874 482 genera-

568 498 899 553 constitucrc
925 496 1124 551 malum
1167 511 1275 552 non
1306 497 1632 563 audeamus;
1685 498 1932 553 conﬁteri
1961 499 2164 557 bonum

571 590 825 656 nolimus,
847 588 1204 646 indissolubili
1230 600 1498 662 corruptae
1512 590 1582 648 de
1601 607 1660 648 se
1680 591 1949 664 opinionis
1964 593 2168 664 iudicio

571 683 967 754 relinquamur.

645 777 731 833 19.
763 776 990 834 Omnem
1027 787 1208 834 autem
1249 779 1319 834 ita
1364 779 1632 835 sentiendi
1675 780 2072 850 corruptelam,
2103 795 2170 836 ex

571 879 780 926 natura:
809 871 938 925 vitio
966 871 1233 941 proficisci
1265 871 1466 939 docuit,
1491 872 1678 927 dicens
1710 890 1724 926 :
1757 873 1832 927 De
1862 873 2006 928 malo
2048 872 2170 927 the-

571 979 737 1021 sauro
768 981 876 1022 non
907 967 1008 1022 nisi
1038 983 1157 1038 qua:
1185 968 1322 1022 mala
1354 976 1480 1022 sunt
1507 981 1667 1037 posse
1697 965 1946 1038 proferri,
1977 974 2034 1022 et
2059 981 2175 1021 om-

573 1057 660 1114 nis
687 1058 870 1125 otiosi,
897 1058 946 1113 id
976 1069 1080 1122 est,
1102 1061 1278 1136 inepti
1307 1070 1359 1115 et
1385 1060 1592 1114 inutilis
1617 1059 1744 1114 dicti
1773 1060 2037 1114 rationem
2064 1057 2176 1114 Deo

573 1157 697 1199 esse
718 1143 1047 1199 reddendam
1070 1144 1282 1216 (Matth.
1304 1162 1398 1207 χιι.
1428 1144 1520 1216 ’55)
1552 1163 1565 1198 :
1589 1145 1712 1215 quia
1733 1144 1800 1200 de
1820 1143 2176 1199 confessionis

574 1242 774 1290 nostra:
788 1235 962 1290 verbis
977 1246 1068 1289 aut
1087 1235 1480 1290 condemnandi
1501 1235 1686 1301 simus,
1707 1243 1801 1289 aut
1815 1234 2173 1303 iustiﬁcandi;

581 1328 745 1385 talem
792 1327 960 1383 futuri
1005 1329 1189 1397 iudicii
1239 1329 1674 1385 benevolentiam
1721 1328 2014 1398 recepturi,
2041 1343 2176 1398 qua-

578 1419 684 1476 lem
727 1419 797 1476 de
839 1420 1076 1477 ctelestis
1115 1421 1302 1493 glorite
1331 1421 1561 1478 Domino
1596 1421 1918 1478 sententiam
1949 1420 2180 1477 tenueri-

581 1529 724 1572 mus.

651 1609 742 1666 20.
775 1608 908 1663 Fide
941 1609 1164 1679 gentium
1191 1610 1426 1681 arguitur
1455 1609 1736 1680 inﬁdelitas
1763 1607 2088 1665 Judworum.
2111 1639 2182 1650 -

581 1703 806 1773 Signum
839 1702 1036 1760 deinde
1059 1712 1279 1773 rogatur
1306 1712 1360 1758 ut
1404 1712 1621 1774 prtestet
1640 1745 1656 1770 ,
1679 1703 1822 1774 quod
1852 1718 1911 1760 se
1939 1719 2005 1758 ex
2030 1703 2182 1758 Jonas

2273 496 2399 550 tioni
2419 497 2537 550 huic
2558 499 2790 568 pessimae
2811 499 2974 573 (Ibid.
3003 502 3116 573 45).

2340 590 2433 644 22.
2477 588 2682 646 ludatis
2724 595 2992 662 superiora
3035 605 3297 665 aptantur.
3318 595 3540 652 Damon
3571 605 3700 652 ante
3727 598 3872 669 legat

2273 679 2546 738 Israelita:
2591 684 2866 740 obtinebat.
2901 685 3034 758 Lege
3074 690 3315 758 expulsus
3343 699 3522 762 gentes
3566 691 3781 744 invasit.
3811 720 3875 732 —-

2277 779 2393 835 Non
2428 783 2587 852 igitur
2615 783 2890 852 ambigere
2927 799 3229 851 possumus,
3259 795 3430 840 totum
3459 785 3567 841 hoc
3595 786 3664 840 ad
3697 802 3877 857 perso-

2276 888 2398 927 nam
2429 873 2610 944 populi
2636 875 2792 944 hujus
2819 891 2939 930 csse
2971 875 3311 932 referendum
3343 877 3476 932 :sed
3509 878 3875 932 contuendu

2277 973 2360 1018 est
2411 977 2677 1036 quatenus
2732 969 3004 1038 preposita
3069 971 3274 1039 singula
3337 969 3568 1040 singulis
3628 973 3880 1039 tempori-

2278 1056 2376 1111 bus
2424 1059 2690 1129 rebusque
2717 1060 3029 1116 reddantur.
3081 1061 3382 1132 Superius,
3433 1062 3512 1135 (e)
3574 1077 3778 1133 nempe
3832 1064 3878 1118 in
3947 1081 3949 1112 t

2278 1147 2629 1204 Ninivitarum
2657 1160 2712 1206 et
2741 1152 2938 1222 regium
2962 1155 3142 1208 Austri
3167 1155 3406 1220 nomine,
3432 1154 3736 1223 iustiﬁcata
3759 1155 3881 1211 ﬁdes
3947 1153 3949 1198 λ

2279 1241 2517 1312 gentium
2542 1253 2625 1297 est
2652 1260 2664 1296 :
2689 1244 2784 1299 sed
2809 1245 2964 1315 longe
2990 1254 3144 1300 antea
3167 1287 3182 1313 ,
3207 1255 3329 1316 post
3353 1247 3524 1302 multa
3553 1248 3607 1300 in
3636 1247 3808 1303 Deum
3833 1258 3883 1304 et

2281 1333 2462 1404 gravia
2487 1335 2938 1403 peccata,.lud:eis
2964 1337 3084 1391 data
3108 1337 3192 1393 lex
3213 1349 3318 1392 est.
3338 1339 3404 1393 Et
3425 1346 3646 1407 peccata
3670 1340 3882 1410 quidem

2281 1441 2468 1482 eorum
2499 1426 2582 1498 (ά)
2617 1427 2767 1483 libris
2808 1427 2977 1500 Moysi
3021 1430 3385 1485 continentur.
3419 1430 3624 1485 Verum
3662 1441 3784 1501 post
3817 1441 3886 1486 tot

2283 1519 2479 1575 divinae
2503 1521 2719 1576 virtutis
2743 1520 3089 1590 documenta,
3123 1522 3174 1578 id
3201 1533 3282 1579 cst
3302 1567 3316 1590 ,
3344 1524 3536 1579 decem
3561 1525 3744 1596 plagis
3775 1541 3890 1596 per-

2281 1628 2495 1669 cussam
2540 1613 2858 1686 Egyptum,
2903 1625 2956 1670 et
2999 1616 3303 1672 columnam
3355 1618 3520 1673 nubis
3563 1633 3630 1672 ac
3677 1617 3889 1672 luminis

2288 1715 2444 1762 nocte
2465 1705 2660 1777 dieque
2685 1705 3066 1770 famulantcm.
3107 1720 3159 1763 et
3202 1709 3254 1762 in
3288 1709 3558 1779 Erythreo
3608 1710 3750 1764 mari
3795 1709 3892 1764 iter

577 1795 734 1868 signo
763 1798 1014 1854 daturum
1041 1813 1164 1855 esse
1190 1799 1469 1870 reSpondit
1489 1799 1650 1869 (Ibid.
1675 1798 1767 1872 58)
1796 1817 1808 1852 :
1833 1806 1888 1855 et
1915 1799 2055 1854 sicut
2086 1797 2180 1854 tri-
2209 1793 2254 1854 Β
2285 1798 2592 1866 ιπωὺίιυιη,
2641 1809 2697 1854 et
2737 1798 2913 1855 fontes
2957 1799 3128 1871 ruptis
3171 1801 3317 1855 saxis
3362 1799 3657 1856 eﬂluentes
3683 1840 3700 1865 ,
3731 1809 3786 1855 et
3822 1800 3890 1871 (e)

579 1889 688 1946 duo
708 1901 764 1947 et
792 1891 1016 1946 totidem
1050 1894 1295 1948 noctibus
1323 1893 1488 1948 Jonas
1514 1893 1566 1947 in
1590 1894 1693 1950 ceti
1723 1901 1908 1948 ventre
1935 1888 2186 1948 detentus

587 1982 683 2047 sit,
711 1983 781 2036 ita
815 1998 875 2038 se
904 1984 1041 2038 intra
1078 1984 1332 2040 interiora
1376 1993 1535 2040 terra:
1575 1985 1687 2052 pari
1726 1985 1984 2054 temporis
2012 1984 2186 2055 spatio

582 2073 1014 2130 demoraturum.
1048 2075 1153 2132 Sed
1181 2076 1443 2146 majorem
1473 2076 1703 2131 futuram
1748 2077 1989 2146 gentium
2027 2077 2188 2132 ﬁdem

581 2175 868 2222 monstrat.
905 2167 1152 2224 Ninivitae
1189 2169 1334 2224 enim
1365 2169 1501 2224 Jona
1543 2170 1871 2239 praedicante
1916 2171 2186 2240 pteniten-

588 2258 716 2314 tiam
747 2269 993 2330 egerunt,
1016 2269 1070 2315 et
1091 2276 1118 2313 a
1151 2260 1263 2316 Deo
1291 2262 1501 2316 veniam
1530 2261 1826 2331 ptenitendi
1846 2261 2189 2318 confessione

589 2361 929 2408 meruerunt.
954 2351 1061 2408 Sed
1090 2361 1146 2408 et
1186 2351 1371 2408 Austri
1400 2354 1581 2424 regina
1615 2367 1760 2408 nunc
1805 2354 1856 2408 in
1883 2354 2186 2423 exemplum

585 2443 844 2499 Ecclesia:
877 2453 1200 2515 prtesumpta
1224 2487 1238 2510 ,
1271 2445 1592 2516 sapientiam
1641 2445 1904 2500 admirata
1946 2447 2191 2501 Salomo-

588 2538 696 2605 nis,
719 2553 782 2593 es
818 2538 1020 2594 ultimis
1052 2548 1210 2595 terra:
1236 2539 1481 2608 partibus
1505 2539 1654 2595 venit
1675 2539 1862 2596 audire
1891 2555 2050 2610 quam
2073 2550 2191 2595 erat

593 2631 856 2686 admirata
880 2631 1199 2702 sapientiam
1234 2631 1404 2704 (Ibid.
1435 2631 1500 2686 41
1533 2643 1580 2687 et
1609 2632 1726 2705 Δὶ).
1757 2632 2008 2688 Cumulat
2030 2632 2190 2702 igitur

594 2722 848 2778 invidiam
877 2725 1239 2794 comparatio,
1272 2736 1326 2780 et
1353 2725 1571 2782 Judzeos
1602 2727 1719 2782 sine
1743 2727 2088 2782 excusatione
2113 2726 2191 2783 fa-

589 2816 665 2870 cit
691 2813 824 2870 ﬁdes
849 2817 1092 2886 gentium
1121 2835 1134 2873 :
1168 2827 1225 2872 ut
1252 2833 1372 2873 cum
1397 2819 1472 2874 illi
1500 2820 1799 2889 prophetis,
1832 2820 1884 2874 id
1913 2830 2016 2885 est,
2039 2819 2190 2877 .lonte

591 2903 982 2977 Salomonique
1021 2908 1394 2977 crediderint,
1432 2908 1650 2966 Christo
1689 2911 1776 2967 isti
1818 2929 1925 2968 non
1967 2913 2192 2970 credant

591 2999 729 3056 Jona
753 2999 1149 3074 Salomoneqne
1170 3005 1386 3074 potiori.
1406 3004 1473 3059 Et
1490 3005 1692 3059 idcirco
1717 3006 1769 3059 in
1793 3007 2191 3063 resurrectione

597 3111 694 3151 eos
717 3096 1035 3166 jndicabunt
1057 3138 1072 3164 ,
1097 3103 1220 3169 quia
1245 3099 1297 3153 in
1325 3099 1408 3154 his
1431 3108 1676 3170 repertus
1703 3101 1861 3156 timor
1889 3102 1981 3156 Dei
2008 3101 2188 3170 fuerit,

2289 1890 2646 1946 ministratam
2670 1891 3030 1947 esurientibus
3055 1907 3306 1947 mannam
3333 1934 3350 1959 ,
3382 1901 3437 1947 et
3460 1892 3530 1945 ad
3558 1901 3887 1962 postremum

2291 1984 2342 2038 in
2386 1984 2741 2054 quadraginta
2784 1999 3048 2040 annorum
3099 1995 3340 2054 tempore
3367 1985 3475 2038 vita
3512 1995 3686 2054 atque
3715 1983 3886 2038 habitu

2289 2075 2604 2146 angelorum
2634 2076 2885 2146 populum
2922 2075 3190 2130 viventem
3220 2091 3236 2135 ;
3269 2074 3334 2148 (ί)
3359 2074 3647 2130 adoratum
3696 2076 3892 2144 suppli-

2290 2177 2578 2237 catumque
2603 2176 2785 2237 postea
2817 2167 3112 2233 pecudibus
3131 2176 3186 2222 et
3207 2167 3372 2232 saxis,
3392 2165 3590 2237 hisque
3613 2181 3746 2220 cum
3773 2166 3890 2219 cho-

2290 2260 2368 2316 ris
2395 2259 2727 2328 canticisque
2756 2259 3036 2326 saltatum,
3069 2267 3125 2313 et
3153 2257 3372 2313 metalla
3395 2257 3530 2312 deos
3563 2266 3888 2326 nuncupata.

2291 2351 2436 2422 Ergo
2486 2351 2810 2408 insidentem
2861 2351 3033 2420 plebis
3083 2350 3237 2405 istius
3289 2341 3602 2420 pectoribus
3649 2349 3887 2419 spiritum

2291 2443 2626 2499 immundum
2660 2443 2768 2508 lex,
2797 2458 2920 2514 quat
2942 2451 3128 2512 postea
3150 2442 3274 2497 data
3300 2451 3384 2497 est
3409 2483 3423 2506 ,
3455 2441 3775 2497 interventu
3802 2456 3888 2496 suo

2291 2539 2483 2608 eiecit,
2511 2547 2567 2594 et
2591 2538 2752 2593 veluti
2783 2537 3012 2609 quadam
3039 2536 3287 2600 custodia
3315 2535 3684 2606 circumiecta:
3713 2545 3886 2606 potes-

2293 2632 2418 2687 tatis
2445 2631 2696 2688 exclusit.
2721 2631 2822 2698 Qui
2855 2631 3003 2686 illinc
3030 2631 3238 2696 exiens,
3262 2628 3468 2684 circum
3493 2637 3688 2699 gentes
3715 2628 3890 2682 desere

2295 2733 2375 2781 tas
2400 2734 2561 2796 atque
2585 2724 2765 2780 aridas
2799 2725 3106 2791 oberravit,
3129 2723 3350 2778 domum
3382 2731 3627 2777 veterem
3661 2721 3889 2776 derelin-

2293 2834 2465 2890 quens
2495 2837 2508 2874 :
2535 2829 2594 2872 ut
2628 2818 2680 2873 in
2709 2816 2792 2872 his
2818 2832 2988 2888 usque
3036 2817 3086 2872 in
3129 2815 3271 2871 diem
3294 2812 3485 2885 iudicii
3529 2828 3641 2869 non
3690 2814 3890 2884 inquie-

2295 2921 2402 2967 tata
2431 2911 2764 2965 habitatione
2792 2910 3176 2980 requiesceret.

2364 3004 2455 3058 23.
2474 3002 2715 3058 Gentibus
2736 3001 2938 3057 indulta
2959 3002 3125 3075 gratia
3145 3001 3213 3055 ad
3233 2998 3445 3054 Judwos
3468 2999 3643 3054 rediit.
3660 2997 3768 3053 Cur
3787 3014 3889 3067 sep-

2275 3106 2394 3157 tem
2417 3111 2588 3150 secum
2613 3093 3050 3150 assumat.—Sed
3077 3107 3287 3148 rursum
3313 3092 3406 3147 Dei
3432 3091 3603 3161 gratia
3629 3091 3888 3162 impertita

596 3187 794 3258 quibus
821 3189 903 3243 lex
930 3206 1038 3245 non
1067 3201 1184 3246 erat
1213 3192 1499 3262 praedicata
1527 3212 1538 3246 :
1565 3193 1667 3249 hoc
1689 3195 1857 3264 magis
1883 3194 2084 3266 indigni
2104 3211 2193 3252 ve-
2223 3188 2267 3252 C
2299 3190 2584 3261 gentibUS.
2627 3200 2907 3260 postqum
2953 3189 3006 3244 in
3047 3203 3202 3257 aquae
3249 3186 3464 3240 lavacro
3493 3184 3610 3238 fons
3641 3185 3796 3238 vivus
3822 3183 3891 3236 el-

593 3283 682 3336 nia
705 3281 784 3353 (a)
808 3283 897 3353 qui
927 3298 994 3338 ex
1019 3284 1139 3356 lege
1170 3295 1295 3339 sunt
1323 3284 1593 3352 inﬁdeles,
1615 3301 1722 3357 quo
1745 3287 1862 3357 plus
1893 3285 2018 3343 ﬁdei
2041 3288 2093 3343 in
2115 3289 2212 3345 eis

592 3375 682 3446 qui
714 3375 888 3445 legem
921 3376 1303 3446 ignoraverunt
1332 3380 1401 3433 sit
1431 3390 1724 3449 repertum.

665 3466 754 3522 ‘21.
776 3467 906 3523 Cum
935 3479 1106 3524 autem
1131 3471 1428 3525 immundus
1451 3473 1663 3544 spiritus
1684 3473 1862 3528 exierit
1883 3475 1946 3530 ab
1966 3475 2192 3542 homine,

593 3561 825 3617 ambulat
854 3568 946 3634 per
975 3563 1089 3618 loca
1118 3564 1289 3631 arida,
1322 3581 1555 3629 quaerens
1580 3568 1834 3636 requiem,
1858 3578 1904 3622 et
1934 3581 2034 3623 nan
2061 3569 2197 3622 iuve-

593 3658 729 3723 niet,
775 3666 831 3712 et
853 3658 1053 3727 reliqua
1091 3657 1254 3729 (Ibid.
1284 3658 1401 3728 ιδ).
1433 3659 1732 3717 Continens
1763 3662 1921 3717 lectio
1961 3672 2074 3728 est,
2103 3671 2157 3717 ct
2179 3705 2193 3728 ,

593 3762 658 3803 ex
690 3747 806 3816 ipso
832 3748 947 3802 initi
971 3749 1237 3803 sermonis
1259 3750 1484 3805 exordio
1503 3791 1518 3815 ,
1551 3750 1628 3822 (b)
1647 3768 1711 3808 ex
1733 3766 1894 3808 sensu
1918 3754 2197 3822 superiore

595 3837 865 3906 proﬁcisci
899 3838 1166 3893 indicatur
1193 3856 1207 3893 :
1239 3855 1304 3894 ex
1332 3841 1482 3895 verbi
1505 3840 1647 3896 enim
1679 3843 2060 3911 coniunctione
2082 3859 2196 3898 ca:-

596 3927 696 3997 pit.
733 3927 842 3982 Sed
891 3929 1055 3983 t0tius
1092 3932 1379 3998 propositio
1420 3933 1836 4001 comparationis
1876 3936 2013 3989 ratio
2057 3944 2197 3991 trac-

599 4019 760 4076 tanda
809 4028 910 4075 est.
962 4020 1164 4076 Exiens
1208 4022 1276 4076 ab
1329 4023 1547 4080 homine
1594 4025 1903 4082 immundus
1949 4029 2193 4099 spiritus,

597 4112 747 4168 arida
777 4123 831 4168 et
859 4115 1115 4186 inaquosa
1149 4115 1264 4169 loca
1295 4115 1522 4184 circuit,
1557 4117 1606 4170 in
1635 4117 1832 4188 quibus
1871 4118 2048 4174 nullus
2078 4119 2198 4177 fons

598 4205 724 4262 vita:
751 4206 1022 4262 efﬁuebat.
1051 4207 1116 4262 Et
1137 4223 1259 4263 cum
1287 4209 1526 4279 requiem
1555 4225 1661 4264 non
1689 4209 1948 4277 inveniet,
1974 4222 2085 4267 tum
2113 4213 2196 4267 in-

598 4308 678 4356 tra
707 4315 766 4356 se
796 4300 1066 4371 loquetur,
1091 4315 1388 4372 congruum
1417 4301 1521 4356 sibi
1542 4317 1682 4367 csse,
1702 4301 1768 4357 ad
1794 4303 2014 4359 domum
2041 4321 2194 4360 suam

599 4393 744 4449 unde
769 4394 940 4449 exivit
963 4395 1192 4460 reverti;
1226 4409 1384 4464 quam
1413 4395 1648 4451 inveniet
1674 4405 1952 4452 vacantem
1971 4439 1987 4462 ,
2019 4400 2197 4470 scopis

599 4485 908 4541 mundatatn
935 4495 987 4541 et
1017 4496 1293 4552 ornatam;
1313 4498 1657 4557 assnmetqne
1683 4501 1865 4543 secum
1888 4476 2197 4561 733'sep-

2299 3283 2474 3347 ﬁnxit,
2508 3281 2780 3336 habitandi
2803 3295 2925 3336 cum
2951 3280 3032 3334 his
3055 3280 3204 3334 locus
3229 3279 3411 3333 nullus
3433 3287 3517 3332 est
3541 3295 3552 3330 :
3578 3284 3632 3332 et
3648 3291 3771 3332 cum
3786 3276 3889 3346 iam

2300 3375 2353 3430 in
2387 3374 2472 3429 his
2495 3373 2734 3444 requiem
2766 3388 2872 3426 non
2902 3371 3163 3437 haberet,
3197 3370 3338 3424 intra
3367 3385 3427 3424 se
3451 3379 3736 3438 reputans,
3761 3369 3890 3438 opti-

2300 3484 2447 3524 mum
2476 3467 2648 3523 credit
2677 3465 2890 3538 regredi
2919 3464 2972 3522 in
2999 3481 3117 3520 eam
3149 3479 3214 3520 ex
3239 3479 3343 3535 qua
3389 3462 3664 3534 profectus
3693 3472 3775 3518 est
3802 3464 3889 3518 do-

2300 3577 2468 3618 mum.
2495 3561 2620 3616 Hiec
2641 3559 2927 3616 emundata
2960 3573 3054 3628 per
3096 3559 3288 3628 legem,
3312 3565 3368 3612 et
3394 3556 3782 3628 pr0pbetarum
3807 3573 3889 3610 or-

2301 3667 2424 3710 nata
2452 3653 2755 3724 praeconiis,
2775 3663 2830 3708 et
2849 3651 3047 3708 Christi
3088 3651 3322 3707 adventu
3365 3662 3668 3722 praeparata
3691 3694 3704 3714 ,
3728 3665 3886 3706 vacua

2301 3748 2568 3804 invenitur
2601 3766 2613 3801 :
2647 3762 2675 3801 a
2697 3762 2802 3818 qua
2833 3756 2888 3802 et
2915 3744 3158 3802 custodia
3205 3745 3341 3816 legis
3381 3745 3707 3800 abscesserit
3753 3744 3884 3815 (quia

2300 3841 2476 3896 omnis
2507 3841 2591 3895 lex
2621 3855 2792 3910 usque
2818 3839 2886 3894 ad
2914 3839 3175 3894 Joannem
3205 3840 3329 3908 est(
3356 3837 3547 3892 Matth.
3576 3854 3647 3902 11,
3677 3838 3776 3912 15)
3801 3881 3814 3905 ,
3839 3847 3886 3893 et

2301 3936 2367 3991 ad
2401 3935 2746 3989 habitandum
2788 3950 2893 3990 non
2933 3944 3185 4005 receptus
3224 3935 3296 3991 sit
3323 3932 3601 3989 Christus.
3625 3933 3797 4005 Atque
3823 3935 3882 3988 ita

2299 4039 2355 4085 et
2383 4028 2687 4083 habitatore
2713 4043 2876 4084 vacua
2903 4036 3022 4094 est,
3050 4038 3105 4082 et
3143 4026 3356 4083 deserta
3389 4027 3709 4082 custodibus
3737 4042 3880 4081 :cum

2303 4130 2478 4176 tamen
2512 4121 2589 4192 (ει)
2621 4121 2871 4176 veniente
2899 4121 3221 4186 habitatore,
3256 4121 3618 4190 praeeuntium
3649 4121 3883 4176 sollicitu-

2301 4213 2448 4279 dine,
2471 4223 2525 4268 et
2549 4213 2800 4279 mundata
2828 4213 2899 4267 sit
2922 4221 2975 4266 et
2995 4223 3206 4268 ornata.
3237 4211 3460 4282 Septem
3491 4213 3659 4284 igitur
3683 4212 3882 4282 spiritus

2302 4307 2588 4378 nequiores
2616 4315 2990 4373 assumuntur;
3023 4306 3144 4376 quia
3173 4313 3249 4359 tot
3281 4315 3437 4361 erant
3466 4306 3756 4376 gratiarum
3780 4319 3882 4359 mu-

2301 4414 2429 4455 nera
2457 4399 2720 4454 destinata
2748 4399 2832 4470 (h)
2858 4413 2977 4453 cum
3005 4395 3254 4463 Christo,
3301 4411 3424 4466 qua!
3456 4397 3510 4451 in
3542 4412 3612 4453 eo
3644 4395 3883 4452 multifor—

2303 4493 2404 4548 mis
2431 4492 2517 4547 illa
2546 4491 2636 4548 Dei
2661 4491 2919 4561 sapientia
2960 4489 3257 4560 septiformi
3285 4490 3457 4560 gloria
3489 4489 3768 4544 collocavit
3793 4507 3804 4540 :
3834 4495 3881 4540 ut

600 4589 708 4635 tem
741 4581 964 4650 Spirillts
987 4595 1045 4634 se
1074 4581 1384 4650 nequiores,
1413 4580 1855 4650 introeuntesque
1883 4581 2200 4638 habitabunt
2226 4590 2277 4650 D
2305 4594 2450 4642 tanta
2475 4585 2772 4655 iniquitatis
2798 4585 2947 4639 ﬁeret
2976 4583 3270 4652 possessio,
3299 4591 3500 4651 quanta
3526 4581 3703 4638 futura
3733 4582 3880 4636 fuerat

597 4671 694 4739 ibi,
721 4680 776 4726 et
815 4671 1102 4728 novissima
1135 4672 1372 4727 hominis
1415 4671 1558 4726 illius
1587 4673 1773 4742 primis
1799 4673 1982 4744 peiora
2014 4686 2194 4731 erunt.

676 4808 752 4881 (a)
785 4809 838 4864 In
870 4807 1121 4878 vulgatis,
1148 4808 1289 4878 quia.
1318 4807 1538 4881 Rectius
1560 4808 1613 4863 in
1647 4823 1776 4865 mss.
1800 4811 1929 4880 qui;
1957 4809 2059 4866 hoc
2084 4821 2188 4875 est,

601 4877 785 4951 populi
818 4877 984 4952 legis,
1015 4881 1104 4951 qui
1151 4877 1277 4934 sunt
1331 4877 1619 4946 inﬁdeles,
1649 4895 1714 4936 eo
1765 4877 1934 4952 magis
1987 4882 2192 4954 indigni

601 4963 730 5006 sunt
758 4955 932 5007 venia.

677 5024 749 5092 (b)
778 5021 1032 5086 Editi,'et
1059 5035 1213 5078 sensu
1254 5039 1272 5076 :
1298 5021 1642 5092 corriguntur
1669 5038 1736 5078 ex
1766 5038 1895 5077 mss.
1930 5023 2042 5078 Hoc
2069 5033 2149 5079 est
2176 5068 2190 5090 ,

605 5093 778 5163 ipsum
837 5094 1102 5148 sermonis
1149 5094 1429 5148 exordium
1463 5115 1474 5147 :
1508 5092 1637 5150 Cum
1680 5104 1847 5148 autem
1874 5095 2193 5161 immundus,

605 5175 737 5236 etc.,
770 5165 970 5218 indicat
999 5180 1118 5219 eam
1147 5165 1436 5236 lectionem
1465 5181 1531 5219 ex
1561 5179 1722 5220 sensu
1753 5165 2033 5236 superiore
2056 5209 2070 5232 ,
2101 5182 2194 5221 cu-

603 5235 693 5305 ius
715 5236 1052 5289 continuatio
1081 5245 1184 5300 est,
1217 5235 1508 5305 proﬁcisci.

677 5305 746 5380 (e)
779 5307 838 5362 In.
855 5307 1236 5361 sincerinribus
1257 5323 1386 5362 mss.
1421 5324 1658 5380 namque,
1678 5323 1782 5363 vox
1803 5307 2003 5363 Hilario
2030 5307 2189 5365 fanti-

603 5377 752 5448 liaris
781 5393 877 5448 pro
899 5394 1097 5447 nempe.

680 5447 760 5524 (ά)
783 5447 951 5524 Solus
972 5463 1124 5524 _ms.q
1147 5449 1350 5524 Turon.
1378 5466 1504 5524 cum
1543 5451 1776 5524 excusis,
1811 5450 1940 5504 libro
1995 5451 2188 5524 Moysi.

597 5520 744 5592 Infra
777 5536 899 5592 cap.
925 5520 1014 5584 14,
1041 5522 1207 5592 η.Η,ί
1227 5521 1347 5575 libri
1377 5522 1507 5590 legis
1533 5522 1768 5592 quinque
1798 5520 2188 5580 memoraniur.

682 5590 756 5673 (ε)
781 5591 1069 5673 vaticanus
1110 5591 1280 5646 codex
1326 5590 1786 5673 apudnLatini’um.
1805 5633 1818 5654 ,
1849 5595 2191 5673 ministratam

608 5663 944 5734 esurientibus
990 5679 1178 5734 manna
1221 5663 1412 5734 ειιιριιο
1440 5663 1545 5734 alio
1593 5664 1642 5734 ei
1669 5663 2025 5734 suffragante.
2079 5664 2192 5734 Μοτι

607 5733 845 5805 quimus,
882 5741 995 5786 not.
1026 5733 1060 5785 d
1095 5733 1200 5786 col.
1236 5729 1339 5790 737
1367 5732 1523 5805 huius
1553 5729 1907 5800 editionis,in
1938 5751 2070 5796 mss.
2096 5731 2191 5791 hai-

613 5791 726 5856 bcrl
753 5791 991 5858 Matutam
1030 5812 1296 5860 meritam.

2309 4678 2625 4750 gratiarum.
2654 4680 2831 4746 Atque
2853 4677 2924 4731 ita
2957 4675 3247 4730 novissima
3275 4675 3515 4730 hominis
3546 4675 3692 4731 illius
3719 4675 3878 4745 peiora

2373 4814 2440 4886 (ι’)
2501 4813 2556 4868 In
2603 4829 2705 4867 ms.
2734 4811 2937 4886 rColb,
2963 4814 3492 4886 adorantem.post_ea
3534 4813 3756 4886 pecudes
3782 4825 3878 4886 cum

2298 4881 2471 4950 satis,
2501 4885 2876 4940 consentiente
2901 4885 3126 4938 Carnut.
3163 4886 3262 4938 nisi
3295 4883 3438 4954 quod
3472 4881 3873 4954 adorantemha-

2296 4958 2390 5013 bet
2413 4965 2619 5010 tantum
2643 4955 2898 5010 secundis
2937 4954 3103 5010 curis.
3153 4955 3208 5010 In
3232 4954 3351 5008 aliis
3381 4956 3546 5010 etiam
3576 4971 3710 5010 mss.
3741 4953 3873 5007 abest

2298 5028 2748 5100 supplicatumque
2774 5025 2966 5100 :_quod
3011 5025 3215 5100 absque
3253 5025 3585 5100 auctoritate
3630 5026 3869 5100 adiectum

2300 5095 2918 5168 suspicamur,maxime
2941 5112 3061 5150 cum
3087 5097 3313 5168 verbum
3331 5097 3496 5150 adoro
3520 5097 3574 5168 in
3599 5097 3718 5151 aliis
3737 5095 3869 5168 etiam

2301 5167 2486 5224 llilarii
2519 5170 2650 5224 locis
2675 5184 2794 5222 cum
2824 5177 3018 5236 quarto
3045 5181 3171 5222 casu
3191 5167 3440 5235 junctum
3475 5167 3864 5222 adverterimus.

2297 5239 2454 5309 Apud
2485 5239 2608 5295 Par.
2642 5239 2940 5292 adorantem
2962 5237 3569 5309 supplicatuntque,_etc.
3605 5238 3747 5292 Ante
3768 5236 3868 5289 adeo

2296 5307 2494 5377 ratum,
2522 5309 2830 5379 intelligere
2859 5321 2942 5365 est
2969 5311 3227 5364 continent
3247 5308 3368 5363 libri
3398 5307 3596 5378 Moysi.

2374 5425 2449 5495 (g)
2484 5423 2540 5495 ln
2566 5422 2820 5493 vulgatis,
2853 5423 3069 5495 venienti
3089 5417 3380 5495 habitatori.
3403 5421 3863 5495 Praeferimuscum

2299 5492 2598 5567 potiarihus
2626 5492 2759 5567 mss.
2786 5494 3015 5567 veniente
3044 5493 3332 5567 habitatore
3352 5534 3366 5558 ,
3397 5492 3856 5567 diabolo_scilicet.

2285 5564 2382 5622 ‘cui
2425 5580 2598 5636 neque
2640 5565 2726 5619 lex
2754 5565 2984 5620 sollicita
3021 5565 3332 5635 prospexit,
3365 5578 3468 5620 nec
3495 5564 3792 5636 ρτοιιιιειιε,
3816 5567 3860 5615 ut

2299 5653 2409 5709 prae
2447 5635 2638 5692 seiert
2659 5637 2806 5706 prior
2833 5636 3015 5692 lectio.

2371 5742 2454 5812 (h)
2483 5741 2572 5800 Sic
2603 5754 2735 5799 mss.
2763 5743 2833 5799 At
2861 5740 3029 5812 editi,
3062 5739 3116 5796 in
3142 5738 3369 5798 Curium
