3974 6198
47 257 174 313 995

965 257 1513 317 COMMENTARIUS
1549 257 1614 316 IN
1655 258 2100 320 MATTHZEUM.
2141 261 2297 321 CAP.
2339 267 2478 325 XIII.

3267 275 3378 334 99b

47 381 231 428 erunt
263 373 535 445 prioribus
563 371 732 448 :‘quia
754 374 830 450 (a)
863 389 929 433 ex
951 376 1152 434 Iudaeis
1178 378 1487 434 immundus
1513 377 1670 450 spiri-
1697 377 1752 439 Α
1773 377 1841 434 ab
1861 379 1960 435 eis.
1988 380 2251 438 Damnum
2302 384 2508 441 scilicet
2539 384 2672 456 legis
2715 398 2782 442 ex
2829 385 2954 443 fidei
2987 387 3166 459 inopia
3191 389 3376 448 decla-

47 477 148 524 tus
207 479 358 525 metu
409 469 572 543 734
623 472 754 543 legis
803 482 1136 536 excesserat,
1191 488 1335 529 nunc
1390 481 1568 528 autem
1615 471 1668 526 in

42 574 160 616 eos
219 577 345 618 cum
400 564 606 619 ultione
653 563 949 635 repudiata:
1001 563 1071 620 ab
1121 564 1202 621 eis
1247 565 1433 636 gratia:
1489 578 1671 620 rever-

42 660 233 710 tetur.
944 657 953 673 '

127 746 233 802 24.
263 746 713 820 Pr0pinquitatum
730 751 822 821 jus
834 752 949 822 jam
976 749 1114 806 unde
1139 752 1462 806 sumendum.
1483 748 1674 805 Christi

41 842 350 915 propinqui
387 843 513 914 foris
553 854 777 912 stantes,
819 845 1120 918 Synagoga.
1150 876 1223 889 -—
1245 846 1313 901 Et
1349 846 1474 918 quia
1503 853 1671 901 totum

39 934 208 990 istud
238 936 294 990 in
325 947 562 1008 paterna:
599 937 897 1009 majestatis
930 941 1133 996 virtute
1159 939 1510 1009 loqueretur;
1535 954 1674 993 nun-

41 1027 219 1082 tianti
245 1028 347 1084 sibi
365 1029 506 1100 quod
527 1029 656 1085 foris
677 1046 708 1084 a
737 1040 908 1087 matre
929 1041 1090 1102 atque
1115 1046 1145 1085 a
1176 1030 1430 1086 fratribus
1451 1045 1676 1102 exspec-

41 1133 297 1194 taretur,
324 1141 541 1181 manum
575 1127 626 1181 in
652 1125 948 1193 discipulos
971 1127 1288 1193 extendens,
1314 1140 1410 1181 eos
1435 1125 1536 1180 sibi
1565 1125 1675 1180 fra-

43 1225 173 1273 tres
203 1233 335 1274 esse
361 1229 696 1289 matremque
725 1219 1006 1290 respondit
1027 1235 1042 1286 ;
1065 1228 1120 1275 et
1138 1219 1460 1289 quicumque
1483 1218 1675 1275 volun-

41 1309 152 1363 tati
184 1316 432 1379 paternae
456 1309 745 1366 obsecutus
763 1321 928 1379 esset,
955 1325 1080 1367 eum
1108 1325 1232 1366 esse
1269 1320 1321 1366 et
1363 1309 1583 1366 fratrem
1621 1320 1676 1366 et

43 1419 318 1459 sororem
365 1412 418 1458 et
463 1412 690 1459 matrem
743 1421 757 1457 :
809 1405 1036 1459 formam
1084 1419 1144 1460 se
1189 1404 1362 1475 ipsum
1412 1403 1676 1459 universis

41 1495 265 1565 agendi
298 1494 676 1566 sentiendique
695 1495 1052 1563 constituens,
1079 1496 1536 1568 propinquitatium
1559 1511 1677 1550 om-

45 1587 213 1642 nium
244 1586 341 1658 jus
362 1595 524 1658 atque
555 1603 775 1653 nomen,
805 1588 911 1658 jam
965 1604 1072 1643 non
1119 1588 1186 1643 de
1231 1588 1541 1644 conditione
1582 1605 1678 1642 na-

47 1682 287 1747 scendi,
325 1681 420 1737 sed
462 1681 528 1736 de
579 1681 836 1737 Ecclesia:
882 1681 1262 1736 communione
1310 1681 1672 1736 retinendum.

1773 480 1853 526 rat
1881 488 1896 526 :
1925 473 2008 545 (d)
2032 491 2189 544 quam
2222 476 2382 532 fidem
2403 476 2572 534 Judzei
2604 494 2709 533 non
2736 479 3019 545 habentes,
3045 482 3216 554 legem
3245 500 3381 556 quo-

1773 578 1876 647 que
1897 580 2054 635 quam
2087 566 2250 641 735
2275 569 2572 625 habuerant
2604 571 2975 641 perdiderunt.
3013 574 3082 631 Et
3111 575 3235 632 ideo
3258 592 3382 647 per-

1772 645 1969 703 fectum
2003 650 2134 707 fides
2154 655 2462 724 evangelica
2491 654 2652 712 habet
2679 656 2879 713 donum
2907 675 2920 724 ;
2955 661 3080 730 quia
3131 645 3381 732 suscepta

1775 739 1927 794 novis
1975 741 2236 799 fructibus
2277 744 2447 812 ditat,
2495 746 2771 818 repudiata
2817 764 2949 805 vero
2977 752 3137 807 etiam
3177 754 3380 811 veteris

1774 830 2094 889 substantiae
2125 850 2255 905 opes
2283 837 2540 894 detrahit.
3153 889 3161 898 .

1845 927 1901 983 3.
1941 927 2113 984 Vestri
2142 941 2310 986 autem
2339 933 2476 988 beati
2499 935 2636 989 oculi
2663 937 2753 1006 qui
2781 938 2953 994 vident
2972 981 2988 1007 ,
3013 949 3059 995 et
3095 957 3246 998 aures
3268 957 3382 1013 qua:

1774 1018 1992 1072 audiunt
2014 1019 2177 1091 (Ibid.
2212 1024 2324 1096 l6).
2347 1025 2662 1096 Apostoloci
2688 1031 2948 1100 temporis
2992 1032 3378 1106 beatitudinem

1775 1108 1954 1175 docet,
1986 1128 2214 1183 quorum
2247 1117 2420 1172 oculis
2455 1128 2618 1190 atque
2647 1123 2865 1178 auribus
2905 1125 3133 1197 contigit
3159 1129 3248 1183 Dei
3285 1128 3384 1185 Sa-

1778 1202 1952 1258 lutare
1979 1205 2156 1263 visere
2191 1217 2246 1264 et
2287 1209 2518 1266 audire:
2557 1213 2832 1284 prophetis
2873 1224 3036 1288 atque
3079 1218 3241 1287 justis
3289 1235 3385 1276 cu-

1779 1292 2051 1362 pientibus
2080 1298 2263 1354 videre
2302 1309 2358 1356 et
2400 1301 2588 1359 audire
2629 1304 2682 1358 in
2733 1307 3117 1375 plenitudinem
3175 1321 3384 1382 tempo-

1778 1400 1894 1440 rum
1923 1386 2442 1466 (eldestinatorum,
2478 1406 2531 1450 et
2580 1399 2998 1467 exspectationis
3051 1402 3204 1458 istius
3252 1418 3386 1475 gau-

1781 1479 1927 1535 dium
1959 1481 2236 1552 Apostolis
2261 1498 2618 1545 reservatum.

1849 1571 1905 1626 4.
1962 1572 2199 1630 Granum
2243 1579 2438 1648 sinapis
2491 1580 2761 1638 Dominus.
2818 1583 2975 1640 Olera
3023 1587 3388 1658 prapltetarum

1779 1664 1950 1720 verba.
1996 1668 2230 1738 Apostoli
2255 1673 2511 1740 quomodo
2542 1677 2692 1730 rami.
2722 1705 2794 1716 -—
2827 1676 3012 1732 Simile
3056 1689 3131 1733 est
3174 1697 3387 1752 regnum

45 1775 344 1832 Cmterum
371 1789 475 1829 non
505 1772 782 1829 fastidiose
807 1773 875 1829 de
901 1784 1076 1828 matre
1103 1788 1197 1828 sua
1228 1772 1464 1828 sensisse
1492 1773 1676 1828 existi-
1705 1762 1710 1822 ξ

1806 1757 2026 1812 velorum
2053 1777 2218 1831 grano
2265 1764 2484 1834 sinapis,
2525 1776 2580 1820 et
2607 1769 2815 1838 reliqua
2861 1769 3022 1842 (Ibid.
3054 1771 3170 1844 51).
3203 1773 3388 1832 Grano

49 1866 305 1922 mandus
337 1876 444 1932 est,
477 1865 564 1921 cui
595 1867 646 1920 in
678 1865 930 1934 passione
972 1864 1175 1935 positus
1204 1864 1453 1919 maximae
1479 1863 1680 1920 sollici-

48 1957 279 2015 tudinis
312 1957 568 2014 tribuerit
588 1958 836 2014 adactum
869 1955 1063 2030 (Joan.
1093 1972 1188 2011 XIX
1211 1999 1224 2023 ,
1259 1955 1332 2011 26
1359 1967 1405 2010 et
1425 1953 1552 2027 '27).
1582 1955 1681 2011 Est

49 2063 254 2109 autem
287 2053 448 2108 etiam
482 2053 533 2107 in
565 2067 632 2108 co
651 2053 828 2125 typica
852 2053 990 2107 ratio
1020 2061 1254 2120 servata,
1280 2063 1336 2106 ut
1365 2060 1538 2106 mater
1564 2051 1681 2119 ejus

53 2158 113 2204 et
153 2148 368 2204 fratres
404 2146 536 2202 foris
565 2153 794 2212 starent,
828 2161 948 2202 cum
1006 2145 1189 2216 utuiqe
1230 2143 1567 2214 ingrediendi
1615 2142 1682 2198 ad

52 2255 193 2297 eum
219 2239 489 2295 haberent
517 2249 573 2293 ut
612 2238 1166 2307 caeteri'potestatem.
1196 2236 1301 2291 Sed
1331 2235 1456 2308 quia
1489 2236 1540 2290 in
1585 2250 1682 2291 sua

53 2333 243 2399 venit,
270 2342 329 2387 et
357 2333 437 2386 sui
460 2345 582 2386 eum
611 2329 694 2400 (b)
723 2346 829 2384 non
870 2335 1229 2399 receperunt;
1262 2328 1314 2382 in
1351 2335 1522 2382 matre
1567 2326 1686 2398 ejus

56 2442 126 2481 ac
153 2423 423 2479 fratribus
449 2423 728 2495 Synagoga
755 2431 809 2477 ct
829 2421 1087 2476 Israelita:
1131 2420 1575 2492 praefigurantur,
1604 2418 1687 2473 in-

60 2537 271 2595 gressu
295 2520 412 2590 ejus
433 2528 595 2591 atque
626 2518 772 2573 aditu
797 2516 1155 2572 abstinentes.

686 2653 914 2711 CAPUT
955 2651 1093 2708 XIII.

68 2777 291 2833 Sedens
327 2774 383 2828 in
408 2772 642 2829 navicula
690 2769 841 2824 Jesus
873 2769 1038 2824 turbis
1066 2767 1338 2836 parabolas
1375 2767 1602 2836 loquitur
1630 2765 1692 2820 de

152 2873 445 2928 seminante
489 2873 678 2926 bonum
729 2885 930 2934 semen,
962 2868 1025 2922 de
1053 2866 1253 2920 zizania
1307 2873 1354 2918 et
1408 2861 1602 2928 tritico,
1631 2860 1694 2914 de

148 2980 328 3038 grano
351 2964 568 3037 sinapis,
593 2963 657 3017 de
685 2962 932 3032 fermento
955 2959 1200 3014 absconso
1229 2958 1281 3012 in
1309 2958 1502 3028 farina,
1533 2966 1578 3010 et
1601 2971 1693 3009 ea:-

150 3060 352 3132 positio
376 3059 612 3122 zizanite,
639 3056 703 3110 de
722 3055 958 3110 thesauro
980 3055 1035 3108 in
1063 3069 1187 3124 agro
1209 3093 1223 3118 ,
1247 3050 1310 3105 de
1337 3051 1468 3105 bona
1489 3065 1694 3120 marga—

153 3153 285 3218 rita,
310 3151 374 3204 de
394 3151 488 3205 reti
518 3148 748 3203 missoin
771 3163 928 3201 mare.

155 3267 219 3320 1.
272 3262 500 3318 Verbum
544 3259 641 3315 Dei
681 3277 782 3316 non
822 3257 1030 3331 capiunt
1057 3275 1118 3314 aa
1146 3257 1378 3313 Ecclesia
1417 3255 1594 3310 alieni.
1627 3283 1698 3295 —-

73 3363 150 3417 In
183 3358 284 3414 illa
309 3357 392 3411 die
417 3357 539 3412 exiit
559 3355 715 3411 Iesus
741 3397 754 3420 ,
787 3363 835 3409 et
860 3351 1063 3408 sedebat
1091 3367 1239 3406 secus
1265 3366 1406 3405 mare
1445 3367 1464 3403 :
1502 3359 1547 3404 et
1576 3364 1700 3402 con-

85 3461 333 3528 gregata:
354 3459 472 3506 sunt
495 3447 562 3503 ad
583 3465 694 3503 eum
714 3448 893 3510 turbw,
911 3447 982 3499 ita
997 3446 1123 3498 utin
1144 3444 1435 3498 naviculam
1460 3440 1700 3497 ascende-

75 3556 160 3602 ret
196 3541 434 3613 (Matth.
465 3557 576 3604 xm,
612 3540 638 3594 I
673 3547 721 3593 et
747 3538 806 3610 2)
841 3556 854 3592 :
887 3535 1108 3593 Sedisse
1141 3535 1428 3589 Dominum
1457 3537 1508 3587 in
1544 3531 1698 3596 navi,

76 3649 136 3695 et
171 3636 369 3692 turbas
406 3633 536 3688 l'oris
558 3632 807 3696 stetisse,
848 3645 914 3684 ex
943 3627 1198 3696 subjectis
1239 3625 1402 3680 rebus
1429 3631 1512 3678 est
1541 3624 1699 3677 ratio.

79 3732 141 3786 In
175 3725 456 3800 parabolis
489 3725 630 3780 enim
658 3732 774 3778 erat
818 3721 1096 3776 locuturus
1126 3737 1140 3774 :
1175 3727 1231 3774 et
1269 3717 1394 3773 facti
1427 3717 1581 3770 istius
1611 3731 1703 3786 ge-

78 3834 228 3878 nere
268 3815 539 3889 significat
565 3830 690 3882 eos,
735 3814 824 3884 qui
856 3822 1008 3868 extra
1042 3809 1336 3866 Ecclesiam
1367 3809 1526 3880 positi
1556 3817 1701 3874 sunt,

81 3913 309 3970 nullam
340 3909 512 3965 divini
547 3908 815 3985 sermonis
844 3920 1040 3976 capere
1076 3917 1235 3974 posse
1276 3901 1702 3972 intelligentiam.

80 4005 265 4063 Navis
296 4003 442 4059 enim
467 3999 727 4056 Ecclesia:
750 4009 932 4071 typum
963 3997 1181 4067 praefert
1206 4013 1218 4048 :
1239 3995 1378 4050 intra
1400 4010 1558 4065 quam
1586 4010 1709 4049 ver-

80 4102 228 4159 bum
259 4096 388 4152 vitae
417 4097 644 4166 positum
677 4104 731 4150 et
758 4093 1108 4164 praedicatum
1139 4092 1214 4160 lii,
1246 4091 1339 4162 qui
1381 4100 1532 4147 extra
1559 4099 1704 4158 sunt,

83 4204 144 4251 et
175 4205 368 4246 arente
391 4187 552 4243 modo
580 4187 797 4242 steriles
821 4196 983 4256 atque
1012 4185 1232 4239 inutiles
1253 4183 1524 4253 adjacent,
1547 4183 1708 4237 intel-

86 4287 274 4359 ligere
299 4297 407 4337 non
431 4289 676 4352 possunt.
702 4281 776 4336 De
799 4277 1068 4349 parabolis
1089 4284 1265 4331 autem
1292 4275 1404 4345 jam
1424 4290 1455 4329 a
1482 4275 1708 4329 Domino

84 4373 370 4433 absolutis
391 4370 462 4444 (c)
491 4372 634 4443 loqui
672 4372 904 4426 Otiosum
928 4378 1033 4427 est.

163 4471 229 4525 ‘2.
256 4466 450 4538 Legem
485 4464 547 4518 ob
591 4465 821 4536 inapiam
871 4463 993 4533 ﬁdei
1042 4462 1377 4533 perdiderunt
1413 4459 1609 4516 Judwi.
1639 4490 1712 4504 —

1781 1851 1984 1922 sinapis
2014 1868 2075 1908 se
2106 1855 2280 1923 ipsum
2316 1858 2576 1914 Dominus
2605 1864 2958 1930 comparavit,
2989 1866 3101 1920 acri
3124 1869 3380 1936 maxime,

1781 1952 1836 1999 et
1855 1945 2095 2000 omnium
2118 1948 2389 2004 seminum
2413 1950 2657 2018 minimo,
2687 1956 2843 2022 cujus
2867 1957 3038 2012 virtus
3064 1973 3128 2014 ac
3151 1970 3389 2030 potestas

1787 2036 2222 2094 tribulationibus
2253 2049 2308 2096 et
2341 2045 2611 2112 pressuris
2642 2047 2976 2104 accenditur.
3007 2050 3247 2107 Granum
3283 2053 3388 2111 hoc

1786 2128 1947 2197 igitur
1978 2139 2260 2201 postquam
2289 2134 2340 2188 in
2371 2150 2504 2205 agro
2544 2146 2718 2192 satum
2755 2138 2935 2206 fuerit,
2979 2141 3034 2196 id
3075 2151 3179 2210 est,
3210 2144 3304 2200 ubi
3354 2160 3386 2202 a

1789 2220 1986 2291 popqu
2016 2222 2444 2292 comprehensus
2465 2235 2521 2282 et
2546 2228 2772 2285 traditus
2803 2233 2999 2300 morti,
3033 2242 3301 2306 tamquam
3333 2237 3386 2294 in

1787 2326 1947 2382 agro,
1982 2312 2190 2369 satione
2217 2317 2448 2386 quadam
2478 2317 2576 2373 fuit
2605 2324 2852 2392 corporis
2889 2327 3271 2397 consepultus;
3306 2330 3390 2384 ul-

1789 2413 1872 2460 tra
1901 2421 2209 2462 mensuram
2233 2411 2472 2466 omnium
2510 2413 2717 2469 olerum
2758 2419 3057 2486 excrescit,
3087 2431 3142 2475 et
3172 2421 3388 2478 univero

1791 2514 1904 2555 sam
1930 2502 2314 2574 prophetarum
2337 2507 2562 2577 gloriam
2597 2510 2831 2568 excedit.
2856 2513 3034 2570 Oleris
3059 2515 3204 2571 enim
3244 2517 3384 2586 vice,

1793 2603 2063 2666 tamquam
2081 2607 2304 2668 :egroto,
2333 2601 2514 2656 lsraeli
2543 2602 2665 2658 data
2693 2614 2778 2660 est
2803 2607 3116 2676 praedicatio
3155 2611 3389 2681 proplteo

1801 2696 1998 2742 tarmn.
2027 2689 2132 2745 Sed
2160 2690 2269 2759 jam
2304 2707 2368 2748 ex
2402 2695 2566 2750 ramis
2591 2696 2807 2753 arboris
2832 2715 2900 2754 ex
2928 2701 3045 2755 solo
3081 2702 3131 2756 in
3159 2703 3392 2762 sublime

1794 2782 2041 2853 prolatae,
2061 2785 2189 2842 .cteli
2218 2787 2466 2844 volucres
2495 2789 2816 2846 inhabitant.
2843 2791 3132 2865 Apostolus
3159 2797 3390 2865 scilicet,

1795 2883 1851 2930 et
1916 2874 2117 2932 Chri5ti
2187 2878 2388 2936 virtute
2454 2891 2762 2952 protensos,
2810 2897 2863 2942 et
2912 2889 3171 2945 mundum
3218 2892 3396 2948 inum-

1798 2967 2014 3024 brantcs
2038 3011 2053 3037 ,
2084 2971 2136 3026 in
2169 2974 2336 3028 ramis
2367 2974 2730 3046 intelligemus
2763 2998 2775 3032 :
2820 2980 2873 3036 in
2921 2998 3058 3053 quos
3105 2994 3293 3055 gentes
3317 2987 3394 3059 ⁸ῑιι

1799 3075 1949 3131 spem
1979 3064 2102 3118 vitae
2123 3066 2448 3122 advolabunt
2469 3110 2482 3133 ,
2513 3081 2570 3125 et
2599 3085 2849 3127 aurarum
2883 3074 3096 3132 turbine
3121 3118 3135 3142 ,
3184 3076 3236 3132 id
3267 3086 3352 3135 est
3376 3119 3394 3145 ,

1719 3156 1766 3220 C
1799 3155 1997 3212 diaboli
2031 3158 2224 3228 spiritu
2251 3159 2490 3232 ﬂatuque
2535 3163 2759 3232 vexatur,
2819 3176 3089 3240 tamquam
3137 3172 3188 3226 in
3231 3174 3398 3230 ramis

1799 3251 2010 3306 arboris
2038 3253 2407 3323 acquiescent.

1873 3345 1926 3398 5.
1960 3343 2193 3399 Christus
2221 3346 2274 3400 in
2303 3347 2429 3419 lege,
2457 3349 2718 3422 prap/tetis
2749 3362 2796 3407 et
2818 3355 3398 3426 evangeliis.—Si,mile

1802 3447 1874 3494 est
1897 3455 2107 3510 regnum
2129 3440 2374 3494 (telorum
2395 3445 2673 3513 fermento,
2719 3447 2857 3516 quod
2898 3459 3166 3520 acceptant
3210 3453 3399 3508 mulier

1802 3531 2067 3585 abscondit
2085 3533 2137 3586 in
2160 3533 2344 3602 farinw
2365 3536 2614 3589 mensuris
2642 3536 2824 3605 tribus,
2850 3539 3013 3594 donec
3037 3541 3398 3610 fermentatum

1804 3633 1877 3676 est
1899 3634 2056 3677 totum
2091 3623 2253 3693 (Ibid.
2287 3624 2398 3697 55).
2437 3625 2778 3683 Fermcntum
2803 3631 2870 3686 de
2899 3631 3070 3688 farina
3099 3645 3217 3704 est,
3253 3637 3400 3707 quod

1806 3717 2058 3772 virtutem
2102 3728 2377 3789 acceptam
2427 3734 2623 3776 acervo
2655 3724 2868 3792 generis
2895 3725 2978 3780 sui
3019 3727 3215 3784 reddit.
3267 3729 3407 3787 Huic

1807 3826 1866 3867 se
1897 3811 2152 3866 Dominus
2173 3813 2536 3882 comparavit,
2571 3815 2712 3886 quod
2736 3827 3016 3889 acceptum
3055 3821 3274 3889 mulier,
3307 3838 3405 3895 sy-

1808 3919 2012 3975 nagoga
2044 3905 2287 3972 scilicet,
2321 3919 2416 3976 per
2451 3906 2712 3977 judicium
2739 3912 2932 3966 mortis
2956 3912 3276 3980 abscondit,
3313 3930 3404 3970 ar-

1807 4011 1978 4066 guens
2011 3997 2182 4067 legem
2212 4007 2262 4053 et
2291 3999 2580 4070 prophetas
2606 4001 2672 4074 (f)
2697 4005 2990 4075 evangeliis
3012 4007 3252 4062 dissolvi.
3293 4009 3407 4066 Hoc

1810 4097 1988 4143 autem
2019 4088 2207 4144 farina:
2239 4093 2504 4146 mensuris
2533 4093 2726 4159 tribus,
2760 4095 2814 4149 id
2845 4103 2947 4156 est.
2975 4097 3109 4167 legis
3129 4141 3143 4166 ,
3169 4100 3405 4169 prophe-

1813 4189 1984 4233 tarum
2011 4221 2026 4245 ,
2057 4180 2456 4251 evangeliorum
2495 4183 2804 4252 aequalitate
2849 4197 3194 4257 coopertum,
3225 4193 3408 4251 omnia

1811 4287 1977 4327 unum
2000 4272 2128 4328 facit
2153 4291 2164 4326 :
2191 4283 2246 4328 ut
2277 4273 2419 4344 quod
2448 4275 2532 4329 lex
2554 4277 2855 4345 constituit,
2887 4279 3165 4350 propheta:
3195 4283 3411 4339 nuntia-

1813 4375 2048 4430 verunt,
2092 4364 2146 4420 id
2183 4365 2356 4437 ipsum
2395 4367 2797 4438 evangeliorum
2827 4370 3161 4439 profectibus
3189 4374 3410 4445 explea-

1815 4465 1923 4511 tur.
1975 4455 2246 4527 Fiuntque
2275 4457 2456 4514 omnia
2488 4473 2586 4529 per
2629 4458 2724 4515 Dei
2773 4460 3034 4532 Spiritum
3062 4463 3303 4534 ejusdem
3355 4475 3412 4523 et

91 4567 205 4637 Qui
239 4565 379 4619 enim
404 4561 587 4628 habet,
621 4560 825 4614 dabitur
863 4560 946 4627 ei,
983 4568 1030 4613 et
1065 4557 1342 4611 abundabit
1381 4557 1511 4628 :qui
1540 4566 1711 4611 autem
1735 4546 1790 4608 D
1818 4552 2031 4607 virtutis
2073 4561 2129 4608 et
2157 4568 2348 4609 sensus
2380 4571 2400 4608 :
2431 4554 2672 4625 nihilque
2714 4556 2856 4612 aliud
2892 4558 2960 4614 ab
3003 4559 3110 4616 alio
3140 4563 3412 4621 mensuris

88 4679 203 4716 non
238 4656 414 4720 habet,
442 4665 488 4710 et
534 4654 671 4725 quod
699 4653 862 4720 (habet
889 4656 1152 4724 auferetur
1181 4649 1243 4704 ab
1274 4667 1332 4704 eo
1375 4649 1550 4721 (Ibid.
1584 4649 1648 4704 I2

93 4752 281 4823 Regni
316 4747 574 4819 mysteria
609 4746 742 4800 ﬁdes
783 4743 1032 4814 percipit.
1060 4743 1185 4796 Haec
1235 4742 1287 4796 in
1330 4741 1522 4812 quibus
1561 4741 1722 4797 fuerit

92 4844 381 4921 proficiet,
414 4850 469 4897 et
497 4839 844 4898 incrementis
872 4836 1146 4909 profectus
1175 4835 1256 4891 sui
1297 4834 1592 4890 abundabit
1624 4852 1636 4888 :
1665 4835 1718 4889 in

92 4939 311 5013 quibus
335 4950 463 4992 vero
496 4951 600 4989 non
639 4932 821 4997 fuerit,
850 4931 1014 4986 etiam
1043 4927 1185 5000 quod
1219 4927 1417 4983 habent
1446 4926 1718 4985 auferetur

179 5119 264 5192 (a)
293 5119 356 5176 In
381 5131 510 5172 mss.
533 5115 686 5171 Colb.
713 5123 768 5170 et
788 5112 949 5168 Carn.
969 5125 1034 5166 ex
1052 5125 1110 5165 eo
1132 5123 1153 5164 :
1183 5109 1235 5164 in
1256 5107 1491 5175 cieteris,
1522 5123 1586 5162 ex
1611 5109 1702 5163 eis.

185 5193 272 5263 (b)
307 5193 423 5263 Duo
453 5202 720 5263 mss.__non
748 5191 1113 5263 cognoverunt.

183 5250 272 5331 (ei
297 5259 768 5331 Cujusmodisunt
797 5250 1460 5331 preposiuein_ter_titulos
1485 5250 1714 5331 parabo—

97 5338 172 5392 Ιεῐι
193 5323 280 5389 ’άέ
305 5323 586 5387 seminante
614 5323 807 5382 bonum,
831 5323 1020 5390 semen,
1051 5330 1106 5378 et
1133 5323 1194 5375 de
1220 5323 1423 5376 zizania
1444 5332 1493 5376 et
1521 5323 1709 5380 tritico.

98 5409 255 5465 Hinc
284 5417 446 5459 nemo
467 5417 572 5456 non
597 5399 741 5454 videt
768 5396 948 5451 titulos
971 5395 1091 5449 illos
1121 5409 1224 5447 non
1250 5393 1444 5465 frustra
1466 5394 1714 5462 superius

100 5464 298 5535 locum
331 5489 487 5530 suum
509 5471 775 5535 obtinere,
801 5468 1046 5539 quamvis
1075 5465 1154 5520 eis
1185 5464 1418 5520 Hilarius
1443 5473 1551 5519 tam
1581 5479 1717 5535 pau-

99 5552 191 5608 eis
222 5545 547 5602 satisfaciat.

184 5617 280 5691 (α)
314 5618 372 5673 In
400 5616 608 5685 aliquot
627 5627 757 5669 mss.
789 5611 912 5682 quia
939 5607 1114 5679 ﬁdem.

189 5714 274 5785 (ei
303 5709 636 5786 Turonensis
658 5722 761 5786 ms.
791 5706 863 5786 ab
886 5705 1103 5786 antiqua
1122 5717 1297 5786 manu
1337 5701 1594 5786 secunda,
1627 5703 1719 5757 de—

105 5775 411 5848 stinatum;
441 5781 586 5853 quod
635 5781 795 5836 etiam
850 5776 1051 5832 habent
1088 5775 1179 5830 alii
1209 5775 1447 5846 quinque
1472 5815 1488 5844 ,
1531 5784 1585 5830 et
1614 5790 1721 5830 non

1820 4644 2117 4715 aequalibus
2146 4645 2526 4702 fermentatum
2553 4647 2878 4706 dissentiens
2907 4653 3228 4724 reperietur.

1896 4739 1950 4794 6.
1979 4738 2062 4792 Ad
2091 4737 2356 4794 Trinitatis
2398 4742 2646 4795 unitatem
2687 4752 2778 4796 aut
2806 4744 2965 4798 trium
3003 4748 3234 4817 gentium
3260 4765 3417 4806 voca.

1825 4833 2015 4886 tionem
2043 4830 2290 4901 praedicta
2320 4847 2420 4886 non
2461 4842 2593 4887 recte
2630 4837 2939 4896 referuntur.
2979 4865 3052 4876 —
3074 4838 3414 4912 Quamquam

1826 4925 1892 4982 ad
1924 4925 2047 4981 fidei
2095 4925 2173 4997 (g)
2215 4934 2611 4982 sacramentum
2634 4969 2648 4994 ,
2682 4926 2736 4982 id
2766 4925 2881 4997 est,
2911 4929 2979 4985 ad
3001 4930 3175 4990 Patris
3213 4943 3270 4992 et
3295 4935 3418 4997 Filii

1815 5110 1956 5166 male
1977 5115 2155 5180 potest
2183 5106 2370 5163 referri
2393 5106 2459 5162 ad
2484 5106 2746 5163 Salutare.
2785 5109 2901 5166 Non
2931 5123 3204 5173 mutamus
3235 5128 3428 5180 tamen.

1813 5182 2099 5236 lectionem
2124 5187 2420 5244 receptam,
2451 5194 2610 5247 quam
2641 5180 2966 5240 confirmant
2994 5203 3125 5243 mss.
3175 5205 3283 5246 non
3315 5196 3418 5249 mi...

1816 5248 2418 5334 nus-sinceri..Lips_ius
2448 5251 2736 5334 autemnde
2764 5267 2864 5310 suo
2902 5270 3243 5328 expunxerat
3280 5248 3421 5334 prae-

1818 5325 2149 5394 positionem
2173 5323 2225 5394 in
2253 5331 2379 5394 ante
2411 5323 2799 5394 plenitudinem.

1891 5395 1957 5466 (1)
1995 5395 2120 5450 Sola
2142 5393 2307 5468 editio
2330 5393 2452 5468 Par.
2477 5409 2539 5448 ea:
2560 5393 2857 5468 Evangeliis
2880 5416 2899 5454 :
2923 5410 3032 5458 tum
3057 5413 3268 5460 caetera:
3295 5421 3417 5464 cum

1823 5464 2032 5537 aliquot
2054 5481 2183 5520 mss.
2220 5464 2516 5519 dissolutos.

1895 5557 1989 5634 (g)_
2011 5555 2198 5612 Obiter
2223 5557 2668 5634 observarelicet
2702 5565 3014 5634 mysterium
3043 5563 3318 5621 Trinitatis
3348 5569 3418 5625 ab

1824 5628 2041 5704 Hilario
2053 5638 2430 5704 sacramentum
2457 5629 2595 5704 ﬁdei,
2613 5628 2907 5704 nuncupari
2942 5652 2956 5688 :
2983 5643 3040 5688 ut
3065 5650 3202 5704 quos
3221 5636 3291 5691 de
3315 5638 3421 5696 hoc

1823 5699 2082 5778 mysterio
2112 5699 2274 5778 libros
2303 5699 2878 5778 conscripsit,_aliis'de
2897 5704 3024 5771 ﬁde,
3053 5699 3181 5760 aliis
3201 5705 3266 5762 de
3291 5706 3417 5765 Tri-

1827 5771 1982 5826 nitate
2004 5771 2299 5829 inscribere
2323 5787 2449 5828 vere
2476 5771 2709 5828 licuerit.
