3974 6198
614 221 718 302 eos

1795 225 2041 296 SANCTI
2080 226 2333 293 nuntur
2370 207 2675 292 EPlSCOPl

3823 234 3911 292 €95

611 347 664 389 et
692 334 924 405 Spiritus
955 336 1122 392 sancti
1149 338 1430 404 unitatem,
1463 337 1558 394 sed
1595 347 1650 396 et
1675 338 1739 394 ad
1767 341 1928 400 trium
1959 343 2199 412 gentium
2229 354 2284 416 Α
2377 345 2434 404 9.
2466 343 2781 404 Praedicatio
2807 344 2895 414 qui
2926 355 3050 404 rete.
3072 375 3145 390 --
3171 344 3366 404 Iterum
3397 345 3569 402 simile
3594 354 3676 402 est
3715 364 3911 419 h’gmo'm

616 429 973 492 νοοειιίοηθιη,
999 446 1066 486 ex
1095 431 1244 498 Sem,
1270 431 1439 488 Cham
1465 442 1520 488 et
1540 432 1754 504 Japhct,
1790 445 1898 492 tres
1926 451 2208 496 mensuras

615 519 809 595 furium
825 533 945 576 esse
967 520 1280 578 referendas
1297 565 1311 589 ,
1339 525 1578 582 sensisse
1601 526 1799 586 multos
1842 528 2202 586 meminerim.

613 609 723 666 Sed
751 612 937 668 nescio
965 627 1031 668 an
1063 613 1166 670 hoc
1204 614 1276 670 ita
1304 616 1512 686 opinari
1547 617 1688 674 ratio
1715 619 1993 688 permittat
2039 637 2054 676 :
2082 635 2206 677 cum

619 705 832 760 tametsi
860 705 1097 768 amntium
1127 709 1370 779 gentium
1400 711 1612 774 vacatio
1636 713 1708 772 sit
1730 712 1808 782 (a)
1829 729 2000 783 atque,
2029 722 2207 771 tamen

624 794 678 848 in
714 795 798 849 his
828 795 1075 854 Christus
1099 816 1204 856 non
1235 802 1531 860 absconsus
1561 805 1666 871 sit,
1697 805 1793 864 sed
1820 815 2112 871 ostensus;
2152 816 2207 862 et

614 886 667 946 in
694 896 840 952 tanta
871 889 1166 950 inﬁdelium
1208 895 1547 958 multitudine
1589 913 1696 956 non
1727 899 2112 958 fermentatum
2135 899 2208 957 sit

614 988 785 1038 totum
811 998 824 1035 :
844 983 894 1040 in
918 982 1076 1040 Patre
1095 996 1275 1044 autem
1297 988 1461 1061 736
1478 997 1532 1046 et
1546 989 1681 1046 Filio
1705 1002 1758 1050 et
1777 991 1980 1062 Spiritu
1994 1000 2202 1060 sancto,

611 1072 828 1145 (b)sine
867 1075 1094 1138 admixti
1141 1081 1479 1142 extrinsecus
1522 1085 1772 1143 fermenti
1804 1085 2128 1148 nmeesitate
2150 1084 2206 1141 in

607 1164 825 1224 Christo
847 1208 862 1234 ,
897 1170 1078 1231 omnia
1109 1187 1274 1229 unum
1303 1175 1433 1232 sint.

679 1258 730 1311 7.
766 1258 1059 1318 Theraurur
1089 1264 1142 1318 in
1171 1281 1315 1335 agro,
1339 1266 1575 1322 Christus
1594 1268 1649 1324 in
1677 1266 2130 1326 carne.-—lterunt
2144 1270 2206 1323 si.

608 1350 728 1410 mile
749 1360 822 1405 est
837 1368 1047 1424 regnum
1065 1355 1310 1412 caelorum
1336 1359 1572 1414 thesauro
1593 1360 1908 1427 abscondito,
1929 1370 1984 1418 et
1999 1361 2205 1431 reliqua

605 1440 820 1511 (Matth.
846 1461 957 1512 xui,
992 1445 1107 1518 44).
1141 1447 1244 1504 Per
1265 1451 1672 1510 similitudinem
1703 1455 1940 1511 thesauri
1973 1455 2024 1511 in
2052 1470 2204 1524 agro,

605 1536 725 1606 spei
754 1547 952 1602 nostra:
980 1554 1112 1612 opes
1134 1542 1276 1598 intra
1299 1558 1358 1604 se
1387 1543 1588 1612 positas
1609 1545 1849 1604 ostendit
1872 1563 1886 1600 :
1909 1547 2035 1616 quia
2065 1546 2206 1602 Deus

608 1629 661 1688 in
697 1631 916 1692 homine
945 1636 1015 1694 sit
1042 1647 1288 1706 repertus
1314 1679 1329 1706 ,
1361 1639 1414 1694 in
1443 1639 1596 1711 cuius
1626 1641 1856 1710 pretium
1882 1655 2072 1697 omncs
2097 1654 2204 1695 ste-

608 1726 720 1784 culi
753 1726 1046 1796 vendenda;
1068 1740 1193 1786 sunt
1224 1732 1504 1794 facultates
1530 1775 1545 1801 ,
1578 1745 1635 1790 ut
1661 1737 1884 1804 vestitu,
1917 1736 2040 1792 cibo
2063 1777 2078 1802 ,
2111 1752 2206 1806 po-
2234 1747 2288 1808 Β

611 1827 776 1889 tuque
823 1821 1174 1892 indigentium
1202 1867 1218 1887 ,
1251 1835 1486 1884 aeternas
1511 1828 1752 1884 cmlestis
1785 1829 2022 1884 thesauri
2065 1828 2204 1884 divi-

611 1911 712 1980 tias
739 1926 1136 1982 comparemus.
1167 1915 1274 1972 Sed
1299 1919 1662 1976 contuendum
1686 1930 1788 1986 est,
1821 1920 1894 1990 (ο)
1920 1921 2204 1976 inventum

620 2004 936 2058 thesaurum
964 2015 1019 2060 et
1050 2007 1376 2063 absconsum
1404 2008 1610 2074 fuisse;
1643 2025 1764 2068 cum
1793 2012 1974 2080 utique
2001 2012 2088 2081 qui
2122 2013 2206 2066 in-

613 2096 792 2162 venit,
843 2105 898 2156 et
945 2110 1157 2156 secreto
1199 2111 1253 2158 et
1286 2113 1529 2173 tempore
1551 2119 1659 2176 quo
1685 2104 1965 2162 abscondit
1993 2105 2210 2162 auferre

613 2190 917 2262 potuisset,
953 2201 1007 2247 et
1030 2191 1280 2249 aufert-ns
1323 2195 1537 2254 emendi
1569 2197 1894 2254 necessitate
1922 2199 2205 2253 caruisset.

610 2282 718 2338 Sed
747 2295 804 2348 ut
835 2285 950 2352 rei,
975 2284 1050 2340 ita
1076 2295 1130 2340 et
1163 2287 1292 2344 dicti
1324 2288 1486 2345 tuerit
1516 2290 1653 2346 ratio
1695 2289 2032 2360 explicanda.
2079 2290 2210 2346 Ideo

607 2377 754 2436 enim
797 2377 1095 2438 absconsus
1135 2390 1218 2435 est
1248 2381 1532 2438 thesaurus
1561 2424 1576 2449 ,
1604 2383 1728 2454 quia
1775 2391 1833 2439 et
1883 2399 2073 2455 agrum
2099 2384 2209 2440 emi

607 2468 915 2536 oportebat.
975 2471 1285 2532 Thesau‘rus
1338 2476 1484 2530 enim
1529 2475 1584 2530 in
1630 2490 1784 2548 agro,
1831 2483 1891 2532 ut
1938 2476 2207 2540 diximus,

605 2558 852 2620 CitriStus
879 2561 1195 2634 intelligitur
1227 2565 1276 2619 in
1307 2580 1494 2631 carne,
1522 2582 1680 2636 quem
1713 2566 1984 2624 invenisse
2011 2565 2095 2639 (ά)
2125 2574 2211 2624 est

607 2654 922 2723 gratuitum.
957 2655 1372 2729 Evangeliortun
1417 2657 1562 2714 enim
1607 2659 1920 2730 praedicatio
1965 2661 2018 2718 in
2049 2660 2206 2716 abso-

606 2743 720 2804 luto
750 2756 830 2802 est
857 2787 870 2809 ,
896 2747 990 2804 sed
1015 2750 1198 2810 utendi
1218 2761 1271 2805 et
1297 2752 1604 2822 possidendi
1629 2752 1790 2823 huius
1821 2753 2064 2824 thesauri
2083 2767 2205 2812 cum

603 2852 734 2908 agro
764 2848 1003 2908 potestas
1034 2858 1139 2900 non
1184 2852 1363 2912 potest
1404 2859 1526 2902 esse
1555 2846 1672 2901 sine
1699 2847 1906 2916 pretio;
1940 2846 2064 2917 quia
2093 2861 2208 2904 cm-

603 2929 768 2992 lestes
795 2930 1000 2990 divitia:
1028 2936 1262 2990 nonnisi
1293 2936 1497 2993 damno
1512 2939 1694 2996 saeculi
1728 2939 2094 3008 possidentur.

675 3021 730 3077 8.
762 3021 1072 3094 Negotialor
1093 3067 1107 3092 ,
1139 3045 1171 3082 a
1218 3029 1326 3099 lege
1355 3030 1423 3082 ad
1449 3028 1786 3100 Evangelium
1831 3031 2102 3086 transiens.
2142 3057 2201 3074 —-

2313 439 2560 496 calorum
2610 441 2705 496 reti
2755 440 2915 496 misso
2945 440 2998 498 in
3044 457 3184 496 utare
3208 482 3222 507 ,
3255 450 3310 496 et
3359 441 3569 512 reliqua
3597 441 3771 511 (Ibid.
3810 444 3905 512 47).

2311 534 2504 592 Merito
2534 533 2976 604 praedicationem
3004 550 3157 592 suain
3188 538 3288 594 reti
3317 537 3662 606 comparavit
3681 579 3697 600 ,
3724 553 3844 607 qua:
3863 541 3906 591 in

2309 627 2565 682 sacculum
2596 627 2838 694 veniens,
2873 629 2988 683 sine
3011 628 3196 683 smculi
3217 628 3412 683 damno
3443 627 3759 682 habitantes
3791 630 3908 685 intra

2310 721 2568 780 saeculum
2607 721 2977 793 congregavit,
3006 721 3167 778 modo
3207 721 3360 788 retis,
3389 721 3536 792 quod
3568 737 3726 778 mare
3759 737 3905 792 peac-

2312 823 2458 873 trans
2487 815 2558 874 ita
2587 815 2768 888 agitur
2797 815 2863 871 de
2891 814 3160 886 profundo
3181 857 3196 881 ,
3231 824 3288 874 ut
3323 831 3420 886 per
3460 831 3626 872 omne
3658 817 3906 875 elementi

2309 907 2454 982 illius
2494 925 2694 981 corpus
2732 911 2969 968 evadens
2993 952 3008 978 ,
3048 911 3266 968 clausos
3293 911 3430 969 intra
3468 910 3740 968 ambitum
3767 926 3908 967 sum

2309 1001 2556 1060 extrahat
2579 1043 2596 1071 ,
2628 1019 2836 1074 nosque
2872 1020 2936 1061 ex
2967 1003 3170 1061 sarculo
3195 1002 3250 1061 in
3272 1003 3454 1059 lumen
3477 1002 3595 1059 veri
3622 1002 3764 1058 solis
3790 1001 3906 1059 edu-

2307 1104 2395 1154 cat
2427 1112 2440 1150 :
2478 1097 2532 1153 in
2563 1097 2830 1162 bonorum
2858 1096 3154 1165 electione,
3185 1107 3238 1154 et
3264 1097 3532 1155 malorum
3560 1095 3907 1167 abjectione,

2307 1187 2471 1248 futuri
2499 1187 2689 1259 indicii
2707 1204 2939 1248 examen
2960 1189 3276 1246 ostendens.

2795 1301 2956 1373 131
2993 1299 3226 1358 CAPUT
3263 1299 3402 1355 xw.

2309 1415 2386 1471 De
2411 1417 2576 1473 scriba
2605 1419 2658 1473 in
2685 1433 2842 1490 regno
2889 1420 3155 1488 caeterum,
3194 1422 3256 1474 de
3292 1417 3544 1488 fratribus
3582 1428 3632 1471 et
3660 1417 3903 1472 sororibus

2384 1510 2622 1577 Domini,
2671 1514 2733 1568 de
2775 1512 2995 1569 Joannis
3047 1514 3215 1585 capite
3263 1514 3314 1567 in
3367 1514 3510 1568 disco
3539 1555 3554 1580 ,
3584 1514 3648 1567 de
3697 1517 3906 1584 quinque

2380 1609 2596 1678 panibus
2622 1619 2666 1662 et
2698 1609 2896 1664 duobus
2919 1610 3162 1679 piscibus,
3188 1611 3273 1665 ubi
3293 1627 3456 1682 supra
3486 1627 3632 1666 mare
3666 1611 3904 1678 ambulat,

2381 1711 2428 1756 et
2463 1701 2674 1756 Petrum
2703 1721 2923 1758 mersum
2946 1706 3126 1759 erexit.

2384 1817 2434 1870 1.
2466 1815 2801 1878 Intellexistis
2832 1818 2942 1874 hazc
2968 1819 3180 1874 omnia?
3225 1816 3421 1874 Dicunt
3455 1819 3502 1882 ei.
3525 1859 3540 1884 ,
3603 1822 3799 1889 utique.
3847 1818 3906 1872 Et

2310 1909 2382 1962 ait
2408 1909 2514 1964 illis
2559 1925 2576 1965 :
2607 1908 2736 1964 Ideo
2765 1911 2928 1976 omnis
2954 1911 3118 1966 scriba
3149 1909 3326 1968 doctus
3353 1911 3410 1968 iit
3434 1927 3593 1983 regno
3628 1913 3868 1972 calorum
3889 1953 3903 1976 ,

2309 2012 2414 2057 etc.
2457 2002 2672 2074 (Matth.
2702 2020 2834 2069 xui,
2863 2005 2926 2058 51
2955 2015 3004 2059 et
3033 2004 3147 2076 52).
3196 2004 3316 2062 Non,
3358 2005 3568 2072 turbis,
3620 2006 3720 2062 sed
3759 2005 3902 2066 disc;-

2313 2094 2453 2163 pulis
2483 2103 2566 2154 est
2595 2095 2842 2160 locutus;
2872 2107 2925 2154 et
2952 2097 3370 2170 intelligentibus
3388 2097 3681 2172 parabolas
3701 2098 3906 2170 dignum

2314 2187 2679 2250 testimonium
2713 2189 2912 2258 reddit,
2945 2196 3094 2262 ipsos
3119 2190 3328 2248 scilicet
3355 2191 3456 2252 sub
3485 2194 3661 2262 patris
3699 2192 3902 2249 familia:

2313 2284 2532 2344 nomine
2557 2283 2661 2342 sibi
2687 2299 3032 2358 comparans.
3064 2284 3207 2357 quod
3235 2285 3540 2344 doctrinam
3563 2285 3633 2343 de
3657 2286 3903 2344 thesnuro

2311 2390 2409 2435 suo
2459 2390 2729 2436 novorum
2767 2377 2844 2454 (e).
2875 2391 2940 2436 ac
2979 2384 3222 2434 veterum
3269 2379 3379 2435 sint
3407 2377 3594 2448 adepti
3624 2395 3638 2432 :
3675 2395 3903 2450 quosque

2311 2469 2516 2524 scribas
2546 2482 2764 2540 propter
2786 2471 3072 2532 scientiam
3103 2480 3410 2542 nuncupat,
3453 2473 3602 2543 quod
3637 2474 3898 2532 intellexe-

2309 2562 2417 2616 rint
2446 2577 2530 2627 ea,
2560 2577 2681 2632 quae
2710 2561 2798 2617 ille
2830 2578 2966 2617 nova
2995 2575 3049 2618 et
3074 2573 3280 2626 vetera,
3309 2563 3360 2628 id
3383 2572 3487 2628 est,
3519 2566 3572 2618 in
3605 2565 3894 2636 Erangeliis

2309 2655 2439 2710 etin
2471 2654 2590 2724 lege
2629 2656 2943 2724 protulerit,
2985 2655 3052 2727 (f)
3081 2665 3136 2711 et
3179 2656 3420 2727 ejusdem
3469 2658 3892 2728 patrisfamilias,

2309 2756 2366 2804 ct
2387 2748 2543 2802 unius
2569 2759 2798 2819 utraque
2827 2748 3087 2805 thesauri.

2380 2839 2435 2894 2.
2467 2837 2538 2893 Et
2561 2839 2756 2908 factum
2785 2848 2858 2895 est
2877 2881 2893 2904 ,
2919 2855 3038 2895 cum
3065 2850 3472 2898 consumma-sset
3498 2840 3660 2900 leuia
3691 2844 3895 2914 parebo-

2309 2932 2387 2987 tae
2409 2933 2557 2998 istas,
2586 2932 2794 2986 transiit
2821 2931 2962 2996 inde,
2991 2942 3040 2987 et
3074 2932 3206 2987 venit
3223 2932 3276 2987 iu
3301 2933 3530 3005 patriam
3552 2951 3724 2998 suane.
3751 2946 3804 2991 et
3823 2951 3894 2990 re-

2307 3025 2450 3095 liqua
2476 3024 2636 3095 (Ibid.
2668 3026 2785 3094 55).
2826 3024 3182 3082 inhonoratur
3204 3025 3466 3088 nomn»
3493 3041 3526 3080 a
3553 3027 3688 3085 suis.
3713 3020 3893 3095 Quant-

605 3113 674 3174 Et
699 3113 766 3170 de
798 3117 1086 3187 margarita
1131 3134 1225 3190 par
1252 3122 1390 3175 ratio
1420 3131 1502 3176 est
1532 3120 1695 3194 (Ibid.
1722 3122 1838 3194 45).
1870 3123 1975 3180 Sed
2004 3123 2074 3180 ad
2108 3139 2206 3180 ne-
2231 3137 2280 3201 ο
2309 3134 2468 3188 quam
2507 3126 2560 3172 et
2586 3115 2814 3172 docendi
2850 3116 3132 3186 prudentia
3155 3157 3173 3180 .
3219 3127 3276 3172 et
3300 3118 3566 3186 operandi
3611 3120 3786 3178 virtus
3810 3121 3893 3176 ad-

599 3210 920 3278 gotiatorem
947 3211 1152 3280 jamdiu
1205 3213 1256 3267 in
1311 3213 1428 3284 lege
1461 3225 1769 3270 versantem
1798 3217 2085 3286 proﬁciens
2115 3216 2201 3274 hic

597 3317 782 3368 sermo
812 3314 894 3358 est
919 3345 933 3371 ,
964 3305 1056 3378 qui
1087 3305 1243 3376 longo
1271 3321 1333 3362 ac
1358 3306 1566 3366 diutino
1593 3307 1780 3366 labore
1821 3308 1888 3363 ad
1940 3308 2200 3379 margari-

600 3402 669 3460 ta:
693 3396 976 3458 scientiam
1004 3399 1345 3467 pervenerit,
1389 3408 1444 3455 et
1482 3415 1546 3454 ea
1572 3414 1694 3470 qua).
1737 3400 1838 3462 sub
1866 3415 2036 3460 onere
2063 3401 2198 3472 legis

597 3489 826 3560 adeptus
857 3491 959 3555 sit,
985 3491 1346 3564 derelinquat.
1382 3493 1482 3550 Diu
1505 3493 1648 3549 enim
1676 3502 1760 3550 est
1781 3497 2109 3564 negotiatus,
2145 3505 2200 3554 et

595 3585 944 3654 margaritam
988 3585 1274 3654 aliquando
1303 3585 1518 3657 qualem
1564 3585 1787 3656 optabat
1830 3585 2036 3646 invenit
2067 3604 2080 3641 :
2108 3587 2196 3642 cui

593 3685 649 3741 et
680 3679 837 3736 unius
864 3678 1025 3749 huius
1055 3680 1346 3736 desiderati
1381 3679 1573 3749 lapidis
1601 3681 1860 3751 pretium,
1884 3681 2078 3751 reliqui
2103 3680 2184 3738 la-

591 3770 739 3830 boris
760 3771 972 3842 jactura
1003 3780 1089 3826 est
1114 3773 1560 3842 comparandum.

665 3949 744 4025 (a)
769 3952 932 4025 Abest
949 3969 1091 4025 teque
1111 3953 1177 4008 ab
1198 3952 1401 4024 aliquot
1419 3954 1602 4024 proba:
1633 3963 1772 4025 none
1792 3969 1922 4008 mss.
1947 3954 2003 4010 In
2029 3954 2179 4022 Scm,

592 4022 760 4096 (illam
794 4035 847 4079 ct
874 4022 1068 4096 .lapltet
1093 4022 1530 4080 ontnes‘omtiino
1561 4024 1804 4080 homines
1849 4027 1960 4078 sive
2004 4027 2180 4096 genti-

591 4094 839 4220 les‘siva:
867 4094 1085 4151 Judaeos
1111 4096 1376 4151 contineri
1406 4096 1610 4152 diserte
1640 4097 1932 4162 asscritnr,
1963 4094 2081 4166 cap.
2111 4098 2144 4152 8
2168 4139 2181 4161 ,

591 4181 646 4220 n.
721 4205 734 4220 .
1421 4198 1431 4208 -

589 4181 646 4221 Ilo
678 4181 734 4220 4.
1421 4198 1431 4208 ·

662 4236 738 4310 (.b)
771 4237 915 4310 Editi
935 4279 948 4302 ,
975 4238 1029 4296 in
1051 4255 1111 4296 ea
1137 4238 1360 4294 admiin
1391 4239 1704 4295 extrinsecus
1751 4238 1988 4307 [armenti
2018 4256 2189 4295 neces-

587 4309 735 4364 sitate
763 4311 812 4362 in
844 4309 1045 4364 Christo
1076 4311 1248 4363 omnia
1292 4327 1451 4364 unum
1503 4321 1619 4364 sunt
1653 4326 1669 4362 :
1699 4313 2060 4366 emendantur
2107 4327 2178 4368 ex

586 4395 732 4445 smpe
764 4381 993 4434 laudatis
1023 4396 1153 4436 mss.
1182 4379 1367 4447 Carn.,
1404 4381 1588 4444 Rom.,
1622 4379 1795 4434 Vatic.
1831 4392 1885 4435 et
1906 4382 2059 4442 ϐου).
2093 4384 2183 4436 lli-

566 4451 781 4512 _larium
810 4452 912 4508 sibi
941 4467 1292 4522 temperasse,
1323 4451 1610 4522 quominus
1656 4453 1914 4521 Spiritum
1939 4463 2181 4508 sanctum

591 4522 762 4578 Deum
794 4522 1032 4586 diceret,
1068 4525 1132 4577 iis
1185 4524 1363 4579 verbis
1411 4533 1698 4578 aunotarat
1730 4525 1990 4580 Erasmus
2012 4564 2028 4588 ,
2061 4539 2180 4591 qua:

589 4591 803 4666 dubiant
839 4594 977 4648 illius
1000 4594 1068 4649 de
1090 4594 1319 4666 Spiritus
1359 4596 1530 4652 sancti
1560 4594 1842 4656 divinitate
1869 4595 2177 4666 ﬁdemgefli-

587 4677 711 4718 cere
743 4664 933 4718 idonea
961 4664 1162 4719 essent.
1194 4665 1298 4720 Sed
1330 4665 1413 4719 vel
1452 4681 1518 4720 ex
1563 4666 1663 4719 hoc
1689 4683 1795 4719 uno
1828 4666 1947 4730 loco
1976 4664 2176 4720 ali'atint

586 4735 866 4791 refellitur.
891 4735 946 4791 Si
970 4738 1114 4792 enim
1138 4736 1371 4805 Spiritus
1396 4747 1615 4790 sanctus
1638 4751 1757 4790 cum
1786 4737 1943 4792 Patre
1968 4747 2021 4789 et
2044 4734 2178 4790 Filio

585 4823 676 4877 per
722 4809 891 4864 omnia
919 4824 1121 4872 unum;
1151 4822 1273 4862 cum
1313 4816 1538 4876 utroque
1587 4823 1692 4862 non
1756 4808 1916 4864 modo
1957 4808 2056 4862 Dei
2079 4823 2176 4862 uo-

583 4878 750 4940 tuine.
783 4878 874 4936 sed
902 4889 956 4936 et
985 4879 1201 4944 virtute,
1225 4879 1505 4949 dignitate,
1534 4877 1760 4949 hutnore,
1792 4891 1980 4936 natura
2003 4919 2017 4943 ,
2049 4878 2177 4935 sub-

585 4951 778 5002 stantia
822 4966 987 5004 unum
1035 4951 1104 5003 sit
1131 4948 1353 5004 ttecesse
1390 4955 1493 5004 est.
1522 4949 1620 5015 Qui
1654 4948 1755 5003 hoc
1807 4950 1945 5004 haud
1977 4950 2170 5004 dubius

583 5020 857 5092 asseruit,
907 5037 1015 5075 non
1057 5020 1238 5074 timuit
1279 5035 1411 5075 sane
1440 5061 1454 5085 ,
1505 5036 1574 5076 ne
1617 5020 1877 5092 Spiritum
1927 5031 2168 5092 sanctum

581 5089 752 5162 Detur]
795 5091 1024 5162 dicendo
1051 5131 1066 5155 ,
1115 5093 1233 5160 plus
1263 5091 1312 5147 ei
1336 5107 1498 5162 quam
1552 5089 1835 5158 par'esset
1883 5091 2168 5146 tribueret.

581 5160 724 5226 Quid
755 5170 934 5216 autem
965 5161 1110 5216 aliud
1139 5162 1300 5218 docet
1324 5160 1468 5232 {qui
1495 5223 1498 5226 ,
1525 5163 1736 5218 Patrem
1791 5172 1847 5217 et
1875 5162 2069 5217 Filium
2117 5171 2173 5217 et

576 5232 844 5298 Spiritum
872 5240 1113 5290 sanctum
1147 5249 1240 5302 per
1270 5249 1330 5289 se
1359 5251 1520 5287 unum
1563 5249 1686 5288 esse
1722 5237 1916 5288 asserit
1936 5273 1952 5299 ,
1978 5244 2034 5289 et.
2059 5249 2169 5288 non

581 5306 920 5358 extrinsecus
953 5307 1002 5358 in
1034 5304 1251 5359 Christo
1273 5346 1287 5366 ,
1335 5320 1430 5372 per
1468 5304 1791 5359 fermentum
1835 5306 2174 5360 extrinsecus

577 5374 880 5446 admixtum
937 5376 1204 5446 ﬁgurato?
1236 5375 1314 5432 Ex
1344 5392 1451 5445 quo
1485 5387 1629 5444 (uitet
1658 5375 1818 5446 verba
1850 5376 1905 5428 in
1942 5375 2169 5442 Christo,

579 5445 646 5499 ad
679 5463 839 5499 unum
865 5445 989 5513 sint,
1023 5447 1073 5500 in
1101 5446 1249 5514 prius
1274 5447 1498 5515 vulgatis
1526 5447 1664 5501 male
1693 5445 1858 5500 fuisse
1890 5446 2078 5500 relata.

650 5515 722 5590 (ο)
757 5518 868 5575 Hoc
896 5527 1001 5582 est,
1033 5532 1128 5574 cur
1169 5519 1420 5590 inventus
1449 5534 1556 5572 non
1600 5517 1780 5576 statim
1806 5516 2016 5574 ablat-us
2059 5515 2174 5576 luc-

579 5587 686 5654 fit;
705 5587 838 5660 cum
867 5599 920 5645 et
949 5596 1165 5660 secreto.
1186 5587 1373 5644 liceret
1398 5628 1413 5654 ,
1447 5596 1501 5650 et
1529 5597 1740 5660 tempus
1759 5630 1774 5655 ,
1807 5604 1917 5659 quo.
1942 5590 2172 5651 abscon-

581 5673 676 5712 sus
701 5659 822 5723 fuit,
839 5661 914 5715 nd
946 5661 1002 5714 id
1022 5659 1313 5716 sufﬁceret.

655 5728 734 5797 (ἀ)
767 5729 894 5784 Bad.
923 5769 938 5797 ,
972 5730 1064 5786 Er.
1091 5770 1106 5800 ,
1142 5729 1289 5801 Lips.
1311 5739 1370 5794 et
1391 5745 1490 5796 sex
1512 5744 1643 5794 mss.
1689 5739 1763 5792 est
1802 5741 2006 5804 gratum
2043 5750 2056 5788 :
2083 5731 2170 5792 cui

2308 3211 2649 3266 mirationem
2697 3220 3093 3276 commoveret;
3141 3209 3436 3270 inﬁdelitas
3479 3223 3660 3269 tamen
3720 3229 3890 3269 eorum

2307 3306 2585 3360 Veritatem
2616 3305 2804 3376 jndicii
2829 3321 2935 3360 non
2963 3304 3175 3375 recipit.
3205 3305 3320 3360 Non
3347 3308 3496 3364 enim
3525 3307 3758 3370 credunt
3781 3310 3886 3366 [nec

2306 3396 2360 3454 in
2383 3397 2601 3456 homine
2635 3397 2802 3454 Deum
2839 3410 2997 3468 agere
3036 3397 3204 3465 :quin
3234 3398 3398 3462 etiam
3437 3409 3646 3469 patrem
3691 3397 3889 3468 ipsius.

2309 3501 2558 3555 matrem,
2592 3490 2895 3560 fratresque
2916 3497 3246 3562 nuncupant,
3279 3498 3334 3546 et
3351 3504 3592 3560 paterna:
3618 3491 3749 3546 artis
3773 3507 3891 3560 quo-

2305 3585 2430 3640 dam
2460 3583 2750 3655 0pprobrio
2791 3583 3062 3639 lacessunt
3091 3582 3265 3654 (Ibid.
3298 3581 3367 3639 55
3387 3582 3427 3654 ).
3478 3584 3588 3639 Sed
3622 3583 3778 3654 plane
3809 3583 3889 3638 hic

2283 3675 2442 3752 .fabt‘i
2464 3684 2580 3732 erat
2612 3675 2753 3729 ﬁlius
2777 3715 2792 3742 ,
2829 3673 3030 3732 ferrum
3060 3674 3185 3746 igne
3212 3676 3478 3731 vincentis
3503 3717 3520 3742 ,
3549 3691 3762 3734 omnem
3791 3691 3885 3730 sa:-

2299 3769 2410 3826 culi
2460 3769 2713 3826 virtutem
2758 3766 2840 3842 (5)
2873 3767 3076 3837 judicio
3118 3768 3512 3840 decoquentis,
3561 3785 3888 3841 massamque

2289 3952 2511 4012 lectioni
2540 3951 2681 4008 favet
2721 3951 2850 4008 illud
2883 3968 2911 4024 :7
2950 3968 3098 4024 quem
3141 3953 3227 4022 qui
3254 3951 3444 4008 invenit
3476 3954 3659 4020 homo,
3685 3955 3883 4008 abscon-

2289 4026 2392 4086 dit,
2433 4038 2477 4078 et
2509 4040 2618 4095 prw
2645 4024 2839 4097 gaudio
2873 4023 3015 4097 illius
3055 4025 3210 4076 vadit.
3244 4027 3495 4079 Attamen
3523 4042 3644 4080 cum
3683 4025 3798 4080 Par.
3825 4035 3874 4079 et

2290 4093 2520 4168 quatuor
2541 4093 2668 4168 inss'.
2703 4093 3094 4168 prmfercndum
3120 4109 3239 4168 esse
3267 4105 3341 4150 est
3362 4098 3662 4168 gratuitum,
3688 4099 3864 4150 suadet

2291 4164 2533 4224 subnexa
2563 4166 2723 4236 hujus
2753 4167 2880 4220 dicti
2918 4167 3056 4219 ratio
3091 4183 3104 4218 :
3143 4164 3552 4234 Εωηυεῐίονωκ
3587 4169 3714 4222 enim
3743 4184 3870 4235 prir-

2292 4241 2481 4294 dicatio
2503 4241 2558 4292 in
2581 4237 2814 4293 absoluto
2843 4246 2918 4308 est
2939 4276 2956 4302 ,
3007 4237 3112 4294 hoc
3139 4248 3251 4308 est,
3300 4239 3518 4308 publica
3547 4251 3606 4296 et.
3637 4239 3874 4308 omnibus

2295 4319 2506 4380 patens,
2536 4325 2639 4379 qua
2665 4311 2773 4364 fere
2803 4306 3009 4364 ratione
3031 4324 3150 4431 eali.
3182 4307 3268 4374 l-i,
3295 4306 3348 4362 ἡ.
3384 4311 3470 4373 l7,
3502 4311 3692 4365 dicitur
3713 4327 3726 4364 :
3747 4307 3869 4362 Con-

2295 4383 2448 4431 fessio
2473 4383 2824 4431 universorum
2854 4387 3029 4431 tumet
3055 4398 3084 4430 ιι
3121 4383 3289 4431 soluta
3320 4393 3366 4431 et
3398 4380 3609 4431 mrblica
3631 4383 3737 4431 erit.

2292 4383 2448 4452 fessio
2473 4383 2824 4452 universorum
2854 4387 3029 4452 tumet
3055 4380 3289 4433 absoluta
3320 4393 3366 4434 et
3395 4380 3609 4448 publica
3631 4383 3737 4435 erit.

2367 4453 2440 4524 (e)
2499 4450 2826 4524 Vocabulum
2882 4450 3109 4524 Spiritus
3160 4453 3322 4504 sancti
3353 4453 3496 4519 apud
3527 4452 3691 4517 Bad.,
3745 4451 3867 4514 En,

2211 4477 2266 4550 Π
2337 4477 2440 4534 .(e)
2508 4477 2826 4534 vulcani!!qu
2882 4477 3108 4531 opinato
3160 4477 3321 4504 ouuctl
3353 4477 3496 4532 aptate
3527 4477 3691 4517 oath,
3745 4477 3866 4514 ποῖ-ν

2290 4521 2436 4592 Lips.
2465 4532 2522 4578 et
2551 4540 2602 4582 m
2633 4522 2838 4592 aliquot
2868 4537 2996 4575 mss.
3033 4520 3119 4576 llic
3151 4538 3435 4589 perperam
3468 4535 3722 4578 insertum
3754 4532 3866 4576 est:

2286 4609 2409 4650 cum
2454 4594 2766 4664 doctrinan‘i
2805 4607 3066 4647 novorum
3110 4603 3164 4646 et
3201 4606 3443 4652 veterum
3503 4595 3868 4664 interpretetur

2288 4665 2522 4719 Hilarius
2544 4663 2843 4719 doctrinam
2875 4664 3003 4732 legis
3026 4673 3079 4716 et
3110 4664 3540 4734 evangeliorum,
3571 4682 3632 4718 ac
3654 4663 3742 4720 lex
3771 4679 3863 4717 non

2285 4738 2464 4790 minus
2492 4753 2625 4806 opus
2654 4737 2723 4789 sit
2755 4735 2985 4806 Spiritus
3013 4737 3187 4788 sancti
3225 4751 3386 4804 quam
3406 4737 3785 4806 (Evangeltum.
3811 4735 3859 4787 Si

2283 4810 2502 4876 quidem
2529 4805 2816 4862 thesaurus
2831 4805 3075 4860 Christus
3098 4816 3216 4870 est;
3242 4805 3490 4861 doctrina
3515 4808 3585 4862 de
3605 4809 3858 4871 thesauro,

2281 4879 2532 4940 doctrina
2561 4881 2628 4934 de
2649 4876 2868 4934 Christo
2891 4885 3010 4944 est,
3041 4893 3159 4947 quae
3203 4881 3256 4931 in
3301 4877 3420 4948 lege
3471 4879 3672 4949 pariter
3716 4887 3772 4933 et
3811 4876 3857 4929 in

2281 4950 2572 5019 Evangelio
2605 4949 2932 5003 continetur.

2351 5018 2506 5094 (ΠΜ
2533 5033 2643 5085 est,
2678 5035 2797 5094 quae
2829 5020 2941 5094 lege
2972 5027 3026 5072 et
3071 5018 3359 5094 Evangelia
3410 5020 3752 5094 continentur
3773 5059 3787 5084 ,
3813 5025 3858 5070 et

2281 5089 2524 5161 ejuSdem
2582 5089 2984 5161 patrisfamilias
3011 5100 3168 5154 sunt,
3199 5103 3254 5144 et
3284 5091 3352 5146 ad
3376 5107 3544 5147 unum
3573 5093 3854 5148 thesaurum

2282 5166 2571 5288 pugnent.
2616 5163 2708 5217 His
2737 5163 2912 5216 lucem
2946 5171 3206 5230 praesunt
3228 5161 3376 5218 dicta
3406 5165 3684 5232 superiori
3706 5161 3853 5231 capite

2282 5250 2336 5288 n.
2413 5276 2426 5288 .

2282 5250 2336 5289 ll.
2371 5250 2426 5288 ἱ).

2353 5305 2431 5378 (g)
2467 5307 2561 5364 ilic
2607 5303 2797 5378 alludit
2826 5302 3062 5378 Hilarius
3113 5301 3180 5378 ad
3228 5303 3407 5372 ignem
3458 5304 3691 5378 iudicii,
3723 5300 3852 5378 cujus

2280 5373 2606 5432 mentionem
2639 5375 2765 5430 facit
2787 5390 2906 5444 cap.
2933 5377 2996 5440 2,
3027 5392 3084 5427 n.
3111 5373 3148 5427 Α
3171 5414 3187 5438 ,
3215 5383 3272 5429 et
3297 5390 3418 5444 cap.
3453 5376 3522 5439 5,
3550 5391 3606 5432 n.
3637 5374 3714 5430 Β
3746 5374 3852 5427 Sie-

2276 5449 2382 5502 eali
2448 5449 2698 5502 virtutem
2782 5455 2937 5501 vocat
2989 5446 3274 5500 diabolum
3312 5447 3542 5514 ejusque
3586 5449 3846 5502 ministros.

2274 5534 2412 5586 quos
2439 5521 2613 5572 nmndi
2638 5528 2864 5588 potentes
2901 5532 3212 5586 nuncupare
3243 5517 3406 5571 solet.
3439 5518 3542 5585 Qui
3579 5529 3746 5572 autem
3767 5516 3843 5582 jn-

2273 5590 2416 5644 dicio
2463 5587 2797 5660 decoquendi
2850 5591 2994 5660 sint,
3035 5588 3345 5660 declaratur
3393 5587 3625 5660 ingpsal.
3661 5600 3836 5645 cwn.

2274 5676 2328 5720 tt.
2361 5660 2449 5718 tl.
2484 5657 2632 5717 Hinc'
2659 5661 2942 5717 coniicitur
2970 5659 3170 5728 .losepb
3213 5657 3418 5716 Hilario
3445 5657 3656 5716 fabrum
3694 5661 3836 5728 ferra-

2273 5732 2411 5790 rium
2441 5734 2734 5794 exstitisse.
2764 5731 2910 5792 idem
2941 5725 3145 5790 sentire
3172 5727 3382 5790 videtur
3414 5729 3736 5802 Theophilus
3751 5725 3843 5784 An-
