3974 6198
525 244 635 304 999

1700 239 1944 300 SANCTI
1981 239 2245 300 IIILARII
2289 242 2600 303 EPISCOPI

3697 247 3831 307 1000

607 359 661 416 8.
692 359 800 416 Leo:
830 359 1134 428 inﬁdelitate
1155 359 1216 413 ac
1236 357 1494 430 voluptate
1521 357 1818 413 interiit.—~
1846 357 1950 414 Sed
1977 372 2137 429 supe-
2168 361 2214 421 Α
2237 360 2494 434 jubetque
2542 363 2805 434 apostolis
2844 371 2898 420 ut
2946 365 3029 421 eis
3078 378 3257 422 escam
3301 365 3514 424 darent.
3562 367 3830 439 Numquid

534 453 648 507 rius
675 451 915 506 Herodes
943 451 1272 520 significatus
1295 458 1380 506 est
1403 448 1664 504 Joannem
1693 449 1834 506 velle
1861 449 2129 515 occidere,

533 553 589 600 et
618 553 758 599 metu
791 541 977 614 populi
1011 542 1281 614 demorari
1308 585 1322 610 ,
1355 542 1481 614 quia
1508 544 1647 599 sicut
1675 543 1936 614 prepheta
1965 543 2132 598 liabe-

533 637 691 692 batur
723 635 936 707 (Matth.
972 651 1082 704 XIV,
1116 635 1195 708 5).
1224 635 1377 693 Nunc
1400 650 1528 692 vero
1551 637 1716 706 petita
1747 636 1915 707 ipsius
1958 649 2090 691 nece
2113 675 2128 700 ,

538 745 660 787 cum
712 730 1012 800 praesertim
1069 731 1330 802 religione
1380 729 1707 805 sacramenti
1765 729 2131 793 detineretur,

538 820 814 892 quomodo
839 821 1012 877 tristis
1035 821 1269 877 efﬁcitur
1297 819 1462 891 (Ibid.
1493 820 1586 891 9)?
1612 819 1959 876 Contrarium
1985 818 2135 874 vide-

535 915 662 972 licet
682 924 767 971 est
789 955 805 980 ,
837 923 963 971 tunc
991 929 1112 972 eum
1140 915 1398 982 voluisse,
1422 930 1566 970 nunc
1597 915 1740 969 nolle
1770 932 1784 970 :
1813 923 1868 969 et
1899 927 2134 984 praesens

536 1009 787 1065 molestia
818 1010 1073 1066 anteriori
1106 1025 1214 1064 non
1244 1009 1500 1065 convenit
1529 1008 1815 1064 voluntati.
1834 1007 2047 1062 Verum
2081 1006 2134 1060 in

535 1103 906 1175 superioribus
934 1114 1102 1176 gesta:
1148 1105 1224 1160 rei
1252 1104 1386 1160 ordo
1409 1113 1526 1171 est,
1559 1105 1613 1159 in
1656 1103 1739 1158 his
1779 1111 1958 1158 autem
1990 1115 2137 1157 nunc

539 1199 750 1265 species
776 1210 956 1252 causa:
983 1197 1369 1265 consequentis
1391 1197 1699 1267 exponitur.
1729 1195 1968 1252 Gloriam
2001 1194 2136 1266 legis

538 1290 792 1360 voluptas
818 1305 884 1346 ex
918 1290 1238 1346 infidelitate
1269 1300 1386 1345 orta
1416 1290 1720 1360 occupavit.
1765 1289 1871 1346 Sed
1908 1290 2138 1359 populus

541 1382 667 1439 boni
696 1382 812 1454 ejus
844 1383 990 1454 quod
1033 1384 1086 1438 in
1117 1383 1234 1454 lege
1269 1393 1388 1438 erat
1416 1383 1689 1446 conscius,
1735 1380 1812 1452 (a)
1848 1379 2139 1452 voluptatis

2235 454 2549 525 ignorabat,
2572 472 2677 513 non
2707 472 2830 514 esse
2853 458 2997 530 quod
3017 458 3133 514 dari
3155 470 3370 531 posset;
3395 469 3452 517 et
3472 460 3828 516 humanarum

2232 551 2494 606 mentium
2523 551 2735 608 interna
2758 554 3130 624 conspiciens,
3157 554 3377 611 modum
3406 555 3638 626 repositi
3673 569 3831 626 penes

2234 644 2511 714 apostolos
2537 645 2645 701 cibi
2674 647 2986 705 nesciebat?
3017 647 3124 706 Sed
3153 657 3270 705 erat
3285 649 3463 706 omnis
3487 653 3671 721 typica
3704 650 3832 704 ratio

2235 737 2578 807 explicanda.
2602 739 2850 796 Nondum
2874 742 3020 798 enim
3043 756 3366 798 concessum
3397 741 3671 812 apostolis
3701 751 3832 809 erat,

2235 828 2301 883 ad
2324 831 2448 886 vine
2469 841 2686 890 aeterna:
2703 817 2884 890 cibum
2906 876 2921 902 ,
2954 834 3234 892 cmlestem
3263 851 3460 906 panem
3481 835 3752 904 perlicere
3776 849 3834 890 ac

2238 922 2569 980 ministrare.
2604 924 2845 994 Quorum
2882 927 3170 998 responsio
3216 929 3284 984 ad
3329 927 3594 999 spiritalis
3638 926 3836 983 intelli-

2238 1014 2432 1083 gentia:
2459 1015 2705 1071 ordinem
2731 1017 2920 1072 tendit.
2951 1016 3112 1075 Solos
3136 1019 3276 1074 enim
3317 1032 3377 1074 se
3405 1020 3647 1090 quinque
3675 1033 3836 1089 panes

2239 1113 2292 1160 et
2321 1104 2457 1160 duos
2482 1105 2658 1177 pisces
2693 1110 3093 1180 responderunt
3123 1112 3324 1168 habere
3350 1110 3518 1185 (Ibid.
3554 1109 3644 1183 I7)
3675 1128 3690 1166 :
3719 1112 3835 1180 quia

2239 1197 2416 1254 adhuc
2439 1199 2540 1254 sub
2568 1200 2805 1272 quinque
2837 1204 3086 1274 panibus,
3117 1203 3209 1277 (ε),
3240 1203 3294 1260 id
3322 1216 3439 1270 est,
3492 1203 3736 1275 quinque
3780 1204 3837 1259 li-

2239 1290 2352 1346 bris
2383 1292 2516 1362 legis
2536 1295 2975 1362 continebantur,
3002 1307 3056 1352 ct
3081 1298 3308 1367 piscium
3336 1297 3569 1351 duorum
3591 1338 3606 1361 ,
3636 1296 3691 1351 id
3721 1307 3802 1352 est
3820 1339 3834 1362 ,

2243 1385 2626 1456 prophetarum
2663 1396 2717 1442 et
2757 1387 2983 1444 Joannis
3029 1388 3501 1459 praedicationibus
3530 1388 3832 1444 alebantur.

541 1477 943 1533 conditionibus
973 1492 1078 1532 non
1115 1477 1233 1532 sine
1255 1477 1438 1548 aliquo
1466 1477 1602 1532 certi
1649 1475 1874 1545 periculi
1917 1474 1998 1529 sui
2042 1472 2142 1528 do—
2227 1476 2300 1562 ‘In
2326 1479 2580 1549 operibus
2602 1480 2744 1535 enim
2764 1481 2896 1552 legis
2916 1523 2930 1548 ,
2958 1490 3229 1553 tamquam
3254 1497 3319 1538 ex
3343 1497 3484 1552 pane
3523 1489 3645 1537 erat
3686 1481 3790 1536 vita
3821 1497 3835 1535 ;

543 1570 660 1626 lore
693 1567 1067 1643 (b)connivet.
1119 1570 1340 1640 Scitque
1377 1583 1437 1624 se
1488 1567 1560 1641 (c)
1613 1568 1702 1622 tali
1744 1575 2139 1638 praeceptorum
2244 1572 2556 1642 praedicatio
2577 1588 2755 1630 autem
2786 1575 3010 1631 Joannis
3059 1586 3115 1632 et
3168 1578 3588 1647 prophetarum,
3618 1577 3678 1631 in
3730 1575 3835 1630 vir-

543 1663 715 1733 gloria
746 1677 853 1718 non
890 1665 1197 1734 oportuisse
1226 1660 1530 1718 concedere
1569 1679 1582 1714 :
1612 1659 1706 1716 sed
1739 1661 1974 1731 peccatis
2006 1669 2144 1714 tam-
2220 1671 2357 1720 tute
2387 1680 2542 1736 aquae
2567 1709 2580 1730 ,
2613 1666 2736 1722 vita:
2789 1667 3042 1724 humanae
3095 1685 3249 1740 spem
3305 1668 3661 1725 confovebat.
3719 1668 3836 1724 Haec

544 1769 706 1823 quam
735 1762 1082 1811 sacramento
1106 1767 1349 1820 coactus,
1375 1763 1428 1810 et
1454 1753 1755 1824 principum
1781 1751 2140 1823 adjacentium
2169 1758 2219 1820 B
2247 1755 2409 1828 igitur
2431 1759 2661 1828 primum
2685 1801 2699 1826 ,
2725 1761 2848 1831 quia
2870 1761 2922 1816 in
2951 1761 3034 1816 his
3056 1761 3233 1817 adhuc
3255 1770 3412 1817 erant
3435 1804 3451 1829 ,
3484 1761 3724 1831 apostoli
3751 1763 3838 1817 ob-

547 1854 695 1902 metu
749 1857 912 1918 atque
967 1849 1215 1920 exemplo
1258 1847 1585 1918 depravatus
1615 1857 1669 1904 et
1697 1848 1910 1913 victus,
1965 1845 2148 1902 illece-
2249 1853 2530 1908 tulerunt:
2572 1852 2667 1908 sed
2717 1868 2784 1909 ex
2830 1853 2916 1910 bis
2965 1853 3368 1925 evangeliorum
3415 1853 3733 1924 praedicatio
3777 1854 3836 1923 (ι’)

541 1937 655 1995 bris
683 1939 978 2010 voluptatis
1017 1942 1181 1996 etiam
1209 1948 1454 1996 moestus-
1475 1939 1833 2010 obtemperat.
1867 1938 2034 2009 Igitur
2061 1937 2146 1993 in-

548 2039 631 2086 ter
657 2032 861 2103 reliqua
895 2031 1144 2088 dissoluti
1169 2032 1352 2104 populi
1380 2032 1596 2103 gaudia,
1637 2033 1690 2088 in
1713 2033 1868 2089 disco
1920 2031 2146 2088 Joannis

546 2135 712 2196 caput
757 2126 982 2181 allertur
1011 2123 1175 2198 (ibid.
1209 2125 1300 2197 11)
1342 2142 1357 2190 ;
1389 2125 1591 2182 damno
1633 2126 1843 2181 scilicet
1891 2125 2024 2197 legis
2052 2139 2147 2179 vo-

489 2199 497 2206 ’
547 2216 727 2288 luptas
751 2232 1038 2288 corporum
1080 2227 1135 2273 et
1164 2217 1444 2273 saecularis
1482 2217 1637 2274 luxus
1683 2227 1910 2288 augetur
1942 2234 1956 2269 :
1989 2224 2044 2272 et
2073 2218 2145 2271 ita

547 2325 648 2380 per
686 2310 918 2380 puellam
969 2309 1037 2365 ad
1078 2321 1306 2366 matrem
1337 2309 1600 2365 defertur.
1631 2312 1712 2366 Ac
1742 2309 1821 2364 sic
1851 2309 2147 2378 probrosus

551 2399 717 2457 Israel
749 2411 802 2457 et
829 2401 1092 2471 voluptati
1120 2410 1176 2458 et
1204 2400 1510 2456 intidelitati
1537 2414 1648 2455 suae
1679 2400 1917 2468 familiae,
1942 2399 2148 2454 scilicet

547 2505 702 2552 antea
733 2495 974 2567 gentium
996 2537 1010 2562 ,
1041 2493 1269 2566 gloriam
1306 2496 1439 2566 legis
1481 2494 1707 2550 addixit.
1739 2492 1936 2549 Finitis
1982 2493 2148 2564 igitur

547 2585 683 2657 legis
709 2566 1075 2657 temporibus,
1103 2594 1158 2642 et
1199 2601 1323 2642 cum
1367 2585 1575 2641 Joanne
1603 2566 1955 2656 consepultis,
1985 2584 2149 2640 disci-

547 2679 661 2750 puli
690 2678 809 2749 ejus
841 2694 929 2734 res
958 2680 1034 2734 ita
1061 2687 1240 2750 gestas
1273 2679 1501 2734 Domino
1533 2679 1779 2734 nuntiant
1800 2719 1816 2743 ,
1853 2677 1921 2734 ad
1964 2676 2146 2732 Evan-

548 2772 688 2844 gelia
719 2772 924 2828 scilicet
944 2789 1011 2828 ex
1034 2773 1154 2845 lege
1183 2774 1464 2830 venientes
1491 2772 1658 2843 (Ibid.
1689 2773 1806 2846 12).

617 2866 672 2924 9.
707 2866 878 2940 740
905 2867 1058 2938 Legis
1095 2869 1238 2939 ﬁnis,
1272 2869 1516 2925 Ecclesia:
1544 2871 1770 2926 initium.
1795 2898 1863 2910 -—-
1888 2868 2032 2941 Ergo
2051 2867 2147 2924 Dei

550 2957 786 3015 Verbum
801 2960 919 3030 lege
935 2961 1081 3016 tinita
1095 2962 1287 3017 navem
1299 2961 1674 3018 conscendens
1687 2961 1991 3016 Ecclesiam
2014 2959 2145 3028 adit,

547 3062 603 3109 et
626 3053 679 3108 in
702 3054 975 3110 desertum
999 3055 1250 3111 concedit
1285 3055 1449 3128 (Ibid.
1511 3055 1603 3128 I5)
1652 3072 1665 3108 :
1711 3053 1901 3110 relicta
1949 3055 2148 3125 quippe

2248 1943 2489 2016 profecta
2520 1953 2874 2013 monstratur,
2925 1956 2980 2002 et
3028 1946 3113 2001 his
3160 1945 3458 2017 originibus
3509 1945 3746 2002 deducta
3789 1947 3837 2000 in

2248 2037 2507 2106 majorem
2531 2037 2746 2092 virtutis
2776 2052 2888 2092 suae
2919 2038 3301 2093 abundantiam
3333 2038 3556 2093 crescit.

2321 2133 2410 2186 11.
2434 2131 2667 2186 Christus
2693 2133 2746 2186 in
2788 2131 2956 2186 cibum
3002 2149 3195 2188 versus.
3226 2129 3330 2186 Cur
3379 2131 3568 2186 dentur
3601 2131 3838 2202 apostolis

2251 2243 2429 2297 panes,
2475 2227 2509 2296 Ῡ
2537 2266 2549 2280 .
2567 2226 2661 2280 20.
2681 2224 2785 2280 Cur
2805 2227 3030 2298 quinque
3051 2226 3215 2280 millia
3236 2225 3356 2280 inde
3381 2235 3681 2280 saturentur
3708 2241 3727 2279 :
3756 2241 3837 2279 cur

2247 2318 2517 2373 duodecim
2541 2319 2748 2389 cophini
2775 2329 3108 2375 reserventur.
3138 2349 3209 2360 -—-
3237 2318 3488 2389 Acceptis
3534 2320 3700 2389 igitur
3757 2333 3840 2389 pa-

2249 2412 2406 2468 nibus
2419 2421 2581 2483 atque
2597 2411 2856 2483 piscibus,
2883 2411 3139 2467 Dominus
3165 2412 3401 2482 respexit
3421 2411 3491 2467 ad
3516 2412 3735 2477 malum,
3755 2413 3836 2466 be—

2249 2504 2457 2561 nedixit
2471 2515 2526 2561 et
2544 2505 2724 2576 l'regit,
2743 2505 2892 2561 Patri
2915 2521 3079 2576 agens
3095 2506 3294 2576 gratias
3315 2515 3438 2578 post
3460 2517 3700 2576 tempora
3715 2504 3835 2577 legis

2247 2613 2311 2654 ac
2343 2597 2724 2670 prophetarum
2752 2613 2811 2655 se
2866 2601 2919 2655 in
2945 2600 3314 2671 evangelicum
3340 2601 3524 2656 cibum
3549 2601 3688 2656 verti
3736 2601 3828 2671 (g).

2248 2691 2586 2748 Accumbere
2623 2705 2745 2762 post
2803 2694 2918 2748 lucc
2970 2708 3131 2764 supra
3183 2692 3388 2749 fumum
3433 2693 3663 2763 populus
3693 2693 3834 2763 jube-

2251 2792 2372 2850 tur;
2404 2798 2509 2838 non
2533 2783 2643 2854 jam
2677 2783 2730 2838 in
2761 2793 2899 2840 terra
2923 2783 3110 2854 jacens
3130 2827 3146 2853 ,
3171 2785 3266 2841 sed
3292 2785 3411 2856 lege
3437 2785 3695 2841 suffultus
3746 2803 3760 2838 :
3787 2793 3835 2840 et

2249 2884 2502 2946 tanquam
2550 2884 2707 2931 terra:
2758 2875 2942 2942 foeno,
3002 2876 3264 2932 fructibus
3314 2877 3498 2948 cperis
3551 2879 3638 2932 sui
3680 2891 3833 2932 unus-

2248 2967 2478 3038 quisque
2537 2968 2921 3024 substernitur.
2959 2967 3038 3040 (lz)
3071 2969 3272 3024 Dantur
3321 2985 3538 3040 quoque
3589 2970 3835 3040 apostolis

2248 3075 2415 3131 panes
2435 3102 2448 3126 ,
2481 3061 2605 3130 quia
2635 3075 2732 3129 per
2751 3075 2845 3116 eos
2865 3071 3021 3116 erant
3042 3061 3240 3117 divinae
3287 3061 3478 3133 gratiae
3530 3061 3672 3118 dona
3721 3060 3835 3117 red.

548 3147 960 3203 conversatione
989 3147 1183 3213 Israel,
1241 3147 1295 3202 in
1341 3163 1510 3204 vacua
1562 3147 1761 3203 divina:
1820 3147 2148 3216 cognitionis
2173 3145 2219 3209 C
2251 3145 2445 3201 denda.
2477 3146 2636 3201 Plebs
2659 3146 2858 3203 deinde
2887 3148 3123 3218 quinque
3149 3147 3376 3217 panibus
3397 3155 3454 3203 et
3477 3147 3688 3204 duobus
3735 3149 3834 3219 pis-

551 3248 773 3311 pectora
805 3240 1152 3296 transiturus.
1189 3240 1368 3296 Turba
1401 3241 1518 3296 haec
1564 3239 1822 3307 audiens,
1855 3239 2146 3295 Dominum

547 3331 617 3388 de
645 3333 862 3410 civitate
891 3332 1056 3404 pedes
1086 3333 1332 3404 sequitur
1361 3334 1414 3388 in
1438 3333 1718 3389 desertum
1752 3349 1768 3390 :
1801 3332 1869 3388 de
1899 3333 2148 3405 Synago-

546 3440 613 3496 ga
633 3425 885 3482 videlicet
905 3426 970 3480 ad
997 3425 1295 3481 Ecclesiam
1319 3425 1591 3480 concedit.
1617 3425 1789 3494 Quam
1818 3425 2009 3482 videns
2047 3423 2148 3478 mi-

549 3529 860 3587 sertusest,
887 3528 943 3576 et
971 3534 1186 3576 omnem
1225 3521 1538 3591 languorem
1584 3521 1704 3590 ejus
1745 3519 2145 3591 inﬁrmitatem-

548 3629 655 3685 que
676 3624 830 3672 curat
856 3613 1022 3684 (Ibid.
1074 3614 1166 3686 14)
1217 3633 1230 3669 :
1273 3615 1526 3671 obsessas
1573 3615 1778 3672 scilicet
1826 3623 2036 3670 mentes
2092 3621 2148 3668 et

547 3721 774 3777 corpora
799 3707 1135 3764 infidelitatis
1165 3717 1390 3764 veterno
1414 3707 1483 3763 ad
1525 3707 1938 3779 intelligentiam
1991 3723 2146 3763 nom

546 3797 950 3869 praedicationis
976 3799 1250 3854 emundat.

626 3891 713 3945 10.
729 3890 937 3962 Legatis
957 3892 1204 3946 doctrina:
1215 3893 1374 3947 cibus.
1407 3892 1642 3963 Quinque
1663 3909 1818 3964 panes
1841 3903 1891 3949 et
1915 3893 2018 3948 duo
2041 3894 2148 3966 pis-

550 3998 630 4037 ces
651 3982 776 4053 quid
804 3983 1110 4055 signiﬁcent.
1143 4013 1215 4024 -—
1236 3984 1447 4039 Etcum
1497 3984 1747 4056 discipuli
1792 3985 1989 4041 dimitti
2035 3996 2147 4041 tur-

550 4075 650 4131 bas
683 4075 734 4130 in
762 4076 985 4131 castella
1037 4076 1279 4145 proxima
1302 4076 1370 4132 ad
1399 4076 1726 4134 coemendos
1768 4078 1919 4134 cibos
1960 4077 2148 4135 admo—

553 4179 746 4226 nerent
797 4169 982 4241 (Ibid.
1016 4169 1144 4243 15);
1187 4171 1514 4244 respondit:
1545 4173 1669 4227 Non
1709 4173 1894 4228 habent
1949 4189 2149 4229 necesse

547 4262 623 4318 ire
656 4262 826 4344 (Ibid.
886 4262 980 4335 16)
1013 4283 1039 4318 ε»
1058 4264 1352 4320 ostendens
1397 4279 1526 4334 eos,
1560 4266 1756 4337 quibus
1805 4265 2147 4334 mederetur,

552 4354 632 4428 (d)
658 4355 843 4427 legalis
874 4354 1134 4412 doctrinae
1164 4357 1287 4412 cibo
1309 4371 1415 4412 non
1461 4373 1655 4428 egere,
1689 4373 1865 4430 neque
1909 4360 2149 4415 necessi-

551 4456 721 4503 tatem
743 4446 948 4504 habere
969 4447 1178 4519 regredi
1199 4447 1267 4504 ad
1291 4449 1534 4505 Judteam
1559 4450 1847 4522 cibumque
1871 4454 2099 4528 mercari
2126 4470 2139 4520 ;

625 4607 702 4682 (a)
732 4608 888 4682 Bad.,
918 4608 1015 4664 Er.
1042 4618 1098 4665 et
1117 4609 1266 4682 Lips.
1294 4609 1575 4682 voluntatis
1606 4625 1625 4663 :
1656 4609 1818 4666 male.

625 4679 700 4752 (b)
730 4679 873 4736 Edit.
903 4691 1128 4752 excepto
1157 4681 1280 4736 Par.
1320 4695 1443 4752 cum
1469 4681 1678 4750 aliquot
1729 4697 1859 4738 mss.
1893 4682 2142 4738 concedit.

554 4751 774 4809 Rectius
806 4752 899 4825 alii
925 4751 1084 4820 libri,
1115 4752 1347 4808 connivet
1381 4792 1395 4818 ,
1429 4751 1529 4807 hoc
1584 4761 1700 4820 est,
1753 4755 1998 4825 quamvis
2035 4769 2141 4809 non

555 4833 768 4897 sponte,
799 4823 1069 4879 consentit
1093 4835 1294 4897 tamen.

626 4895 698 4968 (c)
729 4897 782 4950 In
811 4910 901 4950 sex
927 4894 1263 4968 mss.__talem
1290 4904 1661 4966 praceptorum
1687 4895 1906 4967 gloriam
1932 4912 1952 4952 :
1981 4896 2142 4952 lectio

554 4965 1006 5038 non’probanda.
1061 4966 1159 5022 Ilic
1209 4969 1434 5021 verbum
1478 4965 1752 5023 concedere
1778 4967 2137 5025 desertionem

553 5049 733 5102 sonat,
757 5047 918 5108 atque
945 5039 1084 5093 idem
1132 5048 1216 5093 est
1267 5039 1408 5109 quod
1435 5039 1702 5105 recedere;
1753 5048 1909 5094 antea
1958 5047 2137 5094 autem

553 5111 838 5180 Oportuisse
866 5109 1110 5164 eamdem
1142 5110 1251 5163 vim
1280 5110 1442 5163 habet
1471 5125 1533 5164 ac
1564 5111 1814 5164 debuisse.

629 5179 714 5251 (d)
739 5180 798 5234 In
828 5180 1060 5251 vulgatis
1087 5190 1141 5236 et
1169 5181 1378 5250 aliquot
1401 5195 1535 5236 mss.
1582 5181 1793 5235 veniatis
1846 5181 2095 5236 doctrina:
2128 5201 2140 5237 :

551 5249 714 5308 lectio
740 5249 976 5321 speciem
1005 5250 1210 5322 babens
1241 5249 1500 5307 veritatis.
1530 5253 1599 5306 At
1652 5267 1773 5322 quae
1826 5267 1967 5307 nunc
1992 5253 2144 5308 exhi-

549 5323 710 5379 betur
737 5319 803 5377 ex
833 5335 964 5376 mss.
994 5319 1157 5377 Carn.
1183 5330 1238 5377 et
1255 5323 1412 5377 Colb.
1442 5319 1708 5378 sincerior
1753 5323 1868 5377 visa
1913 5330 2027 5389 est,
2087 5335 2144 5379 ut

550 5395 618 5450 iis
640 5395 820 5450 minus
839 5393 1028 5457 obvia,
1059 5393 1150 5464 qui
1197 5393 1367 5449 libros
1410 5405 1622 5449 veteres
1661 5396 1882 5464 proprio
1927 5395 2143 5463 ingenio

551 5476 644 5521 aut
665 5466 945 5535 corrigunt
971 5506 987 5529 ,
1023 5473 1118 5518 aut
1145 5474 1520 5535 corrumpunt.

623 5535 696 5607 (ε)
728 5536 868 5610 Editi
889 5577 906 5605 ,
931 5536 1158 5608 quinque
1197 5535 1414 5605 panibus
1458 5537 1682 5608 quinque
1710 5536 1827 5592 libri
1857 5535 2005 5610 legis,
2029 5549 2138 5595 etc.

551 5607 913 5666 emendantur
928 5607 1032 5677 cpe
1059 5622 1191 5662 mss.

621 5682 690 5760 (f)
720 5679 778 5734 In
805 5694 939 5760 mss.
966 5676 1121 5760 ροιι).
1160 5676 1401 5760 etilarn.
1434 5679 1703 5760 propheta.
1749 5680 1830 5736 Ex
1881 5680 2139 5760 mendosa

554 5748 1124 5819 ltujusmodilcctionc
1147 5750 1381 5808 obtinuit
1433 5748 1575 5823 apud
1632 5752 1756 5809 Par.
1810 5754 2136 5826 prophetam.

2247 3239 2400 3295 cibus
2422 3241 2657 3312 pascitur
2685 3249 2741 3296 et
2765 3241 3013 3312 expletur
3043 3259 3055 3294 :
3081 3252 3136 3296 et
3158 3241 3456 3312 fragmenta
3473 3242 3629 3312 panis
3656 3250 3710 3298 et
3729 3241 3835 3311 (pis-

2247 3331 2390 3387 cium
2415 3375 2428 3396 ,
2451 3335 2706 3389 saturatis
2734 3332 3214 3399 accumbentibus,
3249 3335 3421 3404 usqu‘e
3465 3334 3518 3389 in
3560 3333 3831 3389 duodecim

2254 3425 2611 3496 cephiuorum
2642 3427 3035 3498 plenitudinem
3050 3427 3491 3493 abundaveruut,
3523 3427 3618 3484 Dei
3641 3426 3836 3482 scilicet

2253 3520 2412 3594 74],
2441 3523 2609 3578 verbo
2647 3538 2712 3579 ex
2751 3523 2997 3580 doctrina
3023 3523 3156 3595 legis
3203 3522 3699 3594 prophetarumque
3751 3537 3831 3578 ve-

2254 3619 2436 3674 niente
2454 3659 2469 3683 ,
2495 3616 2782 3672 multitudo
2803 3619 3028 3673 satiatur
3057 3636 3070 3672 :
3104 3627 3158 3673 et
3175 3627 3448 3673 reservata
3472 3618 3704 3687 gentium
3725 3615 3831 3685 ple-

2250 3708 2302 3765 bi
2335 3708 2398 3783 (i)
2425 3725 2490 3765 ex
2513 3710 2701 3766 :eterni
2725 3709 2830 3765 cibi
2863 3710 3190 3780 ministerio,
3239 3711 3291 3765 in
3317 3709 3607 3765 duodecim
3628 3717 3833 3779 aposto-

2248 3802 2424 3858 lorum
2456 3803 2882 3873 plenitudinem,
2915 3803 3071 3875 cepia
3097 3803 3293 3859 divina:
3318 3801 3538 3858 virtutis
3565 3803 3827 3858 exuberat.

2250 3893 2396 3950 Idem
2419 3903 2601 3951 autem
2627 3895 2904 3951 edentium
2929 3911 3189 3953 numerus
3241 3895 3540 3959 invenitur,
3581 3895 3667 3964 qui
3696 3893 3827 3948 futu-

2249 3996 2344 4042 rus
2372 3987 2544 4043 fuerat
2566 3969 3146 4044 crediturorumfNam
3174 3989 3312 4045 sicut
3340 3989 3481 4045 libro
3505 3988 3587 4061 (j)
3616 3989 3827 4042 Praxeos

2251 4079 2582 4146 continetur,
2612 4097 2679 4136 ex
2710 4081 2875 4136 Israel
2909 4082 3088 4152 populi
3115 4082 3408 4144 inﬁnitate,
3432 4081 3667 4136 virorum
3687 4078 3827 4150 quiu-

2249 4191 2357 4246 que
2384 4174 2550 4230 millia
2571 4175 2918 4232 crediderunt
2951 4177 3086 4249 (Act.
3120 4193 3171 4233 tv
3191 4220 3208 4246 ,
3237 4177 3316 4248 «1).
3357 4176 3563 4233 Rerum
3588 4177 3718 4234 enim
3755 4172 3824 4245 (k)

2252 4267 2539 4324 admiratio
2561 4283 2733 4340 usque
2755 4269 2808 4324 in
2831 4283 3141 4325 mensuram
3173 4284 3350 4325 causae
3383 4269 3706 4341 suhjacentis
3731 4281 3820 4320 cx-

2255 4361 2516 4417 tenditur.
2536 4360 2917 4432 Confractique
2945 4377 3066 4418 cum
3099 4361 3339 4432 piscibus
3368 4377 3542 4432 panes
3566 4405 3582 4430 ,
3607 4369 3825 4416 saturata

2252 4455 2484 4526 populo,
2515 4453 2568 4508 in
2592 4461 2797 4509 tantum
2827 4453 3085 4525 deinceps
3113 4453 3462 4510 cumulantur
3476 4461 3823 4524 augmentum,

2101 4585 2104 4588 i
2169 4612 2223 4674 Ι)
2285 4684 2290 4685 ί
2321 4611 2399 4685 (g)
2427 4610 2629 4668 Excusi
2656 4611 3018 4685 renitentibus
3045 4611 3298 4685 omnibus
3319 4627 3453 4685 mss.
3473 4611 3570 4685 hic
3585 4608 3824 4682 adjiciunt

2249 4683 2572 4755 significans.
2606 4684 2826 4753 Absque
2859 4684 2962 4741 hoc
2989 4683 3157 4740 verbo
3178 4683 3340 4740 lectio
3365 4683 3440 4738 ita
3467 4684 3674 4754 integra
3709 4691 3818 4736 est:

2249 4757 2444 4826 gratias
2467 4771 2626 4826 agens
2650 4771 2703 4809 se
2723 4755 2870 4822 verti,
2893 4765 2999 4812 elc.
3290 4825 3293 4826 ν
3378 4825 3405 4826 η
3586 4818 3592 4822 ,

2323 4827 2402 4897 (It)
2432 4823 2522 4882 Sic
2543 4827 2786 4897 antiqua;
2807 4828 3077 4882 editiones
3099 4841 3218 4883 cum
3248 4825 3498 4896 pluribus
3523 4841 3651 4881 mss.
3679 4823 3759 4879 Sic
3777 4826 3824 4897 et

2248 4893 2398 4952 num.
2433 4897 2520 4964 η,
2553 4899 2626 4952 uti
2655 4893 2689 4951 4
2716 4915 2728 4951 :
2754 4896 2859 4952 Dat
2887 4899 3074 4953 deinde
3099 4893 3369 4968 discipulis
3398 4913 3581 4968 panes.
3610 4897 3677 4952 At
3699 4893 3822 4964 apud

2247 4969 2372 5042 Par.
2407 4968 2713 5042 subdantur
2732 4986 2932 5040 quoque
2963 4971 3228 5042 apostolis.
3259 4969 3327 5042 Et
3347 4967 3407 5022 in
3430 4983 3568 5024 mss.
3599 4970 3748 5023 (iam.
3775 4971 3822 5019 et

2244 5040 2397 5097 Colb.
2433 5041 2737 5096 Subduntur
2783 5040 3082 5110 quoque‘ab
3105 5041 3370 5108 apostolis.

2322 5111 2548 5188 (i)‘Bad_._
2575 5121 2627 5166 et
2657 5111 2752 5167 Er.
2782 5109 2904 5188 cum
2959 5127 3092 5166 mss.
3123 5121 3170 5165 et
3199 5111 3397 5188 interni.
3452 5111 3522 5166 At
3559 5111 3610 5165 in
3665 5109 3818 5188 Turo-

2247 5178 2401 5238 nensi
2428 5183 2618 5239 codice
2645 5182 2900 5238 secundis
2927 5187 3106 5247 curis,
3148 5183 3241 5238 sed
3291 5180 3488 5238 eadem
3536 5197 3719 5246 manu,
3744 5178 3817 5233 hic

2245 5263 2516 5322 expuncto
2557 5263 2638 5318 et,
2668 5261 2825 5308 antea
2867 5254 3214 5309 substitutum
3261 5261 3348 5308 est
3392 5265 3673 5319 reservato,
3716 5252 3814 5322 loco

2245 5319 2396 5381 verbi
2422 5334 2679 5379 reservata
2701 5340 2720 5379 :
2741 5324 2886 5395 quod
2913 5342 3018 5380 non
3041 5324 3359 5380 mutandum
3401 5333 3654 5395 putamus
3675 5365 3688 5388 ,
3731 5319 3814 5376 sed

2245 5395 2314 5450 ad
2334 5411 2523 5451 vocem
2549 5397 2700 5461 copia
2720 5397 3085 5452 referendum.

2319 5466 2546 5541 (j)_Er_.,
2571 5465 2720 5541 Lips.
2751 5474 2807 5521 et
2831 5469 2950 5522 I’ar.
2975 5467 3103 5524 libro
3133 5467 3374 5523 Praxcon
3418 5482 3441 5521 :

2250 5537 2385 5610 cum»
2406 5537 2540 5610 Bad.
2571 5538 2825 5610 omnibus
2851 5554 2984 5594 mss.
3245 5600 3255 5610 ,

2321 5608 2398 5680 (lt)
2430 5609 2586 5678 Saape
2612 5609 2752 5680 apud
2780 5609 3070 5676 Hilarium,
3103 5611 3198 5667 sed
3222 5608 3274 5666 in
3305 5611 3410 5668 hoc
3434 5611 3666 5667 maxime
3693 5609 3812 5680 loco,

2250 5673 2569 5736 vocabulum
2617 5673 2894 5736 admiratio
2948 5673 3064 5738 non
3110 5692 3290 5739 actum
3344 5682 3684 5743 admirandi,
3735 5673 3812 5732 sed

2249 5752 2568 5809 miraculum
2597 5751 2793 5824 ipsum,
2815 5767 2922 5824 quo
2948 5753 3234 5810 admiratio
3253 5754 3542 5820 excitatur,
3559 5752 3811 5827 signiﬁcat.

3487 5463 3822 5522 renitentibus.
