3974 6198
191 191 328 248 1001

1099 193 1642 257 COMMENTARIUS
1675 197 1741 256 IN
1780 195 2210 260 MATTHA'IUM.
2256 200 2407 260 CAP.
2450 202 2590 262 XIV.

3354 209 3493 269 1002

185 338 429 401 quantus
453 336 508 385 et
533 328 811 387 credentis
839 333 1019 402 populi
1041 375 1054 397 ,
1078 343 1132 390 et
1161 336 1552 407 cxplendorum
1601 338 1792 394 coeles-
1823 317 1876 377 Α
1902 336 2162 393 Dominus
2191 338 2337 392 venit
2366 356 2381 393 :
2413 347 2606 409 quarto
2629 338 2774 394 enim
2803 345 2912 394 tum
2941 338 3009 395 ad
3055 337 3356 397 Ecclesiam
3403 357 3498 398 va-

183 421 226 475 ti
262 422 434 492 gratia
462 423 832 492 apostolorum
887 441 1149 482 numerus
1193 428 1606 485 destinabatur:
1643 441 1698 486 ut
1739 439 1795 487 et

183 515 385 571 modus
417 531 665 586 numero,
686 525 741 572 et
769 533 1024 574 numerus
1039 521 1198 575 modo
1212 522 1628 594 obtemperaret;
1655 524 1793 579 intra

183 609 326 665 ﬁnes
343 625 469 666 suos
481 608 621 666 ratio
633 611 909 679 conclusa,
927 613 992 669 ad
1007 618 1394 687 consequentis
1410 617 1634 674 effectus
1663 634 1794 674 con-

180 699 446 757 ditionem
464 700 581 772 ipso
593 701 789 758 divina:
800 704 1012 759 virtutis
1025 707 1389 764 moderamine
1400 709 1789 766 contineretur.

264 793 353 850 12.
385 793 492 850 Cur
517 797 569 849 in
592 797 772 851 coelum
793 799 1072 868 respexerit
1093 799 1346 855 Christus.
1399 801 1586 856 Mundi
1615 811 1793 858 auctor

178 887 284 942 hoc
305 889 442 959 {acto
467 887 754 943 innotescit.
782 920 852 929 —
875 889 1058 946 Vincit
1081 901 1263 947 autem
1288 893 1577 948 humanam
1623 895 1789 950 intel-

181 978 466 1050 ligentiam
499 994 632 1050 opus
660 979 787 1035 facti
813 997 827 1035 :
854 991 1050 1038 etcum
1077 982 1390 1054 frequenter
1410 987 1659 1058 quasdam
1681 988 1792 1043 sint

179 1087 308 1142 qua:
331 1083 592 1144 concepta
616 1089 811 1141 sensu,
835 1089 1016 1130 sermo
1043 1092 1148 1130 non
1178 1078 1445 1146 explicet;
1481 1079 1534 1134 in
1574 1079 1659 1135 his
1707 1088 1790 1135 ta-

182 1179 312 1219 men
349 1166 458 1235 ipsa
493 1164 568 1237 (al
600 1181 793 1222 sensus
823 1167 1094 1224 subtilitas
1117 1170 1461 1241 ingravescit,
1500 1179 1556 1227 et
1593 1172 1658 1227 ad
1711 1174 1790 1229 rei

181 1260 697 1329 contemplationem
723 1276 818 1330 pro
847 1261 1167 1319 difficultate
1216 1273 1321 1319 tam
1359 1263 1649 1320 invisibilis
1696 1281 1790 1322 uc-

179 1354 315 1424 gotii
345 1353 697 1424 obstupescit.
726 1355 978 1426 Acceptis
1006 1355 1152 1412 enim
1188 1357 1417 1426 panibus
1444 1358 1706 1428 quinque.
1733 1360 1785 1414 in

177 1445 386 1500 caelum
419 1445 674 1503 Dominus
704 1449 974 1516 respexit,
1002 1449 1261 1506 honorem
1284 1452 1402 1520 ejus
1421 1493 1436 1515 ,
1463 1465 1491 1504 a
1521 1468 1627 1522 quo
1648 1462 1784 1518 erat,

179 1540 304 1612 ipse
325 1542 607 1599 confessus
642 1561 655 1598 :
680 1559 788 1600 non
819 1546 963 1616 quod
990 1548 1302 1602 carnalibus
1329 1549 1499 1604 oculis
1537 1551 1786 1607 contueri

180 1636 405 1692 Patrem
435 1646 581 1694 esset
595 1653 848 1705 necesse;
882 1641 974 1696 sed
1009 1650 1066 1695 ut
1088 1642 1177 1711 qui
1201 1642 1489 1706 adessent,
1519 1643 1788 1714 intellige-

177 1741 308 1786 rent
348 1746 378 1786 a
418 1747 524 1801 quo
549 1732 763 1787 virtutis
795 1741 956 1788 tanta:
1016 1733 1317 1804 accepisset
1353 1734 1624 1789 effectura.
1687 1736 1786 1790 Dat

1899 444 2020 498 gam
2049 439 2103 484 et
2131 429 2447 501 naufragam
2489 441 2811 487 revertetur.
2844 431 2902 487 In
2925 437 3116 503 quarta
3148 435 3290 488 enim
3321 435 3498 490 noctis

1895 522 2074 594 vigilia
2097 563 2113 590 ,
2143 523 2364 578 totidem
2395 525 2773 580 sollicitudinis
2800 525 2918 596 ejus
2941 541 3200 582 numerus
3226 528 3498 597 reperitur

1897 612 2089 687 (Ibid.,
2116 614 2233 687 25).
2268 616 2444 671 Prima
2476 617 2620 672 enim
2645 617 2824 689 vigilia
2883 617 2984 674 fuit
3040 619 3174 690 legis
3195 661 3209 685 ,
3258 621 3498 676 secunda

1897 708 2280 778 pr0phetarum
2303 751 2316 773 ,
2348 709 2505 764 tertia
2549 708 2622 782 (e)
2653 711 2952 781 corporalis
2979 711 3271 778 adventus,
3301 723 3497 784 quarta

1893 808 2070 854 autem
2100 801 2152 855 in
2183 800 2361 857 reditu
2382 802 2667 857 claritatis.
2727 803 2832 859 Sed
2882 802 3119 858 inveniet
3157 804 3352 886 fessam
3373 845 3388 870 ,
3443 814 3500 862 et

1893 891 2199 948 antichristi
2223 894 2416 963 spiritu
2445 903 2500 951 et
2530 895 2695 951 totius
2724 897 2912 951 saeculi
2938 897 3174 954 motibus
3197 898 3497 955 circumac-

1893 993 2020 1040 tam.
2055 985 2247 1042 Veniet
2269 989 2413 1042 enim
2436 989 2670 1044 maxime
2698 989 2871 1044 anxiis
2921 998 3083 1060 atque
3130 992 3360 1047 vexatis.
3418 993 3490 1048 Et

1891 1078 2016 1150 quia
2036 1079 2104 1135 de
2125 1081 2440 1136 antechristi
2466 1082 2861 1138 consuetudine
2877 1084 2944 1138 ad
2971 1100 3188 1140 omnem
3238 1086 3495 1142 tentatio-

1894 1185 2019 1225 num
2043 1169 2121 1243 (f)
2149 1171 2446 1228 novitatem
2468 1173 2689 1228 solliciti
2713 1183 2912 1240 erunt;
2941 1176 3103 1230 etiam
3153 1175 3220 1230 ad
3280 1177 3495 1232 Domini

1891 1264 2183 1320 adventum
2213 1277 2606 1336 expavescent,
2649 1267 2813 1322 falsas
2845 1284 3024 1323 rerum
3081 1267 3379 1339 imagines,
3438 1280 3495 1324 et

1890 1359 2236 1428 subrepentia
2267 1361 2437 1416 oculis
2471 1361 2724 1432 figmenta
2777 1369 3103 1418 metuentes.
3165 1363 3270 1418 Sed
3321 1365 3493 1420 bonus

1893 1452 2151 1509 Dominus
2179 1455 2360 1510 statim
2410 1455 2683 1525 loquetur,
2731 1457 3093 1527 timoremque
3132 1457 3359 1528 apellet,
3413 1459 3496 1513 di—

1889 1554 2081 1616 cetque
2113 1564 2125 1601 :
2159 1546 2274 1618 Ego
2302 1565 2416 1602 sum
2446 1547 2636 1621 (Ibid,
2666 1548 2784 1619 27),
2813 1550 3078 1606 adventus
3103 1551 3189 1606 sui
3243 1551 3348 1608 fide
3375 1567 3493 1608 me-

1892 1646 2002 1693 tum
2027 1639 2290 1710 naufragii
2313 1639 2644 1696 imminentis
2665 1641 2932 1711 apellens.

1965 1731 2054 1788 15.
2087 1731 2232 1786 Petri
2263 1737 2453 1804 fervor,
2485 1733 2692 1802 lapsus,
2726 1737 3040 1805 paenitentia.
3071 1766 3144 1778 —
3171 1737 3327 1804 Quod
3356 1752 3490 1793 vero

175 1822 384 1880 deinde
405 1825 683 1896 discipulis
706 1841 892 1896 panes.
925 1825 1040 1882 Non
1067 1829 1304 1898 quinque
1353 1828 1785 1898 multiplicantur
1813 1813 1862 1873 Β
1889 1837 1954 1878 ex
1983 1822 2224 1877 omnium
2247 1824 2660 1879 εοηεὶειεηιίιιῐη
2701 1826 2755 1880 in
2794 1826 2918 1880 11³νὶ
2958 1843 3188 1883 numero
3212 1869 3227 1893 ν
3259 1844 3490 1898 Γθεροῐι·

182 1917 238 1971 in
269 1917 470 1987 plures,
535 1918 627 1972 scd
653 1917 966 1990 fragmentis
999 1919 1294 1990 fragmenta
1347 1919 1681 1984 succedunt,
1733 1928 1789 1975 et

183 2010 380 2066 fallunt
394 2027 606 2082 semper
624 2010 698 2084 (ὁ)
719 2011 1005 2083 praefracto
1021 2015 1349 2084 frangentes.
1366 2014 1788 2085 Crescit‘deinde

177 2103 477 2159 materies:
505 2103 574 2175 (c)
600 2104 784 2159 nescio
812 2112 992 2159 utrum
1024 2106 1076 2158 in
1110 2120 1416 2160 mensarum
1446 2106 1567 2160 loco
1588 2150 1600 2170 ,
1633 2121 1698 2160 an
1732 2106 1785 2160 in

175 2197 431 2251 manibus
475 2197 833 2262 sumentium,
877 2211 945 2251 an
978 2197 1031 2251 in
1086 2212 1181 2251 ore
1233 2195 1314 2269 (ά)
1361 2197 1659 2252 edentium.
1709 2197 1786 2253 Nc

174 2289 382 2343 mirere
401 2287 578 2344 fontes
605 2287 772 2344 fluere
792 2331 806 2354 ,
838 2289 1018 2344 inesse
1046 2304 1180 2344 uvas
1207 2289 1410 2344 vitibus
1429 2331 1443 2354 ,
1468 2297 1524 2344 et
1555 2289 1673 2345 uvis
1702 2289 1789 2344 vi-

175 2397 246 2436 na
275 2380 533 2449 diffundi,
577 2390 632 2436 et
677 2396 867 2437 omnes
907 2381 1099 2437 mundi
1150 2396 1281 2452 opes
1321 2397 1504 2438 annuo
1549 2382 1784 2453 quodam

176 2481 364 2528 meatu
389 2471 769 2543 indefessoque
815 2472 1054 2529 deﬂuere
1089 2482 1402 2528 :auctorem
1453 2473 1598 2528 enim
1628 2473 1786 2543 hujus

173 2564 552 2621 universitatis
587 2573 768 2620 tantus
816 2581 1010 2635 panum
1043 2566 1319 2636 profectus
1367 2565 1639 2632 ostendit,
1687 2581 1786 2636 per

174 2673 344 2729 quem
378 2657 471 2712 tali
520 2657 856 2713 incremento
907 2657 1099 2713 modus
1147 2667 1492 2728 pertractata:
1543 2661 1785 2714 materiae

173 2751 488 2808 adderetur.
527 2753 715 2823 Agitur
739 2752 884 2808 enim
941 2751 995 2807 in
1038 2766 1206 2822 opere
1259 2751 1459 2806 visibili
1501 2751 1786 2807 invisibilis

176 2844 517 2900 molitio:et
543 2860 866 2900 arcanorum
925 2844 1226 2900 cmlestium
1280 2844 1570 2910 Dominus,
1629 2858 1785 2898 arca-

175 2954 309 2994 num
333 2939 531 3009 negotii
547 2939 829 3008 praesentis
841 2949 1117 3008 operatur.
1133 2937 1360 3007 Superat
1373 2945 1553 2993 autem
1566 2951 1784 2992 omnem

176 3039 428 3084 naturam
453 3029 622 3084 virtus
638 3030 931 3098 operantis,
951 3028 1423 3099 etsupergreditur
1441 3029 1563 3083 facti
1588 3027 1788 3084 intelli-

173 3123 417 3193 gentiam
435 3125 571 3177 ratio
584 3120 818 3189 virtutis,
835 3122 1009 3176 etsola
1031 3120 1653 3192 relinquituradmiratio
1680 3134 1782 3190 po-

1889 1913 2018 1970 dere
2048 1915 2243 1971 Petrus
2265 1916 2418 1971 solus
2439 1917 2638 1983 audet,
2663 1926 2720 1973 et
2735 1918 2913 1986 juberi
2931 1920 3034 1976 sibi
3059 1929 3121 1975 ut
3141 1936 3306 1990 super
3327 1937 3494 1993 aquas
3518 1921 3525 1937 ’

1888 2007 1954 2062 ad
1989 2009 2270 2063 Dominum
2307 2011 2486 2065 veniat
2503 2020 2760 2082 precatur
2795 2011 2982 2085 (Ibid.,
3035 2014 3170 2088 98);
3223 2018 3492 2086 passionis

1889 2108 2133 2170 tempore
2159 2101 2454 2156 voluntatis
2483 2118 2594 2158 suae
2621 2103 2870 2174 designat
2897 2101 3149 2162 allectum
3176 2149 3191 2175 ,
3225 2117 3337 2163 tum
3366 2125 3490 2165 cum

1888 2191 2036 2246 solus
2064 2199 2214 2248 retro
2236 2193 2462 2250 veniens
2486 2236 2500 2260 ,
2547 2203 2601 2250 et
2621 2196 2863 2268 vestigiis
2923 2197 3139 2253 Domini
3184 2199 3489 2268 inhaerens,

1887 2289 2216 2358 contemptis
2246 2290 2466 2357 saeculi,
2503 2298 2559 2344 ut
2589 2293 2786 2358 maris,
2815 2294 3070 2356 motibus.
3117 2297 3232 2365 pari
3257 2297 3324 2352 ad
3354 2313 3489 2353 con-

1889 2379 2232 2434 temnendam
2264 2389 2497 2436 mortem
2530 2382 2730 2438 virtute
2751 2384 3041 2440 comitatus
3065 2395 3149 2441 est
3201 2404 3213 2439 :
3258 2387 3354 2444 sed
3407 2390 3488 2444 in-

1889 2469 2200 2525 firmitatem
2231 2469 2425 2527 futurae
2469 2474 2784 2529 tentationis
2815 2475 3072 2532 timiditas
3129 2476 3248 2548 ejus
3300 2487 3484 2536 osten-

1887 2562 1988 2617 dit.
2019 2562 2155 2619 Nam
2185 2565 2432 2634 quamvis
2457 2566 2712 2623 incedere
2738 2582 2902 2624 ausus
2928 2578 3107 2635 esset,
3138 2579 3319 2628 tamen
3362 2574 3492 2630 sub-

1887 2656 2234 2727 mergebatur
2266 2657 2456 2728 (Ibid.,
2493 2659 2583 2730 30)
2614 2675 2746 2729 :per
2775 2661 3177 2717 imbecilitatem
3195 2664 3341 2720 enim
3371 2683 3494 2721 car-

1889 2748 1972 2802 nis
1999 2757 2053 2802 et
2102 2759 2304 2804 metum
2337 2750 2559 2818 mortis,
2590 2751 2752 2806 etiam
2796 2767 2967 2823 usque
3007 2753 3074 2808 ad
3121 2756 3354 2826 negandi
3399 2772 3492 2813 ne-

1887 2840 2193 2896 cessitatem
2219 2851 2439 2898 coactus
2471 2852 2574 2898 est.
2624 2842 2731 2899 Sed
2776 2844 3106 2913 proclamat,
3161 2855 3216 2902 et
3260 2848 3486 2904 salutem

1889 2940 2008 2985 orat
2033 2947 2062 2986 a
2099 2933 2346 2989 Domino.
2372 2933 2592 2990 Clamor
2617 2936 2718 2991 iste
2740 2977 2754 3001 ,
2780 2937 3115 3006 paenitentia:
3137 2953 3250 2994 sum
3273 2943 3494 3010 genitus

1887 3033 1990 3079 est.
2019 3023 2268 3080 Nondum
2311 3026 2458 3081 enim
2491 3042 2653 3097 passo
2699 3029 2927 3084 Domino
2981 3030 3036 3084 in
3085 3032 3488 3089 confessionem

1888 3131 2144 3172 reversus
2171 3127 2253 3171 est
2273 3158 2286 3181 ,
2317 3128 2372 3173 et
2402 3119 2634 3188 negandi
2661 3121 2878 3176 veniam
2908 3119 3094 3176 habuit
3122 3123 3174 3177 in
3208 3133 3487 3195 tempore;

176 3190 413 3272 testatis.
433 3213 579 3269 Ordo
591 3213 752 3269 etiam
770 3228 1052 3268 causarum
1069 3190 1398 3282 operumque
1410 3213 1777 3282 consequitur.
1809 3190 1856 3254 α
1886 3208 2100 3264 Christo
2120 3216 2307 3280 postea
2324 3225 2420 3279 pro
2446 3211 2820 3267 universorum
2843 3212 3217 3280 redemptione
3238 3231 3487 3285 passuro.

253 3307 342 3362 15.
369 3304 538 3360 Israel
565 3305 796 3375 reliquiis
845 3305 940 3358 erit
975 3304 1138 3358 salus.
1177 3334 1250 3344 —-
1280 3299 1631 3357 Conscendere
1673 3312 1786 3373 post

177 3400 368 3456 hwcin
391 3415 569 3455 navem
596 3399 878 3469 discipulos
905 3398 1183 3468 praecepit,
1231 3397 1392 3450 donec
1449 3395 1623 3449 turbas
1676 3396 1785 3464 ipse

176 3493 460 3548 dimitteret
487 3508 506 3547 :
534 3501 583 3546 et
607 3492 818 3546 dimissa
835 3491 981 3545 turba
1008 3500 1230 3544 montem
1261 3489 1555 3544 conscendit
1597 3504 1744 3542 orare
1763 3527 1781 3552 ,

177 3595 227 3640 et
257 3601 469 3654 vespere
492 3588 628 3654 facto
653 3584 794 3638 solus
819 3577 928 3637 erat
959 3581 1174 3652 (Matth.
1205 3597 1292 3635 xtv
1313 3623 1326 3645 ,
1362 3581 1434 3634 22
1458 3591 1504 3634 et
1529 3581 1644 3652 25).
1680 3582 1786 3634 Ho-

177 3691 306 3732 rum
335 3675 476 3732 ratio
503 3673 888 3745 distinguenda
920 3673 1253 3743 temporibus
1301 3670 1464 3744 742
1493 3682 1592 3729 est.
1627 3672 1781 3739 Quod

177 3784 412 3839 vespere
441 3767 590 3824 solus
613 3774 725 3833 est;
757 3767 1108 3823 solitudinem
1138 3783 1290 3821 suam
1324 3769 1376 3821 in
1395 3778 1638 3838 tempore
1665 3782 1786 3836 pas-

178 3862 358 3918 sionis
385 3860 656 3924 ostendit,
687 3861 902 3916 caeteris
927 3860 1283 3930 trepidatione
1328 3858 1572 3930 dilapsis.
1625 3857 1782 3925 Quod

177 3963 366 4011 autem
395 3969 583 4008 navem
612 3952 983 4010 conscendere
1033 3951 1330 4023 discipulos
1367 3951 1550 4021 jubet,
1603 3961 1657 4006 ct
1703 3951 1784 4007 ire

182 4056 340 4103 trans
371 4045 590 4112 fretum,
618 4046 747 4102 dum
780 4045 965 4100 turbas
993 4044 1108 4116 ipse
1137 4044 1394 4110 dimittit,
1446 4054 1503 4099 et
1544 4043 1783 4100 dimissis

181 4139 360 4194 turbis
385 4137 626 4193 ascendit
654 4138 708 4192 in
733 4146 970 4193 montem
989 4179 1003 4203 ,
1027 4152 1148 4193 esse
1171 4135 1421 4210 (supple,
1466 4135 1598 4208 eos)
1643 4137 1782 4191 intra

179 4232 481 4289 Ecclesiam
502 4273 518 4300 ,
549 4241 603 4287 et
630 4247 725 4301 per
756 4230 950 4286 fretum
976 4271 994 4299 ,
1022 4231 1072 4284 id
1097 4237 1209 4297 est,
1234 4244 1330 4300 per
1358 4229 1614 4284 smculum
1655 4228 1784 4284 ferri

176 4339 352 4395 usque
379 4324 433 4376 in
466 4323 515 4378 id
544 4323 959 4393 tempusjubet,
989 4337 1095 4392 quo
1116 4331 1396 4377 revertens
1429 4322 1479 4374 in
1518 4321 1782 4376 claritatis

174 4415 418 4470 adventu
437 4415 630 4484 populo
657 4415 848 4479 omni,
895 4414 983 4484 qui
1029 4428 1096 4468 ex
1144 4413 1309 4468 Israel
1347 4413 1451 4467 erit
1497 4412 1778 4484 reliquus,

175 4509 410 4563 salutem
443 4507 631 4563 reddat
659 4507 1036 4577 ipse,cjusque
1065 4516 1281 4575 peccata
1304 4505 1539 4560 dimittat
1561 4524 1572 4560 :
1593 4505 1780 4561 dimis-

172 4615 349 4669 soque
369 4641 383 4663 ,
417 4599 503 4652 vel
537 4600 588 4653 in
613 4599 838 4654 cmleste
867 4613 1090 4667 regnum
1116 4597 1293 4666 potius
1309 4596 1544 4652 admisso
1570 4638 1584 4661 ,
1618 4613 1780 4668 agens
1807 4580 1859 4640 D

176 4694 293 4748 Deo
316 4693 450 4763 patri
474 4693 692 4761 gratias,
709 4693 759 4744 in
787 4691 958 4759 gloria
975 4691 1091 4760 ejus
1112 4683 1166 4744 et
1196 4689 1477 4758 majestate
1493 4690 1774 4744 consistat.

251 4790 344 4843 M.
379 4785 476 4840 Dei
496 4803 653 4856 supra
689 4786 970 4840 It‘cclesiam
995 4786 1184 4857 vigilia:
1209 4793 1447 4854 quatuor.
1478 4783 1780 4838 Antichristi

175 4893 364 4938 terror.
393 4910 464 4919 ——
483 4879 586 4935 Sed
612 4879 755 4934 inter
776 4878 892 4934 hzcc
915 4878 1168 4948 discipuli
1191 4887 1351 4931 vento
1405 4891 1468 4930 ac
1509 4877 1642 4931 mari
1675 4877 1779 4931 dif-

173 4976 448 5040 feruntur,
477 4983 530 5028 et
557 4973 683 5027 totis
707 4973 890 5027 su:cu|i
942 4971 1175 5025 motibus
1199 5010 1213 5033 ,
1258 4967 1540 5022 immundo
1583 4968 1778 5038 spiritu

175 5066 815 5136 adversante,jactantur
841 5063 1029 5135 (lbid.,
1055 5060 1194 5132 2L).
1228 5060 1332 5116 Sed
1357 5068 1547 5131 quarta
1598 5061 1776 5132 vigilia

211 5264 216 5268 δ
252 5203 331 5275 (a)
364 5202 442 5258 Ita
472 5202 652 5258 Codex
684 5201 910 5258 Carnut.
943 5213 1064 5254 cum
1087 5195 1242 5252 Coll).
1275 5193 1381 5250 Alii
1409 5209 1568 5263 vevo,
1600 5211 1777 5251 sensus

174 5276 492 5331 sublimitas.

253 5348 328 5419 (b)
350 5344 884 5419 Antiquteeditioues
909 5339 1258 5419 c_um_aliquot
1286 5354 1441 5419 Amss.
1478 5340 1774 5408 prtefracta.

176 5411 526 5486 llu'c'spectat
553 5417 684 5471 illud
718 5416 810 5471 lib.
837 5430 894 5469 tn
921 5414 987 5468 de
1015 5411 1167 5468 Trin.
1201 5429 1256 5466 n.
1279 5411 1352 5466 6:
1387 5412 1601 5486 semper
1645 5425 1779 5480 pra:-

177 5482 452 5561 fringentis
505 5504 714 5561 manum
763 5489 1053 5561 fragmenta
1103 5492 1357 5561 occupant
1385 5498 1403 5534 .·
1426 5482 1616 5551 fallunt
1669 5497 1778 5561 mo-

175 5553 350 5614 rnenta
382 5560 565 5621 visum,
598 5560 722 5612 dum
745 5553 948 5625 plenam
969 5556 1270 5625 fragmentis
1297 5570 1506 5606 manuni
1535 5553 1778 5623 sequeris.

255 5632 330 5701 (c)
354 5629 478 5686 Mss.
513 5631 698 5696 Rom.,
723 5623 904 5697 Colb.,
933 5623 1130 5682 VatIct
1159 5623 1322 5680 Carn.
1354 5625 1524 5678 nescio
1563 5633 1738 5678 utrum
1761 5664 1776 5689 ,

587 5722 863 5784 PATROL.
897 5719 1014 5781 IX.

1964 3302 2050 3357 16.
2084 3301 2188 3357 Cur
2211 3319 2314 3358 non
2347 3319 2380 3356 a
2408 3304 2747 3375 trepidatione
2794 3303 3060 3360 liberatus.
3093 3307 3324 3361 Christus
3373 3325 3485 3364 ont—

1887 3393 2032 3447 nium
2059 3394 2361 3465 redemptio.
2390 3425 2462 3436 -ο
2481 3395 2635 3463 Quod
2660 3404 2837 3451 autem
2869 3397 3170 3467 trepidandi
3219 3399 3332 3464 illi,
3378 3416 3487 3456 non

1889 3489 2149 3558 virtutem
2181 3488 2526 3558 perveniendi
2557 3488 2622 3544 ad
2654 3504 2714 3544 se
2767 3488 3026 3544 Dominus
3071 3490 3327 3558 indulsit,
3388 3493 3486 3548 sed

1887 3595 2104 3636 manum
2129 3581 2403 3647 extendit,
2457 3583 2967 3654 apprehensumque
3022 3587 3314 3649 sustinuit;
3366 3586 3483 3643 haec

1887 3675 2026 3730 ratio
2047 3684 2150 3730 est.
2180 3674 2297 3729 Non
2328 3675 2683 3746 eratquidem
2716 3675 2906 3731 Petrus
2954 3677 3168 3733 Domini
3218 3679 3299 3734 sui
3343 3679 3486 3735 indi-

1886 3782 2024 3838 gnus
2053 3781 2276 3822 accessu
2301 3809 2314 3831 ,
2346 3783 2471 3822 nam
2498 3774 2554 3822 et
2582 3767 2810 3822 tentavit
2838 3768 3121 3835 accedere,
3179 3769 3275 3825 sed
3307 3781 3360 3825 et
3397 3781 3484 3842 ty-

1888 3861 2038 3932 picus
2064 3861 2117 3915 in
2143 3875 2208 3916 eo
2230 3859 2364 3915 ordo
2388 3869 2634 3916 servatus
2660 3867 2761 3915 est.
2793 3858 2912 3914 Non
2941 3860 3086 3916 enim
3113 3861 3342 3916 Domino
3383 3877 3486 3918 sre-

1886 3953 1991 4009 culi
2021 3961 2200 4009 motus
2227 3951 2850 4023 tempeatatesque743
2897 3953 3131 4014 calcanti
3152 3994 3166 4017 ,
3199 3956 3482 4026 quisquam

1889 4046 2159 4116 passionis
2184 4059 2304 4100 esse
2329 4045 2599 4115 particeps
2623 4053 2870 4114 p0terat;
2903 4045 3050 4098 solus
3100 4045 3244 4099 enim
3297 4061 3486 4115 passu-

1887 4152 1978 4190 rus
2001 4152 2098 4206 pro
2119 4135 2369 4190 omnibus
2390 4135 2631 4189 omnium
2676 4143 2894 4202 peccata
2925 4135 3169 4190 solvebat
3201 4153 3213 4188 :
3247 4151 3348 4192 nec
3390 4151 3482 4192 so-

1885 4228 2027 4282 cium
2043 4225 2296 4293 admittit,
2313 4225 2568 4296 quidquid
2590 4226 2924 4280 universitati
2958 4235 3246 4296 praestatur
3259 4230 3327 4285 ab
3349 4245 3478 4286 uno.

1885 4319 1963 4376 Ita
2007 4335 2128 4377 cum
2181 4328 2327 4375 esset
2379 4319 2497 4389 ipse
2547 4318 2850 4388 redemptio
2899 4320 3318 4383 universorum,
3362 4332 3483 4377 crat

1885 4412 2049 4467 etiam
2077 4411 2271 4466 Petrus
2298 4418 2424 4466 ante
2446 4409 2797 4465 redimendus
2816 4450 2832 4476 ,
2860 4409 2928 4463 ad
2968 4410 3361 4481 redemptionis
3410 4413 3484 4468 is-

1887 4505 1992 4559 tius
2014 4503 2171 4558 fidem
2202 4502 2280 4575 (g)
2307 4511 2416 4556 tum
2440 4503 2491 4556 in
2515 4499 2712 4556 Christi
2749 4511 3040 4573 martyrem
3074 4514 3402 4561 reservatus.

1960 4597 2044 4650 17.
2081 4594 2266 4648 Petrus
2293 4595 2395 4663 ﬁde
2423 4604 2628 4648 creteros
2657 4595 2856 4648 anteiit.
2893 4625 2966 4635 —
3009 4594 3075 4648 Et
3105 4595 3210 4652 hoc
3235 4598 3286 4651 in
3319 4598 3480 4655 Petro

1887 4687 2339 4744 considerandum
2397 4697 2510 4751 est,
2581 4685 2687 4741 fide
2737 4701 2858 4742 eum
2916 4695 3143 4743 caeteros
3195 4691 3478 4748 anteisse:

1882 4797 2005 4834 nam
2038 4781 2408 4848 ignorantibus
2432 4781 2677 4846 caeteris,
2704 4781 2906 4848 primus
2956 4783 3268 4852 respondit:
3307 4785 3385 4840 Tu
3428 4805 3481 4844 es

1883 4872 2054 4928 Filius
2085 4871 2176 4926 Dei
2203 4873 2299 4926 vivi
2348 4871 2559 4943 (Matth.
2607 4887 2723 4939 xvt,
2767 4872 2876 4944 17).
2905 4873 3116 4931 Primus
3142 4878 3440 4943 passionem
3460 4924 3477 4949 ,

1881 4965 2008 5020 dum
2032 4964 2228 5019 malum
2251 4973 2419 5036 putat,
2442 4965 2738 5021 detestatus
2759 4976 2835 5020 est
2857 4965 3044 5038 (lbid.,
3066 4968 3182 5041 22).
3198 4971 3408 5030 Primus
3429 4987 3485 5034 et

1881 5059 2202 5114 moriturum
2225 5074 2283 5113 se
2303 5100 2318 5125 ,
2349 5067 2406 5114 et
2435 5074 2539 5114 non
2568 5067 2880 5130 negaturum
2925 5064 3216 5135 spopondit
3254 5067 3478 5139 (Matth.

1883 5213 1950 5251 an
1977 5196 2033 5249 in
2062 5211 2415 5249 mensurarum
2455 5195 2587 5249 loco.

1979 5268 2036 5337 ά)
2068 5267 2120 5345 l_n
2155 5281 2266 5345 uno
2312 5282 2414 5345 ms.
2686 5269 2997 5345 credentium
3042 5289 3061 5328 :
3118 5290 3223 5328 non
3287 5276 3481 5345 placet.

1881 5337 2063 5415 Habes
2085 5339 2202 5392 loco
2229 5337 2444 5415 laudato
2467 5338 2535 5391 de
2557 5337 2707 5415 Trin.
2758 5340 3162 5415 Prtefringentes
3204 5347 3255 5398 in
3287 5337 3477 5400 'minis-

1882 5411 2008 5463 torio
2029 5418 2148 5480 sunt
2167 5409 2389 5474 ,edentes
2411 5410 2463 5462 in
2483 5412 2684 5480 negotio
2705 5423 2842 5477 sunt,
2859 5409 3133 5468 esurientes
3152 5417 3312 5467 saturi
3336 5427 3478 5472 sunt.

1957 5479 2030 5551 (ε)
2046 5479 2288 5546 Quatuor
2307 5495 2409 5533 non
2426 5479 2699 5536 inferioris
2715 5494 2855 5538 nota:
2868 5499 2972 5539 ms.
2996 5485 3225 5551 corporis
3239 5485 3477 5542 aduentu.

1983 5551 2035 5620 f)
2067 5552 2354 5607 Beccensis
2374 5551 2546 5606 codex
2567 5595 2580 5614 ,
2609 5563 2822 5607 motum.

1983 5554 2011 5620 f
2067 5552 2354 5607 Beccensis
2374 5551 2546 5606 codex
2567 5595 2580 5614 ,
2609 5563 2822 5607 motum.

1957 5551 2036 5694 ig;
2071 5620 2245 5689 Editi,
2295 5639 2413 5677 cum
2453 5623 2506 5677 in
2537 5621 2728 5678 Christi
2780 5633 3050 5692 martyrem

2814 5715 2895 5774 32

3117 5637 3129 5650 '
3175 5638 3238 5679 ac
3282 5623 3482 5686 deinde
