3974 6198
526 258 670 328 1003

1693 261 1938 323 SANCTI
1976 250 2231 323 nam
2273 254 2576 329 EPISCOPI

3690 277 3817 337 10οῑ

518 400 652 441 xxvi
673 426 687 451 ,
712 381 832 454 55).
860 381 1076 439 Primus
1101 380 1267 438 lavari
1298 380 1399 441 sibi
1425 381 1591 453 pedes
1625 381 1902 453 prohibuit
1931 384 2118 459 (Joan.
2151 385 2204 446 Α
2228 387 2595 458 superioribus
2619 387 2803 445 sumit.
2827 386 3206 447 inﬁdelitatem
3229 390 3373 451 enim
3394 391 3819 464 Pharisaeorum,

523 492 619 533 xm
640 518 654 542 ,
677 478 758 547 8).
788 475 1035 530 Gladium
1061 490 1277 546 quoque
1302 478 1567 533 adversus
1621 490 1745 542 eos,
1794 479 1886 549 qui
1940 479 2125 535 Domi-

522 584 657 627 num
714 569 1278 637 comprehendebant,
1322 570 1509 627 eduxit
1551 570 1754 644 (loan.
1810 588 1971 643 xvnt,
2016 572 2124 647 i0).

600 662 686 718 18.
731 664 971 719 Ascensu
1002 673 1179 720 autem
1207 665 1323 736 ejus
1350 666 1402 721 in
1430 668 1633 738 navitn,
1670 678 1888 726 ventum
1908 679 1962 725 et
1978 683 2128 724 mare

524 768 648 813 esse
666 756 913 812 sedatum
934 776 951 813 :
978 767 1102 828 post
1122 759 1383 816 claritatis
1411 775 1524 816 suae
1540 763 1802 832 reditum,
1826 762 1903 837 (α)
1927 774 2128 819 :eterna

526 849 786 906 Ecclesiae
808 866 909 923 pax
939 859 992 907 et
1022 852 1386 923 tranquillitas
1414 852 1705 913 indicatur.
1737 855 1808 912 Et
1854 857 1979 929 quia
2015 868 2125 910 tum

518 942 847 999 manifestus
866 942 1143 1005 adveniet.
1164 953 1312 1001 recte
1333 945 1667 1005 admirantes
1702 946 1944 1004 universi
1962 946 2129 1004 locuti

522 1042 683 1091 bunt:
708 1034 837 1090 Vere
847 1037 987 1107 ﬁlias
1002 1036 1100 1093 Dei
1113 1048 1189 1093 est
1202 1042 1218 1108 (
1229 1037 1414 1094 Matth.
1431 1046 1522 1095 xx’v
1533 1083 1547 1107 ,
1561 1039 1971 1103 35).Confessio
1983 1041 2126 1096 enim

527 1129 905 1183 universorum
928 1138 1038 1183 tum
1053 1139 1107 1185 et
1128 1129 1373 1185 absoluta
1394 1140 1450 1187 et
1472 1133 1683 1202 publica
1701 1133 1824 1199 erit,
1847 1132 1938 1187 Dei
1959 1130 2126 1187 ﬁlium

531 1235 640 1276 non
659 1221 772 1291 jam
803 1222 857 1276 in
880 1221 1182 1277 humilitate
1206 1237 1489 1293 corporea,
1521 1224 1616 1280 sed
1638 1225 1693 1280 in
1721 1223 1892 1296 gloria
1919 1223 2126 1280 emicsti

526 1326 716 1384 pacem
748 1312 1007 1368 Ecclesiae
1042 1313 1120 1385 (b)
1150 1313 1475 1370 reddidisse.

611 1404 697 1460 i9.
734 1403 817 1459 Ea:
846 1404 1051 1460 Christo
1078 1407 1250 1478 prodit
1277 1408 1628 1477 apostolorum
1674 1408 1858 1463 uirtus.
1897 1439 1967 1451 —
1996 1407 2128 1464 Cum

532 1497 981 1568 transfretassent,
1003 1508 1250 1553 venerunt
1274 1501 1327 1553 in
1346 1508 1534 1554 terram
1563 1500 1830 1555 Geunesar
1864 1518 1882 1555 :
1915 1511 1961 1556 et
2011 1516 2126 1555 cum

529 1590 878 1660 cognovissent
912 1605 1026 1645 eum
1048 1592 1145 1645 uiri
1174 1592 1273 1647 loci
1298 1591 1473 1660 illius,
1506 1593 1793 1648 adorabunt
1821 1609 1935 1649 eum
1958 1592 2122 1666 (Ibid.

527 1682 599 1737 54
637 1694 681 1739 et
709 1683 823 1755 55).
883 1685 954 1756 (ε)
1000 1685 1162 1740 Multa
1193 1697 1248 1741 et
1272 1687 1451 1742 media
1480 1687 1787 1744 inciderunt
1806 1732 1820 1755 ,
1848 1703 1969 1760 quze
1993 1702 2123 1753 nos,

2233 488 2285 533 et
2336 479 2405 553 (e)
2450 480 2742 551 opprobrio
2789 496 3057 537 caecorum
3097 483 3317 551 ducum,
3365 495 3421 541 et
3472 485 3825 545 humanarum

2228 573 2577 630 traditionum
2622 575 3097 645 superstitionibus
3140 576 3405 651 coarguit.
3440 574 3511 635 Et
3561 591 3688 652 post
3714 583 3821 638 haec

2231 664 2295 720 ad
2323 667 2573 737 regiones
2603 666 2731 739 Tyri
2759 677 2814 724 et
2839 668 3059 726 Sidonis
3087 670 3256 738 venit,
3287 682 3341 730 et
3365 669 3680 729 Chananaca
3709 689 3742 728 a
3770 673 3825 729 ﬁ-

2230 758 2390 816 nibus
2438 761 2547 816 illis
2574 776 2790 832 egressa
2822 762 3022 818 clamat
3050 773 3210 835 atque
3256 774 3400 835 orat,
3438 774 3497 822 et
3544 764 3826 825 Dominum

2231 851 2402 908 David
2418 854 2585 910 illium
2605 855 2914 925 conﬁtetur,
2940 867 2995 914 et
3022 856 3142 915 lilia:
3172 873 3285 914 sua:
3314 874 3475 937 opem
3505 860 3703 932 poscit.
3728 858 3827 917 Do-

2231 946 2410 1003 minus
2437 947 2582 1015 silet,
2613 948 2860 1020 discipuli
2904 965 3003 1023 pro
3034 967 3098 1007 ea
3126 962 3357 1022 rogant:
3381 950 3581 1027 quibus
3610 969 3673 1011 se
3705 970 3825 1028 per-

2231 1038 2356 1094 ditis
2399 1040 2589 1098 ovibus
2626 1042 2824 1098 d0mus
2868 1043 3033 1099 lsrael
3081 1043 3305 1100 missum
3344 1059 3466 1101 esse
3512 1042 3823 1120 respondet.

2228 1131 2324 1188 Illa
2346 1148 2476 1188 vero
2497 1134 2753 1202 adorans,
2781 1134 3026 1206 adjuvari
3055 1150 3113 1192 se
3142 1135 3415 1210 posmlat:
3450 1137 3537 1193 cui
3569 1138 3822 1196 Dominus

2231 1227 2328 1294 ait,
2355 1227 2598 1282 illicitum
2618 1242 2738 1283 esse
2763 1244 2952 1299 panem
2977 1230 3206 1285 ﬁliorum
3237 1230 3462 1285 canibus
3487 1229 3713 1289 olferre.
3739 1232 3827 1289 Vi-

2230 1321 2524 1391 cissimque
2553 1320 2640 1375 illa
2668 1321 2975 1391 respondet,
3004 1320 3377 1379 decidentibus
3410 1322 3479 1378 de
3506 1338 3700 1381 mensa
3732 1322 3824 1378 do-

2231 1413 2501 1468 minorum
2530 1412 2685 1468 micis
2720 1413 3052 1488 aliucatcllos
3097 1413 3294 1470 solere.
3330 1413 3464 1471 Post
3508 1431 3632 1487 qua:
3675 1415 3826 1470 ﬁdem

2228 1503 2348 1573 ejus
2380 1503 2637 1559 Dominus
2674 1503 2966 1571 collaudat,
3010 1516 3064 1561 et
3105 1506 3158 1560 in
3196 1516 3441 1578 tempOre
3472 1507 3591 1578 ipso
3636 1507 3827 1580 puella

2231 1596 2434 1651 sanitas
2468 1595 2676 1651 reddita
2700 1607 2783 1652 est
2806 1595 2969 1668 (ibid.
2993 1638 3008 1663 ,
3037 1594 3260 1670 25-28).

2301 1687 2356 1742 ὅ.
2389 1684 2683 1742 Chananaea
2705 1689 3076 1760 proselgtorum
3104 1690 3293 1764 ﬁgura.
3329 1688 3608 1746 Chananwi
3637 1692 3745 1761 qui.
3764 1721 3827 1731 —

520 1785 649 1846 post
697 1778 932 1847 quinque
961 1778 1188 1833 millium
1210 1780 1449 1834 virorum
1500 1790 1549 1837 et
1581 1782 2048 1852 congregationem
2077 1788 2131 1836 ct
2158 1786 2207 1851 B
2232 1780 2305 1838 Ut
2326 1782 2487 1852 igitur
2513 1782 2625 1848 illa,
2651 1796 2771 1851 quas
2790 1793 2940 1854 gesta
2970 1792 3117 1850 sunt,
3146 1797 3208 1839 ea
3241 1798 3360 1854 qua:
3388 1785 3616 1841 ln’tcribr
3634 1796 3725 1843 est
3752 1802 3828 1843 ra.

526 1867 829 1922 satietatem
851 1908 867 1932 ,
888 1867 1181 1924 reddenda!
1200 1869 1429 1925 rationis
1455 1870 1635 1927 studio
1660 1871 1937 1927 demortua
1958 1880 2123 1927 sunt:

528 1974 724 2016 sensus
744 1966 923 2015 autem
953 1977 1125 2031 usque
1146 1961 1202 2017 in
1234 1964 1377 2019 hunc
1403 1962 1581 2019 locum
1610 1965 1754 2020 idem
1787 1976 1890 2020 est.
1932 1964 2129 2021 Finitis

526 2054 671 2107 enim
696 2053 830 2121 legis
860 2050 1198 2123 temporibus
1223 2097 1237 2122 ,
1262 2063 1321 2109 et
1342 2068 1408 2111 ex
1432 2057 1598 2111 lsrael
1624 2057 1863 2128 quinque
1888 2056 2129 2111 millibus

523 2145 763 2199 virorum
787 2145 927 2200 intra
956 2146 1260 2201 Ecclesium
1287 2148 1602 2216 collocatis,
1631 2150 1742 2219 jam
1790 2148 2128 2205 credentium

524 2236 971 2311 (lsraelitarum)
1004 2238 1235 2307 pepulus
1260 2241 1500 2294 occurrit
1549 2256 1563 2294 :
1584 2241 1693 2310 jam
1728 2242 1844 2311 ipse
1894 2254 1962 2297 ex
2008 2241 2130 2311 lege

524 2343 625 2399 per
650 2329 812 2383 ﬁdem
832 2331 1048 2397 salvus,
1072 2329 1310 2400 reliquos
1336 2345 1401 2386 ex
1428 2331 1542 2386 suis
1584 2332 1835 2387 inﬁrmos
1861 2343 2129 2403 aegrotos-

526 2436 634 2492 que
660 2420 894 2477 aﬂ‘erens
918 2422 1180 2489 Domino,
1212 2423 1490 2494 oblatique
1536 2423 1781 2479 fimbrias
1824 2424 2124 2479 vestimen-

528 2524 706 2571 torum
738 2514 1054 2585 contiugere
1081 2516 1342 2585 optabant
1364 2559 1377 2579 ,
1407 2517 1525 2571 sani
1576 2528 1675 2587 per
1724 2517 1884 2573 ﬁdem
1938 2517 2126 2575 futuri.

524 2604 633 2662 Sed
655 2617 715 2660 ut
739 2622 807 2660 ex
838 2617 990 2661 veste
1020 2614 1137 2661 tota
1182 2606 1411 2662 ﬁmbriae
1432 2649 1446 2672 ,
1469 2609 1541 2662 ita
1570 2624 1637 2663 ex
1666 2609 1895 2664 Domino
1942 2621 2130 2665 nostro

526 2695 662 2752 Jesu
681 2696 899 2751 Christo
916 2698 1090 2752 sancti
1106 2698 1337 2767 Spiritus
1350 2700 1524 2754 virtus
1536 2700 1696 2755 exiit:
1712 2717 1835 2772 quas
1870 2702 2130 2773 apostolis

522 2787 673 2855 data,
692 2787 822 2857 ipsis
832 2802 1048 2857 quoque
1070 2798 1341 2855 tamquam
1354 2806 1421 2845 ex
1434 2791 1621 2850 eodem
1636 2808 1863 2863 corpore
1878 2795 2132 2850 exeunti-

525 2879 650 2947 bus,
690 2879 920 2935 salutem
936 2880 1018 2936 bis
1031 2880 1122 2951 qui
1142 2880 1456 2951 contingere
1479 2884 1719 2954 cupiunt,
1734 2884 2126 2941 subministrat.

1144 2975 1373 3031 CAPUT
1413 2975 1528 3031 XV.

527 3063 611 3121 De
637 3065 872 3120 lavandis
891 3065 1130 3120 manibus
1149 3107 1164 3132 ,
1190 3076 1239 3121 et
1262 3084 1365 3121 non
1389 3084 1449 3121 ea
1470 3083 1587 3138 qua
1612 3069 1669 3122 in
1694 3085 1753 3123 os
1779 3071 1974 3124 intrant
1992 3114 2008 3138 ,
2037 3072 2129 3127 sed

2232 1876 2310 1931 tio
2356 1884 2756 1947 consequatur;
2806 1891 2926 1947 quae
2968 1876 3296 1932 Chanaan-ca:
3334 1892 3566 1951 persona
3606 1880 3713 1948 sit,
3764 1896 3823 1937 es

2230 1967 2366 2038 ipsis
2409 1968 2696 2024 verborum
2732 1969 3020 2025 virtutibus
3068 1971 3433 2029 contuendum
3473 1981 3577 2028 est.
3612 1972 3822 2041 Fuisse,

2232 2073 2395 2135 atque
2424 2065 2585 2120 etiam
2619 2079 2742 2122 esse
2772 2080 2937 2137 penes
2967 2065 3134 2123 lsrael
3166 2068 3564 2141 proselytorum
3588 2070 3821 2142 plebem,

2240 2156 2376 2213 ﬁdes
2419 2166 2568 2213 certa
2606 2169 2728 2213 est:
2764 2175 2885 2229 qua:
2918 2158 3053 2231 (scil.
3097 2161 3496 2235 proselytorum
3545 2161 3726 2238 plea)
3766 2161 3826 2219 de

2233 2250 2482 2322 gentibus
2502 2250 2557 2305 in
2596 2250 2729 2323 legis
2756 2266 2921 2323 opera
2946 2254 3297 2322 transcendit,
3338 2266 3395 2311 et
3422 2256 3548 2311 vita:
3593 2257 3826 2312 anterio-

2234 2341 2311 2398 ris
2339 2356 2555 2414 egressa
2582 2346 2880 2415 regionem,
2916 2347 3214 2418 peregrina:
3243 2348 3678 2419 douiinantisque
3700 2348 3824 2420 legis

2232 2446 2513 2511 tamquam
2550 2438 2711 2494 domo
2740 2440 3134 2497 continebatur.
3178 2440 3473 2498 Chanantci
3509 2450 3687 2498 autem
3719 2441 3824 2497 lue-

2233 2541 2360 2587 runt
2405 2540 2596 2598 terras,
2632 2533 2692 2587 in
2720 2533 2913 2606 quibus
2955 2550 3096 2590 nunc
3121 2534 3308 2591 Judtca
3346 2544 3452 2604 est,
3487 2535 3817 2591 incolentes:

2235 2624 2327 2698 qui
2354 2626 2605 2682 vebbello
2648 2628 2973 2698 consumpti,
3004 2629 3088 2685 vel
3128 2628 3181 2684 iu
3208 2629 3327 2685 loca
3365 2629 3539 2686 vicina
3566 2627 3806 2700 dispersi,

2235 2720 2319 2776 vel
2342 2718 2398 2775 in
2427 2720 2744 2781 servitutem
2770 2721 3105 2782 devictorum
3129 2722 3438 2779 conditione
3458 2723 3708 2793 snbjecti.
3730 2738 3818 2778 no-

2239 2831 2365 2872 men
2416 2824 2624 2872 tantum
2666 2818 2783 2873 sine
2820 2818 2997 2891 patria
3035 2819 3164 2875 sede
3216 2819 3628 2875 circumferunt.
3672 2818 3819 2875 Plebs

2235 2907 2398 2978 igitur
2427 2907 2544 2963 bare
2584 2922 2705 2963 cum
2737 2909 2939 2966 Iudaeis
2970 2909 3203 2966 admixta
3243 2911 3313 2968 de
3341 2913 3596 2985 gentibus
3637 2920 3731 2967 est.
3758 2908 3820 2965 Et

2236 3000 2361 3070 quia
2403 3015 2508 3056 non
2551 3010 2634 3055 est
2661 3001 2989 3073 ambiguum,
3034 3004 3086 3058 in
3124 3019 3186 3061 ea
3217 3004 3370 3059 turba
3415 3016 3537 3077 qum
3584 3001 3817 3071 credidit,

2236 3101 2444 3162 partem
2479 3096 2795 3153 nonnullam
2828 3099 3222 3173 proselytorum
3252 3098 3451 3168 fuisse,
3498 3100 3689 3154 merito
3713 3097 3819 3152 haec

566 3222 571 3225 _
598 3174 664 3213 ea
684 3174 802 3230 quae
837 3175 899 3214 ex
919 3174 1006 3213 ore
1039 3171 1224 3214 exeunt
1250 3162 1551 3231 inquinare,
1582 3165 1648 3216 de
1676 3164 1789 3234 ﬁlia
1816 3163 2127 3223 Chananara:

2241 3182 2565 3253 Chaunum,
2599 3189 2995 3263 prosclytorum
3045 3188 3277 3246 formam
3302 3193 3619 3261 praeferens,
3648 3188 3820 3245 existi-

606 3252 866 3317 mulieris,
899 3251 964 3304 de
990 3261 1183 3320 septem
1211 3254 1430 3322 panibus
1458 3266 1504 3308 et
1534 3257 1713 3324 paucis
1738 3257 1982 3325 piscibus.

596 3344 630 3398 1
643 3384 656 3398 .
682 3343 761 3413 (ά)
785 3342 926 3397 Tunc
938 3354 1256 3399 accesserunt
1282 3347 1351 3399 ad
1366 3361 1481 3400 eum
1507 3346 1703 3402 Scribe:
1723 3356 1770 3402 et
1800 3348 2053 3405 Plrarisrei
2069 3351 2133 3405 ab

526 3435 903 3507 Jerosolymis,
934 3436 1156 3491 dicentes
1177 3478 1193 3505 ,
1223 3442 1329 3493 etc.
1361 3438 1579 3512 (Matth.
1612 3456 1700 3507 xv,
1747 3441 1827 3514 i).
1872 3442 2133 3501 Absoluta

529 3538 585 3584 et
606 3528 880 3583 dictorum
908 3536 964 3582 et
988 3535 1263 3597 gestorum
1288 3529 1338 3583 in
1362 3533 1824 3602 consequentibus
1854 3536 1993 3591 ratio
2016 3547 2130 3593 est:

534 3633 662 3675 nam
692 3618 777 3673 his
796 3659 814 3685 ,
841 3634 963 3689 qua:
987 3617 1153 3691 7“
1173 3621 1449 3690 proposita
1480 3622 1722 3694 fuerant,
1759 3626 1873 3695 ipse
1902 3642 2133 3697 respon-

529 3711 644 3776 dit,
685 3727 907 3765 omnem
964 3713 1388 3787 plantationeiu,
1436 3730 1558 3785 quae
1604 3729 1711 3771 non
1767 3732 1798 3772 a
1843 3718 2002 3776 Patre
2028 3723 2131 3789 sit,

532 3800 915 3856 eradicandam
940 3803 1127 3857 dicens
1159 3802 1361 3872 (Ibit,
1394 3805 1507 3875 i5),
1544 3806 1594 3859 id
1638 3816 1761 3873 est,
1784 3811 2132 3867 traditionem

533 3890 815 3945 hominum
854 3892 1154 3947 eruendam
1185 3934 1200 3957 ,
1242 3896 1396 3962 cujus
1438 3896 1659 3963 favore,
1696 3899 1832 3970 legis
1867 3914 2135 3975 prmeepta

530 3983 858 4052 transgressi
879 3992 1001 4037 sunt
1030 4000 1043 4035 :
1068 3993 1125 4039 et
1152 3983 1273 4039 ideo
1300 4000 1425 4041 esse
1452 4000 1552 4041 eos
1574 3988 1745 4046 duces
1768 4006 1975 4061 caecos,
2011 3998 2134 4054 vita:

532 4084 755 4132 aeternae
795 4077 896 4131 iter
933 4076 1074 4146 quod
1104 4092 1211 4132 non
1242 4078 1462 4133 videant
1492 4081 1830 4153 pollicentes,
1858 4090 2132 4161 caecisque
2220 4094 2233 4108 '

532 4170 666 4240 ipsis
688 4180 748 4225 et
767 4168 995 4225 ducibus
1016 4185 1284 4226 caecorum
1311 4186 1496 4228 casum
1520 4174 1574 4229 in
1602 4177 1811 4233 ioveam
1840 4194 1966 4238 esse
1987 4197 2138 4238 com-

535 4277 752 4318 ηιιιηθηι
763 4302 776 4316 .

604 4358 662 4412 2.
704 4356 802 4429 (ἐπὶ.
835 4354 1065 4412 CANON
1090 4360 1183 4428 xv)
1210 4355 1279 4411 Et
1290 4374 1523 4429 egressus
1544 4361 1663 4416 inde
1689 4362 1840 4419 Iesus
1867 4370 2135 4424 secessitin

535 4461 705 4525 partes
730 4450 859 4524 Tyri
881 4463 928 4506 et
958 4452 1191 4507 Sidonis.
1226 4449 1295 4504 Et
1323 4468 1435 4507 eccs
1460 4453 1650 4510 mulier
1678 4456 1973 4513 Chanamea
2003 4479 2034 4515 α
2064 4463 2131 4530 ﬁ-

535 4546 686 4600 nibus
711 4544 819 4598 illis
839 4560 1065 4614 egressa,
1093 4543 1354 4604 clamavit.
1376 4554 1429 4600 et
1450 4546 1656 4617 reliqua
1675 4548 1691 4618 ζ
1702 4547 1836 4603 Ibid.
1858 4551 1927 4605 21

537 4638 763 4693 Diversa
785 4637 1122 4692 curationum
1160 4653 1359 4708 genera
1387 4640 1630 4697 diversos
1653 4657 1937 4701 causarum
1982 4662 2134 4703 com-

536 4731 850 4803 plectuntur
878 4730 1100 4786 eﬁ‘ectus
1128 4749 1140 4783 :
1166 4730 1263 4786 sed
1292 4746 1379 4787 res
1399 4740 1559 4805 atque
1583 4749 1765 4792 sermo
1791 4737 2039 4796 ordinem
2061 4758 2130 4799 ex

540 4911 706 4968 iidem
725 4918 953 4980 excepto
968 4908 1099 4963 Bad.
1118 4916 1424 4963 reservatur.
1439 4908 1796 4983 Corriguntur
1810 4920 2132 4979 auctoritate

536 4998 671 5039 11155.

612 5050 688 5126 (a)
718 5049 991 5130 Bad._,Er.
1018 5059 1227 5130 etmss.
1266 5061 1478 5130 teter-na:
1528 5054 1793 5113 Erclesiaz.
1837 5060 2132 5130 Superiora

538 5123 1055 5198 “civerlcm-jglsunl
1082 5140 1094 5174 :
1120 5123 1275 5198 Quod
1293 5134 1460 5198 autem
1489 5144 1628 5178 mare
1642 5133 1873 5184 sedulum
1897 5123 1991 5198 est,
2022 5145 2129 5191 etc.

612 5196 688 5264 (b)
714 5193 867 5258 Apud
891 5194 1168 5264 P.ll'.llllll
1201 5209 1328 5248 mss.
1378 5196 1532 5251 Coll).
1578 5207 1633 5253 et
1679 5198 1845 5256 Cant.
1888 5193 2082 5261 redisse
2113 5224 2133 5263 .'

580 5263 715 5346 ptest
738 5272 806 5345 ,ει
830 5278 894 5319 ea
921 5263 1082 5346 lectio
1114 5265 1330 5346 retineri
1350 5308 1364 5333 ,
1394 5284 1494 5337 qua
1520 5267 1722 5346 (Ἀρτιϐιί
1740 5314 1754 5335 ,
1782 5275 1876 5346 qui
1904 5286 1989 5346 est,
2014 5294 2131 5346 ,βάκ

589 5336 802 5392 cclcsitu
822 5376 835 5399 ,
886 5336 1151 5403 gloriosus
1199 5336 1775 5408 reditus,prazdtcelnr
1802 5336 1817 5342 ’
1848 5336 2051 5403 θείηάὸ
2074 5350 2127 5405 ῆι,

537 5410 734 5479 iisdem
773 5421 905 5479 IIISS.
928 5423 1043 5460 cum
1086 5407 1485 5475 trmtsfretassei.
1528 5409 1644 5464 Mox
1692 5415 2005 5479 reponimus
2061 5438 2129 5477 cx

536 5495 643 5535 ms.
668 5476 839 5559 Μὶειε1
866 5476 1147 5559 Geiiiiesar,
1178 5479 1593 5559 quodnproplius
1617 5476 1830 5539 accedit
1865 5489 1930 5542 ad
1959 5476 2123 5559 graec.

537 5550 843 5626 Γενχεσαρέθ
867 5589 882 5615 ,
918 5548 1009 5602 ubi
1038 5552 1102 5626 in_
1120 5549 1394 5626 nonnullis
1419 5548 1754 5626 ,iqennasar,
1796 5559 1937 5626 apud
1960 5548 2123 5617 "Ball.

536 5632 591 5703 et
616 5622 706 5675 Er.
740 5619 1056 5675 Gennassar.
1083 5619 1140 5674 in
1168 5621 1382 5675 caneris
1399 5621 1680 5679 eudicibus
1704 5637 1767 5681 ut
1796 5619 1847 5683 in
1878 5629 2125 5703 Vulgata,

539 5689 785 5745 Genesar.

607 5760 678 5830 (e)
709 5760 930 5828 Aliquot
956 5774 1088 5816 mss.
1122 5760 1283 5816 multa
1310 5778 1337 5817 e
1366 5763 1553 5819 medio.

2237 3275 2473 3331 mabitur
2514 3277 2649 3333 ﬁnes
2690 3294 2818 3337 suos
2865 3297 3106 3354 egressa,
3138 3298 3203 3338 ex
3240 3283 3494 3355 gentibus
3539 3281 3738 3337 scilicet
3769 3278 3817 3333 iu

2236 3369 2419 3443 populi
2444 3368 2670 3425 alterius
2694 3387 2890 3428 nomen
2924 3373 3193 3430 excedens
3218 3394 3231 3427 :
3256 3384 3375 3446 qute
3399 3391 3500 3449 pro
3530 3373 3653 3440 lilia,
3686 3372 3822 3428 vide-

2238 3459 2363 3517 licet
2395 3463 2633 3533 geutium
2669 3465 2848 3535 plebe,
2878 3477 3018 3521 orat.
3051 3466 3118 3524 Et
3146 3468 3269 3540 quia
3302 3468 3590 3525 Dominum
3636 3480 3819 3536 cogno-

2238 3554 2314 3606 vit
2355 3569 2420 3609 ex
2466 3553 2607 3626 lege,
2647 3555 2814 3611 David
2856 3556 3025 3617 ﬁlium
3082 3569 3377 3631 nuncupat.
3426 3558 3486 3615 In
3520 3554 3649 3630 'le'ge
3686 3557 3818 3611 enim

2238 3648 2385 3720 virga
2437 3649 2505 3705 de
2544 3650 2726 3709 radice
2764 3652 2919 3709 Jesse
2943 3654 3115 3728 (Esai.
3148 3673 3223 3722 xt,
3250 3656 3329 3728 l),
3377 3664 3439 3713 et
3484 3655 3648 3712 David
3684 3653 3815 3708 ﬁlius

2238 3740 2427 3794 :cterni
2452 3749 2505 3795 et
2525 3743 2764 3798 cmlestis
2789 3747 2941 3816 regni
2971 3762 3062 3801 rex
3093 3749 3401 3803 continetur
3422 3745 3564 3821 (Jer.
3587 3761 3724 3810 χχιιι,
3744 3743 3814 3815 ὅ).

2311 3829 2368 3884 4.
2403 3829 2712 3889 διιαηαηωιε
2737 3836 2851 3906 ﬁlia
2883 3846 3065 3911 typum
3085 3841 3217 3911 gerit
3242 3838 3512 3894 Ecclesia.
3550 3835 3695 3895 Fidei
3724 3835 3820 3899 μνί-

2240 3923 2400 3979 ntitiw
2435 3938 2502 3980 'ex
2528 3924 2713 3982 Israel.
2743 3960 2816 3970 —
2845 3928 2965 4003 Ipsa
3000 3932 3218 4002 quidem
3266 3934 3548 3991 curatione
3573 3933 3677 4002 jam
3720 3944 3817 3986 nou

2240 4024 2383 4085 eget,
2427 4032 2549 4089 qua:
2586 4017 2858 4079 Christum
2906 4032 2962 4079 et
3016 4025 3306 4082 Dominum
3354 4037 3409 4084 et
3466 4026 3633 4090 David
3667 4024 3818 4083 ﬁlium

2240 4105 2566 4165 conﬁtetur:
2594 4112 2687 4168 sed
2733 4113 2853 4169 ﬁlic
2891 4132 3026 4183 sum,
3076 4118 3222 4189 plebi
3266 4118 3521 4177 videlicet
3561 4116 3807 4191 gentium,

2238 4194 2403 4272 7&5
2432 4200 2712 4261 dominatu
2755 4208 3154 4266 immuudorum
3201 4211 3490 4279 Spirituum
3536 4223 3809 4282 occultam

2241 4306 2399 4361 Opem
2445 4299 2637 4366 poscit.
2690 4298 2949 4358 Dominus
2989 4313 3166 4373 tacet,
3204 4304 3277 4379 (ι’)
3327 4305 3531 4362 silentii
3586 4302 3817 4377 patientia

2239 4380 2406 4442 lsrael
2441 4390 2776 4465 privilegium
2821 4396 3013 4452 salutis
3052 4414 3365 4456 reservans.
3401 4399 3470 4456 Et
3518 4401 3815 4456 miserantes

2246 4476 2498 4551 discipuli
2528 4499 2715 4553 preces
2737 4486 3009 4560 jungunt:
3040 4491 3136 4548 sed
3184 4508 3442 4551 arcanum
3484 4492 3579 4551 ille
3606 4502 3819 4565 paterna)

1954 4548 2131 4625 ei”)?
2162 4566 2218 4628 D
2245 4548 2542 4629 voluntatis
2572 4548 2875 4648 continens,
2912 4584 3104 4641 ovibus
3132 4599 3193 4641 se
3234 4586 3459 4656 perditis
3499 4548 3662 4644 Isra'el
3701 4583 3816 4640 mis-

2242 4674 2361 4717 sum
2385 4679 2506 4719 esse
2536 4670 2816 4739 respondit
2843 4691 2856 4726 :
2884 4683 2941 4729 ut
2967 4676 3213 4734 absolute
3245 4679 3498 4751 liqueret.
3527 4691 3701 4752 typum
3730 4678 3817 4734 Ec-

2234 4754 2417 4813 clesia:
2457 4756 2779 4818 Cbananaztc
2809 4765 2972 4823 ﬁliam
2994 4771 3309 4839 continere;
3333 4786 3456 4829 cum
3480 4772 3567 4828 illa
3590 4777 3815 4844 posceret

2312 4929 2393 5016 (d)
2417 4933 2559 5016 Edi_t_i
2590 4937 2695 4992 ltoc
2724 4957 2787 4995 xv
2817 4954 2978 5013 caput
3008 4962 3039 5001 a
3068 4949 3246 5005 verbis
3273 4966 3425 5007 num.
3459 4922 3815 5016 2,0rdiuntur,

2236 4999 2635 5071 ferri‘Igi'nlilzus
2666 5026 2795 5086 mss.
2834 4999 3042 5072 necnon
3080 4999 3244 5074 suc—ru

2237 5086 2359 5160 cum
2393 5085 2653 5160 piat-terea
2685 5084 2855 5160 prima
2883 5089 3165 5145 titulorum
3199 5092 3409 5160 pareite
3434 5094 3665 5149 lamdls
3717 5084 3814 5145 ιηαὲ

2432 5157 2566 5215 etc.,
2591 5152 2654 5205 ad
2680 5145 2911 5225 primum
2935 5145 3525 5221 dumtaxa'tnu‘tnerum
3539 5145 3720 5222 reierri
3740 5179 3816 5217 va-

2310 5308 2380 5381 (e)
2411 5310 2469 5366 In
2516 5314 2769 5392 vulgatis,
2794 5329 2842 5373 et
2881 5325 3238 5392 opprobrium.
3269 5325 3493 5383 Ret-tius
3522 5329 3573 5385 in
3607 5325 3815 5383 meliori-

2235 5379 2337 5463 bus
2362 5379 2492 5463 insi.
2520 5379 2817 5463 opprobrio,
2844 5379 2963 5447 scil:
2994 5379 3237 5463 coarguit

2238 5461 2402 5537 talen,»
2436 5454 2852 5537 Pharisaeorum.
2900 5465 3099 5537 Deinde
3124 5454 3257 5524 Ball.
3284 5483 3335 5524 et
3366 5469 3486 5537 Er.,
3520 5454 3568 5525 et
3591 5454 3813 5527 humanae

2234 5537 2351 5575 rum
2378 5526 3150 5609 traditiouumpuperstitiones.
3182 5541 3333 5609 Lips.
3367 5549 3424 5597 et
3442 5526 3615 5609 ‘i’arg
3636 5526 3713 5597 es
3732 5542 3812 5593 hl-

2233 5609 2533 5679 rnanarum,
2574 5608 2681 5655 etc.
2715 5601 2786 5679 in
2809 5601 2929 5661 ius.
2961 5607 3166 5663 Turon.
3210 5601 3265 5663 a'
3289 5614 3530 5671 secunda
3572 5601 3743 5679 nisiut.
3773 5618 3811 5661 ει

2210 5664 2580 5721 ἈΜΓΜ
2609 5671 2945 5730 ﬂ"utillimum
2976 5664 3530 5750 supersjjtiohl";""“
3574 5664 3751 5690 """".

2311 5780 2387 5854 (Γ)
2420 5782 2586 5854 Editi,
2620 5789 2809 5846 silentii
2848 5797 3141 5866 paenitentia
3168 5816 3188 5854 :
3209 5802 3572 5861 emcndantur
3603 5819 3665 5861 es
3694 5814 3805 5859 mss-
