3974 6198
269 306 415 373 1005

1174 314 1722 379 COMMENTAMUS
1760 312 1828 377 IN
1860 320 2275 380 ΜΑΤΤΗΑΞΙΙΜ
2316 325 2474 382 CAP.
2518 324 2631 383 XV.

3425 336 3565 401 £006

263 430 412 501 quod
445 431 562 487 aliis
585 431 663 505 (a)
700 432 1063 502 deferebatur,
1096 450 1204 490 non
1229 436 1371 506 quod
1399 453 1506 492 non
1533 445 1587 491 et
1611 437 1865 508 gentibus
1889 445 1938 504 Α
1969 438 2267 509 coruinque
2303 441 2531 511 piscium
2569 443 2793 515 explent
2822 445 3061 504 virorum
3100 459 3331 520 quatuor
3358 457 3522 514 millia
3547 477 3561 493 σ

260 521 626 593 impertienda
648 525 795 580 salus
823 536 968 583 esset
998 544 1011 581 :
1045 527 1140 583 sed
1169 532 1281 583 suis
1314 530 1575 584 Dominus
1613 539 1773 601 atque
1805 531 1859 585 in

259 627 361 669 sua
401 625 656 683 venerat,
702 618 961 687 primitias
995 618 1068 691 (b)
1109 634 1240 691 ergo
1280 619 1405 675 ﬁdei
1430 620 1499 675 ab
1542 619 1629 677 bis
1664 621 1859 689 quibus

258 716 381 762 erat
425 717 575 764 ortus
606 707 678 782 (c)
716 720 1060 782 exapectans,
1092 715 1303 769 caneris
1334 714 1588 785 deinceps
1626 714 1853 785 Aposto-

258 799 442 855 IOrum
476 800 860 873 prmdicatione
900 803 1195 860 salvandis.
1231 806 1405 874 Atque
1438 805 1560 861 ideo
1590 806 1700 860 ait:
1737 804 1858 861 Non

258 892 381 948 licet
392 898 500 948 arci
506 910 624 966 pere
640 911 825 967 panem
841 896 1090 965 ﬁliorum,
1111 907 1160 953 et
1172 897 1298 953 dare
1310 897 1518 952 canibus
1529 895 1692 969 (Ibid.
1706 937 1721 963 ,
1734 895 1852 965 Ξϐ).

256 985 483 1043 Delatus
512 989 675 1045 Israel
722 990 922 1055 honor,
968 990 1194 1047 affectus
1225 992 1275 1046 in
1318 1007 1441 1047 eum
1474 990 1570 1045 Dei
1613 991 1855 1046 enuntiat

254 1081 515 1138 invidiam
546 1100 559 1137 :
583 1084 734 1155 juxta
767 1083 848 1157 (ά)
879 1100 1040 1157 quem
1078 1085 1234 1157 plebs
1262 1085 1502 1157 gentium
1533 1085 1739 1156 accepit
1766 1098 1856 1139 ca-

256 1192 391 1232 num
415 1192 634 1233 nomen.
659 1178 763 1233 Sed
777 1177 1080 1234 Cltanantea
1100 1180 1207 1248 jam
1238 1180 1350 1249 ipsa
1373 1193 1471 1249 per
1498 1178 1657 1233 fidem
1678 1178 1851 1245 saiva,

253 1282 311 1327 et
341 1269 617 1326 interioris
638 1281 784 1327 certa
820 1272 1079 1343 mysterii,
1114 1271 1393 1343 respondit
1423 1271 1599 1335 micis,
1637 1286 1758 1341 quae
1785 1269 1855 1326 de

252 1382 442 1424 mensa
486 1366 808 1432 exciderint,
839 1365 983 1445 pasci
1021 1364 1268 1432 catellos,
1314 1380 1507 1420 canum
1558 1364 1852 1435 Opprobrio

244 1459 365 1533 jam
418 1456 518 1514 sub
556 1456 928 1515 blandimento
968 1457 1269 1512 diminutivi
1300 1456 1536 1512 nominis
1578 1458 1849 1527 mitigato.

328 1551 383 1607 5.
425 1549 555 1606 Tum
597 1551 781 1606 deinde
820 1552 887 1606 ad
914 1550 1070 1621 ﬁdem
1108 1560 1360 1605 uocantur
1391 1560 1582 1622 gentes.
1605 1579 1678 1590 —-
1706 1550 1770 1604 Et
1797 1557 1854 1603 ut

248 1648 530 1704 silentium
569 1646 780 1700 Domini
825 1645 1249 1717 intelligeremus
1280 1660 1344 1701 ex
1378 1646 1588 1700 ratione
1643 1652 1850 1712 tempo-

251 1740 355 1809 ris,
385 1755 490 1799 non
519 1754 583 1797 ex
618 1739 908 1794 voluntatis
929 1738 1246 1794 difficultate
1276 1737 1574 1808 proﬁcisci,
1606 1735 1804 1807 adjecit
1834 1751 1850 1790 :

1962 532 2036 585 ita
2063 542 2242 588 tamen
2279 575 2294 599 ,
2331 536 2475 605 quod
2499 537 2774 607 replendis
2796 549 3002 611 septem
3031 547 3229 615 sportis
3248 550 3565 618 praefractus
3646 590 3649 595 ι

1962 625 2135 695 panis,
2178 629 2436 683 saturatis
2460 630 2732 698 omnibus,
2759 633 3048 691 abundavit
3084 637 3272 709 (Ibid.,
3300 642 3415 713 57).

2030 719 2085 773 7.
2123 718 2305 792 Supra
2332 720 2713 793 Israelitarunt,
2744 742 2882 781 nunc
2902 732 3129 801 gentium
3158 733 3286 801 ﬁdes
3315 739 3563 806 exprimi-

1961 821 2065 867 tur.
2097 815 2257 871 —Et
2302 829 2593 875 occurrunt
2633 821 2849 891 quidem
2884 826 3054 880 multa
3098 844 3219 900 qua:
3265 847 3402 888 nova
3431 847 3560 893 sunt

1959 904 2175 973 (collata
2198 924 2316 963 eum
2358 927 2416 965 eo
2444 913 2583 977 quod
2620 911 2810 970 Matth.
2843 904 2955 985 xrv,
2984 935 3073 987 xv,
3115 932 3235 992 etc.,
3260 940 3559 985 enarratum
3618 922 3619 925 “

1958 997 2076 1067 est).
2110 1000 2366 1073 Discipuli
2390 1006 2548 1062 unius
2584 1007 2689 1063 diei
2712 1008 2978 1079 jejunium
3003 1015 3351 1085 miserantes;
3394 1025 3556 1093 quin-

1956 1107 2062 1161 que
2099 1094 2267 1148 millia
2308 1097 2550 1153 virerum
2588 1099 2657 1154 ad
2702 1104 3027 1162 eoemendos
3069 1109 3217 1165 cibos
3258 1115 3456 1171 remitti
3505 1119 3557 1173 itt

1957 1185 2179 1240 castella
2206 1188 2499 1244 voluerunt
2526 1209 2539 1245 :
2562 1207 2707 1247 nunc
2738 1202 2851 1250 toto
2878 1197 3057 1253 triduo
3079 1208 3278 1257 tacent.
3306 1204 3369 1259 Et
3400 1207 3558 1264 dein-

1956 1288 2086 1344 ceps
2112 1276 2258 1332 fictio
2285 1282 2531 1351 superior
2562 1283 2714 1337 turba
2746 1286 3110 1345 substernitur
3138 1310 3152 1348 :
3180 1292 3302 1350 itazc
3346 1311 3558 1354 accum-

1886 1442 1893 1447 .
1957 1365 2035 1422 bit
2052 1368 2109 1422 in
2141 1378 2306 1426 terra.
2341 1373 2465 1430 Illic
2493 1377 2733 1447 quinque
2754 1395 2943 1450 panes,
2979 1382 3064 1438 ltic
3091 1395 3296 1455 septem
3326 1391 3561 1449 offerun-

1952 1465 2083 1514 tur:
2118 1460 2228 1516 iilic
2254 1463 2362 1518 duo
2387 1465 2590 1535 pisces,
2630 1468 2722 1523 hic
2762 1470 3097 1538 lndeﬁuitns,
3145 1480 3245 1533 sub
3274 1484 3559 1552 paucitatis

1954 1559 2135 1645 tamen
2166 1554 2581 1625 signiﬁcatione,
2602 1576 2865 1619 numerus
2886 1575 2993 1621 est.
3026 1567 3143 1623 Illic
3172 1571 3410 1645 quinque
3431 1578 3558 1632 mil-

1952 1644 2022 1739 lia
2065 1646 2325 1714 virorum,
2368 1649 2463 1705 hic
2508 1662 2785 1723 quatuor:
2818 1658 2927 1713 illic
2984 1660 3271 1719 duodecim
3313 1644 3550 1739 copltini,

1950 1731 2045 1790 bic
2070 1749 2277 1807 septem
2310 1752 2513 1808 sporta:
2536 1746 2778 1813 repletae.
2815 1748 2885 1802 Et
2922 1753 3297 1820 superioribus
3335 1731 3553 1828 quidem

257 1832 308 1887 Ο
341 1834 546 1900 mulier,
601 1850 787 1906 magna
836 1842 909 1888 est
940 1832 1065 1902 ﬁdes
1095 1842 1183 1886 tua
1215 1831 1377 1903 (Ibid.
1398 1874 1411 1898 ,
1454 1832 1548 1902 28)
1579 1849 1592 1885 :
1628 1829 1850 1922 (supple,
1885 1834 1934 1895 Β
1960 1839 2092 1922 puto
2117 1842 2246 1883 esse
2286 1845 2629 1901 responsum,
2659 1845 2716 1891 et
2744 1839 2926 1893 omnia
2953 1844 3106 1909 juxta
3139 1860 3431 1914 percutiam
3460 1866 3560 1922 po.

250 1927 338 1998 ut)
360 1926 548 1983 salutis
570 1941 683 1982 suae
704 1926 906 1981 scilicet
938 1926 1050 1996 ipsa
1075 1924 1186 1995 jam
1217 1936 1388 1991 certa,
1424 1925 1553 1995 quin
1586 1928 1747 1977 etiam
1782 1921 1851 1975 de

252 2019 497 2090 gentium
527 2018 946 2089 congregatione
982 2016 1213 2071 confidat
1241 2031 1376 2085 :quo
1412 2015 1465 2069 in
1504 2023 1748 2083 tempore
1778 2013 1854 2066 ita

252 2114 562 2182 credentes,
593 2132 712 2171 mox
739 2124 792 2172 ut
822 2113 1017 2184 puella,
1045 2112 1113 2165 ab
1136 2111 1280 2165 omni
1309 2109 1584 2165 dominatu
1616 2107 1854 2162 immun-

251 2210 451 2266 dorum
506 2209 791 2279 Spirituum
825 2204 1216 2265 liberabuntur.
1254 2202 1323 2258 Et
1352 2202 1607 2258 continuo
1638 2199 1761 2259 facti
1791 2198 1853 2252 fi-

250 2302 353 2358 des
383 2301 641 2371 sequitur.
676 2299 806 2353 Nam
843 2305 963 2371 post
1004 2297 1398 2367 pradiguratam
1438 2294 1492 2348 in
1531 2292 1854 2348 Chananteze

250 2394 364 2451 ﬁlia
396 2393 634 2467 gentium
657 2392 892 2465 plebem,
931 2390 1187 2445 continuo
1219 2389 1270 2443 in
1311 2397 1494 2442 monte
1521 2385 1735 2440 obsessi
1764 2401 1853 2440 va-

252 2491 344 2547 rio
392 2504 591 2563 genere
629 2486 940 2543 morborum
985 2500 1014 2538 a
1054 2484 1232 2541 turbis
1274 2482 1505 2537 Domino
1550 2480 1851 2537 offeruntur

250 2579 455 2655 (Ibid,
504 2579 575 2636 29
606 2590 652 2633 et
705 2575 821 2647 50),
859 2575 909 2631 id
961 2584 1065 2641 est,
1123 2589 1153 2629 a
1206 2572 1550 2629 credentibus
1610 2571 1853 2655 inﬁdeles

249 2647 550 2744 aegrotiqne
608 2678 663 2726 ut
724 2669 953 2724 adorent
1010 2678 1062 2725 et
1116 2666 1395 2737 procidant
1447 2647 1849 2721 instruuntur':

248 2764 556 2838 quibusque
619 2762 765 2819 salus
809 2760 1075 2827 redditur,
1126 2768 1286 2830 atque
1342 2759 1409 2813 ad
1473 2755 1848 2824 sentiendum,

251 2860 654 2925 contuendum,
705 2858 1063 2924 laudandum,
1111 2855 1586 2926 comitandumque
1642 2855 1847 2919 Deum,

248 2952 435 3009 omnia
467 2962 521 3008 et
548 2951 744 3007 mentis
769 2959 823 3005 et
846 2950 1091 3023 corporis
1120 2949 1418 3009 ministeria
1458 2946 1849 3004 reformantur.

325 3047 557 3109 tiJesus
603 3057 769 3102 autem
811 3043 1098 3101 convocatis
1147 3042 1417 3110 discipulis
1458 3041 1531 3095 ait
1558 3057 1576 3095 :
1601 3039 1850 3095 Misereor

247 3142 418 3199 turba:
445 3142 600 3208 huic;
648 3140 769 3211 quia
792 3138 1013 3193 triduum
1037 3146 1110 3191 est
1124 3137 1240 3206 jam
1269 3134 1404 3206 quod
1433 3144 1717 3208 perseverat
1747 3149 1852 3187 me-

1955 1919 2069 1989 puli
2093 1934 2461 2017 congruenter
2483 1941 2605 1983 esse
2629 1929 2892 2000 subjecta.
2918 1934 3074 1992 Nunc
3094 1954 3312 2012 quoque
3336 1919 3557 2017 compe-

1956 2019 2159 2069 tentem
2192 2016 2269 2071 rei
2299 2026 2465 2086 atque
2494 2035 2673 2077 causa:
2710 2026 2976 2083 rationem
3009 2030 3209 2088 afferre
3243 2016 3510 2095 teutcmus
3541 2060 3554 2097 :

1954 2112 2015 2157 ut
2066 2106 2520 2175 quemadmodum
2584 2112 2675 2167 illa
2717 2113 2957 2173 Iudaica:
3017 2123 3354 2184 credentium
3420 2147 3557 2189 con--

1954 2207 2153 2266 gruum
2181 2199 2345 2268 plebi,
2377 2201 2449 2256 ita
2479 2203 2595 2259 haec
2638 2209 2835 2276 popqu
2864 2213 3104 2280 gentium
3149 2232 3551 2289 comparentur.

2025 2289 2080 2345 8.
2112 2289 2559 2358 Baptizandorum
2588 2296 2711 2367 ﬁdei
2751 2303 3025 2373 professio.
3060 2305 3326 2380 Jejunium
3352 2317 3556 2383 passio-

1954 2382 2039 2437 nis
2077 2384 2354 2442 dominica
2400 2398 2644 2459 tempore.
2672 2393 2910 2450 -—Ordo
2940 2398 3102 2468 igitur
3146 2402 3286 2458 idem
3338 2382 3392 2461 in
3439 2425 3557 2465 ser-

1955 2489 2119 2532 mone
2151 2477 2362 2533 Domini
2388 2490 2494 2545 est,
2523 2483 2612 2548 qui
2639 2483 2694 2538 in
2738 2491 3120 2559 consequentis
3150 2497 3324 2566 gratia
3351 2509 3554 2556 manet.

1959 2566 2183 2623 Venturi
2210 2570 2355 2624 enim
2386 2572 2453 2626 ad
2498 2573 2845 2643 baptismum.
2877 2581 3026 2649 prius
3072 2580 3402 2644 confitentur
3430 2608 3556 2648 cre-

1955 2657 2086 2715 dere
2133 2676 2193 2717 se
2233 2662 2285 2716 in
2318 2663 2409 2718 Dei
2443 2665 2555 2721 ﬁlio
2585 2678 2638 2722 et
2662 2667 2715 2723 in
2748 2671 3000 2736 passione
3040 2688 3104 2730 ac
3149 2683 3556 2741 resurrectione

1955 2751 2073 2820 ejus
2099 2762 2185 2808 :et
2208 2752 2341 2815 huic
2370 2755 2728 2824 professionis
2755 2774 3098 2825 sacramento
3124 2766 3260 2824 fides
3287 2772 3552 2835 redditur.

1955 2845 2133 2949 atque
2161 2855 2217 2905 ut
2245 2848 2384 2904 lianc
2404 2850 2690 2909 verborum
2721 2856 3070 2927 sponsionem
3096 2861 3342 2931 quaedam
3371 2881 3552 2921 rerum

1956 2942 2195 3007 ipsarum
2222 2942 2424 2999 veritas
2454 2954 2841 3017 consequatur,
2881 2956 2995 3005 toto
3017 2950 3073 3009 in
3095 2952 3317 3025 jejuniis
3343 2959 3554 3028 passio-

1957 3031 2040 3086 nis
2068 3031 2354 3088 dominicze
2386 3043 2628 3105 tempore
2660 3038 3033 3110 demorantes,
3065 3049 3296 3115 quadam
3325 3050 3553 3109 Domino

1955 3128 2346 3195 compassionis
2381 3130 2640 3185 societate
2664 3132 2983 3202 junguntur.
3019 3137 3185 3208 igitur
3225 3142 3342 3199 sive
3384 3160 3551 3214 spon-

244 3252 391 3301 ειωι,
412 3243 465 3290 et
486 3234 686 3304 reliqua
703 3230 892 3307 (Ibid,
921 3230 1033 3303 δὲ).
1058 3228 1230 3283 Tenet
1254 3227 1497 3284 ordinem
1521 3240 1709 3281 cursus
1723 3240 1849 3295 ονε-
1866 3219 1920 3284 C
1956 3217 2128 3271 sionis
2150 3229 2513 3287 sacramento,
2548 3222 2663 3278 sive
2684 3224 2911 3295 jejunio,
2941 3243 3102 3285 omne
3127 3233 3256 3289 illud
3281 3239 3552 3305 passionis

244 3326 429 3395 randi,
471 3326 565 3382 sed
606 3335 658 3379 et
696 3323 957 3397 operibus
1002 3320 1193 3375 iisdem
1238 3335 1550 3375 sermonum
1580 3334 1676 3389 par
1715 3318 1854 3373 ratio

251 3418 521 3479 succedit.
550 3416 607 3472 in
636 3417 747 3471 ﬁlia
782 3416 926 3471 enim
968 3410 1588 3477 Cbanaammﬁeeleﬂm
1623 3408 1849 3465 formam

248 3514 602 3577 consumtum
636 3509 977 3565 meminimus
1010 3524 1021 3561 :
1057 3520 1111 3564 et
1136 3506 1518 3577 consequentis
1549 3503 1727 3574 p0puli
1753 3517 1848 3557 cu-

244 3607 536 3669 rationem,
567 3617 890 3660 concursum
920 3610 1241 3671 :egrotarum
1263 3598 1503 3669 gentium
1532 3611 1653 3652 esse
1686 3598 1850 3650 tradi-

245 3698 448 3755 dimus.
479 3697 628 3751 Nunc
658 3710 787 3767 ergo
813 3694 1100 3765 diligenter
1125 3700 1181 3747 et
1208 3690 1353 3746 dicta
1374 3689 1587 3744 Domini
1629 3700 1685 3744 et
1710 3689 1846 3743 facta

245 3792 531 3859 tractanda
561 3804 726 3847 sunt:
760 3799 817 3844 ut
846 3788 1123 3843 videamus
1143 3786 1216 3858 (ε)
1256 3801 1322 3839 an
1351 3785 1598 3854 superior
1641 3797 1727 3837 res
1762 3789 1845 3835 at-

240 3904 353 3964 que
376 3901 553 3942 sermo
580 3886 672 3948 ita,
706 3894 763 3940 ut
791 3900 819 3937 a
852 3882 1008 3939 nobis
1040 3880 1264 3952 intelligi
1299 3868 1528 3934 traditus
1554 3886 1656 3940 est.
1680 3877 1842 3933 etiam

242 3999 313 4043 ex
370 3978 828 4057 consequentibus
887 3975 1129 4048 ejusdem
1181 3973 1553 4045 intelligentim
1612 3973 1843 4040 accipiat

239 4074 646 4142 auctoritatem.
672 4070 957 4125 Miserctur
988 4069 1158 4124 turba:
1183 4066 1459 4130 Dominus,
1496 4063 1637 4136 quod
1665 4063 1842 4118 triduo

238 4182 430 4231 secum
458 4175 672 4225 maneat
700 4181 712 4219 :
737 4180 896 4234 quam
921 4160 1450 4232 dimittercjejunam
1484 4174 1588 4214 non
1610 4158 1748 4224 vult,
1775 4172 1842 4212 ne

240 4261 302 4323 in
332 4260 415 4317 via
444 4274 555 4333 pra:
579 4257 755 4315 inedia
784 4256 1017 4310 deficiat.
1053 4253 1358 4317 Causantnr
1390 4249 1643 4321 discipuli
1675 4263 1841 4319 panes

244 4370 356 4410 non
398 4366 518 4408 esse
555 4360 752 4417 tantos,
785 4348 980 4420 quibus
1022 4334 1235 4415 expleri
1287 4341 1624 4413 saturarique
1671 4338 1842 4410 possit

240 4444 434 4520 (Ibid,
469 4443 582 4514 55).
617 4442 969 4497 Percontatus
1002 4447 1085 4494 est
1108 4434 1274 4513 746
1297 4435 1558 4515 Dominus
1580 4444 1709 4503 quot
1738 4446 1835 4503 pa-

236 4552 339 4601 nes
373 4536 655 4592 haberent.
686 4531 1104 4605 Responderunt
1135 4530 1232 4595 illi,
1261 4539 1468 4599 septem
1499 4541 1661 4598 panes
1688 4539 1831 4590 esse,

1956 3308 2246 3365 dominica:
2277 3325 2400 3365 cum
2434 3311 2666 3368 Domino
2694 3327 2859 3387 agunt
2892 3327 3120 3389 tempus.

2029 3401 2083 3458 9.
2139 3404 2505 3473 Apostolorum
2541 3407 2604 3461 de
2637 3409 2802 3463 salute
2835 3408 3005 3466 Israel
3046 3412 3363 3472 sollicitudo.
3388 3450 3459 3461 —
3485 3418 3554 3477 Et

1954 3493 2115 3567 hujus
2162 3498 2277 3566 spei
2322 3508 2485 3570 atque
2538 3502 2829 3558 comitatus
2878 3506 3134 3562 Dominus
3167 3512 3445 3581 misertus,
3476 3517 3554 3572 ait

1955 3587 2137 3643 triduo
2158 3605 2343 3646 secum
2372 3606 2515 3647 esse.
2547 3593 2693 3660 Quos
2722 3609 2793 3650 ne
2816 3596 2868 3650 in
2903 3598 3025 3652 vita:
3054 3601 3330 3660 saecularis
3360 3622 3547 3674 cursu,

1951 3682 2004 3738 id
2030 3694 2138 3751 est,
2170 3685 2227 3740 in
2270 3687 2370 3741 viae
2405 3701 2571 3758 opere
2602 3689 2837 3745 defectio
2863 3693 3253 3763 labefactaret,
3285 3702 3398 3757 vuit
3422 3703 3547 3759 cibo

1951 3795 2051 3836 suo
2078 3781 2249 3848 alere,
2277 3791 2438 3853 atque
2465 3784 2528 3837 ad
2561 3786 2922 3856 peragendam
2955 3790 3117 3845 totius
3151 3793 3363 3851 itineris
3390 3797 3549 3853 forti-

1951 3872 2193 3929 tudinem
2227 3874 2382 3944 panis
2414 3875 2496 3929 sui
2548 3877 2744 3932 virtute
2788 3878 3006 3936 ﬁrmare
3038 3899 3051 3935 :
3083 3888 3546 3956 conquerentibus

1948 3965 2253 4036 discipulis,
2274 3982 2442 4038 panes
2464 3969 2515 4022 in
2542 3968 2760 4025 desrrto
2784 3974 2964 4028 nullos
2990 3990 3132 4032 esse.
3165 3981 3364 4050 Atquin
3387 3983 3438 4037 in
3461 3998 3551 4039 su-

1947 4056 2251 4128 perioribus
2281 4060 2585 4130 exemplum
2626 4075 2992 4134 sumpserant,
3029 4068 3163 4124 nihil
3207 4072 3541 4142 impossibile

1948 4153 2060 4208 Deo
2103 4169 2244 4209 €530.
2278 4154 2386 4211 Sed
2429 4165 2703 4223 gestorum
2735 4174 2914 4214 causa:
2958 4163 3222 4219 rationem
3267 4166 3542 4227 interioris

1944 4244 2316 4315 intelligentiae
2346 4244 2658 4302 moliuntur.
2706 4249 2951 4316 Quantus
2977 4255 3120 4310 enim
3164 4260 3535 4328 apostolorum

1945 4339 1999 4394 in
2028 4338 2290 4395 salvando
2311 4338 2477 4394 Israel
2503 4339 2653 4395 favor
2681 4340 2865 4408 fuerit,
2902 4345 3202 4403 beatissimi
3238 4349 3389 4407 Pauli
3424 4358 3538 4425 epi-

1943 4433 2096 4489 stolae
2120 4432 2318 4489 docent
2349 4433 2526 4506 (Rom.
2558 4449 2640 4501 ιι,
2668 4435 2726 4504 5)
2759 4452 2772 4488 :
2804 4445 2965 4508 atque
2988 4439 3111 4495 ideo
3128 4441 3319 4498 eodem
3347 4444 3535 4502 demo-

1945 4538 2121 4596 rante,
2153 4542 2296 4582 nunc
2329 4528 2379 4582 in
2413 4541 2680 4582 concursu
2706 4528 2947 4600 gentium
2976 4538 3031 4585 et
3073 4530 3141 4588 de
3171 4550 3308 4605 pane
3338 4553 3532 4595 causa—

198 4623 205 4627 .
235 4640 295 4699 et
324 4644 521 4701 paucos
544 4629 734 4697 pisces.
783 4625 979 4681 Turbis
998 4623 1218 4695 jubetur
1246 4624 1298 4678 in
1335 4629 1534 4676 terram
1592 4618 1832 4673 discum-
1860 4613 1912 4674 Β
1941 4619 2035 4686 tio,
2059 4629 2112 4676 et
2137 4622 2204 4676 de
2224 4621 2432 4693 jejunio
2458 4623 2730 4678 silentium
2766 4623 3142 4682 introducitur.

230 4720 369 4783 bere
396 4742 408 4776 :
440 4732 494 4781 et
540 4721 798 4777 Dominus
829 4733 995 4789 panes
1023 4733 1085 4771 ac
1126 4716 1299 4788 pisces
1330 4706 1603 4784 accipiens
1631 4712 1831 4779 gratias

232 4818 368 4889 egit,
400 4832 463 4880 ac
493 4814 666 4885 fregit,
694 4824 745 4867 et
768 4809 1045 4882 discipulis
1069 4808 1345 4881 praefracta
1373 4817 1429 4864 ut
1452 4805 1709 4863 offerrent
1734 4804 1833 4861 de-

232 4910 315 4969 dit
338 4907 530 4983 (Ibid.,
557 4906 626 4971 56
659 4907 773 4978 56).
802 4906 905 4963 Sed
928 4903 1225 4977 fragmenta
1244 4916 1440 4974 panum
1467 4908 1671 4974 septem
1706 4916 1838 4972 pau-

294 5094 384 5167 (a)
410 5094 536 5167 Par.
560 5107 701 5167 _cum
745 5090 919 5167 tribus
959 5081 1475 5167 onst-digrebatur.
1502 5080 1697 5138 Verius
1718 5081 1826 5167 alii

224 5152 721 5233 ilb‘ri'delerebatur,
749 5158 1174 5233 putarlsraelitis.
1198 5154 1462 5223 Quocirca
1500 5170 1624 5210 mox
1650 5152 1822 5223 subji-

230 5240 395 5301 citur,
432 5232 646 5295 Delntus
678 5233 845 5287 Israel
872 5232 1055 5285 honor.

216 5378 265 5438 Ἧ
305 5295 669 5383 (ωῬειιοιίρυΙθ
693 5321 813 5377 ergo
834 5304 987 5367 abest
1020 5317 1048 5355 a
1077 5298 1233 5367 Bai,
1265 5297 1382 5363 Er.,
1405 5296 1555 5368 Lips.
1587 5307 1640 5352 et
1661 5295 1829 5368 pluri—

270 5395 332 5436 us
362 5395 493 5436 mss.

270 5395 332 5436 iis
362 5395 493 5436 mss.

305 5473 377 5545 (ε)
407 5469 843 5545 Vindocin._ms.
892 5464 1251 5545 explicandus.
1282 5462 1528 5545 Quinque
1568 5459 1659 5514 alii
1705 5473 1826 5513 cum

227 5533 371 5601 Bad.’
399 5543 681 5611 explicans.
711 5539 804 5611 Er.
839 5546 893 5599 et
914 5533 1053 5604 Lips.
1091 5537 1330 5611 explicat.
1356 5533 1588 5589 Vetbum
1621 5546 1829 5598 exspec-

230 5626 347 5675 tans
374 5608 517 5683 quod
550 5612 745 5667 habent
771 5610 889 5665 Par.
922 5616 977 5683 et
1008 5608 1242 5683 lltcltutis
1268 5618 1406 5660 nunc
1429 5621 1559 5659 mss.
1589 5617 1827 5683 cunt‘su-

220 5672 532 5771 perioribus
557 5684 725 5755 magis
745 5682 1013 5757 congruit.
1045 5679 1279 5741 maxime
1310 5689 1490 5737 autem
1520 5690 1641 5730 cum
1664 5672 1819 5727 silen-

222 5767 289 5818 αἱ
307 5767 708 5900 ΐιῧιὶῗίιιίξιαᾷαεηι
727 5824 810 5881 vel
831 5823 896 5880 ad
919 5821 1167 5880 affectum
1188 5819 1273 5877 vel
1294 5818 1358 5874 ad
1372 5817 1543 5892 'lsracl
1569 5814 1817 5873 refertur.

2016 4714 2104 4768 10.
2139 4713 2309 4768 Panes
2336 4725 2525 4782 septem
2554 4713 2784 4783 Spiritus
2815 4718 2982 4770 sancti
3008 4731 3198 4788 septem
3220 4722 3382 4779 'dona.
3415 4726 3535 4785 Pisc

1939 4822 2021 4860 eos
2050 4805 2326 4876 indeﬁniti,
2359 4806 2560 4860 diversa
2605 4803 2939 4861 charismata.
2986 4806 3174 4865 Gentes
3216 4829 3279 4867 ea:
3306 4829 3533 4887 quatuor

1939 4900 2074 4955 orbis
2114 4900 2342 4973 partibus
2385 4900 2642 4955 vocandae.
2672 4928 2743 4940 -—
2773 4899 2946 4956 Panes
2970 4900 3131 4974 igitur
3159 4917 3365 4979 septem
3390 4911 3525 4971 olfe-

1930 5077 2071 5134 llinc
2114 5092 2223 5133 non
2265 5076 2438 5147 placet
2468 5090 2590 5131 cum
2632 5088 2738 5129 uno
2770 5087 2870 5129 ms.
2894 5073 3053 5145 juxta
3096 5079 3257 5149 quod,
3289 5092 3381 5139 aut
3408 5101 3532 5146 cum

1933 5149 2143 5206 duobus
2171 5148 2293 5205 aliis
2314 5151 2470 5219 juxta
2495 5162 2669 5217 quam.
3066 5190 3075 5195 κ

2010 5246 2080 5328 (ες)
2113 5242 2269 5329 Editi,
2299 5260 2367 5298 an
2395 5258 2450 5295 su
2458 5239 2674 5329 perieris
2696 5248 2945 5329 tractatus
2975 5250 3128 5323 atque
3154 5243 3310 5329 hujus
3329 5266 3528 5306 sermo:

1935 5309 2300 5372 obt'ti'tentibus
2326 5309 2576 5368 omnibus
2596 5325 2726 5364 mss.
2758 5309 2959 5367 Eadem
2982 5317 3189 5369 ratione
3214 5309 3366 5373 initio
3398 5337 3454 5374 η.
3488 5322 3523 5375 2

1935 5390 2197 5445 habemus
2218 5403 2231 5440 :
2258 5385 2362 5442 Sed
2379 5401 2458 5438 res
2485 5394 2635 5457 atque
2654 5398 2819 5457 sermo
2840 5384 3073 5438 ordinem
3095 5402 3158 5438 ea:
3173 5391 3519 5457 superioribus

1936 5460 2112 5513 sumit.
2148 5459 2241 5514 His
2269 5467 2446 5512 autem
2477 5454 2659 5509 verbis
2690 5453 2809 5509 licet
2828 5456 3072 5509 videatur
3094 5453 3310 5510 indicari
3342 5460 3518 5518 simile

1934 5531 2252 5585 miraculum
2290 5528 2562 5597 siuperiori
2602 5527 2776 5594 capite
2813 5536 3138 5597 enarratum,
3176 5527 3511 5593 potissimum

1932 5612 2107 5673 tamen
2159 5595 2521 5673 szgnilicantttr
2574 5597 2850 5673 superiora
2908 5595 3114 5647 Domini
3161 5598 3301 5648 dictu
3346 5606 3509 5673 atque

1928 5672 2090 5737 facta,
2121 5668 2221 5727 hoc
2242 5670 2362 5741 ipse
2393 5672 2571 5739 capite
2615 5668 2876 5741 exposita,
2904 5678 3138 5733 quorum
3167 5679 3291 5720 eum
3318 5668 3513 5729 subse.

1926 5744 2215 5816 quentibus
2240 5738 2507 5799 connexio
2532 5738 2879 5808 expendatur.
