3974 6198
488 281 627 336 1007

1687 269 1931 329 SANCTI
1972 265 2231 325 HILARII
2271 265 2576 326 EPISCOPI

3645 264 3782 322 i008

494 406 703 452 runtur.
734 395 891 451 Nulla
917 396 1061 451 enim
1093 409 1159 449 ex
1188 394 1310 465 lege
1339 403 1397 449 et
1421 372 1700 464 prophetis
1728 391 1976 463 gentibus
2005 405 2085 444 sa-
2110 389 2162 449 Α
2188 404 2262 444 ra:
2288 388 2558 458 passionis
2596 385 2849 443 ell‘ectum
2882 385 2936 441 in
2968 384 3408 456 prmdicationem
3449 383 3785 455 ptenitentia:

495 489 578 546 lus
604 490 858 555 sumitur,
905 488 1001 543 sed
1030 503 1127 560 per
1155 489 1383 559 gratiam
1413 487 1647 558 Spiritus
1688 486 1897 550 vivunt,
1930 484 2084 554 cujus

497 580 843 652 septiforme,
900 588 957 634 ut
985 594 1083 650 per
1139 578 1356 635 Esaiam
1409 576 1677 644 traditur,
1734 591 1929 631 munus
1976 582 2082 640 est,

491 675 638 744 Ergo
672 671 771 744 (a)
833 672 1070 741 Spiritus
1120 685 1219 741 per
1276 669 1437 726 ﬁdem
1497 670 1645 726 salus
1694 669 1944 741 gentibus
2001 674 2085 722 est

495 766 667 839 (Esai.
696 763 871 835 xr,2).
902 764 1034 833 Qua:
1064 764 1119 819 in
1145 773 1347 819 terram
1364 763 1688 819 recumbunt
1714 778 1729 827 ;
1755 761 1918 816 nullis
1938 760 2083 815 cnim

491 857 626 928 legis
654 856 909 928 operibus
940 854 1151 911 fuerant
1186 846 1311 911 ante
1336 855 1626 912 substrata:
1657 871 1670 908 :
1703 854 1797 910 sed
1829 860 2083 925 peccato-

497 966 619 1006 rum
634 961 705 1005 ~et
731 964 1022 1020 corporum
1050 964 1270 1005 suorum
1298 948 1865 1023 originiinltterentes,
1900 946 1966 1001 ad
1985 945 2085 1000 do-

492 1057 623 1098 num
650 1040 881 1112 Spiritus
903 1040 1233 1111 septil‘ormis
1266 1049 1544 1097 vocantur.
1584 1038 1748 1113 747
1770 1038 2085 1095 Indeﬁnitus

489 1134 718 1205 piscium
743 1147 1022 1199 numerus,
1046 1132 1384 1189 diversorum
1409 1132 1675 1188 donorum
1698 1141 1752 1186 et
1781 1129 2081 1186 charisma-

492 1237 606 1281 tum
661 1226 739 1295 (b)
796 1222 1113 1295 partitiones
1164 1223 1696 1292 ministrationesque
1751 1218 2019 1291 signiﬁcat
2064 1235 2078 1273 :

490 1319 685 1390 quibus
716 1316 851 1373 ﬁdes
876 1319 1114 1389 gentium
1157 1318 1451 1389 gratiarum
1480 1314 1796 1372 diversitate
1826 1314 2077 1369 satiatur.

493 1412 601 1468 Sed
649 1411 793 1483 quod
838 1421 1043 1482 septem
1081 1420 1281 1481 sporta:
1328 1410 1643 1481 replentur;
1673 1407 1983 1465 redundans
2027 1413 2082 1462 et

492 1505 846 1574 multiplicata
870 1505 1200 1577 septiformis
1228 1504 1463 1574 Spiritus
1492 1503 1646 1573 copia
1676 1501 1965 1565 indicatur,
1994 1499 2081 1555 cui

487 1597 632 1667 quod
655 1597 913 1668 largiatur
932 1596 1196 1652 exuberet
1222 1614 1236 1652 :
1264 1596 1430 1668 ﬁtque
1449 1596 1709 1652 saturatis
1737 1595 1893 1651 nobis
1915 1593 2082 1649 ditior

488 1702 708 1759 semper
743 1695 799 1743 et
837 1688 1070 1758 plenior.
1103 1685 1255 1754 Quod
1298 1702 1428 1742 vero
1463 1693 1694 1758 quatuor
1741 1685 1908 1740 millia
1935 1684 2080 1739 viro-

2187 482 2255 537 ad
2291 481 2553 537 Ninivitas
2583 480 2701 551 pari
2743 481 2927 551 specie
2958 480 3314 550 praemiserat.
3346 477 3595 548 Namque
3622 477 3785 533 Jonas

2190 575 2362 630 ventis
2389 573 2805 630 desmvientibus
2831 572 3106 643 projectus
3125 586 3156 627 e
3188 570 3308 626 navi
3332 578 3436 639 est,
3470 577 3528 626 et
3556 569 3787 625 devora—

2190 674 2275 721 tus
2313 680 2343 719 a
2369 675 2512 731 ceto,
2542 672 2599 720 et
2627 670 2753 735 post
2782 663 3020 719 triduum
3061 663 3216 719 vivus
3257 660 3511 728 emissus,
3543 676 3652 717 non
3698 677 3788 716 re-

2190 765 2370 812 tentus
2392 771 2419 809 a
2450 764 2717 821 monstro,
2747 772 2856 811 non
2887 754 2990 811 cibi
3014 754 3328 812 conditione
3353 754 3638 812 confectus
3658 754 3785 811 :sed

2187 859 2376 907 contra
2418 850 2641 906 humani
2670 850 2915 921 corporis
2958 858 3202 905 naturam
3251 849 3459 919 integer
3485 858 3541 904 et
3584 848 3784 904 illmsus

2189 945 2241 1000 in
2280 959 2442 1000 auras
2489 959 2716 1015 superas
2739 943 2936 1000 virtute
2965 941 3255 998 dominicm
3283 940 3362 1014 (Δ)
3397 940 3787 1012 prmﬁgttmtio-

2187 1039 2271 1094 nis
2296 1037 2492 1094 evadit.
2522 1037 2637 1094 Hoc
2663 1051 2795 1109 ergo
2815 1037 3099 1109 potestatis
3133 1050 3245 1092 sua:
3271 1037 3482 1106 signum
3510 1036 3781 1091 constitu-

2187 1139 2297 1186 tum
2338 1128 2505 1203 748
2562 1144 2683 1186 esse
2726 1130 3091 1197 demonstrat,
3130 1130 3203 1201 (ε)
3245 1128 3362 1200 ipse
3405 1128 3785 1185 remissionem

2185 1232 2530 1292 peccatorum
2562 1236 2659 1292 per
2700 1222 3069 1292 pmoitentiam
3103 1220 3423 1291 prmdicans,
3465 1219 3535 1274 de
3565 1219 3783 1275 Jerusa-

2188 1315 2292 1369 lem
2317 1314 2401 1369 vel
2422 1314 2703 1386 Synagoga
2729 1314 3131 1369 immundorum
3160 1312 3443 1382 spirituum
3468 1312 3787 1369 dominante

2185 1407 2313 1462 llatu
2340 1407 2660 1477 ejiciendus,
2693 1416 2748 1464 et
2775 1407 2929 1463 Pilati
2960 1406 3235 1479 potestati,
3268 1406 3323 1463 id
3350 1416 3456 1472 est,
3485 1407 3679 1464 seculi
3699 1406 3788 1478 ju-

2183 1502 2325 1558 dicio
2342 1501 2658 1559 tradendus:
2678 1512 2731 1556 et
2747 1517 2776 1557 a
2796 1510 2971 1558 morte
2983 1510 3253 1573 tamquam
3271 1501 3523 1557 clementi
3538 1501 3784 1573 ejusdem

2183 1604 2427 1650 monstro
2455 1593 2765 1666 glutiendus
2816 1612 2829 1647 :
2886 1604 2939 1649 et
2967 1602 3088 1665 post
3112 1594 3350 1649 triduum
3377 1608 3441 1649 ex
3474 1609 3561 1661 ea,
3589 1605 3784 1649 contra

2182 1686 2545 1743 conditionem
2578 1685 2813 1743 hominis
2841 1702 3002 1759 quem
3047 1695 3419 1757 assumpserat
3466 1703 3574 1742 non
3604 1695 3785 1743 reten-

483 1797 604 1836 rum
650 1789 1069 1851 congregantur,
1113 1777 1422 1845 multitudo,
1481 1776 1955 1833 innumerabilium
2005 1791 2072 1832 ex
2104 1773 2150 1834 B
2180 1787 2286 1844 tus,
2318 1780 2469 1835 vivus
2509 1789 2671 1852 atque
2724 1780 3065 1851 incorruptus
3112 1795 3417 1851 emergens.
3465 1779 3540 1835 Ea
3603 1780 3784 1852 igitur,

484 1881 715 1944 quatuor
740 1871 886 1927 orbis
925 1872 1167 1942 partibus
1193 1870 1529 1940 intelligitur.
1560 1868 1641 1923 Ad
1669 1870 1893 1922 turmam
1928 1868 2076 1922 enim

487 1967 652 2023 futuri
693 1966 747 2021 in
796 1974 873 2021 tot
898 1965 1128 2036 partium
1162 1962 1330 2018 millia
1369 1962 1522 2034 plebs
1551 1962 1891 2017 dinumerata
1916 1961 2078 2015 satia-

485 2069 594 2123 tur,
619 2057 897 2130 q‘uotidem
943 2056 1012 2112 de
1041 2056 1283 2126 partibus
1332 2055 1398 2110 ad
1433 2055 1678 2111 cmlestis
1720 2053 1826 2110 cibi
1871 2054 2075 2109 donum

482 2164 813 2207 concursura
836 2158 1019 2204 essent
1048 2146 1213 2202 millia
1240 2145 1663 2203 crediturorum.
1707 2146 1884 2202 Turba
1917 2146 2079 2219 igitur

482 2242 768 2299 dimittitur
795 2242 985 2297 satiata
1011 2249 1067 2297 et
1088 2240 1322 2311 expleta.
1371 2241 1437 2295 Et
1458 2240 1581 2311 quia
1604 2240 1857 2296 omnibus
1882 2240 2078 2298 diebus

481 2334 605 2390 vita:
648 2342 848 2389 nostrxe
889 2332 1169 2389 nobiscum
1209 2332 1467 2387 Dominus
1511 2341 1716 2401 manet,
1764 2348 1981 2401 navem,
2023 2332 2076 2389 id

478 2437 563 2485 est
602 2428 926 2496 Ecelesiam,
977 2427 1316 2484 credentium
1359 2426 1519 2499 plebe
1563 2427 1853 2483 comitatus
1891 2427 2076 2500 ingre—

477 2520 641 2577 ditur.

1065 2631 1296 2691 CAPUT
1336 2631 1477 2689 XVI.

476 2749 559 2805 De
592 2748 744 2806 Iona:
784 2749 1047 2822 prapheta:
1088 2751 1256 2821 signo,
1301 2758 1349 2802 et
1391 2748 1454 2803 de
1484 2751 1731 2819 ferntento
1780 2746 2075 2803 Pharisaeo—
2153 2788 2162 2798 .

546 2858 686 2909 runt,
708 2842 773 2896 de
796 2843 1113 2912 confessione
1146 2840 1289 2895 Petri
1315 2850 1361 2895 et
1390 2840 1742 2895 benedictione
1772 2840 2001 2911 Domini,
2026 2849 2076 2896 et

548 2936 612 2989 de
642 2952 697 2990 se
722 2933 1023 3006 abnegando
1044 2933 1133 3003 qui
1165 2930 1427 2988 Christum
1450 2932 1594 3003 sequi
1622 2931 1857 2987 voluerit.

550 3072 601 3127 1.
637 3070 830 3128 Christi
850 3072 1185 3144 dignoscendi
1208 3082 1347 3138 nota,
1367 3088 1580 3143 Operam
1607 3074 1785 3129 virtus.
1809 3104 1870 3114 —
1902 3072 1970 3129 Et
1990 3090 2077 3129 ac-

2181 1888 2302 1943 qua:
2328 1873 2379 1927 in
2400 1872 2616 1928 homine
2633 1872 2702 1928 de
2719 1882 2979 1942 cauccptn
2997 1871 3214 1942 virginis
3236 1880 3452 1942 sumpto
3473 1870 3782 1927 divinarum

2179 1970 2336 2018 erant
2363 1964 2517 2034 plena
2550 1963 2829 2032 virtutum,
2886 1963 3138 2034 cognosci
3166 1971 3329 2034 atque
3367 1963 3590 2034 intelligi
3623 1962 3691 2019 de
3725 1977 3787 2019 se

2180 2056 2351 2111 voluit
2376 2067 2430 2112 et
2461 2056 2739 2127 propheta:
2780 2057 2933 2129 signo
2961 2067 3016 2112 et
3046 2057 3277 2112 hominis
3307 2058 3578 2129 exemplo.

2251 2149 2306 2204 5.
2333 2147 2401 2202 In
2430 2149 2555 2221 legis
2575 2148 2814 2220 operibus
2836 2165 2949 2221 spes
2974 2148 3141 2218 nulla,
3176 2149 3262 2204 ubi
3308 2149 3494 2205 veritas
3545 2150 3781 2222 contigit.

2178 2271 2250 2281 —
2277 2239 2346 2295 Et
2390 2240 2580 2296 relictis
2610 2241 2718 2296 illis
2763 2241 2890 2295 abiit
2934 2240 3126 2312 (lbid.,
3168 2240 3245 2311 ὦ).
3294 2241 3412 2296 Non
3463 2242 3606 2298 sicut
3649 2244 3786 2298 locis

2178 2336 2299 2391 aliis
2332 2336 2547 2407 legitur,
2570 2335 2806 2390 dimissis
2846 2334 3019 2391 turbis
3048 2334 3218 2390 abiit:
3269 2335 3366 2391 sed
3413 2335 3539 2405 quia
3586 2336 3780 2392 inlide-

2178 2429 2345 2484 litatis
2389 2444 2548 2484 error
2592 2428 2940 2485 insolentium
2981 2427 3189 2484 animos
3221 2427 3521 2497 obtinebat,
3556 2445 3662 2484 non
3693 2429 3781 2485 di-

2179 2521 2394 2576 misisse
2420 2535 2516 2576 cos
2545 2520 2823 2588 scribitur,
2870 2521 2967 2577 sed
3001 2522 3302 2593 reliquisse.
3334 2520 3403 2576 Et
3444 2540 3562 2578 cum
3609 2523 3775 2578 venis-

2177 2622 2251 2667 set
2282 2623 2424 2668 trans
2450 2618 2637 2685 fretum
2656 2654 2671 2681 ,
2701 2614 2846 2669 obliti
2896 2623 3012 2669 sunt
3043 2613 3285 2686 discipuli
3306 2617 3419 2688 ejus
3459 2632 3618 2686 panes
3643 2617 3785 2670 acci-

2179 2721 2316 2776 pere.
2343 2704 2499 2760 Jesus
2528 2715 2696 2761 autem
2744 2705 2874 2761 dixit
2930 2706 3037 2760 illis
3069 2706 3371 2762 :Attendite
3416 2707 3556 2762 vobis
3599 2724 3632 2761 a
3674 2710 3781 2779 fer-

2178 2806 2347 2850 mento
2380 2794 2766 2852 Pharisteorum
2812 2806 2859 2851 et
2902 2796 3313 2853 Sadducteorunt
3359 2796 3561 2871 (Ibid.,
3610 2798 3662 2863 5,
3692 2799 3774 2870 6).

2179 2890 2438 2945 Absoluta
2484 2891 2663 2945 omnis
2705 2888 2773 2945 de
2801 2889 3066 2945 fermento
3094 2889 3495 2945 Phariszeorum
3542 2899 3599 2946 et
3641 2890 3777 2947 Sad-

2177 2982 2489 3038 ducenorum
2533 2982 2833 3038 obscuritas
2870 2991 2971 3037 est.
3011 2980 3165 3051 Quod
3193 2990 3372 3036 autem
3405 2982 3681 3038 abstinere
3709 2997 3770 3038 se

2177 3089 2243 3129 eo
2269 3072 2495 3144 apostoli
2519 3072 2799 3143 jubentur,
2839 3088 2943 3127 non
2973 3071 3541 3129 admiseeridoctrime
3566 3072 3776 3129 ludam-

474 3175 734 3220 cesserunt
761 3165 830 3219 ad
859 3179 977 3219 eum
1008 3162 1270 3220 Pharistei
1315 3174 1364 3220 et
1394 3165 1674 3222 Sadducwi
1704 3175 1973 3234 tentantes,
2024 3164 2146 3229 etC
2176 3182 2295 3223 rum
2346 3174 2665 3231 monentur;
2718 3165 2843 3237 quia
2886 3167 3018 3238 legis
3042 3181 3208 3237 opera
3256 3165 3310 3221 iu
3351 3166 3603 3223 eﬁ‘ectum
3650 3165 3775 3223 ﬁdei

470 3267 777 3328 rogaverunt
799 3273 935 3323 eum,
965 3266 1021 3311 ut
1041 3257 1248 3328 signum
1292 3257 1357 3311 de
1383 3258 1509 3313 calo
1537 3257 1642 3312 illis
1671 3259 1977 3327 ostenderet,
2015 3269 2071 3316 ct

474 3350 678 3421 reliqua
703 3348 924 3419 (Matth.
959 3366 1076 3419 xvr,
1112 3348 1186 3422 1).
1230 3350 1440 3406 Adsunt
1466 3350 1726 3407 Phariszei
1764 3363 1819 3407 et
1854 3351 2068 3409 Saddu-

472 3442 570 3498 cari
612 3441 745 3514 legis
804 3443 1000 3499 ﬁducia
1053 3442 1352 3499 insolentes
1399 3442 1860 3516 dedignantesque
1903 3461 2069 3517 opera

471 3535 910 3604 virtutumJidei,
946 3527 1394 3608 signum'ostendi
1423 3535 1527 3591 sibi
1556 3536 1624 3592 de
1670 3537 1812 3593 ccelo
1843 3552 2070 3608 precan-

472 3636 581 3682 tur.
612 3626 977 3683 Humilitatem
1014 3628 1066 3681 in
1105 3624 1327 3682 Christo
1368 3627 1550 3683 carnis
1579 3637 1635 3684 et
1657 3629 1903 3697 corporis
1932 3644 2068 3683 con-

475 3728 709 3786 tuentes,
740 3720 1043 3775 doctrinam
1089 3735 1158 3775 ex
1202 3719 1284 3775 his
1314 3736 1434 3791 qua:
1472 3720 1575 3775 sub
1619 3720 1852 3777 hominis
1882 3720 2070 3778 habitu

471 3811 699 3880 gerebat
740 3810 1100 3881 dedignantur
1127 3812 1399 3882 accipere.
1440 3812 1678 3880 Quorum
1729 3814 2067 3870 insolentiam

473 3910 528 3956 et
561 3900 874 3955 inanitatem
895 3901 1146 3968 irridens,
1180 3903 1348 3955 multa
1370 3916 1465 3957 eos
1487 3903 1556 3957 de
1580 3911 1770 3958 natura
1793 3905 1916 3962 εωιί
1937 3920 2071 3961 con-

477 3994 652 4065 jicere
678 3993 856 4049 solere
882 3993 1184 4064 respondit,
1211 4008 1334 4049 cum
1376 3994 1672 4050 rubicundo
1698 4006 1793 4052 aut
1827 4005 1948 4053 ortu
1978 4008 2069 4054 aut

472 4100 703 4157 vespere
732 4100 982 4141 serenum
1022 4085 1397 4142 nimbosumve
1412 4088 1718 4158 pronutient
1747 4087 1936 4163 (Ibid.,
1962 4090 2019 4162 2)
2050 4109 2064 4145 :

475 4192 642 4249 porto
667 4186 845 4233 autem
871 4177 1120 4248 ignorare
1137 4193 1231 4234 eos
1250 4187 1549 4250 temporum
1591 4181 1741 4253 signa
1770 4180 1957 4255 (Ibid.,
1983 4181 2065 4255 1),

475 4285 599 4325 cum
623 4269 800 4324 omnis
834 4269 908 4342 (c)
940 4270 1024 4325 lex
1055 4280 1110 4325 et
1140 4271 1418 4341 propheta:
1460 4272 1723 4329 adventus
1758 4275 1840 4330 sui
1869 4274 2065 4331 indicia

475 4377 542 4417 ex
572 4375 796 4431 operum
842 4376 964 4432 qua:
989 4371 1204 4432 gereret
1240 4362 1597 4420 admiratione
1632 4364 1937 4436 signiﬁcent
1964 4385 1977 4420 :
2009 4375 2067 4423 ut

469 4453 927 4524 quemadmodum
958 4452 1118 4510 ﬁdem
1159 4456 1495 4526 tempestatis
1536 4456 1659 4513 θεειί
1689 4457 1770 4513 vel
1812 4459 2061 4516 matutini

2175 3262 2311 3317 etin
2350 3260 2841 3333 praelormationem
2885 3277 3063 3317 rerum
3093 3264 3543 3333 consequentium
3580 3260 3777 3318 consti-

2174 3365 2287 3411 tuta
2335 3355 2483 3410 sint:
2516 3354 2672 3426 ut([)
2723 3355 2775 3410 in
2805 3370 3034 3425 quorum
3082 3352 3329 3425 tempora
3365 3363 3532 3427 atque
3561 3362 3772 3411 tetatcm

2173 3447 2736 3517 vcritascontigisset,
2770 3447 2901 3501 nihil
2931 3446 3071 3501 ultra
3120 3447 3177 3501 in
3224 3447 3472 3503 veritatis
3517 3448 3764 3503 similitu-

2173 3539 2298 3595 dine
2328 3540 2442 3609 spei
2465 3542 2699 3610 positum
2738 3539 3164 3604 arbitrarentur;
3199 3554 3267 3595 ne
3296 3539 3547 3596 doctrina
3586 3538 3770 3595 Phari-

2173 3647 2406 3688 szeorum
2434 3632 2706 3688 Christum
2754 3632 3026 3701 nesciens,
3057 3630 3281 3692 effectus
3309 3635 3562 3692 veritatis
3604 3648 3763 3691 evan-

2172 3727 2360 3799 gelica:
2389 3735 2781 3797 corrumperet.

2243 3818 2297 3874 4.
2336 3819 2506 3875 Filius
2533 3829 2582 3875 et
2608 3819 2745 3875 Deus
2766 3831 2991 3877 wternus
3016 3832 3063 3879 et
3091 3832 3241 3880 natus
3268 3832 3365 3880 est.
3391 3854 3466 3865 —
3501 3823 3652 3880 Venit
3672 3841 3766 3879 att-

2174 3919 2274 3965 tem
2299 3909 2454 3966 Jesns
2480 3912 2533 3966 in
2559 3924 2733 3981 partes
2754 3909 3002 3969 Cresarea:
3034 3913 3289 3987 Philippi,
3330 3926 3379 3971 et
3421 3917 3766 3985 interrogabat

2172 4006 2455 4079 discipulos
2501 4023 2649 4073 suos,
2698 4017 2753 4063 et
2784 4009 2991 4081 reliqua
3046 4008 3233 4083 (lbid.,
3268 4011 3384 4080 1'5).
3428 4011 3486 4067 in
3517 4025 3765 4083 processu

2172 4097 2442 4154 sermonis
2469 4108 2633 4169 atque
2660 4101 2839 4170 operis
2870 4100 3172 4158 absolutius
3199 4101 3483 4174 discipulis
3503 4103 3762 4176 cognitio-

2174 4203 2298 4244 nem
2324 4205 2477 4244 suam
2504 4189 2706 4270 (idest,
2737 4189 2845 4263 sui)
2894 4202 3132 4263 prmstal,
3174 4203 3229 4248 et
3256 4194 3547 4264 quamdam
3580 4193 3765 4251 intelli-

2170 4280 2328 4352 gendi
2352 4296 2412 4337 se
2445 4281 2674 4339 formam
2701 4283 3075 4355 rationemque
3099 4286 3405 4341 constituit.
3457 4287 3562 4344 Est
3589 4297 3761 4344 autem

2172 4371 2288 4426 hmo
2325 4387 2454 4427 vera
2487 4381 2543 4428 et
2595 4373 2920 4431 inviolabilis
2969 4376 3122 4443 ﬁdes,
3176 4393 3243 4433 ex
3294 4378 3407 4434 Deo
3454 4380 3762 4438 aeternitatis

2173 4463 2282 4535 (cui
2312 4463 2387 4518 ob
2413 4463 2467 4518 id
2493 4464 2637 4534 quod
2666 4481 2882 4537 semper
2908 4466 3048 4522 ﬁlius
3096 4467 3280 4537 fuerit,
3327 4485 3550 4544 semper
3591 4481 3642 4528 et
3672 4471 3761 4542 jus

469 4545 558 4600 vel
588 4546 828 4615 vesperis
851 4545 1016 4601 rubor
1040 4545 1326 4610 redderet;
1360 4546 1433 4601 ita
1474 4549 1812 4605 manifestam
1845 4558 2060 4622 tempo-
2087 4554 2143 4616 D
2170 4558 2338 4628 patris
2371 4566 2426 4612 et
2448 4572 2648 4614 nomen
2680 4559 2783 4624 sit;
2841 4576 2909 4616 ne
2936 4560 2981 4616 si
3030 4576 3136 4617 non
3179 4578 3397 4633 semper
3448 4566 3606 4631 ﬁlius,
3654 4578 3761 4620 non

470 4653 594 4695 rum
641 4637 1003 4708 cognitionem
1057 4639 1317 4695 virtutum
1369 4649 1534 4712 atque
1586 4657 1810 4714 operum
1864 4645 2060 4702 indicia

469 4739 730 4802 pra:stare
752 4729 1033 4786 deberent.

544 4825 599 4878 2.
628 4820 792 4878 Jonas
820 4821 1011 4877 Christi
1032 4822 1218 4898 ﬁgura.
1244 4852 1311 4863 —
1329 4822 1434 4879 Sed
1454 4834 1604 4880 ortus
1625 4842 1654 4881 e
1676 4827 1816 4883 cmlo
1842 4827 2055 4900 signum

470 4916 556 4971 his
593 4923 851 4971 terrestre
892 4914 1190 4981 constituit,
1234 4925 1293 4968 ut
1336 4930 1434 4971 eos
1480 4914 1618 4971 intra
1657 4919 2054 4977 confessionem

473 5008 1081 5079 humilitatiscorporeae
1106 5008 1431 5076 contineret,
1455 5008 1688 5067 dandum
1710 5013 1898 5070 dicens
1922 5014 2059 5072 Jona

466 5105 678 5174 signum
708 5119 721 5158 :
754 5101 886 5159 Huic
907 5116 967 5157 se
998 5101 1253 5157 Dominus
1278 5115 1575 5173 comparat,
1607 5121 1766 5175 quem
1814 5106 1883 5163 ad
1915 5105 2059 5164 futu-

564 5259 619 5330 a)
644 5258 998 5316 Carttutensis
1022 5257 1191 5313 codex
1218 5274 1342 5313 cttm
1373 5257 1528 5315 Colb.
1561 5258 1786 5330 Spiritu.

560 5330 614 5399 b)
636 5332 695 5387 In
730 5344 831 5386 ms.
864 5330 1020 5385 Rom.
1047 5331 1484 5399 participationes.
1542 5370 1549 5377 .

558 5400 607 5473 c)
637 5401 793 5473 Apud
819 5401 940 5473 Par.
973 5416 1090 5454 eum
1118 5402 1348 5473 omnibus
1379 5403 1480 5473 lex.
1513 5400 1733 5459 Rectius
1754 5404 1806 5459 in
1839 5405 1960 5462 aliis
1986 5407 2055 5462 li-

461 5470 597 5550 bris,
621 5470 806 5528 omnis.
840 5470 929 5527 Sic
953 5480 1008 5525 et
1030 5485 1151 5541 cap.
1178 5470 1269 5537 12,
1300 5488 1355 5525 n.
1379 5472 1434 5539 2,
1458 5474 1579 5541 quia
1603 5476 1768 5530 omnis
1789 5476 1873 5531 lea:
1896 5495 2055 5550 usque

461 5549 530 5602 ad
552 5544 827 5599 Joannem.

458 5686 507 5741 ὁ.
535 5617 616 5740 (άέ
639 5614 878 5671 Latinius
899 5628 966 5669 es
991 5612 1115 5669 Vat.
1136 5613 1259 5669 cod.
1282 5613 1686 5686 incarnationis,-
1712 5632 1817 5675 non
1840 5629 1925 5676 est
1951 5635 2052 5678 au-

499 5704 580 5741 ten
624 5701 704 5741 IIS.
1094 5740 1097 5741 ,

499 5688 704 5741 iendus.

528 5740 601 5829 te)
631 5740 737 5811 Sex
764 5770 895 5810 mss.
924 5755 979 5810 in
1006 5771 1061 5811 se
1082 5740 1453 5831 remissionem,
1480 5775 1587 5818 non
1617 5761 1747 5833 ipse.

2171 4663 2389 4720 semper
2402 4658 2456 4706 et
2471 4660 2623 4720 pater
2639 4651 2730 4724 sit)
2753 4651 2918 4707 Deum
2940 4651 3106 4709 ﬁlium
3132 4652 3435 4723 profectum
3467 4654 3657 4721 fuisse,
3676 4654 3761 4711 cui

2169 4743 2240 4799 sit
2257 4758 2325 4800 ex
2352 4744 2653 4800 aeternitate
2674 4746 2911 4816 parentis
2940 4747 3234 4802 :eternitas.
3267 4746 3426 4803 Nasci
3447 4759 3625 4806 autem
3641 4763 3761 4806 eum

2170 4834 2418 4889 voluntas
2446 4834 2566 4905 ejus
2593 4834 2691 4890 fuit
2719 4834 2814 4910 (V.
2837 4837 2950 4893 Lttt
2981 4837 3044 4892 de
3071 4837 3244 4903 Trin.,
3284 4857 3339 4894 η.
3372 4841 3481 4911 4),
3523 4840 3673 4911 cujus
3706 4840 3759 4897 in

2167 4926 2363 4996 virtute
2376 4942 2439 4983 ac
2452 4935 2719 4997 potestate
2735 4929 2907 4985 inerat
2918 4939 2977 4985 ut
3000 4941 3335 4988 nasceretur.
3356 4933 3454 4989 Est
3473 4949 3604 5006 ergo
3621 4934 3757 4989 ﬁlius

2169 5019 2262 5076 Dei
2310 5036 2375 5076 ex
2432 5020 2543 5076 Deo
2585 5021 2751 5095 Deus,
2800 5037 2938 5077 unus
2969 5023 3020 5078 in
3052 5030 3325 5097 utroque:
3359 5025 3439 5101 (ῃ)
3472 5026 3757 5083 theotetam

2166 5112 2332 5180 enim,
2361 5127 2521 5183 quam
2546 5111 2806 5169 deitatem
2835 5113 3013 5171 Latini
3044 5125 3382 5189 nuncupant,
3409 5112 3760 5192 acterna“

2232 5267 2315 5341 (f)
2349 5269 2449 5324 Ms.
2480 5269 2640 5324 Rom.
2688 5270 2743 5324 in
2768 5286 2985 5346 quorum
3013 5282 3241 5346 tempore
3275 5284 3432 5346 atque
3454 5287 3625 5344 (etate,
3652 5290 3755 5332 non

2162 5340 2271 5420 alio
2297 5340 2302 5341 “
2330 5356 2495 5420 sensu
2527 5357 2541 5394 :
2576 5350 2686 5420 tum
2731 5343 2919 5420 ueritas
2962 5340 3281 5420 conticescit,
3332 5340 3753 5420 suifragantibus

2159 5411 2308 5484 (Sull).
2344 5423 2397 5467 et
2425 5411 2586 5468 Caro.
2617 5412 2671 5467 in
2719 5413 2915 5484 quibus
2962 5415 3157 5484 legitur
3204 5411 3559 5475 conticescet?
3596 5417 3749 5475 male.

2160 5481 2381 5556 Legem,
2416 5491 2624 5556 utpote
2670 5481 2893 5556 ﬁguram
2949 5495 3003 5542 et
3030 5481 3309 5556 umbram,
3361 5491 3617 5548 veniente
3660 5503 3752 5546 ve-

2157 5554 2339 5618 ritate,
2366 5554 2564 5609 nullam
2596 5570 2717 5610 esse
2748 5555 2834 5610 hic
2860 5557 3184 5615 declaratur.

2228 5623 2305 5695 (ει)
2351 5623 2515 5695 Magis
2540 5626 2804 5681 arrideret
2831 5641 3005 5696 grteea
3035 5644 3137 5684 vox
3160 5631 3381 5690 θιοτῆτα
3405 5631 3511 5687 nisi
3539 5630 3744 5687 obnite-

2159 5697 2671 5769 terenturantiquze
2714 5696 2982 5755 editiones
3025 5713 3148 5755 cum
3198 5702 3449 5758 omnibus
3480 5718 3610 5757 mss.
3645 5717 3742 5757 non

2154 5774 2360 5822 tantum
2414 5765 2522 5836 hic,
2567 5765 2673 5826 sed
2716 5770 2881 5826 etiam
2908 5785 2959 5826 c.
3003 5770 3099 5837 26,
3130 5787 3186 5827 η.
3220 5773 3275 5839 5,
3333 5774 3422 5831 ubi
3477 5774 3740 5830 theotetem
