3974 6198
230 313 375 370 1009

1142 318 1686 378 COMMENTARIUS
1722 318 1793 376 IN
1819 319 2229 378 ΜΑΤΤΙΙίΕυΜ
2266 321 2419 379 CAP.
2464 323 2605 381 XVI.

3392 331 3533 390 1010

225 430 350 500 ejus
381 437 640 503 parentis,
674 451 744 493 ex
775 452 882 509 quo
911 436 1185 494 nascendo
1215 442 1299 491 est
1328 433 1621 505 profectus,
1668 449 1825 491 acce-
1855 436 2064 519 Alium
2096 438 2148 493 in
2175 437 2395 495 homine
2420 439 2667 497 vidisset.
2699 441 2898 499 Beatus
2916 443 3001 499 hic
3030 452 3134 511 est,
3163 446 3254 515 qui
3285 445 3421 502 ultra
3450 446 3529 521 (a)

226 523 333 593 pit.
388 525 612 596 Accepit
654 538 834 585 autem
886 529 992 585 hoc
1037 528 1179 599 quod
1219 536 1376 583 erat:
1406 535 1461 582 et
1509 534 1689 580 natum
1744 533 1829 581 est

227 612 471 671 Verbum
497 619 640 688 quod
673 619 767 675 fuit
793 635 1009 692 semper
1034 620 1087 676 in
1118 619 1300 675 Patre.
1350 618 1527 687 Atque
1559 617 1631 672 ita
1658 616 1827 673 Filius

224 715 283 761 et
314 716 555 763 :eternus
584 718 638 765 et
668 720 826 767 natus
849 723 934 768 est
960 730 972 765 :
1005 712 1131 784 quia
1161 728 1266 767 non
1313 710 1457 765 aliud
1506 710 1559 765 in
1609 724 1675 765 eo
1725 724 1825 765 na-

223 805 341 854 tum
372 808 477 867 est,
503 817 663 873 quam
691 804 835 876 quod
862 814 1124 861 aeternum
1154 814 1255 859 est.

298 892 354 949 5.
388 893 555 949 Filius
600 894 699 951 Dei
737 908 812 952 est
838 907 885 953 et
914 899 1056 967 ﬁlius
1085 897 1326 953 hominis.
1358 925 1428 940 -—-
1460 895 1613 951 llunc
1659 895 1824 967 igitur

224 985 592 1056 assumpsisse
620 1002 839 1059 corpus,
875 998 931 1045 et
957 988 1230 1043 hominem
1265 987 1465 1043 factum
1512 1001 1654 1051 esse,
1705 1002 1826 1057 per-

219 1074 367 1132 fecta
397 1078 673 1137 confessio
701 1090 786 1137 est
814 1101 827 1135 :
858 1083 980 1155 quia
1005 1081 1147 1137 sicut
1167 1084 1440 1137 :eternitas
1469 1089 1675 1136 naturae
1702 1095 1827 1138 nos-

221 1179 326 1226 trae
369 1187 565 1244 corpus
591 1175 834 1246 accepit;
867 1176 939 1231 ita
970 1176 1403 1246 cognoscendum
1436 1184 1542 1241 cst,
1576 1183 1823 1230 naturam

216 1264 471 1333 corporis
496 1265 666 1320 nostri
691 1266 1012 1323 aeternitatis
1040 1281 1319 1322 assumere
1362 1280 1519 1337 posse
1547 1268 1818 1322 virtutem.

217 1352 393 1425 Igitur
420 1356 546 1426 quia
575 1372 847 1414 summum
874 1359 927 1415 in
958 1358 1066 1415 ﬁde
1096 1359 1196 1414 ista
1224 1359 1425 1415 bonum
1456 1368 1569 1425 est;
1601 1374 1632 1413 a
1656 1358 1820 1414 disci-

219 1449 369 1519 pulis
425 1451 655 1520 requirit
701 1468 860 1524 quem
903 1467 965 1510 se
1011 1453 1257 1509 homines
1299 1468 1422 1510 esse
1449 1452 1737 1509 dicerent:
1769 1462 1825 1509 et

217 1540 447 1612 adjecit,
489 1542 714 1599 hominis
745 1544 935 1615 ﬁlium.
986 1544 1111 1600 Haec
1155 1545 1296 1600 enim
1345 1543 1703 1599 confessionis
1744 1552 1821 1601 te-

216 1635 401 1692 nenda
433 1638 569 1692 ratio
596 1645 701 1705 est,
757 1647 815 1693 ut
859 1638 1001 1695 sicut
1052 1638 1147 1693 Dei
1196 1638 1390 1701 tilium,
1442 1638 1513 1692 ita
1544 1647 1599 1693 et
1652 1636 1821 1693 ﬁlium

215 1728 459 1785 hominis
501 1731 909 1787 meminerimus
952 1751 965 1786 :
1020 1733 1147 1804 quia
1196 1732 1427 1788 alterum
1489 1732 1610 1788 sine
1652 1731 1822 1789 altero

218 1823 359 1880 nihil
389 1825 502 1894 spei
533 1825 719 1881 tribuit
748 1826 815 1881 ad
845 1828 1098 1883 salutem.

290 1917 346 1972 6.
389 1916 536 1972 Petri
552 1923 714 1993 juxta
744 1919 933 1975 Christi
963 1921 1207 1989 placitum
1236 1921 1511 1993 confessio.
1544 1950 1616 1960 ——
1646 1919 1820 1976 Editis

216 2008 423 2080 itaque,
451 2023 574 2081 qua:
602 2010 834 2067 diversa:
859 2011 926 2067 de
950 2026 1019 2067 eo
1064 2019 1239 2079 erant,
1283 2011 1563 2067 hominum
1606 2011 1819 2082 opinio-

216 2100 405 2167 nibus,
436 2103 562 2172 quid
592 2102 660 2158 de
704 2117 763 2159 se
801 2103 903 2174 ipsi
951 2103 1189 2159 sentiant
1238 2103 1451 2174 quatrit.
1497 2101 1691 2158 Petrus
1731 2117 1818 2158 re-

213 2192 438 2266 spondit
469 2211 484 2248 :
511 2193 589 2249 Tu
615 2211 668 2251 es
687 2194 924 2251 Christus
948 2196 1087 2266 ﬁlius
1108 2194 1215 2261 Dei,
1234 2197 1330 2251 vivi
1357 2196 1547 2269 (lbid.,
1571 2194 1684 2267 i7).
1710 2194 1817 2252 Sed

212 2285 413 2343 Petrus
451 2285 819 2343 conditionem
873 2288 1258 2359 propositionis
1304 2287 1653 2359 expenderat.
1705 2287 1817 2344 Do-

213 2379 398 2435 minus
420 2379 566 2435 enim
612 2379 863 2435 dixerat:
902 2381 1061 2449 Quem
1087 2397 1169 2436 me
1206 2382 1434 2438 homines
1464 2397 1571 2437 esse
1612 2381 1817 2447 dicunt,

214 2474 385 2544 ﬁlium
414 2473 635 2529 hominis
654 2474 680 2528 ?
709 2473 776 2529 Et
806 2485 954 2531 certe
1000 2474 1167 2530 lilium
1199 2473 1435 2529 hominis
1483 2474 1823 2545 contemplaa

217 2568 297 2622 tio
329 2568 571 2639 corporis
602 2570 925 2639 praeferebat
957 2570 1090 2626 :sed
1135 2569 1404 2638 addendo,
1432 2585 1582 2640 quem
1610 2585 1692 2623 me
1711 2585 1818 2625 esse

214 2661 421 2728 dicunt,
455 2662 800 2734 signiﬁcavit,
834 2675 1030 2735 prmter
1072 2665 1124 2721 id
1154 2664 1300 2737 quod
1332 2666 1385 2720 in
1417 2680 1476 2720 se
1508 2665 1812 2731 videbatur,

212 2768 340 2809 esse
383 2754 529 2810 aliud
580 2757 955 2824 sentiendum;
1005 2769 1122 2814 erat
1172 2758 1318 2815 enim
1370 2757 1606 2814 hominis
1647 2756 1810 2813 ﬁlius.

213 2845 373 2913 Quod
426 2848 589 2919 igitur
633 2849 702 2904 de
749 2865 809 2906 se
854 2851 1107 2920 Opinandi
1144 2851 1405 2923 judicium
1435 2850 1815 2907 desiderabat?

212 2935 334 2992 Non
361 2939 489 2995 illud
521 2928 870 3008 arbitramur,
899 2943 1041 3013 quod
1066 2943 1134 2998 de
1160 2957 1218 2997 se
1242 2942 1358 3014 ipse
1380 2941 1663 2999 confessus
1688 2952 1771 2999 est
1797 2963 1813 3001 :

212 3032 311 3089 sed
338 3034 607 3090 occultum
655 3043 773 3090 erat
803 3039 869 3091 de
910 3050 1020 3107 quo
1059 3036 1420 3107 quaerebatur,
1463 3036 1517 3091 in
1568 3035 1712 3107 quod
1752 3050 1813 3092 se

211 3125 552 3180 credentium
587 3126 721 3182 ﬁdes
747 3126 980 3182 debebat
1004 3127 1318 3184 extendere.

1931 526 2197 585 humanos
2238 531 2432 591 oculos
2471 541 2527 588 et
2573 533 2873 590 intendisse
2921 544 2976 592 et
3034 535 3236 593 vidisse
3284 537 3533 595 laudatus

1930 632 2017 681 est
2048 643 2061 680 :
2097 641 2202 680 non
2259 625 2311 681 id
2348 612 2502 696 quod
2531 643 2601 685 ex
2659 644 2825 686 carne
2854 639 2909 686 et
2950 632 3214 703 sanguine
3252 644 3369 689 erat
3401 648 3536 689 con-

1928 725 2106 786 tuens,
2135 721 2228 777 scd
2249 721 2343 778 Dei
2372 721 2539 777 ﬁlium
2568 722 2806 779 cmlestis
2848 725 3013 794 patris
3036 724 3362 781 revelatione
3399 741 3533 782 eon-

1927 812 2196 882 Spiciens;
2239 813 2537 887 dignusque
2578 814 2872 885 judicatus,
2905 817 2997 888 qui
3038 816 3181 888 quod
3222 818 3274 873 in
3312 817 3528 875 Christo

1929 905 2022 961 Dei
2051 916 2216 973 esset,
2268 910 2473 978 primus
2535 920 2873 981 agnosceret.
2923 908 2969 966 Ο
3023 912 3074 966 in
3122 894 3526 982 nuncupatione

1927 1000 2050 1054 novi
2080 1002 2311 1077 nominis
2344 1000 2469 1056 felix
2502 1002 2761 1065 Ecclesiae
2786 1002 2863 1075 (b)
2886 1002 3314 1072 fundamentum,
3344 1004 3534 1075 digna-

1927 1105 2034 1159 que
2060 1091 2417 1148 aadiﬁcatione
2447 1092 2595 1148 illius
2622 1102 2796 1163 petra,
2838 1108 2957 1165 quze
2991 1093 3229 1150 infernas
3260 1095 3424 1165 leges,
3471 1103 3530 1153 et

1926 1184 2115 1238 tartari
2145 1194 2351 1252 portas,
2382 1194 2437 1240 et
2464 1184 2645 1241 omnia
2674 1186 2865 1241 mortis
2890 1186 3125 1241 claustra
3167 1184 3522 1243 dissolveret!

1927 1274 1973 1330 Ο
2003 1274 2189 1331 beatus
2233 1276 2358 1332 εωιί
2393 1276 2617 1347 janitnr,
2647 1278 2801 1346 cujus
2852 1276 3078 1333 arbitrio
3107 1277 3290 1334 claves
3333 1279 3533 1335 aeterni

1928 1366 2104 1422 aditus
2136 1367 2441 1436 traduntur,
2468 1370 2622 1440 cujus
2665 1376 2927 1425 terrestre
2971 1367 3231 1439 judicium
3277 1369 3531 1439 prmjudi-

1926 1467 2045 1514 cata
2072 1460 2235 1532 750
2264 1461 2558 1516 auctoritas
2606 1462 2677 1517 sit
2716 1462 2767 1516 in
2812 1460 2953 1517 cmlo
2984 1477 2998 1516 :
3027 1470 3085 1515 ut
3114 1477 3234 1532 qua:
3266 1461 3317 1515 in
3362 1460 3524 1518 terris

1927 1560 2020 1608 aut
2049 1553 2208 1624 ligata
2235 1553 2343 1608 sint
2366 1560 2459 1608 aut
2484 1555 2682 1617 soluta,
2730 1552 2918 1607 statuti
2966 1551 3210 1623 ejusdem
3258 1552 3528 1608 conditio-

1927 1660 2049 1702 nem
2077 1644 2357 1701 obtineant
2383 1654 2436 1700 et
2465 1644 2519 1699 in
2540 1646 2699 1702 coelo.

1999 1737 2053 1792 8.
2102 1735 2342 1792 Divitatis
2385 1734 2580 1792 Christi
2608 1745 2757 1792 testes
2802 1736 2886 1792 lea:
2933 1746 2982 1791 et
3029 1738 3316 1808 propheta,
3355 1753 3527 1793 resur-

1847 1827 2160 1896 Brectionis
2205 1827 2449 1894 apostoli.
2477 1826 2733 1883 ——Jubet
2777 1828 2937 1883 etiam
2984 1827 3292 1898 discipulis,
3338 1844 3405 1885 ne
3429 1830 3514 1884 eui

1922 1918 2212 1988 loquantur
2236 1918 2378 1989 quod
2409 1917 2525 1988 ipse
2573 1928 2657 1974 est
2703 1917 2952 1975 Christus
3000 1918 3191 1992 (Ibid.,
3222 1919 3319 1992 20)
3345 1938 3359 1976 :
3384 1920 3524 1977 alios

1922 2012 2067 2067 enim
2097 2011 2171 2085 (c)
2201 2012 2432 2082 Spiritus
2478 2012 2559 2067 sui
2613 2027 2736 2069 esse
2782 2021 2949 2069 testes
2995 2014 3298 2084 oportebat,
3348 2016 3523 2086 legem

1920 2103 2176 2159 videlicet
2204 2111 2259 2158 et
2288 2104 2607 2173 prophetas;
2636 2103 2905 2159 Creterum
2948 2106 3364 2161 resurrectionis
3414 2114 3528 2163 tes-
3572 2108 3579 2111 ‘

1922 2196 2203 2251 timunium
2238 2196 2516 2267 proprium
2547 2203 2632 2251 est
2656 2197 3048 2266 apostolorum.
3084 2198 3150 2252 Et
3189 2199 3313 2268 quia
3345 2197 3524 2254 scien-

1919 2290 2052 2344 tium
2082 2290 2138 2344 in
2168 2288 2374 2360 Spiritu
2418 2288 2692 2344 Christum
2739 2289 3016 2345 beatitudo
3062 2299 3361 2346 monstrata
3404 2302 3521 2357 est;

1920 2394 2131 2455 negata:
2165 2399 2379 2438 rursum
2407 2382 2726 2438 humilitatis
2752 2392 2808 2440 et
2850 2384 3117 2455 passionis
3158 2384 3275 2454 ejus
3306 2385 3525 2455 pericu-

1921 2477 2031 2534 lum
2063 2479 2391 2535 declaratur.

1990 2570 2044 2626 9.
2075 2570 2309 2625 Christus
2337 2569 2478 2624 Deus
2525 2580 2570 2623 et
2597 2569 2748 2623 homo
2774 2567 3116 2639 conﬁtendus.
3144 2598 3216 2609 —
3238 2568 3369 2623 Nam
3395 2583 3521 2625 eum

1918 2660 2214 2733 praedicare
2261 2660 2541 2730 ccepisset,
2582 2669 2838 2729 oportere
2881 2674 2940 2715 se
2980 2659 3371 2732 Jerosolymam
3416 2660 3520 2729 ire,

1916 2755 2027 2826 pati
2057 2752 2253 2809 deinde
2279 2754 2434 2824 plura
2454 2766 2485 2805 a
2513 2751 2817 2807 senioribus
2839 2751 3036 2824 plebis,
3068 2758 3126 2808 et
3148 2766 3179 2805 a
3222 2751 3434 2809 Scribis
3464 2760 3520 2808 et

1918 2846 2250 2918 principibus
2274 2846 2641 2912 sacerdotum,
2675 2846 2848 2902 occidi
2878 2846 3065 2914 etiam,
3105 2856 3160 2902 et
3206 2856 3330 2917 post
3371 2847 3516 2903 diem

1916 2941 2133 2997 tertium
2203 2955 2487 3011 resurgere
2544 2938 2733 3012 (Ibid.,
2769 2938 3335 3011 21),apprehendens
3390 2955 3516 2996 eum

1916 3034 2129 3101 Petrus,
2158 3034 2231 3088 ait
2263 3051 2276 3087 :
2309 3032 2449 3087 Absit
2478 3050 2511 3087 a
2538 3042 2605 3100 te,
2635 3031 2879 3108 Domine,
2912 3032 2991 3104 (ά)
3022 3049 3124 3087 non
3152 3033 3245 3088 erit
3272 3033 3428 3087 istud.
3450 3032 3518 3087 At

1915 3128 2025 3200 ipse
2049 3143 2341 3193 conversus,
2379 3125 2540 3182 Petro
2566 3127 2696 3182 dixit
2725 3144 2743 3181 :
2778 3125 2924 3181 Vade
2955 3136 3090 3182 retro
3129 3138 3243 3198 post
3282 3144 3384 3192 me,
3430 3143 3516 3181 sa-

286 3218 341 3272 7.
395 3217 745 3292 Confessionis
787 3236 1000 3277 merces.
1022 3251 1094 3261 -—-
1120 3220 1186 3275 Et
1231 3220 1451 3291 dignum
1481 3221 1637 3291 plane
1674 3234 1804 3275 con-
1836 3232 1882 3296 ρ
1914 3230 2059 3288 tuna,
2088 3220 2389 3276 scandalum
2418 3221 2543 3275 mihi
2569 3237 2619 3275 es
2646 3219 2835 3292 (lbid.,
2858 3220 2952 3288 22,
2999 3220 3112 3291 25).
3139 3220 3211 3277 Ut
3259 3221 3352 3276 Dei
3396 3212 3514 3276 mu?

213 3311 383 3369 fessio
432 3312 577 3368 Petri
624 3312 904 3385 praemium
952 3323 1245 3369 consecuta
1282 3322 1385 3382 est,
1434 3315 1561 3386 quia
1606 3313 1704 3370 Dei
1746 3314 1812 3392 lie

211 3472 431 3529 rursum
462 3457 640 3529 legere
667 3471 771 3514 eSr.
802 3456 956 3529 Unde
978 3458 1237 3513 Erasmus
1269 3457 1358 3513 hic
1376 3457 1441 3529 ad
1465 3457 1760 3529 marginem
1789 3475 1803 3512 :

214 3527 409 3582 Nescio
432 3545 500 3582 an
524 3527 803 3583 theotetam
824 3528 1032 3596 dixerit,
1059 3528 1484 3596 quemadmodum
1509 3527 1634 3582 alibi
1653 3528 1804 3594 dixit,

210 3600 499 3671 rheumam,
529 3600 889 3671 diapsalmam,
935 3610 981 3655 et
1006 3617 1266 3654 manuum.

289 3670 367 3741 (α)
397 3670 489 3725 Sic
526 3668 657 3726 mss.
700 3686 762 3726 ea
792 3672 909 3725 seil.
941 3673 1151 3726 ratione
1172 3686 1275 3740 qua
1308 3669 1402 3725 lib.
1439 3684 1497 3741 vi
1529 3669 1598 3725 de
1624 3668 1803 3733 Trin.,

213 3758 272 3815 ri.
300 3740 379 3797 '32
410 3759 422 3794 :
458 3741 612 3815 Ultra
638 3740 927 3815 humanam
942 3742 1330 3815 intelligentiam
1351 3757 1403 3794 se
1425 3740 1552 3811 ﬁdes
1597 3750 1806 3812 aposto-

212 3814 316 3868 lica
347 3814 623 3878 protendit.
653 3815 721 3868 At
745 3813 951 3878 excusi,
982 3812 1123 3867 ultra
1145 3812 1450 3866 humanum.

290 3882 365 3954 (ὁ)
397 3883 450 3938 In
479 3885 717 3953 margine
770 3884 1030 3940 hactenus
1074 3886 1378 3954 obtinuerat
1430 3884 1545 3938 haec
1597 3882 1808 3954 Erasini

210 3953 390 4010 nnta':
426 3954 669 4027 Ecclesia:
713 3956 1106 4027 fundamentum
1134 3955 1280 4027 ﬁdes.
1314 3953 1383 4027 At
1408 3954 1549 4027 nihil,
1587 3953 1805 4027 esthie,

210 4040 315 4082 cur
374 4040 478 4080 non
529 4024 819 4094 ipsummct
872 4027 1088 4081 Petrum
1147 4026 1249 4079 hoc
1293 4025 1468 4096 elegio
1506 4025 1573 4081 ab
1602 4024 1808 4079 Hilario

212 4096 649 4152 commendatmn
682 4097 1026 4152 arbitremur.
1073 4096 1280 4151 Erasmi
1331 4110 1570 4151 errorem
1602 4095 1806 4151 Bellar-

171 4205 174 4208 ~
214 4168 398 4223 minus
419 4167 552 4221 vidit
580 4183 643 4223 ac
669 4168 811 4237 justc
842 4168 1207 4235 reprehendit.
1241 4167 1422 4237 inique
1462 4177 1639 4221 autem
1674 4181 1805 4237 out-

212 4242 342 4293 ninn
372 4253 436 4293 ae
463 4240 599 4297 mala
633 4235 736 4294 lide
767 4239 904 4294 tueri
930 4248 1156 4293 enitatur
1183 4235 1475 4302 Scultelus,
1512 4252 1631 4305 pag.
1661 4235 1768 4290 405
1787 4277 1803 4299 ,

212 4326 377 4379 quem
408 4324 528 4365 cum
557 4325 701 4365 verse
733 4309 927 4364 Ililarii'
956 4308 1240 4364 sententiae
1267 4309 1317 4362 id
1361 4310 1683 4362 convincere
1712 4306 1806 4379 de-

212 4375 446 4440 buisset.
490 4381 629 4450 quod
681 4381 751 4436 ab
802 4382 918 4451 ipso
964 4396 1173 4434 rursum
1207 4380 1259 4433 in
1313 4394 1394 4449 ps.
1446 4392 1627 4451 cvitxt.
1659 4393 1713 4431 n.
1744 4375 1801 4451 gl,

213 4452 388 4507 audiit
424 4447 657 4515 Petrum,
697 4453 779 4506 cui
824 4447 1057 4516 superius
1083 4451 1249 4505 claves
1278 4447 1422 4519 regni
1447 4447 1691 4503 caelorum
1718 4448 1808 4519 de-

213 4525 383 4590 derat,
413 4540 570 4586 super
609 4539 755 4592 quem
784 4522 1066 4576 Ecclesiam
1094 4517 1441 4592 tediﬁcatujus
1470 4529 1672 4592 erat....
1706 4517 1807 4592 Pe-

214 4584 630 4664 trunt'primum'
671 4593 766 4664 ﬁlii
798 4593 892 4648 Dei
932 4584 1293 4660 confessorem,
1325 4590 1590 4664 Ecclesite
1616 4591 1807 4664 funda:-
1828 4584 1885 4646 D

216 4660 469 4732 mentum,
530 4660 746 4719 caelestis
795 4666 939 4733 regni
978 4665 1297 4735 janitorent;
1352 4678 1417 4716 ex
1449 4662 1551 4715 huc
1581 4661 1700 4715 loco
1749 4660 1801 4715 id

218 4745 425 4792 tantum
472 4747 756 4800 memorat,
789 4752 892 4803 quo
924 4736 1118 4805 primus
1162 4735 1285 4803 ﬁdei
1311 4736 1572 4803 confessor
1600 4745 1805 4805 nuneu-

177 4802 392 4877 'patur,
452 4822 516 4861 ac
560 4815 754 4860 t'mtera
808 4801 1171 4860 dissimulans
1210 4801 1803 4877 pravam__sententiam

214 4872 502 4949 praefracte
531 4885 727 4949 tur-tur.
757 4876 976 4931 Frustra
1008 4887 1186 4930 autem
1211 4872 1509 4949 contendit
1556 4872 1802 4949 ιιιῃιίδδὶτ

212 4943 355 5005 inani
408 4948 847 5003 eontradictionis
886 4950 1148 5002 maculam
1194 4945 1549 5001 celeberrimo
1596 4943 1804 4998 doctori

213 5020 672 5090 adspergeudam,
718 5019 763 5073 si
795 5018 1010 5073 Petrum
1046 5018 1288 5090 Ecclesia:
1320 5013 1808 5090 fundamentumab

211 5108 279 5147 eo
320 5084 626 5160 nuncupari
671 5090 986 5153 dixerimus,
1018 5103 1139 5143 eum
1166 5088 1258 5160 lib.
1309 5084 1362 5160 vt
1391 5086 1459 5140 de
1488 5084 1662 5151 Trin.,
1716 5087 1800 5138 in-

210 5164 352 5232 quit,
411 5157 600 5217 eadem
647 5161 823 5214 verha-
855 5161 921 5214 ad
952 5160 1097 5232 Petri
1122 5157 1524 5232 confessionem
1577 5159 1795 5211 rel'crat.

211 5228 398 5289 Primo
443 5232 585 5287 enim
641 5245 836 5286 vamim
883 5240 968 5285 est
1007 5230 1135 5284 illud
1165 5230 1229 5293 si,
1263 5228 1351 5283 ubi
1380 5238 1615 5282 mentem
1646 5240 1798 5280 suam

210 5305 416 5376 apertis
446 5302 628 5376 verbis
658 5302 974 5376 declaravit.
1007 5300 1208 5376 Deinde
1228 5313 1372 5376 “quae
1420 5296 1803 5376 contradictio-

211 5368 297 5433 nis
325 5374 555 5440 macula,
586 5373 632 5427 si
663 5373 921 5443 elogium,
950 5370 1093 5441 quod
1121 5373 1195 5443 ob
1221 5368 1381 5443 ﬁdem
1400 5380 1478 5443 ‘et
1510 5368 1804 5443 confessio-

212 5462 338 5503 nem
371 5437 549 5501 snam'
578 5437 779 5498 meruii
822 5437 1033 5507 Petrus,
1077 5442 1238 5496 modo
1284 5441 1352 5496 ad
1398 5440 1594 5509 ipsum,
1641 5437 1804 5492 modo

213 5518 281 5574 ad
341 5515 499 5571 fidem
552 5513 694 5570 illius
739 5514 1024 5569 referatur.
1065 5511 1232 5567 Paulo
1259 5513 1418 5567 etiam
1444 5509 1805 5565 conﬁdentius

216 5587 416 5644 assserit
441 5586 721 5642 Scultelus
746 5584 1005 5639 Hilarium
1041 5584 1124 5638 his
1149 5584 1328 5637 verbis
1353 5599 1367 5637 :
1397 5580 1464 5634 Et
1494 5597 1646 5649 super
1673 5578 1807 5633 hanc

217 5670 442 5729 petram,
493 5664 623 5724 etc.,
677 5666 832 5727 petra:
883 5656 1101 5729 nomine
1151 5651 1424 5729 Christum
1487 5661 1806 5729 constanter

221 5720 557 5787 intellexisse
587 5720 749 5784 {cum
788 5743 857 5782 ne
894 5727 979 5782 vel
1025 5727 1190 5781 seruet
1222 5738 1346 5780 eum
1390 5723 1551 5778 verba
1599 5723 1686 5777 illa
1733 5720 1809 5777 ita

222 5803 635 5871 interpretatum
687 5813 811 5855 esse
860 5798 1129 5856 ostendat.
1181 5794 1315 5851 Nam
1369 5793 1511 5863 quod
1558 5791 1716 5849 aﬁert
1742 5807 1810 5847 ex

1921 3330 2024 3371 nus
2062 3321 2167 3380 est,
2217 3310 2493 3369 Christum
2523 3310 2597 3387 (ε)
2651 3313 2704 3369 in
2751 3311 2954 3383 Spiritu
3002 3312 3168 3368 Deum
3200 3328 3388 3380 nosse;
3436 3312 3511 3369 ita

1918 3456 2017 3511 lib.
2052 3472 2099 3512 vr
2146 3455 2214 3513 de
2256 3455 2407 3539 T_riu.
2440 3472 2495 3510 n.
2525 3454 2634 3512 52:
2669 3455 2845 3539 Super
2870 3455 3001 3509 hanc
3038 3456 3374 3582 confessionis
3418 3475 3509 3528 pe-

1918 3536 2049 3582 tram
2105 3525 2336 3581 Ecclesia
2374 3527 2589 3582 fundata
2624 3537 2719 3582 est.
2775 3527 2849 3580 Ibi
2896 3535 3102 3582 netram
3185 3538 3289 3582 etrt
3316 3528 3500 3582 fidem.

1917 3536 2049 3582 tram
2079 3525 2336 3598 ,Ecclesia
2372 3527 2589 3598 fundata
2624 3537 2719 3598 est,
2750 3525 2849 3580 'ibi
2896 3535 3102 3596 petram
3139 3525 3289 3582 Petri
3316 3525 3501 3596 fidem,

1916 3613 2024 3653 non
2054 3597 2350 3661 Christum,
2374 3597 2680 3667 nuncupari
2709 3598 2911 3652 clarum
2942 3606 3027 3653 est
3053 3611 3117 3652 ex
3152 3597 3307 3652 initio
3350 3615 3501 3654 num.

1916 3670 1986 3724 53
2014 3686 2026 3722 :
2061 3667 2187 3722 ch
2218 3668 2367 3737 ﬁdes,
2396 3667 2645 3723 Ecclesia:
2687 3668 3077 3739 fundamentum
3105 3677 3218 3722 est:
3248 3686 3337 3737 per
3371 3669 3508 3725 hanc

1916 3740 2072 3806 ﬁdem
2109 3740 2338 3809 inﬁrmes
2381 3739 2623 3793 adversus
2667 3756 2778 3793 eam
2823 3747 2940 3793 sunt
2983 3748 3145 3809 porta:
3171 3740 3457 3809 inferorum
3481 3757 3502 3795 :

1914 3809 2024 3883 htec
2072 3810 2200 3883 ﬁdes
2230 3811 2375 3883 regni
2402 3811 2645 3883 calorum
2668 3809 2819 3883 habet
2856 3810 3040 3877 claves,
3064 3817 3194 3883 etc.
3248 3810 3504 3883 flmmoin

1911 3880 2103 3936 eodem
2134 3880 2227 3935 illo
2259 3879 2394 3935 libro
2424 3896 2495 3943 vt,
2529 3881 2723 3935 Petrus
2755 3881 2826 3934 ob
2873 3895 3024 3934 suam
3057 3879 3215 3935 ﬁdem
3245 3881 3501 3937 Ecclesia‘.

1911 3952 2316 4006 fundamentum
2343 3966 2465 4005 esse
2480 3952 2842 4021 significatur.
2876 3949 3015 4018 Quid
3043 3951 3186 4005 enim
3218 3952 3362 4007 aliud
3393 3952 3498 4007 sibi

1909 4023 2024 4076 vult
2056 4022 2207 4087 illud,
2239 4038 2295 4077 n.
2328 4022 2397 4076 16
2424 4039 2436 4075 :
2471 4020 2599 4076 Post
2624 4024 2933 4076 sacramenti
2962 4025 3326 4091 confessionem
3375 4022 3500 4076 bea-

1909 4104 1997 4148 tus
2042 4093 2226 4148 Simon
2271 4093 2602 4161 a'diﬁcationi
2649 4094 2873 4147 ecclesia:
2914 4092 3201 4159 subjacens,
3246 4102 3293 4145 et
3337 4093 3502 4147 claves

1909 4165 2053 4234 regni
2102 4163 2313 4218 caelestis
2363 4162 2657 4230 accipiens?
2680 4161 3281 4234 Namque‘uadiﬁcationi
3313 4162 3501 4234 Eccle-

1910 4230 2005 4289 sia:
2033 4247 2137 4301 qua
2161 4234 2391 4299 ratione,
2423 4247 2627 4299 quaeso,
2658 4233 2760 4287 nisi
2804 4240 2860 4285 ut
2905 4230 3333 4295 fundamentum,
3365 4233 3496 4287 sub-

1908 4304 2086 4373 jacet?
2114 4304 2336 4358 Demum
2366 4304 2456 4372 qui
2489 4303 2676 4368 verba,
2712 4318 2766 4355 n.
2800 4302 2889 4373 55,
2912 4301 3260 4373 expenderit,
3306 4318 3499 4371 quam-

1911 4371 2034 4430 dam
2068 4376 2120 4429 in
2153 4371 2453 4443 apostolatu'
2483 4388 2546 4427 ac
2575 4371 2878 4443 sacerdotio
2907 4372 3051 4426 Petri
3082 4374 3495 4442 prmrogativam

1913 4446 1983 4502 ibi
2010 4442 2377 4500 commendari
2410 4460 2513 4499 non
2543 4442 2883 4498 inliciabitur.
2925 4443 3104 4509 Neque
3143 4443 3287 4497 aliud
3318 4452 3494 4508 sonat,

1911 4516 2054 4587 quod
2086 4517 2135 4570 in
2167 4516 2269 4570 hoc
2299 4516 2414 4581 ipso
2470 4515 2888 4587 commentario,
2914 4529 2964 4569 c.
3007 4511 3320 4587 φίλη.)ιῖΣΔ
3330 4513 3497 4587 toties

1913 4583 2173 4655 primatus
2199 4586 2369 4657 ipsius
2415 4586 2738 4657 celebratur.
2771 4585 2983 4657 Quibus
3005 4585 3056 4638 in
3098 4583 3231 4639 locis
3261 4583 3496 4657 llilarius

1912 4654 2080 4713 Leoni
2127 4654 2313 4726 aperte
2362 4657 2601 4725 prmlusit
2645 4656 2858 4710 docenti
2903 4656 3061 4725 epist.
3096 4669 3153 4719 v,
3191 4669 3240 4708 (ε.
3274 4654 3330 4719 2,
3362 4655 3496 4711 edit.

1911 4725 2212 4797 Qutisneh:
2246 4726 2498 4781 Dominus
2544 4727 2838 4798 apostolicae
2895 4726 3161 4796 dignitatis
3206 4725 3496 4798 beatissimo

1912 4798 2143 4872 apostolo
2193 4797 2349 4872 Petro
2397 4797 2700 4872 primatum,
2749 4798 2869 4865 ﬁdei
2896 4812 3018 4872 sua:
3065 4797 3495 4872 remuneratione,

1914 4866 2185 4935 cbnnnisit,
2217 4866 2554 4923 uniuersalem
2576 4868 2857 4922 Ecclesium
2890 4868 2942 4921 in
2973 4866 3291 4939 fundamenti
3335 4868 3500 4939 ipsius

1914 4942 2170 4996 soliditate
2214 4941 2545 4994 constituens.
2589 4939 2716 4994 Haec
2763 4939 2902 4993 dicta
2941 4937 3049 4993 sint
3094 4952 3162 4992 ex
3210 4937 3498 4995 oceaSione

1915 5012 2160 5075 Sculteti,
2191 5010 2344 5080 cujus
2371 5009 2515 5063 falsas
2545 5009 2914 5078 intelligentia:
2966 5009 3110 5063 ultro
3130 5009 3495 5080 pepercisse-

1905 5100 2046 5149 mus,
2078 5082 2178 5137 nisi
2209 5078 2492 5136 manifeste
2518 5082 2839 5136 accessisset
2865 5090 2917 5136 et
2948 5080 3087 5135 mala
3118 5078 3274 5135 ﬁdes.

1980 5152 2054 5225 (c)
2106 5153 2160 5208 ld
2203 5161 2313 5225 est:
2360 5150 2665 5225 divinitatis
2715 5168 2730 5205 :
2784 5165 2890 5225 qua
2958 5150 3310 5225 intelligentia
3366 5167 3494 5207 mox

1905 5220 2170 5279 scientiam
2194 5224 2248 5277 in
2274 5221 2476 5294 Spiritu
2515 5220 2815 5287 Christum,
2839 5220 2892 5278 id
2921 5233 3026 5288 est,
3056 5220 3341 5279 scientium
3368 5237 3491 5278 eum

1904 5309 2026 5351 esse
2055 5296 2105 5348 in
2135 5293 2326 5348 natura
2352 5293 2553 5347 divina.

1979 5364 2061 5439 (ά)
2090 5364 2462 5439 Michaelinus
2490 5363 2820 5439 codex,‘nou
2845 5364 2956 5439 gerit
2993 5363 3083 5418 tibi
3119 5362 3258 5417 istud
3298 5377 3318 5415 :
3357 5374 3492 5439 con-

1906 5430 2264 5491 sentientibus
2305 5436 2495 5505 graecis
2518 5448 2581 5489 ac
2612 5434 2794 5505 latinis
2839 5435 3129 5505 Scriptura:
3156 5430 3487 5505 exemplari-

1907 5507 2028 5561 bus.
2061 5506 2181 5561 Lib.
2233 5520 2287 5559 v1
2310 5499 2404 5559 'de
2448 5504 2598 5561 Trin.
2630 5521 2686 5560 n.
2727 5504 2818 5569 54,
2867 5499 3046 5575 legere
3070 5511 3175 5568 est,
3226 5499 3492 5571 Propitius

1906 5577 2018 5644 tibi,
2043 5576 2281 5641 Domine,
2309 5592 2411 5631 non
2438 5577 2530 5630 erit
2565 5578 2725 5631 istud.

1985 5641 2189 5720 (e)'Sex
2223 5660 2351 5703 mss.
2383 5647 2440 5700 in
2460 5648 2648 5718 spiritu
2678 5647 2767 5720 D_ei
2788 5659 2954 5720 nosse,
3004 5642 3180 5720 minus
3199 5641 3487 5720 concinne,

1911 5707 2006 5776 sed
2034 5707 2141 5774 non
2170 5719 2278 5774 alio
2307 5707 2504 5783 sensui
2532 5734 2652 5772 cum
2698 5716 2751 5768 in
2781 5712 2982 5782 Spiritu
3002 5710 3101 5766 Dei
3119 5724 3229 5764 esse
3269 5707 3496 5778 perinde

1914 5790 2118 5847 Hilario
2143 5791 2213 5847 sit
2236 5804 2299 5845 ac
2319 5790 2374 5844 in
2404 5788 2592 5843 deitate
2623 5785 2794 5840 Patris
2822 5798 2950 5837 esse.
