3974 6198
506 291 645 354 10ιὸ

1695 287 1941 348 SANCTI
1977 287 2232 345 HlLARll
2270 287 2574 346 EPISCOPI

3656 284 3783 341 lOlG

505 415 740 472 elevavit
778 433 792 470 :
835 415 914 488 (a)
954 422 1010 468 et
1048 411 1220 467 solum
1261 415 1619 476 contuentur,
1662 421 1821 478 quem
1861 405 2097 464 medium
2124 405 2178 466 A
2204 404 2309 461 ﬁde
2363 414 2631 475 tamquam
2689 403 2766 477 (ά)
2826 403 3052 460 Domino
3102 403 3326 459 absente
3378 401 3737 458 decesserint.

500 512 811 569 constitisse
851 508 991 562 inter
1016 505 1236 577 Moysen
1264 512 1317 559 et
1342 502 1510 558 Eliam
1539 498 1806 556 viderant.
1833 497 1910 554 Ad
1933 497 2095 553 futuri

501 607 646 663 enim
676 604 924 667 formam,
957 609 1117 669 atque
1143 598 1209 652 ad
1241 596 1366 652 lacti
1397 595 1558 651 ﬁdem
1585 637 1598 660 ,
1631 595 1843 666 Moyses
1868 602 1920 648 et
1951 592 2096 648 Elias

501 699 557 754 in
589 703 770 750 monte
792 693 1168 749 constiterant.
1198 689 1480 745 Silentium
1511 687 1654 742 enim
1694 700 1877 740 rerum
1917 694 2096 754 gesta-

477 805 619 846 -rum
657 802 790 858 quas
825 785 1076 840 viderant
1125 783 1388 852 imperat,
1427 781 1601 836 donec
1642 794 1762 834 cum
1810 793 1840 832 a
1869 777 2096 832 mortuis

498 887 808 951 resurgeret
834 875 886 948 (1
894 877 1022 941 bid.,
1043 874 1132 948 9);
1159 875 1285 948 (hoc
1311 872 1388 945 (b)
1405 872 1547 927 enim
1571 871 1691 927 ﬁdei
1708 871 1987 940 praemium
2010 883 2098 926 re-

499 971 816 1028 servabatur
837 1011 851 1035 ,
879 977 939 1022 ut
971 967 1142 1022 honor
1171 965 1486 1020 redderetur
1525 963 1592 1018 iis
1615 1004 1629 1029 ,
1659 962 1799 1032 apud
1822 976 1958 1032 quos
1987 977 2095 1016 non

498 1063 635 1118 levis
665 1061 777 1116 sola
812 1069 1210 1131 praeceptorum
1254 1056 1552 1112 auctoritas
1593 1052 1983 1124 reperiretur);
2014 1053 2096 1108 in-

495 1155 686 1210 ﬁrmos
710 1153 852 1209 enim
884 1150 957 1224 (c)
997 1159 1245 1206 senserat
1286 1148 1354 1202 ad
1386 1147 1534 1203 vocis
1570 1145 1809 1202 auditum
1841 1163 1852 1198 :
1887 1153 1945 1199 ut
1973 1161 2094 1199 cum

500 1255 685 1302 essent
713 1245 915 1313 Spiritu
945 1251 1132 1298 sancto
1157 1240 1374 1311 repleti,
1403 1249 1532 1294 tunc
1569 1247 1846 1310 gestorum
1876 1235 2094 1308 spirita-

498 1340 630 1394 lium
661 1347 826 1394 testes
857 1347 1056 1392 essent.

567 1432 624 1486 4.
670 1429 900 1488 Solliciti
945 1429 1106 1484 etiam
1149 1427 1217 1483 de
1255 1425 1592 1498 temporibus
1631 1423 1761 1478 Elia:
1813 1422 2097 1492 requirunt

502 1524 694 1596 (lbid.,
727 1521 840 1593 10).
881 1521 1086 1589 Quibus
1114 1519 1411 1589 respondet
1440 1517 1610 1572 Eliam
1637 1531 1759 1572 esse
1774 1523 2057 1569 venturum
2080 1554 2094 1580 ,

497 1627 554 1674 et
600 1617 889 1673 restituere
918 1617 1169 1671 universa
1203 1613 1392 1686 (Ibid,
1435 1611 1547 1684 ll),
1580 1611 1630 1665 id
1662 1621 1745 1665 est
1786 1609 2093 1679 reliquum,

495 1709 639 1780 quod
665 1707 1088 1778 deprehenderit
1106 1722 1170 1761 ex
1193 1705 1380 1772 lsrael,
1408 1707 1476 1759 ad
1503 1703 1863 1773 cognitionem
1890 1702 1984 1758 Dei
2010 1718 2096 1758 re-

496 1811 834 1858 vocaturum.
870 1800 975 1856 Sed
1019 1801 1073 1853 in
1103 1801 1304 1854 virtute
1333 1813 1396 1852 ac
1426 1797 1615 1867 spiritu
1645 1797 1776 1852 Elia:
1807 1795 1972 1869 754
1995 1796 2092 1852 Jo-
2123 1797 2171 1858 B

496 1891 730 1945 hannem
761 1891 977 1945 venisse
1021 1888 1332 1959 signiﬁcat,
1372 1887 1426 1941 in
1467 1902 1574 1958 quo
1611 1887 1688 1958 (in
1714 1886 1884 1958 quem)
1911 1889 2092 1958 gravia

495 1998 722 2054 quaeque
742 1993 906 2053 atque
931 1997 1123 2052 aspera
1145 1981 1520 2037 exercuissent
1548 1999 1561 2035 :
1587 1991 1643 2036 ut
1665 1981 1875 2036 Domini
1896 1981 2096 2038 adven-

495 2084 608 2130 tum
642 2077 1033 2145 praenuntians,
1068 2073 1374 2144 passionem
1405 2088 1622 2144 quoque
1653 2084 2012 2144 praecurreret
2041 2085 2095 2131 et

499 2167 708 2239 injuria:
743 2176 798 2223 et
827 2167 1128 2222 vexationis
1156 2168 1425 2236 exemplo.

566 2261 621 2316 5.
652 2261 720 2315 Et
744 2277 861 2316 cum
881 2261 1099 2315 venisset
1124 2260 1193 2313 ad
1216 2259 1440 2324 turbam,
1463 2260 1676 2313 accessit
1705 2260 1774 2313 ad
1801 2275 1915 2314 eum
1945 2259 2095 2314 homo

496 2354 708 2423 genibus
747 2354 1050 2424 provolutus
1074 2394 1089 2417 ,
1130 2353 1303 2408 dicens
1347 2371 1361 2407 :
1393 2349 1612 2406 Domine
1637 2393 1652 2417 ,
1702 2352 1940 2406 miserere
1986 2353 2094 2420 ﬁlio

495 2462 608 2500 meo
629 2442 818 2517 (lbid.,
850 2444 964 2516 M).
1001 2444 1240 2500 Reverso
1265 2443 1332 2498 ad
1362 2443 1546 2499 turbas
1581 2445 1807 2500 Domino
1831 2487 1845 2509 ,
1879 2461 1906 2498 a
1941 2455 2094 2516 patre

494 2537 724 2608 genibus
746 2537 1003 2592 advoluto
1031 2552 1163 2606 puer
1183 2535 1410 2592 oﬁ'ertur
1427 2536 1813 2600 daemoniacus,
1839 2536 2094 2606 frequen-

492 2641 577 2687 ter
601 2633 730 2686 etin
757 2647 950 2702 aquam
977 2630 1234 2686 decidens
1259 2639 1313 2686 et
1341 2631 1394 2684 in
1423 2631 1621 2701 ignem,
1646 2631 1732 2684 cui
1759 2631 2090 2686 curationem

494 2723 690 2778 all'erre
716 2723 970 2793 discipuli
997 2737 1106 2778 non
1131 2723 1424 2792 potuerint.
1450 2722 1758 2793 Objurgalis
1785 2721 1890 2789 his,
1913 2732 1966 2778 et
1995 2723 2094 2778 in-

495 2822 717 2883 crepato
749 2813 1020 2878 daemone,
1050 2828 1215 2868 sanus
1244 2826 1375 2883 puer
1405 2812 1576 2869 factus
1600 2824 1701 2868 est.

563 2905 617 2960 6.
647 2905 1012 2976 Apostolorum
1036 2904 1164 2974 ﬁdes
1194 2904 1415 2975 primum
1445 2906 1764 2976 imperfecta.
1793 2933 1860 2945 --
1889 2903 2093 2960 Credi-

491 2999 688 3054 derant
711 2997 928 3068 quidem
959 2996 1203 3068 Apostoli
1238 3015 1249 3048 :
1287 2995 1522 3050 nondum
1571 3007 1749 3052 tamen
1781 3007 1934 3052 erant
1966 3013 2092 3066 per-

493 3091 650 3148 fectae
673 3091 819 3146 ﬁdei.
849 3090 980 3145 Nam
1013 3089 1240 3144 Domino
1265 3090 1318 3144 in
1351 3098 1534 3144 monte
1561 3089 1896 3158 demorante,
1927 3100 1983 3146 et
2011 3091 2094 3162 ip-

2268 499 2322 551 7.
2361 495 2616 551 Diabolus
2645 497 2700 550 in
2738 497 3053 567 profundum
3080 496 3269 566 inferni
3295 511 3326 548 a
3361 493 3549 563 quibus
3585 492 3785 565 ejicien-

2186 591 2314 644 ‘dus.
2343 619 2416 628 —-
2453 589 2693 660 Denique
2721 588 3092 659 quaerentibus
3129 602 3161 640 a
3189 602 3248 642 se
3275 628 3290 652 ,
3321 601 3421 641 cur
3465 585 3785 639 daemonium

2197 683 2394 751 ejicere
2425 696 2530 735 non
2581 681 2924 750 potuissent,
2975 679 3294 748 respondit,
3328 678 3396 732 de
3438 676 3620 745 inepia
3670 675 3786 730 ﬁdei

2197 775 2446 830 ell'ectum
2475 787 2594 828 esse
2619 788 2684 828 ne
2713 783 2933 842 possent
2963 771 3153 844 (lbid.,
3189 771 3252 826 l8
3277 780 3324 826 et
3357 768 3448 840 19)
3474 787 3486 821 :
3516 783 3639 839 qua:
3668 768 3710 821 si
3737 768 3783 821 in

2196 867 2303 922 illis
2330 877 2600 936 tamquam
2640 880 2865 936 granum
2892 866 3097 934 sinapis
3124 872 3268 919 esset
3292 906 3307 929 ,
3339 863 3515 917 monti
3542 861 3669 916 huic
3692 903 3706 928 ,
3732 871 3786 916 ut

2197 974 2227 1014 a
2253 960 2368 1014 loco
2412 958 2466 1012 in
2507 957 2684 1012 locum
2719 956 3011 1022 transiret,
3041 971 3164 1011 cum
3210 954 3477 1011 efﬁciendi
3526 963 3786 1024 potestate

2197 1051 2576 1121 prmciperent.
2608 1050 2714 1106 Sed
2747 1051 2858 1120 jam
2885 1049 2950 1105 de
2980 1059 3165 1105 monte
3188 1048 3500 1104 decesserat
3525 1090 3539 1114 ,
3574 1057 3629 1103 et
3656 1047 3790 1103 inter

2199 1143 2388 1198 turbas
2415 1143 2531 1197 haec
2571 1142 2911 1212 loquebatur.
2947 1141 3132 1212 Itaque
3157 1152 3210 1196 et
3240 1157 3300 1197 se
3321 1156 3551 1210 granum
3593 1140 3786 1210 sinapis

2198 1237 2526 1307 nuncupavit
2553 1236 2794 1290 omnium
2828 1235 3134 1300 minimum,
3167 1244 3222 1289 et
3247 1234 3522 1288 diabolum
3554 1242 3786 1288 montem

2197 1329 2602 1402 cognominavit
2633 1346 2644 1381 :
2675 1327 2799 1398 quia
2837 1329 2889 1382 in
2935 1328 3029 1382 illo
3069 1327 3343 1398 spiritales
3370 1327 3631 1396 nequitiae
3673 1335 3788 1380 sunt

2198 1422 2554 1492 cwlestesque
2577 1422 2804 1476 virtutes
2826 1435 2923 1490 per
2955 1434 3051 1476 eos
3083 1420 3156 1492 (e)
3184 1419 3492 1489 ejiciendae,
3519 1429 3575 1474 et
3597 1417 3651 1472 in
3680 1418 3790 1472 alti-

2201 1513 2440 1569 tudinem
2472 1513 2634 1569 maris
2665 1521 2935 1583 tamquam
2974 1509 3027 1565 in
3070 1509 3394 1580 profundum
3439 1509 3635 1564 inferni
3663 1509 3790 1578 abji-

2199 1607 2405 1663 ciendae
2429 1648 2442 1674 ,
2475 1622 2610 1677 quos
2655 1607 2710 1661 in
2741 1605 2881 1661 hanc
2911 1605 3205 1661 efﬁcaciam
3227 1604 3492 1674 jejunium
3533 1612 3583 1658 et
3625 1603 3788 1659 oratio

2203 1714 2616 1772 prosequentur.

2275 1795 2324 1850 8.
2355 1794 2718 1864 Apostolorum
2748 1794 2954 1848 nomine
2987 1791 3242 1847 Phariswi
3269 1800 3314 1847 et
3347 1791 3550 1847 Scriba:
3577 1801 3790 1846 tractan-

2201 1895 2303 1940 tur.
2329 1914 2402 1925 --
2424 1885 2752 1943 Tenebimns
2796 1900 3009 1955 quoque
3049 1885 3210 1940 etiam
3252 1901 3374 1940 cum
3418 1885 3669 1940 ordinem
3699 1927 3712 1947 ,
3739 1895 3789 1940 ut

2197 1984 2300 2040 sub
2325 1984 2711 2054 discipulorum
2745 1983 3000 2050 nomine,
3045 1982 3446 2038 Pharisaeorum
3484 1991 3540 2038 et
3585 1982 3790 2037 Scriba-

2197 2092 2314 2132 rum
2348 2091 2578 2146 persona
2609 2083 2889 2132 tractetur.
2918 2075 3125 2144 Quibus
3167 2076 3254 2129 lex
3285 2074 3584 2130 curandum
3614 2085 3670 2129 ut
3689 2074 3788 2128 dis-

2197 2168 2392 2239 cipulis
2421 2168 2701 2238 populum,
2736 2179 3006 2238 tamquam
3041 2177 3192 2237 pater
3225 2167 3394 2221 ﬁlium
3423 2208 3438 2232 ,
3462 2182 3589 2222 cum
3619 2166 3790 2220 Domi-

2199 2276 2300 2317 nus
2327 2261 2580 2327 abesset,
2626 2260 2900 2316 obtulerit.
2950 2260 3053 2328 Qui
3089 2260 3322 2329 peccatis
3346 2259 3784 2320 dominantibus,

2200 2369 2341 2410 nunc
2369 2355 2420 2408 in
2451 2354 2626 2426 ignem
2655 2353 2842 2425 judicii
2867 2349 3168 2419 decidebat,
3187 2367 3329 2407 nunc
3361 2353 3412 2406 in
3435 2367 3627 2422 aquam
3651 2351 3786 2406 diur-

2200 2461 2387 2501 narum
2438 2445 2506 2519 (ί)
2545 2445 2784 2500 sordium
2833 2459 3051 2499 suarum
3101 2443 3491 2499 consuetudine
3523 2443 3785 2514 mergeba-

2200 2548 2304 2594 tur.
2357 2538 2421 2592 Ili
2466 2537 2627 2608 igitur
2678 2535 2814 2592 nihil
2871 2537 2990 2606 opis
3032 2537 3330 2592 attulerunt
3377 2555 3390 2589 :
3437 2537 3560 2606 quia
3611 2537 3785 2590 demo-

2197 2641 2350 2687 rante
2396 2631 2470 2702 (g)
2505 2631 2686 2701 Moyse
2715 2645 2838 2685 cum
2877 2630 3105 2686 Domino
3133 2631 3186 2685 in
3227 2639 3412 2685 monte
3437 2671 3452 2695 ,
3495 2629 3669 2685 elfecti
3714 2628 3784 2700 (Ii)

2199 2723 2411 2778 fuerant
2441 2722 2711 2777 inﬁdeles.
2740 2721 2808 2776 Et
2837 2730 2894 2776 ut
2921 2723 3096 2793 typica
3128 2721 3266 2776 ratio
3298 2721 3618 2791 impleretur
3642 2763 3657 2786 ,
3686 2720 3783 2774 dis-

2196 2816 2359 2886 cipuli
2398 2816 2660 2872 mirantur
2703 2831 2764 2870 se
2790 2814 2989 2884 ejicere
3017 2813 3320 2868 daemonem
3366 2827 3479 2866 non
3511 2813 3739 2882 potuisse
3768 2829 3779 2864 ε

2197 2907 2360 2980 755
2384 2923 2504 2961 cum
2531 2907 2710 2961 omnis
2749 2915 2988 2976 potestas
3025 2922 3131 2960 non
3171 2905 3348 2959 solum
3379 2904 3686 2960 daemonum
3712 2903 3784 2957 fu-

2195 3002 2492 3073 gandorum
2519 3042 2534 3066 ,
2565 3016 2751 3056 verum
2795 3001 2957 3055 etiam
3007 3008 3340 3054 mortuorum
3385 2999 3782 3054 excitandorum

2196 3103 2341 3149 esset
2367 3092 2589 3147 indulta.
2611 3091 2750 3160 Quia
2777 3107 2906 3147 vero
2933 3092 3068 3146 ultra
3097 3107 3219 3146 cum
3249 3091 3333 3146 his
3367 3092 3454 3146 lex
3481 3091 3659 3147 futura
3687 3107 3779 3146 non

492 3185 570 3239 sis
619 3199 742 3239 cum
786 3183 939 3238 turba
981 3183 1340 3238 residentibus
1366 3223 1381 3248 ,
1433 3181 1652 3252 quidam
1705 3195 1860 3254 tepor
1899 3199 2087 3239 eorum
2117 3183 2162 3246 C
2196 3196 2376 3253 esset,
2409 3187 2520 3241 ait:
2545 3186 2806 3258 generatio
2835 3185 3144 3242 incredibilis
3168 3195 3214 3240 et
3243 3202 3477 3258 perversa
3531 3186 3661 3260 (nou
3683 3187 3779 3241 uti-

494 3276 658 3332 ﬁdem
719 3276 1093 3340 relaxaverat;
1137 3285 1298 3346 atque
1361 3275 1564 3330 idcirco
1619 3277 1694 3330 ait
1739 3294 1750 3329 :
1819 3275 2087 3332 Generatio

493 3367 685 3440 (Ibid.,
709 3367 799 3439 l6)
834 3367 1150 3422 incredibilis
1196 3376 1243 3422 et
1272 3383 1508 3436 perversa
1531 3409 1545 3433 ,
1582 3384 1843 3440 quousque
1879 3386 1965 3424 ero
2003 3385 2092 3424 vo-

493 3461 688 3514 biscum
717 3461 736 3529 (
764 3459 826 3514 V.
861 3460 899 3514 l.
929 3475 983 3515 vr
1006 3460 1070 3513 de
1103 3459 1278 3525 Trin.,
1311 3477 1364 3514 η.
1411 3459 1544 3529 23)?
1572 3460 1716 3529 quia,
1741 3460 1964 3516 absente
2002 3476 2090 3526 se,

491 3551 729 3621 antiquae
770 3550 1104 3605 infidelitatis
1142 3550 1482 3605 consuetudo
1511 3550 1879 3620 subrepserat.
1922 3552 2090 3608 Docet

493 3642 693 3713 igitur,
735 3657 831 3698 eos
873 3642 1004 3697 nihil
1052 3643 1241 3699 salutis
1283 3641 1478 3698 afferre
1527 3657 1721 3714 posse,
1771 3645 1860 3714 qui
1911 3645 2090 3700 medio

491 3735 912 3805 Evangeliorum
962 3744 1018 3791 et
1059 3735 1241 3790 iterati
1289 3735 1554 3791 adventus
1596 3737 1676 3791 sui
1723 3739 2008 3807 tempoile,
2057 3754 2087 3791 a

560 3848 635 3918 (a)
658 3847 733 3902 lta
759 3848 996 3902 melioris
1028 3856 1168 3904 nota:
1195 3861 1324 3903 mss.
1360 3848 1462 3902 Alii
1502 3863 1626 3904 cum
1655 3851 1893 3916 excusis,
1926 3861 1980 3905 ut
2002 3867 2084 3907 so-

488 3919 595 3972 lum
619 3927 997 3970 contuerentur.

558 3988 631 4061 (b)
655 3988 920 4062 ParticAuIa
948 3989 1203 4062 enim__aut
1230 3987 1461 4062 refertur
1507 3988 1575 4041 ad
1619 3988 1880 4062 silentium
1921 3991 2082 4062 impe-

483 4058 610 4115 rat:
635 4058 776 4129 quod
817 4058 1030 4129 factum,
1058 4058 1200 4112 dicat
1248 4058 1501 4122 llilarius,
1541 4070 1598 4112 ut
1628 4058 1750 4114 ﬁdei
1800 4063 1950 4115 locus
1988 4058 2082 4116 da-

483 4142 656 4202 retur,
691 4138 744 4184 et
774 4129 947 4198 major
985 4128 1154 4199 gloria
1187 4129 1506 4202 redderetur
1533 4130 1619 4195 iis,
1661 4131 1801 4200 apud
1833 4147 1968 4202 quos
1994 4148 2081 4186 sa-

486 4201 554 4256 tis
584 4202 760 4273 gravis
797 4216 895 4270 per
939 4215 1000 4255 se
1052 4201 1382 4273 reperiretur
1423 4211 1810 4273 praeceptorum
1846 4201 2080 4259 auctori-

483 4269 698 4337 tasfut,
731 4269 978 4340 exemplo
1007 4269 1497 4343 transﬁgurationis
1529 4273 1747 4328 minime
1780 4276 2076 4343 proposito,

484 4343 552 4397 ad
578 4343 906 4398 credendum
951 4341 1334 4396 inducerentur
1360 4364 1380 4410 ;⁴
1414 4351 1506 4396 aut
1544 4344 1762 4412 respicit
1783 4341 1956 4398 verba
1987 4341 2080 4399 do;

481 4429 574 4467 nec
593 4430 707 4468 cum
753 4431 785 4468 a
811 4415 1023 4467 mortuis
1050 4423 1370 4484 resurgeret:
1400 4422 1455 4466 ut
1485 4413 1740 4481 deinceps
1787 4430 1965 4469 sermo
2007 4418 2079 4471 sit

482 4484 552 4539 de
581 4485 860 4555 apostolis,
891 4485 1094 4550 majore
1129 4484 1432 4555 reverentia
1465 4493 1574 4538 tum
1617 4485 1918 4550 audiendis,
1953 4502 2074 4541 cum

481 4553 630 4623 apud
654 4570 749 4610 eos
773 4565 1164 4624 praeceptorum
1193 4553 1486 4610 auctoritas
1514 4570 1620 4608 non
1655 4557 1791 4610 nuda
1819 4598 1833 4622 ,
1866 4557 1962 4611 sed
1993 4573 2077 4614 re-

480 4626 834 4680 surrectionis
857 4625 1104 4695 exemplo
1134 4625 1451 4680 conﬁrmata
1481 4627 1832 4696 reperiretur.

555 4715 629 4785 (ε)
685 4716 842 4781 Bad.,
892 4716 1010 4782 Er.,
1068 4715 1216 4785 Lips.
1268 4730 1330 4770 ac
1375 4715 1557 4786 plures
1605 4732 1734 4772 mss.
1784 4731 2072 4774 sanaverat.

478 4786 701 4842 Rectius
729 4789 967 4856 potiores
996 4802 1116 4842 cum
1150 4787 1269 4841 Par.
1306 4797 1531 4860 senserat
1556 4829 1570 4850 ,
1593 4790 1707 4860 hoc
1736 4801 1849 4852 est,
1883 4807 2076 4860 exper-

479 4867 566 4912 tus
595 4868 734 4913 erat.
780 4860 1047 4927 Scriptum
1076 4861 1272 4927 quippe
1296 4867 1378 4911 est
1418 4858 1452 4927 Ῡ
1475 4861 1507 4912 6
1543 4874 1554 4910 :
1585 4857 1652 4912 Et
1679 4861 1940 4914 audientes
1956 4857 2076 4916 ’Διε-

475 4929 638 4998 cipuli
677 4930 965 4983 ceciderunt
1012 4929 1064 4982 in
1095 4930 1464 4998 faciemsuam,
1507 4939 1555 4983 et
1598 4931 1877 4985 timuerunt
1906 4934 2067 4986 valde.

475 4997 600 5053 ldeo
627 4999 898 5071 silentium
931 4997 1246 5070 imperatur,
1280 5001 1457 5055 donec
1503 5001 1734 5071 Spiritus
1763 5006 1936 5058 sancti
1968 5007 2072 5060 vir-

476 5078 592 5124 tute
623 5069 872 5125 fortiores
898 5073 1147 5125 evadant.

548 5159 810 5235 (dj_Apud
843 5160 966 5235 Par,
998 5160 1266 5235 aDoniino
1295 5179 1313 5215 :
1337 5163 1494 5227 male,
1541 5177 1663 5218 cum
1696 5164 1809 5235 lucc
1852 5166 2074 5235 perinde

477 5230 825 5306 intelligenda
853 5231 980 5306 sint,
1011 5247 1085 5306 ac
1105 5232 1147 5286 si
1178 5233 1407 5304 legeres,
1438 5247 1695 5306 tamquam
1722 5230 1946 5290 Domino
1983 5240 2072 5292 ab-

474 5312 632 5368 sente,
657 5320 688 5355 a
711 5302 815 5372 ﬁde
835 5303 1161 5356 decesserint.

548 5394 620 5464 (ε)
671 5396 728 5449 ln
777 5395 1058 5473 vulgatis,_
1095 5396 1390 5473 ejiciendas,
1449 5407 1504 5454 et
1551 5415 1678 5454 mox
1726 5401 2062 5473 objiciendus,

473 5480 646 5543 eaque
669 5467 1004 5543 superiorum
1046 5467 1409 5543 interpunctio
1437 5478 1574 5543 erat,
1605 5486 1708 5542 qua
1737 5467 2067 5543 signiﬁcare-1

475 5549 563 5588 tur
586 5536 878 5603 diabolum,
911 5537 1033 5606 quia
1064 5539 1115 5591 in
1149 5538 1242 5614 illo
1280 5536 1839 5614 spiritales'nequitﬁe
1868 5544 2067 5601 existe-

473 5617 617 5677 rent,
651 5617 886 5661 montem
941 5609 1312 5677 cognominari
1358 5628 1370 5664 :
1415 5627 1535 5666 cum
1571 5609 1733 5668 verba
1775 5615 1828 5668 in
1873 5615 1965 5670 illo
1993 5620 2060 5673 ad

475 5671 748 5756 Christum
779 5671 1105 5756 referantur,
1139 5681 1191 5736 in
1219 5681 1370 5756 cujus
1391 5683 1596 5756 _virtute
1621 5683 1896 5752 ejiciendis:
1935 5671 2062 5745 sunt

476 5748 732 5813 nequitia:
760 5748 1053 5817 spiritales,
1081 5761 1186 5809 etc.
1219 5748 1472 5810 Diabolus
1501 5748 1677 5813 autem
1709 5757 1831 5828 ideo
1877 5772 2056 5832 mons,

2191 3295 2296 3350 que
2321 3278 2388 3332 ad
2431 3293 2526 3334 eos
2555 3293 2691 3348 quos
2719 3277 3153 3334 sanctiﬁcaverat
3173 3319 3186 3342 ,
3215 3277 3431 3333 videtur
3456 3278 3576 3334 hare
3598 3279 3777 3349 loqui),

2190 3389 2288 3442 quo
2328 3388 2505 3443 usque,
2534 3372 2727 3442 inquit,
2758 3388 2841 3426 ero
2873 3371 3168 3426 vobiscum?
3210 3372 3345 3440 Quia
3379 3371 3542 3427 ﬁdem
3567 3389 3672 3428 non
3701 3378 3779 3426 lia-

2193 3461 2404 3528 bentes,
2440 3462 2609 3532 ipsam
2637 3461 2806 3528 illam,
2834 3479 2994 3533 quam
3019 3462 3289 3518 habebant
3311 3507 3324 3530 ,
3349 3465 3604 3520 amissuri
3636 3472 3773 3520 erant

2193 3555 2389 3626 legem.
2414 3555 2585 3624 Quam
2611 3555 2769 3611 ﬁdem
2797 3556 2843 3610 si
2876 3556 2927 3610 in
2958 3570 3017 3611 se
3049 3556 3385 3621 habuissent,
3418 3559 3548 3628 quia
3576 3559 3688 3630 ipse
3705 3574 3778 3614 εει

2191 3663 2417 3718 granum
2447 3649 2676 3718 sinapis,
2709 3650 2858 3705 verbi
2891 3649 3094 3705 virtute
3123 3649 3223 3704 hoc
3251 3659 3599 3720 peccatorum
3630 3664 3773 3716 onus,

2193 3748 2248 3794 et
2275 3755 2493 3811 gravem
2535 3740 2868 3796 inﬁdelitatis
2896 3741 3114 3808 molem,
3145 3741 3212 3796 ab
3241 3756 3306 3797 eo
3333 3743 3424 3813 qui
3465 3742 3776 3799 offerebatur

2191 3856 2315 3924 quia
2343 3873 2397 3910 se
2425 3866 2604 3910 contra
2631 3855 2796 3911 Deum
2826 3858 3057 3912 exultans
3085 3869 3237 3928 atque
3255 3858 3494 3925 e/ferens.
3526 3861 3602 3916 uti
3629 3876 3771 3916 enar-

2193 3938 2344 3980 ratur
2374 3929 2424 3980 in
2457 3929 2594 3994 psal.
2629 3943 2782 3993 LXIV,
2817 3945 2871 3982 n.
2905 3929 2960 3984 9.

2268 3997 2334 4065 (f)
2366 3997 2530 4064 Editi,
2559 4000 2899 4054 diutinarum.
2935 4001 3003 4055 At
3029 4015 3162 4056 mss.
3193 4001 3500 4056 diurnorum
3521 4019 3542 4056 :
3565 4004 3702 4072 quod
3731 4011 3773 4058 et

2190 4081 2310 4148 cum
2341 4082 2495 4148 aqua:
2536 4072 2937 4148 comparatione
2969 4072 3179 4148 videtur
3225 4073 3393 4148 magis
3438 4089 3766 4148 congruere;

2189 4140 2312 4214 quia
2344 4140 2482 4193 sicut
2509 4153 2661 4214 aquae
2687 4143 2859 4214 aquis,
2898 4144 2967 4196 ita
2995 4142 3203 4196 diurnas
3231 4142 3421 4198 sordes
3446 4140 3666 4214 semper
3683 4146 3771 4200 sibi

2190 4208 2418 4264 invicem
2446 4208 2765 4266 succedunt.
2801 4213 3026 4287 Diuruas
3047 4221 3226 4287 autem
3252 4215 3442 4270 sordes
3480 4208 3770 4287 intelligere

2189 4293 2498 4353 possumus,
2525 4297 2657 4351 quas
2683 4298 2748 4338 ex
2781 4285 2962 4338 saeculi
2993 4295 3048 4338 et
3079 4285 3258 4339 carnis
3288 4287 3547 4353 operibus
3572 4285 3769 4342 contra-

2187 4351 2385 4404 himus.
2417 4353 2488 4405 Ea
2525 4355 2639 4421 ipsa
2675 4370 2837 4422 opera
2883 4357 3042 4409 aliam
3089 4357 3159 4409 ob
3203 4351 3422 4410 causam
3473 4357 3770 4412 ﬂuminibus

2185 4432 2566 4490 comparantur
2596 4425 2646 4476 in
2677 4424 2765 4478 Ps.
2796 4440 3016 4488 cxxxvr,
3059 4443 3112 4480 n.
3146 4427 3201 4488 6,
3233 4427 3356 4492 quia
3401 4430 3567 4484 videl.
3611 4431 3769 4482 omnia

2185 4493 2361 4546 swculi
2391 4503 2439 4548 et
2457 4511 2732 4571 corporum
2759 4512 2936 4571 opera_,
2968 4498 3119 4552 modo
3145 4499 3441 4568 ﬂuminum,
3469 4505 3582 4555 sine
3609 4502 3769 4571 aliqua

2102 4569 2157 4633 D
2183 4566 2467 4638 cursus_sui
2489 4566 2705 4620 statione
2729 4569 3078 4638 super/luunt.

2260 4633 2336 4709 (g)
2366 4634 2634 4709 Par._cum
2663 4633 2897 4707 quatuor
2936 4640 3117 4709 probae
3147 4647 3285 4695 nota:
3321 4655 3452 4696 mss.
3485 4643 3767 4698 demorante

2185 4705 2443 4758 modicum
2470 4705 2730 4787 Domino:
2760 4709 2916 4787 bene,
2938 4705 3051 4763 'nisi
3084 4720 3225 4787 totus
3264 4711 3350 4787 hic
3399 4713 3554 4787 locus
3604 4717 3765 4787 typice

2185 4787 2544 4856 exponeretur
2563 4778 2641 4856 _de
2669 4779 2872 4856 Scribis
2896 4781 3177 4856 ac_popt_il_o
3209 4782 3363 4852 legis.
3391 4778 3765 4856 Quocirca-ref

2183 4849 2434 4922 r_ior__vis_a
2461 4859 2543 4922 est
2563 4849 2724 4922 lectio
2756 4849 2911 4914 Bad.,
2949 4852 3062 4918 Er.,
3088 4852 3236 4919 Lips.
3259 4849 3313 4908 et
3335 4849 3435 4909 sei
3462 4871 3596 4910 mss.
3621 4855 3762 4922 Quod

2181 4916 2249 4970 de
2279 4916 2558 4997 discipulis
2587 4921 2794 4997 dictum
2829 4930 2914 4976 est
2961 4938 3016 4997 ηε
3049 4916 3406 4997 bfantiqure
3439 4916 3762 4982 inﬁdelitatis

2180 4989 2622 5064 consuetudinem
2643 4995 2722 5045 eis
2746 4991 2968 5064 absente
2993 4994 3220 5048 Domino
3245 4989 3606 5064 subrepsisse.
3634 5011 3763 5052 nunc

2179 5057 2409 5138 refertur
2448 5061 2526 5138 ad
2555 5076 2684 5138 eos,
2740 5077 2877 5138 quos
2919 5063 3100 5138 Moyse
3145 5065 3198 5119 in
3242 5057 3423 5121 monte
3453 5057 3761 5124 demorante

2178 5128 2424 5208 inﬁdeles
2455 5131 2620 5208 fuisse
2663 5128 2888 5208 legi—mus
2919 5128 3083 5208 Exodi
3117 5151 3284 5199 xxxii,
3314 5140 3363 5201 t,
3407 5137 3650 5208 adeoque
3680 5154 3760 5192 su-

2177 5201 2358 5268 perius
2387 5202 3156 5281 Scribarumet_Pltarisworunt
3189 5209 3404 5281 nomine
3430 5201 3756 5281 intelligendi

2175 5281 2310 5352 stunt.
2329 5282 2568 5352 rectores
2591 5275 2797 5341 populi,
2827 5276 2894 5330 ad
2925 5291 3060 5346 quos
3089 5275 3391 5347 pertinebat
3422 5275 3680 5352 populum
3708 5282 3756 5336 in

2169 5340 2350 5396 ofﬁcio
2374 5340 2676 5399 continere.
2786 5340 2789 5341 ⁷
2941 5340 2958 5346 “
3038 5359 3040 5361 ’

2179 5482 2191 5493 ⁸
2243 5411 2572 5497 (li)_Excusi,
2597 5413 2768 5497 effecti
2813 5421 3017 5489 fuerunt
3043 5421 3395 5497 inﬁdeles_:_rut
3420 5427 3594 5497 typica
3635 5427 3755 5478 ratio

2171 5483 2436 5564 impletur.
2467 5485 2720 5564 Discipuli
2749 5483 2977 5564 :contra
3005 5483 3242 5564 mentem
3281 5483 3490 5558 Hilarii,
3534 5499 3623 5564 qui
3656 5511 3750 5550 non

2170 5557 2282 5635 vult
2310 5556 2583 5635 apostolos
2621 5557 2793 5635 fuisse
2829 5561 3100 5635 inﬁdeles,
3145 5571 3204 5616 ut
3243 5556 3753 5635 mystica-rationu-

2169 5625 2428 5693 pleretur,
2449 5626 2555 5708 sed
2585 5629 2654 5684 ob
2685 5633 2961 5703 mysticam
2990 5625 3267 5708 rationem
3297 5625 3608 5708 nequivisse
3651 5637 3752 5690 dse—

2162 5710 2380 5822 ἶὲἓῶἒτη
2410 5703 2633 5769 ejicere,
2665 5717 2784 5758 Clllll
2815 5708 2961 5772 prius
2987 5703 3108 5759 data
3135 5705 3216 5760 eis
3244 5703 3436 5764 fuisset
3465 5709 3642 5767 omnis
3662 5723 3749 5780 po-

2185 5777 2349 5825 εὸῑᾶδ.
