3974 6198
136 248 285 306 1017

989 247 1529 307 COMMENTARIUS
1567 249 1631 305 IN
1671 248 2108 307 MATTIIIEUM.
2149 242 2304 307 CAP.
2340 249 2531 307 XVIII.

3297 256 3437 315 1018

133 363 342 437 populo
363 363 666 436 ejicientes,
692 373 965 435 tamquam
993 363 1048 418 in
1078 378 1228 419 mare
1252 371 1491 419 montem
1514 405 1529 429 ,
1552 363 1631 419 sic
1669 362 1734 418 ad
1763 350 1821 426 Al
1840 378 1899 420 se
1924 379 1987 421 ac
2017 364 2249 420 Domino
2298 364 2516 422 oti‘erre.
2546 349 2871 423 Didra'chma
2902 368 3162 427 Dominus
3193 372 3434 442 postula-

132 458 606 515 conversationem
637 455 715 531 (a)
753 457 992 529 gentium
1021 466 1077 513 et
1104 457 1286 513 saeculi
1309 457 1731 513 transtulissent.

207 551 265 608 9.
299 550 442 622 Ipsis
472 559 647 606 autem
674 547 1086 605 conversantibus
1114 550 1167 604 in
1195 548 1417 605 Galilcea
1438 590 1454 618 ,
1488 549 1618 604 dixit
1645 546 1736 603 Je—

131 661 224 701 sus
253 661 272 700 :
300 643 563 698 Futurum
588 653 664 697 est
692 657 747 696 ut
775 643 915 713 [ilius
956 642 1175 697 hominis
1197 642 1435 697 tradatur
1470 644 1525 697 in
1555 658 1736 696 manus

116 736 406 791 hominum
434 734 622 808 (Ibid,
654 734 771 805 2i).
800 734 1055 815 Sequitur
1084 734 1340 791 maestitia
1372 734 1735 805 cognitionem

130 830 408 900 passionis
436 846 449 882 :
480 827 716 883 nondum
739 827 886 884 enim
911 837 1309 884 sacramentum
1342 826 1593 883 ineundae
1615 842 1738 882 cru-

130 926 237 992 cis,
273 923 690 980 resurrectionis
718 922 923 978 virtute
944 922 1127 985 luerat
1152 922 1475 978 revelatum.

209 1018 300 1075 10.
335 1016 638 1071 Didracltmi
663 1016 852 1071 solutio
878 1015 987 1088 lege
1011 1015 1213 1070 sancito
1241 1014 1367 1085 quid
1388 1013 1737 1087 significet-n-

130 1110 207 1166 Et
231 1126 352 1165 cum
379 1111 589 1164 uenisset
615 1106 768 1163 Iesus
791 1105 1182 1179 Capharnaum,
1210 1113 1525 1162 accesserunt
1550 1106 1641 1175 qui
1661 1102 1736 1177 (b)

131 1203 443 1257 didrachma
468 1200 737 1275 exigebant
767 1200 834 1254 ad
867 1199 1082 1269 Petrum
1120 1198 1311 1272 (lbid.,
1330 1197 1448 1269 23).
1480 1197 1739 1254 Dominus

128 1294 452 1350 didrachma
473 1295 685 1349 solvere
714 1292 1016 1362 postulatur
1051 1311 1064 1345 :
1097 1292 1199 1347 hoc
1228 1291 1372 1347 enim
1400 1291 1550 1346 onnti
1576 1288 1737 1345 Israel

133 1388 232 1443 lex
261 1401 362 1457 pro
390 1386 766 1456 redemptione
796 1386 990 1441 animae
1011 1394 1066 1440 et
1103 1386 1349 1456 corporis
1389 1383 1741 1439 constituerat

134 1481 192 1536 in
215 1480 520 1536 ministerio
542 1478 627 1552 (ο)
651 1478 836 1549 templi
857 1477 1203 1533 servientium
1231 1474 1426 1547 (Exod.
1454 1491 1590 1543 xxx,
1623 1475 1736 1545 I2).

130 1573 249 1630 Sed
278 1572 390 1641 lex,
421 1585 480 1627 ut
510 1574 734 1639 scimus,
766 1570 1067 1627 futurorum
1098 1570 1289 1627 umbra
1318 1578 1418 1625 est.
1450 1569 1566 1624 Non
1593 1568 1739 1623 enim

127 1667 264 1725 aris
285 1667 535 1737 praetium
569 1665 709 1720 Deus
730 1663 1073 1720 desiderabat
1105 1680 1119 1718 :
1144 1672 1204 1718 ut
1236 1679 1330 1733 per
1354 1672 1460 1717 tam
1490 1661 1741 1731 exiguam

1840 466 1948 525 tur,
1975 456 2030 533 id
2050 466 2155 527 est,
2203 457 2455 514 denarios
2508 458 2678 528 duos;
2721 473 2819 515 cur
2872 470 3128 518 staterem
3183 463 3435 536 (quatuor

1837 548 2089 606 denarios
2147 552 2641 623 complectentem)
2695 553 2889 609 Petrus
2956 554 3157 612 otl'ert?
3231 558 3436 617 Deinde

1838 658 1958 698 cum
1989 645 2222 714 primum
2268 645 2471 716 piscem
2523 644 2840 701 admonetur
2887 643 3193 717 inquirere,
3238 664 3433 706 ascen-

1839 737 1949 793 suri
1975 737 2332 794 ostenduntur
2360 746 2415 794 et
2463 737 2668 809 plures.
2715 736 2983 809 Numquid
3027 739 3191 794 etiam
3240 748 3431 797 natura

1839 828 2063 899 piscium
2090 827 2279 897 ferret,
2308 839 2368 884 ut
2396 830 2449 884 in
2485 828 2668 886 littore
2695 827 2917 886 fortuito
2958 842 3230 903 repertum
3260 842 3433 891 state-

1840 939 1955 979 rem
1996 938 2092 979 ore
2119 924 2299 995 potius
2328 923 2655 992 contineret,
2686 939 2794 980 non
2823 923 2964 979 intra
2990 924 3199 981 viscera
3227 906 3428 983 conde-

1841 1017 1963 1073 ret?
2009 1017 2205 1074 Subest
2246 1017 2406 1089 igitur
2432 1016 2734 1074 efﬁciendis
2775 1018 3130 1088 praesentibus
3156 1018 3316 1075 rebus
3346 1035 3434 1076 ra-

1844 1111 1916 1166 tio
1948 1113 2190 1168 interior.

1882 1272 1883 1275 η
1913 1205 2002 1261 15.
2046 1203 2351 1260 Destinatus
2389 1204 2535 1261 enim
2570 1204 2635 1259 ad
2666 1202 3100 1275 [medicationem
3130 1204 3345 1274 Petrus,
3377 1215 3435 1261 et

1841 1298 2078 1368 piscator
2118 1297 2396 1353 hominum
2430 1296 2622 1365 iactus,
2666 1297 2928 1353 doctrina:
2956 1297 3173 1354 hamum
3206 1297 3350 1354 misit
3380 1298 3435 1354 in

1841 1391 2065 1456 steculo,
2114 1405 2221 1461 quo
2271 1391 2501 1461 appositi
2552 1390 2655 1445 sibi
2707 1388 2993 1447 dulcedine
3040 1405 3209 1463 vagos
3253 1406 3322 1448 ex
3368 1406 3435 1447 eo

1845 1481 2279 1553 fluctuantesque
2301 1482 2660 1553 protraheret.
2696 1483 2829 1538 llnic
2853 1482 3082 1539 adhazsit
3122 1484 3313 1538 beatus
3346 1482 3440 1539 ille

1843 1575 2051 1645 primus
2072 1585 2273 1645 martyr
2301 1575 2378 1649 (g)
2402 1574 2583 1639 hamo,
2612 1576 2701 1646 qui
2735 1590 2829 1631 ore
2850 1590 2951 1631 suo
2972 1574 3438 1647 quadrigeminum

1845 1666 2126 1723 denarium
2158 1656 2469 1723 continebat
2500 1687 2512 1721 :
2559 1667 2638 1740 (It)
2667 1668 2718 1723 id
2745 1678 2850 1735 est,
2891 1668 3189 1739 evangelici
3228 1669 3439 1724 numeri

129 1761 442 1833 impensam
468 1758 785 1816 criminibus
806 1758 1055 1827 corporis
1080 1765 1242 1828 atque
1271 1757 1465 1811 animae
1486 1754 1734 1824 qumdam
1767 1763 1816 1823 B
1845 1757 2071 1823 unitate,
2106 1758 2200 1813 Dei
2224 1759 2450 1830 gloriam
2492 1759 2888 1828 Dominumque
2915 1757 3190 1815 Christum
3234 1760 3286 1815 iu
3324 1774 3447 1829 pas-

125 1853 439 1923 redemptio
461 1851 879 1908 concederetur.
910 1849 981 1907 Ut
1024 1851 1189 1921 igitur
1228 1848 1518 1918 inscriptos
1557 1861 1657 1902 nos
1683 1855 1738 1901 et

128 1946 412 2019 professos
437 1956 492 2002 et
532 1944 734 2002 Christi
767 1944 985 1999 nomine
1031 1943 1379 2010 consignatos
1420 1939 1738 1997 olicrremus

124 2040 185 2094 in
215 2038 456 2105 Christo,
486 2036 568 2110 (cl)
612 2038 702 2110 qui
731 2051 916 2092 verum
949 2036 1041 2091 Dei
1071 2033 1328 2102 templum
1359 2043 1463 2100 est,
1495 2046 1593 2102 pro
1629 2041 1740 2086 tes-

125 2132 361 2189 timonio
389 2131 486 2188 lilii
524 2131 617 2188 Dei
652 2129 813 2202 hujus
841 2128 1175 2186 didrachmas
1203 2126 1407 2183 oblatio
1444 2125 1737 2183 constituta

130 2239 241 2285 est.

204 2320 299 2375 11.
322 2319 559 2375 Christus
583 2318 877 2389 redemptor
900 2316 1259 2390 redemptionis
1290 2315 1453 2387 pretio
1479 2330 1582 2368 non
1605 2320 1735 2385 eget.

127 2442 206 2455 ——
229 2414 420 2485 Itaque
442 2413 662 2469 Petrum
697 2422 816 2483 post
857 2411 1275 2468 conventionem
1318 2408 1569 2463 silentem
1597 2448 1612 2474 ,
1645 2406 1736 2461 tali

130 2525 261 2566 eum
301 2523 558 2565 sermone
603 2507 865 2578 praevenit
899 2526 911 2560 :
948 2507 1083 2572 Quid
1123 2505 1215 2560 tibi
1254 2504 1473 2570 videtur,
1517 2504 1740 2560 Simon?

132 2603 305 2675 Reges
357 2610 507 2656 terra:
569 2617 602 2655 a
652 2599 833 2670 quibus
862 2600 1121 2668 accipiunt
1158 2599 1403 2651 tributum
1466 2606 1555 2651 aut
1615 2613 1738 2651 cen-

126 2696 293 2752 sum?
320 2706 427 2752 etc.
462 2692 656 2766 (lbid.,
689 2692 804 2766 54).
836 2690 1105 2763 Numquid
1135 2690 1443 2762 ambiguum
1467 2699 1573 2754 est,
1602 2688 1743 2745 ﬁlios

128 2803 321 2860 regum
354 2786 570 2843 tributis
618 2785 883 2841 obnoxios
901 2799 1006 2840 non
1031 2799 1183 2849 esse;
1209 2791 1265 2839 et
1281 2783 1475 2853 quibus
1491 2782 1641 2854 regni
1663 2779 1738 2855 (e)

130 2881 429 2937 luet-editas
451 2888 555 2945 est,
579 2892 674 2935 eos
696 2893 819 2934 esse
842 2878 1039 2934 liberos
1059 2892 1088 2930 a
1115 2874 1411 2931 servitute?
1439 2874 1544 2930 Sed
1560 2888 1740 2930 sermo

130 2975 366 3031 interius
394 2972 643 3028 intendit.
675 2971 1055 3029 Postulabatur
1096 2967 1410 3024 didrachma
1443 2983 1473 3022 a
1517 2967 1736 3038 populo.

136 3067 252 3124 ch
281 3067 431 3123 enim
462 3067 514 3120 in
542 3080 661 3120 eam
696 3065 856 3120 iidem
883 3105 899 3132 ,
932 3078 1054 3134 quae
1084 3078 1180 3134 per
1205 3060 1477 3117 Christum
1509 3072 1627 3116 erat
1656 3076 1741 3117 re—

134 3159 366 3216 velanda
393 3200 410 3225 ,
438 3157 802 3215 concluditur.
837 3155 980 3228 Ergo
1012 3156 1129 3210 haec
1158 3154 1345 3209 eadem
1377 3153 1690 3209 didracluna
1717 3193 1732 3217 ,
1767 3142 1813 3206 C

133 3248 535 3308 consuetudine
565 3248 718 3318 legis,
757 3257 1029 3317 tamquam
1055 3245 1123 3301 ab
1167 3245 1383 3301 homine
1415 3245 1738 3315 poscebatur

135 3359 167 3400 a
196 3341 439 3399 Christo.
467 3341 573 3397 Sed
618 3349 677 3396 ut
704 3338 1057 3409 ostenderet,
1089 3338 1191 3409 legi
1223 3352 1282 3393 se
1309 3353 1415 3392 non
1457 3351 1582 3393 esse
1611 3336 1739 3393 sub-

128 3439 340 3509 jectum
367 3474 381 3499 ,
425 3443 478 3490 ct
505 3443 563 3489 ut
595 3435 647 3488 in
679 3447 738 3488 se
779 3443 1018 3502 paternae
1042 3429 1317 3502 dignitatis
1340 3430 1565 3501 gloriam
1609 3444 1738 3485 con-

136 3536 452 3593 testaretur,
494 3526 694 3583 terreni
716 3524 980 3596 privilegii
1007 3524 1185 3593 posuit
1205 3523 1511 3594 exemplum
1537 3538 1551 3576 :
1575 3535 1740 3578 censu

132 3634 231 3679 aut
270 3620 486 3677 tributis
530 3634 715 3691 regum
740 3618 881 3674 filios
903 3620 1010 3672 non
1037 3617 1204 3690 756
1235 3617 1424 3681 teneri,
1454 3617 1741 3686 potiusque

133 3729 199 3771 se
239 3712 643 3783 redemptorem
692 3711 886 3765 anima:
929 3718 1131 3765 nostrae
1177 3707 1532 3779 corporisque
1577 3721 1739 3773 esse,

59 3828 65 3843 ν
135 3821 303 3877 quam
350 3804 404 3859 in
451 3802 874 3873 redemptionem
922 3802 1003 3857 sui
1056 3799 1258 3871 aliquid
1325 3798 1736 3869 postulandum;

134 3898 263 3969 quia
310 3895 454 3966 regis
482 3894 651 3949 lilium
693 3901 844 3950 extra
872 3891 1311 3948 communionem
1339 3899 1591 3960 oportere
1620 3905 1742 3946 esse

135 3990 475 4059 reliquorum
505 3988 584 4059 (ί)
620 3986 933 4042 scandalum
965 3986 1126 4053 igitur
1165 3991 1391 4054 praestat
1424 3992 1484 4038 ut
1523 3984 1737 4049 solvat,

136 4093 397 4140 cancrum
425 4079 609 4136 debito
633 4080 770 4150 legis
793 4088 877 4133 est
909 4077 1044 4133 liber
1072 4076 1262 4150 (lbid.,
1292 4076 1409 4148 26).

211 4178 304 4232 12.
372 4174 573 4232 Deinde
616 4175 718 4231 sub
770 4190 946 4230 rerum
999 4175 1351 4244 praesentium
1401 4173 1638 4240 eii'ectu,
1689 4182 1745 4229 et

137 4268 557 4342 significantiam
587 4268 741 4338 legis,
767 4275 819 4322 et
838 4267 1199 4322 constantiam
1229 4266 1559 4335 evangelicae
1581 4265 1746 4320 liber-

143 4363 274 4419 tatis
300 4360 551 4430 exposuit
599 4377 614 4415 :
661 4370 719 4414 ut
746 4358 999 4429 cognosci
1050 4365 1355 4435 promptum
1402 4367 1568 4424 esset,
1616 4359 1743 4428 quid

141 4454 460 4511 didracltma
510 4451 880 4523 prtellguraret
922 4449 976 4504 in
1015 4449 1152 4519 lege.
1198 4449 1280 4504 Ire
1310 4449 1744 4520 Petrnsjubetur

1840 1854 1996 1909 sione
2020 1861 2283 1908 contuens
2326 1851 2670 1923 praedicabat.
2716 1852 3022 1922 Stephanus
3052 1852 3213 1923 igitur
3236 1853 3442 1922 primus

1841 1934 2141 2013 ascendit,'
2166 1943 2474 2015 Stephanus
2500 1952 2757 2001 staterem
2784 1959 2878 2000 ore
2905 1944 3175 2001 continuit
3201 1962 3213 1998 :
3249 1946 3300 1999 itt
3332 1958 3441 2015 quo

1840 2038 2001 2092 etiam
2034 2036 2348 2092 didracltma
2377 2050 2530 2092 nova:
2570 2036 2988 2106 praedicationis,
3034 2045 3307 2106 tamquam
3334 2036 3443 2091 duo

1841 2130 2047 2187 denarii
2083 2130 2444 2187 habebantur.
2472 2130 2586 2186 lloc
2616 2130 2703 2185 lex
2732 2129 3131 2201 prmfigurabat,
3166 2130 3327 2200 hujus
3350 2145 3444 2186 ve-

1841 2222 2018 2277 ritatis
2041 2222 2310 2289 umbram,
2346 2231 2615 2293 tamquam
2634 2223 2879 2293 corporis
2902 2223 3191 2293 imaginem
3211 2223 3446 2278 circum-

1842 2315 2074 2382 ferebat,
2099 2314 2217 2371 hrec
2246 2314 2552 2386 redemptio
2578 2315 2773 2371 animae
2799 2325 2855 2370 et
2900 2316 3146 2385 corporis
3195 2315 3447 2385 designa-

1843 2408 2002 2464 batur
2031 2426 2045 2461 :
2078 2407 2307 2479 ideoque
2336 2409 2450 2463 ait:
2482 2406 2567 2462 Da
2588 2425 2682 2478 pro
2703 2424 2783 2463 me
2807 2419 2853 2463 et
2883 2418 2930 2462 te
2971 2424 2989 2463 :
3023 2409 3145 2477 quia
3176 2410 3285 2478 jam
3315 2408 3438 2463 talis

1843 2519 1948 2558 non
1978 2502 2316 2570 didraclnna,
2344 2502 2438 2558 sed
2462 2511 2654 2567 stater,
2684 2510 2739 2557 et
2766 2518 2863 2573 pro
2883 2501 3098 2559 Christo
3117 2511 3236 2558 erat
3261 2510 3317 2559 et
3341 2516 3441 2574 pro

1838 2595 2040 2652 Christi
2074 2595 2457 2667 prmdicatione
2482 2595 2801 2652 solvendus.

2418 2729 2647 2787 CAPUT
2687 2724 2866 2786 XVIiI.

1841 2854 1922 2911 De
1947 2855 2230 2933 infantibus
2250 2855 2497 2927 inhibitis,
2545 2866 2593 2909 et
2643 2856 2707 2911 de
2745 2854 3032 2909 humilitate
3072 2870 3246 2910 eorum
3291 2871 3442 2910 assu-

1914 2951 2120 3017 menda,
2152 2950 2215 3006 de
2239 2966 2397 3004 manu
2431 2959 2478 3005 et
2525 2949 2652 3020 pede
2698 2959 2746 3003 ct
2785 2948 2944 3005 oculo
2987 2948 3235 3015 eruenda,
3266 2950 3328 3003 de
3353 2964 3443 3004 ove

1916 3046 2135 3118 perdita,
2185 3044 2248 3100 de
2288 3044 2626 3115 corripiendis
2672 3042 2920 3114 fratribus
2953 3054 3144 3097 secreto
3196 3044 3439 3113 primum,

1916 3146 2023 3191 tum
2067 3135 2269 3190 duobus
2318 3134 2547 3203 testibus,
2591 3143 2846 3206 postremo
2871 3131 3104 3188 Ecclesia
3163 3143 3432 3201 prasente.

1915 3228 2131 3300 Semper
2159 3226 2542 3300 ignoscendum.
2570 3227 2670 3294 Qui
2696 3241 3013 3293 conservum,
3043 3226 3257 3280 remisso
3286 3224 3385 3279 sibi
3406 3243 3439 3280 a

1915 3319 2127 3373 domino
2147 3316 2337 3385 debito,
2356 3316 2602 3385 su/focat.

1914 3438 1967 3492 1.
2012 3434 2174 3490 Pueri
2195 3434 2475 3490 credentes.
2519 3433 2810 3488 Puerorum
2854 3433 3073 3488 indoles.
3127 3432 3193 3488 In
3218 3433 3312 3488 illa
3359 3433 3443 3487 die

1840 3536 2160 3584 accesserunt
2199 3527 2442 3597 discipuli
2487 3526 2554 3579 ad
2594 3525 2796 3593 Iesum,
2843 3526 3064 3580 dicentes
3086 3543 3104 3580 :
3130 3524 3260 3593 Quis
3291 3535 3440 3596 putas

1841 3627 2014 3697 major
2031 3622 2172 3677 estin
2192 3637 2349 3694 regno
2369 3620 2647 3675 calorum?
2674 3629 2727 3676 ct
2754 3620 2959 3689 reliqua
2987 3619 3228 3692 (Matt/1.,
3282 3634 3437 3685 xvm,

1843 3717 1921 3787 I).
1952 3715 2067 3771 Non
2104 3715 2204 3770 nisi
2251 3728 2500 3770 reversos
2544 3715 2595 3768 in
2624 3722 2868 3768 naturam
2896 3726 3181 3781 puerorum
3213 3710 3439 3765 introire

1842 3823 2065 3877 regnum
2092 3806 2354 3861 caelorum
2400 3805 2559 3877 757
2600 3805 2856 3871 Dominus
2884 3805 3062 3871 docet,
3121 3805 3173 3858 id
3220 3811 3328 3868 est,
3383 3802 3436 3857 in

1842 3901 2244 3971 simplicitatem
2297 3899 2560 3969 puerilem
2615 3898 2743 3953 vitia
2798 3911 3086 3966 corporum
3134 3902 3442 3950 nostrorum

1847 3992 2150 4063 animatque
2178 3990 2503 4046 revocanda.
2532 3991 2738 4045 Pueros
2765 3999 2970 4054 autem,
3015 3987 3300 4043 credentes
3329 4001 3447 4041 om-

1845 4098 1944 4138 nes
1971 4098 2066 4151 per
2091 4082 2378 4136 andicntia:
2409 4081 2568 4134 fidem
2596 4081 2941 4149 nuncupavit.
2979 4079 3040 4133 lli
3063 4079 3206 4133 cuitu
3234 4086 3439 4147 patrem

1845 4182 2164 4245 sequuntur,
2216 4181 2444 4228 matrem
2493 4182 2698 4238 amant,
2747 4173 2991 4241 proximo
3050 4170 3190 4224 velle
3241 4169 3439 4223 malum

1846 4267 2116 4332 nesciunt,
2146 4280 2340 4338 curam.
2366 4280 2539 4335 ,opum
2587 4265 2864 4334 negligant
2896 4282 2909 4316 :
2945 4278 3050 4317 non
3084 4261 3439 4325 insolescunt,

1845 4373 1953 4412 non
1982 4356 2236 4423 oderunt,
2265 4371 2370 4411 non
2398 4356 2754 4421 mentiuntur,
2778 4355 2937 4409 dictis
2955 4354 3204 4417 credunt,
3223 4352 3445 4422 etquod

1845 4448 2071 4505 audiunt
2100 4464 2291 4505 verum
2319 4448 2536 4504 habent.
2568 4449 2635 4503 Et
2676 4447 2793 4502 haec
2820 4447 3057 4502 omnium
3098 4442 3442 4500 aﬂ‘ectionum

140 4546 209 4602 ad
233 4561 407 4610 mare,
432 4544 757 4613 hamumque
784 4543 996 4596 mittere
1017 4582 1032 4608 ,
1067 4550 1122 4596 et
1148 4540 1308 4610 primi
1356 4541 1519 4611 piscis
1556 4557 1745 4596 ascen-
1773 4521 1823 4581 ι)
1848 4552 2124 4611 assumpta
2162 4543 2216 4597 in
2250 4541 2404 4617 nobis
2428 4550 2482 4597 et
2507 4542 2844 4596 consuetudo
2881 4547 2935 4593 et
2975 4538 3245 4600 voluntas,
3276 4535 3446 4591 cmlo-

138 4638 324 4697 dentis
354 4652 415 4692 os
443 4636 742 4707 requirere,
776 4644 1157 4706 repertumque
1190 4634 1244 4691 in
1275 4648 1341 4690 ec
1363 4643 1618 4691 stateretn
1644 4650 1744 4706 pro

214 4827 297 4898 (α’,
325 4823 492 4898 Editi,
539 4820 608 4875 ad
654 4819 1033 4898 conversionem
1081 4818 1305 4890 gentium
1346 4836 1366 4898 ς
1404 4818 1749 4898 corriguntur

143 4889 379 4955 ex'tnss.
412 4895 506 4948 llic
529 4906 693 4959 porro
718 4890 859 4946 male
879 4899 1036 4944 sonat
1061 4889 1489 4944 conversationis
1513 4891 1750 4944 vocabu-

142 4971 278 5026 lum.
311 4967 437 5020 Vult
457 4963 658 5034 quippe
677 4960 913 5034 Hilarius
939 4960 1308 5034 infidelitatem
1332 4960 1515 5015 smculi
1541 4968 1596 5014 et
1617 4976 1749 5031 gen-

144 5042 318 5095 tilium
352 5031 619 5090 dominari
646 5075 663 5100 ,
695 5031 1002 5101 Judzeisque
1044 5038 1103 5084 ut
1130 5031 1200 5085 ab
1226 5046 1412 5086 eorum
1456 5042 1746 5087 consuetu-

141 5113 273 5167 dine
293 5123 354 5163 se
380 5113 727 5177 segregarem
757 5103 939 5157 datum
970 5117 1113 5168 esse,
1148 5101 1236 5157 ubi
1281 5102 1466 5157 datum
1496 5110 1581 5157 est
1607 5103 1749 5159 unde

142 5182 211 5237 ad
240 5180 405 5235 ﬁdem
431 5172 491 5232 se
522 5172 897 5230 transferrent.

220 5250 303 5322 (b)
335 5249 451 5313 Er.,
479 5247 624 5316 Lips.
646 5251 703 5301 et
722 5244 844 5299 Par.
870 5243 960 5322 hic
983 5250 1039 5298 et
1060 5242 1335 5322 deinceps,
1363 5243 1743 5322 didrachmam.

142 5323 204 5379 In
232 5314 397 5377 'mss.
447 5314 784 5379 constanter,
845 5315 1136 5385 didragma.
1198 5314 1386 5371 Crmce
1446 5315 1499 5369 in
1555 5315 1745 5386 plurali

142 5398 212 5452 τὰ
230 5392 537 5468 γδξδραχμα.
567 5460 610 5468 __
840 5456 907 5468 ω

218 5463 294 5536 (e)
325 5456 535 5536 In'niss.
567 5460 815 5536 Turon.,_
840 5456 1000 5512 Mich.
1032 5465 1086 5512 et
1107 5456 1271 5536 _Vind.
1297 5458 1484 5536 templo
1520 5458 1748 5536 servieti-

145 5528 297 5591 tiuin'.
359 5533 468 5589 Lex
520 5542 699 5587 autem
751 5530 817 5584 ad
865 5542 992 5583 usus
1050 5528 1381 5584 tabernaculi
1431 5529 1743 5595 testimonii,

147 5624 259 5664 non
309 5605 377 5661 ad
428 5619 558 5658 usus
601 5600 951 5671 servientium
986 5598 1121 5655 hanc
1152 5601 1431 5669 pecuniam
1477 5602 1745 5671 exigebat.

223 5675 306 5748 (d)
338 5675 509 5732 Abest
533 5675 621 5746 qui
651 5688 823 5728 verum
851 5670 949 5726 Dei
969 5672 1218 5741 templum
1247 5680 1323 5727 est
1350 5686 1382 5726 a
1410 5686 1543 5728 mss.
1593 5670 1752 5728 Coll).

152 5757 205 5806 et
230 5747 397 5805 Corn.

1845 4653 1964 4693 rum
1992 4637 2098 4693 iter
2121 4637 2365 4709 pervium
2394 4643 2633 4708 praestat.
2661 4632 3057 4689 Revertendum
3080 4631 3243 4702 igitur
3269 4638 3355 4685 est
3378 4629 3446 4684 ad

1924 4821 1998 4896 (e)
2031 4821 2167 4896 Editi
2208 4819 2586 4896 exceptofar.
2616 4833 2738 4873 cum
2762 4831 2862 4887 sex
2896 4830 3040 4896 ηυξ.-
3059 4816 3203 4886 regni
3227 4815 3449 4896 veritas:

1853 4885 2030 4949 minus
2056 4892 2216 4947 bene.
2248 4885 2380 4946 Nam
2424 4891 2546 4944 filiis
2576 4885 2767 4959 rogum
2794 4897 2875 4943 est
2917 4885 3131 4957 quidem
3159 4886 3310 4958 regni
3339 4886 3450 4942 hrc—

1853 4966 2073 5027 reditas,
2098 4962 2192 5018 sed
2218 4962 2451 5018 nondum
2475 4962 2697 5017 veritas.

1926 5056 2003 5131 (Γ)
2046 5056 2205 5119 Editi,
2247 5054 2500 5131 scandala
2547 5069 2565 5107 :
2609 5051 2964 5131 renitentibus
3013 5049 3267 5131 omnibus
3312 5065 3445 5131 mss.

1851 5120 2075 5184 Solvere
2095 5128 2404 5183 scandalum
2436 5140 2537 5196 pro
2565 5124 2751 5178 lollct'c
2771 5122 2994 5189 dicitur,
3023 5121 3146 5193 quia
3189 5120 3450 5178 solvendo

1852 5198 2165 5255 didrachma
2199 5196 2550 5253 auferendum
2574 5204 2675 5250 t-st.

1921 5293 1999 5366 (g)
2039 5291 2096 5347 In
2132 5290 2381 5366 vulgatis,
2412 5307 2443 5343 a
2465 5287 2710 5343 Domino.
2743 5285 2912 5358 Magis
2933 5286 3112 5358 placet
3136 5274 3260 5341 cum
3284 5284 3448 5355 pluri-

1847 5362 1964 5421 bus'
1984 5378 2117 5418 mss.
2148 5362 2321 5416 hamo.

1925 5453 2002 5530 (Ιι)
2029 5455 2190 5510 Solus
2224 5470 2327 5530 ms.
2360 5451 2515 5508 Vind.
2541 5450 2613 5530 _id
2642 5462 2737 5530 est,
2765 5450 3065 5530 Evangelia.
3115 5448 3299 5530 Plures
3334 5442 3447 5530 alii,

1852 5529 1907 5584 id
1926 5516 2020 5590 cal,
2053 5526 2328 5596 evangelici
2355 5526 2551 5579 numeri
2576 5525 2840 5596 unitatem.
2867 5516 3053 5575 Hilarii
3070 5517 3233 5596 verba
3264 5516 3449 5596 expla-

1856 5608 1948 5655 nat
1978 5592 2309 5669 Theophilus
2351 5595 2603 5669 Antioch.
2646 5594 2928 5669 de‘clarains
2974 5595 3187 5669 statere
3218 5592 3449 5669 quatuor

1856 5657 2147 5795 (grachmlas'
2172 5670 2469 5735 contineri,
2490 5666 2676 5739 quibus
2701 5657 3035 5729 intelligenda
3070 5664 3189 5711 sunt
3229 5664 3450 5725 quatuor

1910 5755 2158 5795 vanaeta.

1910 5755 2158 5810 vangetta.
