3974 6198
422 207 431 214 .
520 256 656 314 lOl9

1723 255 1971 313 SANC'H
2009 256 2268 317 lilLABﬂ
2303 257 2607 315 E91300“

3683 260 3807 315 ιω

518 370 920 445 simplicitatem
951 368 1235 425 infantium
1271 387 1283 421 :
1316 368 1439 440 quia
1470 368 1522 425 in
1567 383 1635 427 ea
1665 368 1938 437 collocati,
1976 383 2101 441 spe-
2131 369 2187 433 Α.
2278 370 2331 426 4.
2375 368 2637 439 Superius
2661 375 2841 429 autem
2881 367 2939 427 in
2966 366 3347 429 sbseiudeudis
3375 383 3547 429 manu
3571 368 3663 429 vel
3684 370 3809 442 pede

519 464 656 520 ciem
690 456 1006 541 humilitatis
1035 454 1323 525 dominicae
1352 461 1814 523 circumieremus.

589 552 643 612 2.
684 548 883 611 Iudicis
902 564 1162 627 prazstaret
1190 570 1305 613 cum
1334 554 1565 631 gentibus
1612 553 1779 621 Deum
1802 555 2112 630 ignorasse.

517 666 670 720 quam
716 644 974 701 Christum
1021 664 1125 702 non
1168 649 1433 719 recepisse.
1480 648 1638 709 —Si
1688 650 1781 719 qui
1830 659 2009 709 autem
2057 651 2113 706 in

519 739 719 799 Christi
742 741 958 797 nomine
982 734 1114 805 tales
1143 742 1473 810 receperint,
1498 740 1699 800 Christi
1741 744 1943 814 recepti
1976 758 2109 815 pra:-

524 831 689 889 mium
719 842 1120 901 consequentur
1150 849 1162 884 :
1196 831 1297 901 Qui
1320 842 1489 889 autem
1506 833 1928 905 scandalizauerit
1955 851 2113 890 unum

523 927 585 981 de
615 920 822 998 pusillis
846 926 976 985 istis,
1002 912 1061 980 id
1106 933 1211 991 est,
1235 928 1326 997 qui
1371 925 1754 989 oll‘endiculum
1808 929 2115 993 tentationis

523 1019 785 1086 intulerit,
820 1018 1024 1090 expedit
1045 1019 1089 1073 ei
1131 1028 1189 1075 ut
1223 1021 1567 1090 suspendalur
1616 1021 1753 1077 mola
1798 1023 2027 1079 asinaria
2060 1024 2116 1080 in

524 1110 657 1166 collo
679 1116 811 1186 ejus,
828 1122 874 1166 et
901 1108 1226 1183 demergatur
1243 1112 1294 1166 in
1314 1113 1804 1184 profundummaris
1824 1114 2012 1189 (Ibid..
2034 1115 2112 1189 6).

523 1204 628 1259 Tot
669 1213 938 1274 tantisque
992 1219 1080 1259 res
1127 1220 1233 1263 non
1282 1206 1458 1261 otiose
1502 1217 1827 1279 comparatae
1872 1215 2033 1263 sunt:
2063 1216 2118 1265 et

526 1296 694 1363 mola,
727 1308 778 1351 et
810 1296 1063 1362 asinaria,
1092 1306 1149 1352 et
1175 1314 1296 1353 cum
1329 1313 1390 1354 ea
1431 1299 1482 1354 in
1515 1299 1651 1361 mari
1696 1287 2040 1373 mergendus,
2062 1310 2120 1361 et

525 1390 628 1445 hoc
653 1389 701 1444 ei
731 1386 1044 1460 expediens.
1089 1387 1376 1446 Communi
1404 1391 1644 1447 omnium
1676 1407 1863 1459 sensu.
1904 1408 2119 1464 semper

524 1480 668 1553 quod
698 1476 919 1549 expedit
949 1480 1078 1537 utile
1108 1491 1211 1537 est.
1238 1480 1375 1554 Quid
1406 1499 1534 1554 ergo
1563 1484 1807 1541 utilitatis
1832 1498 1935 1554 est,
1977 1486 2121 1545 mola

475 1581 480 1587 '
526 1574 761 1630 asinaria
791 1575 934 1630 collo
980 1589 1241 1645 suspensa
1288 1573 1571 1646 demergi?
1628 1574 1771 1633 Mors
1810 1577 1953 1633 enim
2011 1585 2121 1641 tam

527 1666 709 1739 gravis
741 1665 987 1738 proﬁciet
1021 1664 1086 1722 ad
1114 1683 1328 1739 poenam
1366 1687 1378 1722 :
1410 1676 1464 1724 et
1492 1669 1674 1724 nescio
1710 1669 1982 1741 quomodo
2014 1671 2125 1735 erit

2214 462 2668 532 propiuquitatum
2691 461 2958 521 contineri
2980 461 3199 523 nomina
3223 464 3578 534 exposuimus
3601 462 3737 537 (cap.
3752 466 3805 533 ιι.

2212 571 2267 609 n.
2299 553 2393 627 21)
2428 566 2632 625 :alque
2682 554 2804 611 ideo
2859 554 3237 626 cognationem
3284 557 3504 627 generis
3559 555 3804 613 Israelita:

2212 650 2381 725 758
2406 648 2815 721 relinquendam
2837 648 3005 705 veluti
3024 649 3257 719 quadam
3274 649 3655 711 membrorum
3681 653 3809 709 reci.

2214 744 2367 800 sione
2394 741 2686 814 signiﬁcat,
2714 742 2838 815 quia
2866 757 2961 815 per
2984 758 3102 807 eam
3133 741 3335 799 mundo
3372 745 3633 803 scamiala
3666 760 3807 807 com-

2215 845 2495 906 parentur.
3608 909 3613 913 ῃ

2290 930 2339 981 5.
2384 926 2693 998 Angelorum
2714 926 2778 982 de
2793 926 2937 985 nobis
2955 943 3103 985 cura.
3130 957 3200 969 —-
3230 925 3409 995 Videte
3431 944 3499 985 ne
3521 938 3811 987 contemna-

2216 1019 2281 1077 tis
2303 1037 2457 1075 unum
2485 1020 2551 1079 de
2596 1020 2799 1092 pusillis
2838 1020 2973 1088 istis,
3025 1021 3115 1092 qui
3156 1021 3371 1085 credunt
3417 1023 3473 1076 in
3519 1040 3602 1079 me
3631 1022 3806 1096 (Ibid,

2223 1109 2330 1185 10).
2357 1111 2428 1185 (e)
2453 1114 2488 1165 Λ
2499 1113 2827 1175 retissimum
2844 1112 3119 1175 vinculum
3135 1112 3307 1175 mutui
3318 1112 3523 1177 amoris
3536 1114 3807 1185 imposuit,

2219 1201 2285 1259 ad
2317 1217 2413 1258 eos
2439 1205 2709 1279 pra-cipue
2738 1202 2831 1277 qui
2871 1218 3001 1261 vere.
3044 1205 3099 1265 in
3152 1204 3383 1263 Domino
3428 1205 3808 1271 credidissent.

2220 1297 2546 1361 Pusillorum
2624 1301 2769 1359 enim
2840 1300 3017 1370 angeli
3084 1299 3325 1372 quotidie
3391 1301 3563 1360 Deum
3640 1301 3813 1374 rident

2224 1389 2411 1464 (lbid.,
2460 1390 2590 1462 il):
2630 1393 2755 1462 quia
2787 1390 2931 1449 ﬁlius
2980 1392 3208 1448 hominis
3258 1394 3407 1448 venit
3455 1395 3672 1450 salvare
3702 1410 3813 1465 quae

2225 1481 2433 1551 perdita
2459 1493 2602 1537 sunt.
2637 1483 2775 1555 Ergo
2806 1491 2862 1545 et
2889 1482 3032 1541 lilius
3057 1483 3290 1543 hominis
3319 1484 3520 1553 salvat,
3558 1495 3611 1543 et
3656 1486 3812 1549 Deum

2222 1575 2397 1647 angeli
2430 1575 2718 1641 vident,.et
2740 1576 2821 1647 (ά)
2849 1576 3027 1648 angeli
3044 1576 3363 1646 pusillorum
3388 1588 3537 1634 sunt.
3559 1577 3813 1639 Fidelium

2224 1668 2558 1727 orationibus
2624 1682 2858 1739 praeesse
2903 1669 3126 1743 angelos
3152 1709 3169 1737 ,
3223 1668 3471 1725 absoluta
3524 1672 3811 1731 auctoritas

529 1756 681 1824 utile,
705 1756 758 1815 id
786 1770 1041 1828 expetere
1064 1756 1208 1832 quod
1231 1758 1479 1816 ultimmn
1528 1761 1599 1819 sit
1651 1762 1936 1818 maiorum.
1984 1761 2125 1837 Quid
2155 1768 2203 1829 Β
2227 1768 2330 1814 est.
2362 1758 2698 1815 Salvatorum
2728 1759 2892 1830 igitur
2922 1774 3017 1829 per
3037 1758 3315 1817 Christum
3343 1763 3629 1819 orationes
3647 1762 3813 1833 angeli

528 1871 659 1930 ergo
685 1856 875 1913 sentiri
902 1865 1171 1925 oporteat,
1213 1855 1564 1929 qurerendum
1609 1866 1712 1924 est.
1771 1856 1925 1917 M01113
1964 1873 2121 1929 opus,

527 1946 680 2004 labor
706 1956 789 2003 est
813 1949 1073 2007 etecitatis
1105 1965 1117 2002 :
1150 1952 1273 2002 nam
1319 1947 1520 2004 clausis
1545 1947 1914 2019 iumentorum
1946 1952 2119 2007 oculis

528 2052 760 2115 aguntur
792 2044 842 2096 in
874 2057 1084 2115 gyrum.
1112 2041 1176 2098 Et
1201 2040 1303 2097 sub
1324 2042 1459 2097 asini
1486 2040 1707 2114 quidem
1748 2042 1991 2109 nomine,
2019 2043 2124 2099 ire-

528 2142 756 2205 quenter
784 2143 969 2205 gentes
990 2128 1399 2205 cognominatas
1436 2134 1761 2204 reperimus.
1791 2131 1957 2206 Igitur
1989 2150 2123 2206 gen-

534 2235 614 2281 tes
631 2224 775 2298 quod
804 2233 989 2298 agunt,
1017 2225 1264 2282 nesciunt
1296 2243 1308 2278 :
1343 2227 1477 2281 etin
1504 2225 1628 2281 vita:
1666 2241 1779 2282 sum
1816 2241 1983 2297 opere
2029 2227 2127 2286 de-

424 2332 433 2337 '
534 2327 717 2384 lentae,
755 2318 883 2374 caeci
928 2312 1130 2373 laboris
1177 2317 1474 2389 ignorantia
1519 2318 1886 2377 continentur.
1927 2316 2131 2373 Iudaeis

532 2419 712 2465 autem
743 2411 985 2466 scientia:
1016 2410 1116 2466 iter
1146 2409 1200 2464 in
1230 2408 1348 2479 lege
1373 2407 1451 2487 (α)
1484 2418 1792 2483 ριέιῑειειιιιιιι
1822 2418 1924 2471 est.
1951 2409 2053 2478 Qui
2082 2409 2128 2466 si

537 2494 739 2559 Christi
763 2503 1037 2575 apostolos
1062 2502 1513 2571 scandalizarent,
1541 2503 1740 2559 rectius
1765 2502 1962 2576 illigata
1987 2502 2129 2559 collo

535 2588 676 2651 mola
707 2597 938 2651 asinaria
960 2590 1196 2652 demersi
1223 2594 1279 2651 in
1311 2611 1460 2652 mare
1506 2596 1751 2661 fuissent,
1781 2596 1833 2652 id
1860 2606 1964 2661 est,
1994 2610 2127 2669 gen-

535 2688 669 2741 tium
704 2688 887 2744 labore
916 2687 1159 2758 depressi
1191 2688 1242 2742 in
1299 2688 1599 2759 ignorantia
1646 2688 1830 2744 saeculi
1874 2687 2128 2744 demora-

534 2792 722 2837 rentur
763 2798 776 2835 :
810 2781 934 2851 quia
967 2782 1070 2835 illis
1102 2781 1437 2838 tolerabilius
1469 2782 1632 2837 fuerit
1681 2784 1923 2840 nescisse
1946 2781 2132 2839 Chris-

537 2882 671 2941 tum,
699 2889 858 2944 quam
888 2873 1006 2930 istis
1038 2874 1417 2946 prophetatum
1458 2891 1565 2931 non
1588 2876 1881 2948 recepisse.

610 2966 663 3020 5.
707 2965 1027 3028 Scantiniam
1055 2969 1220 3023 crucis
1247 2969 1611 3036 necessarium,
1635 2978 1680 3031 et
1701 2985 1853 3040 «aut
1876 2969 2132 3042 pet-icitic-

538 3077 673 3115 sum.
696 3090 769 3101 —
798 3058 887 3116 Va:
904 3058 1027 3117 huic
1050 3061 1237 3119 orando
1253 3060 1315 3119 ab
1341 3061 1620 3119 scandatis.
1654 3060 1874 3119 Necesse
1892 3072 1968 3127 est
1996 3065 2132 3127 sitim

2226 1850 2467 1922 quotidie
2491 1851 2600 1907 Deo
2629 1850 2882 1909 oll'erunt.
2918 1851 3065 1924 Ergo
3106 1853 3408 1925 periculose
3449 1853 3544 1908 ille
3586 1864 3812 1913 contento

2225 1945 2388 2010 nitur,
2421 1945 2573 2021 cujus
2600 1943 2865 2007 desideria
2886 1961 2950 2005 ac
2979 1948 3370 2014 postulationes
3395 1945 3465 2005 ad
3488 1955 3747 2009 aeternum
3765 1957 3815 2007 et

2229 2037 2280 2091 in
2293 2036 2551 2094 visibilem
2582 2037 2750 2097 Deum
2795 2037 3085 2109 ambitioso
3115 2038 3437 2113 angelorum
3468 2037 3730 2105 famulatu
3756 2054 3813 2097 ac

2228 2129 2529 2189 ministerio
2556 2129 2942 2201 pervehuntur.

2301 2222 2354 2276 6.
2400 2219 2521 2276 Ovis
2544 2238 2647 2277 una
2666 2239 2864 2289 errans,
2890 2221 3063 2278 homo.
3090 2222 3395 2299 Nonaginta
3416 2242 3596 2281 novem
3622 2242 3722 2281 non
3745 2242 3814 2280 er-

2227 2323 2421 2380 rantes,
2466 2313 2655 2388 angeli.
2711 2313 2914 2369 Horum
2954 2331 3193 2371 numerus
3221 2332 3282 2373 ex
3308 2316 3599 2376 hominibus
3627 2319 3813 2388 perﬁci-

2230 2414 2338 2469 tur.
2363 2434 2436 2444 —
2457 2404 2634 2478 Atque
2653 2414 2712 2460 ut
2737 2406 3009 2477 ingentem
3036 2421 3158 2463 esse
3200 2406 3255 2463 iu
3286 2408 3444 2469 cmlis
3473 2409 3628 2467 lmtiti
3648 2426 3711 2467 am
3740 2426 3813 2471 re-

2230 2495 2343 2552 ditu
2375 2494 2625 2552 humanae
2663 2497 2858 2552 salutis
2881 2500 3237 2571 ostenderet,
3269 2501 3693 2571 comparationis
3729 2517 3812 2579 po-

2228 2588 2835 2660 suitexcmplum,ejus
2860 2591 2950 2662 qui
3006 2605 3138 2646 oves
3184 2594 3476 2663 nonaginta
3532 2609 3719 2651 novem
3766 2594 3814 2653 in

2230 2682 2503 2738 montibus
2532 2681 2859 2754 reliquisset,
2887 2692 2940 2739 et
2970 2695 3238 2741 errantem
3264 2699 3425 2739 uitam
3466 2685 3771 2756 requisisset
3796 2702 3809 2740 :

2230 2790 2332 2849 qua
2362 2775 2576 2830 inventa
2606 2775 2726 2847 plus
2752 2775 2929 2849 gaudii
2951 2775 3044 2842 sit,
3066 2791 3227 2847 quam
3251 2777 3552 2845 habebatur
3580 2780 3634 2837 in
3660 2795 3810 2836 noua-

2230 2869 2375 2940 ginta
2409 2878 2462 2926 et
2491 2886 2684 2941 novem
2712 2870 2787 2945 (e)
2815 2872 3232 2929 conservatione
3262 2872 3466 2928 lietitize
3494 2872 3683 2944 (Ιὸῑά..
3712 2873 3812 2945 12).

2231 2960 2358 3018 Ovis
2381 2978 2511 3031 una,
2542 2962 2708 3019 homo
2756 2964 3137 3034 intelligendus
3190 2976 3309 3032 est,
3365 2977 3422 3025 et
3469 2968 3572 3025 sub
3618 2966 3816 3025 homine

2234 3073 2363 3124 uno,
2393 3056 2717 3113 universitas
2741 3057 3020 3114 sentiendo
3045 3068 3148 3114 est.
3179 3057 3285 3114 Sed
3310 3058 3362 3113 in
3389 3058 3552 3115 unius
3578 3059 3707 3119 Athe
3742 3076 3817 3117 er-

537 3153 706 3211 oenire
761 3154 1042 3219 scandala;
1110 3164 1473 3213 uerumtamen:
1528 3171 1602 3211 ea
1640 3154 1833 3215 homini
1883 3156 1994 3222 illi,
2043 3149 2205 3227 ρενο
2237 3163 2362 3204 rore
2391 3162 2551 3204 omne
2590 3148 2868 3203 hominum
2914 3164 3084 3221 genus
3131 3148 3435 3216 aberravit;
3491 3166 3621 3223 ergo
3667 3166 3817 3206 nona-

536 3263 683 3319 quem
712 3246 1012 3305 scandalum
1044 3251 1177 3307 venit
1198 3245 1389 3319 (Ibid.,
1434 3247 1512 3319 7).
1551 3247 1839 3311 Humilitas
1868 3248 2135 3321 passionis

537 3338 851 3394 scandalum
885 3340 1085 3395 mundo
1113 3349 1215 3396 est.
1246 3340 1300 3396 In
1332 3339 1436 3397 hoc
1456 3342 1603 3397 enim
1626 3342 1859 3401 maxime
1880 3342 2136 3413 igituran-

546 3432 619 3487 tia
649 3431 922 3488 detinetur
951 3433 1204 3502 bumana,
1234 3432 1374 3505 quod
1419 3433 1521 3489 sub
1563 3432 1906 3488 deformitate
1955 3433 2134 3491 crucis

542 3529 760 3579 mternae
785 3518 971 3597 gloria:
1004 3522 1288 3580 Dominum
1316 3523 1392 3597 (ὁ)
1426 3525 1557 3580 nolit
1583 3525 1851 3597 accipere.
1900 3524 1966 3580 Et
2005 3525 2133 3597 quid

539 3614 741 3674 mundo
768 3626 875 3673 tam
905 3617 1291 3690 periculosum,
1332 3635 1492 3691 quam
1534 3634 1640 3674 non
1672 3614 1948 3690 recepisse
1977 3614 2136 3673 Chri-

539 3710 738 3765 stum?
799 3708 1175 3767 Verumtamen
1228 3711 1330 3779 sub
1393 3706 1625 3767 hominis
1692 3711 2134 3787 nuncupatione,

540 3808 819 3859 auctorem
845 3804 1081 3859 seandali
1098 3804 1256 3876 hujus
1276 3798 1561 3865 Judaicum
1586 3802 1842 3877 populum
1861 3790 2130 3875 designat,

541 3909 638 3965 per
666 3910 825 3963 quem
857 3910 1017 3949 omne
1071 3894 1175 3949 hoc
1206 3896 1407 3951 mundo
1436 3897 1734 3967 periculum
1766 3906 2131 3971 comparatur,

543 3992 599 4038 ut
626 3980 895 4038 Christum
931 3982 982 4037 in
1013 3989 1262 4054 passione
1289 3986 1579 4059 abnegent,
1612 4002 1771 4059 quem
1797 3986 1881 4042 lex
1922 3996 1978 4043 et
2010 4004 2133 4059 pro-

542 4072 720 4147 pheta:
759 4076 1072 4148 passibilem
1123 4077 1569 4150 praedicaverunt.
1600 4078 1725 4138 Ideo
1752 4096 1880 4136 vero
1912 4095 2136 4139 necesse

539 4183 661 4225 esse
688 4170 762 4224 ait
786 4173 970 4228 venire
999 4173 1250 4230 scandala
1286 4191 1299 4228 :
1341 4175 1462 4247 quia
1492 4174 1559 4230 ad
1589 4184 1988 4235 sacramentum
2015 4173 2138 4231 red-

540 4258 733 4317 dendae
779 4261 933 4319 nobis
961 4267 1299 4337 aeternitatis,
1330 4269 1508 4324 omnis
1540 4268 1593 4327 in
1623 4283 1690 4326 eo
1736 4269 2007 4341 passionis
2035 4266 2137 4325 hu-

544 4353 746 4412 militas
770 4365 919 4413 esset
954 4358 1242 4433 explenda.

544 4614 847 4687 pratslitum.
888 4616 953 4669 At
978 4614 1031 4670 in
1063 4616 1221 4672 editis
1243 4617 1420 4687 primo
1446 4614 1792 4688 prws’tralum,
1835 4628 1900 4671 ac
1924 4614 2139 4671 demum

549 4694 1024 4756 primonmatum.

618 4757 696 4829 (ὁ)
736 4758 1068 4813 Auctoritate
1097 4774 1225 4815 mss.
1267 4758 1427 4813 Carn.
1458 4768 1512 4816 et
1538 4758 1692 4816 Colb.
1722 4757 2028 4814 restituitur
2048 4774 2142 4813 no-

544 4829 626 4897 lit,
656 4844 775 4900 cum
804 4829 952 4900 prius
980 4830 1247 4900 obtineret
1272 4831 1458 4887 noluit.

619 4892 693 4977 (ε)
737 4892 1089 4958 Ῐηίιοηηυιιίε
1111 4915 1241 4957 mss.
1269 4903 1609 4975 aptissimum.

621 4990 699 5063 (cl)
740 4990 798 5046 lu
824 4993 1054 5068 yulgatis
1071 5008 1134 5048 ac
1162 4993 1403 5068 pluribus
1430 5010 1587 5068 mss“
1626 4994 1812 5068 Angeli
1836 4995 2140 5068 pusillorum

548 5073 776 5136 prterunt
804 5064 1033 5136 ﬁdelium
1075 5066 1406 5122 orationibus.
1440 5064 1670 5127 Praeeue
1712 5064 1944 5136 angelos,
1994 5075 2137 5131 etc.;

549 5134 724 5218 ireque
752 5138 926 5191 oratio
956 5134 1067 5218 suis
1111 5137 1346 5218 numeris
1397 5137 1605 5218 videtur
1648 5134 1916 5218 absoluta,
1962 5138 2173 5218 neqhﬂ'

549 5204 687 5277 bene
730 5220 796 5260 ex
842 5208 1090 5277 superius
1140 5208 1367 5277 sumptis
1416 5206 1688 5265 conclusa.
1750 5206 1827 5265 Ex
1875 5224 1941 5263 eo
1970 5204 2138 5275 enim,

549 5276 690 5363 quod
722 5275 897 5363 angeli
929 5276 1243 5345 pusillorqu
1267 5275 1449 5363 Deum
1466 5283 1673 5363 vident,
1696 5282 1945 5363 sequitur
1976 5293 2140 5363 ange-

547 5347 976 5421 lospuslllnrum
1009 5362 1151 5414 esse,
1183 5366 1383 5421 eosque
1413 5350 1578 5408 Deum
1626 5347 1849 5418 videre;
1897 5351 1990 5405 sed
2036 5347 2144 5405 non

549 5417 788 5474 indidem
812 5418 1051 5474 eliicitur
1071 5437 1166 5477 eos
1192 5417 1425 5491 prmesse
1451 5425 1808 5480 orationibus.
1836 5417 1910 5478 At
1938 5421 2040 5477 hoc
2069 5421 2151 5476 als

2236 3242 2381 3313 ginta
2407 3258 2598 3298 novem
2639 3257 2743 3298 non
2773 3256 3040 3308 errantes,
3069 3244 3356 3303 multitudo
3382 3246 3696 3317 angelorum
3721 3261 3820 3305 ete-

2197 3378 2210 3397 ,
2238 3334 2449 3391 IeStium
2478 3334 2746 3409 opinanda
2778 3346 2881 3403 est,
2928 3338 3123 3407 quibus
3167 3338 3220 3393 iu
3249 3340 3390 3395 i-mlo
3436 3350 3521 3397 est
3574 3340 3749 3399 la‘titia
3772 3351 3818 3401 et

2240 3446 2367 3486 cura
2407 3431 2596 3489 salutis
2626 3430 2897 3489 humanae.
2924 3431 3091 3502 Igitur
3144 3440 3196 3488 et
3235 3448 3486 3504 quaerens
3539 3433 3813 3501 hominem,

2237 3523 2481 3581 Cltr;stus
2519 3532 2636 3592 est;
2692 3533 2748 3583 et
2792 3524 3083 3599 nonaginta
3114 3541 3307 3591 norem
3357 3527 3557 3594 relicti,
3600 3526 3819 3583 ccclesiis

2240 3617 2427 3688 gloriae
2453 3616 2742 3677 multitudo
2766 3627 2849 3673 est
2902 3636 2915 3671 :
2966 3619 3052 3673 cui
3096 3633 3218 3673 cum
3267 3619 3505 3678 maximo
3534 3618 3722 3692 gaudio
3743 3634 3820 3677 er-

2238 3727 2367 3769 rans
2400 3713 2562 3768 homo
2586 3713 2637 3768 in
2672 3710 2881 3769 Domini
2912 3728 3139 3783 corpore
3168 3713 3247 3788 (Ι)
3274 3722 3357 3771 est
3387 3716 3609 3771 relatus.
3651 3716 3821 3773 Merito

2240 3805 2401 3883 igitur
2430 3804 2516 3861 hic
2539 3820 2797 3863 numerus
2829 3822 2925 3877 per
2955 3807 3186 3869 litteram
3222 3806 3296 3881 (g)
3328 3816 3384 3867 ct
3429 3808 3663 3869 Abralne
3690 3809 3821 3865 addi—

2241 3907 2326 3959 tur
2347 3909 2402 3956 ct
2428 3910 2834 3957 consummatur
2874 3899 2925 3955 in
2953 3900 3083 3957 Sara
3118 3918 3131 3956 :
3162 3917 3226 3957 ex
3255 3900 3459 3959 Abram
3490 3905 3634 3961 enim
3663 3903 3817 3958 Abra-

2241 3992 2365 4050 ham
2397 4004 2761 4063 nuncupatur,
2786 4003 2842 4051 et
2867 4009 2932 4049 ex
2961 3993 3114 4059 Sarai
3138 3995 3272 4053 Sara
3304 3995 3503 4067 accipit
3538 4013 3747 4053 nomen.
3768 3995 3816 4051 lu

2238 4101 2349 4140 uno
2379 4086 2520 4141 enim
2563 4085 2835 4143 Abraham
2881 4103 3070 4143 omnes
3120 4104 3345 4145 sumus:
3376 4097 3432 4145 et
3460 4105 3558 4159 per
3597 4104 3712 4155 tios,
3741 4087 3818 4157 qui

2242 4193 2407 4235 unum
2461 4192 2651 4235 omnes
2697 4195 2901 4247 sumus,
2953 4178 3033 4254 (lt)
3065 4179 3304 4237 etelestis
3346 4180 3538 4252 gloria:
3591 4193 3821 4238 numerus

2247 4270 2551 4341 explendus
2572 4281 2674 4328 est.
2707 4271 2886 4344 Atque
2930 4273 3051 4341 ideo
3099 4282 3156 4331 et
3179 4282 3425 4331 creatura
3456 4276 3634 4331 cumis
3678 4273 3823 4351 τεο

2238 4364 2631 4427 revelationem
2660 4365 2894 4425 ﬁliorum
2927 4366 3024 4423 Dei
3052 4375 3370 4440 exspectat:
3399 4376 3450 4424 et
3504 4369 3627 4426 ideo
3649 4383 3826 4438 congc-
3891 4439 3898 4448 ἢ

617 4538 697 4668 (αὶ
734 4540 810 4596 Ita
844 4540 897 4599 in
929 4542 1181 4600 omnibus
1212 4559 1343 4600 mss.
1404 4543 1507 4599 nisi
1555 4542 1695 4615 quod
1747 4532 1798 4598 in
1847 4557 1955 4599 uno
2008 4542 2136 4600 Bec.
2166 4555 2221 4616 ι)
2250 4544 2481 4618 Rnphael
2515 4547 2583 4603 ad
2612 4543 2829 4602 Tobiam
2869 4546 3173 4618 loquentem,
3205 4547 3376 4619 angeli
3402 4548 3692 4604 assistentes
3726 4554 3827 4603 ante

617 4626 674 4668 an
702 4615 847 4668 itum.
888 4616 953 4668 At
978 4614 1031 4668 in
1063 4616 1221 4668 editis
1243 4617 1420 4668 nrimo
1448 4618 1792 4668 nrazstralum.
1835 4628 1900 4668 ac
1924 4614 2139 4668 demum
2249 4615 2533 4668 claritatem
2563 4616 2675 4668 Dei.
2701 4631 2747 4668 et
2774 4618 3027 4668 orationes
3048 4618 3431 4668 denrecantiuin
3463 4618 3534 4668 ad
3570 4619 3725 4668 Deum
3752 4617 3825 4668 de-

2249 4615 2547 4689 claritatem
2562 4616 2675 4679 Dei.
2701 4631 2747 4672 et
2770 4615 3027 4689 orationes
3048 4615 3431 4689 deprecantium
3463 4618 3534 4671 ad
3570 4619 3725 4672 Deum
3752 4617 3825 4670 de-

2249 4692 2483 4759 ferentes.
2512 4684 2645 4743 Hinc
2670 4694 2725 4743 et
2747 4684 3134 4755 Tertullianus',
3162 4686 3228 4743 de
3249 4689 3398 4744 Orat.
3432 4705 3488 4744 η.
3527 4690 3615 4755 1‘2,
3660 4690 3826 4743 aratio-

2249 4760 2329 4831 nis
2349 4762 2586 4831 angelum
2632 4759 2894 4829 agnoscit.
2923 4760 3065 4831 Quzer
3097 4776 3167 4814 au
3192 4775 3275 4815 em
3311 4760 3399 4831 hic
3443 4762 3612 4831 magis
3663 4762 3820 4814 arrisit

2249 4829 2435 4898 lectio,
2459 4830 2749 4887 exhibetur
2774 4846 2843 4887 ex
2873 4847 3005 4891 mss.
3036 4830 3193 4891 Colb.
3223 4842 3277 4893 et
3309 4829 3476 4895 Carn.

2276 4993 2288 5006 .
2323 4923 2397 4995 (e)
2439 4921 2620 4979 Prima
2647 4923 2811 4980 editio
2838 4922 2962 4978 Par.
2995 4937 3119 4979 eum
3149 4923 3357 4999 aliquot
3400 4938 3532 4979 mss.
3582 4936 3827 4978 conrasa-

2249 5004 2405 5049 ηοσιι.

2319 5060 2401 5136 (Ι)
2434 5065 2570 5143 Quia
2616 5063 3166 5143 nimirumChristus,
3193 5078 3257 5122 ex
3299 5079 3406 5143 quo
3460 5075 3695 5119 summa
3726 5062 3826 5143 αξ.

2245 5152 2402 5223 ἐν
2422 5139 2590 5223 “suis
2623 5138 2922 5223 ρεθυφρξίεο
2957 5153 3114 5223 re"
3140 5139 3197 5223 επ
3222 5155 3275 5223 ξε
3297 5137 3584 5223 autem.
3601 5137 3820 5223 mea?

2246 5210 2325 5263 nis
2380 5216 2643 5279 tenet,gut
2690 5208 2915 5264 habetur
2958 5205 3018 5264 in
3049 5209 3183 5279 psal.
3218 5220 3289 5277 LI,
3320 5212 3376 5262 h.
3425 5205 3661 5279 {inﬂue
3690 5220 3822 5279 spe:—

2244 5286 2322 5334 tat
2367 5278 2498 5334 illud
2540 5277 2808 5335 Ambrosii
2850 5280 2925 5335 lib
2955 5276 3062 5346 vn,
3091 5280 3142 5333 in
3176 5280 3302 5335 Luc.
3334 5292 3392 5333 n.
3429 5277 3540 5335 eos
3575 5295 3591 5331 :
3622 5276 3821 5335 Christus

2258 5359 2306 5406 ts
2349 5367 2441 5405 suo
2469 5367 2681 5420 corpore
2729 5352 2881 5417 uehit,
2919 5352 3010 5418 qui
3063 5358 3151 5405 tua
3189 5352 3242 5405 in
3281 5366 3336 5404 se
3361 5359 3573 5420 peccata
3613 5347 3822 5420 suscepit:

2332 5421 2409 5506 lg)
2452 5420 2505 5475 In
2536 5413 2651 5506 sola
2676 5413 2911 5506 editione
2932 5413 3174 5506 Par._bic
3212 5413 3462 5506 adjicitur
3474 5421 3678 5506 “alpha,
3705 5413 3821 5506 quod

551 5500 725 5564 terum
765 5505 830 5545 ex
877 5493 1162 5547 occasione
1192 5486 1499 5564 superioris
1526 5494 1888 5551 conclusionis
1934 5492 2156 5563 subjicit
2260 5486 2475 5563 quidem
2507 5493 2718 5553 videtur
2737 5493 2948 5562 deesse,
2977 5490 3071 5548 sed
3102 5486 3448 5564 suppressum
3472 5486 3631 5547 facile
3655 5486 3824 5545 intelli-

554 5560 812 5639 Hilarins,
846 5576 952 5639 non
993 5560 1288 5639 tamquam
1322 5584 1388 5622 ex
1423 5569 1790 5639 superioribus
1816 5560 2155 5639 conclusum,

569 5631 667 5689 sed
699 5634 861 5689 veluti
890 5649 986 5710 per
1012 5651 1072 5691 se
1098 5631 1153 5691 in
1177 5639 1469 5710 Scripturis
1491 5631 1779 5710 'manll'este
1804 5631 2163 5708 comprehenL

574 5718 719 5780 sum,
752 5704 1075 5780 putaAApoe.
1098 5724 1212 5779 rm,
1243 5704 1410 5780 3,'vel
1436 5711 1597 5768 etiam
1625 5708 1759 5767 Tob.
1801 5726 1900 5779 ιιι,
1933 5704 2028 5777 η,
2057 5723 2164 5779 quo

2235 5574 2428 5711 {nillil
2472 5637 2828 5711 Ita_plerique_
2873 5649 3023 5711 mss._
3051 5634 3190 5711 Editi
3237 5647 3366 5690 vero
3386 5647 3512 5711 cum
3541 5644 3668 5711 mss.
3691 5628 3819 5686 Colb.

2279 5703 2437 5765 Boni.
2462 5717 2519 5764 et
2542 5703 2705 5765 (iam.
2731 5703 2947 5763 calcatis
2974 5705 3220 5762 Ecclesia!
3244 5722 3265 5761 :
3287 5705 3431 5776 quod
3469 5714 3525 5760 et
3548 5703 3697 5759 nobis
3721 5712 3819 5774 pro-

579 5773 815 5842 pcrtinet
861 5773 990 5833 illud
1024 5787 1157 5836 tract
1189 5773 1294 5854 psf
1324 5798 1450 5851 cxx,
1498 5797 1552 5839 n.
1583 5784 1614 5839 7
1646 5781 1846 5853 :Sunt,
1888 5773 2168 5839 secundum
2274 5781 2512 5853 baretur,
2545 5780 2650 5837 nisi
2677 5794 2838 5853 supra
2877 5780 3199 5854 legeremus,
3240 5773 3525 5851 nonaginta
3552 5773 3819 5834 nomn-
