3974 6198
113 265 257 320 “iii

1028 258 1563 319 (IOMMENTMIIUS
1606 259 1666 316 IN
1709 257 2132 316 MATTII/EUM.
2174 257 2326 314 CAP.
2369 258 2552 314 XVIII.

3275 263 3412 318 162')

113 381 302 436 trtiscit
325 388 380 434 et
409 379 578 445 dolet,
603 387 661 432 ut
687 394 967 444 numerus,
1005 379 1096 448 qni
1152 393 1245 448 per
1280 377 1439 447 alpha
1491 373 1722 434 Abrahat
1753 383 1806 444 Α
1832 373 1946 445 pari
1972 373 2164 444 Spiritu
2184 389 2245 430 ac
2271 375 2545 433 voluntate
2563 375 2772 431 collecti
2807 377 2934 443 sint,
2981 376 3050 430 ibi
3081 393 3138 432 se
3183 381 3418 440 tuentium

107 473 337 530 additus
357 481 463 535 est.
499 481 555 526 ct
579 472 668 540 qui
701 472 780 540 (α)
805 471 855 526 in
877 471 1040 541 alpha
1060 479 1469 526 consummatus
1498 467 1551 522 in
1588 466 1723 525 Sara

108 575 224 630 est,
257 569 322 620 ad
358 564 640 620 caelestem
659 565 1104 620 constitutionem
1134 565 1471 618 incremento
1492 558 1717 616 creden-

111 659 258 714 tium
289 656 601 724 impleatur.

193 751 250 806 7.
293 749 648 820 Correptionis
685 736 815 802 ordo
844 750 902 802 in
939 746 1156 803 Juda'os
1180 765 1212 802 a
1243 746 1353 802 Deo
1374 755 1622 804 senatus.
1654 772 1725 789 -—

112 844 276 910 Quod
314 845 359 898 si
381 844 659 911 peccauerit
695 845 748 896 in
773 852 822 897 te
858 847 1017 913 frater
1065 852 1210 909 tuus,
1255 841 1382 897 vade
1421 851 1470 896 et
1521 841 1723 910 corripe

108 953 253 1000 eum,
284 945 340 992 et
367 937 565 1006 reliqua
595 935 785 1010 (lbid.,
816 935 928 1008 I5).
959 936 1090 991 Eum
1115 935 1360 990 ordinem
1384 933 1724 990 continendae

115 1029 408 1085 charitaiis
445 1029 602 1084 nobis
656 1029 913 1085 Dominus
967 1027 1244 1095 imposuit,
1299 1044 1458 1097 quem
1508 1027 1622 1098 ipse
1669 1027 1721 1080 iit

115 1121 500 1179 conservando
533 1121 700 1178 Israel
731 1129 978 1177 tenuerat
1012 1118 1154 1193 (Leu.
1204 1135 1318 1186 xtx,
1363 1103 1460 1188 18)
1511 1135 1524 1170 :
1569 1116 1726 1188 jubet

115 1216 269 1271 enim
296 1221 610 1286 peccantem
642 1213 860 1267 fratrem
891 1212 959 1268 ab
986 1227 1052 1270 eo
1081 1211 1218 1276 solo,
1254 1211 1306 1265 itt
1338 1225 1496 1281 quem
1539 1223 1726 1280 pet-ca-

112 1308 286 1372 verit,
317 1305 518 1375 corripi
539 1318 700 1376 atque
722 1305 1014 1376 obiurgari.
1072 1304 1192 1372 Ipse
1233 1305 1376 1360 enim
1416 1301 1727 1358 sacriﬁcan-

115 1411 232 1457 tem
263 1400 368 1456 diis
388 1399 584 1456 alienis
631 1401 892 1470 populum
937 1397 1244 1463 Judaicutu,
1294 1395 1586 1466 maiestatis
1614 1409 1726 1450 suae

111 1495 384 1557 adventu,
406 1503 461 1549 et
493 1502 605 1549 toto
647 1491 928 1561 przescntis
971 1491 1256 1562 potestatis
1313 1499 1519 1546 terrore
1559 1487 1727 1544 corri-

112 1589 237 1659 puit
261 1587 358 1658 (b).
382 1587 446 1642 Et
470 1595 604 1650 tum,
632 1600 753 1640 eum
800 1585 942 1641 idem
978 1583 1207 1653 populus
1253 1580 1327 1654 (c)
1370 1581 1460 1641 Dei
1506 1579 1727 1652 prOpiu-

111 1683 344 1754 quantis
363 1681 684 1744 adventum,
715 1691 868 1736 extra
895 1688 1134 1734 montem
1172 1677 1294 1733 licet
1325 1677 1551 1746 positus,
1582 1673 1726 1732 ferre

1825 483 2007 525 eorum
2034 468 2355 538 polliceatur
2384 469 2642 524 futurum.
2669 470 2789 540 Ipse
2814 469 2960 526 enim
2992 486 3092 541 pax
3110 480 3270 540 atque
3287 474 3420 530 ehn~

1825 560 1976 627 ritas,
2006 560 2188 616 sedem
2219 571 2377 632 atque
2401 563 2563 634 760
2592 562 2970 618 habitationem
2997 563 3046 618 itt
3073 562 3224 618 bouis
3247 574 3294 620 et
3324 581 3419 636 pa-

1825 654 1994 711 citieis
2023 655 2388 712 voluntatibus
2413 656 2714 710 collocabit.

1899 745 1984 802 10.
2018 743 2156 802 Deus
2185 748 2292 802 sine
2314 747 2465 801 modo
2495 747 2638 802 nobis
2663 747 2950 819 ignoscent,
2981 750 3085 804 vult
3117 759 3163 810 et
3191 768 3286 808 nos
3313 753 3422 810 sine

1826 838 1974 892 modo
1998 839 2114 894 aliis
2141 839 2416 911 ignoscere.
2451 837 2512 894 In
2537 837 2662 894 Cain
2697 840 3092 908 homicidarum,
3119 844 3174 897 in
3199 841 3423 904 Lamech

1831 930 2154 987 Deicidarum
2200 948 2348 1003 pinna
2383 942 2456 988 est
2501 932 3206 1000 adumbratm—Qttterenti
3231 937 3426 1000 deinde

1826 1024 2010 1091 Petro,
2040 1041 2107 1080 an
2140 1027 2379 1095 peccanti
2431 1028 2483 1082 in
2541 1041 2600 1082 se
2651 1025 2804 1081 fratri
2850 1027 3048 1096 septies
3089 1032 3423 1098 remitteret,

1827 1113 2142 1190 reSpotttlit:
2176 1121 2300 1176 Non
2323 1138 2479 1192 usque
2518 1121 2722 1191 septies,
2767 1121 2857 1176 sed
2906 1139 3062 1191 usque
3114 1124 3427 1194 septuagin-

1825 1217 2012 1286 septies
2043 1216 2061 1288 (
2087 1214 2254 1284 Ibid,
2284 1216 2346 1276 ﬁl
2387 1226 2435 1271 ct
2471 1215 2542 1270 2‘2
2572 1214 2612 1287 ).
2663 1214 2822 1274 Omni
2877 1215 3036 1270 modo
3075 1215 3139 1270 ad
3178 1216 3428 1272 similitu-

1827 1309 2008 1368 dinem
2043 1325 2144 1366 nos
2171 1311 2489 1366 humilitatis
2519 1325 2583 1366 ac
2634 1309 2888 1366 bonitatis
2941 1325 3052 1366 sua:
3094 1311 3330 1376 instruit,
3373 1321 3430 1368 et

1828 1403 2135 1458 moliiendis
2185 1419 2246 1458 ac
2280 1404 2590 1472 frangendis
2635 1403 2964 1458 turbidorum
3018 1413 3258 1459 motuum
3303 1420 3430 1460 no-

1827 1503 2032 1550 trnrum
2055 1495 2278 1561 aculeis,
2304 1495 2679 1565 placabilitatis
2704 1512 2814 1548 sure
2837 1495 3120 1550 confirmat
3140 1496 3422 1565 exemplo:

1826 1589 2024 1658 quippe
2055 1600 2397 1658 peccatorum
2445 1590 2686 1641 nuntium
2742 1587 2952 1641 Veniam
2994 1604 3088 1656 per
3119 1587 3277 1643 fidem
3329 1589 3426 1643 tri-

1825 1681 2018 1738 buens.
2064 1681 2248 1752 Neque
2272 1683 2416 1736 enim
2457 1691 2667 1736 haliter
2707 1691 2910 1736 nostra:
2964 1681 3090 1735 vitia
3143 1681 3429 1746 indulgeri.

110 1791 228 1830 non
267 1773 438 1845 potuit
464 1772 566 1843 (ά),
602 1771 931 1828 inobedienti
981 1771 1144 1828 etiam
1169 1785 1333 1826 unum
1388 1780 1548 1839 atque
1591 1767 1728 1826 ducs
1758 1768 1805 1834 Β
1835 1777 1964 1831 tiam
1996 1775 2361 1830 merebantur.
2389 1776 2529 1846 Ergo
2562 1775 2713 1830 venia
2765 1776 2940 1829 omnis
2971 1789 3034 1830 ex
3068 1789 3134 1830 eo
3159 1783 3244 1830 est
3267 1791 3279 1830 :
3303 1781 3427 1830 eum

107 1870 283 1941 jussit
331 1869 603 1935 adhiberi,
630 1877 692 1924 ut
721 1868 776 1924 in
805 1883 902 1924 ore
928 1866 1094 1922 duum
1149 1867 1364 1924 testitIm
1413 1864 1546 1920 ﬁdes
1579 1864 1726 1920 Verbi

111 1979 186 2019 ac
205 1964 410 2018 veritas
450 1969 666 2016 maneat
698 1980 711 2014 :
750 1961 870 2030 quia
921 1959 1176 2018 insolenti
1223 1957 1388 2014 Israel
1420 1957 1503 2013 lex
1527 1965 1584 2014 et
1604 1972 1728 2028 pm-

113 2060 303 2130 pltette
327 2068 386 2115 et
409 2057 646 2114 Joannes
669 2065 754 2114 est
778 2056 1000 2121 missus,
1025 2056 1362 2126 testibusque
1390 2055 1506 2110 istis
1531 2062 1587 2110 ut
1608 2069 1728 2122 pec-

113 2167 252 2207 care
280 2151 558 2207 desineret
586 2160 890 2206 conventus
917 2160 1020 2212 est.
1055 2151 1216 2206 tertio
1240 2149 1358 2218 ipso
1391 2147 1600 2201 Domini
1633 2144 1728 2199 ad-

111 2253 312 2310 ventu,
343 2251 614 2314 tamquam
639 2251 783 2300 emta
816 2242 1070 2298 Ecclesia:
1117 2240 1488 2311 inspectantis.
1539 2238 1729 2296 admo-

116 2339 275 2396 niins
299 2346 384 2393 est
437 2355 449 2391 :
510 2336 822 2406 frustraque
870 2335 1068 2391 habitis
1113 2335 1196 2390 his
1241 2333 1727 2405 objurgationibus,

117 2428 398 2500 publicani
428 2438 520 2484 aut
540 2428 736 2483 ethnici
766 2428 970 2486 vilitate
999 2428 1305 2499 negligitur.

199 2523 254 2578 8.
300 2519 522 2592 Ligandi
549 2530 597 2575 et
645 2521 876 2576 solvendi
913 2531 1134 2592 potestas
1169 2520 1421 2592 apostolis
1473 2519 1616 2574 data.
1650 2547 1719 2560 -ο

121 2613 212 2670 Ad
243 2623 508 2670 terrorem
538 2623 722 2670 autem
766 2626 944 2669 metus
988 2613 1230 2679 maximi,
1271 2627 1378 2682 quo
1409 2613 1460 2665 in
1493 2627 1731 2683 praesens

122 2720 324 2762 omnes
364 2705 799 2772 continerentur,
852 2705 1127 2762 immobile
1159 2707 1463 2762 severitatis
1515 2714 1734 2774 aposto-

122 2799 251 2854 lica:
277 2797 540 2866 iudicium
572 2798 826 2867 praemisit
860 2818 873 2853 :
904 2808 961 2853 ιιι
985 2812 1124 2870 quos
1166 2798 1218 2852 in
1247 2799 1408 2854 terris
1449 2799 1733 2870 ligaverint

124 2891 185 2947 id
209 2900 312 2956 est,
339 2899 680 2960 peccatorum
705 2891 859 2948 nodis
888 2893 1116 2948 innexos
1140 2892 1470 2962 reliquerint,
1517 2905 1571 2948 et
1595 2907 1733 2965 quos

124 2985 414 3052 solverint,
446 2983 515 3057 (e)
545 2986 888 3043 confessione
931 2986 1182 3042 videlicet
1225 2988 1397 3043 venia:
1428 2990 1734 3059 receperint

126 3079 186 3134 in
215 3077 445 3134 salutem
492 3077 730 3144 (Matth,
760 3084 910 3146 xvn't,
945 3079 1070 3152 18);
1105 3080 1161 3135 bi
1192 3082 1504 3151 apostolica:
1545 3084 1731 3142 condi—

1827 1869 1988 1924 etiant
2037 1884 2099 1923 ea
2145 1885 2262 1937 qua:
2293 1869 2344 1921 in
2376 1883 2435 1922 se
2466 1868 2573 1921 sint
2599 1879 2840 1936 peccata,
2874 1876 2995 1936 post
3028 1867 3259 1922 reditum
3297 1879 3429 1922 cou-

1828 1961 2080 2018 fessionis
2104 1960 2397 2032 indulgeat.
2431 1958 2700 2018 Solvenda
2726 1959 2944 2030 quidem
2977 1971 3071 2030 per
3100 1958 3232 2017 Gaio
3262 1969 3418 2028 pana

1828 2053 1882 2110 in
1909 2054 2214 2124 septuplum
2241 2055 2528 2110 constituta
2554 2063 2636 2110 est
2657 2051 2677 2125 (
2699 2051 2830 2108 Gen.
2867 2069 2947 2119 tv,
2976 2051 3046 2112 24
3083 2055 3102 2121 )
3133 2071 3146 2107 :
3180 2052 3276 2108 sed
3304 2063 3427 2122 pec-

1827 2156 2008 2203 catutu
2049 2146 2180 2201 illud
2225 2146 2278 2200 in
2311 2145 2582 2200 hominem
2625 2153 2708 2200 est
2741 2161 2757 2209 ι
2787 2145 2838 2202 iit
2867 2143 3004 2199 Abel
3031 2144 3175 2198 enim
3199 2131 3424 2200 imirent

1829 2251 2111 2312 peccatum
2155 2251 2324 2307 usque
2352 2237 2417 2292 ad
2451 2251 2638 2294 necem
2691 2235 2884 2290 fuerat.
2936 2235 3041 2290 Sed
3090 2233 3144 2290 in
3192 2233 3427 2293 Lameclt

1829 2335 2150 2404 supplicium
2177 2347 2345 2403 usque
2373 2331 2440 2390 ad
2469 2331 2774 2402 septuagios
2821 2341 2874 2389 et
2909 2331 3109 2399 septies
3152 2338 3236 2386 est
3286 2345 3424 2386 con-

1831 2430 2080 2485 sumtum
2105 2445 2119 2492 ;
2151 2437 2203 2488 et
2227 2429 2280 2481 in
2309 2443 2398 2494 eo,
2422 2435 2678 2497 quantum
2709 2424 3102 2489 existimamus,
3131 2425 3425 2480 constituta

1835 2524 1888 2579 in
1909 2530 2160 2582 auctores
2187 2522 2472 2580 dominica:
2503 2520 2767 2591 passionis
2815 2528 2900 2575 est
2933 2527 3110 2590 pinna.
3157 2517 3262 2574 Sed
3325 2518 3429 2573 lio-

1834 2616 2013 2672 minus
2041 2632 2136 2685 per
2157 2614 2552 2670 mittiusioncm
2599 2612 2933 2669 credentium
2983 2611 3142 2680 hujus
3182 2610 3424 2666 criminis

1833 2710 2048 2765 veniam
2097 2708 2341 2778 largitur,
2391 2707 2440 2761 id
2489 2716 2591 2772 est,
2643 2722 2736 2776 per
2780 2705 3031 2775 baptismi
3085 2720 3280 2759 munus
3328 2704 3425 2758 ob-

1839 2801 2218 2857 trectatoribus
2263 2815 2326 2858 ac
2374 2797 2812 2870 persecutoribus
2845 2797 3071 2868 gratiam
3113 2794 3304 2850 salutis
3347 2794 3431 2848 itt-

1835 2896 2054 2966 dnlget:
2083 2903 2284 2966 quanto
2330 2895 2502 2964 magis
2554 2903 2807 2962 oportere
2852 2890 3087 2946 ostendit
3115 2891 3232 2944 sine
3269 2887 3430 2944 modo

1835 3005 1899 3047 ac
1939 3005 2165 3046 numero
2212 2988 2422 3045 veniam
2470 3005 2500 3041 a
2551 2986 2706 3042 nobis
2752 2999 2873 3041 esse
2917 2983 3269 3050 reddendam,
3325 2997 3426 3036 nec

1837 3083 2180 3155 cogitandum
2213 3083 2462 3154 Quotiens
2497 3081 2868 3144 remittamus;
2891 3077 2986 3133 sed
3009 3075 3244 3149 (supple,
3269 3089 3353 3145 opt
3380 3090 3432 3130 ro

126 3172 280 3227 tione
309 3171 593 3227 sententiae
616 3173 668 3228 in
694 3172 850 3230 ccelis
876 3188 1094 3245 quoque
1140 3183 1234 3231 aut
1276 3175 1433 3232 soluti
1483 3177 1592 3232 sint
1638 3185 1732 3232 aut
1759 3177 1805 3239 G
1838 3186 1952 3234 tere
1984 3177 2006 3248 )
2057 3187 2113 3232 ut
2136 3176 2292 3230 irasci
2324 3175 2406 3229 itis
2429 3175 2519 3244 qui
2550 3174 2603 3227 in
2630 3187 2728 3227 nos
2757 3179 3001 3242 peccant,
3023 3170 3272 3240 quotiens
3296 3169 3432 3222 iras—

122 3265 301 3336 ligati.

203 3357 257 3412 9.
305 3355 528 3412 Unitatis
567 3359 748 3414 merito
780 3359 855 3413 nil
889 3370 1039 3431 neget
1091 3359 1251 3417 Deus.
1305 3391 1376 3404 —-
1421 3361 1475 3417 In
1526 3371 1731 3418 tantum

126 3450 296 3521 igitur
334 3449 581 3505 humana:
627 3451 774 3520 pacis
799 3452 1000 3506 studuit
1049 3455 1377 3520 concordiae,
1423 3465 1480 3510 ut
1512 3456 1732 3512 unitatis

130 3543 335 3596 merito
358 3541 558 3607 omnia,
597 3557 719 3613 quae
747 3557 777 3599 a
809 3543 918 3599 Deo
944 3545 1208 3614 precanda
1233 3547 1362 3611 sint,
1398 3548 1730 3619 impetranda

129 3648 258 3691 esse
287 3633 572 3690 conﬁrmet
599 3633 789 3705 (Ibid.,
815 3636 881 3693 t9
912 3637 1102 3709 cliti);
1131 3651 1187 3695 et
1207 3638 1297 3693 ubi
1315 3638 1597 3711 duoatquc
1624 3651 1730 3696 tres

125 3798 258 3854 licti.
293 3797 505 3868 cmlestis
529 3796 707 3868 gloria:
729 3798 1003 3852 multitudo
1029 3809 1122 3853 est.
1153 3800 1320 3854 Paulo
1356 3807 1480 3854 ante
1512 3801 1562 3854 in
1591 3815 1722 3856 mss.

123 3871 287 3941 Coll).
311 3877 367 3922 et
391 3867 581 3941 Caro},
611 3885 764 3941 super
783 3886 896 3932 nos,
928 3884 1031 3923 non
1063 3887 1152 3941 per
1183 3888 1293 3924 nos.
1328 3871 1382 3924 In
1411 3888 1518 3925 uno
1555 3871 1726 3925 Abra-

125 3940 256 3996 ham
289 3953 475 4011 omnes
507 3937 692 3993 fideles
719 3951 846 3994 sunt
891 3937 1164 4010 tamquam
1213 3943 1265 3996 in
1313 3943 1495 3997 radice
1541 3959 1603 3997 ac
1637 3957 1728 4011 pa-

126 4009 452 4082 rente._lpsc
482 4019 562 4064 est
587 4011 754 4082 enim,
789 4009 1086 4082 secundum
1130 4014 1432 4080 apostolum
1459 4009 1723 4082 Rom,tv,

126 4085 189 4138 Η
234 4101 246 4136 :
296 4079 454 4136 Pater
484 4081 712 4135 omnium
763 4081 1101 4146 credentium,
1150 4079 1205 4138 et
1244 4085 1540 4140 secundum
1576 4079 1726 4140 Hilaé

124 4155 270 4236 rium
319 4161 562 4206 nostrum
596 4153 649 4206 itt
706 4153 822 4222 psal
870 4169 1088 4220 cxxxrv,
1123 4171 1176 4209 n.
1229 4157 1284 4222 Β,
1335 4157 1568 4229 princeps
1597 4159 1728 4210 elec-

124 4237 302 4279 ttoms.
471 4264 474 4268 .

204 4295 292 4367 (αλ
329 4293 482 4358 Bad.,
516 4294 636 4358 En,
661 4293 807 4363 Lips.
836 4309 960 4367 cum
984 4309 1117 4367 mss,
1147 4294 1348 4352 Turon.
1384 4295 1627 4352 etCarn.
1673 4297 1727 4351 in

124 4365 240 4422 rfto.
278 4365 522 4433 Plerique
549 4367 639 4420 alii
673 4381 803 4420 mss.
836 4366 888 4420 in
934 4381 1012 4421 ra.
1052 4366 1222 4421 Nemo
1279 4381 1387 4421 non
1440 4368 1583 4422 videt
1641 4367 1729 4424 hic

126 4437 329 4508 respici
365 4437 625 4508 rationem
658 4437 972 4508 numerandi
995 4437 1133 4507 apud
1180 4437 1398 4494 Grmcos
1445 4440 1721 4505 usitatam,

126 4507 270 4578 apud
305 4523 441 4577 quos
477 4507 636 4576 alpha
665 4507 983 4578 principium
1026 4518 1110 4565 est
1151 4525 1499 4565 numerorum
1527 4521 1582 4565 et
1611 4513 1734 4566 nni.

129 4588 299 4635 tatem
327 4580 589 4648 designat.

205 4649 283 4722 (ὁ)
320 4650 476 4711 Edili,
510 4649 908 4714 corripuittnm,
933 4649 1130 4705 omissa
1153 4651 1418 4722 particula
1444 4663 1518 4717 et,
1560 4669 1720 4721 quant

128 4721 448 4791 supplemus
471 4736 534 4774 ex
562 4736 654 4775 sex
676 4733 804 4776 mss.
840 4736 1012 4789 eaque
1051 4721 1355 4778 declaratur
1394 4724 1530 4778 alter
1565 4725 1719 4785 ordo,

127 4807 292 4860 quem
338 4793 391 4846 itt
427 4791 736 4846 Jttdteorutn
777 4793 1121 4861 correptione
1150 4794 1288 4847 Deus
1317 4795 1509 4847 tenuit.
1545 4794 1726 4848 Primo

127 4864 276 4936 enim
307 4877 399 4918 eos
449 4877 551 4936 per,
573 4876 632 4916 se
665 4868 888 4928 terruit,
921 4879 983 4917 ac
1013 4873 1123 4917 tum
1155 4866 1234 4917 sui
1269 4863 1608 4936 impatientes
1633 4881 1730 4936 per

99 4943 104 4948 ‘
129 4934 306 5005 legem
324 4944 388 5005 et_
407 4935 698 5001 prophetas
718 4935 999 5004 corripuit.
1024 4943 1296 4995 postremo
1307 4935 1527 4990 eosdem
1545 4934 1731 4990 admo-

130 5003 244 5060 nuit
280 5007 331 5060 in
361 5003 598 5069 Christo,
633 5006 685 5058 itt
712 5021 819 5073 quo
841 5003 930 5072 per
955 5015 1193 5060 naturam
1216 5007 1437 5071 suscepti
1475 5009 1728 5075 corporis,

131 5077 370 5150 quietiam
384 5077 600 5130 universi
621 5075 1050 5150 generisjtnntani
1072 5077 1699 5150 congregatiozeontinetur
1715 5119 1730 5146 ,

131 5159 189 5204 ut
217 5147 444 5202 habetur
473 5161 591 5205 catt.
619 5150 672 5212 4,
698 5164 753 5200 ιι.
787 5147 875 5202 12.

205 5219 281 5289 (c)
305 5219 360 5273 Itt
389 5234 490 5272 ms.
519 5217 775 5272 Beceensi
801 5259 815 5282 ,
851 5217 948 5271 Dei
979 5220 1298 5290 majestatem
1344 5219 1737 5290 propinquantii

132 5291 202 5343 ad
232 5300 456 5343 montem
478 5326 493 5353 ,
542 5301 686 5342 extra
715 5300 935 5344 montem
963 5289 1100 5350 licet.
1130 5301 1260 5356 etc.,
1289 5289 1556 5359 glossema
1586 5329 1602 5356 ,
1651 5291 1735 5345 cui

134 5361 299 5416 lectio
321 5375 451 5414 mss.
476 5361 855 5426 quorumdam,
883 5361 950 5414 ad
979 5369 1197 5414 montem
1225 5361 1343 5416 loco
1373 5361 1520 5416 vocis
1545 5363 1734 5416 adirem

133 5442 240 5486 tum
269 5429 659 5496 oxhibeutiutn,
696 5430 872 5485 locum
899 5431 1070 5486 dedit.

208 5503 293 5574 (ιι)
311 5502 365 5556 Ιιι
390 5501 638 5574 vulgatis,
662 5506 795 5571 ferre
811 5519 914 5556 non
938 5504 1098 5572 potuit
1114 5501 1532 5565 inobedientiatn,
1556 5519 1739 5568 unum,

137 5571 243 5628 etc.
278 5571 620 5628 Prscferimu
655 5587 776 5628 eum
809 5571 943 5627 mss.
971 5576 1402 5637 sincerioribus,
1429 5575 1743 5629 inobediettti

137 5645 315 5710 etiam,
365 5643 505 5715 quod
531 5643 830 5715 respondet
869 5645 1050 5700 verbis
1078 5644 1424 5715 eritngelieis,
1472 5647 1535 5702 Si
1561 5656 1608 5702 te
1639 5663 1742 5702 non

141 5715 387 5768 audierit.
444 5713 917 5783 llujus’lectionis
967 5717 1085 5775 loco
1135 5713 1320 5774 expiari
1365 5732 1496 5781 tuas.
1546 5719 1746 5778 habent

135 5786 534 5846 tnaudientiam.

1751 4619 1804 4679 1)

1837 3271 1994 3328 cettdi
2017 3269 2315 3327 necessitas
2342 3269 2640 3333 exstiterit,
2675 3264 3026 3320 desinamus?
3078 3262 3210 3330 Quae
3249 3261 3431 3330 utique

1836 3363 2009 3419 veniae
2037 3362 2327 3418 assiduitas
2369 3359 2550 3423 docet,
2595 3357 2800 3412 nullum
2855 3355 3076 3410 omnino
3139 3369 3300 3424 penes
3329 3366 3429 3405 not

1836 3454 1930 3509 irte
1963 3463 2171 3524 tempus
2201 3467 2322 3508 esse
2343 3458 2593 3521 oportere
2620 3468 2633 3504 :
2677 3448 2891 3518 quando
2937 3445 3176 3500 omnium
3207 3443 3430 3499 omnino

1836 3547 2207 3619 peccaminum
2251 3545 2463 3600 veniam
2495 3545 2635 3598 Deus
2657 3542 2812 3597 nobis
2847 3555 2947 3594 suo
2975 3539 3154 3609 potius
3181 3549 3424 3602 munere,

1833 3657 1993 3714 quam
2018 3651 2208 3697 nostra
2244 3638 2436 3696 merito
2479 3637 2754 3708 largiatur.
2788 3634 2970 3703 Neque
3017 3633 3160 3687 enim
3203 3632 3281 3684 fas
3322 3639 3430 3694 est,

1904 3797 1974 3871 (ε)
2005 3801 2254 3867 Dallmus,
2297 3801 2389 3854 lib.
2423 3816 2479 3854 Ill
2519 3799 2585 3854 de
2609 3797 2871 3871 Conf.,_e.
2901 3795 2957 3871 9,
2993 3795 3078 3850 hic
3108 3797 3428 3852 concessione

1829 3868 1989 3926 venire
2015 3873 2442 3926 substituendutn
2467 3869 2760 3925 contendit.
2787 3868 3067 3923 Reclamat
3087 3878 3270 3923 c0ntra
3296 3884 3346 3919 ν.
3375 3882 3424 3921 c.

1833 3943 2086 4007 Iacobus,
2122 3944 2345 3998 Boilcan
2375 3943 2502 3997 ilist.
2524 3941 2592 3997 de
2617 3943 2774 3996 Doni.
2801 3941 2967 3993 auric.
2987 3953 3035 3994 c.
3065 3939 3116 4003 8,
3157 3938 3284 3992 nihil
3307 3954 3428 3993 esse

1831 4015 2258 4078 immutandum;
2291 4026 2381 4069 aut
2411 4017 2454 4067 si
2491 4013 2616 4081 quid
2665 4010 2976 4065 mutandum
3010 4010 3098 4073 sit,
3132 4007 3275 4081 uenia
3305 4012 3423 4062 loco

1829 4088 1989 4140 venit:
2028 4085 2310 4152 legendum
2353 4099 2474 4139 esse
2495 4079 2521 4148 ;‘
2545 4093 2599 4136 ιιι
2629 4083 2878 4136 nimirum
2907 4081 3176 4135 cuttfessio
3202 4079 3422 4152 dicatur

1832 4159 2025 4221 veniae,
2059 4149 2179 4224 quia
2209 4158 2376 4210 vehite
2406 4157 2472 4208 sit
2502 4164 2684 4215 causa.
2713 4168 2776 4224 ea
2825 4153 3029 4205 ratione
3059 4165 3175 4224 qua
3201 4151 3252 4204 in
3285 4149 3419 4224 psal.

1832 4243 2014 4289 cxvnt.
2048 4220 2101 4281 ιι.
2156 4228 2243 4294 13,
2275 4225 2343 4280 de
2373 4225 2686 4294 poenitentia
2727 4222 2929 4294 dictum
2963 4230 3045 4294 est
3074 4220 3251 4294 :_Haec
3276 4222 3423 4274 venia

1833 4303 2027 4368 peccati
2053 4309 2148 4363 est,
2179 4290 2282 4352 etc.
2321 4290 2519 4352 Dallaro
2548 4296 2727 4368 negari
2761 4293 2944 4368 nequit
2982 4290 3277 4368 clarior-ent
3305 4305 3426 4346 esse

1831 4361 1951 4424 eam
1999 4361 2281 4426 lectionem
2307 4411 2320 4432 ,
2372 4380 2530 4436 quam
2582 4365 2932 4419 inducendam
2960 4364 3142 4417 vellet.
3173 4361 3278 4436 Sed
3309 4377 3416 4430 quo

1831 4441 2029 4496 clarior
2054 4445 2157 4504 est,
2186 4454 2252 4494 eo
2277 4434 2452 4498 minus
2494 4436 2810 4492 mutationis
2835 4445 3078 4501 suspecta
3117 4441 3201 4487 eat
3233 4434 3420 4487 altera.

1830 4511 1975 4567 Niitil
2004 4514 2149 4567 enim
2176 4520 2258 4565 est
2285 4525 2380 4565 cur
2423 4512 2564 4563 illam
2593 4509 2851 4562 attribuat
2887 4505 3181 4560 scioiorum
3209 4504 3426 4557 temeri-

1834 4585 1950 4647 tati,
1978 4598 2099 4638 eum
2133 4582 2186 4637 hi
2221 4592 2424 4636 tantum
2457 4588 2665 4634 mutare
2691 4579 2922 4642 Soletint,
2955 4577 3095 4646 quod
3132 4590 3236 4630 non
3267 4575 3426 4629 intel-

1831 4655 2021 4721 ligunt,
2050 4664 2104 4708 et
2147 4656 2200 4707 ιιι
2228 4654 2477 4706 obscuris
2503 4650 2636 4704 locis
2684 4651 2940 4703 clariores
2969 4647 3422 4721 setttentias‘snh-

1827 4717 2073 4780 stit'ttere.
2091 4723 2276 4793 Longe
2304 4723 2480 4778 minus
2505 4722 2956 4794 typographorum
2978 4718 3238 4794 incuriam
3268 4717 3422 4771 iucu-

1829 4797 1952 4851 sare
1983 4797 2176 4857 valeat,
2205 4788 2326 4849 cum
2360 4788 2585 4848 ﬁdeliter
2605 4788 2988 4861 eipresseriut,
3019 4788 3160 4860 quod
3192 4792 3260 4861 in
3291 4805 3422 4840 mss.

1833 4869 2174 4922 invenerunt.
2207 4866 2320 4920 Non
2352 4867 2494 4921 enim
2525 4859 2728 4918 tantum
2761 4865 2813 4917 itt
2859 4861 3016 4916 editis
3042 4859 3306 4914 omnibus
3335 4874 3429 4913 cx-

1834 4947 1939 4993 stat
1960 4939 2310 5007 confessione,
2343 4937 2436 4993 sed
2462 4951 2527 4991 ex
2553 4936 2798 4990 ttudecint
2831 4947 2961 4986 mss.
2995 4947 3024 4985 a
3055 4931 3212 5007 nobis
3237 4944 3435 5007 excus-

1835 5011 1934 5076 sis,
1967 5025 2034 5064 ne
2059 5001 2114 5063 in
2140 5024 2246 5063 uno
2274 5010 2490 5079 quidem
2514 5007 2672 5079 aliter
2712 5009 2887 5079 legere
2903 5013 3019 5057 est.
3053 5003 3235 5071 Neque
3265 5001 3428 5079 etiarn

1841 5071 2001 5136 aliter
2020 5071 2306 5151 legendum
2333 5080 2520 5133 suadet
2549 5077 2677 5132 illud
2705 5071 2846 5145 qu'nd
2877 5084 2994 5143 post
3019 5088 3182 5151 pauca
3213 5071 3450 5151 subjici-'

1844 5164 1929 5207 tur
1959 5170 1970 5205 :
2009 5145 2142 5225 ergo
2163 5152 2308 5205 venia
2333 5152 2496 5204 omnis
2526 5165 2675 5225 exeo
2698 5158 2790 5210 est,
2821 5164 2936 5225 cuin
2963 5148 3116 5225 etiam
3148 5159 3206 5225 ea
3228 5160 3349 5225 qua:
3385 5145 3438 5198 in

1841 5239 1896 5279 se
1936 5226 2035 5278 sint
2079 5217 2292 5296 peccata
2315 5266 2328 5286 ,
2362 5230 2475 5296 post
2523 5223 2741 5296 reditum
2773 5218 3110 5288 confessionis
3148 5217 3436 5296 indulgeat.

1842 5296 1977 5349 Cum
2011 5290 2188 5365 itaque
2224 5290 2371 5348 nihil
2404 5293 2806 5365 immutandum
2827 5297 3040 5346 constet
3069 5329 3084 5354 ,
3128 5290 3442 5365 expenden-

1847 5358 2163 5440 dumrestat
2180 5366 2307 5440 quid
2333 5365 2561 5420 i-IilariUs
2585 5363 2684 5440 sibi
2709 5363 2832 5417 velit
2855 5368 3156 5440 :_quatttunt
3183 5358 3439 5425 sapimus,

1847 5439 2167 5494 vocabulum
2198 5433 2359 5492 penite
2384 5480 2397 5503 ,
2445 5449 2549 5489 non
2582 5436 2646 5488 ad
2683 5433 3075 5504 prmcedentem
3094 5441 3292 5504 you-tu
3323 5441 3446 5504 (φι-

1851 5511 2071 5583 fessione
2093 5549 2107 5573 ,
2152 5509 2246 5564 sed
2277 5509 2343 5563 ad
2378 5495 2843 5583 subsequentem,
2871 5502 2989 5557 scil.
3026 5498 3246 5583 salutent
3262 5495 3446 5578 prefe-

1849 5575 2076 5638 i'ettdum
2101 5591 2181 5635 est
2211 5623 2224 5646 ,
2258 5590 2312 5633 ιιι
2345 5581 2435 5645 sit,
2470 5575 2598 5650 quos
2623 5576 2940 5650 confessione
2969 5575 3247 5650 receperint
3278 5575 3336 5650 in
3365 5580 3450 5648 sa-

1853 5636 2011 5709 futem
2040 5636 2223 5719 venite;
2251 5653 2352 5710 hoe
2375 5636 2494 5719 (δέκ’
2511 5651 2562 5704 in
2593 5636 2818 5705 salut'cm
2839 5655 2997 5714 quam
3022 5636 3175 5692 venia
3205 5636 3315 5703 dat,
3342 5645 3448 5719 nuit

1847 5724 2122 5784 meritum.
2205 5715 2212 5719 ⁷
2466 5715 2477 5719 ⁷
2975 5725 2978 5729 ’
3157 5721 3160 5724 ’
3289 5724 3294 5730 ’
3427 5715 3448 5724 ”
