3974 6198
554 269 697 332 1025

1765 257 2008 318 SANCTI
2052 257 2303 315 IIILARII
2346 255 2652 315 EPISCOI’I

3720 255 3841 313 1094

554 404 654 446 nos
682 405 750 446 ex
797 389 1110 460 prtescripto
1142 387 1296 458 legis,
1328 385 1520 441 dandae
1550 383 1722 440 venite
1752 396 1976 438 numero
2015 395 2146 436 con-
2172 382 2227 442 Α
2252 379 2304 435 in
2333 377 2578 434 Ecclesia
2601 375 2849 446 accipere
2871 372 3089 447 (Ephes.
3115 372 3282 437 v.52;
3306 371 3553 443 vid.cap.
3579 369 3676 435 22,
3700 387 3750 424 ιι.
3771 372 3839 441 5),

555 483 698 538 cludi
724 525 739 549 ,
770 497 893 537 cum
927 495 1024 551 per
1075 478 1357 552 Evangelii
1381 477 1610 549 gratiam
1640 475 1760 532 sine
1790 473 1950 531 modo
1998 472 2153 530 nobis

557 590 588 630 a
621 576 731 630 Deo
775 573 936 629 fuerit
984 574 1207 629 indulta.

628 669 716 723 Il.
747 667 890 736 Quin
947 668 1110 724 etiam
1150 667 1217 722 ad
1292 666 1544 737 perlectte
1593 654 1850 721 bonitatis
1905 661 2155 718 allectum

555 763 974 832 comparationis
1018 763 1198 830 posuit
1241 763 1568 832 exemplum,
1595 761 1648 816 in
1693 776 1794 831 qua
1827 773 1984 815 servo
2014 757 2157 813 unde

467 865 469 870 '
555 853 814 910 redderet
861 870 967 910 non
1011 853 1258 922 babenti,
1291 868 1452 909 omne
1491 852 1750 908 Dominus
1794 851 2032 906 debitum
2073 865 2156 905 re-

560 944 761 1002 laxavit
807 945 1007 1016 (Ibid.,
1041 944 1156 1018 26)
1212 966 1225 1002 :
1283 960 1655 1016 conservoque
1710 959 1810 999 suo
1849 957 2039 1000 servus
2069 942 2160 998 ille

557 1040 808 1109 exiguum
837 1039 982 1110 quod
1029 1041 1129 1095 sibi
1173 1041 1473 1095 debebatur
1501 1048 1854 1109 extorquens,
1913 1052 2009 1107 per
2058 1036 2160 1091 hoc

561 1133 853 1187 voluntatis
917 1147 1032 1188 sua:
1085 1133 1272 1188 vitium
1327 1134 1530 1188 donum
1603 1130 1986 1187 munillcentize
2053 1129 2158 1183 Do-

558 1223 694 1280 mini
745 1225 820 1296 (α)
883 1235 938 1281 et
999 1226 1340 1282 liberalitatis
1395 1225 1593 1281 amisit.
1651 1225 1913 1280 Absoluta
1979 1230 2160 1276 autem

558 1318 983 1388 comparationis
1009 1318 1126 1389 ejus
1155 1329 1239 1374 est
1268 1319 1431 1384 ratio,
1464 1327 1626 1390 atque
1663 1317 1732 1372 ab
1775 1317 1892 1387 ipso
1935 1315 2161 1371 Domino

565 1412 744 1468 omnis
788 1413 1036 1484 exposita
1080 1421 1184 1470 est.

993 1548 1152 1621 761
1203 1546 1432 1605 CAPUT
1477 1546 1622 1602 XIX.

565 1662 790 1719 Uxorem
833 1680 938 1718 non
983 1665 1162 1720 debere
1201 1665 1475 1729 dimittere,
1505 1664 1570 1718 de
1593 1663 1866 1728 eunuchis,
1897 1662 1960 1716 de
1983 1661 2162 1732 infan-

2259 473 2436 529 Iocum
2465 472 2608 527 hunc
2638 469 2798 526 sicuti
2819 478 2903 525 est
2931 469 3189 524 intactum
3230 467 3632 538 relinquamus.
3664 464 3842 521 Admo-

2257 579 2448 622 nemus
2478 575 2654 619 tamen
2682 563 2974 633 legentem,
3027 568 3086 615 ut
3129 559 3621 629 quotienscumque
3667 557 3839 613 deliac

2257 658 2445 714 eadem
2468 655 2766 726 quaestione
2787 669 2846 710 se
2895 652 3164 716 consulat,
3189 652 3478 707 verborum
3519 650 3768 714 virtutes,
3798 661 3842 704 et

2258 750 2452 820 quibus
2483 748 2741 802 Dominus
2769 745 3127 816 reSponderit,
3156 755 3210 798 et
3250 744 3446 815 quibus
3492 743 3748 814 discipuli
3776 745 3839 800 usi

2260 845 2388 910 sint,
2419 842 2704 914 diligenter
2729 841 2974 896 advertat
2998 858 3010 892 :
3042 839 3188 894 Pauli
3217 847 3393 893 autem
3418 837 3658 908 apostoli
3677 837 3742 892 de
3763 837 3846 893 hoc

2261 935 2528 998 allectum,
2559 933 2643 989 vel
2691 933 2924 997 silentis,
2981 931 3065 986 vel
3115 930 3380 986 interdum
3429 930 3530 984 sub
3578 930 3704 985 aliis
3736 930 3847 985 locis

2263 1025 2560 1090 tractantis,
2589 1023 2876 1094 expendat.
2925 1022 3092 1077 Nobis
3142 1021 3284 1076 circa
3335 1022 3622 1077 eunuchos
3675 1035 3845 1076 sermo

2264 1121 2335 1174 sit
2361 1129 2414 1174 et
2445 1118 2710 1174 voluntas.
2767 1116 2826 1171 In
2885 1131 2990 1171 uno
3038 1116 3220 1186 posuit
3270 1124 3542 1181 naturam,
3594 1115 3652 1168 in
3698 1114 3850 1169 altero

2263 1213 2666 1279 necessitatem,
2693 1211 2746 1266 in
2772 1211 2930 1266 tertio
2960 1210 3291 1265 voluntatem
3325 1209 3342 1277 (
3371 1207 3537 1272 lbid.,
3574 1207 3691 1278 1‘2)
3718 1226 3730 1261 :
3763 1223 3846 1261 na-

2266 1287 2438 1360 turam
2469 1305 2520 1358 in
2554 1319 2619 1360 eo
2646 1303 2736 1375 qui
2768 1303 2836 1356 ita
2867 1303 3128 1366 nascitur,
3159 1301 3542 1356 necessitatem
3573 1301 3629 1354 in
3679 1316 3746 1355 eo
3774 1300 3849 1370 qui

2267 1397 2342 1452 ita
2377 1396 2548 1452 factus
2590 1405 2693 1461 est,
2741 1396 3068 1450 voluntatem
3114 1393 3166 1447 in
3197 1393 3289 1448 illo
3314 1394 3405 1464 qui
3437 1407 3536 1462 spe
3567 1392 3723 1462 regni
3761 1407 3854 1448 (τωο

2263 1493 2437 1560 Iestis,
2472 1493 2591 1547 talis
2611 1506 2732 1547 esse
2759 1490 3062 1546 decreverit
3111 1506 3123 1543 :
3172 1488 3260 1542 cui
3308 1502 3408 1543 nos
3448 1487 3659 1543 similes
3691 1486 3850 1554 efﬁci,

2266 1584 2314 1641 si
2345 1595 2523 1640 tamen
2550 1583 2624 1657 (c)
2655 1583 2950 1654 possimus,
2993 1580 3290 1636 admonuit.

2337 1680 2391 1734 5.
2447 1677 2704 1748 Infantes,
2731 1688 2904 1748 gentes
2935 1692 2967 1729 a
2997 1675 3268 1746 discipulis
3293 1674 3592 1728 inhibentur
3632 1690 3742 1744 ριίε
3786 1677 3855 1741 [αι

633 1757 767 1812 tibus
812 1757 1062 1812 inhibitis.
1116 1755 1338 1811 Divitem
1366 1757 1571 1828 difﬁcile
1614 1757 1830 1811 introire
1856 1755 1911 1810 in
1948 1769 2161 1826 regnum

2269 1789 2384 1830 vare
2408 1772 2599 1826 Israel.
2623 1801 2693 1811 —
2713 1771 2860 1825 Tunc
2885 1770 3041 1824 oblati
3070 1779 3186 1822 sunt
3226 1769 3272 1822 ei
3309 1769 3556 1838 infantes,
3603 1778 3661 1820 ut
3693 1783 3856 1820 mauu

639 1850 905 1907 caelorum.

635 1959 690 2013 1.
724 1959 827 2014 Cur
851 1957 1096 2016 Galila'os
1122 1961 1176 2014 in
1205 1959 1409 2016 ludicre
1437 1961 1624 2028 ﬁnibus
1650 1970 1791 2014 curet
1823 1959 2073 2015 Christus.
2093 1989 2166 2000 --

565 2053 632 2108 Et
661 2057 857 2124 factum
883 2062 979 2120 est,
1013 2071 1130 2107 cum
1159 2054 1358 2108 locutus
1383 2065 1511 2109 esset
1532 2071 1792 2109 sermones
1820 2055 1958 2122 istos
1987 2053 2162 2118 Iesus,

563 2145 825 2199 transtulit
869 2162 922 2200 se
966 2145 1022 2201 in
1063 2143 1341 2200 Galilwam
1370 2186 1387 2212 ,
1437 2157 1484 2200 et
1531 2147 1662 2200 venit
1693 2146 1746 2200 in
1771 2147 1898 2214 lines
1943 2143 2162 2213 Juda'w,

564 2247 672 2292 etc.
721 2236 961 2309 (Matth.
1004 2253 1114 2302 xix,
1165 2236 1259 2307 l).
1301 2237 1554 2294 Galilaeos
1601 2237 1655 2292 in
1721 2237 1922 2292 Iudaea:
1971 2237 2168 2294 ﬁnibus

565 2342 740 2385 curat.
773 2329 1030 2386 Potuerat
1077 2347 1310 2402 namque
1350 2341 1674 2402 aegrotorum
1707 2332 1891 2388 turbas
1917 2347 2023 2386 nor.
2045 2331 2168 2386 fati-

567 2436 720 2492 gare,
747 2432 800 2476 et
830 2422 967 2477 intra
991 2423 1163 2493 ipsam
1197 2423 1474 2480 Galilaeam
1507 2439 1665 2494 opem
1700 2425 1839 2480 ferre
1863 2423 2163 2480 debilibus:

569 2515 667 2572 sed
719 2517 894 2588 typica
927 2518 1064 2573 ratio
1111 2517 1276 2573 etiam
1307 2518 1550 2574 locorum
1587 2528 1706 2575 erat
1750 2517 2014 2587 explenda
2062 2517 2169 2587 pri-

570 2607 801 2678 vilegiis,
834 2618 892 2664 ut
941 2620 1160 2678 peccata
1206 2611 1448 2680 gentium
1507 2611 1561 2665 in
1620 2625 1740 2667 eam
1788 2611 1998 2666 veniam
2047 2625 2168 2681 qua:

567 2696 772 2754 Judaea:
823 2701 1112 2770 parabatur
1151 2702 1480 2758 admitteret.

637 2790 694 2844 9..
747 2789 892 2844 Tunc
931 2805 1257 2849 accesserunt
1287 2795 1355 2847 ad
1404 2811 1517 2849 eum
1572 2794 1846 2861 Pharisaei,
1919 2805 2168 2852 tentantes

566 2897 704 2946 eum,
737 2891 784 2935 et
813 2882 1077 2938 dicentes:
1126 2884 1190 2939 Si
1242 2886 1357 2939 licet
1411 2887 1606 2940 homini
1651 2887 1907 2943 dimittere
1958 2903 2169 2942 uxorem

566 2991 712 3030 suam
736 2993 1052 3046 quacumque
1081 2994 1144 3032 ea:
1172 2995 1329 3033 causa
1359 2982 1376 3050 (
1399 2979 1567 3046 lbid.,
1598 2980 1700 3049 5)?
1729 2979 1784 3036 In
1807 2997 1870 3036 eo
1892 2997 2161 3049 sermone,

567 3070 658 3139 qui
689 3069 755 3124 de
785 3086 954 3126 uxore
983 3082 1035 3127 et
1083 3072 1150 3129 de
1179 3075 1403 3142 repudio
1425 3085 1530 3141 est,
1554 3077 1786 3131 occurrit
1820 3077 1947 3132 illud
1969 3119 1984 3143 ,
2013 3078 2170 3134 aliter

2269 1866 2356 1920 his.
2380 1867 2662 1933 imponeret
2688 1874 2733 1918 et
2763 1872 2930 1917 oraret
2957 1879 2976 1917 :
3021 1861 3272 1931 Discipuli
3319 1869 3489 1914 autem
3529 1859 3850 1927 prohibebant

2268 1974 2374 2024 eos,
2399 1968 2453 2013 et
2484 1957 2686 2027 reliqua
2719 1955 2924 2028 (lbid.,
2957 1953 3082 2027 l5).
3127 1953 3332 2008 Novum
3393 1963 3476 2008 est
3504 1993 3520 2018 ,
3577 1949 3855 2022 discipulos

2271 2051 2614 2121 prohibuisse
2642 2065 2709 2105 ne
2732 2047 2964 2104 infantes
2989 2047 3054 2102 ad
3083 2045 3356 2102 Christum
3385 2043 3731 2110 accederent,
3779 2044 3854 2114 qui

2270 2146 2637 2204 offerebantur
2661 2157 2719 2201 ut
2745 2161 2910 2218 super
2929 2159 3024 2201 eos
3054 2158 3269 2198 manum
3325 2141 3635 2212 imponeret
3661 2149 3715 2193 et
3745 2153 3853 2193 ora-

2270 2252 2374 2298 ret.
2425 2242 2533 2297 Res
2590 2242 2922 2314 evangelica,
2956 2249 3013 2294 ut
3046 2238 3300 2303 diximus,
3333 2235 3478 2290 inter
3508 2234 3788 2305 praesentis
3811 2239 3856 2286 et

2270 2334 2436 2390 futuri
2481 2333 2753 2400 eﬂectum,
2805 2331 3038 2386 mediam
3087 2328 3300 2400 utrique
3344 2327 3423 2383 rei
3477 2335 3532 2382 et
3581 2338 3854 2392 congruam

2271 2428 2533 2484 rationem
2589 2426 2910 2496 temperavit
2959 2442 2971 2477 :
3024 2432 3083 2478 ut
3137 2422 3242 2486 his,
3294 2435 3414 2491 quae
3470 2417 3851 2478 efﬁciebantur,

2271 2519 2432 2575 futuri
2459 2519 2669 2590 species
2699 2518 3024 2572 adhaereret.
3049 2513 3284 2570 Infantes
3309 2511 3529 2583 quidem
3553 2525 3682 2566 vere
3706 2508 3852 2563 oblati

2271 2621 2419 2677 sunt,
2465 2609 2558 2666 sed
2613 2618 2666 2664 et
2728 2623 2859 2662 vere
2909 2605 3124 2660 inhibiti
3171 2613 3315 2658 sunt.
3375 2601 3486 2658 Sed
3537 2601 3591 2655 hi
3637 2599 3850 2671 gentium

2272 2702 2446 2758 forma
2483 2709 2628 2765 sunt,
2657 2700 2851 2770 quibus
2883 2713 2977 2768 per
2999 2697 3157 2752 ﬁdem
3187 2704 3242 2750 et
3278 2693 3523 2749 auditum
3556 2692 3704 2747 salus
3745 2689 3852 2745 red-

2273 2794 2440 2850 ditur.
2489 2792 2689 2849 Vernm
2720 2807 2785 2846 ex
2838 2789 3029 2844 allectu
3077 2787 3305 2858 primum
3341 2783 3586 2840 salvandi
3613 2782 3788 2847 Israel,
3826 2797 3852 2834 a

2269 2885 2548 2956 discipulis
2593 2883 2900 2938 inhibentur
2926 2881 3087 2952 762
3113 2877 3392 2934 accedere.
3437 2873 3721 2930 Iubibendi
3747 2873 3853 2943 qui-

2269 2980 2390 3036 dem
2420 2979 2663 3033 voluntas
2693 2974 3043 3048 placabilitati
3065 2972 3379 3043 aposwlica:
3424 2985 3534 3026 non
3563 2967 3804 3025 convenit
3829 2986 3840 3019 :

2270 3074 2366 3130 sed
2422 3074 2476 3128 in
2535 3072 2766 3143 typicam
2814 3067 3334 3124 consummationem
3409 3062 3849 3134 prohibendorum

563 3162 824 3231 scriptum
855 3163 1049 3218 essein
1079 3162 1276 3220 Genesi
1300 3167 1396 3236 (ιι,
1425 3167 1496 3222 24
1519 3170 1558 3237 ),
1588 3185 1914 3240 quamnunc
1944 3170 1994 3224 in
2026 3186 2164 3240 prze-
2193 3167 2239 3228 C
2274 3165 2556 3220 infantium
2589 3162 2664 3238 (d)
2690 3163 2930 3232 subrepit
2970 3160 3278 3215 instinctus.
3320 3158 3469 3226 Quos
3498 3158 3750 3212 Dominus
3787 3156 3852 3208 ait

568 3269 696 3310 scus
724 3255 985 3312 Dominus
1014 3260 1086 3314 sit
1119 3259 1328 3316 locutus
1357 3260 1586 3334 (Matth.
1637 3279 1748 3329 xix,
1780 3265 1813 3318 4
1839 3272 1887 3318 et
1907 3263 1941 3318 5
1971 3261 2010 3335 ).
2054 3263 2166 3318 Illic

563 3347 708 3400 enim
754 3347 855 3403 sub
886 3349 1064 3404 verbis
1107 3350 1235 3405 Atla:
1285 3367 1371 3406 res
1398 3355 1574 3409 oumis
1601 3353 1837 3409 refertur
1868 3371 1882 3408 :
1913 3353 2001 3408 hic
2059 3355 2166 3410 Do-

567 3435 746 3492 minus
775 3439 974 3494 indicat
1019 3441 1194 3502 abeo,
1219 3443 1309 3512 qui
1338 3453 1392 3498 et
1427 3434 1700 3500 hominem
1755 3445 2066 3515 ﬁguraverit
2110 3456 2166 3502 et

565 3531 852 3587 mulierem
875 3533 1083 3599 iecerit,
1113 3535 1293 3590 omnia
1325 3534 1400 3607 (b)
1444 3535 1536 3592 illa
1559 3537 1702 3594 dicta
1751 3553 1890 3593 esse.
1919 3538 2023 3593 Sed
2068 3554 2166 3593 nos

566 3626 737 3679 secuti
763 3627 1110 3696 apostolicam
1152 3630 1552 3694 auctoritatem,
1577 3631 1669 3701 qui
1713 3633 1815 3686 hoc
1845 3633 2163 3703 mysterium

564 3716 770 3785 grande
806 3733 930 3774 esse
957 3719 1233 3790 professus
1258 3729 1360 3788 est,
1383 3736 1443 3777 se
1469 3731 1648 3778 autem
1676 3723 1728 3778 in
1755 3721 1973 3780 Christo
2003 3733 2164 3796 atque

645 3924 722 3994 (α)
761 3926 837 3981 Ita
882 3926 1050 3981 codex
1098 3925 1470 3982 Carnuteusis.
1503 3928 1602 3981 Alii
1633 3942 1782 3990 vero,
1813 3938 1859 3982 et
1890 3929 2157 3985 libertatis.

639 3996 716 4068 (b)
752 3997 810 4052 ln
853 4012 986 4053 mss.
1037 3997 1190 4052 Colb.
1225 4007 1280 4051 et
1326 3996 1486 4052 Caro.
1531 3998 1632 4065 illi,
1661 3999 1824 4067 .quod
1873 4001 1940 4054 ad
1988 4001 2158 4055 Adam

571 4069 852 4123 commode
879 4068 1151 4124 retuleris.
1202 4069 1362 4123 Notat
1416 4069 1645 4123 Ililarins
1687 4069 1850 4124 verba
1885 4070 2016 4135 hzec,
2054 4072 2158 4126 Re-

567 4139 759 4210 linquat
791 4139 942 4193 homo
974 4149 1163 4205 patrem
1205 4149 1250 4193 et
1276 4149 1526 4204 matrem,
1569 4150 1613 4194 et
1658 4141 1933 4196 adhaerebit
1985 4143 2158 4206 uxori,

567 4211 864 4266 secundum
905 4213 1155 4266 Genesim
1185 4212 1254 4266 ab
1286 4211 1476 4278 Adam,
1507 4212 1803 4267 secundum
1849 4213 2159 4268 Mattlneum

565 4296 596 4334 a
625 4281 735 4336 Deo
777 4281 1026 4348 proferri.

645 4351 716 4423 (c)
744 4353 1014 4408 Scoltetus
1043 4353 1220 4407 allatis
1251 4353 1398 4408 hisce
1424 4352 1680 4418 verbulis,
1719 4354 1764 4408 si
1793 4363 1958 4408 tamen
1989 4356 2158 4422 possi-

569 4439 704 4486 mus,
737 4439 905 4478 ovans
930 4432 984 4478 et
1013 4424 1280 4477 insultans
1320 4425 1450 4478 satis
1499 4439 1768 4492 superque
1809 4426 2072 4479 refutasse
2101 4440 2159 4479 se

572 4504 739 4563 putat,
789 4494 930 4563 quod
972 4493 1329 4548 Bellarmiuus
1369 4495 1420 4548 in
1472 4495 1697 4563 gratiam
1749 4497 1856 4550 voti
1897 4497 2159 4550 castitatis

569 4563 864 4620 adduxerat
893 4581 959 4620 ex
988 4572 1143 4620 traCt.
1171 4581 1251 4634 ps.
1289 4580 1406 4618 μιν
1428 4605 1444 4631 ,
1485 4583 1536 4618 ιι.
1583 4567 1638 4625 3.
1672 4567 1763 4620 ubi
1789 4567 2006 4621 disertis
2037 4583 2157 4620 ver-

2269 3272 2375 3313 non
2408 3266 2664 3328 oportere
2694 3247 2994 3326 prohiberi,
3023 3256 3146 3323 quia
3203 3251 3387 3305 talium
3422 3251 3493 3304 sit
3520 3264 3732 3319 regnum
3753 3262 3852 3302 cte-

2271 3352 2486 3408 lorum:
2540 3363 2736 3404 munus
2779 3347 2924 3402 enim
2973 3355 3030 3400 et
3075 3343 3275 3400 donum
3320 3343 3556 3412 Spiritus
3583 3341 3744 3396 sancti
3785 3345 3850 3410 (ε)

2270 3459 2366 3513 per
2410 3441 2807 3512 impositionem
2857 3451 3048 3493 manus
3073 3444 3126 3490 et
3153 3435 3556 3505 precationem,
3613 3439 3847 3487 cessante

2269 3535 2402 3606 legis
2427 3548 2612 3604 opere,
2659 3541 2774 3586 erat
2817 3530 3067 3599 gentibus
3119 3527 3474 3598 largiendum.

2337 3628 2394 3683 4.
2423 3627 2453 3680 ,Ι
2463 3627 2727 3681 udteorum
2749 3625 3018 3680 insolentia
3035 3624 3088 3676 in
3105 3625 3296 3696 juvene
3321 3620 3654 3674 adumbrata.
3688 3617 3851 3673 Chris-

2270 3735 2352 3779 tus
2381 3732 2631 3794 quatenus
2678 3737 2779 3774 non
2819 3720 2999 3774 bonus.
3028 3746 3100 3757 —
3125 3715 3193 3770 Et
3223 3713 3293 3788 (ί)
3337 3731 3452 3770 ecce
3481 3731 3616 3768 unus
3656 3711 3848 3767 arcessit

2269 3940 2492 3984 sanctos.
2539 3928 2684 3984 Idem
2714 3927 3082 3996 apostolorum
3114 3941 3239 3996 erga
3272 3925 3435 3980 Israel
3489 3925 3710 3979 alI'ectus
3733 3939 3845 3978 rur-

2268 4015 2385 4054 sum
2415 4000 2717 4056 declaratur
2742 4015 2860 4068 cap.
2897 3999 2993 4060 15,
3047 4015 3101 4051 ιι.
3133 3999 3187 4051 9.
3246 3997 3443 4051 Eadem
3490 3998 3844 4068 ratione_apo-

2269 4071 2440 4126 Stolos
2471 4066 2898 4126 abinclementia
2949 4077 3170 4124 excusat
3218 4069 3538 4124 Ambrosius
3589 4069 3638 4122 in
3690 4066 3840 4129 Luc.,

2270 4142 2364 4197 lib.
2416 4158 2528 4204 \‘lll,
2581 4159 2640 4195 ιι.
2703 4143 2788 4196 60.

2341 4214 2414 4284 (e)
2462 4214 2579 4268 Jam
2626 4214 2678 4266 itt
2729 4212 2868 4267 Psal.
2921 4227 3107 4284 cxvtu,
3162 4227 3216 4284 ιι.
3273 4209 3330 4284 _5_,

2271 4279 2412 4338 hunc
2478 4287 2651 4338 locum
2713 4283 2889 4338 verbis
2965 4282 3218 4336 illustrari
3278 4281 3592 4335 Tertulliani
3655 4280 3738 4334 lib.
3781 4279 3842 4332 de

2266 4355 2552 4424 baptismo,
2586 4355 2674 4408 ubi
2707 4357 2864 4408 ritum
2895 4367 2948 4408 et
2974 4353 3220 4408 effectum
3258 4353 3516 4424 baptismi
3571 4350 3840 4412 enarravit,

2266 4427 2620 4493 subjicientis,
2655 4441 2703 4479 c.
2737 4425 2769 4478 7
2800 4444 2812 4478 :
2849 4425 3052 4479 Exinde
3077 4423 3264 4494 egressi
3303 4423 3367 4476 de
3415 4425 3618 4476 lavacro
3666 4437 3842 4490 perun-

2262 4497 2432 4568 gintur
2451 4497 2713 4568 benedicta
2741 4497 2978 4550 unctione
3005 4498 3066 4547 de
3091 4495 3300 4568 antiqua
3321 4494 3598 4568 disciplina
3624 4511 3641 4546 :
3661 4505 3708 4546 et
3731 4502 3842 4568 post

2266 4562 2464 4636 pauca:
2493 4567 2684 4620 Dehinc
2722 4584 2900 4620 manus
2920 4567 3202 4634 imponitur
3235 4581 3321 4629 per
3347 4565 3732 4636 benedictionem
3755 4562 3843 4636 ad-

3386 4209 3721 4264 observatum
3769 4214 3844 4260 est

570 4633 654 4688 bis
702 4636 778 4716 ait
809 4637 1077 4716 Hilari_tts,_
1114 4632 1221 4688 Deo
1272 4652 1393 4716 ergo
1427 4637 1648 4716 uortenda
1696 4647 1813 4716 sunt
1844 4647 2157 4716 contemptus
2191 4658 2239 4716 ι)
2265 4632 2448 4716 vocans
2473 4649 2516 4692 et
2548 4639 2772 4692 invitatis
2798 4632 3052 4716 Spirittun
3097 4645 3348 4716 sanctum.
3375 4635 3513 4716 Nunt
3555 4636 3664 4716 haec
3679 4645 3727 4716 et
3744 4632 3838 4686 alia

573 4707 823 4778 corporis,
854 4695 1102 4760 castitatis
1141 4695 1401 4770 custodia,
1441 4707 1636 4778 jejunii
1666 4707 1955 4762 tolerantia.
1991 4695 2162 4762 vellet

573 4777 826 4832 nimirum
875 4779 1144 4832 insinuare
1191 4777 1538 4849 continentiae
1565 4778 1736 4834 hostis
1763 4789 1944 4833 votum
1976 4779 2161 4849 hujus-

571 4849 712 4902 modi
745 4853 887 4904 vires
921 4849 1180 4902 humanas
1217 4848 1288 4902 ita
1318 4863 1594 4916 superare,
1628 4858 1686 4902 ut
1714 4850 1924 4904 nonnisi
1956 4848 2161 4906 temere

569 4921 640 4972 sit
667 4919 1083 4988 promittendum
1125 4920 1266 4987 quod
1299 4929 1558 4985 praestare
1587 4935 1745 4974 nemo
1773 4922 1962 4988 possit.
1995 4921 2157 4988 Quasi

569 5004 699 5043 vero
737 4989 980 5044 Christus
1016 4989 1350 5044 conanluerit
1374 4990 1597 5056 aliquid,
1645 5007 1752 5059 quo
1783 5007 1940 5046 nemo
1974 5007 2160 5058 perve-

572 5061 697 5131 nire
715 5061 891 5114 valeat
914 5077 928 5124 ;
958 5069 1049 5114 aut
1077 5076 1181 5113 non
1205 5061 1256 5114 id
1280 5063 1546 5129 possimus
1562 5063 1856 5130 Opitulante
1884 5063 1972 5116 Dei
1990 5065 2158 5131 gratia

573 5130 856 5199 perlicere,
884 5131 1024 5200 quod
1077 5147 1142 5184 eo
1193 5132 1486 5198 inSpirante
1516 5132 1856 5197 voverimus;
1914 5130 2009 5186 aut
2057 5135 2159 5189 alia

569 5201 639 5256 ab
663 5201 900 5256 Ecclesia
927 5201 1285 5255 defendamur
1304 5212 1358 5256 et
1384 5203 1752 5272 approbentur
1801 5213 1920 5258 vota
1941 5245 1954 5264 .
2005 5205 2159 5272 quasi

569 5273 884 5342 qu:e.l)eum
931 5281 1202 5328 auctorem
1247 5272 1552 5328 habuerint.
1595 5275 1729 5329 Hinc
1773 5289 1893 5329 sese
1939 5274 2160 5329 hmresis

567 5344 805 5398 ostendit
845 5359 874 5395 ει
915 5342 1119 5412 Spiritu
1149 5344 1348 5398 Cltrisli
1391 5345 1644 5411 alienam,
1674 5346 1815 5414 quod
1857 5345 2031 5398 nullos
2060 5345 2160 5398 lia-

567 5415 678 5481 bet,
709 5415 904 5485 quibus
933 5431 1056 5470 cara
1103 5417 1208 5470 sint
1250 5417 1416 5484 ipsius
1463 5418 1706 5470 consilia.
1761 5415 1931 5470 Habet
1975 5426 2161 5471 contra

567 5486 809 5542 Ecclesia
853 5487 1131 5555 plurimos,
1195 5488 1285 5555 qui
1337 5501 1458 5539 cum
1511 5487 1677 5540 Paulo
1723 5487 1923 5550 dicant,
1977 5485 2164 5540 Omnia

571 5573 776 5679 Eanum
813 5558 868 5611 in
911 5574 969 5612 eo
997 5559 1084 5626 qui
1127 5574 1206 5611 me
1229 5560 1510 5627 confortat.
1548 5557 1728 5628 Itaque
1758 5574 1862 5610 non
1895 5558 2166 5614 immerito

617 5627 930 5679 cllarminus
980 5627 1238 5679 Ililarium
1271 5629 1540 5679 recensuit
1580 5638 1637 5679 ut
1683 5637 1928 5679 votorum
1981 5640 2164 5679 nati-o-

617 5627 930 5684 ellarminus
980 5627 1238 5684 Ililariutn
1271 5629 1540 5683 recensuit
1580 5627 1651 5683 ut
1683 5637 1928 5683 votorqu
1980 5640 2164 5699 patro-

571 5711 718 5750 1111111.

641 5765 721 5835 (d)
771 5767 1060 5824 Vaticanus
1113 5771 1278 5826 coda-tt
1309 5770 1449 5841 apud
1481 5771 1772 5840 Latinium,
1819 5771 2072 5843 subrepsit
2109 5773 2162 5826 in

2267 4709 2450 4764 Illlarii
2489 4725 2607 4778 cap.
2641 4713 2698 4771 4,
2749 4707 2894 4762 ιιιιιιι.
2949 4709 3018 4763 10
3063 4715 3116 4760 et
3169 4707 3260 4768 Ἦ,
3309 4707 3721 4778 conﬁrmationis
3756 4719 3838 4755 sa-

2263 4791 2597 4835 cramentum
2629 4796 2732 4833 non
2761 4787 3024 4848 spectent,
3053 4780 3280 4847 quisque
3306 4777 3527 4845 judicet.
3557 4778 3684 4830 lliuc
3709 4787 3840 4829 certe

2266 4867 2371 4904 non
2448 4852 2731 4905 temeraria
2799 4851 2894 4903 luit
2965 4858 3270 4904 nostrorum
3353 4851 3679 4916 propensio,
3745 4859 3840 4910 qua

2266 4922 2360 4976 lib.
2395 4937 2487 4976 vni
2531 4921 2582 4975 in
2631 4920 2787 4984 Luc.,
2836 4937 2888 4974 ιι.
2917 4920 3006 4983 61,
3043 4920 3141 4989 legi
3191 4919 3511 4974 maluissent
3541 4937 3553 4971 :
3589 4917 3682 4973 Ubi
3707 4916 3768 4969 ad
3793 4930 3842 4967 se

2262 4992 2487 5061 infantes
2515 4992 2752 5046 accedere
2772 4991 2933 5061 jubet,
2974 5000 3029 5044 ut
3055 5006 3141 5044 eos
3170 4990 3248 5043 vel
3297 4990 3590 5060 precatione
3632 4990 3702 5042 rel
3735 5002 3838 5061 ma-

2264 5056 2421 5116 nuum
2459 5056 2781 5132 impositioné
2811 5061 3137 5125 bertediceret,
3170 5056 3414 5130 quamvis
3457 5075 3586 5115 mss.
3616 5056 3838 5132 auctori-

2266 5138 2358 5188 tati
2409 5130 2662 5189 cedentes
2725 5133 3048 5187 retinuerint
3097 5132 3173 5185 vel
3223 5132 3605 5201 prrrdicatione.
3661 5130 3740 5201 Sic
3790 5135 3837 5179 et

2269 5204 2379 5259 Leo
2406 5221 2538 5275 papa
2571 5206 2728 5274 epist.
2774 5219 2916 5258 nunc
2941 5219 3119 5265 cxxtv,
3167 5199 3304 5262 c.‘7.
3354 5203 3572 5257 indicat
3603 5199 3833 5275 Spiritum

2270 5271 2513 5330 sam-tum
2544 5271 2638 5346 per
2670 5275 3064 5346 impositiouem
3112 5288 3364 5346 manuum
3399 5289 3460 5346 ac
3481 5271 3834 5346 precationem

2273 5348 2522 5416 praeberi,
2546 5342 2674 5400 cum
2701 5345 2768 5399 de
2794 5346 2880 5408 iis,
2910 5346 2999 5413 qui
3030 5345 3350 5416 baptismum
3379 5343 3448 5396 ab
3479 5342 3733 5416 bmreticis
3750 5353 3834 5392 ac-

2271 5413 2552 5486 ceperunt,
2581 5417 2736 5470 habet
2765 5435 2776 5468 :
2809 5415 2937 5470 Sola
2956 5415 3275 5469 invocatione
3303 5415 3532 5484 Spiritus
3576 5413 3728 5468 sancti
3756 5425 3833 5477 per

2272 5489 2340 5542 im
2347 5489 2645 5557 positionem
2662 5503 2907 5540 manuum
2927 5485 3268 5557 conﬁrmandi
3283 5496 3399 5538 sunt
3415 5502 3432 5550 ;
3455 5492 3511 5541 el
3533 5495 3647 5553 post
3663 5495 3826 5552 pauca.

2270 5555 2401 5614 Sola
2437 5559 2772 5624 sanctiﬁcatio
2820 5555 3044 5628 Spiritus
3089 5555 3253 5611 sancti
3311 5557 3594 5628 invocanda
3644 5565 3741 5618 est,
3769 5560 3831 5628 ⁸ιιι

2269 5631 2403 5700 quod
2431 5631 2493 5685 ab
2532 5623 2784 5684 hiereticis
2813 5623 2959 5684 nemo
3001 5629 3205 5700 accipit,
3248 5645 3281 5680 a
3325 5627 3590 5683 catholicis
3619 5623 3828 5682 sacerdo-

2267 5702 2400 5756 tibus
2426 5714 2782 5773 consequatur.

2338 5773 2413 5843 (f)
2445 5773 2500 5827 In
2550 5772 2787 5845 pluribus
2835 5786 2964 5828 mss.
2997 5786 3110 5827 erce
3131 5772 3340 5842 juvenis
3380 5787 3531 5826 unus.
