3974 6198
96 266 119 321 1
130 268 245 326 0‘35

1048 265 1594 324 COMMENTARIUS
1624 262 1687 320 IN
1728 260 2148 320 MATTlliEUll
2180 261 2332 319 CAP.
2378 261 2519 318 XIX.

3271 266 3295 320 1
3307 264 3412 325 026

93 387 166 440 ad
197 402 336 449 eum,
367 395 414 440 et
430 385 502 440 ait
532 385 611 440 illi
637 403 654 440 :
683 385 950 460 Magister,
987 386 1112 457 quid
1137 386 1254 441 boni
1285 387 1471 457 faciam
1513 395 1568 439 ut
1615 384 1710 437 Ira-
1739 385 1787 443 Α
1817 381 1955 436 cisse
1996 395 2056 437 se
2080 396 2111 436 a
2137 381 2418 451 juventute
2463 397 2557 437 sua
2593 400 2605 435 :
2632 379 2696 437 ἐι
2720 381 2915 454 qumrit
2952 379 3076 455 quid
3108 381 3281 438 adhuc
3308 383 3411 438 sibi

95 478 249 534 beam
279 483 436 533 vitam
464 487 706 533 mternam
736 479 762 532 Σ)
807 487 862 535 et
912 477 1118 548 reliqua
1163 477 1372 550 (lbid.,
1403 477 1472 532 16
1501 476 1543 547 ).
1600 475 1707 545 0p-

98 583 342 642 portune
369 581 493 642 post
519 586 827 627 sermonem
858 573 1230 642 superiorem;
1263 584 1370 640 quo
1396 578 1451 625 et
1477 568 1708 623 infantes

96 667 324 722 iuhibiti
366 677 516 734 sunt,
566 677 621 722 et
649 667 836 722 talium
877 682 1100 738 regnent
1135 665 1396 722 caelorum
1445 678 1568 720 esse
1620 676 1709 716 re-

100 775 370 828 sponsum
397 768 500 822 est,
526 758 767 816 succedit
793 758 881 813 hic
913 758 1148 828 juvenis,
1178 755 1460 827 requirens
1486 753 1710 826 quibus-

96 867 232 908 nam
274 852 432 908 bonis
461 853 716 923 operibus
762 852 923 906 vitam
965 861 1223 907 :eternam
1274 848 1476 903 habere
1502 853 1704 918 posset.

95 945 330 1001 Juvenis
356 945 456 1001 iste
493 956 546 1000 et
573 944 951 1013 interrogavit,
984 953 1038 1000 et
1069 943 1308 999 insolens
1349 941 1472 1006 fuit,
1505 949 1558 995 et
1591 955 1711 994 rur—
1753 998 1756 1000 γ

94 1052 225 1093 sum
254 1045 482 1093 mmstus
503 1046 587 1092 est
613 1037 784 1093 factus
816 1054 829 1089 :
860 1051 1055 1108 resque
1102 1050 1314 1102 omnes,
1352 1051 1473 1106 quae
1497 1034 1710 1104 scriptze

103 1139 263 1196 sunt,
295 1140 463 1201 gestae
491 1129 804 1199 eﬂ'eetmque
849 1139 994 1184 sunt.
1047 1129 1151 1185 Sed
1200 1128 1578 1184 admonuimus
1621 1141 1706 1192 ea,

100 1238 230 1293 quae
261 1223 364 1277 sub
394 1222 507 1277 Deo
534 1222 852 1292 agebantur,
883 1222 1226 1290 praesentium
1269 1219 1548 1276 eﬁ'ectibus
1581 1233 1712 1273 con-

99 1314 448 1387 sequentium
485 1312 710 1369 formam
747 1314 1049 1383 prmtulisse
1097 1329 1112 1368 :
1167 1320 1329 1383 atque
1375 1313 1444 1367 ita
1492 1325 1711 1381 semper

102 1407 158 1460 in
217 1405 515 1477 Scripturis
544 1404 857 1461 coelestibus
905 1419 1210 1460 sermonem
1238 1419 1453 1459 omnem
1509 1414 1712 1473 tempe-

100 1510 287 1555 ratum
349 1499 533 1566 fuisse,
590 1507 648 1553 nt
689 1515 794 1555 non
851 1500 1029 1554 minus
1069 1500 1150 1553 his
1189 1513 1312 1569 quae
1359 1498 1706 1569 gerebantur,

101 1608 271 1663 quam
310 1607 496 1649 eorum
538 1607 658 1662 aute
697 1592 931 1660 gerenda
980 1601 1164 1648 essent
1207 1591 1543 1646 similitudini
1579 1605 1711 1645 conv

101 1686 338 1739 veniret.
369 1683 588 1739 Juveuis
633 1683 719 1738 hic
773 1684 953 1754 itaque
985 1681 1212 1738 formam
1241 1682 1450 1738 Judaiei
1518 1681 1702 1753 populi

1812 482 1978 530 restet
2006 475 2025 544 (
2049 474 2214 543 lbid.,
2245 475 2361 544 20).
2388 475 2515 542 Sed,
2543 486 2599 531 ut
2637 476 2892 544 diximus,
2922 491 3099 548 neque
3127 476 3412 546 superiora

1811 565 1897 620 illa
1929 577 2114 638 egerat
2135 568 2199 621 ad
2224 584 2343 639 qua:
2371 569 2680 635 remittitur,
2699 580 2749 625 et
2775 570 2826 624 in
2851 568 2981 640 ipsis
3008 569 3242 640 glorians
3272 577 3408 624 tam-

1810 674 1968 729 quam
2020 669 2426 716 consummatus
2482 660 2598 716 haec
2649 661 2904 732 loquitur.
2987 661 3084 716 Cui
3151 662 3408 717 Dominus

1811 752 2122 821 respondet,
2150 752 2430 808 vendenda
2462 755 2640 808 omnia
2666 753 2804 809 bona
2833 769 2932 811 sua
2979 769 3122 820 esse,
3146 764 3200 810 et
3227 754 3405 810 danda

1814 843 2141 912 pauperibus
2171 861 2182 896 :
2215 853 2426 900 ettunc
2448 860 2571 900 eum
2623 844 2859 900 futurum
2913 860 3037 901 esse
3082 845 3406 916 perfectum,

1813 935 2232 1009 habiturumque
2261 939 2575 994 thesaurum
2611 939 2666 994 in
2713 941 2868 996 caelis
2891 938 3093 1012 (lbid.,
3120 939 3183 995 2t
3223 939 3262 1012 ).
3297 940 3410 996 Re-

1817 1032 2117 1101 spondetur
2143 1032 2266 1088 huic
2293 1033 2510 1104 quidem
2536 1033 2747 1103 juveni,
2779 1032 3146 1103 pulcherrimo
3189 1032 3283 1087 illo
3348 1047 3413 1088 ac

1812 1126 2054 1181 maxime
2082 1125 2198 1180 utili
2227 1125 2568 1195 relinquendi
2597 1125 2780 1180 sreculi
2813 1133 3105 1197 praecepto,
3152 1139 3258 1196 quo
3296 1124 3412 1195 jac-

1814 1225 1930 1272 tura
1960 1227 2189 1273 terrenae
2211 1218 2526 1274 substantia:
2547 1219 2804 1274 caelorum
2828 1232 2960 1288 opes
2981 1217 3223 1274 emendre
3253 1224 3376 1272 sunt
3396 1233 3410 1271 :

1812 1311 1906 1366 sed
1939 1312 1992 1366 in
2023 1326 2091 1367 eo
2119 1311 2259 1382 quod
2286 1312 2420 1366 bona
2453 1325 2548 1366 sua
2581 1311 2814 1367 vendere
2845 1321 2899 1366 et
2929 1310 3058 1366 dare
3089 1309 3413 1380 pauperibus

1808 1403 2052 1474 jubetur,
2081 1405 2461 1460 conﬁdentiam
2487 1406 2619 1476 legis
2646 1406 2958 1476 relinquere
2985 1404 3324 1471 admonetur,
3358 1413 3413 1460 et
3486 1417 3490 1421 ·

1813 1515 1930 1554 eam
1961 1499 2100 1556 felici
2123 1501 2450 1556 commercio
2497 1507 2709 1556 mutare
2741 1518 2753 1553 :
2785 1510 2839 1554 et
2865 1510 2921 1554 ut
2947 1499 3251 1554 meminerit
3278 1513 3403 1554 utn-

1815 1589 1965 1644 bram
2009 1591 2062 1645 in
2113 1606 2174 1645 ea
2216 1591 2457 1646 veritatis
2505 1577 2648 1656 esse,
2693 1607 2813 1662 qua:
2861 1590 3119 1662 deinceps
3157 1589 3408 1660 pauperi-

1814 1680 1934 1748 bus,
1962 1681 2014 1736 id
2045 1691 2146 1747 est,
2178 1683 2426 1754 gentibus
2454 1683 2523 1738 sit
2551 1683 2651 1738 sub
2693 1685 2860 1754 ipsius
2905 1682 3153 1739 veritatis
3179 1697 3410 1752 corpore

103 1779 292 1846 habet,
348 1777 546 1849 inlege
568 1777 880 1852 jpsolentis,
933 1787 988 1832 et
1033 1777 1168 1831 nihil
1215 1787 1413 1847 praeter
1442 1782 1708 1846 praecepta
1738 1771 2144 1838 Bdividenda;
2210 1775 2326 1828 haec
2377 1783 2555 1829 autem
2619 1773 2890 1829 neminem
2940 1788 3101 1845 posse
3157 1773 3410 1839 efﬁcere,

102 1871 279 1942 Moysi
307 1871 421 1940 spei
453 1869 818 1940 exspectantis
841 1885 868 1922 a
913 1867 1151 1936 Christo.
1204 1868 1304 1924 Cui
1336 1869 1614 1931 Dominus,
1649 1866 1702 1920 in

101 1962 468 2034 responsione
526 1963 663 2032 ipsa,
713 1961 1057 2017 severitatem
1103 1960 1290 2030 judicii
1341 1977 1404 2016 ex
1461 1975 1520 2016 se
1547 1959 1710 2016 futuri

101 2063 436 2124 protestatus
457 2062 562 2117 est,
597 2050 827 2125 dicens(
850 2051 1016 2120 Ibid.,
1042 2054 1108 2108 l7
1138 2056 1199 2123 )z
1244 2053 1380 2119 Quid
1434 2069 1515 2106 me
1561 2068 1711 2106 vocas

100 2147 299 2201 bonum
321 2146 347 2200 ?
379 2145 486 2219 (V.
530 2146 621 2201 lib.
673 2161 724 2200 Ix
757 2146 820 2200 de
852 2145 1021 2211 Trin.,
1072 2144 1126 2198 η’.
1178 2143 1266 2199 16.
1305 2141 1323 2214 )
1351 2143 1399 2198 Is
1425 2143 1590 2208 enim,
1624 2144 1710 2199 cui

103 2254 338 2295 necesse
368 2240 436 2294 sit
463 2237 625 2309 impia
657 2247 713 2293 et
739 2239 918 2307 iniqua
947 2237 1158 2307 punire,
1209 2237 1430 2291 nomine
1458 2236 1712 2292 bonitatis

101 2332 387 2398 abstinuit,
415 2331 514 2386 soli
548 2331 649 2386 hoc
678 2347 874 2386 nomen
914 2331 1022 2387 Deo
1062 2329 1200 2402 patri
1252 2344 1561 2394 reservans,
1621 2329 1709 2399 qui

100 2426 450 2498 se,jndicem
505 2425 705 2491 dando,
750 2425 928 2480 ofﬁcio
972 2425 1276 2480 severitatis
1321 2424 1561 2480 exuerit:
1603 2438 1711 2477 non

101 2521 249 2592 quod
283 2520 458 2576 bonus
485 2530 540 2576 et
580 2521 694 2590 ipse
739 2534 843 2574 non
881 2526 1045 2584 esset,
1071 2517 1166 2573 sed
1195 2517 1336 2586 quod
1380 2530 1617 2587 congrua
1655 2513 1711 2570 in

104 2629 232 2670 eum
261 2613 552 2670 severitate
585 2612 747 2681 judex
781 2609 858 2684 (η)
907 2621 1052 2666 esset
1083 2626 1295 2666 usurus.

179 2707 235 2761 5.
281 2704 457 2760 Judtei
496 2705 552 2758 in
602 2704 712 2776 lege
763 2705 1047 2774 gloriantes
1098 2703 1206 2774 lege
1242 2703 1614 2757 convincuntur
1640 2701 1716 2756 nil

105 2796 233 2852 recti
255 2798 440 2869 egisse.
465 2826 537 2838 -—
561 2795 714 2851 Hunc
740 2796 900 2866 igitur
927 2812 995 2851 ex
1026 2795 1143 2867 lege
1182 2795 1528 2862 insolentem,
1565 2794 1715 2849 solli-

103 2890 274 2946 cittnu
303 2888 373 2943 de
402 2888 574 2944 salute
603 2888 830 2943 remittit
875 2888 941 2943 ad
969 2889 1143 2959 legem
1176 2905 1188 2941 :
1225 2896 1283 2942 ut
1312 2889 1362 2942 iu
1394 2903 1456 2941 ca
1489 2889 1625 2956 ipsa,
1659 2888 1710 2942 in

103 2997 213 3052 qua
267 2981 616 3051 gloriaretur,
667 2979 993 3051 intelligeret
1047 2979 1178 3034 nihil
1227 2995 1284 3035 se
1340 2979 1535 3035 exinde
1581 2977 1714 3035 recti

104 3074 293 3144 operis
323 3070 540 3128 fecisse.
565 3070 760 3127 Verbis
787 3071 932 3126 enim
964 3072 1097 3142 legis
1121 3071 1170 3126 ei
1200 3071 1457 3126 Dominus
1486 3086 1711 3141 re»pnn«

1816 1865 1916 1920 nisi
1964 1867 2052 1936 qui
2081 1867 2229 1937 sequi
2257 1867 2484 1936 cmperit
2519 1867 2812 1921 Christum.

1887 1959 1938 2014 7.
1987 1959 2126 2027 Quid
2156 1961 2223 2014 sit
2248 1958 2384 2029 quod
2413 1959 2710 2014 adolescens
2735 1977 2767 2013 a
2783 1961 3052 2030 juventute
3085 1959 3186 2031 legi
3230 1975 3286 2014 se
3309 1974 3416 2014 ser-

1813 2050 1945 2104 visse
1991 2059 2220 2104 testatur.
2249 2080 2320 2090 -—
2344 2049 2450 2106 Sed
2474 2050 2808 2115 adolescens,
2841 2050 3038 2105 auditis
3086 2051 3186 2116 his,
3245 2049 3414 2105 trisﬁs

1813 2142 2037 2196 recessit
2067 2139 2084 2207 (
2109 2140 2274 2208 lbid.,
2305 2141 2400 2213 22)
2437 2159 2448 2195 :
2483 2143 2704 2198 multam
2735 2143 2877 2197 enim
2936 2141 3226 2212 opulentia:
3273 2140 3412 2196 ﬁdu-

1815 2234 1951 2288 ciam
2008 2234 2239 2290 habebat
2290 2250 2355 2290 ex
2413 2235 2550 2306 lege.
2591 2235 2769 2306 Atque
2827 2235 2878 2289 iu
2927 2249 2994 2290 eo
3023 2235 3186 2290 etiam
3220 2233 3414 2306 typicae

1815 2324 2120 2382 elﬁcientize
2152 2328 2290 2382 ratio
2321 2337 2531 2383 servata
2561 2338 2666 2393 est,
2721 2335 2778 2381 ut
2830 2342 2951 2382 cum
3008 2326 3410 2382 adolescentem

1816 2422 1963 2478 hunc
1990 2436 2112 2477 esse
2155 2423 2442 2493 signiﬁcet,
2489 2424 2604 2493 ipse
2633 2424 2878 2494 superius
2924 2422 3143 2490 dixerit,
3169 2424 3237 2479 ab
3264 2423 3414 2480 omni

1815 2529 1876 2571 se
1915 2514 2199 2586 juventute
2228 2530 2324 2571 sua
2353 2517 2635 2588 princeptis
2666 2516 2749 2572 his
2771 2532 2888 2588 qure
2921 2515 3186 2573 habentur
3217 2516 3269 2572 in
3295 2517 3414 2588 lege

1814 2612 2291 2668 servivissezcnm
2338 2608 2704 2665 adolescentia
2755 2608 2833 2681 (ά)
2888 2609 3022 2663 intra
3068 2609 3415 2679 juventutem

1814 2707 1906 2773 sit,
1936 2715 1991 2761 et
2019 2705 2284 2776 posterior
2309 2704 2481 2759 aetatis
2507 2704 2706 2774 gradus
2733 2719 2840 2758 non
2883 2703 3053 2773 possit
3085 2703 3221 2757 intra
3264 2703 3411 2773 prio-

1815 2799 1892 2854 ris
1921 2798 1994 2870 (e)
2041 2797 2298 2854 terminos
2325 2796 2614 2852 contineri.
2641 2795 2746 2852 Sed
2770 2795 2874 2851 hoc
2903 2795 3045 2860 ideo,
3079 2807 3137 2850 ut
3166 2809 3194 2847 a
3215 2794 3412 2865 juven-

1819 2899 1932 2947 tute
1958 2889 2025 2962 (ί)
2054 2891 2156 2946 hoc
2179 2890 2467 2953 serviente,
2488 2889 2707 2960 longum
2743 2888 2851 2959 jam
2879 2888 2930 2943 in
2959 2902 3122 2959 opere
3152 2887 3286 2958 legis
3315 2902 3414 2959 po-

1817 2982 1926 3052 puli
1961 2991 2172 3052 tempus
2197 2979 2528 3037 ostenderet.

1889 3074 1940 3128 8.
1985 3073 2174 3149 lsraeli
2219 3072 2438 3142 superbo
2476 3073 2708 3144 difﬁcilis
2737 3074 2850 3130 caeli
2875 3073 3067 3128 aditus.
3117 3103 3189 3114 -—
3214 3072 3420 3130 Dehine

112 3167 216 3222 dit.
246 3164 354 3221 Sed
402 3163 738 3231 adolescens,
795 3172 1064 3233 tamquam
1110 3162 1337 3233 populus
1383 3163 1622 3217 insolens
1663 3157 1787 3218 etC
1823 3166 2081 3222 Dominus
2106 3167 2316 3238 cognita
2341 3167 2701 3222 adolescentis
2720 3167 3085 3223 moestitudine
3117 3167 3418 3237 respondit,

104 3259 374 3330 glorians,
406 3261 458 3312 in
492 3258 608 3329 lege
655 3257 901 3322 cOnﬁdit,
956 3257 1040 3312 cui
1084 3264 1259 3312 tamen
1313 3257 1603 3313 obsecutus
1647 3271 1715 3312 ex

107 3354 260 3410 nullo
309 3361 414 3408 est.
461 3351 652 3407 Jussus
691 3353 835 3406 enim
867 3351 1038 3405 fuerat
1084 3367 1190 3406 non
1239 3351 1486 3407 occidere
1531 3369 1542 3404 ε
1593 3366 1719 3420 pro-

109 3448 307 3517 phetas
337 3443 701 3500 interfecerat.
732 3443 849 3498 Non
894 3442 1150 3498 mcechari
1184 3461 1196 3496 :
1235 3443 1324 3498 hic
1352 3431 1716 3513 corruptelam

109 3537 260 3601 ﬁdei,
291 3545 348 3590 et
379 3536 477 3605 legi
517 3534 840 3590 adulterium
865 3534 1140 3601 intulerat,
1171 3542 1225 3588 et
1247 3533 1326 3605 (b)
1356 3533 1490 3589 deos
1515 3534 1720 3589 alienos

109 3628 462 3684 adoraverat.
491 3625 608 3681 Non
654 3624 820 3680 furari
860 3645 872 3678 :
922 3627 1008 3680 hic
1039 3636 1165 3680 ante
1205 3641 1364 3696 quam
1420 3626 1720 3681 libertatem

117 3720 383 3777 credendi
414 3720 468 3774 in
507 3719 609 3775 ﬁde
646 3719 892 3775 Christus
924 3719 1197 3786 redderet,
1229 3719 1369 3775 furto
1415 3720 1548 3791 legis
1585 3735 1723 3791 prse-

113 3825 276 3884 cepta
301 3812 566 3867 dissolvit.
591 3811 709 3867 Non
755 3811 948 3868 falsum
983 3821 1176 3868 testem
1229 3812 1344 3868 ﬁeri
1377 3831 1389 3866 :
1422 3813 1508 3869 hic
1537 3812 1723 3869 Chris-

117 3917 230 3960 tum
268 3906 482 3976 negavit
507 3920 570 3960 ex
615 3905 862 3960 mortuis.
926 3904 1138 3960 Patrem
1178 3915 1231 3959 et
1280 3913 1507 3961 matrem
1560 3905 1722 3978 763

111 3997 304 4068 jussus
347 4005 429 4051 est
456 3995 758 4052 honorare:
794 3995 880 4051 hic
910 3997 1026 4067 ipse
1048 4011 1108 4052 se
1137 4013 1164 4051 a
1200 3997 1291 4053 Dei
1348 3999 1517 4068 patris
1563 4009 1726 4069 atque

117 4094 188 4148 ab
240 4091 504 4148 Ecclesia:
568 4091 762 4146 matris
809 4089 1009 4146 familia
1072 4091 1360 4147 abdicavit.
1418 4093 1724 4147 Proximum

121 4194 400 4254 tamquam
452 4197 510 4237 se
550 4197 733 4238 amare
785 4191 1087 4253 praeceptus
1118 4191 1243 4238 est:
1296 4183 1383 4237 hic
1429 4183 1726 4250 Christum,

120 4277 214 4348 qui
260 4274 504 4330 omnium
572 4283 816 4329 nostrum
887 4288 1082 4343 corpus
1133 4273 1444 4343 assumpsit,
1502 4281 1556 4328 et
1610 4273 1728 4328 uni-

119 4367 322 4437 cuique
376 4374 616 4422 nostrum
669 4365 927 4436 assumpti
981 4364 1224 4435 corporis
1283 4363 1595 4420 conditione
1655 4365 1732 4417 fa-

121 4469 243 4515 ctus
294 4466 378 4514 est
415 4458 688 4529 proximus
717 4457 814 4530 (ο),
845 4457 1013 4530 usque
1044 4458 1096 4512 in
1140 4472 1353 4528 poenam
1402 4457 1581 4513 erucis
1611 4471 1732 4528 per-

1818 3258 2041 3315 difﬁcile
2104 3259 2323 3314 divitem
2400 3268 2686 3316 venturum
2754 3260 2810 3314 in
2863 3274 3086 3332 regnum
3154 3260 3417 3316 caelorum

1820 3351 2029 3424 (Ibid.,
2060 3351 2177 3424 25).
2226 3352 2453 3408 Divitem
2499 3368 2558 3408 se
2605 3353 2762 3422 igitur
2814 3353 2997 3416 lsrael,
3057 3362 3114 3406 ut
3159 3352 3417 3421 diximus,

1820 3444 1956 3514 legis
1995 3445 2188 3500 ﬁducia
2233 3445 2581 3515 gloriabatur.
2620 3445 2754 3501 lluic
2783 3446 3018 3500 difﬁcilis
3041 3455 3124 3500 est
3157 3446 3336 3501 aditus
3363 3446 3418 3502 in

1820 3535 2040 3603 coelum,
2067 3545 2277 3592 veteres
2305 3551 2439 3604 epes
2468 3537 2568 3591 sub
2589 3537 2818 3592 Abraha:
2847 3536 3066 3594 nomine
3088 3538 3266 3594 inanis
3291 3553 3421 3609 pro-

1821 3630 1986 3697 sapiae
2025 3629 2319 3684 ambitione
2354 3630 2633 3685 retinenti.

1894 3723 1948 3779 9.
1980 3721 2185 3777 Crimen
2215 3739 2315 3777 non
2344 3733 2418 3776 est
2439 3724 2490 3777 in
2525 3721 2778 3791 habendo,
2801 3723 2890 3777 sed
2913 3725 2967 3778 in
2994 3724 3214 3781 habendi
3248 3725 3420 3782 modo.

1828 3815 1997 3887 Opum
2022 3833 2145 3870 cura
2168 3814 2702 3886 periculosa—Quin
2727 3817 2887 3872 etiam
2910 3817 3129 3887 adjecit,
3155 3817 3424 3874 camelum

1826 3908 2034 3964 facilius
2082 3925 2178 3979 per
2206 3907 2450 3964 foramen
2490 3923 2620 3963 acus
2648 3923 2806 3978 posse
2851 3909 3102 3977 transire,
3130 3925 3288 3981 quam
3315 3925 3429 3966 cm-

1825 4000 1997 4055 lorum
2026 4016 2249 4068 regnum
2299 4001 2521 4056 divitem
2554 4001 2779 4055 introire
2827 4000 3014 4072 (lbid.,
3043 4001 3112 4054 24
3136 4000 3174 4072 ).
3207 3999 3281 4070 (g)
3311 4000 3425 4054 Ha-

1828 4093 1959 4148 bere
1987 4093 2230 4148 criminis
2256 4108 2361 4146 non
2393 4101 2498 4157 est,
2526 4092 2622 4147 sed
2671 4093 2862 4146 modus
2907 4093 2962 4146 in
2995 4091 3244 4148 habendo
3298 4093 3430 4148 reti-

1830 4184 2038 4240 nendus
2063 4181 2226 4256 764
2247 4193 2349 4239 est.
2385 4183 2515 4238 Nam
2561 4184 2834 4254 quomodo
2874 4184 3288 4251 impertiendum
3319 4193 3428 4252 est,

1829 4277 2102 4348 quomodo
2146 4275 2675 4344 communicandum,
2719 4277 2763 4331 si
2809 4277 3152 4346 impertieudi
3197 4287 3252 4334 et
3279 4293 3430 4333 com-

1830 4367 2138 4424 municandi
2169 4369 2396 4425 materia
2428 4383 2532 4423 non
2566 4369 2943 4439 relinquatur?
2999 4369 3140 4441 Ergo
3169 4379 3431 4427 nocenter

1834 4463 2002 4534 magis
2031 4461 2250 4528 habere,
2284 4479 2442 4534 quam
2491 4462 2622 4517 illud
2654 4463 2826 4533 ipsum
2856 4462 3056 4520 habere
3099 4464 3159 4519 ﬁt
3201 4466 3429 4524 crimen.

122 4561 346 4608 secutus
386 4561 488 4606 est.
525 4550 595 4606 Ut
624 4552 785 4622 igitur
839 4551 922 4606 his
959 4550 1242 4621 depositis,
1296 4566 1358 4607 ac
1386 4551 1574 4607 recisis
1614 4567 1728 4606 om-
1755 4541 1810 4601 D
1837 4555 1942 4611 Sed
1993 4555 2287 4626 periculosa
2315 4571 2441 4612 cura
2472 4567 2576 4623 est,
2606 4556 2746 4613 velle
2793 4557 3062 4613 ditescere
3097 4576 3112 4614 :
3159 4567 3213 4614 et
3262 4573 3436 4630 grave

121 4644 289 4698 uibus
311 4642 454 4698 vitiis
484 4643 536 4698 in
579 4644 749 4714 legem
782 4652 1166 4708 reverteretur,
1201 4653 1283 4699 est
1305 4643 1507 4714 jussus.

197 4739 253 4792 6.
285 4737 362 4790 Ab
391 4737 570 4790 umbra
614 4737 742 4810 legis
796 4737 865 4791 ad
921 4737 1264 4810 evangelicum
1315 4738 1576 4793 veritatem
1629 4739 1729 4792 nti-

121 4846 280 4905 grare
326 4831 627 4885 suadentur.
678 4861 750 4871 —
790 4830 894 4887 Sed
923 4829 1234 4901 respondet,
1273 4829 1389 4886 haec
1418 4831 1599 4887 omnia
1648 4832 1728 4889 fe-

201 4993 281 5064 (u)
327 4991 470 5048 Editi
502 5001 730 5064 excepto
755 4990 879 5046 Par.
910 5005 1034 5046 cum
1073 4991 1278 5063 aliquot
1307 5005 1440 5046 mss.
1491 5001 1617 5045 esset
1643 4991 1728 5062 fu.

124 5075 303 5120 turus.

199 5135 299 5208 (b),
332 5135 466 5192 Bad.
515 5144 569 5190 et
617 5135 709 5190 Er.
738 5135 837 5208 diis
858 5134 1042 5189 alienis
1057 5135 1384 5208 edomuerat.
1406 5132 1559 5208 'Tum
1607 5133 1734 5208 Lip-

123 5204 338 5261 eiusde
365 5223 464 5261 suo
507 5208 684 5275 posuit
717 5206 1025 5260 adoleverat.
1050 5205 1222 5274 Supra
1264 5220 1382 5274 cap.
1406 5204 1522 5268 '12,
1551 5222 1604 5257 ιι.
1635 5205 1729 5271 22,

125 5279 478 5332 observatum
510 5287 594 5331 est
646 5278 698 5331 in
749 5277 1019 5346 plerisque
1052 5291 1179 5330 mss.
1228 5275 1410 5331 haberi
1461 5276 1734 5328 adoratum

129 5358 312 5418 postea
339 5350 618 5419 pecudibus
644 5358 690 5402 et
730 5349 886 5402 saxis.
933 5348 1032 5419 Ad
1065 5346 1250 5402 Hilarii
1304 5347 1621 5402 sententiam
1657 5347 1734 5419 Vde

127 5423 276 5474 furto
302 5432 360 5476 et
384 5421 648 5475 adulterio
678 5420 884 5474 accedit
912 5418 1040 5472 illud
1063 5419 1268 5472 Turihii
1302 5419 1440 5472 inter
1473 5418 1733 5485 epistolas

129 5488 335 5547 Leonis
362 5492 496 5546 edit.
520 5491 779 5557 Quesnel,
821 5506 942 5561 pag.
969 5491 1074 5545 459
1118 5507 1129 5541 :
1157 5489 1336 5561 Neque
1365 5488 1455 5542 illa
1474 5488 1734 5561 solagsunt

131 5567 296 5633 furta,
327 5578 442 5631 qua:
461 5563 749 5616 alienarunt
770 5558 1054 5633 direptione
1075 5558 1498 5633 committuntur;
1524 5559 1601 5614 vel
1622 5558 1736 5613 sola

131 5631 413 5699 adulteria,
443 5649 558 5704 qua:
585 5633 786 5688 violatis
827 5631 1082 5686 maritalis
1129 5632 1264 5685 thori
1308 5631 1575 5697 aﬂectibus
1619 5646 1736 5700 per-

134 5713 440 5774 petramus:
471 5704 559 5757 sed
581 5715 627 5757 et
659 5704 926 5758 subtractis
952 5713 1065 5774 qua:
1092 5720 1210 5757 vera
1238 5711 1387 5774 sunt,
1433 5704 1632 5774 furtum?
1651 5718 1736 5755 ca-

161 5775 348 5832 holica:
376 5776 508 5846 ﬁdei
525 5774 749 5848 perversi
776 5775 1030 5848 dogmatis
1062 5776 1184 5847 facit
1209 5773 1422 5830 assert-io
1439 5790 1458 5842 ;
1485 5781 1534 5827 et
1565 5773 1740 5827 adver-

1839 4663 1975 4704 onus
2022 4647 2328 4704 innocentia
2372 4647 2536 4711 subit,
2567 4647 2914 4704 incrementis
2944 4664 3108 4720 opum
3150 4659 3432 4721 occupata.

1837 4740 1971 4795 Rem
2019 4739 2163 4795 enim
2216 4739 2421 4807 saeculi,
2464 4731 2758 4797 famulatus
2811 4739 2905 4796 Dei
2955 4757 3060 4798 non
3104 4744 3221 4799 sine
3250 4743 3437 4801 saeculi

1836 4834 2005 4905 ipsius
2066 4832 2210 4888 vitiis
2277 4833 2598 4903 assequitur.
2649 4832 2782 4890 Hinc
2819 4832 3040 4890 difﬁcile
3089 4844 3171 4890 est
3215 4836 3439 4895 divitem

1837 5008 1925 5046 sus
1976 4991 2238 5046 veritatem
2287 4988 2441 5044 Verbi
2471 4987 2588 5054 Dei,
2617 4991 2872 5045 malarum
2909 4991 3262 5049 doctrinarum
3286 4994 3444 5052 adul-

1838 5064 1972 5133 terio,
1995 5105 2010 5129 ,
2052 5062 2268 5116 zizanite
2296 5062 2493 5115 semina
2513 5062 2798 5133 jaciuntur.

1910 5131 1985 5204 (c)
2031 5133 2088 5204 in
2120 5147 2250 5188 mss.
2298 5134 2357 5203 ﬁt
2395 5131 2681 5203 proximus.

1912 5203 1994 5276 (ά)
2038 5203 2203 5268 Edili,
2254 5205 2393 5270 intra
2430 5208 2738 5270 iuventutem
2792 5222 2810 5260 :
2862 5205 3261 5276 refragantibus
3304 5225 3437 5268 mss.

1839 5276 1944 5332 Sed
1972 5285 2026 5330 et
2053 5292 2176 5354 mox
2206 5276 2605 5354 mtassuperior
2629 5276 2939 5334 inferiorem
2967 5280 3124 5348 intra,
3170 5297 3274 5338 nou
3300 5286 3441 5354 infra

1839 5362 1899 5402 se
1924 5348 2203 5402 continere
2250 5346 2468 5403 dicitur.

1909 5417 2061 5493 (ejln
2087 5419 2313 5493 vulgatis
2342 5418 2559 5490 priores.
2603 5420 2934 5480 Conciuuius
2979 5424 3030 5478 in
3073 5439 3204 5478 mss.
3251 5422 3443 5493 prioris

1840 5488 2095 5544 videlicet
2119 5489 2312 5544 aetatis.

1912 5557 1983 5630 (ί)
2015 5561 2316 5615 Prouomen
2345 5563 2460 5630 hoc,
2481 5579 2587 5634 quo
2611 5564 2928 5620 adolescens
2947 5562 3232 5634 indicatur,
3253 5576 3282 5616 a
3313 5561 3444 5634 Lip-

1841 5630 1922 5686 sio
1942 5639 2268 5700 expunctum
2289 5633 2616 5689 restituimus
2630 5636 2946 5688 auctoritate
2970 5631 3100 5684 Bad.
3120 5632 3210 5685 Er.
3227 5642 3281 5687 et
3301 5630 3436 5691 mss.

1915 5698 1994 5780 (ρ)
2015 5698 2148 5780 Post
2171 5703 2396 5759 verbum
2440 5704 2644 5770 habere,
2681 5704 2863 5760 excusi
2905 5701 3166 5770 adjiciunt
3203 5702 3434 5780 divitias,

1845 5773 2202 5830 renitentibus
2235 5789 2368 5832 mss.

3341 5924 3391 5937 -ο
