3974 6198
599 321 734 379 1027

1808 312 2053 368 sum
2092 311 2349 369 IllLAltll
2388 300 2693 371 spissum

596 451 821 508 regnum
845 434 1104 490 caelorum
1134 433 1303 489 adire.
1331 434 1501 503 Atque
1528 431 1708 496 etiam,
1740 430 1866 499 quia
1892 430 1968 483 uti
2010 428 2188 498 plures
2216 429 2270 490 Α
2292 430 2508 499 pendit;
2538 431 2914 502 omnibusque,
2946 431 3037 503 qui
3059 431 3310 488 universa
3334 432 3659 504 reliquerint
3682 444 3869 501 proitt-r

596 530 681 583 his
727 543 845 597 qua:
880 527 1076 582 habent
1106 534 1251 581 recte
1298 532 1541 597 possent,
1568 538 1631 578 ea
1684 521 1740 576 in
1784 534 2038 576 sermone
2071 519 2177 573 Do-

596 620 725 675 mini
765 619 901 675 ratio
928 627 1142 675 servata
1164 628 1266 685 est,
1302 628 1360 672 ut
1399 631 1504 671 non
1533 613 1782 669 absolute
1817 624 2043 682 regnum
2072 623 2185 666 cte-

592 714 765 768 lorum
817 728 978 768 nemo
1024 713 1247 767 introire
1295 717 1519 782 pOSSet;
1566 706 1664 763 sed
1722 706 1947 776 intelligi
2004 710 2188 775 posset

591 804 891 860 futurorum
922 806 1113 861 raritas
1142 820 1206 859 ex
1238 803 1578 858 difﬁcultate.
1618 802 1686 855 Et
1714 800 1831 855 haec
1859 796 2074 869 quidem
2120 795 2187 850 ad

495 958 502 968 ,
588 899 855 968 simplicis
898 909 1094 955 Sensus
1142 898 1551 967 intelligentiam
1603 896 1874 964 pertinent
1916 910 1928 945 :
1996 904 2185 946 verum

592 990 782 1046 eodem
814 1006 972 1045 cursu
1003 991 1276 1047 interioris
1298 1004 1474 1045 causae
1502 989 1638 1043 ordo
1662 985 1982 1043 retinendus
2009 993 2112 1040 est.

665 1081 753 1136 16.
794 1082 899 1136 Cur
928 1082 1127 1137 Judteis
1149 1083 1367 1153 difﬁcilis
1389 1082 1499 1136 cali
1522 1081 1713 1136 aditus.
1733 1109 1805 1121 —
1833 1079 2186 1144 Adolescens,

588 1184 647 1228 ut
677 1174 931 1237 diximus,
962 1176 1220 1241 insolens,
1257 1175 1343 1229 ubi
1378 1174 1645 1244 iacturam
1678 1173 1814 1243 legis
1844 1172 2022 1226 facere
2052 1182 2186 1241 prla-

587 1267 808 1335 eipitur,
840 1276 1069 1323 maestus
1094 1277 1147 1322 et
1177 1268 1342 1321 tristis
1368 1277 1471 1322 est.
1492 1265 1592 1321 Est
1623 1274 1801 1320 mrtem
1828 1265 1956 1319 huic
1992 1263 2190 1333 pOpu'le

588 1375 722 1415 crux
753 1369 810 1415 et
837 1364 1014 1431 passio
1045 1361 1394 1426 scandalum;
1444 1370 1497 1415 et
1520 1360 1727 1415 idcirco
1757 1359 1858 1429 ipsi
1890 1358 2022 1412 nihil
2042 1358 2189 1411 salu-

586 1453 659 1507 tis
684 1467 750 1508 ex
798 1468 860 1508 ea
891 1462 992 1508 est.
1042 1454 1150 1509 Sed
1179 1454 1438 1525 gloriatur
1482 1453 1535 1507 iu
1589 1454 1704 1523 lege
1727 1496 1741 1519 ,
1790 1461 1848 1507 et
1876 1450 2190 1506 columedes

587 1556 776 1616 gentes
820 1556 1161 1617 aspernatur,
1189 1556 1243 1603 et
1286 1548 1516 1603 transire
1539 1549 1590 1602 in
1612 1547 1981 1617 evangelicum
2010 1544 2181 1599 liber-

584 1646 750 1693 tatem
782 1651 999 1696 recusat
1025 1659 1037 1695 :
1068 1653 1227 1712 atque
1258 1642 1377 1696 ideo
1412 1642 1635 1697 difﬁcile
1669 1655 1891 1710 regnum
1915 1640 2181 1695 caelorum

586 1727 851 1785 introibit.
886 1731 1049 1787 Pauci
1079 1734 1223 1787 enim
1273 1748 1483 1794 eorum.
1506 1742 1564 1787 et
1600 1732 1751 1801 juxta
1779 1730 2183 1786 multitudinem

587 1913 804 1968 difﬁcile
831 1917 1187 1984 praedm-ataui
1216 1916 1268 1970 in
1300 1916 1415 1986 lege
1436 1917 1796 1981 voluntatem,
1829 1915 1897 1970 ad
1923 1914 2188 1985 praedica-

589 2006 788 2059 tionem
811 2008 1141 2078 cVaugelicm
1167 2009 1485 2064 humilitatis
1510 2008 1869 2063 iullecterent.

659 2098 747 2151 ll.
796 2099 1009 2154 Pervius
1038 2112 1111 2155 est
1144 2101 1398 2172 gentibus.
1428 2099 1625 2155 Cameli
1650 2109 1858 2153 natura.
1888 2124 1961 2139 --
1980 2098 2089 2154 Sed
2112 2096 2189 2152 fa-

583 2191 740 2246 cilius
766 2193 1005 2247 eatnelus
1031 2210 1124 2263 per
1157 2195 1397 2248 foramen
1429 2208 1558 2248 acus
1590 2193 1861 2248 transibit:
1898 2191 2014 2247 Non
2045 2207 2181 2247 con-

587 2284 735 2338 venit
765 2286 975 2341 camelo
996 2301 1115 2341 cum
1141 2303 1268 2343 acus
1292 2286 1559 2343 foramine
1589 2304 1602 2343 :
1636 2302 1809 2358 neque
1837 2287 1888 2339 in
1927 2286 2189 2356 angustiis

587 2395 832 2436 caverna:
859 2381 1245 2451 exiguissimte,
1296 2382 1460 2450 recipi
1490 2382 1691 2452 poterit
1730 2380 1925 2435 bellua:
1954 2377 2188 2448 ingentis

584 2472 907 2528 inlormitas.
934 2474 1049 2529 Sed
1070 2475 1123 2528 in
1151 2475 1442 2543 primordio
1467 2474 1586 2529 libri
1614 2478 1757 2543 (cap.
1785 2473 1843 2539 2,
1868 2489 1922 2527 η.
1966 2472 2057 2544 2),
2088 2470 2189 2526 sub

585 2567 779 2620 vestitu
810 2566 1093 2633 Johannis,
1127 2567 1178 2621 in
1210 2567 1418 2622 camelo
1450 2577 1640 2637 gentes
1665 2564 1956 2636 signiﬁcari
2002 2565 2192 2620 adrue-

585 2664 825 2714 nuimtts.
860 2661 1030 2715 Pecus
1046 2662 1193 2715 enim
1216 2661 1320 2715 hoc
1346 2662 1421 2731 (α)
1449 2662 1625 2715 verbis
1650 2661 1854 2727 obedit,
1888 2668 2191 2716 metucou-

588 2753 811 2819 tinetur,
838 2753 1031 2823 jejunii
1060 2755 1270 2824 patiens
1300 2763 1405 2821 est,
1438 2763 1492 2809 et
1517 2753 1670 2809 oneri
1694 2768 1791 2808 suo
1815 2754 2046 2824 quadam
2076 2752 2189 2808 dis—

588 2846 799 2917 ciplinae
840 2859 1049 2906 ratione
1078 2850 1375 2904 succumbit
1402 2868 1415 2902 :
1447 2851 1601 2919 cujus
1629 2850 1913 2919 exemplo,
1947 2849 2189 2918 gentium

588 2939 895 2995 immanitas
936 2943 1003 2995 ad
1052 2943 1415 2998 obedientiam
1448 2954 1853 3013 pncceptorum
1885 2944 2191 2998 cmlestium

590 3035 881 3089 etnollitur.
918 3036 1009 3091 liae
1038 3038 1197 3107 igitur
1228 3039 1663 3108 angustissimum
1695 3040 1798 3094 iter
1824 3039 1975 3110 regni
2002 3040 2188 3094 coeles-

587 3126 658 3181 tis
684 3127 958 3182 introeunt
1000 3146 1013 3182 :
1060 3145 1191 3184 acus
1218 3130 1447 3196 scilicet,
1475 3146 1593 3201 qttze
1626 3137 1711 3185 est
1742 3130 1891 3185 verbi
1942 3130 2017 3202 (b)
2065 3131 2191 3184 novi

2293 537 2488 579 nomen
2519 523 2653 594 ejus,
2688 524 2917 580 fructum
2954 526 3192 595 centupli
3240 526 3443 595 praemii
3497 534 3866 580 reservatum:

2290 616 2491 671 multos
2517 626 2694 672 autem
2726 633 2791 672 es
2822 618 3133 673 novissimis
3159 618 3386 690 primos,
3417 629 3471 673 et
3492 634 3559 674 ex
3589 617 3786 689 primis
3810 617 3868 673 in.

2290 717 2440 763 turos
2466 709 2809 765 novissimos.

2359 801 2415 854 2.
2458 801 2773 872 Spiritaliter
2814 803 3034 875 intelligi
3076 802 3240 857 debet.
3276 832 3347 844 -—
3377 802 3546 859 Multa
3595 812 3745 871 sunt,
3777 820 3869 874 qua

2292 907 2397 948 non
2441 893 2625 949 sinunt
2670 909 2768 950 nos
2795 897 3027 966 simplici
3060 897 3335 952 intellectu
3382 896 3533 952 dicta
3580 898 3873 968 evangelica

2286 987 2585 1055 suscipere.
2616 987 2953 1058 Interpositis
2975 989 3120 1044 enim
3149 989 3425 1044 nonnule
3456 990 3650 1055 rebus,
3686 1004 3802 1057 quin
3825 1005 3873 1043 ex

2290 1088 2482 1134 natura
2510 1080 2728 1135 humani
2755 1094 2951 1136 sensus
2978 1082 3081 1136 sibi
3126 1082 3413 1136 contraria:
3439 1090 3590 1143 sunt,
3622 1081 3870 1135 rationem

2290 1187 2535 1243 qua-rere
2557 1173 2795 1229 celestis
2820 1174 3189 1246 intelligentia:
3218 1174 3600 1229 admonemur.
3634 1171 3713 1245 (ε)
3757 1174 3875 1242 Apo-

2290 1269 2417 1324 stoli
2447 1268 2662 1337 dicunt,
2688 1278 2745 1325 et
2772 1270 2925 1339 sequi
2948 1284 3007 1324 se
3048 1269 3350 1335 Christum,
3378 1279 3433 1324 et
3472 1283 3533 1323 se
3560 1267 3741 1322 omnia
3769 1266 3872 1320 reli-

2292 1360 2517 1431 quisse:
2550 1360 2819 1431 quomodo
2866 1362 3024 1432 igitur
3066 1360 3203 1415 ﬁunt
3251 1361 3431 1415 tristes
3458 1401 3473 1426 ,
3518 1370 3577 1414 et
3628 1356 3873 1427 quomodo

2290 1454 2824 1519 metuunt,.dicentes
2845 1456 3049 1509 salvum
3074 1470 3194 1509 esse
3218 1454 3486 1509 neminem
3510 1467 3672 1522 posse
3688 1452 3711 1504 ἲ
3730 1450 3867 1505 Nam.

2292 1563 2397 1618 que
2441 1558 2495 1603 et
2538 1549 2605 1603 ab
2633 1549 2750 1603 aliis
2796 1548 2913 1603 ﬁeri
2946 1555 3173 1617 poterat,
3205 1548 3253 1602 si
3296 1547 3425 1617 quid
3470 1546 3730 1602 iecissent
3754 1547 3861 1617 ipsi.

2296 1639 2497 1695 Deinde
2518 1656 2640 1695 cum
2667 1641 2921 1695 iecissent
2948 1640 3080 1710 ipsi;
3106 1656 3271 1711 quare
3294 1650 3471 1693 metus
3501 1639 3585 1693 vel
3615 1639 3753 1692 unde
3774 1654 3873 1693 sus.

2295 1746 2485 1806 cellos
2530 1737 2650 1791 est?
2678 1736 2906 1791 Additur
2937 1737 3099 1790 etiam
3146 1736 3199 1789 in
3252 1734 3613 1804 reSponsionc
3663 1734 3873 1795 Domini,

486 1874 487 1877 η
584 1827 825 1891 gentium
855 1825 1143 1880 admodum
1173 1826 1278 1879 rari
1324 1834 1479 1880 erant
1507 1824 1768 1879 credituri
1797 1843 1809 1878 :
1844 1832 1900 1877 ut
1931 1822 2076 1895 (mss.
2108 1822 2183 1891 et)
2215 1826 2264 1889 B
2291 1830 2406 1886 [me
2454 1824 2595 1901 apud
2651 1829 2900 1885 homines
2950 1828 3300 1899 impossibilia
3328 1870 3343 1893 ,
3396 1827 3695 1897 possibilia
3744 1827 3867 1895 apud

2298 1923 2483 1977 Deum.
2532 1921 2797 1992 Numquid
2845 1921 2985 1993 apud
3019 1920 3265 1975 homines
3304 1919 3664 1988 impossibilia
3714 1928 3867 1983 erant,

2290 2028 2411 2084 quze
2440 2021 2496 2069 et
2523 2014 2766 2082 Apostoli
2797 1998 2989 2068 fecisse
3014 2027 3075 2067 se
3112 2012 3436 2085 gloriantur,
3469 2021 3527 2067 et
3574 2012 3761 2067 fecisse
3789 2027 3869 2066 eos

2290 2106 2550 2161 Dominus
2574 2108 2814 2176 agnoscit
2838 2122 2851 2157 :
2880 2116 2935 2160 et
2960 2104 3218 2174 deinceps
3248 2106 3427 2174 plures
3456 2119 3631 2174 usque
3654 2103 3719 2157 ad
3748 2120 3868 2158 mar-

2291 2198 2416 2269 tyrii
2440 2197 2833 2252 beatitudinem
2865 2208 3048 2252 essent
3075 2198 3255 2250 omnia
3280 2196 3571 2250 relicturi?
3598 2196 3702 2251 Aut
3732 2212 3867 2250 umn-

2292 2289 2421 2359 quid
2441 2299 2523 2344 est
2556 2289 2683 2355 Deo,
2711 2303 2818 2359 quo
2855 2302 3016 2359 egere
3046 2288 3249 2358 possit;
3296 2287 3658 2358 relictumque
3683 2290 3746 2340 sit
3779 2288 3863 2340 ali-

2293 2383 2442 2453 quid,
2473 2382 2614 2453 quod
2646 2381 2725 2453 (d)
2753 2381 2964 2453 jactura
2993 2397 3171 2436 rerum
3202 2396 3334 2451 quas
3358 2381 3554 2435 habeat
3581 2382 3651 2434 sit
3670 2396 3866 2448 sequen-

2292 2475 2443 2540 dum,
2491 2485 2547 2529 ut
2586 2474 2689 2530 soli
2725 2475 2820 2544 ipsi
2853 2475 2955 2529 hoc
3004 2474 3183 2528 facere
3226 2472 3484 2543 possibile
3530 2473 3643 2526 sit?
3692 2471 3859 2527 Omnis

2294 2568 2475 2639 itaque
2496 2568 2584 2623 hic
2608 2582 2788 2623 sermo
2816 2576 2899 2623 ρει
2926 2568 3207 2637 spiritalis.

2368 2664 2420 2717 5.
2464 2662 2723 2733 Apostolis
2769 2663 2878 2717 sine
2924 2661 3057 2730 Lege
3108 2661 3250 2715 salus
3300 2660 3446 2714 nulla
3490 2660 3773 2714 videbatur.
3814 2687 3868 2697 —

2296 2755 2537 2826 Apostoli
2587 2754 2732 2811 enim
2782 2752 3094 2823 spiritaliter
3137 2753 3462 2817 audientes,
3523 2754 3783 2808 neminem
3811 2766 3861 2805 ex

2288 2849 2412 2917 lege
2446 2862 2603 2917 posse
2648 2845 2867 2911 salvztri,
2899 2844 2971 2916 (ε)
2998 2861 3117 2900 cum
3168 2846 3267 2916 ipsi
3317 2848 3482 2901 etiam
3536 2856 3666 2899 tunc
3690 2845 3741 2897 in
3769 2844 3863 2912 lege

2296 2952 2504 3003 essent;
2539 2954 2660 2993 nam
2704 2940 2995 2993 vehemens
3037 2952 3133 2993 eos
3162 2952 3314 2991 amor
3343 2937 3478 3007 legis
3508 2936 3760 3006 favorque
3786 2935 3865 2987 de-

2293 3035 2454 3088 tinuit
2484 3051 2495 3087 :
2528 3033 2581 3086 hi
2608 3032 2786 3103 igitur,
2824 3030 3060 3086 nondum
3096 3030 3312 3101 penitus
3333 3029 3632 3098 evangelici
3659 3026 3867 3098 mysterii

2297 3127 2524 3181 veritate
2565 3133 2861 3193 comperta,
2910 3132 3157 3177 metuunt
3204 3122 3474 3176 neminem
3523 3120 3735 3174 salvum
3768 3134 3866 3173 esse

586 3218 922 3287 pradiCatio,
974 3235 1071 3290 per
1099 3236 1260 3291 quam
1289 3238 1579 3293 corporum
1611 3223 1835 3278 vulnera
1879 3230 2188 3287 assuuutur,
2220 3215 2267 3280 C
2300 3232 2457 3287 posse
2485 3216 2603 3271 sine
2634 3216 2749 3285 lege
2779 3230 2794 3271 :
2826 3215 2949 3282 quia
2979 3228 3194 3268 omnem
3232 3213 3461 3266 salutem
3491 3212 3657 3265 etiam
3687 3220 3803 3263 tunc
3824 3211 3865 3259 in

587 3320 645 3365 et
668 3311 872 3366 dissuta
898 3314 1128 3368 vestium
1156 3323 1493 3382 retexuntur,
1525 3326 1580 3369 et
1608 3330 1751 3369 mors
1773 3314 1887 3385 ipsa
1927 3330 2190 3384 compun-

586 3404 752 3473 gitnr.
787 3403 926 3475 Ergo
959 3404 1116 3475 hujus
1161 3422 1312 3460 nova:
1343 3406 1739 3476 prmdicatioois
1785 3405 1888 3461 hoc
1938 3408 2043 3460 iter
2067 3415 2187 3460 est:

586 3492 642 3548 in
670 3495 812 3564 quod
842 3496 1051 3551 facilius
1096 3497 1402 3552 infortunitas
1430 3498 1679 3569 gentium
1726 3496 1997 3565 introibit,
2031 3512 2192 3568 quam

589 3587 865 3657 opulentia
890 3589 1093 3655 divitis,
1129 3590 1179 3643 id
1210 3599 1313 3655 est,
1342 3590 1624 3661 gloriantis
1653 3591 1705 3646 in
1741 3591 1883 3661 lege.

1098 3722 1258 3795 735
1296 3722 1521 3780 CAPUT
1564 3723 1689 3780 xx.

594 3835 675 3891 De
711 3855 801 3909 spe
824 3839 1177 3909 apostolorum
1201 3881 1215 3905 ,
1248 3840 1312 3895 de
1358 3842 1642 3897 novissimis
1669 3843 1850 3914 mimis
1898 3844 2189 3913 eﬁciendis.

672 3927 770 3983 Ubi
796 3931 1153 3985 conducuntur
1181 3933 1402 4002 aperarii
1427 3933 1495 3987 ad
1527 3934 1744 3988 vineam.
1778 3933 1857 3989 De
1887 3936 2198 4006 ﬁliis_Zebe-

668 4018 789 4083 diei,
821 4021 883 4073 de
910 4023 1077 4090 primo
1100 4024 1359 4092 accubitu,
1390 4025 1455 4079 de
1478 4024 1678 4081 duobus
1709 4027 1858 4083 cateia
1887 4044 2033 4085 secus
2062 4030 2196 4083 viam

668 4113 981 4169 sedentibus.

671 4232 725 4285 1.
790 4233 1007 4288 Summa
1049 4234 1181 4289 sacri
1224 4243 1410 4290 textus.
1452 4264 1523 4276 —-
1567 4233 1778 4291 Auditis
1816 4237 2007 4307 itaque
2054 4237 2192 4303 istis,

592 4322 848 4394 discipuli
886 4328 1221 4383 admirantur
1267 4338 1322 4383 et
1349 4337 1615 4394 metuunt,
1648 4330 2194 4385 dieentesneminem

591 4434 759 4490 posse
797 4421 992 4476 salvari
1048 4421 1135 4495 (υ.
1191 4421 1367 4479 25—30
1396 4424 1436 4494 ).
1471 4423 1726 4477 Dominus
1766 4424 2067 4493 respondit,
2090 4423 2195 4477 hoc

586 4514 929 4583 impossibile
954 4530 1077 4571 esse
1099 4517 1240 4587 apud
1269 4518 1533 4583 homines,
1562 4519 1811 4587 possibile
1833 4518 1975 4587 apud
2002 4518 2189 4572 Detnn.

2290 3309 2417 3379 lege
2446 3307 2791 3363 constituant.
2818 3305 2927 3361 Sed
2962 3305 3222 3361 Dominus
3251 3304 3400 3359 brevi
3432 3304 3780 3373 absolutaque
3800 3316 3871 3355 ra-

2294 3403 2466 3468 tione,
2515 3402 2830 3456 eorumdem
2876 3408 2931 3455 et
2973 3398 3330 3469 ignorantiam
3379 3408 3437 3452 et
3481 3408 3684 3451 metum
3712 3396 3865 3450 solvit.

2298 3496 2503 3561 dicens,
2540 3492 2654 3547 Hoc
2680 3493 2884 3563 quidem
2912 3490 3231 3561 impossibile
3254 3499 3327 3543 est
3353 3490 3494 3558 apud
3525 3490 3749 3542 homines
3772 3504 3867 3557 pos-

2298 3592 2446 3646 sibile
2472 3600 2641 3645 autem
2673 3588 2813 3659 apud
2850 3586 3028 3641 Deum.
3056 3585 3195 3654 Quid
3225 3586 3369 3639 enim
3401 3583 3593 3637 Judteo
3636 3593 3734 3637 tam
3775 3580 3869 3635 sine

2299 3685 2493 3739 eﬁectu
2516 3684 2747 3749 videtur,
2776 3680 2846 3754 (Γ)
2871 3690 2926 3735 ιιι
2948 3681 3015 3735 ab
3042 3680 3261 3734 homine
3288 3680 3458 3748 magis
3480 3676 3653 3749 168
3673 3676 3867 3730 salutem

2300 3778 2636 3847 exspectanti
2682 3784 2739 3831 et
2782 3791 2851 3829 ex
2885 3774 3022 3844 lege,
3055 3787 3213 3842 quam
3246 3780 3303 3825 ut
3333 3771 3385 3824 in
3418 3772 3599 3824 crucis
3638 3768 3863 3824 scandala

2302 3870 2588 3940 legislatio,
2636 3877 2689 3923 et
2718 3875 3123 3930 testamentum,
3172 3873 3226 3919 et
3255 3862 3497 3933 adoptio,
3533 3873 3586 3917 et
3612 3860 3868 3915 hzereditas

2296 3962 2606 4032 negligatur
2634 3959 2751 4031 (g)?
2780 3956 2921 4024 Quid
2949 3964 3128 4012 autem
3162 3955 3256 4009 Dei
3293 3954 3481 4008 virtuti
3514 3963 3623 4009 tam
3648 3951 3868 4023 possibile

2299 4064 2381 4107 est
2406 4093 2421 4117 ,
2471 4068 2631 4123 quam
2688 4060 2744 4105 ut
2785 4066 2879 4120 per
2918 4048 3079 4103 ﬁdem
3110 4048 3299 4112 salvet,
3337 4054 3393 4099 ut
3442 4060 3543 4116 per
3579 4060 3758 4116 aquam
3799 4058 3865 4097 re-

2298 4154 2543 4217 generet,
2597 4153 2650 4199 ut
2696 4159 2793 4213 per
2838 4156 3052 4197 crucem
3096 4141 3276 4194 vincat
3304 4180 3317 4203 ,
3375 4148 3433 4193 ut
3482 4154 3579 4208 per
3606 4136 3862 4205 Evangelia

2296 4238 2561 4309 adoptet,
2636 4244 2695 4291 ut
2739 4252 2835 4308 per
2900 4235 3349 4292 resurrectionem
3403 4248 3473 4288 ex
3530 4242 3700 4289 morte
3748 4231 3858 4286 vivi-

2300 4333 2425 4388 licet
2448 4334 2473 4387 Y

2369 4429 2424 4481 4.
2472 4423 2805 4499 Regeneratio
2826 4422 2967 4493 quid.
3001 4420 3316 4476 (lenissimus
3339 4425 3561 4491 fructus.
3601 4450 3667 4460 —
3696 4418 3867 4485 Quibus

2298 4521 2492 4576 auditis
2510 4520 2739 4587 apostoli
2765 4520 2872 4574 cito
2890 4517 3139 4582 credunt,
3160 4531 3388 4585 seseque
3404 4516 3591 4570 omnia
3617 4514 3866 4583 reliquisse

596 4606 830 4662 Rursum
865 4608 941 4662 illi
989 4607 1147 4664 dictis
1180 4611 1388 4664 Domini
1434 4610 1555 4666 llaec
1605 4609 1836 4665 reddunt
1863 4628 1876 4664 :
1908 4611 2191 4680 reliquisse
2221 4608 2273 4670 Β
2302 4616 2634 4681 proliteutur.
2668 4612 2779 4669 Sed
2831 4613 2969 4667 hanc
2995 4626 3181 4665 eorum
3229 4611 3595 4664 obedientiam
3649 4612 3749 4664 cito
3790 4605 3869 4657 [νον

596 4714 657 4754 se
682 4701 881 4765 omnia,
911 4711 967 4756 et
1009 4717 1134 4757 cum
1166 4704 1279 4773 ipso
1317 4718 1458 4758 esse.
1488 4702 1693 4771 Quibus
1738 4703 2020 4769 Dominus,
2066 4718 2188 4757 cum

588 4794 800 4849 sederit
825 4796 876 4849 in
909 4795 1205 4865 majestatis
1233 4811 1342 4850 sum
1384 4797 1535 4861 sede,
1568 4811 1815 4851 sessurus
1843 4810 2005 4866 super
2034 4798 2195 4852 sedes

594 4885 882 4943 duodecim
907 4929 922 4956 ,
964 4904 1028 4944 ac
1054 4890 1281 4944 totidem
1314 4889 1482 4944 tribus
1506 4890 1676 4944 'lsrael
1702 4889 2036 4959 iudicaturos
2062 4905 2188 4961 spo-

694 5056 745 5128 a)
788 5058 914 5111 Bad.
946 5066 1000 5112 et
1021 5058 1111 5112 Er.
1145 5056 1433 5111 verberibus
1464 5056 1650 5128 obedit.

699 5124 748 5195 ὑ)
791 5129 1076 5183 Vaticanus
1104 5129 1270 5184 codex
1301 5131 1437 5200 apud
1458 5127 1756 5196 Latinium,
1788 5141 1918 5181 noua
1935 5124 2190 5198 pradica-

598 5197 692 5261 tio,
724 5200 915 5254 eodem
945 5216 1126 5254 sensu.

673 5269 749 5344 (c)
787 5270 843 5344 l_n
874 5272 1116 5325 mss-hic
1141 5271 1420 5344 dumtaxat
1445 5271 1729 5344 inchoatur
1760 5278 1921 5339 caput
1936 5268 2040 5323 '20.

668 5341 752 5413 (d)
795 5342 914 5395 Par.
949 5357 1068 5396 cum
1104 5360 1204 5397 ms.
1231 5341 1455 5397 Cat-nui.
1488 5342 1624 5409 quod
1645 5344 1934 5413 eijactura.

674 5416 742 5483 (ei
783 5413 1178 5469 Lectionariutn
1212 5431 1311 5467 Ins.
1343 5414 1595 5469 G--rtnun.
1630 5431 1745 5467 cum
1768 5418 1919 5466 etiam
1949 5413 2047 5481 ipsi
2089 5427 2193 5464 non

594 5485 961 5540 intellexissent
1006 5502 1171 5540 :nam
1212 5484 1497 5539 vehemens.
1550 5484 1795 5554 Apostoli
1840 5485 2091 5537 dicuntur
2138 5483 2193 5536 in

596 5559 714 5629 lege
741 5560 930 5629 :illectu
962 5556 1184 5611 versui.

674 5629 742 5700 (Γ)
783 5628 839 5682 ln
874 5630 1117 5698 vulgatis,
1150 5626 1491 5700 quaingutab
1535 5626 1740 5700 homine
1781 5627 1949 5700 magis
1970 5626 2192 5679 salutent

602 5698 826 5769 expletat,
854 5716 1005 5769 quam
1032 5716 1095 5753 ea:
1126 5700 1234 5772 l_cge
1262 5713 1278 5750 :
1313 5698 1470 5772 lectio
1511 5699 1690 5752 verbis
1732 5699 2056 5772 evangelicis
2076 5710 2192 5749 non

594 5766 733 5823 saiis
766 5766 1116 5838 respondens.
1144 5766 1200 5823 lii
1234 5768 1503 5824 nonnullis
1527 5784 1656 5824 mss.
1689 5777 1745 5821 ut
1774 5768 1834 5821 ab
1864 5766 2068 5822 homine
2090 5783 2195 5819 ma-

602 5841 682 5910 gis
708 5840 920 5893 salutem
940 5850 1196 5910 exspectat
1221 5856 1375 5910 quam
1397 5858 1459 5898 ex
1481 5842 1607 5912 lege.
1633 5839 1749 5897 Non
1772 5839 2018 5909 displicet
2046 5838 2190 5908 quod

2302 4710 2478 4764 minus
2524 4716 2858 4771 muneratur,
2913 4719 3129 4758 omnem
3181 4702 3559 4757 difﬁcultatem
3604 4696 3863 4770 superioris

2299 4799 2613 4872 qumstionis
2643 4800 2949 4861 absolvens,
2996 4812 3118 4851 cum
3149 4794 3316 4849 dicit:
3362 4793 3465 4847 Vos
3485 4795 3575 4862 qui
3596 4792 3747 4847 secuti
3770 4788 3865 4843 estis

2299 4910 2379 4947 me
2430 4890 2508 4965 (It)
2552 4892 2605 4945 in
2648 4889 3028 4963 regeneratione
3068 4886 3375 4961 judicabltis
3435 4886 3704 4939 duodecim
3742 4881 3870 4936 tn’btts

2303 5054 2357 5109 in
2390 5053 2509 5106 aliis
2538 5052 2790 5120 quinque,
2828 5058 2884 5103 ut
2911 5049 3106 5103 homini
3136 5049 3298 5119 magis
3338 5046 3559 5120 salutem
3589 5039 3867 5120 experienti

2303 5141 2368 5195 ex
2393 5125 2501 5195 lege
2525 5118 3032 5195 {sicquegserundis
3073 5118 3231 5195 curis
3259 5118 3558 5195 repositum
3607 5123 3689 5195 est
3714 5118 3759 5167 in
3787 5126 3862 5195 ius.

2303 5185 2507 5250 Turni].
2525 5185 2624 5264 'qui
2645 5185 2679 5247 εἰ
2701 5193 2867 5262 prima
2898 5208 3055 5246 manu
3076 5185 3410 5264 prtefert,'ut_
3428 5188 3491 5241 ab
3512 5185 3733 5264 hominf,
3760 5192 3861 5264 etc,

2304 5278 2352 5321 ct
2401 5283 2465 5320 ea:
2515 5256 2819 5337 lege;qum
2853 5265 3010 5318 lectio
3058 5256 3315 5337 integrior
3365 5260 3633 5337 t-isa_est.
3682 5256 3862 5337 Iudaeus

2304 5339 2504 5408 quippe
2552 5328 2681 5408 nihil
2718 5328 2923 5405 'prarter
2955 5328 3194 5408 Moyseu'
3216 5334 3440 5403 ejusque
3488 5330 3660 5400 legem
3689 5328 3860 5408 _audire

2298 5401 2513 5472 volens,
2545 5418 2597 5459 et
2628 5407 2696 5460 ab
2728 5401 2941 5460 homine
2963 5401 3187 5459 salutem
3215 5401 3494 5472 eisiiectat
3520 5412 3574 5455 et
3598 5416 3663 5455 ex
3684 5401 3805 5472 lege.

2380 5484 2456 5551 (g)
2502 5468 2733 5551 verbum
2766 5479 3073 5551 _negligatur_
3119 5468 3515 5551 οιιιίῑῃςνςίηιει
3565 5471 3725 5525 editio
3762 5468 3854 5522 Par.

2296 5544 2549 5608 'Ho‘c'sibi
2579 5554 2708 5614 \‘ttll,
2759 5544 2945 5602 suam
2974 5547 3194 5601 stultum
3228 5544 3418 5607 videri,
3454 5552 3513 5597 ut
3538 5558 3709 5596 cructs
3737 5552 3853 5592 sean'

2301 5624 2480 5676 dolum
2512 5620 2829 5691 prie-feratur
2875 5619 3114 5691 religioni
3168 5627 3675 5691 patruni,‘qi_iorum
3705 5620 3852 5663 secun-

2302 5696 2427 5747 dum
2458 5687 2771 5762 Aiiosmlum
2795 5689 2951 5744 Rom.
2972 5687 3045 5755 ix,
3086 5687 3141 5756 4,
3171 5687 3255 5743 est
3283 5687 3577 5763 iegis'latio,
3608 5694 3848 5737 testamen-

2301 5773 2440 5830 tum,
2468 5777 2574 5820 etc.

2376 5823 2456 5907 (Ιί)
2492 5832 2667 5892 Voces
2706 5834 2763 5888 in
2806 5832 3184 5903 regeneratione
3224 5830 3277 5885 in
3326 5828 3478 5899 prius
3520 5823 3733 5898 vulgatis
3756 5832 3847 5875 cum

3760 312 3868 371 tias
3950 272 3953 343 ί
