3974 6198
550 286 682 344 10⁸51

1745 285 1988 344 SANCTI
2028 288 2283 345 HILARII
2323 288 2632 346 EPISCOPI

3719 289 3836 347 1032

547 399 662 454 titia
689 397 1091 470 consequitur):
1122 397 1458 454 conﬁrmatis
1488 397 1694 455 scilicet
1720 400 2000 470 superiore
2027 415 2143 456 ser-
2170 417 2225 476 Α
2321 402 2407 458 10.
2436 402 2536 470 Qui
2561 401 2798 456 destinati
2817 402 2948 469 sint,
2979 410 3034 456 ut
3057 400 3261 457 Christo
3305 400 3360 456 in
3396 419 3560 473 regno
3598 406 3831 462 assident.

547 507 728 556 mone,
760 506 857 561 per
888 489 1044 546 ﬁdem
1077 493 1251 545 crucis
1278 491 1600 546 novissimos
1651 493 1852 562 primos
1908 493 2140 559 futuros;

549 581 803 637 divitibus
831 590 1010 638 autem
1034 623 1048 648 ,
1081 581 1132 652 id
1156 583 1320 655 768
1345 592 1446 649 est,
1480 583 1878 641 conlidentibus
1909 585 1985 658 (a)
2019 587 2148 658 legis

553 676 608 731 in
630 676 873 732 eamdem
915 692 1132 732 crucem
1160 676 1648 734 scandalizantibus
1666 721 1680 748 ,
1707 675 1907 735 invium
1937 681 2039 736 iter
2065 697 2149 736 re—

548 766 638 836 gni
680 766 936 822 caelorum
964 767 1221 823 futurum.

621 859 675 915 9.
704 859 933 915 Zebedcei
962 862 1190 931 filiorum
1216 872 1401 928 mater,
1423 863 1540 929 lem;
1563 865 1660 934 ﬁlii
1689 867 1822 938 ejus,
1843 865 2020 921 Judwi
2043 881 2152 920 cre-

553 950 829 1008 dentes.—
852 952 994 1008 Tunc
1021 955 1233 1009 accessit
1257 956 1325 1008 ad
1354 973 1467 1009 eum
1485 966 1643 1010 mater
1664 957 1891 1026 ﬁliorum
1921 957 2153 1011 Zeltedrci

553 1059 669 1097 cum
697 1045 820 1113 ﬁliis
838 1045 972 1112 suis,
999 1055 1054 1101 et
1085 1047 1288 1117 reliqua
1330 1045 1504 1120 (Ibid.
1532 1047 1657 1118 ΞΟ).
1692 1047 1807 1102 Νοη
1834 1050 1950 1104 sine
1971 1049 2153 1119 aliquo

556 1145 837 1192 momento
864 1154 1044 1194 rerum
1099 1140 1168 1194 ita
1223 1138 1476 1195 effectum
1528 1141 1694 1195 fuisse
1737 1140 2155 1196 existimandum

556 1239 635 1284 est
662 1271 674 1296 ,
701 1240 764 1285 ut
790 1240 962 1286 mater
988 1231 1222 1288 ﬁliorum
1255 1232 1503 1289 Zebedmi
1557 1235 1840 1289 Dominum
1894 1234 2155 1304 depreca-

561 1331 730 1378 retur.
761 1323 1028 1396 Numquid
1052 1336 1105 1380 et
1133 1324 1258 1378 ﬁliis
1289 1325 1504 1396 petendi
1523 1326 1854 1382 familiaritas
1877 1340 1983 1381 non
2002 1324 2156 1381 erat?

561 1414 666 1471 Sed
705 1425 825 1471 erat
866 1429 1141 1487 gestorum
1184 1417 1464 1475 effectibus
1505 1420 1955 1490 pr0pltetandum.
2009 1420 2157 1491 Apo-

561 1506 687 1562 stoli
714 1508 931 1578 quidem
954 1511 1066 1580 jam
1091 1525 1158 1565 ex
1185 1511 1301 1581 lege
1329 1511 1706 1577 crediderant,
1738 1527 1858 1582 quae
1886 1526 1981 1568 eos
2013 1512 2066 1566 in
2097 1512 2159 1576 ﬁ-

562 1599 684 1657 dem
708 1603 1073 1673 evangelicam
1102 1603 1423 1660 nutriverat.
1455 1605 1641 1676 Itaque
1698 1605 1752 1659 ill
1790 1615 1962 1660 matre
2018 1604 2156 1659 lilio-

562 1711 682 1750 rum
705 1695 952 1751 Zebcdaei
981 1698 1066 1753 lex
1095 1698 1408 1770 intelligitur
1461 1714 1581 1770 quze
1605 1700 1932 1755 conﬁdentia
1988 1699 2160 1769 privi-

2253 494 2317 548 Et
2340 494 2554 564 quidem
2578 535 2592 560 ,
2626 503 2885 566 quantum
2911 495 3256 560 arbitramur,
3287 494 3361 549 ita
3391 495 3572 549 honor
3603 493 3710 550 iste
3729 500 3827 552 aliis

2251 597 2334 643 est
2357 597 2692 654 reservatus,
2719 589 2862 659 quod
2884 597 3064 644 tamen
3087 603 3187 644 nec
3216 589 3449 659 apostoli
3486 589 3558 645 ab
3588 605 3656 644 eo
3697 603 3833 646 erunt

2251 681 2412 735 alieni
2441 699 2455 735 :
2484 681 2557 753 (ε)
2581 683 2670 752 qui
2701 682 2753 735 in
2781 681 3068 738 duodecim
3101 680 3531 752 patriarcharum
3560 682 3695 738 sede
3717 699 3832 739 con-

2252 772 2494 829 sidentes
2520 815 2532 838 ,
2558 774 2813 830 lsraelem
2856 772 3199 843 judicabuttt.
3234 772 3303 828 Et
3329 782 3596 844 quantum
3649 776 3837 832 sentire

2253 881 2322 920 ex
2349 866 2482 935 ipsis
2503 865 2810 936 Evangeliis
2836 864 2995 931 licet,
3049 866 3102 920 in
3134 879 3300 935 regno
3329 865 3594 921 cmlorum
3643 865 3837 937 Moyses

2254 967 2309 1012 et
2341 958 2485 1013 Elias
2511 957 2848 1013 assidcbunt.
2873 957 3006 1013 Nam
3023 973 3144 1013 cum
3167 957 3554 1028 spopondisset
3573 959 3834 1024 Dominus,

2260 1052 2472 1106 visuros
2519 1051 2782 1122 quosdam
2825 1051 2893 1108 de
2959 1051 3250 1122 apostolis,
3294 1059 3583 1122 antequam
3625 1060 3835 1106 mortem

2255 1151 2566 1214 gustat-ent,
2599 1142 2766 1197 ﬁliuni
2802 1143 3034 1198 hominis
3061 1143 3369 1197 venientem
3419 1143 3473 1196 in
3519 1155 3692 1211 regno
3720 1156 3832 1206 suo;

2257 1235 2552 1306 assumptis
2573 1235 2735 1291 Petro
2754 1245 2808 1290 et
2829 1233 3032 1289 Jacobo
3053 1241 3108 1288 et
3135 1231 3405 1299 Joltaune,
3431 1234 3683 1304 apparuit
3699 1233 3838 1304 769

2257 1345 2380 1385 cum
2411 1329 2600 1401 glorize
2649 1345 2761 1384 sum
2796 1329 3013 1396 habitu,
3065 1328 3249 1398 Moyse
3289 1336 3344 1383 et
3389 1327 3507 1382 Elia
3565 1327 3620 1382 in
3677 1341 3838 1383 monte

2259 1421 2641 1476 comitantibus
2674 1419 2888 1491 (Matth.
2914 1420 3174 1490 xvt,28).
3231 1419 3300 1474 Et
3345 1419 3445 1474 hos
3499 1419 3716 1490 quidem
3738 1436 3838 1475 eas-

2261 1516 2383 1569 dem
2442 1515 2733 1583 prepltetas
2785 1513 2920 1568 duos
2969 1510 3365 1582 praevenientes
3403 1511 3697 1567 adventum
3740 1512 3838 1582 ejus

2262 1620 2383 1660 esse
2425 1605 2796 1676 intelligimus,
2826 1620 2961 1674 quos
2990 1604 3344 1676 Apocalypsis
3365 1603 3630 1660 Johannis
3677 1605 3767 1674 (xi,
3792 1606 3835 1674 7)

2262 1697 2332 1752 ab
2384 1697 2702 1754 antichristo
2750 1698 3095 1769 perimendos
3143 1714 3266 1754 esse
3308 1699 3488 1753 dicit:
3525 1699 3649 1754 licet
3698 1700 3838 1754 varize

564 1787 690 1859 legii
712 1789 792 1843 sui
815 1803 913 1858 pro
939 1790 1289 1846 credentibus
1339 1807 1404 1846 ex
1449 1807 1509 1847 se
1551 1792 1763 1862 p0pulis
1815 1791 2155 1864 deprecatur.
2189 1793 2346 1872 Bvel
2373 1793 2440 1847 de
2465 1792 2682 1858 Enoch,
2728 1793 2812 1848 Vel
2864 1793 2932 1849 tle
2960 1792 3228 1864 ;Jeremia,
3287 1792 3648 1863 plurimorum
3690 1794 3837 1848 exsti-

564 1881 696 1946 Qua:
725 1883 849 1952 quia
882 1884 1131 1951 superius
1163 1883 1408 1938 audierat
1437 1886 1646 1954 primos
1691 1886 2052 1953 novissimos,
2105 1895 2163 1941 et

567 1975 895 2031 novissimos
923 1977 1124 2047 primos
1147 1976 1393 2042 futuros;
1443 1977 1644 2034 deferri
1675 1975 1800 2033 ﬁliis
1847 1980 1960 2034 suis
2013 1988 2162 2048 orat,

568 2079 627 2125 ut
651 2071 702 2124 in
731 2071 941 2126 Domini
968 2087 1132 2142 regno
1154 2087 1292 2125 unus
1319 2071 1385 2126 ad
1433 2073 1708 2128 dexteram
1758 2074 1875 2143 ejus
1929 2073 2116 2130 sedeat
2146 2115 2163 2142 ,

567 2167 706 2222 alius
735 2166 803 2221 ad
832 2165 1112 2221 sinistram
1144 2164 1337 2238 (Ibid.,
1367 2165 1485 2238 ‘21).
1517 2168 1615 2223 Cui
1649 2168 1909 2222 Dominus
1939 2182 2168 2239 respon-

566 2259 682 2326 dit,
701 2260 912 2315 nescire
941 2274 1061 2314 eam
1087 2259 1211 2329 quid
1234 2267 1354 2314 oret
1381 2259 1568 2332 (Ibid.,
1598 2259 1714 2332 22).
1757 2260 1901 2315 Nihil
1947 2261 2165 2332 quidem

569 2350 638 2408 de
666 2352 837 2423 gloria
865 2352 1235 2422 apostolorum
1284 2351 1678 2424 ambigebatur,
1733 2363 1788 2408 ct
1830 2353 2168 2424 judicaturos

569 2460 665 2501 eos
704 2459 886 2502 sermo
912 2444 1161 2514 superior
1183 2447 1453 2515 exposuit.
1484 2446 1726 2517 Denique
1767 2447 1819 2501 in
1848 2446 2028 2502 medio
2053 2462 2168 2502 ser-

571 2552 733 2594 mone
759 2554 826 2592 an
854 2536 1076 2592 calicem
1132 2551 1287 2592 suum
1338 2547 1559 2607 possent
1606 2537 1796 2593 bibere
1847 2538 2166 2610 interrogat.

569 2629 688 2686 Non
718 2633 900 2702 utique
927 2633 996 2688 de
1019 2629 1324 2686 communis
1355 2631 1534 2701 poculi
1585 2646 1784 2702 genere
1812 2632 2164 2701 loquebatur;

573 2741 747 2796 neque
777 2725 920 2782 enim
941 2726 1094 2780 labor
1115 2734 1199 2781 est
1223 2725 1408 2780 bibere
1455 2723 1522 2779 de
1551 2724 1720 2780 calice
1757 2742 1769 2778 :
1801 2724 1895 2780 sed
1956 2724 2048 2780 ille
2101 2724 2170 2781 de

572 2818 744 2873 calice
766 2818 1088 2873 sacramenti
1113 2816 1381 2888 passionis
1430 2818 1746 2887 interrogat.
1805 2818 1876 2872 At
1928 2816 2040 2884 illi,
2079 2815 2170 2889 qui

563 2909 676 2981 jam
709 2910 950 2982 martyrii
977 2911 1282 2966 libertatem
1304 2911 1776 2980 constantiamque
1822 2910 2166 2980 retinebant,

571 3007 838 3064 bibituros
865 3023 924 3064 se
947 3008 1291 3078 pollicentur.
1315 3007 1578 3063 Dominus
1621 3009 1939 3065 collaudatis
1980 3022 2168 3063 eorum

573 3097 735 3155 ﬁdem
767 3100 872 3168 ait,
896 3101 1156 3172 martyrio
1183 3100 1399 3170 quidem
1426 3115 1520 3156 eos
1549 3113 1730 3155 secum
1753 3103 1988 3170 compati
2040 3114 2168 3169 pos-

2271 1886 2432 1940 terint
2459 1885 2777 1955 opiniones,
2809 1885 2951 1956 quod
2981 1887 3212 1941 alterum
3246 1901 3434 1940 eorum
3495 1886 3636 1940 sicut
3685 1885 3838 1939 Eliam

2267 1978 2408 2034 mori
2434 1990 2700 2051 oporteat.
2727 1979 2831 2036 Sed
2863 1996 2972 2034 non
3028 1993 3316 2051 possumus
3373 1980 3616 2035 veritatis
3666 1979 3836 2046 ﬁdem,

2269 2087 2427 2142 quam
2459 2073 2716 2127 Dominus
2745 2072 2915 2128 tribus
2936 2071 3306 2142 superioribus
3333 2073 3561 2127 testibus
3584 2073 3836 2136 revelavit,

2269 2180 2462 2221 sensus
2491 2167 2661 2222 nostri
2713 2167 2971 2237 opinione
3024 2181 3375 2236 corrumpere
3424 2183 3436 2218 :
3498 2181 3672 2236 neque
3716 2167 3836 2220 alios

2273 2269 2530 2315 venturos
2553 2259 2904 2324 existimare,
2939 2275 3099 2330 quam
3129 2261 3218 2330 qui
3247 2258 3316 2314 ad
3347 2260 3690 2329 sponsionem
3735 2259 3840 2314 ﬁdei

2271 2353 2484 2407 venisse
2514 2353 2788 2423 conspecti
2821 2361 2967 2406 sunt.
2993 2351 3062 2405 Et
3086 2364 3411 2422 quamquam
3464 2351 3606 2406 ultra
3647 2365 3842 2421 evange-

2269 2445 2427 2500 licam
2452 2445 2730 2502 veritatem
2760 2461 2866 2499 non
2913 2459 3138 2500 necesse
3167 2445 3239 2499 sit
3264 2444 3480 2514 epinari
3534 2460 3548 2496 :
3601 2456 3758 2498 tamen
3803 2443 3839 2498 si

2269 2541 2389 2610 quis
2417 2539 2786 2595 conditionem
2815 2548 2870 2595 et
2895 2539 3088 2594 mortis
3115 2539 3194 2610 (ά)
3224 2546 3280 2593 et
3304 2538 3600 2608 sepultura:
3623 2549 3674 2593 et
3693 2537 3840 2607 sepul-

2271 2630 2350 2684 cri
2377 2631 2546 2702 Moysi
2574 2629 2866 2702 diligenter
2889 2629 3222 2696 adverterit,
3249 2639 3304 2683 et
3329 2617 3664 2684 secretarum
3684 2628 3841 2698 Scrip-

2274 2724 2870 2792 turarum,sccundum
2922 2722 3169 2794 Apostoli
3212 2724 3628 2791 auctoritatem,
3680 2721 3840 2793 cogni-

2272 2818 2473 2872 tionem
2505 2817 2735 2888 adcptus
2760 2818 2830 2872 sit
2857 2832 2871 2882 ;
2902 2815 3173 2887 intelliget
3201 2816 3382 2870 omnia
3412 2814 3487 2869 ita
3516 2831 3639 2871 esse
3669 2823 3840 2869 tracta-

2274 2916 2325 2961 tzt
2354 2951 2369 2975 ,
2393 2920 2450 2964 ut
2472 2909 2684 2981 Moyses
2713 2910 2950 2979 potuerit
2991 2909 3105 2979 jam
3146 2907 3341 2963 videri.
3396 2908 3466 2963 Et
3505 2910 3621 2963 haec
3653 2907 3839 2978 quidem

2275 3003 2576 3058 instruendi
2599 3017 2758 3058 causa
2785 3003 2898 3059 sint
2918 3003 3080 3059 dicta.

2349 3097 2436 3152 11.
2473 3095 2772 3152 Vocationes
2800 3097 2917 3151 dua:
2939 3115 3002 3152 ea:
3027 3097 3270 3165 Iudicis;
3305 3097 3386 3152 his
3435 3097 3653 3168 apostoli
3693 3103 3839 3165 optant

572 3203 671 3254 se;
704 3189 799 3244 sed
829 3189 904 3263 (b)
935 3191 1090 3246 laevae
1118 3190 1236 3260 ejus
1266 3205 1330 3245 ac
1359 3190 1598 3248 dextera:
1641 3176 1882 3247 assidere
1905 3231 1922 3260 ,
1965 3190 2086 3245 aliis
2139 3204 2169 3242 a
2196 3203 2241 3267 ρ
2274 3190 2453 3261 gloria:
2472 3206 2580 3244 sua:
2605 3191 2939 3245 consortium.
2963 3220 3035 3243 —.-
3057 3188 3328 3245 Caeterum
3357 3197 3415 3244 ut
3443 3188 3582 3245 ratio
3611 3186 3834 3258 spiritalis

575 3281 686 3338 Deo
715 3293 868 3353 patre
901 3283 1066 3339 fuisse
1086 3284 1407 3354 dispositum
1433 3283 1621 3357 (Ibid..
1654 3285 1770 3355 25).

646 3420 724 3494 (a)
751 3420 876 3494 Spla
919 3421 1087 3494 editio
1137 3421 1261 3476 Par.
1317 3422 1437 3492 legi.
1480 3423 1702 3493 Aliquot
1748 3438 1881 3478 mss.
1932 3423 1988 3476 in
2032 3423 2161 3494 lege.

574 3491 711 3547 Tum
755 3491 908 3548 Coll).
938 3505 993 3547 et
1022 3493 1181 3548 Carn.
1237 3491 1883 3548 esse’scandalizantibus.
1925 3495 2003 3549 Ex
2059 3491 2168 3549 esse

573 3564 694 3634 quis
715 3563 1108 3619 conﬁciendum
1139 3574 1354 3632 putaret
1377 3581 1486 3619 sese
1510 3608 1523 3632 ,
1551 3567 1650 3620 nisi
1674 3567 1894 3620 verbum
1944 3566 2168 3620 scanda—

574 3636 878 3707 lizanlibus,
911 3645 966 3688 et
992 3636 1038 3689 si
1067 3636 1239 3690 active
1267 3651 1465 3692 sonans
1488 3679 1503 3703 ,
1533 3638 1754 3707 passive,
1777 3646 1954 3691 tamen
1983 3637 2052 3691 ab
2076 3634 2170 3690 Hi-

574 3706 709 3760 lario
736 3705 1067 3761 intellectum
1093 3716 1367 3763 constaret
1413 3709 1498 3763 vel
1535 3705 1608 3762 ex
1664 3710 1764 3762 hoc
1813 3708 2004 3775 capitis
2057 3708 2166 3772 50,

575 3793 631 3849 ῃ.
663 3777 698 3830 5
726 3792 739 3828 :
766 3776 954 3849 Petrus
985 3794 1077 3845 pro
1109 3779 1230 3848 ﬁdei
1278 3795 1387 3833 sum
1425 3781 1596 3833 calore
1629 3779 1927 3849 respondit,
1973 3779 2170 3833 cruteris

577 3847 693 3918 licet
719 3847 1223 3914 scandalizantibus,
1255 3866 1536 3918 numquam
1583 3867 1637 3903 se
1677 3847 2166 3904 scandalizaturum.

576 3917 846 3973 Solemnis
864 3929 1041 3972 autem
1071 3919 1123 3973 ei
1143 3929 1224 3973 est
1252 3920 1390 3974 idem
1418 3920 1575 3989 hujus
1601 3923 1749 3974 verbi
1783 3935 1929 3975 usus.

761 4013 884 4067 Par.
909 4028 1030 4068 cum
1065 4013 1236 4070 tribus
1261 4028 1415 4080 mss.,
1447 4024 1500 4067 ut
1538 4015 1678 4069 (rava:
1705 4015 1818 4086 ejus
1845 4031 1905 4069 ac
1949 4015 2173 4070 dextera:

649 4101 686 4137 ιι
727 4094 886 4137 erent.

582 4094 886 4139 assiderent.

647 4177 731 4250 (ε)
750 4177 806 4233 In
830 4193 962 4234 mss.
987 4178 1169 4244 Rom.,
1199 4177 1352 4234 Colb.
1384 4188 1438 4234 et
1465 4179 1589 4234 Car.
1621 4179 1744 4248 quin
1769 4177 2036 4233 duodecim
2065 4194 2084 4231 :
2109 4191 2172 4233 ac

577 4249 774 4305 deinde
799 4250 1065 4305 consident
1088 4260 1134 4304 et
1159 4291 1174 4314 ,
1206 4266 1300 4319 pro
1325 4251 1662 4305 considentes.

652 4320 731 4392 (ά)
764 4320 1092 4378 Vocabulum
1117 4323 1397 4392 sepultura:
1419 4322 1506 4376 hic
1526 4324 1822 4391 adjecimus
1847 4320 2166 4380 auctoritate

576 4402 805 4462 quatuor
829 4409 958 4448 mss.
993 4395 1245 4447 Dubitant
1275 4395 1514 4450 nonnulli
1541 4403 1757 4464 propter
1800 4393 1942 4447 hunc
1986 4393 2163 4464 locum

576 4479 643 4517 an
696 4464 927 4519 Ililarius
953 4464 1170 4536 Moysen
1204 4479 1327 4518 vere
1361 4462 2164 4536 mortuumcredideritslndu-

579 4536 809 4590 bitauter
833 4533 1104 4591 Scultetus
1124 4535 1263 4590 inter
1289 4537 1430 4591 illius
1478 4552 1658 4590 naevos
1711 4535 1864 4606 ponit
1901 4553 1913 4588 :
1945 4533 2164 4606 Moysen

574 4617 833 4679 mortuum
863 4617 1011 4679 negat
1039 4617 1218 4660 contra
1243 4608 1503 4678 ipsissima
1531 4607 1817 4679 Scriptum
1869 4606 2037 4679 verba.
2064 4605 2165 4660 Le-

576 4677 848 4746 gislatoris
871 4677 1112 4748 ejusdem
1153 4687 1382 4733 mortem
1417 4677 1793 4734 disertioribus
1839 4678 2036 4748 verbis,
2069 4691 2165 4731 ne-

575 4763 732 4871 gasse
761 4747 970 4834 videtur
1001 4749 1362 4832 ambrosius,‘
1383 4751 1478 4804 lih.
1529 4766 1542 4804 I
1575 4749 1641 4803 de
1671 4750 1802 4831 Cain
1823 4757 1879 4802 et
1909 4747 2064 4810 Abel,
2110 4763 2161 4829 (ξ.

618 4861 631 4871 .
665 4835 700 4871 n
727 4860 738 4871 .
768 4821 827 4871 S.
857 4821 946 4871 ubi
974 4830 1048 4871 ait
1077 4838 1090 4871 ε
1121 4819 1240 4871 Νοη
1265 4821 1480 4871 lemmus
1508 4821 1571 4871 de
1596 4837 1674 4871 eo.
1724 4829 1853 4871 sicut
1873 4820 1936 4871 de
1970 4826 2161 4871 cwterts

618 4861 631 4885 ,
665 4835 700 4874 n
727 4860 738 4873 .
768 4821 827 4876 S.
857 4821 946 4874 ubi
974 4821 1048 4875 ait
1077 4838 1090 4874 :
1121 4819 1240 4874 Non
1265 4821 1480 4891 legimus
1508 4821 1571 4874 de
1596 4837 1674 4885 eo,
1724 4821 1853 4891 sicut
1873 4820 1936 4874 de
1970 4819 2165 4873 cwteris

577 4891 696 4959 quia
721 4893 962 4960 deﬁciens
985 4898 1215 4945 mortuus
1245 4890 1351 4954 est,
1374 4896 1461 4946 sed
1479 4933 1493 4957 ,
1520 4908 1609 4961 per
1634 4890 1843 4946 verbum
1881 4891 1978 4944 Dei
2028 4907 2164 4943 mor-

577 4970 697 5015 tuus
727 4972 888 5017 est....
942 4961 1090 5017 Unde
1117 4971 1163 5016 et
1191 4963 1389 5034 addidit
1419 4963 1709 5034 Scriptura,
1755 4965 1876 5032 quia
1898 4977 2042 5034 nemo
2071 4961 2166 5034 scit

576 5035 892 5101 sepulturam
907 5035 1017 5105 ejus
1037 5049 1193 5104 usque
1211 5035 1264 5088 in
1292 5033 1593 5088 hodiernum
1611 5035 1766 5100 diem,
1784 5045 1840 5088 ut
1867 5033 2162 5105 translatio-

581 5118 694 5177 nem
723 5107 880 5175 magis
900 5103 1385 5177 {quaminteritum
1405 5105 1517 5175 ejus
1535 5106 1892 5177 intelligas....
1924 5103 2160 5158 Mortuus

579 5174 735 5246 igitur
762 5174 833 5229 est
857 5193 945 5245 per
963 5177 1167 5230 verbum
1193 5175 1315 5242 Dei,
1347 5187 1400 5230 ut
1423 5174 1492 5228 ait
1513 5174 1785 5246 Scriptura
1803 5220 1816 5242 ,
1849 5193 1951 5230 non
1981 5191 2160 5229 secun-

581 5245 703 5318 dum
723 5248 1021 5300 uerbum....
1049 5246 1176 5313 Quis
1201 5247 1335 5302 enim
1355 5249 1408 5301 in
1429 5245 1643 5302 terrenis
1666 5249 1908 5316 reliquias
1925 5249 2036 5318 ejus
2067 5260 2158 5316 po-

579 5317 677 5371 tuit
694 5317 1070 5386 deprehendere
1087 5359 1099 5378 ,
1122 5334 1268 5387 quem
1290 5334 1458 5372 secum
1489 5335 1594 5374 esse
1622 5318 1715 5373 Dei
1736 5319 1875 5388 [ilius
1904 5316 1956 5369 in
1983 5316 2158 5388 Evan-

580 5389 714 5459 gelio
734 5389 1136 5442 demonstravit?
1159 5389 1257 5445 Ubi
1285 5391 1336 5444 in
1362 5390 1650 5444 novissima
1679 5387 1942 5446 Ambrosii
1965 5387 2157 5442 editio-

583 5475 651 5514 ne
680 5461 1112 5515 anitnadversutn
1136 5472 1247 5522 cst,
1272 5461 1421 5514 illum
1448 5462 1687 5516 Philonis
1715 5459 2032 5515 sententiam
2064 5475 2160 5512 ex-

585 5532 822 5602 primere
849 5533 1083 5587 voluisse
1109 5573 1124 5598 ,
1146 5546 1304 5602 quem
1327 5531 1396 5586 de
1416 5530 1592 5602 Moysi
1639 5542 1813 5587 morte
1864 5545 2030 5584 sensu
2055 5531 2164 5599 spi-

583 5601 725 5657 ritali
741 5603 1060 5659 disseruisse
1075 5611 1308 5666 constat,
1325 5601 1626 5670 dellitterali
1648 5603 1825 5657 minus
1847 5601 2160 5655 sollicitum.

585 5671 999 5756 Longefacilius
1026 5690 1076 5756 a_
1088 5673 1341 5756 praedicta
1373 5672 1626 5756 ppinione
1648 5681 1903 5756 purgatur
1932 5671 2162 5727 Hilarius

573 5756 636 5798 ex
660 5743 818 5799 dictis
841 5746 1032 5814 capitis
1056 5745 1145 5812 l7,
1168 5760 1222 5801 n.
1253 5745 1311 5811 2,
1335 5743 1428 5800 ubi
1454 5757 1577 5810 cum
1602 5743 1922 5815 quaesisset,
1948 5757 2045 5799 cur
2091 5757 2158 5800 ex

2281 3284 2652 3355 intelligentiae
2681 3284 2835 3354 plena
2867 3294 3049 3351 esset,
3083 3299 3180 3354 pro
3205 3282 3418 3338 duobus
3442 3283 3720 3339 Dominum
3748 3292 3840 3334 ma-

2267 3423 2520 3478 omnibus
2551 3425 2750 3480 sanctis
2780 3423 2886 3482 soli
2919 3425 3128 3496 Moyses
3174 3433 3226 3479 et
3268 3422 3416 3478 Elias
3471 3437 3592 3496 cum
3646 3421 3836 3496 Christo

2270 3497 2650 3564 transﬁgurato
2675 3493 3028 3563 adstiternnt,
3085 3496 3381 3562 respondet
3429 3495 3601 3562 primo
3646 3493 3737 3546 hoc
3779 3493 3835 3544 ita

2270 3566 2468 3638 factum
2491 3579 2546 3621 ut
2571 3568 2792 3624 doceret
2815 3566 3064 3624 Christus
3098 3568 3260 3638 legis,
3291 3570 3445 3634 cujus
3499 3565 3701 3636 Moyses
3741 3570 3837 3638 erat

2272 3637 2430 3709 lator,
2458 3653 2557 3693 nec
2580 3655 2687 3694 non
2714 3640 3096 3709 prophetarum
3123 3635 3389 3708 ,quornm
3423 3635 3606 3709 typum
3645 3635 3836 3709 gerfbai

2273 3708 2447 3773 Elias,
2487 3705 3084 3766 testiinoniis'lsraeletn
3126 3705 3257 3765 esse
3305 3705 3680 3778 judicandum}
3719 3705 3832 3759 Tum

2275 3781 2498 3834 alteram
2528 3781 2651 3836 facti
2675 3782 2914 3851 ejusdem
2947 3781 3208 3836 rationem
3241 3779 3439 3846 reddit,
3462 3781 3703 3834 nimirum
3729 3784 3833 3851 utet

2278 3852 2517 3925 humanis
2544 3848 2842 3925 corporibus
2883 3854 3084 3925 decreta
3127 3869 3234 3906 esse
3271 3851 3654 3925 resurrectionis
3695 3848 3832 3925 gloria

2275 3922 2562 3998 doceretur,
2592 3920 2707 3978 cum
2723 3924 2929 3998 quando
2961 3925 3163 3994 Moyses
3183 3924 3543 3998 conspicabilis
3589 3920 3831 3998 adstitisset

2275 3993 2443 4069 Quid,
2472 4011 2655 4069 (μιτρξο
2676 4038 2691 4062 ,
2751 3996 2964 4069 Moyses
3012 3991 3333 4069 conspectus
3356 3994 3422 4069 ad
3443 3991 3830 4069 resurrectionis

2273 4061 2552 4120 veritatem
2573 4061 3049 4122 demonstrandam
3075 4061 3320 4136 prodest,
3352 4066 3456 4120 nisi
3498 4061 3827 4136 morsipsius

2278 4145 2548 4205 tamquam
2575 4154 2663 4192 res
2693 4146 2816 4192 uota
2843 4147 2899 4193 et
2919 4132 3194 4207 cetttperta
3222 4136 3497 4206 ponatur?
3531 4150 3635 4190 .cur
3660 4132 3830 4207 imitat:

2276 4203 2444 4263 altera
2489 4211 2699 4264 ratione
2749 4211 2920 4264 solum
2956 4203 3189 4281 llilarius
3224 4203 3631 4281 Moysen,non
3683 4203 3828 4281 ﬁliam

2276 4288 2571 4348 memorat,
2600 4291 2972 4351 cumutroque
2999 4280 3197 4350 pariter
3222 4277 3576 4351 quaestionem
3605 4277 3828 4330 instituis.

2273 4359 2353 4404 set
2378 4391 2392 4415 ,
2423 4351 2524 4404 nisi
2551 4353 2671 4421 quia
2720 4350 2863 4407 hunc
2891 4350 3252 4419 translatum,
3307 4351 3459 4405 illum
3512 4360 3686 4403 autem
3725 4357 3830 4398 vere

2273 4431 2542 4495 mortuum
2565 4422 2848 4477 crederet?
2876 4422 3061 4492 Neque
3084 4438 3211 4477 vero
3231 4423 3317 4476 hic
3341 4423 3485 4476 illius
3507 4433 3604 4495 aut
3633 4427 3829 4495 mortem

2273 4501 2364 4546 aut
2386 4494 2714 4563 sepulturam
2744 4503 2936 4563 negat,
2968 4486 3060 4549 sed
3089 4495 3266 4546 mortis
3290 4501 3338 4547 et
3369 4493 3645 4562 sepultura!
3671 4486 3829 4542 condi-

2197 4587 2242 4646 1)
2271 4563 2462 4646 tionem
2476 4563 2745 4646 isin‘gulari
2758 4565 3186 4646 consideratione
3211 4565 3424 4646 dignam
3450 4564 3692 4618 observat
3718 4571 3828 4646 tea-

2268 4636 2529 4705 queitain
2552 4636 3108 4704 Scripturistractata,
3135 4637 3283 4705 quasi
3316 4652 3412 4689 nos
3438 4648 3727 4704 praeparare
3753 4643 3830 4705 ιῙιο

2268 4699 2526 4771 inissent,
2556 4718 2612 4760 ttt
2632 4699 2752 4761 eum
2772 4707 2883 4772 jam
2916 4699 3346 4775 videri’potuisse
3375 4699 3728 4761 crederemus.
3750 4699 3827 4775 ‘Ex

2269 4792 2334 4831 eo
2365 4788 2544 4833 autem
2570 4778 2710 4846 quod
2760 4779 2992 4850 Moysen
3039 4772 3202 4832 unum
3249 4777 3510 4850 opinatur
3541 4793 3606 4831 ex
3651 4772 3828 4850 duobus

2269 4849 2496 4903 testibus
2521 4865 2670 4914 esse,
2733 4865 2868 4918 quos
2911 4848 3188 4903 Johannes
3229 4850 3296 4903 ab
3349 4848 3665 4902 antichristo
3712 4848 3831 4914 peri-

2269 4920 2496 4974 tnendos
2524 4920 2651 4975 dicit
2680 4937 2693 4985 ;
2723 4936 2829 4973 non
2860 4922 3101 4990 sequitur
3123 4921 3268 4974 illum
3295 4919 3459 4987 Moysi
3484 4929 3701 4973 mortem
3735 4927 3829 4990 _ne-

2269 5006 2454 5060 gasse,
2487 4991 2582 5045 sed
2603 5000 2806 5045 tantum
2825 4986 2951 5046 eam
2989 4991 3064 5045 illi
3117 4986 3569 5046 resurrectionem
3619 4986 3824 5042 nondum

2271 5062 2566 5137 indultatn,
2617 5077 2742 5137 q_u:e_
2777 5061 2935 5137 morti
2979 5062 3210 5137 amplius
3270 5063 3503 5117 obnoxia
3549 5077 3651 5115 non
3685 5062 3820 5137 esset.

2267 5132 2418 5206 Quod
2439 5124 2598 5206 etiam
2629 5124 2696 5188 de
2716 5133 2948 5206 .leremia
2989 5124 3259 5188 senserint
3279 5147 3502 5206 necesse
3522 5143 3607 5206 est
3630 5174 3643 5190 .
3672 5124 3824 5206 quijl'

2268 5204 2376 5258 lum
2403 5219 2466 5258 ex
2495 5205 2600 5258 illis
2622 5203 2848 5259 testibus
2877 5206 3104 5259 alterum
3138 5219 3259 5259 esse
3282 5205 3488 5260 volunt.
3520 5202 3684 5276 Nemo
3702 5202 3819 5276 cuitu

2266 5284 2381 5346 est,
2433 5277 2523 5346 qui
2621 5277 2687 5331 de
2784 5276 2926 5330 illius
3006 5283 3181 5330 morte
3254 5290 3511 5346 umquam
3569 5273 3813 5346 dubitavit.

2267 5333 2507 5416 Denique
2539 5347 2622 5401 his
2665 5346 2842 5401 verbis
2887 5389 2901 5413 ,
2969 5347 3086 5402 licet
3130 5348 3289 5403 uarice
3341 5333 3421 5400 υὶι
3469 5346 3531 5400 de
3569 5340 3732 5396 Ettorh
3757 5333 3816 5416 rei

2265 5416 2329 5489 de
2371 5404 2597 5471 Jéremia
2643 5404 2981 5489 plurimorum
3035 5419 3322 5472 exstiterint
3374 5419 3659 5489 Opiniones,
3705 5404 3814 5489 quod

2267 5487 2483 5561 alterum
2511 5481 3034 5561 eorumsicutilt‘liam
3055 5491 3185 5544 mori
3211 5481 3445 5561 Oporteat
3462 5506 3480 5554 ;
3500 5488 3625 5542 satis
3651 5481 3812 5561 indicat

2267 5573 2326 5613 se
2354 5559 2499 5613 solos
2533 5558 2720 5613 Enoch
2743 5569 2795 5614 et
2826 5560 2996 5615 Eliam
3021 5576 3050 5615 a
3074 5549 3379 5616 nobis'sine
3408 5549 3580 5615 morte
3622 5549 3811 5610 transla-

2269 5639 2352 5684 tos
2380 5629 2742 5686 existimasse.
