3974 6198
197 176 331 261 1035

1049 202 1593 265 COMMENTARIUS
1633 209 1695 263 IN
1737 208 2170 267 MATTH/EUM.
2213 209 2364 268 CAP.
2409 213 2550 269 XXI.

3339 223 3473 281 1051

195 326 274 371 ter
297 314 484 370 oravit.
523 314 651 370 Duae
671 315 815 372 enim
841 327 966 373 sunt
989 321 1295 375 mentiones
1320 337 1383 376 ex
1426 321 1590 376 Israel
1625 341 1638 377 :
1671 339 1770 377 una
1801 322 1851 384 A
1882 324 2020 379 viam
2057 325 2125 395 (f)
2155 327 2405 382 adsident
2435 344 2449 382 :
2481 327 2660 398 populi
2691 327 2940 384 videlicet
2976 331 3217 400 gentium
3259 332 3368 389 duo
3407 351 3476 391 ex

194 409 567 480 discipulorum
618 409 873 479 Joannis,
920 412 998 485 (α)
1024 414 1190 469 altera
1224 430 1319 485 per
1346 417 1619 486 apostolos
1641 416 1775 486 pha-

202 503 493 558 rismorum.
523 500 764 573 Namque
784 514 905 574 post
922 505 1230 574 passionem
1279 505 1503 562 Joannis
1525 508 1774 578 superius

196 595 422 665 legimus
445 593 744 664 discipulos
773 595 892 668 ejus
921 596 989 651 ad
1017 596 1302 652 Dominum
1333 599 1612 654 transisse.
1647 599 1775 654 Ideo

192 688 345 760 igitur
367 702 462 758 pro
492 687 703 744 duobus
726 699 937 756 oratur,
961 691 1086 761 quia
1115 690 1412 762 Evangelia
1443 692 1645 749 ChriSti
1693 692 1775 747 hae

190 780 496 836 vocationes
539 781 772 850 geminae
809 782 1175 838 crediderunt.
1201 783 1331 839 Post
1353 783 1468 839 haec
1497 785 1658 854 igitur
1677 783 1774 838 de-

189 888 304 929 cem
325 872 572 942 discipuli
597 873 900 929 contristati
929 882 1055 930 sunt
1101 874 1169 930 de
1223 874 1473 930 fratribus
1514 875 1725 930 duobus
1760 891 1772 927 :

189 981 366 1022 verum
391 965 632 1037 ipsorum
664 966 897 1021 duorum
925 967 1312 1037 discipulorum
1341 967 1488 1022 nulla
1520 966 1778 1022 maestitia

190 1069 285 1114 est.
318 1057 428 1112 Hoc
459 1057 596 1112 ratio
625 1072 731 1113 non
759 1058 977 1128 patitur,
1005 1069 1062 1114 ut
1090 1058 1316 1114 alterius
1348 1056 1427 1130 (b)
1451 1058 1775 1112 contumelia

189 1151 320 1207 alius
351 1151 440 1206 ﬁat
471 1161 714 1207 mtestus.
746 1152 906 1207 Certe
935 1153 1096 1207 etiam
1128 1169 1224 1223 pro
1277 1169 1337 1207 sc
1383 1153 1568 1208 decem
1602 1153 1777 1208 mmsti

188 1261 301 1302 esse
331 1245 666 1316 potuissent;
691 1246 792 1300 sub
822 1245 1050 1300 duorum
1082 1247 1225 1300 enim
1255 1245 1564 1300 nominibus
1615 1260 1781 1314 nega-

188 1349 297 1395 tum
326 1341 425 1394 hoc
455 1339 710 1394 omnibus
733 1339 1044 1404 videbatur;
1073 1340 1167 1395 sed
1203 1339 1412 1410 typicns
1435 1338 1570 1393 ordo
1597 1353 1782 1393 serva-

185 1441 270 1489 tus
289 1443 389 1490 est.
423 1432 665 1503 Apostoli
691 1431 757 1487 de
779 1447 837 1488 se
860 1432 994 1487 certi
1018 1440 1174 1488 erant
1202 1446 1215 1484 :
1242 1430 1368 1486 ideo
1395 1431 1569 1486 solum
1611 1445 1777 1485 mres-

186 1526 225 1580 ti
245 1534 366 1582 sunt
391 1525 460 1580 de
488 1524 719 1590 duobus,
737 1525 858 1594 quia
873 1525 1031 1580 etiam
1053 1523 1136 1578 his
1164 1521 1367 1578 duabus
1386 1521 1774 1588 vacationibus,

195 1633 309 1687 qua:
345 1632 411 1672 ex
454 1617 575 1688 lege
624 1627 779 1684 sunt,
834 1618 1168 1674 consortium
1218 1615 1406 1688 gloriae
1447 1615 1606 1686 hujus
1627 1623 1781 1684 opta-

1876 415 2044 472 Cham
2077 428 2131 474 et
2156 419 2354 490 Japhet
2387 421 2654 490 procreati
2683 436 2933 492 egressus
2986 434 3042 477 et
3087 424 3190 479 iter
3233 426 3348 495 ejus
3377 427 3475 482 ob-

1877 519 2126 576 servant,
2177 513 2388 583 sibique
2445 514 2604 568 caecis
2648 514 2824 569 visum
2889 514 3042 570 reddi
3096 516 3476 586 deprecantur.

1878 604 2124 675 Denique
2154 621 2247 662 eos
2269 607 2424 662 turba
2457 607 2706 678 objurgat
2728 623 2824 663 cur
2852 610 3112 675 clament,
3136 619 3190 665 et
3213 610 3482 667 utsileant

1880 695 2124 767 increpat
2162 715 2174 751 :
2212 713 2318 754 non
2349 699 2493 770 quod
2522 700 2795 756 silentium
2827 716 2992 757 causa
3020 701 3240 758 honoris
3263 704 3481 774 *cxige-

1879 799 2034 858 rent,
2066 791 2162 847 sed
2194 792 2389 848 acerbe
2411 808 2441 847 a
2467 794 2626 848 caecis
2679 794 2907 851 audiunt
2961 796 3104 866 quod
3161 797 3472 868 negabant,

1880 883 2166 940 Dominum
2193 902 2316 942 esse
2342 888 2508 943 David
2543 889 2736 944 ﬁlium.
2769 890 3013 946 Illumina
3028 893 3094 947 tis
3111 893 3254 948 enim
3302 909 3480 950 caeco-

1879 993 1998 1034 rum
2027 981 2300 1036 mentibus
2336 982 2474 1037 Deus
2503 983 2556 1036 in
2586 983 2805 1039 homine
2834 985 3228 1053 praedicabatur
3250 1027 3264 1051 ,
3301 997 3356 1042 ut
3384 1003 3478 1043 ve-

1881 1087 1998 1125 rum
2027 1074 2338 1144 essetquod
2367 1090 2395 1128 a
2426 1077 2655 1130 Domino
2709 1076 2912 1132 dictum
2964 1089 3046 1134 est
3105 1097 3116 1132 :
3177 1079 3246 1134 In
3276 1082 3479 1151 judicio

1882 1165 2059 1218 mundi
2088 1167 2243 1238 hujus
2273 1169 2385 1221 veni
2407 1210 2422 1234 ,
2455 1179 2510 1222 ut
2537 1170 2624 1240 qui
2651 1169 2819 1225 vident
2843 1188 2943 1225 non
2975 1171 3214 1238 videant,
3239 1175 3360 1227 cteci
3388 1190 3468 1228 ve-

1880 1274 1938 1311 ro
1965 1259 2242 1328 respiciant
2273 1259 2452 1332 (Joan.
2486 1277 2559 1327 lx,
2594 1262 2710 1332 39}.
2740 1263 2807 1317 At
2838 1264 2916 1318 illi
2937 1265 3100 1334 magis
3126 1267 3352 1320 clamant
3381 1282 3394 1320 :
3419 1275 3477 1322 et

1883 1347 2199 1406 demorante
2244 1351 2377 1421 legis
2407 1353 2639 1422 populo,
2682 1353 3148 1411 vehementiorem
3190 1355 3318 1412 ﬁdei
3371 1373 3484 1413 sua:

1883 1451 2252 1511 protestantur
2289 1445 2547 1502 calorem.
2607 1447 2714 1502 Sed
2770 1448 3031 1504 Dominus
3082 1448 3390 1517 miseretur,
3423 1458 3480 1506 et

1883 1533 2011 1603 quid
2064 1535 2250 1589 volunt
2278 1537 2526 1605 requirit.
2571 1537 2652 1592 Illi
2699 1553 2830 1594 vero
2883 1539 3081 1610 aperiri
3126 1541 3315 1596 oculos
3356 1555 3486 1596 suos

1884 1638 2195 1695 precantur.
2243 1627 2448 1696 Quibus
2479 1630 2735 1686 misertus
2767 1632 2953 1687 oculos
2984 1634 3248 1704 contigit,
3301 1642 3359 1690 et
3410 1634 3487 1688 vi-

188 1707 330 1763 bant.
378 1707 454 1762 Ita
488 1707 631 1763 enim
656 1709 918 1763 rationem
947 1717 999 1764 et
1024 1708 1187 1763 futuri
1210 1720 1261 1762 ct
1288 1706 1570 1778 praesentis
1600 1721 1780 1760 sermo
1810 1721 1857 1780 Β
1885 1734 2004 1774 sum
2037 1723 2400 1792 cognoscendi
2426 1723 2518 1778 Dei
2536 1724 2774 1780 reddidit
2802 1724 3016 1797 (Matth.
3043 1742 3134 1794 xx,
3160 1725 3278 1797 54).
3309 1727 3488 1798 Atque

189 1801 517 1868 moderatur,
549 1811 608 1856 ut
655 1817 759 1857 non
781 1801 848 1857 de
882 1816 941 1857 se
972 1817 1143 1872 neque
1165 1801 1351 1856 decem
1375 1843 1390 1867 ,
1417 1799 1580 1873 770
1605 1813 1779 1868 neque

187 1895 288 1950 duo
314 1895 539 1951 solliciti
558 1895 942 1962 scriberentur,
971 1906 1025 1950 et
1047 1897 1098 1950 in
1129 1895 1314 1951 decem
1331 1894 1692 1950 sollicitudine
1713 1893 1780 1948 de

189 1985 416 2052 duobus,
433 1987 716 2057 praesentis
733 1987 936 2057 negotii
961 1986 1262 2042 efﬁcientize
1289 1986 1775 2055 obtemperaretur.

233 2078 318 2133 12.
350 2078 434 2132 Ad
455 2079 676 2150 gloriam
698 2079 986 2133 humilitate
1007 2077 1590 2149 pervenitur.—-Volens
1619 2077 1781 2147 igitur

189 2170 440 2227 Dominus
483 2171 870 2242 proprietatem
917 2170 1074 2225 nobis
1120 2170 1274 2225 istius
1329 2169 1781 2241 praeﬁgurationis

187 2247 506 2331 ostendere,
553 2273 714 2334 atque
749 2262 820 2334 (c)
856 2263 996 2318 hanc
1027 2263 1502 2333 prtesumptionem
1533 2277 1661 2329 eos,
1689 2261 1780 2332 qui

190 2364 338 2411 erant
365 2372 427 2410 ex
452 2355 575 2426 lege
596 2353 842 2421 venturi,
869 2355 936 2410 de
959 2354 1308 2425 praerogativa
1361 2354 1639 2410 israelitici
1685 2370 1780 2408 no-

190 2448 346 2503 minis
373 2447 521 2503 velle
559 2462 926 2517 przesumere;
978 2447 1137 2501 docet
1166 2445 1525 2518 principatum
1577 2446 1644 2501 ab
1699 2446 1782 2502 his

191 2555 293 2596 non
324 2540 492 2596 modo
519 2541 758 2611 gentium
789 2541 1212 2610 capessendum,
1268 2541 1364 2597 sed
1421 2540 1700 2596 ministros
1730 2549 1784 2597 et

192 2636 493 2690 servientes
514 2675 530 2701 ,
557 2642 613 2690 et
643 2650 749 2690 non
780 2633 974 2706 quibus
1006 2633 1367 2690 ministratum
1398 2635 1496 2699 sit,
1552 2634 1619 2689 ad
1663 2635 1783 2705 glo-

191 2725 322 2780 riam
351 2726 582 2782 honoris
610 2726 828 2781 maximi
855 2725 1200 2781 advocandos
1230 2725 1392 2800 (Ibid.
1424 2726 1517 2799 25)
1551 2743 1563 2779 :
1596 2741 1781 2782 exem-

191 2817 280 2888 plo
306 2818 520 2874 scilicet
550 2818 977 2888 patriarcharum
1015 2827 1070 2872 et
1100 2818 1481 2888 pr0phetarum
1537 2819 1628 2890 qui
1672 2834 1787 2875 ser-

192 2908 419 2977 vierint,
448 2909 706 2980 exemplo
747 2909 908 2964 etiam
939 2909 1311 2979 apostolorum
1361 2908 1453 2980 qui
1511 2909 1788 2966 ministra-

193 3001 403 3068 vcrint,
436 3003 692 3073 exemplo
727 3004 889 3059 etiam
946 3003 1158 3059 Domini
1208 3005 1298 3074 qui
1341 3005 1577 3060 animam
1635 3019 1788 3060 suam

1886 1823 1943 1868 ut
1961 1823 2117 1885 typus
2151 1817 2549 1872 crediturarum
2581 1818 2820 1888 gentium
2862 1819 3195 1887 expleretur,
3247 1820 3489 1875 caelestis

1883 1906 2071 1976 gratia:
2093 1907 2402 1978 cognitione
2427 1918 2680 1979 percepta
2708 1950 2723 1973 ,
2755 1909 2846 1980 qui
2873 1910 3003 1964 cmci
3029 1909 3271 1977 fuerant,
3301 1909 3488 1966 viden-

1887 2006 1969 2053 tes
1995 1999 2280 2054 Dominum
2309 2015 2464 2056 suum
2499 2010 2625 2055 sunt
2648 2002 2840 2057 secuti.

2382 2125 2543 2199 771
2584 2125 2812 2182 CAPUT
2854 2125 2999 2181 xxr.

1889 2238 1967 2294 De
2019 2240 2165 2294 asina
2210 2250 2259 2294 et
2310 2240 2454 2309 pullo
2480 2242 2590 2309 ejus
2615 2282 2629 2308 ,
2664 2241 2726 2294 de
2753 2241 2928 2310 ejectis
2954 2259 2986 2295 α
3017 2241 3203 2313 templo
3249 2257 3492 2296 nummu-

1961 2329 2106 2385 lariis
2128 2373 2143 2398 ,
2171 2331 2235 2386 de
2256 2332 2358 2401 ﬁcu
2387 2332 2660 2386 maledicta
2679 2376 2693 2400 ,
2720 2333 2784 2386 de
2813 2333 3010 2387 duobus
3037 2333 3160 2402 ﬁliis
3191 2333 3260 2388 ad
3285 2335 3486 2389 vineam

1963 2423 2160 2488 missis,
2184 2422 2246 2477 de
2272 2423 2558 2496 publicanis
2589 2435 2637 2477 et
2665 2425 3032 2478 meretricibus.

1963 2539 2016 2593 1.
2047 2537 2318 2606 Superiori
2347 2554 2463 2611 cap.
2497 2538 2613 2592 dum
2656 2539 2946 2600 vocationes
2987 2555 3050 2594 ea:
3100 2539 3303 2609 Israel,
3355 2559 3492 2598 nunc

1891 2632 2101 2686 totidem
2127 2649 2190 2687 ea:
2216 2631 2450 2702 gentibus
2471 2633 2872 2704 prwsignantur.
2890 2664 2962 2674 —-
2995 2633 3137 2688 Tunc
3163 2639 3318 2690 Iesus
3357 2637 3495 2691 misit

1893 2727 2022 2780 duos
2050 2741 2113 2780 ea:
2136 2725 2410 2796 discipulis
2441 2727 2548 2780 suis
2572 2726 2746 2780 dicens
2787 2743 2805 2780 :
2833 2725 2917 2781 Ite
2961 2727 3014 2781 in
3045 2727 3313 2782 castellum
3359 2730 3496 2799 quod

1893 2827 2071 2872 contra
2088 2834 2176 2872 vos
2191 2827 2287 2885 est,
2305 2825 2410 2873 etc.
2439 2816 2654 2890 (Matth.
2681 2820 2837 2884 xx1,l
2861 2828 2907 2873 ει
2928 2817 3010 2891 9).
3036 2820 3148 2874 Duo
3161 2819 3494 2890 discipuliad

1893 2908 2070 2964 vicum
2098 2910 2412 2975 mittuntur,
2441 2917 2501 2964 ut
2521 2908 2728 2964 asinam
2759 2910 2974 2980 ligatam
3005 2926 3127 2966 cum
3173 2912 3324 2983 pullo
3373 2912 3491 2982 ejus

1897 2999 2204 3065 absolvant,
2229 3010 2391 3070 atque
2419 2999 2488 3055 ad
2513 3015 2636 3054 eum
2658 2999 2958 3071 perducant
2987 3019 2999 3053 :
3031 3010 3086 3056 et
3105 3002 3149 3056 si
3167 3003 3288 3072 quis
3322 3003 3494 3059 inter-

194 3107 288 3163 pro
317 3093 699 3163 redemptione
728 3106 930 3150 nostrae
962 3095 1152 3150 salutis
1186 3095 1534 3165 impenderit.
1560 3095 1642 3152 Ad
1669 3096 1786 3167 glo-
1817 3108 1862 3172 ρ
1897 3104 2050 3164 roget
2076 3110 2172 3148 eur
2201 3094 2272 3148 ita
2306 3093 2398 3149 ﬁat
2423 3135 2437 3159 ,
2471 3093 2838 3164 respondeant
2861 3094 3090 3151 Domino
3117 3096 3456 3151 necessarios
3485 3137 3502 3164 ,

194 3186 326 3240 riam
351 3195 541 3243 autem
566 3185 887 3242 humilitatis
933 3186 1115 3255 istius,
1145 3203 1316 3244 coenae
1355 3203 1448 3245 eos
1477 3188 1557 3262 (ά)
1585 3198 1640 3245 et
1663 3204 1795 3244 con-

196 3277 327 3332 vivii
353 3278 525 3334 modo
550 3278 768 3334 instruit
795 3277 950 3351 (Luc.
979 3295 1100 3347 xiv,
1132 3279 1189 3352 8)
1220 3298 1232 3334 :
1259 3296 1491 3338 monens
1541 3281 1595 3336 in
1657 3281 1795 3338 locis

195 3369 651 3426 eminentioribus
671 3371 919 3426 accubari
950 3387 1056 3427 non
1084 3382 1374 3443 oportere,
1430 3389 1500 3430 ne
1544 3374 1686 3430 forte
1729 3389 1796 3430 eo

197 3460 522 3519 adveniente
549 3463 641 3534 qui
669 3463 868 3520 clarior
893 3471 978 3519 est
1001 3506 1016 3530 ,
1050 3479 1145 3534 per
1171 3465 1450 3522 dominum
1500 3482 1674 3524 creua:
1703 3483 1797 3524 oc-

199 3564 395 3624 cupato
423 3555 551 3610 loco
578 3552 650 3627 (ε)
694 3570 821 3612 cum
853 3557 1066 3612 decenti
1112 3559 1443 3614 contumelia
1489 3561 1798 3618 admonitus

197 3641 448 3702 decedat.
479 3647 657 3702 Porro
705 3656 885 3703 autem
935 3649 981 3704 si
1013 3649 1068 3704 in
1099 3649 1394 3707 humilibus
1445 3653 1797 3726 accubuerit;

201 3738 625 3795 advenientibus
648 3739 1058 3810 humilioribus,
1088 3741 1156 3797 ad
1202 3743 1429 3814 gloriam
1462 3744 1564 3800 loci
1599 3745 1799 3801 celsio-

199 3831 274 3886 ris
298 3831 550 3888 accedet.
575 3831 752 3904 Atque
779 3833 850 3887 ita
884 3849 990 3889 non
1024 3849 1354 3905 praesumere
1398 3837 1602 3908 aliquid
1631 3838 1801 3894 hono-

198 3922 275 3977 ris
303 3923 506 3992 decet,
535 3923 632 3978 sed
659 3923 982 3980 humilitatis
1010 3925 1263 3997 operibus
1300 3929 1616 3996 promereri.

274 4018 362 4073 15.
394 4019 537 4074 Cazci
556 4017 680 4086 duo,
700 4029 871 4090 gentes
893 4035 955 4074 ea:
975 4018 1137 4074 Cham
1161 4030 1209 4077 et
1237 4019 1446 4093 Japhet.
1478 4021 1645 4078 Deum
1674 4040 1805 4095 pra:-

203 4111 376 4166 dicant
406 4111 690 4167 Christum.
715 4140 787 4154 -
808 4112 873 4166 Et
896 4115 1270 4186 egredientibus
1301 4117 1408 4171 illis
1452 4117 1513 4171 ab
1544 4117 1757 4172 Iericho
1787 4160 1802 4183 ,

201 4215 376 4286 secuta
405 4216 480 4260 est
509 4222 624 4260 eum
646 4207 796 4261 turba
821 4208 984 4262 multa
1017 4227 1030 4263 :
1055 4219 1102 4262 et
1123 4225 1236 4263 ecce
1257 4209 1361 4264 duo
1405 4210 1528 4264 caeci
1576 4211 1805 4265 sedentes

202 4317 358 4371 super
378 4301 519 4355 viam
549 4301 822 4357 audierunt
843 4303 980 4374 quod
1001 4301 1156 4359 Iesus
1184 4304 1388 4371 transit,
1421 4312 1526 4362 etc.
1566 4303 1586 4376 (
1610 4302 1802 4358 Matth.

201 4407 272 4448 xx
298 4434 315 4461 ,
349 4391 468 4463 30).
502 4392 763 4463 Superius
794 4410 890 4465 per
905 4395 1130 4466 ﬁguram
1163 4395 1392 4451 duorum
1423 4397 1657 4453 ﬁliorum
1701 4397 1806 4453 Ze-

1896 3199 1961 3239 ac
2012 3187 2192 3240 statim
2225 3185 2300 3258 (g)
2329 3185 2706 3241 remittendos.
2735 3186 2866 3241 Post
2894 3187 3232 3256 superiorem
3284 3201 3493 3244 sermo-

1897 3294 2058 3345 nem,
2089 3294 2196 3348 quo
2224 3279 2277 3333 in
2311 3277 2520 3334 duobus
2545 3278 2674 3333 ﬁliis
2713 3278 2962 3334 Zebedaei
2993 3277 3262 3348 duplicem
3308 3293 3376 3333 ex
3421 3279 3500 3334 Is.

1897 3369 2011 3424 rael
2058 3369 2394 3425 vocationem
2439 3369 2796 3439 signiﬁcatam
2849 3369 3213 3435 meminimus,
3271 3383 3494 3440 compc-

1900 3468 2075 3517 tenter
2097 3476 2239 3517 nunc
2268 3461 2375 3516 duo
2403 3461 2653 3532 discipuli
2699 3461 2769 3516 ad
2816 3460 3131 3516 solvendam
3178 3459 3386 3518 asinam
3441 3470 3498 3516 et
3573 3447 3582 3450 ’

1900 3553 2106 3624 pullum
2127 3553 2468 3609 destinantur
2499 3570 2514 3610 :
2546 3553 2671 3622 quia
2715 3553 2914 3623 duplex
2964 3560 3083 3608 erat
3129 3567 3194 3608 ex
3249 3552 3504 3624 gentibus

1901 3647 2074 3718 plebis
2098 3649 2312 3704 vocatio
2337 3657 2718 3703 consecutura.
2768 3645 2940 3701 Erant
2968 3647 3116 3702 enim
3170 3658 3333 3717 atque
3376 3655 3504 3702 sunt

1904 3742 2221 3810 Samaritre,
2255 3743 2488 3814 profecti
2515 3742 2789 3813 quondam
2822 3757 2918 3813 per
2943 3742 3312 3799 secessionem
3339 3757 3407 3796 ex
3425 3742 3502 3797 le-

1903 3849 2005 3905 ge,
2033 3845 2088 3890 et
2118 3836 2218 3891 sub
2244 3835 2477 3906 quadam
2527 3832 2888 3891 observantia:
2939 3848 3051 3888 sua:
3107 3831 3504 3888 consuetudine

1904 3929 2203 3985 servientes
2235 3927 2610 3985 :erantetiam
2631 3925 3122 3999 gentesindomitac
3166 3934 3221 3979 et
3271 3925 3503 3980 feroces.

1908 4020 2075 4091 Igitur
2100 4021 2208 4077 duo
2238 4022 2545 4086 mittuntur,
2574 4029 2633 4075 ut
2661 4021 2874 4074 solvant
2901 4019 3096 4088 ligatos
3127 4026 3179 4071 et
3211 4017 3506 4072 obstrictos

1909 4122 1964 4168 et
1988 4113 2191 4168 erroris
2215 4122 2374 4183 atque
2400 4111 2721 4182 ignorantia:
2741 4109 2975 4166 vinculis
3003 4107 3338 4180 praepeditus
3394 4124 3407 4160 :
3452 4115 3509 4161 et

1911 4208 2198 4263 mittuntur
2221 4215 2372 4260 extra
2403 4203 2703 4259 Jerusalem
2729 4219 2744 4268 ;
2773 4211 2930 4257 extra
2952 4215 3072 4255 eam
3099 4200 3243 4255 enim
3271 4198 3356 4254 ha“:
3382 4197 3506 4252 duze
3548 4269 3550 4271 ν

1912 4301 2225 4356 vocationes
2255 4297 2610 4354 habebantur.
2641 4295 2911 4351 Caeterum
2943 4303 3117 4350 mater
3141 4293 3378 4349 ﬁliorum
3405 4292 3506 4348 Ze-

1914 4396 2087 4453 bedtei
2128 4396 2270 4450 intra
2310 4392 2610 4449 Jerusalem
2657 4389 2942 4445 Dominum
3001 4388 3176 4443 oravit
3226 4403 3241 4440 :
3299 4385 3512 4441 duabus

203 4483 378 4540 bedaei
402 4526 416 4550 ,
468 4485 539 4540 de
565 4484 866 4542 Israelitico
897 4488 1096 4558 populo
1127 4495 1413 4543 tractatum
1461 4496 1578 4555 est,
1609 4489 1701 4559 qui
1740 4503 1807 4544 ex
1835 4502 1890 4563 Ῑ)
1916 4489 2060 4544 enim
2089 4485 2464 4542 vocationibus
2485 4481 2651 4539 Israel
2678 4481 2764 4537 vel
2820 4496 2918 4552 per
2959 4479 3238 4550 apostolos
3286 4477 3372 4533 vel
3413 4491 3513 4548 per

201 4579 416 4634 semine
441 4577 575 4634 Sem
601 4588 718 4633 erat
745 4589 916 4634 ortus.
947 4579 1334 4650 Competenter
1363 4580 1526 4650 igitur
1553 4582 1684 4636 caeci
1707 4581 1814 4637 duo

277 4693 356 4767 (a)
374 4693 458 4748 Ita
489 4710 681 4750 omnes
704 4709 836 4767 mss.
867 4695 1009 4750 Editi
1040 4710 1201 4762 vero,
1233 4697 1396 4751 altera
1441 4697 1793 4767 apostolorum

207 4774 253 4820 et
278 4764 699 4838 pharisworum:
720 4765 808 4821 cui
829 4767 1043 4822 lectioni
1073 4776 1336 4838 repugnat
1357 4764 1497 4837 quod
1521 4778 1641 4837 post
1667 4785 1796 4838 pau-

207 4853 270 4892 ca
300 4837 613 4906 subjicitur,
638 4839 870 4907 Apostoli
898 4840 961 4892 de
979 4855 1034 4894 se
1056 4841 1178 4892 certi
1218 4837 1406 4905 erant;
1456 4841 1573 4894 ideo
1629 4837 1800 4894 solum

209 4910 374 4962 maesti
408 4917 531 4962 sunt
559 4910 620 4962 de
651 4909 881 4975 duobus;
906 4912 1026 4980 quia
1057 4911 1206 4964 etiam
1227 4909 1308 4964 his
1339 4911 1538 4964 duabus
1577 4912 1804 4966 vocatio-

213 4980 363 5054 nibus
384 4995 506 5047 qua:
533 4995 597 5033 ea:
624 4980 732 5054 lege
759 4989 906 5048 sunt,
938 4983 1250 5054 consortium
1274 4982 1454 5054 gloria:
1480 4981 1638 5054 hujus
1659 4993 1806 5052 apta-

210 5050 369 5122 bant;
401 5065 620 5122 necnon
653 5051 756 5106 hoc
784 5067 903 5122 cap.
957 5052 1062 5118 21,
1098 5069 1152 5107 n.
1183 5068 1199 5106 ι
1230 5069 1243 5103 :
1275 5050 1488 5106 Duabus
1510 5050 1643 5107 enim
1660 5050 1809 5108 vocu-

213 5120 439 5194 tionibus
463 5119 635 5176 Israel
656 5124 733 5176 vel
761 5119 1130 5194 perapystolos
1178 5123 1256 5178 vel
1313 5140 1405 5194 per
1455 5123 1708 5179 Joannem
1757 5140 1820 5180 ex

213 5193 320 5263 lege
343 5192 602 5247 solvatur.

142 5325 147 5330 ,
219 5333 234 5338 _
260 5261 365 5338 :(b)
398 5263 700 5338 Beccensis
721 5264 924 5338 codex,
953 5268 1195 5321 mmstitia
1226 5283 1245 5321 :
1271 5281 1453 5338 prave.
1509 5265 1624 5321 Non
1679 5266 1821 5322 enim

219 5333 520 5404 hie,'quod
552 5334 840 5406 diligenter
864 5333 1286 5406 advertendum,
1337 5347 1560 5394 mmstos
1586 5338 1701 5392 vult
1732 5338 1826 5392 Ili-

220 5405 400 5481 larius
429 5405 748 5481 apgstolos,
778 5410 918 5481 quod
949 5409 1195 5481 quaedam
1226 5405 1505 5481 privilegia
1536 5409 1638 5464 sibi
1667 5424 1824 5464 arro-

216 5478 474 5556 gaverint
501 5475 752 5556 zebedwi
779 5479 906 5556 ﬁlii,
931 5475 1033 5556 sed
1055 5479 1198 5551 quod
1228 5475 1504 5556 postulata
1536 5495 1641 5535 non
1669 5483 1826 5556 impe-

217 5547 774 5622 traverint.‘Mcestos
804 5551 937 5606 dicit
985 5547 1516 5619 ob'contumeliam,
1565 5566 1668 5622 qua
1721 5547 1828 5606 duo

219 5618 471 5693 ipsorum
506 5617 704 5676 fratres
726 5621 902 5677 alfecti
935 5631 1062 5677 sunt
1085 5637 1180 5692 per
1208 5617 1524 5692 repulsam:
1557 5617 1732 5693 neque
1758 5623 1829 5678 ob

223 5689 509 5760 repulsam
534 5704 694 5760 quam
719 5693 792 5748 illi
816 5694 869 5747 in
893 5709 954 5749 se
977 5703 1033 5749 et
1084 5689 1183 5749 suo
1221 5689 1442 5750 nomine
1460 5735 1476 5762 ,
1526 5693 1622 5751 sed
1646 5689 1831 5766 'quam

722 5787 996 5850 ΡΑΤιιοι..
1042 5787 1157 5850 IX.

1923 4581 2184 4637 Joannem
2231 4594 2299 4634 ex
2349 4577 2464 4648 lege
2532 4575 2792 4630 salvetur.
2854 4572 3054 4628 Verum
3085 4570 3168 4645 (h)
3213 4584 3366 4641 aeque
3415 4583 3515 4639 per

1905 4697 2126 4752 nomine
2176 4693 2403 4749 duarum
2471 4691 2815 4746 vocationum
2862 4687 3040 4759 gentis
3098 4701 3211 4742 suae
3262 4699 3518 4767 perpessi

1904 4777 2049 4822 SUIH.
3500 4771 3520 4810 ι

1981 4838 2180 4912 (c)Hic
2210 4833 2604 4912 supplendum,
2654 4833 2826 4888 volens
2858 4830 3144 4912 ostendere.
3206 4828 3364 4894 Mox,
3411 4845 3521 4885 non

1913 4911 2065 4964 modo
2097 4912 2357 4980 gentium,
2393 4909 2444 4964 id
2473 4916 2588 4980 est,
2620 4920 2724 4980 non
2747 4919 2898 4980 more
2923 4909 3191 4972 gentium.

1988 4981 2066 5052 (ά)
2086 4973 2304 5048 Bad.,et
2320 4973 2577 5036 communi
2599 4975 2776 5052 modo;
2809 4975 2959 5052 Pan,
2988 4984 3034 5028 et
3065 4973 3284 5027 convicii
3318 4973 3472 5052 modo
3500 4988 3520 5028 :

1924 5045 2202 5110 mendose.
2239 5045 2389 5108 Hanc
2414 5059 2592 5105 autem
2621 5047 2935 5119 parabolam
2961 5087 2978 5113 ,
3005 5059 3168 5119 quam
3223 5047 3369 5119 apud
3411 5045 3524 5101 Lu-

1927 5139 2045 5180 cam
2077 5124 2368 5180 dumtaxat
2398 5123 2580 5192 legere
2617 5115 2732 5185 ést,
2767 5117 2855 5192 hic
2885 5117 3024 5172 forte
3071 5115 3313 5172 Hilarius
3340 5119 3395 5172 in
3422 5131 3522 5172 suo

1927 5196 2223 5266 exemplari
2246 5190 2543 5266 subnexam
2569 5190 2837 5266 habuerit.

2002 5257 2259 5341 (e)'Apud
2283 5265 2407 5319 Par.
2441 5261 2752 5341 concedenti.
2781 5259 3003 5341 rlnfaliis
3026 5258 3157 5341 edit.
3191 5257 3520 5341 concedendi.

1928 5337 1986 5393 In
2010 5329 2112 5394 ’δέχ
2144 5329 2276 5394 mss.
2303 5335 2558 5391 uenandi.
2592 5332 2673 5388 Ex
2691 5331 2904 5388 caeteris
2930 5331 3264 5388 restituimus
3295 5343 3408 5382 cum
3431 5329 3525 5381 de-

1931 5409 2082 5464 centi.

2004 5479 2074 5553 (f)
2112 5480 2254 5553 Editi
2291 5521 2304 5545 ,
2335 5479 2566 5553 obsident
2585 5491 2616 5553 _:
2647 5474 3007 5553 renitentibus
3032 5484 3174 5553 _m_ss'.
3222 5538 3234 5550 α
3399 5552 3407 5553 7
3471 5538 3482 5550 ο

2111 5551 2202 5608 Sic
2231 5539 2361 5623 mss.
2395 5550 2482 5623 hic
2507 5547 2744 5623 etinfra.
2798 5548 2884 5623 At‘
2916 5541 3048 5598 editi
3079 5539 3305 5594 inferius
3326 5579 3342 5604 ,
3383 5539 3530 5591 emit-

1935 5613 2111 5694 tendus
2129 5665 2144 5688 ,
2174 5622 2319 5694 quod
2348 5619 2630 5694 etiamhic
2655 5613 2972 5694 liabetPar.

2007 5676 2454 5766 (h)il'n1vulgatis,
2468 5691 2697 5760 udisque.
2717 5683 3033 5740 Retinemus
3055 5693 3174 5735 cum
3187 5691 3321 5735 mss.
3345 5676 3504 5735 Rom.
3517 5720 3533 5751 ,

2947 5775 3025 5837 33
