3974 6198
259 222 396 292 1057

1148 213 1693 280 COMMENTARIUS
1732 219 1798 278 IN
1834 218 2266 288 ΜΑΤΤΗᾸΞΗΜ.
2309 222 2464 279 CAP.
2509 222 2649 279 XXI.

255 339 478 396 ttitiunis
527 337 644 409 ejus
695 352 1125 400 commemorans
1179 339 1583 405 auclttt‘ilalcttt,
1645 357 1762 407 qua:
1797 339 1846 392 in
1879 341 1922 398 Α
1953 339 2064 394 sius
2087 341 2294 394 arnisse
2326 339 2487 398 (Ibid.
2518 339 2610 412 20)
2646 358 2657 392 :
2691 339 2812 410 quia
2846 339 3128 414 praesentis
3157 341 3278 398 facti
3301 343 3538 402 efﬁcient

254 432 519 505 prapheta
573 442 837 487 teneatur.
870 432 1000 487 Nam
1032 433 1288 502 scriptum
1321 443 1401 486 est
1450 450 1461 486 :
1498 431 1693 490 Domus
1732 446 1850 486 mea

255 524 441 581 domus
468 526 712 580 orationis
739 527 997 580 vocabitur
1015 542 1028 591 ;
1049 541 1134 580 vos
1159 537 1325 579 autem
1347 525 1536 594 fecistis
1568 524 1712 578 illam
1737 540 1851 594 spe-

259 621 466 676 luncam
498 620 754 672 latronum
785 616 956 690 (Esai.
993 634 1106 685 Lv't,
1132 618 1198 684 7;
1231 617 1419 671 Matth.
1451 632 1559 678 xxx,
1593 614 1703 687 l3).
1743 615 1850 670 Sed

256 728 433 784 neque
462 727 644 774 emere
669 710 884 766 Judmos
918 712 968 764 in
1025 712 1306 782 Synagoga
1332 751 1346 776 ,
1393 725 1569 778 neque
1619 708 1852 762 vendere

256 806 520 875 Spiritum
547 817 790 858 sanetum
815 818 968 874 posse
997 802 1414 866 exiSIituaudutn
1439 810 1542 857 est.
1564 800 1680 857 Non
1706 798 1850 855 enim

253 897 530 954 habebant
562 907 616 950 ut
659 895 737 968 (α)
790 897 971 950 vt-nire
1017 905 1271 966 possent,
1323 910 1498 964 neque
1540 905 1655 948 erat
1709 891 1852 968 quod

251 1007 441 1058 emere
471 991 590 1060 quis
621 999 803 1060 posset
832 1008 842 1041 :
878 989 970 1044 sed
1005 987 1362 1060 pradigttratio
1410 989 1705 1040 futurorum
1735 984 1851 1037 dic-

255 1089 330 1138 tis
386 1082 736 1154 prtesetttibus
782 1083 1123 1146 continetur,
1165 1078 1423 1134 Ecclesia:
1469 1079 1592 1131 vitia
1641 1079 1692 1138 in
1737 1077 1854 1146 ipso

255 1178 492 1234 adventu
524 1177 810 1232 dominica:
842 1175 1098 1233 claritatis
1124 1189 1243 1228 esse
1281 1172 1571 1246 pmgamla.

331 1272 385 1325 5.
418 1269 758 1324 lulirmitates
786 1282 999 1336 quoque
1031 1279 1296 1320 ett-corum
1334 1275 1387 1318 et
1413 1263 1724 1318 claudorum
1757 1277 1852 1315 cu-

253 1361 403 1426 ravit
433 1361 485 1420 in
537 1360 737 1430 templo
767 1357 930 1428 (Ibid.
976 1358 1062 1427 Η)
1093 1369 1183 1412 :et
1235 1356 1472 1428 publicas
1513 1355 1630 1424 ejus
1665 1367 1857 1430 opera-

263 1454 445 1508 tiones
473 1452 621 1515 favor
654 1452 833 1522 pupuli
868 1464 1190 1510 consecutus
1223 1461 1323 1506 est.
1380 1449 1629 1508 Invident
1672 1457 1851 1504 autem

253 1561 553 1618 puerorum
601 1545 929 1604 clamoribus
959 1545 1227 1615 principes
1274 1543 1652 1608 sacerdotum,
1706 1556 1856 1596 eum-

251 1654 362 1710 que
387 1638 679 1696 admonent
703 1652 799 1698 cur
830 1636 928 1697 ista
955 1636 1135 1690 audiat
1159 1634 1319 1707 (Ibid.
1349 1633 1466 1704 lii);
1517 1635 1567 1686 in
1603 1633 1850 1700 redemp-

1952 433 2113 487 l’uturi
2147 434 2428 504 imaginem
2463 433 2801 503 pra‘ferebat.
2833 433 2966 489 Cum
2993 438 3136 490 enim
3167 438 3215 492 in
3243 455 3407 508 regno
3433 457 3542 496 cm-

1953 526 2072 581 lesti
2103 527 2376 583 advenerit
2400 570 2415 596 ,
2449 529 2502 583 in
2544 538 2784 599 tempore
2827 529 2939 599 ipso
2971 530 3232 586 adventus
3276 535 3392 602 ejus
3422 535 3541 590 inli-

1953 618 2188 673 dclitatis
2233 620 2470 675 Iudaica:
2509 623 2868 688 ,sterilitatem
2917 630 3132 677 :eterna:
3181 624 3543 684 danmationis

1951 715 2217 774 sententia
2246 723 2624 784 consequetur.
2676 713 2821 781 Quos
2865 713 3191 788 (discipulos)
3237 716 3494 774 Dominus
3523 761 3539 788 ,

1955 806 1998 858 si
2033 805 2191 859 ﬁdem
2226 804 2512 859 habuerint
2560 819 2664 858 non
2698 806 2869 859 solum
2913 805 3062 866 haec,
3099 806 3192 861 sed
3241 817 3294 861 et
3340 811 3544 881 majora

1954 895 2148 962 horum
2180 913 2270 951 eos
2321 912 2480 967 posse
2525 896 2828 954 confirmat.
2880 897 2957 953 ltli
2991 897 3207 967 quidem
3254 899 3544 970 iudicaturi

1931 1001 2112 1046 ‘erant
2138 989 2327 1056 Israel,
2352 989 2644 1047 secundum
2670 989 3050 1046 antecedentes
3068 994 3386 1061 sponsiones
3413 1009 3425 1045 :
3449 993 3547 1052 sed

1951 1083 2115 1140 etiam
2143 1081 2231 1152 jus
2263 1099 2420 1136 omne
2451 1083 2502 1136 itt
2533 1082 2804 1144 diabolum
2834 1124 2845 1143 ,
2878 1099 3031 1154 quem
3073 1095 3308 1140 montem
3338 1102 3546 1140 nuncu-

1959 1184 2067 1242 pat,
2102 1181 2279 1230 essent
2305 1173 2665 1237 Consecuturi.
2703 1173 2791 1228 Ait
2815 1174 2958 1230 enim
3007 1175 3116 1229 ita:
3177 1176 3236 1232 Si
3273 1176 3427 1246 [idem
3456 1177 3549 1232 Ita-

1959 1267 2188 1326 bneritis,
2222 1284 2322 1321 non
2351 1267 2516 1324 solum
2539 1268 2601 1322 de
2618 1265 2843 1343 ﬁculnea
2872 1266 3089 1339 facietis.
3123 1267 3211 1320 sed
3239 1276 3284 1322 et
3312 1273 3353 1320 si
3386 1269 3546 1326 monti

1957 1357 2077 1418 huic
2098 1359 2326 1414 dixeritfs
2351 1376 2369 1414 .'
2391 1359 2536 1414 Tolle
2563 1368 2607 1412 cl
2627 1362 2772 1431 jacta
2790 1368 2837 1416 te
2862 1359 2912 1412 in
2941 1361 3092 1424 mari,
3117 1361 3202 1429 ﬁet
3236 1359 3397 1430 (Ibid.
3423 1361 3540 1432 ς21).

1957 1449 2001 1504 Ο
2031 1451 2216 1519 ingens
2243 1451 2364 1509 fidei
2400 1455 2698 1520 pranniuut.
2729 1453 2880 1524 Cujus
2911 1456 3100 1526 merito
3131 1453 3186 1508 in
3219 1465 3420 1510 tantmn
3448 1472 3548 1525 po.

1960 1549 2124 1596 testas
2155 1541 2486 1598 credentium
2514 1545 2812 1610 (‘XlUllllUl‘,
2843 1557 2898 1607 ut
2921 1545 3210 1614 iudicaturi
3245 1550 3547 1622 universos,

1960 1633 2072 1700 pari
2097 1634 2400 1690 setcritatis
2431 1637 2694 1694 sententia
2731 1638 2781 1691 in
2807 1639 3202 1694 damnationem
3233 1643 3414 1700 seaculi
3440 1643 3554 1696 dia-

255 1733 462 1794 tiunem
525 1731 668 1788 enim
723 1732 932 1788 venisse
981 1729 1174 1790 domus
1221 1729 1384 1788 David
1439 1727 1851 1798 prtedicabalur.
1886 1719 1936 1792 Β
1963 1724 2067 1778 boli
2097 1727 2467 1782 celsitudinem
2499 1730 2803 1800 mulcmque
2836 1731 3148 1802 demergunt
3177 1735 3190 1797 ι

264 1826 469 1894 Quibus
501 1825 800 1896 respondit,
828 1842 930 1882 non
961 1825 1153 1894 legisse
1183 1838 1277 1878 eos
1309 1839 1319 1875 :
1356 1821 1436 1876 Ex
1464 1838 1549 1874 ore
1575 1821 1852 1890 infantium

253 1899 310 1982 et
343 1919 640 1978 laetantium
668 1919 927 1990 perfeciin
954 1917 1154 1972 laudem
1173 1913 1332 1986 (Ibid.
1360 1913 1446 1976 16',
1470 1912 1612 1967 l’sal.
1642 1927 1751 1972 vttt,
1772 1911 1849 1982 '5):

253 2012 596 2067 cessantibus
643 2013 784 2064 enim
838 2010 1156 2079 prudentum
1201 2007 1457 2076 judiciis,
1513 2005 1653 2059 banc
1695 2003 1794 2058 sibi
1823 2018 1851 2054 a

261 2105 447 2174 pueris
479 2114 640 2170 atque
681 2101 994 2159 infantibus.
1046 2114 1273 2172 quorum
1321 2098 1390 2154 sit
1432 2111 1657 2166 regnum
1689 2095 1854 2149 (ταξιο-

259 2210 408 2261 rum,
459 2191 816 2248 confessionis
845 2192 1067 2262 gloriam
1118 2177 1517 2260 praeparatam;
1574 2187 1695 2266 quia
1732 2201 1855 2253 ptu-

257 2287 453 2350 dentes
487 2295 539 2341 et
581 2287 851 2356 principes
880 2283 1061 2338 saeculi
1114 2281 1429 2350 sapientiam
1467 2279 1557 2332 Dei
1600 2277 1856 2348 reproba—

262 2384 481 2448 verint,
531 2380 801 2435 Christum
852 2388 1030 2434 autem
1068 2375 1140 2449 (b)
1187 2375 1611 2447 regeneratiOnis
1652 2373 1855 2442 parvuli

253 2476 626 2544 iacientesque
653 2475 760 2530 sint
792 2472 1129 2543 prredicaturi
1174 2489 1185 2524 :
1217 2469 1284 2524 Et
1321 2471 1399 2524 liis
1423 2470 1570 2523 dictis
1601 2469 1855 2531 civitatem

261 2584 498 2640 egressus
549 2566 756 2634 reliquit
785 2583 887 2632 eos,
933 2577 1081 2634 atque
1110 2564 1160 2617 in
1187 2562 1440 2616 Bethania
1465 2563 1650 2615 mansit
1690 2560 1853 2630 (Ibid.

260 2657 369 2729 l7).
403 2657 677 2714 lntidelem
709 2656 960 2711 videlicet
1005 2656 1342 2726 Synagogam
1373 2654 1632 2709 deserens
1664 2654 1715 2708 in
1752 2652 1855 2707 Ec-

255 2749 425 2806 etesia
447 2750 683 2818 gentium
716 2748 1044 2807 demoratur.

339 2842 393 2893 (5.
443 2837 602 2896 Ficus
644 2838 815 2908 {ructu
869 2854 969 2894 non
1025 2836 1163 2905 foliis
1191 2852 1386 2890 carens.
1463 2835 1860 2906 Synagoga.——

265 2931 422 2992 illane
450 2941 620 2992 autem
651 2931 900 2986 transiens
929 2929 978 2981 in
1018 2930 1308 2994 civitatem,
1359 2927 1534 2982 esuriit
1566 2945 1578 2980 :
1615 2938 1660 2980 et
1687 2927 1860 2980 videns

260 3023 497 3082 arborem
525 3023 611 3093 ﬁci
640 3039 793 3089 unam
831 3037 975 3073 secus
1002 3021 1133 3074 viam
1157 3060 1173 3083 ,
1220 3020 1350 3074 venit
1381 3021 1448 3071 ad
1475 3035 1606 3076 eam.
1638 3029 1691 3072 et
1739 3017 1860 3072 reli-

2029 1815 2081 1870 8.
2118 1816 2395 1889 Synagoga
2426 1836 2523 1888 qua
2554 1825 2750 1876 ratione
2773 1823 2894 1894 ﬁcui
2936 1835 3276 1895 comparetur.
3307 1855 3379 1868 υ-
3413 1826 3556 1882 Con‘

1960 1909 2213 1964 tuendum
2243 1923 2421 1965 autent
2450 1922 2562 1977 est,
2588 1927 2694 1983 qua
2724 1915 2934 1969 ratione
2970 1917 3248 1988 Syuagoga
3294 1920 3428 1974 licus
3468 1935 3555 1974 ar—

1958 2001 2076 2057 bori
2107 2013 2468 2072 comparetur.
2513 2004 2639 2060 Herc
2685 2022 2914 2077 namque
2957 2009 3116 2066 arbor
3169 2010 3556 2071 dissimilitera

1959 2105 2273 2157 camerarum
2301 2096 2555 2152 arborum
2586 2107 2638 2154 et
2659 2111 2847 2154 natura
2871 2109 2923 2153 et
2956 2101 3264 2160 conditione
3296 2103 3553 2164 ﬂorescit.

1960 2184 2089 2238 Nam
2116 2185 2216 2240 llos
2240 2188 2286 2240 ei
2321 2186 2526 2258 primus
2557 2190 2611 2243 in
2637 2191 2809 2258 pomis
2841 2199 2942 2257 est,
2973 2191 3070 2246 scd
3103 2211 3209 2247 non
3253 2195 3302 2250 in
3336 2194 3554 2263 Ιιί3(ρο-

1959 2277 2100 2348 mis),
2127 2294 2249 2348 qua:
2291 2284 2648 2340 maturitatem
2682 2291 2738 2338 ut
2778 2286 3096 2339 emerserint
3135 2299 3556 2356 consequantur.

1960 2369 2162 2425 Grossa
2217 2373 2357 2426 enim
2409 2371 2524 2427 lucc
2571 2383 2622 2428 et
2655 2376 2956 2447 communis
2985 2391 3110 2430 usus
3160 2386 3214 2437 et
3242 2379 3558 2448 prophetica

1963 2463 2254 2524 auctoritas
2283 2466 2624 2537 nuncupavit.
2671 2465 2865 2520 Verum
2905 2474 3086 2536 postea
3117 2469 3337 2524 interna:
3370 2469 3559 2528 fecun-

1961 2556 2353 2612 ditatisvirtute
2379 2560 2729 2625 exuberante,
2753 2559 2992 2628 ejusdem
3021 2562 3218 2630 speciei
3249 2572 3411 2632 atque
3440 2562 3553 2624 fotu

1964 2667 2064 2706 tum
2099 2666 2257 2720 poma
2291 2663 2640 2722 prorumpunt
2669 2693 2684 2720 ,
2720 2653 2912 2724 quibus
2941 2657 3411 2724 prorumpentibus
3455 2657 3556 2716 ista

1974 2743 2296 2811 truduntur,
2327 2757 2381 2798 et
2409 2746 2684 2802 dissolutis
2737 2746 2928 2817 quibus
2959 2749 3372 2804 continebantur
3416 2749 3559 2804 radi-

1963 2837 2114 2890 cibus
2145 2836 2398 2892 decidunt
2427 2878 2442 2904 ,
2492 2838 2704 2906 aliaque
2734 2837 2819 2891 illa
2861 2837 3110 2893 exeuntia
3149 2855 3316 2908 usque
3352 2839 3418 2894 ad
3451 2856 3564 2898 ma-

1966 2928 2240 2982 turitatem
2295 2930 2560 2982 fructuum
2598 2929 2985 2997 provehantur.
3033 2929 3138 2984 Sed
3167 2929 3234 2984 de
3274 2927 3568 2998 superiori-

1970 3022 2072 3076 bus
2103 3019 2209 3076 illis
2249 3020 2296 3076 εἰ
2341 3021 2554 3095 quando
2587 3021 2854 3083 inciderit,
2889 3032 2939 3076 ut
2973 3019 3026 3078 in
3057 3025 3178 3086 sinu
3229 3023 3561 3093 virgularum

261 3132 366 3185 qua
399 3113 564 3184 (Ibid.
599 3114 685 3178 18,
722 3112 832 3183 l9).
863 3109 1008 3166 Idem
1033 3114 1106 3181 (c)
1137 3113 1428 3166 etiamnum
1455 3127 1632 3165 rerum
1664 3111 1855 3166 coeleS~
1883 3104 1929 3168 C
1967 3131 2030 3169 ex
2065 3114 2273 3168 ramulo
2298 3115 2487 3169 eodem
2523 3115 2904 3184 prodeuntium
2949 3116 3310 3180 eu'terserint;
3344 3126 3565 3172 manent

259 3209 393 3270 tium
422 3207 556 3261 ordo
586 3206 949 3277 praemittitur.
976 3205 1107 3260 Nam
1142 3207 1191 3260 in
1227 3205 1330 3260 ficu
1385 3206 1678 3276 Syoagogu:
1711 3206 1856 3270 posi-

253 3310 372 3357 tutu
404 3299 711 3370 exemplum
761 3306 865 3352 est.
906 3299 1038 3356 Italo
1096 3297 1238 3356 enim
1280 3298 1610 3368 poenitentiae
1641 3296 1853 3367 spatio,

255 3408 326 3449 eo
363 3390 610 3445 videlicet
639 3400 882 3457 tempore
909 3388 1050 3456 quod
1095 3389 1236 3443 inter
1275 3388 1578 3456 passiOnem
1611 3396 1664 3442 et
1710 3388 1855 3444 redi-

259 3495 372 3539 tum
402 3482 660 3538 claritatis
689 3489 771 3535 est
797 3478 1056 3546 medium,
1079 3481 1256 3534 veniet
1283 3480 1528 3534 esuriens
1557 3479 1728 3549 plebis
1757 3480 1856 3533 bu-

249 3574 348 3647 jus
377 3574 628 3639 salutem,
664 3583 719 3628 et
746 3572 982 3630 inveniet
1035 3570 1401 3636 infecundam,
1452 3572 1593 3625 loliis
1627 3583 1859 3626 tammu-

255 3669 422 3734 modo
448 3668 716 3727 vestitam,
747 3664 910 3742 ’174¹
935 3665 983 3719 id
1003 3676 1106 3731 eat,
1142 3665 1323 3720 verbis
1353 3665 1602 3720 inanibus
1621 3665 1857 3736 glorian-
1921 3673 1926 3676 ’

260 3771 409 3825 tem,
460 3759 554 3814 sed
599 3758 858 3813 fructibus
906 3773 1157 3821 vacuant,
1191 3758 1443 3828 operibus
1474 3758 1670 3828 quippe
1703 3758 1857 3812 bonis

256 3853 522 3922 sterilem,
553 3861 605 3907 et
634 3851 962 3922 exspectatis
995 3850 1348 3919 proventibus
1375 3850 1592 3903 nudam.
1637 3849 1703 3904 Et
1733 3849 1856 3920 quia

265 3945 564 4020 pmttitendi
597 3955 807 4016 tcu‘tpus
845 3947 1137 3999 exceSserit
1157 3984 1172 4008 ,
1219 3943 1270 3996 in
1295 3952 1607 4012 perpetuum
1639 3953 1859 4000 senten-

264 4041 335 4095 tia
358 4039 540 4107 iudicii
576 4035 809 4098 caelestis
837 4046 1065 4092 arescet.
1095 4035 1229 4091 Etiu
1257 4051 1322 4090 eo
1355 4034 1569 4105 quidem
1605 4035 1860 4092 bonitatis

260 4132 546 4200 dominica)
593 4139 964 4200 argumentum
995 4129 1324 4196 reperiemus
1357 4126 1456 4196 (α).
1487 4129 1616 4182 Nam
1662 4128 1749 4182 ttbi
1779 4127 1860 4182 af-

254 4223 426 4292 fcrre
451 4222 619 4277 voluit
674 4232 972 4292 procurat-ae
1019 4235 1115 4290 per
1157 4234 1216 4282 se
1259 4219 1447 4276 salutis
1498 4219 1804 4289 exen‘tplum
1840 4260 1854 4284 ,

257 4317 476 4378 virtutis
505 4331 617 4372 sua:
647 4323 968 4385 potestatem
997 4314 1048 4366 in
1082 4312 1329 4378 humanis
1359 4313 1678 4382 corporibus
1700 4329 1857 4369 exer-

256 4411 396 4467 cuit.
430 4423 577 4480 spem
610 4407 907 4472 futurorum
946 4416 999 4461 et
1023 4406 1218 4462 anima:
1258 4405 1490 4460 salutem
1529 4405 1674 4462 curis
1721 4421 1857 4476 prir-

1962 3226 2201 3280 semper,
2229 3220 2282 3264 et
2311 3225 2415 3266 non
2439 3207 2571 3264 sicut
2600 3223 2786 3278 gressa
2814 3221 3011 3265 camera
3035 3209 3309 3277 decidunt,
3335 3211 3429 3266 sed
3455 3211 3560 3265 bac-

1963 3316 2083 3364 rcnt
2113 3304 2225 3366 sola
2275 3311 2484 3366 tantum
2511 3345 2524 3368 ,
2553 3318 2820 3373 pomaque
2849 3312 3042 3364 caetera
3087 3302 3394 3360 matutitate
3427 3320 3563 3372 pra:-

1963 3398 2204 3472 veniunt.
2240 3395 2308 3451 Et
2337 3395 2436 3450 bos
2460 3393 2853 3464 pulcherrimos
2882 3395 3086 3456 fructus
3107 3395 3270 3449 arbor
3293 3395 3383 3449 illa
3415 3411 3478 3450 ex
3503 3411 3562 3451 se

1961 3490 2133 3554 dabit,
2167 3489 2256 3560 qui
2282 3505 2402 3544 cum
2426 3489 2631 3560 grossis
2659 3489 2868 3544 cutleris
2895 3501 3323 3560 promergentes,
3347 3489 3414 3552 de
3442 3505 3560 3552 me-

1961 3583 2050 3639 dio
2103 3592 2452 3651 utrarumque
2495 3582 2823 3651 virgularum
2879 3582 3140 3644 claviculo
3195 3582 3558 3651 proferentur.

1960 3675 2125 3746 Igitur
2154 3691 2219 3730 ex
2268 3675 2580 3730 conditione
2627 3672 2841 3734 arboris
2891 3675 3104 3744 propria
3147 3683 3202 3730 et
3245 3685 3561 3746 competens

1967 3768 2267 3840 Synagoga:
2297 3767 2594 3822 similitudo
2623 3765 2895 3835 proposita
2921 3776 3022 3822 est.

2034 3862 2086 3912 9.
2123 3858 2352 3930 Apostoli
2381 3858 2537 3930 primi
2565 3875 2629 3914 ea:
2662 3858 2941 3931 Synagoga
2969 3863 3185 3928 fructus.
3218 3858 3452 3920 Aliorum
3480 3863 3562 3917 in-

1961 3951 2184 4022 ﬁdelitas
2216 3951 2267 4003 in
2295 3949 2462 4006 Adam
2490 3958 2533 4002 et
2564 3947 2676 4008 Eva
2705 3951 3030 4020 pt'wsignala.
3064 3981 3136 3992 —
3161 3949 3370 4008 Primos
3413 3952 3558 4007 enim

1964 4041 2148 4112 p0puli
2179 4040 2415 4107 fructus,
2450 4054 2589 4110 quos
2609 4040 2678 4094 ab
2723 4041 2947 4094 exordio
2977 4040 3308 4110 protulerat,
3339 4057 3559 4110 grossu-

1962 4150 2081 4190 rum
2111 4133 2294 4188 amisit
2321 4133 2568 4202 exemplo
2598 4149 2610 4183 :
2642 4132 2805 4204 775
2833 4132 2955 4197 quia
2985 4134 3194 4202 plebem
3238 4134 3356 4203 ejus
3394 4134 3561 4198 inuti-

1962 4228 2090 4294 lem,
2116 4227 2290 4282 fidelis
2315 4234 2367 4280 et
2397 4224 2643 4295 pertinax
2667 4235 2720 4278 et
2752 4241 2920 4294 usque
2949 4225 3014 4280 ad
3037 4228 3557 4287 consummationem

1964 4331 2267 4390 temporum
2320 4330 2544 4371 manens
2595 4315 2824 4386 populus
2861 4316 3100 4386 gentium
3134 4320 3412 4386 pratrusit.
3447 4318 3557 4374 νυ.

1961 4420 2263 4468 rutntamen
2293 4409 2580 4465 credentes
2612 4406 2766 4476 primi
2793 4421 2858 4462 ex
2898 4405 3062 4462 Israel
3087 4406 3354 4477 Aposwli,
3387 4417 3442 4463 et
3471 4410 3555 4466 in-
3643 4480 3651 4486 ἰ

258 4516 495 4572 servitum
523 4500 897 4573 aegritudinum
930 4498 1334 4558 commendans.
1385 4498 1536 4565 Nunc
1583 4515 1712 4555 vero
1769 4499 1857 4554 ubi
1883 4486 1942 4552 Β
1969 4516 2048 4558 ter
2077 4503 2273 4572 Legem
2307 4509 2360 4555 et
2388 4498 2678 4568 Evangelia
2707 4513 3021 4568 grossorum
3053 4501 3212 4553 modo
3230 4498 3557 4560 inhaerentes

261 4594 336 4665 (ε)
385 4595 438 4649 itt
467 4602 813 4652 contumaces
857 4593 1080 4645 formam
1123 4589 1427 4654 severitatis
1458 4591 1854 4654 constituebat,

258 4689 421 4743 futuri
447 4689 681 4758 speciem
713 4686 908 4740 damno
949 4675 1162 4739 arbaris
1203 4683 1485 4746 indicavit,
1521 4693 1574 4738 ut
1622 4684 1851 4738 inﬁdeli-

260 4784 386 4838 tatis
415 4780 706 4849 pericnlum
755 4780 872 4832 sine
927 4777 1252 4834 detrimento
1296 4792 1503 4842 eorum,
1539 4779 1590 4832 in
1623 4794 1853 4850 quorum

258 4872 690 4941 redemptionem
718 4880 964 4936 venerat,
996 4869 1301 4925 doceretur.

331 4968 386 5020 7.
421 4963 692 5020 Sterilitati
709 4963 970 5018 damnatio
995 4971 1066 5014 est
1089 4969 1299 5015 wterna.
1325 4958 1474 5015 Fidei
1485 4962 1852 5033 jus.—Admi-

258 5065 450 5122 rantur
483 5070 611 5110 vero
651 5053 897 5123 discipuli
930 5053 1178 5107 arborem
1206 5054 1261 5105 in
1310 5064 1584 5106 momento
1625 5053 1751 5109 dicti
1781 5053 1858 5126 ip-

336 5195 414 5272 (ᾳ)
447 5196 537 5264 Sic
575 5195 712 5250 Bm}.
747 5193 1289 5272 gum-Asinceriuribtls
1321 5210 1449 5248 mss.
1484 5193 1550 5272 Itl_
1573 5195 1853 5272 aliiscdit.

261 5265 482 5325 uendere
506 5277 728 5339 possent.
749 5267 804 5328 In
827 5266 1100 5339 aliisutSs.
1125 5265 1293 5320 venire
1318 5275 1508 5337 posset.
1534 5265 1587 5339 In
1617 5267 1858 5334 utrisque

255 5343 380 5405 .ltzec
408 5337 634 5392 mutatio
679 5339 899 5392 minime
942 5337 1080 5390 facta
1113 5348 1278 5400 esset,
1310 5340 1352 5390 si
1385 5355 1502 5406 cap.
1538 5338 1624 5400 lO,
1659 5354 1712 5390 n.
1764 5339 1850 5404 18,

260 5415 609 5470 observatum
636 5411 841 5473 fuisset,
867 5409 1038 5462 Verbo
1054 5425 1207 5462 veneo
1236 5408 1373 5475 apud
1396 5410 1652 5462 Hilarium
1680 5411 1859 5466 inesse

259 5484 370 5538 vim
400 5482 648 5540 artivam.
671 5481 1060 5534 Jlltllﬂlslllllelll
1097 5495 1199 5533 non
1225 5480 1387 5534 fuisse
1413 5478 1669 5550 Spiritum
1697 5495 1856 5535 sauc-

261 5564 376 5617 tum
413 5551 496 5622 hic
524 5554 718 5606 dicitur
745 5553 894 5622 juxta
922 5551 1200 5612 Joannem,
1237 5566 1329 5610 vtt.
1363 5552 1450 5605 50.

337 5624 415 5695 (b)
449 5621 507 5676 In
555 5639 648 5676 sex
705 5638 834 5684 mss.
880 5625 1228 5695 generationes
1255 5623 1493 5695 parvula:
1522 5623 1862 5692 lactentesqtte

263 5692 368 5756 sint
394 5692 784 5763 prwdicatarw:
829 5696 1008 5746 minus
1051 5694 1203 5766 bene.
1237 5693 1373 5757 Quid
1403 5692 1510 5766 sibi
1549 5695 1689 5766 veliti
1712 5711 1860 5766 rcge-

268 5762 552 5821 ncrationis
579 5765 925 5829 vocabulum,
953 5764 1274 5834 explicatur,
1304 5778 1425 5832 cap.
1452 5762 1545 5831 ΞΟ,
1581 5783 1632 5818 n.
1664 5765 1718 5820 4.

1961 4607 2186 4652 crateras
2215 4591 2629 4650 resurrectionis
2658 4589 2825 4661 gloria
2871 4597 2926 4644 et
2971 4600 3212 4660 tempore
3251 4591 3550 4646 anteibunt.

1969 4688 2034 4740 Et
2079 4685 2292 4753 quidem
2327 4678 2437 4754 jam
2470 4682 2522 4736 in
2545 4680 2768 4734 exordio
2807 4677 3034 4736 Genesis
3063 4681 3164 4755 (ut,
3191 4678 3267 4749 7),
3299 4679 3350 4734 in
3397 4680 3556 4751 hujus

1964 4784 2041 4836 rei
2073 4778 2324 4844 formam,
2360 4775 2618 4845 pudorem
2645 4787 2801 4828 suntn
2849 4770 3018 4826 Adam
3071 4782 3232 4842 atque
3261 4772 3370 4828 Eva
3400 4774 3559 4841 hujus

1965 4871 2173 4927 arboris
2211 4867 2356 4924 foliis
2406 4872 2651 4922 texerunt
2675 4905 2690 4929 ,
2732 4878 2852 4918 cum
2883 4879 2943 4918 se
2983 4863 3128 4932 ipsos
3156 4864 3222 4918 ad
3265 4865 3556 4920 adventum

1970 4962 2428 5022 Dominivocantis
2453 4958 2762 5013 occulerent
2796 4975 2809 5011 :
2833 4957 2955 5026 quia
2983 4956 3260 5028 Synagoga
3278 4957 3512 5016 infidelis
3537 5000 3554 5026 ,

1968 5069 2022 5116 et
2051 5058 2184 5130 legis
2215 5056 2461 5111 mandata
2494 5048 2913 5121 transgrediens,
2942 5048 3290 5120 impudentia:
3317 5068 3429 5119 sua:
3456 5052 3558 5108 foe-

2032 5197 2103 5270 (c)
2138 5195 2244 5251 Sic.
2268 5191 2423 5270 Bai,
2467 5190 2556 5244 Er.
2589 5193 2644 5240 et
2682 5183 2829 5252 Lips.
2863 5185 3197 5270 bleindoscﬁin
3240 5205 3368 5270 mss.
3395 5190 3550 5248 Colb.

1962 5281 2015 5327 et
2034 5258 2216 5328 Carm,
2243 5265 2391 5320 etiam
2435 5273 2759 5315 numerorum
2782 5258 3076 5314 cwlestium.
3109 5259 3349 5318 Pessime
3375 5271 3554 5313 autem

1963 5343 2014 5396 iu
2050 5341 2315 5407 plerisque
2347 5335 2497 5407 aliisl
2543 5330 2698 5407 etiam
2724 5345 2964 5384 numerus
2989 5335 3550 5407 cwlestiaiu‘ordinant.

1961 5401 2068 5468 Nec
2093 5401 2285 5464 melius
2303 5406 2439 5476 apud
2468 5404 2612 5467 Par.,
2633 5405 2785 5455 etiam
2817 5417 3077 5455 munerum
3091 5403 3363 5462 caslestittm
3406 5401 3554 5456 ordo.

2043 5503 2121 5576 (ά)
2151 5501 2409 5576 Bonitatis
2446 5499 2536 5553 Dei
2567 5505 2938 5576 arguttleutum
2971 5495 3138 5551 fusius
3177 5502 3558 5564 pertractatum

1966 5565 2168 5633 videsis
2193 5575 2248 5630 in
2277 5574 2418 5633 Psal.
2451 5585 2627 5635 θεων,
2657 5583 2710 5622 ιι.
2732 5565 2785 5624 9.

2040 5667 2111 5737 (θ)
2131 5668 2248 5720 Par.
2267 5666 2351 5719 ubi
2372 5666 2422 5730 in
2440 5663 2748 5737 contumacis
2765 5665 2978 5737 formant
2998 5656 3567 5737 seueritatisconstitue‘

1968 5727 2074 5805 bal,
2096 5727 2289 5808 futura:
2300 5727 2715 5807 spebiemdanmo
2738 5727 2932 5782 arboris
2947 5727 3234 5796 judicavit:
3253 5727 3571 5798 depravata.

3407 225 3543 292 l038
3627 241 3636 248 ·
