3974 6198
468 298 491 352 1
502 294 606 352 039

1683 287 1929 346 SSNCTI
1971 287 2223 345 lllLARll
2265 287 2568 347 EPISCOPI

3627 280 3766 338 1010

470 411 701 474 ditates,
752 415 807 462 et
864 405 1249 478 turpitudinum
1291 403 1662 460 confusionem
1713 403 2060 459 infructuosis
2089 406 2135 466 Α
2167 405 2280 476 ipsa
2310 404 2707 459 Pharisaeorum
2750 400 3035 472 responsio
3065 399 3191 470 quid
3231 396 3486 454 momenti
3518 395 3718 451 haheat
3748 435 3762 460 ,

473 512 617 557 esset
643 500 928 555 verborum
954 499 1267 553 velamentis
1296 507 1564 568 tamquam
1601 498 1733 552 ficus
1771 497 1910 552 foliis
1933 513 2064 551 con-

475 602 702 648 tectura.
731 591 907 660 Atque
945 591 1063 644 hinc
1099 589 1317 659 quidem
1347 590 1414 646 de
1438 601 1625 644 natura
1655 589 1864 644 arboris
1911 589 2068 656 hujus

476 685 758 754 interiecta
789 695 950 748 sunt,
982 692 1039 737 nt
1064 683 1482 752 comparationis
1522 684 1820 754 proprietas
1843 681 2068 751 intelligi

478 785 687 848 posset.
718 775 977 847 Reliquus
1016 776 1197 848 itaque
1222 786 1496 848 gestorum
1529 776 1662 832 ordo
1699 784 1783 833 est
1809 786 2073 832 contuen-

473 873 594 928 dus.

548 964 636 1020 10.
674 963 1059 1018 Pharisazorum
1114 964 1176 1017 de
1217 963 1438 1018 Joannis
1469 963 1721 1032 baptismo
1768 976 2074 1033 responsum

471 1058 560 1128 qui
582 1073 774 1112 verum.
805 1085 877 1098 —
897 1055 1154 1112 Pharisaei
1184 1057 1349 1111 multa
1391 1056 1590 1112 exinde
1620 1055 1869 1112 viderant
1891 1052 1968 1127 (a)
1996 1049 2086 1110 in?

473 1151 723 1222 gentibus
771 1151 942 1221 magis
985 1149 1146 1221 digna
1187 1148 1495 1205 miraculis:
1531 1148 1624 1206 sed
1664 1164 1808 1204 nunc
1843 1146 2078 1203 maxime

474 1243 692 1300 solliciti
721 1251 867 1310 sunt,
900 1252 957 1300 et
1002 1245 1366 1313 interrogant,
1423 1242 1476 1298 in
1505 1258 1608 1313 qua
1634 1242 1753 1298 haec
1782 1241 1939 1297 faciat
1975 1255 2076 1310 po-

476 1342 669 1392 testate
703 1333 939 1406 (Mauh.,
973 1351 1083 1402 χχι,
1113 1333 1234 1406 25).
1261 1335 1366 1389 Res
1394 1335 1561 1399 enim,
1603 1336 1703 1390 sub
1731 1333 2076 1404 praesentium

474 1437 751 1500 gestorum
805 1427 1121 1493 effectibus,
1164 1427 1354 1496 ingens
1405 1426 1708 1481 futurorum
1756 1426 2081 1496 complecte-

475 1523 634 1578 batur
663 1536 940 1577 arcanum.
974 1520 1148 1591 Atque
1196 1521 1397 1575 idcirco
1446 1536 1510 1576 ex
1553 1535 1618 1575 eo
1657 1519 1968 1591 specialiter
1995 1518 2080 1573 in-

478 1613 789 1684 terrogandi
820 1613 1091 1684 reperitur
1122 1611 1427 1678 instinctus,
1464 1613 1565 1666 sub
1599 1627 1704 1682 quo
1746 1613 1908 1668 totius
1935 1611 2080 1681 peri-

480 1705 591 1759 culi
644 1703 1011 1774 prarformatio
1054 1703 1446 1774 proferebatur.
1492 1703 1750 1759 Dominus
1789 1702 2083 1772 respondet

2172 497 2520 567 quaerendum
2555 504 2655 551 est.
2692 495 2883 550 Dicunt
2913 494 3176 549 voluntati
3206 493 3369 566 776
3395 492 3467 563 (ε)
3490 491 3765 562 iuniorem

2177 591 2448 646 obedisse.
2484 590 2595 645 lloc
2624 606 2803 645 rerum
2830 589 2968 645 ratio
2998 603 3101 644 non
3135 589 3370 658 patitur,
3420 594 3480 640 ut
3515 583 3767 639 simulata

2179 682 2443 751 professio
2470 681 2718 736 meritum
2736 680 2983 750 perfecta:
3007 678 3245 734 veritatis
3271 676 3542 741 obtineat;
3573 685 3634 730 ut
3657 675 3768 745 plus

2174 777 2244 831 sit
2263 776 2516 840 fefellisse
2547 775 2923 845 Spondentem,
2951 789 3108 844 quam
3139 770 3432 843 perfecisse
3456 771 3646 826 omnia
3669 783 3767 823 non

2179 867 2544 938 pollicentem.
2597 866 2730 934 Quis
2785 875 2963 921 autem
3017 880 3124 920 non
3173 863 3325 918 malit
3373 862 3558 932 negari
3591 861 3694 916 sibi
3720 859 3770 915 id

2176 958 2316 1027 quod
2349 969 2554 1029 poscat,
2579 957 2871 1013 dummodo
2900 957 2951 1011 id
2977 957 3120 1028 quod
3145 955 3451 1026 poposcerit
3475 954 3593 1016 fiat,
3617 968 3770 1024 quam

2177 1067 2282 1107 non
2317 1051 2431 1106 fieri
2461 1050 2602 1122 quod
2630 1049 2960 1122 spondeatur
3001 1061 3058 1105 ut
3081 1049 3205 1114 fiat;
3235 1064 3355 1104 cum
3398 1046 3524 1102 facti
3553 1045 3772 1102 effectus

2178 1162 2243 1202 ex
2279 1145 2657 1215 deSperatione
2699 1146 2768 1200 sit
2821 1143 3058 1214 gratior,
3117 1156 3244 1212 spes
3297 1150 3477 1196 autem
3522 1139 3772 1194 destituta

2181 1239 2304 1308 plus
2340 1238 2563 1293 doleat?
2587 1237 2701 1292 Nisi
2731 1237 2864 1292 forte
2887 1236 3221 1307 poscentium
3245 1235 3495 1290 voluntas
3527 1233 3646 1288 sola
3677 1231 3770 1286 sibi

2179 1329 2486 1384 adulatione
2514 1328 2890 1400 spondeutium
2928 1327 3255 1384 blandiatur.

2254 1423 2342 1477 15.
2375 1421 2544 1477 Filius
2573 1423 2734 1494 prior,
2775 1423 2860 1492 qui
2906 1439 2968 1476 ea:
3002 1421 3287 1477 Pharisreis
3326 1420 3673 1475 crediderunt.
3700 1449 3767 1485 -_-

2181 1514 2596 1571 ltecordandum
2629 1515 2789 1587 igitur
2817 1526 2921 1582 eSl,
2958 1515 3382 1588 propositionem
3411 1515 3771 1586 comparatio-

2184 1607 2268 1663 nis
2298 1609 2453 1663 istius
2488 1625 2554 1663 ex
2597 1623 2663 1664 eo
2694 1623 2943 1664 sermone
2982 1608 3349 1677 descendere,
3383 1609 3473 1678 qui
3522 1609 3686 1664 initus
3712 1609 3776 1663 sit

2183 1699 2252 1756 de
2280 1699 2504 1768 Joanne,
2535 1712 2591 1756 ut
2623 1701 2955 1757 infidelitatis
2981 1701 3405 1768 cunctationem,
3433 1701 3514 1771 (ιι)
3545 1711 3602 1756 et
3627 1716 3690 1756 ex
3718 1714 3776 1756 ea

480 1796 748 1851 dicturum
791 1810 914 1851 esse
940 1812 999 1850 se
1047 1787 1101 1850 in
1150 1812 1252 1866 qua
1294 1797 1410 1851 lucc
1458 1797 1658 1851 faceret
1717 1805 2003 1866 poteState,
2033 1795 2079 1850 si
2111 1791 2160 1851 B
2188 1789 2391 1847 silentii
2433 1793 2810 1848 necessitatem
2857 1793 3159 1848 istiusmodi
3200 1794 3431 1862 positum
3473 1792 3776 1865 ohjurgaret

477 1886 641 1940 modo
679 1885 756 1940 illi
811 1885 1164 1956 interroganti
1213 1885 1318 1940 sibi
1365 1885 1811 1955 respondissent,
1857 1885 2083 1940 Joannis

480 1979 751 2049 baptisma
781 1988 959 2033 utrum
992 1977 1060 2032 de
1088 1977 1250 2042 cmlo,
1281 1988 1371 2032 aut
1401 1993 1469 2033 ex
1499 1979 1807 2033 hominibus
1830 1988 2085 2048 putarent

485 2086 608 2128 esse
659 2069 824 2142 (Ibid.
855 2068 972 2141 2-4).
1024 2070 1093 2124 At
1148 2069 1223 2124 illi
1269 2071 1638 2141 responsionis
1685 2086 1796 2126 sum
1845 2071 2085 2141 periculo

481 2171 822 2228 cunctantur,
867 2161 1163 2232 cogitantes
1189 2203 1204 2227 ,
1238 2161 1374 2218 side
1419 2163 1558 2218 etelo
1585 2163 1810 2233 professi
1859 2172 2080 2230 essent,

481 2254 826 2310 confessione
853 2269 948 2308 sua
975 2267 1033 2308 se
1067 2267 1188 2308 reos
1217 2252 1720 2324 deprehendendos,
1752 2270 1848 2309 cur
1877 2255 2078 2310 caeles-

489 2345 572 2402 tis'
602 2346 889 2401 testimonii
921 2346 1232 2400 auctoritati
1264 2361 1369 2400 non
1399 2345 1753 2402 credidissent
1786 2364 1799 2401 :
1829 2347 1872 2402 si
1895 2363 1961 2402 ex
1993 2349 2089 2401 ho-

492 2437 728 2493 minibus
773 2437 1074 2504 dixissent,
1122 2438 1305 2492 turbas
1339 2437 1680 2499 verebantur.
1716 2437 1895 2508 plures
1943 2438 2086 2493 enim

489 2528 810 2600 prophetam
837 2528 1100 2584 Joannem
1136 2529 1402 2584 habebant
1431 2529 1594 2600 (Ibid.
1625 2529 1739 2600 ‘26).
1777 2530 2090 2601 Responde-

485 2631 612 2678 runt
658 2621 838 2690 itaque
864 2663 878 2686 ,
923 2622 1132 2676 nescire
1161 2635 1220 2675 se
1265 2619 1434 2691 (Ibid.
1473 2621 1588 2692 27).
1639 2621 1756 2676 Non
1795 2622 1979 2692 utique
2022 2621 2090 2678 de

490 2715 631 2769 coelo
658 2714 1020 2778 nesciebant,
1053 2729 1174 2769 cum
1203 2715 1446 2769 convinci
1479 2701 1704 2770 veritate
1741 2715 2091 2785 professionis

487 2823 602 2862 sua:
629 2815 896 2862 metuunt.
946 2806 1051 2862 Sed
1102 2822 1286 2861 verum
1337 2806 1482 2862 dese
1510 2809 1670 2862 etiam
1717 2823 1838 2862 cum
1866 2806 2090 2863 fallendi

491 2903 770 2957 voluntate
810 2901 1083 2955 dixerunt.
1114 2899 1221 2954 Per
1251 2900 1620 2956 infidelitatem
1655 2901 1801 2957 enim
1827 2917 1977 2956 suam
2016 2905 2084 2955 de

489 2995 628 3051 cmlo
666 3009 787 3050 esse
812 2993 1036 3049 Joannis
1059 2993 1326 3065 baptisma
1358 2993 1684 3049 nescierunt.
1719 2995 1872 3062 Quod
1906 3005 2088 3050 autem

489 3101 560 3140 ex
585 3085 892 3170 hominibus
913 3095 1082 3154 esset,
1112 3084 1310 3141 ideirco
1334 3102 1440 3142 non
1468 3096 1756 3157 potuerunt
1777 3093 1941 3158 scire,
1963 3091 2090 3160 quia

495 3192 604 3231 non
634 3185 769 3231 crat.

566 3270 654 3324 11.
687 3268 987 3340 Difﬁcultas
1014 3270 1183 3340 prima
1211 3311 1226 3336 ,
1281 3272 1394 3341 quis
1425 3272 1562 3341 ﬁlius
1605 3272 1797 3339 senior,
1844 3275 1957 3344 quis
1998 3277 2094 3348 ju-

493 3365 628 3418 nior.
660 3393 730 3405 ——
756 3363 923 3418 Homo
953 3364 1163 3434 quidam
1191 3363 1404 3419 habebnt
1454 3365 1583 3420 duos
1614 3365 1770 3434 ﬁlios,
1804 3375 1858 3421 et
1885 3366 2092 3438 reliqua

496 3455 659 3528 (Ibid.
691 3456 804 3527 28).
839 3457 1004 3512 Multa
1039 3467 1092 3514 et
1113 3458 1294 3528 gravia
1324 3467 1481 3522 sunt,
1505 3472 1626 3528 qum
1653 3457 1985 3514 confundere
2014 3460 2094 3514 in-

484 3548 846 3618 telligentiam
886 3559 1135 3618 possunt,
1183 3547 1286 3603 nisi
1315 3548 1510 3617 prioris
1541 3559 1596 3604 et
1627 3550 1940 3619 posterioris
1971 3565 2096 3606 sen-

501 3655 595 3694 sus
619 3638 864 3694 ordiuem
896 3639 1250 3695 tenuerimus.
1301 3639 1430 3708 Quis
1473 3642 1616 3695 enim
1665 3641 1750 3695 hic
1799 3641 2096 3698 existimari

499 3729 700 3800 poterit
721 3727 862 3783 filius
891 3730 1098 3796 senior,
1129 3729 1222 3800 qui
1259 3732 1457 3784 iturum
1489 3745 1548 3785 se
1581 3729 1645 3784 ad
1692 3746 1827 3801 opus
1859 3747 2094 3804 negave-

499 3823 593 3887 rit,
627 3831 682 3876 et
731 3838 826 3891 per
859 3823 1229 3890 paenitentiam
1260 3825 1574 3878 emendatus
1604 3838 1669 3880 eo
1704 3841 1916 3880 rursum
1971 3841 2098 3896 pro-

501 3911 674 3966 fectus
696 3911 805 3964 sit?
836 3911 1034 3980 Atquin
1066 3913 1230 3966 Israel
1279 3929 1382 3966 non
1416 3915 1664 3981 paenituit
1686 3955 1702 3979 ,
1735 3915 1830 3968 sed
1880 3917 1933 3970 in
1988 3916 2094 3972 Do-

498 4004 705 4058 minum
734 4018 925 4058 manus
953 4002 1152 4068 intulit,
1183 4010 1238 4056 et
1262 4003 1579 4058 universitas
1600 4004 1718 4074 ejus
1745 4005 1911 4060 Deum
1939 4020 2094 4061 suum

499 4095 667 4166 impio
696 4110 790 4150 ore
837 4094 1123 4150 crucifixit.
1174 4094 1448 4150 Juniorem
1481 4104 1658 4151 autem
1708 4113 1868 4167 quem
1899 4099 2098 4154 sentie-

502 4204 644 4257 mus,
675 4189 764 4259 qui
797 4189 994 4243 iturum
1026 4204 1084 4244 se
1115 4189 1484 4259 Spoponderit,
1514 4200 1568 4245 et
1595 4206 1701 4246 non
1729 4191 1957 4247 abierit?
1987 4192 2096 4250 Sed

504 4281 747 4352 gentium
776 4291 1230 4352 peccatorumque
1273 4281 1423 4351 plebs
1454 4281 1507 4336 id
1535 4282 1677 4352 quod
1704 4284 1992 4355 spopondit
2020 4285 2099 4342 ef-

507 4373 652 4429 fecit.
711 4371 860 4427 Abiit
911 4372 1054 4428 enim
1081 4411 1098 4439 ,
1146 4382 1202 4427 et
1240 4372 1305 4426 ad
1344 4388 1482 4442 opus
1521 4374 1588 4428 ad
1615 4375 1757 4444 quod
1813 4373 2134 4435 vocabatur'

504 4479 722 4537 egressa
751 4472 864 4519 est:
884 4463 1155 4534 quomodo
1186 4478 1314 4535 ergo
1335 4464 1408 4537 (b)
1427 4481 1488 4521 ea
1521 4480 1642 4522 esse
1675 4482 1796 4538 qua:
1820 4483 1923 4524 non
1947 4469 2095 4538 abiit,

503 4557 811 4616 sentietur?

571 4651 658 4706 12.
685 4650 981 4721 Difﬁcultas
1003 4652 1186 4718 altera,
1212 4652 1300 4723 qui
1311 4651 1493 4723 junior
1519 4652 1777 4709 obediens.
1802 4685 1872 4696 ——-
1896 4656 2096 4714 Deinde

574 4767 652 4842 (a)
681 4767 914 4842 Verbum
943 4767 1140 4842 hocab
1184 4767 1409 4842 Erasmo
1447 4768 1497 4842 in
1529 4768 1637 4824 duo
1681 4768 1934 4837 divisum,
1966 4782 2089 4841 puta

502 4844 558 4912 in
577 4840 826 4911 gentibus,
871 4843 948 4895 sic
975 4840 1232 4912 deinceps
1260 4841 1539 4912 obtinuit,
1571 4855 1634 4894 ac
1663 4849 1920 4909 praeterea
1953 4840 2093 4912 apud

504 4911 629 4966 Par.
676 4912 921 4966 miraculo
950 4926 1047 4980 pro
1077 4911 1338 4964 miraculis
1375 4911 1722 4965 substitutum
1765 4922 1864 4968 est.
1892 4913 2093 4969 Obser-

505 4996 632 5036 vare
673 4993 753 5038 est
804 4981 1111 5036 miraculum
1145 4981 1347 5036 Hilario
1390 4980 1640 5036 usitatum
1673 4997 1793 5037 esse
1832 5001 1928 5053 pro
1973 4995 2094 5039 actu

503 5053 804 5108 admirandi
833 5095 848 5118 ,
880 5062 1134 5108 ctcontra
1161 5053 1549 5106 admirotidnem
1582 5069 1676 5122 pro
1717 5068 1775 5108 re
1801 5055 2051 5110 mirabili.

582 5122 656 5194 (b)
695 5123 913 5196 Aliquot
944 5138 1070 5176 mss.
1115 5124 1312 5196 coisse,
1339 5139 1453 5196 qua:
1482 5140 1582 5178 non
1608 5124 1730 5177 abiit
1760 5141 1779 5178 :
1803 5141 1874 5181 ex
1904 5127 2098 5196 quibus

504 5193 656 5266 Ρξιν..
689 5211 746 5248 eo
768 5195 887 5266 isse,
917 5210 1015 5266 quo
1043 5209 1144 5246 non
1169 5195 1312 5248 abiit.
1337 5194 1677 5265 Castigantur
1700 5212 1764 5250 ex
1790 5193 1947 5266 Badf,
1978 5198 2093 5266 Er.,

507 5262 655 5334 Lips.
687 5273 742 5320 et
774 5262 1072 5333 potioribus
1096 5280 1226 5320 mss.

575 5335 650 5406 (ε)
679 5335 982 5406 Pharisaeos
1012 5334 1114 5389 hoc
1151 5336 1219 5391 de
1258 5337 1471 5392 seniore
1512 5351 1830 5406 responsum
1874 5337 2095 5396 dedisse

499 5404 646 5461 nunc
685 5404 932 5476 legimus.
967 5406 1038 5460 At
1081 5421 1187 5460 non
1237 5407 1421 5462 llilarii
1454 5404 1638 5473 modo,
1672 5408 1767 5462 sed
1809 5420 1864 5462 et
1903 5409 2094 5466 lliero-

502 5477 650 5548 nymi
695 5475 1024 5545 temporibus
1050 5479 1262 5547 vulgata
1288 5485 1404 5531 erat
1439 5479 1617 5544 lectio,
1653 5479 1965 5548 eosjnniori
1997 5498 2093 5538 seu

497 5547 790 5603 novissimo
819 5547 1139 5603 obedientiie
1169 5548 1398 5617 palmam
1437 5548 1668 5603 dedisse.
1715 5547 1862 5604 lllam
1901 5561 2080 5608 tamen

497 5618 569 5671 ita
614 5619 803 5700 recipit
832 5617 1406 5700 Hieronymumeique
1446 5619 1944 5700 interpretationem
1985 5639 2078 5680 ac-

495 5689 888 5758 commodatam
915 5689 1150 5758 subjicit,
1181 5697 1238 5743 ut
1261 5701 1316 5744 et
1342 5689 1648 5752 admoneat,
1678 5691 1733 5744 in
1758 5693 1889 5747 veris
1910 5711 2081 5750 exem-

499 5757 728 5828 plaribus
757 5775 856 5814 nou
878 5757 1050 5814 haberi
1078 5760 1422 5831 nouissimum,
1443 5760 1534 5816 sed
1560 5761 1800 5832 primum.

2186 1885 2516 1953 exemplum.
2560 1884 2666 1940 Sed
2706 1885 2845 1940 sicut
2880 1885 2932 1938 in
2979 1886 3194 1941 caeteris
3241 1885 3648 1951 admonuimus,
3691 1886 3769 1940 hic

2186 1991 2401 2047 quoque
2431 1977 2741 2034 meminisse
2783 1993 2879 2032 nos
2908 1987 3144 2048 oportet,
3189 1978 3381 2033 rationi
3427 1995 3612 2034 rerum
3646 1993 3775 2048 pra:-

2187 2069 2422 2124 sentium
2470 2069 2670 2141 aliquid
2716 2069 2983 2126 interdum
3023 2085 3084 2125 ea
3117 2069 3426 2125 conditione
3465 2070 3679 2148 deesse,
3716 2079 3766 2124 ut

2188 2159 2489 2216 futurorum
2535 2162 2746 2232 species
2785 2165 2903 2217 sine
2930 2161 3127 2216 damno
3156 2162 3336 2232 aliquo
3369 2161 3441 2234 (ε)
3471 2162 3773 2233 praefigura-

2187 2261 2256 2307 ιω
2294 2252 2596 2308 efficientia:
2635 2253 2937 2325 expleatur.
2976 2253 3188 2309 Primus
3219 2262 3303 2309 est
3335 2253 3500 2320 ﬁlius,
3549 2255 3770 2324 pepulus

2189 2359 2254 2400 ex
2284 2344 2571 2400 Phariszcis
2600 2344 2650 2400 in
2682 2361 2919 2416 przesens
2955 2361 2984 2400 a
3016 2347 3124 2402 Deo
3161 2361 3256 2416 per
3292 2345 3515 2400 Joannis
3546 2345 3774 2417 prophe-

2192 2436 2318 2490 tiam
2349 2447 2404 2490 ut
2435 2438 2720 2507 prrcceptis
2749 2428 2859 2492 suis
2898 2438 3299 2509 obtemperaret
3325 2436 3652 2494 admonitus.
3680 2437 3770 2493 Hic

2192 2530 2431 2586 insolens
2472 2542 2526 2586 et
2555 2531 2870 2586 inobcdicns
2912 2541 2967 2586 et
2994 2531 3150 2586 dictis
3191 2531 3552 2602 prresentibns
3591 2540 3771 2586 contu-

2193 2640 2315 2678 max
2358 2625 2475 2690 fuit,
2518 2624 2719 2678 habens
2763 2624 2815 2678 iu
2861 2623 2978 2695 lege
3021 2623 3294 2692 fiduciam,
3325 2633 3380 2679 et
3408 2624 3767 2695 paenitentiam

2193 2727 2536 2785 peccatorum
2563 2715 2731 2786 gloria
2773 2717 3141 2786 prazrogativa:
3167 2732 3233 2771 ex
3271 2717 3545 2772 Abraham
3585 2714 3768 2772 nobili-

2196 2807 2319 2862 tatis
2361 2806 2692 2875 adspernans
2736 2824 2749 2861 :
2788 2808 2877 2878 qui
2926 2807 3182 2878 deinceps
3229 2823 3456 2878 operum
3512 2807 3769 2864 miraculis

2199 2911 2320 2970 post
2359 2899 2566 2954 Domini
2599 2900 3053 2955 resurreCtionem
3086 2900 3356 2970 paenitens
3389 2902 3490 2956 sub
3529 2899 3776 2972 apostolis

2195 2991 2445 3057 credidit,
2481 2991 2605 3046 facti
2633 2992 2736 3046 fide
2767 2992 2854 3072 ad.
2872 2993 3201 3048 voluntatem
3233 2994 3565 3062 evangelica:
3589 3007 3772 3063 opera-

2197 3083 2358 3139 tionis
2388 3098 2686 3154 regressus,
2719 3084 3006 3140 anterioris
3045 3084 3349 3140 insolentia:
3375 3085 3588 3156 culpam
3618 3081 3774 3156 paeni-

2117 3181 2163 3245 ρ
2198 3177 2360 3233 tendo
2387 3175 2669 3232 confessus
2697 3186 2799 3232 est.

2270 3271 2356 3324 14.
2389 3268 2560 3324 Filius
2582 3270 2784 3342 junior,
2820 3263 3080 3340 publicani
3108 3279 3154 3326 et
3181 3281 3491 3342 peccatores.
3520 3299 3590 3312 --
3615 3269 3768 3326 Filius

2196 3372 2375 3418 autem
2401 3363 2598 3431 minor,
2625 3364 2777 3434 plebs
2798 3373 2881 3419 est
2910 3365 3318 3436 publicanorum
3346 3374 3402 3422 et
3425 3374 3772 3437 peccatorum,

2197 3455 2310 3524 ipsa
2371 3453 2572 3524 peccati
2625 3453 2677 3508 in
2726 3470 2833 3525 qua
2881 3464 2993 3509 tum
3045 3455 3433 3511 demorabatur
3486 3455 3774 3512 conditione

2199 3547 2481 3618 posterior,
2501 3546 2587 3600 cui
2611 3557 2940 3617 praeceptum
2964 3547 3033 3602 sit
3055 3563 3149 3618 per
3168 3547 3431 3603 Joannem
3457 3558 3555 3602 uta
3581 3547 3773 3604 Christo

2197 3646 2536 3708 exspectaret
2564 3638 2830 3706 salutem,
2863 3638 2936 3712 (ι’)
2966 3648 3019 3694 et
3053 3639 3120 3694 ab
3146 3653 3210 3695 eo
3243 3639 3513 3709 baptizata
3543 3635 3772 3695 credide-

2197 3734 2286 3788 rit.
2319 3732 2424 3787 Sed
2450 3730 2594 3802 quod
2623 3732 2716 3798 ait,
2750 3732 3108 3802 spopondisse
3136 3747 3254 3789 eam
3281 3733 3476 3788 ituram
3500 3748 3581 3801 se,
3608 3741 3774 3788 etnon

2201 3824 2346 3888 isse;
2397 3822 2632 3877 ostendit
2674 3822 2970 3879 credidisse
3019 3840 3136 3880 eam
3182 3824 3398 3894 quidem
3443 3825 3658 3892 Joanni,
3696 3821 3774 3879 sed

2199 3915 2322 3986 quia
2363 3917 2730 3986 evangelicum
2773 3915 3020 3987 accipere
3055 3916 3356 3972 doetrinam
3389 3934 3496 3973 non
3539 3918 3639 3974 nisi
3667 3923 3772 3988 post

2200 4009 2506 4078 passionem
2551 4008 2761 4062 Domini
2805 4023 2903 4080 per
2944 4008 3220 4080 apostolos
3266 4009 3441 4078 potuit
3482 4011 3617 4081 (tum
3652 4008 3776 4064 enim

2199 4108 2357 4155 erant
2396 4099 2646 4155 humana:
2700 4100 2894 4156 salutis
2926 4110 3263 4156 sacramenta
3297 4101 3656 4173 peragenda);
3685 4113 3774 4156 non

2203 4179 2312 4248 isse
2353 4208 2471 4248 eam
2516 4192 2800 4263 significat.
2851 4192 3092 4265 Denique
3132 4210 3238 4249 non
3281 4195 3357 4248 ait
3401 4194 3661 4261 noluisse,
3691 4190 3772 4249 sed

2203 4302 2308 4341 non
2335 4287 2533 4342 abisse.
2575 4286 2683 4342 Res
2726 4297 2876 4343 extra
2909 4287 3120 4358 culpam
3155 4286 3491 4343 infidelitatis
3520 4299 3634 4354 est,
3660 4286 3768 4358 quia

2207 4383 2260 4437 in
2292 4381 2420 4438 facti
2448 4391 2563 4438 erat
2591 4381 2904 4438 difficultate
2933 4399 2998 4436 nc
3040 4383 3211 4437 ﬁeret.
3243 4381 3359 4437 Non
3395 4383 3558 4453 igitur
3584 4383 3659 4438 ire
3680 4390 3774 4435 su-

2205 4474 2298 4529 tim
2335 4473 2400 4528 ad
2443 4489 2578 4544 Opus
2609 4474 2751 4544 quod
2793 4483 3118 4545 praeceptum
3156 4481 3241 4530 est
3281 4474 3494 4540 noluit;
3537 4473 3626 4530 sed
3663 4472 3770 4540 quia

2125 4569 2180 4631 D
2207 4569 2366 4643 777
2397 4569 2475 4623 ire
2505 4565 2582 4640 (g)
2608 4583 2715 4622 non
2748 4577 2975 4638 poterat,
3008 4583 3114 4623 non
3145 4569 3222 4622 iit.
3251 4567 3308 4622 lu
3335 4582 3402 4623 eo
3432 4567 3576 4622 enim
3606 4579 3774 4622 neces-

2204 4662 2378 4716 sitatis
2407 4676 2558 4716 mora
2584 4662 2701 4716 sine
2731 4661 2956 4717 crimine
2987 4661 3273 4716 voluntatis
3295 4659 3622 4716 ostenditur.

2272 4775 2350 4848 (d)
2377 4776 2498 4830 Par.
2531 4785 2807 4848 expuncta
2822 4777 3078 4844 particula
3102 4786 3171 4842 et,
3200 4791 3320 4848 cum
3348 4774 3470 4848 aliis
3492 4773 3644 4829 editis
3661 4769 3774 4827 sub-

2195 4846 2434 4918 jiciebat,
2470 4864 2532 4902 ea:
2552 4864 2608 4902 ea
2638 4847 2830 4918 silentii
2857 4849 3172 4918 necessitate.
3210 4847 3426 4901 Rectius
3455 4846 3517 4918 in;
3536 4860 3657 4918 mss.
3688 4857 3768 4896 ne-

2200 4916 2504 4983 cessitatem,
2539 4927 2664 4989 puta
2691 4917 2886 4972 silendi
2919 4919 3058 4973 unde
3083 4917 3303 4973 Joannis
3332 4924 3480 4971 esset
3507 4916 3769 4989 baptisma.

2275 4990 2349 5058 (ε)
2388 4985 2608 5044 Carnut.
2640 5003 2740 5042 ms.
2787 5005 2909 5043 cum
2945 4990 3095 5045 Colb.
3131 4989 3465 5059 praeﬁgurata
3507 4985 3768 5057 efficientia.

2203 5060 2484 5117 Mallcmus
2514 5059 2894 5131 prwﬁguranlis
2925 5061 3221 5131 efﬁcientia.

2279 5133 2347 5204 (Γ)
2377 5123 2854 5204 Wst-particulam
2887 5143 2932 5186 et
2950 5123 3208 5188 'reticetur
3234 5146 3350 5200 qua
3371 5129 3621 5204 :_tumgab
3645 5143 3698 5183 eo
3716 5123 3774 5180 ad

2202 5201 2485 5265 Joannem.
2527 5201 2632 5257 non
2678 5201 2745 5255 ad
2787 5201 3058 5258 Christum
3099 5204 3352 5258 refertur.
3378 5202 3640 5268 Quocirca
3683 5212 3776 5253 non

2201 5276 2572 5343 recipiendum
2609 5271 2750 5342 quod
2790 5273 2841 5326 in
2873 5290 2973 5329 ms.
3010 5274 3286 5329 Vindocin.
3335 5281 3394 5328 ut
3435 5274 3488 5327 in
3523 5271 3716 5328 Turon.
3746 5282 3772 5321 a

2203 5346 2374 5417 prima
2407 5361 2588 5406 manu,
2613 5352 2657 5398 et
2686 5344 2748 5396 ab
2771 5360 2828 5398 eo
2855 5343 3401 5417 baptizatatcrederet.

2275 5417 2348 5488 (g)
2381 5417 2662 5492 Dadacum
2693 5429 2822 5469 mss.
2852 5417 3006 5492 Colb.
3043 5415 3309 5492 et_(_1arn.,
3339 5417 3408 5492 iri
3444 5431 3547 5492 non
3577 5417 3770 5492 pomi-af:

2199 5480 2368 5542 To't'u's
2398 5489 2490 5542 ille
2522 5487 2695 5551 locus,
2731 5503 2796 5540 ne
2825 5488 2910 5542 cui
2933 5489 3146 5543 errandi
3177 5488 3394 5542 occasio
3426 5488 3518 5548 sit.
3550 5480 3771 5540 nonnihil

2210 5568 2294 5612 est
2333 5558 2739 5628 expendendos.
2771 5557 2887 5613 Non
2916 5562 3056 5616 enim
3100 5560 3185 5612 hie
3225 5568 3385 5628 negat
3425 5557 3653 5612 Hilarius
3692 5567 3772 5628 po—

2191 5625 2439 5684 testatem
2473 5630 2793 5693 absolutam,
2821 5632 2914 5684 sed
2947 5647 3014 5686 ex
3039 5625 3373 5692 conditione,
3400 5643 3507 5699 qua
3535 5629 3671 5699 Deus
3691 5625 3770 5678 de-

2187 5712 2456 5767 creverat,
2485 5709 2542 5755 ut
2573 5699 2706 5755 fides
2734 5702 2981 5770 gentibus
3003 5718 3108 5758 non
3139 5698 3529 5770 praedicaretur
3551 5698 3648 5752 nisi
3667 5700 3770 5770 post

2191 5763 2497 5842 passionem
2528 5763 2763 5846 Domini:
2791 5771 2910 5839 Quo
2937 5763 3151 5844 spectat
3172 5771 3304 5829 illud
3326 5771 3503 5840 Pauli,
3527 5763 3764 5840 Quomodo
