3974 6198
257 326 396 383 1041

1157 332 1700 397 COMMENTARIUS
1731 339 1797 396 IN
1834 340 2268 406 MATTHIEUM.
2310 346 2464 405 CAP.
2508 350 2672 408 XXII.

3414 366 3556 422 ΜΗ

473 442 828 550 [iiquamodo
857 447 1163 550 obedien-tes.
1192 480 1263 492 —
1290 452 1357 507 Et
1399 453 1451 507 in
1498 457 1849 526 responsione
1874 458 2154 521 AChristi
2190 465 2456 535 speculari
2495 477 2679 539 posset
2718 469 3003 529 adventus.
3044 474 3103 531 In
3141 477 3349 534 colonis
3384 496 3549 550 vero,

248 535 473 642 quidem
502 534 899 642 Pharisaeorum
924 539 1170 642 quadam
1193 552 1277 598 est
1302 544 1601 642 necessitas
1621 548 1856 617 prophe—
1956 534 2259 626 principum
2287 534 2630 616 sacerdotum
2667 570 2724 618 et
2757 563 3152 623 Pharismorum
3188 580 3274 625 est
3314 534 3548 642 species:

247 629 359 683 tite.
388 626 527 683 Nam
560 627 717 683 inviti
745 629 901 695 licet,
937 631 1267 688 confitentur
1295 635 1419 704 quis
1449 636 1743 693 obsecutus
1783 640 1853 694 sit

245 719 541 787 voluntati,
564 720 748 791 junior
773 724 983 780 scilicet
1012 725 1174 791 filius,
1202 727 1463 784 obediens
1494 732 1848 800 professione,

1956 646 2150 717 quibus
2182 648 2233 703 in
2263 650 2473 720 plebem
2498 661 2735 722 potestas
2761 648 2846 713 est
2870 656 2949 730 (ά)
2975 660 3236 729 permissa
3250 649 3544 721 doctrinae.

2024 739 2080 794 2.
2115 739 2263 797 Servi
2284 743 2446 798 missi.
2479 744 2651 801 Filius
2686 751 2902 804 occisus.
2932 751 3154 809 Sceleris
3179 771 3314 824 spes.
3347 755 3551 812 Patris-

242 813 379 916 {icet
407 829 518 916 non
543 814 787 872 efficiens
816 817 871 872 in’
900 827 1181 889 tempore;
1211 816 1336 892 q'uia
1380 823 1516 879 fides
1537 824 1656 881 sola
1691 826 1852 897 justi-
1954 831 2182 902 familias
2219 835 2433 892 reditus.
2472 835 2633 906 Lapis
2672 841 2958 913 angularis.
2992 873 3063 884 —
3087 843 3146 900 In
3189 813 3365 904 servis
3391 864 3544 916 vero,

241 907 393 964 ﬂeat.
428 908 607 979 Atque
652 909 774 975 ideo
818 912 1084 982 publicani
1127 924 1182 967 et
1224 916 1539 972 meretrices
1586 918 1637 972 in
1685 935 1850 989 regno

240 1010 403 1057 erunt
432 1001 641 1071 priores
667 1000 833 1074 (Ibid.
862 1004 943 1076 ⁸5).
969 1006 1091 1075 quia
1111 1005 1303 1061 Joanni
1335 1007 1685 1076 crediderint,
1712 1023 1767 1067 et
1795 1014 1846 1068 in

238 1092 623 1150 remissionem
665 1104 1009 1165 peccatorum
1053 1098 1307 1169 baptizati
1352 1098 1431 1173 (a)
1472 1102 1524 1157 in
1553 1102 1844 1160 adventum

243 1186 454 1242 Christi
499 1186 733 1243 confessi
764 1189 895 1253 sint,
927 1194 1268 1246 curationum
1294 1206 1459 1262 Opera
1488 1194 1846 1262 laudaverint,

234 1290 647 1338 sacramentum
697 1282 966 1353 passionis
1002 1286 1332 1355 acceperint,
1361 1286 1613 1343 virtutem
1662 1304 1847 1346 resur-

232 1372 500 1429 rectionis
530 1374 868 1444 agnoverint.
899 1374 1179 1447 Principes
1205 1388 1383 1433 autem
1414 1380 1760 1437 sacerdotum
1791 1393 1848 1437 et

235 1468 500 1524 Pharisaei
528 1468 773 1525 videntes
798 1469 913 1526 haec
942 1470 1038 1544 (ὁ),
1071 1481 1126 1527 et
1148 1481 1582 1544 contemnentes,
1610 1477 1699 1548 qui
1724 1480 1844 1548 jus-

231 1559 422 1616 tiﬁcati
453 1575 551 1631 per
574 1558 737 1617 fidem
764 1577 869 1617 non
890 1572 1067 1630 erant,
1099 1580 1198 1620 nec
1229 1581 1323 1635 per
1348 1569 1719 1637 paenitentiam
1754 1585 1843 1626 re-

226 1655 406 1727 gressi
455 1663 587 1711 sunt
626 1655 694 1711 ad
736 1656 1007 1713 salutem:
1039 1667 1201 1731 atque
1245 1659 1367 1716 ideo
1410 1662 1462 1716 in
1507 1673 1827 1734 perpetuum

229 1747 443 1804 fructus
476 1762 666 1804 eorum
698 1750 800 1805 sub
834 1749 1217 1808 maledictione
1243 1767 1341 1821 ea,
1372 1769 1492 1825 qua:
1534 1755 1588 1811 in
1626 1757 1841 1814 arbore

227 1840 336 1897 ficu
367 1840 839 1913 prteformabatur,
869 1844 1087 1901 arescit.

814 1977 1044 2035 CAPUT
1080 1978 1249 2038 XXII.

225 2088 304 2145 De
340 2090 652 2145 vinitoribus
677 2090 766 2161 qui
804 2090 988 2145 missos
1014 2091 1083 2144 ad
1116 2107 1171 2146 se
1204 2090 1265 2145 ob
1306 2092 1605 2161 repetendos
1631 2093 1830 2163 fructus

293 2182 653 2252 interﬁciunt,
703 2182 768 2237 de
806 2183 1033 2238 invitatis
1073 2184 1377 2252 promiscuis
1421 2195 1468 2239 et
1516 2195 1648 2241 veste
1689 2203 1829 2257 nup-

293 2274 429 2330 tiali.

293 2390 345 2444 1.
375 2388 771 2461 Paterfamilias
828 2389 991 2446 Deus.
1029 2389 1222 2457 Vinea,
1257 2389 1535 2448 Israelitaz.
1574 2390 1829 2447 Torcula.

226 2482 328 2552 ria,
356 2485 644 2555 prophetas.
674 2513 745 2525 --
772 2484 945 2539 Aliam
971 2484 1272 2554 parabolam
1292 2486 1487 2541 audite.
1518 2485 1689 2541 Homo
1716 2498 1825 2542 erat

222 2576 602 2649 paterfamilias
631 2617 649 2641 ,
681 2588 729 2631 et
757 2577 1003 2650 plantavit
1032 2579 1262 2644 vincant,
1297 2587 1347 2633 et
1387 2595 1558 2648 sepem
1593 2580 1819 2634 circum-

220 2667 357 2722 dedit
384 2669 451 2734 ei,
480 2677 528 2722 et
555 2668 689 2733 [odit
716 2670 771 2723 in
795 2686 856 2723 ea
877 2668 1125 2736 torcular,
1148 2677 1195 2723 et
1223 2678 1413 2724 turrem
1434 2671 1731 2741 azdi/icauit,
1764 2682 1818 2729 et

218 2760 425 2832 reliqua
456 2759 626 2834 (Ibid.
667 2760 783 2833 '53).
825 2761 1065 2830 Quaestio
1100 2763 1279 2817 omnis
1321 2762 1374 2817 in
1422 2763 1674 2819 absoluto
1714 2774 1817 2820 est.

216 2852 348 2910 Nam
378 2856 547 2911 etiam
578 2855 682 2926 ipsi
712 2855 983 2925 principes
1011 2855 1357 2912 sacerdotum
1386 2866 1441 2911 et
1471 2856 1728 2913 Pharisaei
1752 2858 1820 2914 de

219 2961 278 3003 se
303 2947 408 3003 dici
450 2947 572 3003 btec
607 2948 991 3019 intelligentes,
1038 2949 1090 3002 in
1118 2947 1252 3002 iram
1293 2948 1507 3004 accensi
1534 2958 1680 3004 sunt.
1710 2951 1818 3007 Sed

220 3056 577 3113 personarum
606 3042 928 3113 proprietas,
957 3052 1012 3097 et
1041 3056 1222 3097 rerum
1247 3043 1674 3113 comparationes
1693 3053 1819 3100 sunt

219 3134 583 3205 proferendus.
641 3134 1088 3192 Patremfamilias
1119 3136 1206 3191 hic
1235 3143 1438 3206 patrem
1465 3136 1630 3193 Deum
1658 3137 1815 3193 intel-

1952 924 2043 993 qui
2079 924 2228 979 missi
2256 936 2382 981 sunt
2405 937 2465 983 ut
2502 930 2703 985 fructus
2743 932 3086 1004 perciperent
3118 935 3192 1009 (ᾗ
3213 937 3334 1011 54),
3367 941 3549 1010 varius

1952 1023 2007 1068 et
2032 1030 2174 1086 smpe
2204 1019 2466 1086 repetitus
2491 1035 2812 1092 progressus
2849 1032 2935 1080 est
2959 1027 3366 1096 prophetarum.
3397 1031 3547 1088 Missi

1950 1113 2131 1163 autem
2156 1123 2371 1166 rursum
2404 1110 2586 1181 plures
2623 1115 2893 1185 prioribus
2921 1118 2940 1188 (
2959 1118 2993 1188 ᾗ
3016 1117 3132 1192 56),
3167 1128 3377 1194 tempus
3409 1124 3543 1181 illud

1950 1206 2055 1263 est,
2097 1213 2203 1269 quo
2248 1211 2369 1270 post
2399 1201 2735 1273 singulorum
2781 1207 3242 1278 prtedicationem,
3283 1213 3547 1284 plurimus

1950 1286 2005 1341 in
2053 1304 2215 1343 mmm
2264 1291 2698 1362 prophetamium
2741 1312 2996 1354 numerus
3028 1302 3262 1358 emissus
3302 1312 3421 1371 est;
3454 1307 3546 1375 qui

1948 1381 2113 1438 variis
2143 1386 2476 1455 temporibus
2498 1387 2768 1445 verberati
2798 1399 2853 1445 et
2878 1390 3096 1463 lapidati
3125 1404 3181 1449 et
3201 1396 3369 1452 occisi
3387 1405 3539 1466 sunt,

1944 1472 2080 1531 fruct
2091 1491 2152 1530 us
2183 1477 2443 1533 institutae
2467 1480 2637 1550 plebis
2666 1482 2980 1556 edoctaeque
3002 1495 3328 1557 repetentes.
3352 1489 3409 1545 In
3430 1490 3543 1549 tilio

1946 1580 2076 1621 vero
2115 1567 2182 1622 ad
2225 1569 2471 1625 ultimum
2517 1574 2685 1629 misso
2713 1573 2785 1646 (ᾖ
2815 1574 2959 1648 57),
3005 1578 3217 1636 Domini
3264 1584 3433 1638 nostri
3483 1592 3541 1640 et

1944 1660 2207 1718 adventus
2250 1671 2306 1719 et
2346 1665 2528 1735 passio
2564 1676 2647 1722 est
2679 1685 2693 1722 :
2730 1669 2822 1740 qui
2863 1681 3012 1726 extra
3048 1672 3372 1743 Jerusalem,
3407 1686 3542 1733 tam-

1944 1768 2104 1824 quam
2144 1763 2296 1810 extra
2326 1756 2573 1824 vineam,
2606 1759 2659 1814 in
2692 1761 3016 1818 sententiam
3053 1764 3415 1823 damnationis
3440 1769 3540 1825 ab-

1864 1844 1913 1905 B
1933 1843 2112 1916 jectus
2141 1854 2243 1901 est.
2274 1844 2572 1903 Consilium
2614 1866 2746 1905 vero
2773 1853 3088 1909 colonorum
3122 1866 3176 1911 et
3203 1856 3541 1917 haaredilatis

1934 1939 2117 1992 occiso
2162 1937 2382 1996 haerede
2418 1943 2768 2012 prtesumptio
2805 1943 2878 2018 (ᾗ
2911 1945 3025 2018 58),
3070 1963 3196 2017 spes
3233 1951 3410 2007 inanis
3451 1963 3534 2011 est

1934 2030 2161 2101 gloriam
2222 2031 2378 2103 legis,
2433 2043 2715 2104 perempto
2764 2034 3012 2104 Christo,
3070 2054 3233 2109 posse
3285 2043 3530 2100 retineri.

1931 2122 1989 2178 In
2017 2123 2087 2196 (e)
2131 2123 2531 2193 patrisfamilias
2581 2126 2755 2183 reditu
2784 2128 3012 2201 (’40),
3060 2141 3304 2204 tempore
3338 2135 3527 2204 judicii

1932 2218 2112 2290 gloria
2139 2228 2224 2275 est
2268 2221 2320 2275 in
2363 2220 2503 2276 Filio
2543 2210 2788 2291 paternae
2820 2227 3116 2294 majestatis
3156 2227 3439 2286 assistens.
3473 2231 3532 2288 In

1930 2311 2294 2381 responsione
2330 2320 2508 2367 autem
2542 2312 2778 2382 ipsorum
2808 2315 3111 2385 principum
3142 2326 3198 2373 et
3236 2319 3533 2389 pharisaeu-

1930 2418 2074 2470 rnm,
2107 2403 2350 2460 redditur
2375 2404 2589 2475 dignius
2622 2406 2885 2475 apostolis
2914 2407 3046 2479 legis
3078 2408 3387 2466 haereditas.
3421 2411 3530 2470 Sed

1930 2492 2020 2550 hic
2051 2495 2192 2550 filius
2223 2494 2361 2565 lapis
2385 2504 2468 2550 est
2493 2496 2562 2550 ab
2586 2497 2978 2554 aedificantibus
3008 2499 3365 2569 improbatus,
3396 2513 3450 2559 et
3475 2506 3529 2560 in

1926 2587 2199 2657 fastigium
2229 2586 2504 2657 angularia
2530 2595 2765 2654 erectus,
2789 2596 2846 2645 et
2873 2589 2925 2644 in
2954 2590 3125 2646 oculis
3151 2594 3395 2649 omnium
3426 2596 3530 2650 mi-

1926 2678 2132 2742 rabilis,
2168 2688 2223 2735 et
2264 2681 2405 2735 inter
2433 2680 2603 2750 legem
2635 2689 2798 2751 atque
2827 2688 3019 2752 gentes
3044 2681 3231 2738 lateris
3256 2693 3313 2739 et
3356 2685 3529 2741 aedifi-

1926 2772 1999 2843 cii
2027 2773 2310 2844 utriusque
2337 2772 2665 2843 conjunctio.

2002 2866 2055 2921 '5.
2093 2863 2145 2919 Ν
2151 2865 2311 2934 uptiaz
2333 2863 2460 2935 quid
2494 2881 2514 2919 :
2542 2881 2634 2918 cur
2662 2881 2694 2918 a
2728 2863 2890 2920 Patre
2917 2870 3092 2938 factm.
3124 2896 3195 2907 -—
3228 2866 3414 2925 Simile
3452 2881 3526 2925 est

1931 2973 2148 3028 regnum
2177 2957 2425 3011 caelorum
2465 2957 2661 3010 homini
2699 2957 2840 3029 regi,
2880 2962 2970 3028 qui
3010 2956 3129 3026 fecit
3169 2959 3375 3030 nuptias
3412 2960 3524 3030 ﬁlio

1920 3064 2052 3115 suo,
2107 3057 2152 3103 et
2199 3048 2337 3101 misit
2385 3062 2554 3102 servos
2596 3064 2716 3102 suos
2768 3064 2948 3103 vocare
2994 3048 3233 3105 invitatos
3275 3052 3344 3104 ad
3391 3069 3526 3121 nup-

1919 3140 2041 3204 tias,
2077 3148 2183 3194 ete.
2219 3137 2437 3211 (Matth.
2469 3153 2604 3206 xxn,
2631 3138 2713 3208 2).
2747 3138 2816 3193 Et
2857 3138 2976 3195 haec
3009 3139 3225 3210 quidem
3256 3143 3519 3212 parabola

219 3228 430 3300 ligimus
455 3273 471 3299 ,
497 3230 588 3303 qui
618 3230 872 3302 pepulum
901 3229 1069 3286 Israel
1091 3230 1143 3285 in
1171 3239 1463 3300 proventus
1484 3231 1811 3302 optimorum
1837 3218 1883 3282 C
1917 3230 2291 3301 distinguenda
2311 3231 2761 3300 temporibusest,
2778 3239 2832 3287 et
2859 3232 3223 3302 dignoscenda
3247 3236 3518 3304 personis.

219 3320 486 3379 fructuum
519 3323 869 3394 plantaverit,
898 3324 1098 3394 quique
1133 3338 1228 3380 eos
1269 3323 1695 3380 sanctificatione
1722 3339 1815 3395 pa-

220 3417 360 3472 terni
387 3418 645 3484 nominis,
688 3417 743 3473 id
785 3426 899 3484 est,
932 3418 1215 3475 nobilitate
1238 3418 1469 3475 Abrahae
1502 3428 1557 3473 et
1580 3417 1731 3474 Isaac
1760 3427 1815 3474 et

225 3507 392 3565 Jacob
422 3510 564 3566 intra
594 3509 730 3566 fines
750 3525 901 3577 suos,
930 3520 1198 3581 tamquam
1224 3520 1381 3582 septo
1410 3511 1596 3582 aliquo
1625 3519 1811 3567 custo-

223 3600 323 3656 dite
344 3603 655 3673 peculiaris,
680 3602 987 3669 incluserit;
1013 3605 1309 3673 prophetas
1332 3618 1547 3674 quoque
1567 3602 1813 3674 quaedam

227 3696 377 3764 quasi
395 3694 683 3752 toreularia
698 3690 979 3766 aptaverit,
998 3694 1053 3751 in
1069 3710 1204 3767 quos
1221 3693 1296 3767 (ε)
1315 3696 1472 3750 musti
1491 3695 1652 3751 modo
1668 3712 1817 3767 qua:-

224 3784 344 3839 dam
371 3786 593 3843 ubertas
613 3788 783 3843 sancti
808 3785 1039 3856 Spiritus
1061 3785 1318 3842 ferventis
1339 3786 1504 3862 778
1524 3786 1773 3842 inﬂueret
1796 3806 1809 3842 :

226 3874 278 3929 in
307 3877 438 3933 turri
468 3886 651 3934 autem
681 3878 1027 3935 eminentiam
1064 3878 1197 3949 legis
1224 3871 1584 3946 exstruxerit,
1617 3893 1738 3947 qua:
1761 3889 1817 3935 et

224 3965 275 4022 in
324 3963 524 4025 ctialum
569 3984 640 4026 ex
684 3970 802 4027 solo
840 3985 1057 4042 egressa
1098 3969 1455 4041 proveheret,
1500 3979 1557 4026 et
1597 3986 1663 4026 ex
1709 3987 1813 4042 qua

221 4125 418 4198 credent
447 4129 493 4185 ei
520 4144 669 4198 quem
711 4144 814 4181 non
843 4126 1156 4181 audierunt?
1195 4125 1461 4195 Quomodo
1502 4136 1673 4181 autem
1709 4144 1805 4181 au-

222 4197 356 4272 dient
385 4199 494 4272 sine
531 4199 880 4272 prtedicante?
921 4211 1027 4253 etc.
1075 4199 1151 4252 Ex
1194 4200 1294 4253 hac
1343 4198 1431 4252 Dei
1472 4198 1809 4272 ordinatione

222 4267 574 4337 proficiscitur
589 4271 678 4324 illa
693 4286 813 4338 qua:
826 4284 945 4323 mox
964 4278 1293 4324 memoratur
1307 4269 1618 4322 necessitatis
1640 4283 1807 4331 mora,

221 4353 313 4392 seu
341 4341 633 4396 necessitas
664 4355 831 4395 morm
856 4343 920 4395 ad
953 4339 1301 4394 credendum.
1339 4339 1412 4392 Ea
1443 4339 1585 4392 enim
1615 4353 1808 4392 vocum

222 4408 452 4465 inversio
485 4412 686 4467 llilarin
715 4409 868 4465 valde
893 4418 977 4465 est
998 4409 1295 4464 familiaris.
1322 4408 1426 4463 Sed
1457 4418 1510 4463 et
1537 4424 1657 4463 cum
1686 4409 1762 4463 ait
1793 4425 1807 4462 :

221 4477 286 4531 In
315 4482 436 4552 facti
452 4492 570 4553 erat
611 4482 905 4553 difﬁcultate
932 4497 995 4535 ne
1032 4482 1210 4546 ﬁeret;
1236 4487 1441 4553 tantum
1472 4479 1672 4534 indicat
1703 4478 1813 4553 fac-

223 4557 331 4604 turn
385 4552 624 4617 difficile,
668 4552 782 4607 non

221 4617 398 4690 Neque
427 4626 591 4679 etiam
620 4638 839 4679 movere
856 4617 1026 4678 debet
1055 4621 1206 4685 illud,
1236 4623 1379 4690 quod
1408 4623 1523 4676 haec
1564 4617 1807 4691 proxime

223 4694 472 4760 praecedit
500 4713 513 4750 :
553 4694 652 4749 Res
681 4704 826 4749 extra
849 4694 1053 4764 culpam
1093 4692 1430 4764 inﬁdelitatis.
1466 4691 1577 4747 Hac
1609 4695 1809 4762 quippe

222 4764 480 4820 sententia
502 4774 709 4836 gentes,
736 4780 856 4833 qua:
880 4762 1077 4820 Christi
1108 4763 1265 4836 fidem
1290 4762 1807 4836 nondumAprofessas

223 4843 394 4900 erant,
424 4832 528 4890 non
560 4832 782 4891 excusat
809 4836 878 4891 ab
906 4837 1051 4890 omni
1076 4835 1254 4904 culpa,
1283 4833 1385 4904 sed
1404 4848 1432 4885 a
1460 4832 1615 4900 culpa
1647 4833 1801 4887 dum-

223 4910 364 4977 taxat
406 4907 746 4977 inﬁdelitatis,
768 4922 847 4977 ea
888 4908 1171 4977 nimirum,
1201 4904 1295 4977 cui
1330 4903 1579 4977 Christus
1608 4905 1802 4959 asserit

836 4553 978 4628 quod
1030 4554 1249 4628 omnino
1298 4552 1420 4628 fieri
1462 4564 1568 4605 non
1619 4551 1807 4628 possit.
1834 4568 1891 4628 Ι)

1923 3322 1991 3377 Εῑ
2019 3321 2087 3377 de
2118 3335 2345 3392 persona
2378 3314 2523 3391 regis
2551 3330 2605 3376 et
2626 3320 2720 3375 lilii
2750 3321 2995 3376 absoluta
3023 3321 3377 3392 intelligentia
3407 3333 3515 3380 est.

1923 3413 2143 3470 Fecisse
2173 3422 2352 3468 autem
2383 3420 2591 3484 patrem
2633 3412 2848 3483 nuptias
2879 3412 3012 3481 tilio,
3045 3423 3099 3469 et
3125 3414 3204 3469 sic
3233 3414 3513 3485 invitasse,

1921 3522 2057 3565 nova
2089 3507 2229 3562 ratio
2260 3515 2362 3562 est.
2397 3504 2528 3561 Nam
2573 3505 2789 3575 nuptias
2835 3504 3049 3571 facere,
3087 3517 3142 3561 et
3182 3508 3422 3563 auctoris
3463 3519 3521 3565 et

1923 3599 2186 3671 temporis
2234 3608 2318 3655 est
2365 3598 2695 3669 nuptiarum.
2727 3597 2927 3653 Verum
2975 3595 3065 3654 hic
3107 3600 3340 3670 nuptiae,
3388 3602 3517 3657 vita:

1918 3691 2156 3747 caelestis
2208 3697 2259 3744 et
2316 3689 2369 3743 in
2423 3689 2825 3745 resurrectione
2874 3690 3235 3760 suscipiendae
3288 3702 3512 3749 aetemte

1918 3783 2110 3854 gloriae
2144 3789 2540 3838 sacramentum
2572 3787 2675 3836 est.
2710 3781 2899 3837 Merito
2937 3782 3099 3852 igitur
3139 3799 3168 3837 a
3200 3783 3361 3841 Patre
3388 3796 3517 3842 sunt

1918 3877 2111 3942 factae;
2146 3876 2269 3946 quia
2309 3875 2626 3930 aeternitatis
2658 3875 2814 3945 hujus
2842 3876 3108 3944 societas,
3138 3886 3196 3934 et
3239 3879 3365 3937 novi
3392 3895 3517 3936 cor-

1920 3969 2067 4041 poris
2099 3967 2171 4042 (f)
2200 3967 2472 4039 deSponsa
2501 3966 2835 4038 coniunctio,
2863 3970 2973 4039 jam
3006 3969 3245 4041 perfecta
3274 3970 3513 4030 habeba-

1912 4135 2008 4188 est,
2033 4123 2176 4196 inAeis
2201 4132 2368 4196 autem
2391 4125 2482 4193 qui
2510 4140 2621 4196 non_
2643 4131 2937 4194 potuerunt,
2977 4140 3127 4193 paena
3152 4128 3366 4196 peccati.
3398 4127 3509 4184 Aut

1912 4205 2058 4266 certe
2088 4193 2322 4266 Hilarius
2342 4192 2568 4266 eatenus
2607 4192 2696 4247 hic
2728 4202 2918 4266 gentes
2946 4192 3206 4266 excusat,
3238 4206 3508 4266 quatenus

1912 4265 2109 4321 Joanni
2153 4263 2263 4332 jam
2304 4262 2652 4329 crediderint,
2703 4262 2757 4318 et
2800 4263 2866 4318 ad
2915 4262 3510 4324 credendum'Cbristo

1914 4335 2251 4404 professione
2277 4343 2332 4391 et
2356 4334 2520 4388 animi
2550 4333 2908 4403 propensione
2937 4346 3135 4404 paratae
3162 4339 3291 4392 sint.

1945 4477 1957 4488 _
1985 4403 2063 4479 (a)
2096 4407 2199 4460 Sex
2241 4421 2372 4488 mss.
2405 4405 2459 4458 in
2485 4406 2722 4488 adventu.
2756 4405 2924 4488 Magis
2942 4403 3190 4473 placeret
3229 4407 3501 4488 adventum

1914 4474 2447 4547 sin'e'praapositione
2488 4478 2561 4529 in.
2605 4474 3066 4547 Commendantur
3105 4488 3318 4547 gentes,
3360 4480 3504 4547 quod

1987 4558 2037 4602 st
2073 4545 2379 4619 passionem
2406 4546 2611 4619 Christi
2645 4545 2946 4619 praedicatis
2985 4545 3181 4602 divitiis
3205 4545 3502 4619 mysteriis,

1972 4615 2191 4688 nigeniti
2219 4618 2311 4673 Dei
2354 4617 2642 4689 adventum
2684 4615 3012 4671 crediderint
3049 4627 3211 4689 atque
3244 4615 3509 4677 confessas

1916 4687 2047 4755 sint,
2082 4689 2338 4744 miracula
2372 4687 2727 4753 laudaverint,
2759 4696 2861 4741 etc.

1907 4762 1929 4773 “
1992 4759 2067 4833 (ll)
2130 4759 2320 4833 gnta,
2360 4760 2614 4833 virtutem
2663 4757 3112 4833 resurrectionis,
3161 4760 3502 4817 curationum

1913 4826 2095 4899 opera.
2129 4830 2266 4884 Tum
2308 4830 2361 4883 in
2394 4845 2524 4883 mss.
2557 4829 2738 4894 Rom.,
2771 4826 2924 4884 Colb.
2966 4839 3021 4884 et
3063 4829 3252 4896 Carn.,
3280 4841 3329 4884 et
3370 4848 3497 4886 con-

1911 4902 2229 4975 demnantes,
2257 4900 2345 4971 qui
2364 4901 2641 4975 justiﬁcati
2670 4916 2774 4954 non
2800 4908 2964 4956 erant.
2990 4901 3206 4957 omissis
3225 4902 3504 4958 vocabulis

224 4976 438 5031 minime
460 4972 729 5034 obnoxios
757 4976 961 5031 futuros
1001 4976 1167 5031 fuisse
1195 4974 1434 5038 Judaeos,
1462 4976 1506 5029 si
1544 4973 1662 5043 ipse
1690 4988 1797 5029 non
1908 4990 1999 5043 per
2022 4972 2197 5043 ﬁdem.

154 5070 165 5079 -
228 5047 477 5115 veniSSet.
511 5049 635 5104 Illas
672 5048 785 5103 vult
828 5049 938 5102 sine
965 5047 1177 5102 crimine
1212 5046 1508 5111 voluntatis,
1549 5039 1652 5100 hoc
1691 5054 1796 5110 est,
1893 5039 1918 5065 ’⁷
1976 5039 2049 5115 (c)
2092 5042 2295 5115 In‘ms.
2337 5040 2522 5109 Rom.,
2560 5039 2882 5096 multimoda.
2927 5040 2984 5097 In
3036 5039 3192 5099 Colb.
3225 5052 3282 5100 et
3309 5044 3498 5115 Carn.,

225 5112 335 5189 ejus
365 5120 670 5189 voluntatis,
700 5133 821 5188 quas
844 5118 1146 5189 prredicataa
1175 5117 1277 5171 sibi
1306 5115 1429 5171 fidei
1458 5116 1805 5189 pertinaciter
1904 5112 2222 5189 muttique.

225 5186 443 5267 resistit.
468 5190 589 5267 _iloc
613 5182 920 5267 enimap'ud
946 5188 1205 5267 _Hila_riu_m
1233 5182 1599 5267 sonat
1618 5186 1804 5240 uotun-
1981 5182 2062 5267 (d)
2089 5184 2223 5267 Male
2250 5182 2391 5267 apud
2421 5182 2545 5239 Par.
2580 5182 2854 5252 promissa.
2986 5264 2995 5267 Α
3032 5255 3045 5267 _

229 5260 360 5324 tatis,
396 5263 722 5317 voluntatem
763 5254 833 5315 in’
854 5261 998 5315 malo
1027 5260 1376 5323 obstinatam,
1414 5266 1619 5327 et/qute
1649 5271 1802 5312 com-
1983 5254 2055 5327 (e)
2087 5255 2220 5327 Mss.
2250 5254 2336 5327 hi_c
2362 5268 2559 5324 magno
2584 5268 2875 5327 consensu,
2907 5255 3308 5325 patrisfamiliae.

228 5336 388 5407 pectre
411 5331 622 5407 veritati
651 5346 984 5402 nequaquam
1011 5330 1176 5407 cedit.
1203 5328 1416 5407 laverit
1444 5323 1560 5383 huic
1596 5327 1807 5407 Angus-
1918 5396 1940 5407 _
1988 5323 2056 5407 (f)
2084 5325 2260 5407 Editio
2286 5323 2411 5379 Par.
2440 5323 2561 5381 cum
2588 5323 2975 5407 alit_|ttot_..tns's.,
3001 5323 3324 5407 desponsata.

1914 5395 2137 5453 ferimus
2161 5395 2415 5465 desponsa
2439 5409 2562 5450 cum
2591 5395 2711 5450 aliis
2745 5395 2874 5450 edit.
2915 5404 2970 5452 et
3000 5395 3132 5452 mss.
3161 5398 3236 5452 Ita
3267 5399 3320 5451 in
3350 5397 3493 5452 Psal.

1913 5483 2152 5532 cxxxvn,
2185 5464 2323 5530 n.8,
2357 5465 2631 5536 Christum
2676 5466 2799 5522 ideo
2833 5481 3090 5536 sponsum
3128 5467 3493 5536 cognominari

1910 5547 2212 5604 enarratur,
2240 5539 2363 5607 quia
2394 5535 2633 5594 Ecclesia
2661 5539 2710 5592 ei
2731 5553 2827 5607 per
2854 5535 3276 5607 assumptionem
3303 5549 3497 5607 corpo-

1910 5611 1988 5665 ris
2013 5609 2182 5664 nostri
2218 5605 2469 5677 desponsa
2506 5611 2589 5662 sit.
2623 5605 2759 5662 Tum
2792 5606 2853 5677 iii
2885 5620 3015 5677 mss.
3046 5606 3281 5677 Colb.Aet
3307 5605 3496 5677 Carm,

1910 5681 2270 5748 coniunctione
2290 5673 2318 5745 ,⁷
2336 5694 2441 5734 non
2471 5678 2784 5748 conjunctio.
2818 5673 3036 5748 Exinde
3050 5675 3313 5748 praedicta
3330 5673 3498 5730 editio

1911 5743 2051 5820 sola,
2071 5752 2186 5820 jam
2222 5743 2445 5820 perfecta
2474 5743 2706 5820 nudetur.
2736 5745 2851 5820 Non
2878 5743 3494 5820 displiceret_habeatt_tr,

1912 5815 1959 5877 si
1997 5814 2119 5876 cuin
2165 5814 2482 5875 aiicttiritate
2526 5814 2731 5873 liceret.
2776 5816 3107 5882 Quamquam
3141 5814 3307 5872 etiam
3356 5816 3494 5873 infra

232 5394 321 5451 tini
351 5401 523 5457 verbis
554 5394 827 5458 illustrare
846 5394 909 5457 "et
933 5400 1275 5457 confirmare.
1303 5400 1393 5455 Sic
1421 5407 1602 5453 autem
1648 5394 1809 5455 habet

229 5467 378 5539 epist.
411 5486 625 5539 cxcxrv,
671 5489 724 5527 η.
763 5473 835 5527 27
867 5490 879 5525 :
915 5472 1212 5528 Secundum
1251 5472 1385 5524 lianc
1428 5471 1806 5524 excusationem

229 5535 588 5598 inexcusabiles
608 5535 731 5598 dicit
752 5544 1025 5613 Scriptura
1048 5542 1223 5595 divina
1236 5555 1574 5613 quoscumque
1594 5542 1807 5613 scientes

233 5621 432 5672 chare
456 5616 726 5669 convincit.
755 5614 849 5669 Dei
875 5610 1047 5685 tamen
1068 5610 1269 5685 justum
1295 5611 1557 5685 judicium
1582 5627 1672 5665 nec
1700 5610 1807 5665 illis

232 5684 390 5745 Far-rit
413 5687 498 5751 qui
533 5701 635 5740 non
666 5686 960 5741 audierunt.
994 5683 1314 5752 Quicumque
1342 5684 1450 5738 sine
1478 5683 1589 5753 lege
1625 5697 1803 5753 pecca-

233 5757 554 5827 verunt,sine
580 5758 688 5826 lege
712 5756 1015 5827 peribunt...
1046 5755 1169 5824 quia
1194 5764 1243 5827 et
1274 5754 1386 5827 ipsa
1420 5752 1717 5827 ignorantia
1754 5752 1808 5806 in

236 5818 323 5883 είε»
353 5826 435 5889 tm
459 5818 737 5897 intelligere
757 5818 1189 5891 noluerunt,'sinc
1213 5818 1528 5880 dubitatidne
1546 5832 1807 5892 peccatum
