3974 6198
462 308 601 363 1047
1665 296 1907 353 SANCTI
1950 292 2203 351 HILARII
2246 292 2547 349 EPISCOPI
3632 282 3770 340 “M8

460 419 598 489 legis
627 417 684 473 in
702 416 923 474 Christo
951 414 1117 470 inisse
1160 390 1480 485 perlectam.
1535 410 1603 467 Et
1643 410 1862 482 quidem
1909 409 2056 465 inso—
2083 412 2136 473 Α
2160 390 2329 464 sortio
2360 408 2593 463 nominis
2622 406 2935 463 substantia:
2967 407 3226 462 unitatem
3248 447 3263 471 ,
3288 413 3344 463 et
3368 402 3662 462 assidendi
3689 402 3770 457 in-

462 509 689 565 lentium
742 506 1063 578 ignorantiae
1093 506 1226 576 legis
1281 505 1449 576 ipsius
1502 503 1683 559 verbis
1728 516 2054 572 responsum
2164 500 2423 557 vitatione
2465 499 2763 571 judicium.
2816 508 2871 554 et
2908 499 2976 555 de
3012 500 3388 555 universorum
3429 497 3776 569 subiectione

466 611 582 659 est:
623 614 746 671 quae
771 598 1056 670 responsio
1084 611 1300 653 omnem
1346 597 1399 651 in
1427 611 1487 652 se
1518 595 1757 650 veritatis
1801 602 1886 649 est
1911 608 2061 649 com-
2163 595 2444 659 virtutem;
2475 602 2535 648 ut
2561 594 2655 666 (al.
2691 591 2767 666 et)
2793 592 3171 649 meminissent
3196 592 3249 647 in
3278 607 3347 648 eo
3368 633 3384 658 ,
3416 590 3513 663 qui
3548 605 3623 647 ex
3672 590 3775 645 Da-

470 695 629 766 plexa
649 693 975 748 doctrinam.
1007 689 1289 759 PrOprium
1318 690 1464 744 enim
1497 687 1705 741 Domini
1730 685 1901 741 nostri
1932 684 2062 740 Jesu
2165 689 2251 744 vid
2276 688 2571 751 oriebatur,
2598 696 2817 745 reterns:
2848 687 3060 742 virtutis
3085 695 3141 742 ct
3185 685 3477 757 potestatis
3506 694 3563 740 et
3605 683 3777 755 origi-

468 787 665 843 Christi
693 785 931 842 ofﬁcium
959 791 1082 850 est,
1128 782 1488 853 cognitionem
1521 780 1615 836 Dei
1642 777 1867 846 aﬁ'erre,
1901 785 1956 832 et
1982 781 2063 831 ln-
2168 781 2252 836 nis
2276 780 2628 835 substantiam
2660 780 2964 847 contineri,
2988 789 3045 836 et
3076 779 3241 835 Deum
3272 779 3326 834 in
3355 778 3583 835 homine
3614 792 3774 834 man-

468 881 823 954 telligentiam
876 878 1111 934 nominis
1172 878 1291 948 ejus
1353 876 1742 945 potestatisque
1806 878 2066 942 prazstare
2169 889 2378 930 surum.

471 974 567 1048 (V.
593 974 681 1030 lib.
715 989 754 1029 ιι
794 973 858 1029 de
894 972 1044 1028 Trin.
1074 988 1129 1026 η.
1162 969 1282 1042 22).
1315 969 1511 1026 Missus
1540 968 1684 1023 enim
1716 971 1943 1021 venerat
1966 1004 1983 1030 ,
2013 970 2070 1019 et

473 1084 541 1125 ex
571 1067 876 1123 aeternitate
919 1065 1185 1121 deductus
1206 1105 1220 1130 ,
1273 1063 1357 1118 his
1387 1077 1508 1133 quae
1536 1071 1689 1116 erant
1722 1058 1833 1115 Deo
1872 1056 2069 1128 placita

474 1157 913 1231 perfungebatur.
949 1155 1251 1226 BeSpondit
1285 1153 1468 1224 itaque
1508 1152 1739 1223 primum
1769 1165 1891 1205 esse
1918 1163 2072 1204 man-

475 1251 688 1307 datum:
721 1249 912 1322 Diliges
960 1247 1245 1303 Dominum
1279 1247 1443 1302 Deum
1489 1258 1633 1300 tuum
1678 1246 1732 1299 in
1762 1251 1869 1298 toto
1919 1243 2074 1298 corde

2740 987 2967 1046 CAPUT
2994 938 3203 1045 XXIV:

2173 1127 2254 1184 De
2280 1127 2525 1183 cathedra
2583 1126 2754 1199 Moysi
2796 1143 2951 1198 super
2993 1143 3146 1197 quam
3191 1131 3437 1182 sederunt
3486 1126 3692 1183 Scriba:
3730 1137 3780 1184 et

2247 1221 2493 1290 phariswi
2512 1263 2531 1285 ,
2561 1220 2625 1274 de
2648 1221 2828 1274 clauso
2855 1220 2918 1273 ab
2947 1219 3128 1274 iisdem
3156 1237 3312 1292 regno
3333 1220 3604 1285 caelorum,
3637 1229 3685 1275 et
3714 1221 3776 1274 ab

483 1352 595 1407 tuo,
628 1350 675 1396 et
700 1341 754 1394 in
783 1350 890 1395 tota
916 1341 1093 1394 anima
1123 1348 1213 1393 tua
1232 1380 1247 1405 ,
1272 1347 1321 1393 et
1350 1339 1404 1392 in
1431 1346 1537 1392 tota
1564 1347 1729 1391 mente
1752 1347 1840 1390 tua
1860 1334 1881 1408 (
1899 1335 1934 1405 γ
1956 1335 2069 1404 '57).

484 1436 605 1492 Non
632 1435 777 1491 enim
810 1433 954 1489 aliud
1002 1433 1092 1487 ille
1137 1432 1440 1499 efﬁciebat,
1469 1445 1629 1501 quam
1659 1428 1801 1499 quod
1830 1428 1918 1482 lcx
1947 1442 2077 1482 con-

482 1530 719 1593 tinebat;
752 1528 875 1598 quia
925 1532 1193 1597 prmccpta
1239 1525 1373 1595 legis
1399 1567 1413 1591 ,
1460 1539 1650 1580 eorum
1678 1538 1799 1593 qua:
1825 1528 2077 1591 gesturus

480 1622 597 1690 ipse
623 1626 779 1684 erat,
811 1617 1036 1672 formam
1065 1617 1584 1687 complectebautur.
1618 1614 1889 1670 Admonet
1915 1611 2079 1682 igitur

486 1709 813 1780 cognitionis
835 1709 953 1778 ejus
984 1750 1001 1775 ,
1051 1722 1213 1779 quam
1265 1707 1467 1763 habere
1514 1720 1574 1762 se
1622 1704 1992 1775 gloriabantur
2025 1702 2080 1757 in

2249 1316 2430 1375 iisdem
2455 1312 2651 1367 comedi
2676 1313 2855 1366 domos
2872 1311 3165 1375 viduarum,
3187 1314 3623 1367 circumeuntibus
3643 1330 3781 1369 mare

2253 1420 2299 1465 et
2320 1406 2520 1461 aridam
2544 1447 2559 1472 ,
2601 1414 2648 1458 et
2692 1404 2977 1459 dicentibus
3019 1402 3688 1475 :Quicumquejuraverit
3728 1406 3779 1460 in

2256 1497 2499 1568 templo,
2545 1495 2676 1549 nihil
2727 1504 2850 1559 est,
2903 1502 2951 1547 et
2995 1494 3364 1551 decimantibus
3423 1493 3685 1548 mentitam
3735 1503 3782 1549 et

2255 1590 2518 1655 anethum,
2554 1597 2598 1642 et
2625 1586 3001 1656 a’diﬁcantibus
3027 1586 3265 1656 sepulcra
3293 1587 3668 1659 prapltetarum
3689 1627 3705 1649 ,
3734 1599 3780 1642 ct

2257 1683 2320 1737 de
2347 1681 2635 1737 Jerusalem
2661 1693 2777 1746 qme
2797 1677 3038 1746 interﬁcit
3061 1676 3371 1749 praphetas,
3396 1687 3444 1731 et
3473 1677 3672 1748 lapidat
3700 1694 3782 1733 eos

485 1806 629 1875 lege,
664 1803 831 1858 Deum
856 1800 1284 1871 omnipotentem
1318 1799 1462 1853 omni
1491 1797 1685 1852 all‘ectu
1708 1795 1924 1862 mentis,
1958 1810 2082 1850 cor-

2258 1777 2347 1848 qui
2376 1778 2445 1831 ad
2464 1792 2518 1830 se
2543 1776 2685 1831 missi
2714 1785 2852 1830 sunt.

483 1896 588 1961 dis,
611 1895 807 1948 anima:
828 1892 1159 1962 diligendum
1177 1932 1193 1956 ,
1228 1897 1286 1945 ut
1312 1889 1738 1946 admonitionem
1761 1902 1915 1942 suam
1947 1902 2085 1958 praes

484 1986 646 2042 missa
665 1981 801 2054 legis
832 1982 1085 2038 mandata
1117 1981 1417 2036 ﬁrmarent.

556 2079 611 2133 7.
644 2076 883 2131 Proximi
928 2076 1134 2129 nomine
1175 2074 1407 2128 Christus
1436 2073 1731 2145 diligendus
1754 2074 1986 2147 jubetur.
2016 2102 2088 2114 --

493 2169 700 2227 Deinde
723 2167 959 2239 adjecit:
999 2165 1115 2220 Hoc
1150 2176 1223 2221 est
1251 2180 1492 2237 magnum
1536 2174 1583 2220 et
1621 2167 1843 2236 primum
1869 2165 2088 2220 manda-

495 2272 624 2316 tum.
659 2259 958 2316 Secundum
985 2273 1103 2312 vero
1131 2257 1301 2311 simile
1348 2256 1465 2311 huic
1499 2274 1518 2312 :
1558 2255 1757 2328 Diliges
1799 2258 2091 2329 proximum

495 2365 642 2410 tuum
666 2355 799 2407 sicut
849 2363 897 2406 te
920 2353 1086 2423 ipsum
1117 2349 1280 2420 (Ibid.
1305 2349 1375 2405 38
1402 2357 1458 2404 et
1483 2347 1596 2420 59).
1620 2348 1728 2405 Sed
1781 2348 2091 2404 mandatum

491 2461 726 2517 sequens
746 2451 805 2500 et
831 2444 1009 2499 simile
1030 2441 1297 2514 signiﬁcat
1323 2442 1464 2498 idem
1486 2457 1610 2498 esse
1635 2450 1689 2497 et
1718 2440 1880 2497 ofﬁcii
1906 2450 1961 2498 et
1982 2458 2095 2499 me-

495 2539 586 2592 riti
616 2539 669 2592 in
691 2545 922 2607 utroque
951 2535 1069 2617 (Sic
1089 2551 1207 2604 cap.
1235 2534 1288 2599 4,
1324 2550 1379 2588 n.
1407 2535 1460 2594 7,
1486 2533 1629 2588 idem
1659 2533 1875 2604 pinnae).
1910 2532 2096 2603 Neque

494 2632 640 2687 enim
671 2640 765 2686 aut
795 2630 896 2685 Dei
927 2630 1047 2684 sine
1074 2627 1316 2693 Christo,
1348 2635 1442 2681 aut
1467 2626 1669 2682 Christi
1701 2626 1819 2683 sine
1845 2626 1957 2681 Deo
1997 2641 2094 2696 po—

495 2731 604 2779 test
644 2722 789 2777 utilis
819 2735 941 2778 esse
979 2719 1221 2775 dilectio.
1260 2718 1506 2774 Alterum
1557 2720 1719 2790 Igitur
1760 2718 1880 2774 sine
1922 2717 2097 2773 altero

498 2815 704 2869 nullum
725 2812 792 2868 ad
817 2811 1045 2867 salutem
1069 2819 1312 2866 nostram
1341 2810 1496 2866 aﬁ‘ert
1536 2810 1859 2881 profectum.
1883 2811 1949 2866 Et
1977 2811 2098 2866 ideo

508 2907 564 2961 in
593 2906 675 2960 his
714 2905 914 2959 duobus
958 2903 1211 2959 mandatis
1248 2913 1352 2957 tota
1392 2904 1477 2958 lea:
1521 2903 1703 2972 pendet
1751 2913 1799 2957 et
1836 2902 2100 2976 praphetaa

505 2999 580 3070 (ᾗ
624 2995 756 3069 40);
812 2995 938 3067 quia
970 2996 1053 3051 lex
1083 3005 1137 3051 et
1168 2995 1448 3065 prophetia
1486 2998 1663 3070 omnis
1687 2995 1889 3053 Christi
1932 2997 2100 3067 depu-

501 3066 719 3144 tabatur
767 3066 1058 3154 adventui,
1102 3098 1157 3142 et
1177 3087 1443 3143 adventus
1470 3066 1599 3158 ejus.
1634 3104 1729 3158 per
1755 3066 2103 3159 supplemen-

2261 1896 2312 1948 1.
2344 1893 2497 1965 Legis
2534 1894 2773 1947 doctrina
2810 1891 3212 1947 commendatur.
3258 1888 3647 1946 Pharisaeorum
3680 1890 3781 1944 iui-

2188 1988 2381 2059 quitas,
2409 1986 2722 2056 ignorantia,
2754 2002 2815 2039 ac
2843 1985 3101 2055 superbia.
3136 2015 3208 2025 —
3254 1983 3398 2038 Tunc
3445 1983 3603 2038 Iesus
3643 1984 3785 2038 locu-

2201 2088 2281 2133 tus
2305 2089 2379 2133 est
2403 2078 2565 2132 turbis
2591 2086 2637 2133 et
2678 2077 2947 2148 discipulis
2971 2077 3079 2131 suis
3102 2117 3117 2143 ,
3150 2076 3324 2130 dicens
3361 2091 3381 2129 :
3413 2074 3586 2147 Super
3610 2077 3780 2129 cathe-

2191 2169 2343 2223 dram
2370 2167 2541 2239 Moysi
2579 2168 2816 2222 sederunt
2866 2167 3062 2223 Scriba:
3088 2175 3136 2222 et
3172 2165 3430 2221 Pharisazi
3455 2208 3471 2233 ,
3494 2176 3550 2221 et
3579 2167 3777 2236 reliqua

2197 2260 2412 2332 (Matth.
2446 2275 2581 2316 mu
2602 2301 2616 2323 ,
2647 2260 2670 2314 l
2708 2268 2763 2314 et
2786 2258 2871 2329 2).
2905 2259 3061 2329 Legis
3087 2258 3155 2313 de
3192 2273 3251 2314 se
3291 2259 3542 2315 testantis
3563 2259 3781 2332 gloriam

2195 2353 2468 2424 praetulit,
2512 2367 2633 2423 quae
2683 2351 2971 2423 imaginem
3023 2351 3075 2406 in
3102 2366 3162 2406 se
3201 2350 3397 2407 futura:
3416 2352 3657 2406 veritatis
3685 2367 3780 2407 ex-

2198 2455 2488 2519 presserat.
2518 2446 2575 2501 In
2608 2446 2858 2502 omnibus
2906 2446 3049 2502 enim
3078 2444 3283 2501 Christi
3307 2444 3384 2518 (α)
3433 2445 3784 2500 meditabatur

2197 2538 2507 2593 adventum.
2537 2537 2809 2608 Quidquid
2833 2538 2976 2593 enim
3003 2537 3058 2592 in
3078 2552 3140 2593 ea
3162 2537 3562 2602 continebatur,
3583 2538 3634 2591 in
3657 2551 3777 2607 pro-

2199 2631 2395 2687 iectum
2426 2630 2835 2685 manilestandre
2850 2630 2967 2701 ejus
2989 2629 3314 2700 cognitionis
3334 2638 3661 2701 assumptum
3682 2637 3780 2684 est.

2199 2722 2358 2779 Jubet
2402 2723 2567 2793 igitur
2611 2723 2899 2793 prmceptis
2947 2722 3342 2777 Pharisa‘orum
3393 2721 3780 2791 obtemperari,

2201 2816 2324 2886 quia
2356 2815 2409 2869 in
2438 2814 2607 2886 Moysi
2633 2813 2890 2869 cathedra
2924 2812 3197 2868 sederint:
3224 2813 3380 2883 jubet
3410 2813 3543 2883 legis
3570 2813 3782 2868 manda.

2204 2909 2273 2964 tis
2301 2908 2551 2964 omnibus
2578 2907 2786 2963 obediri
2805 2949 2820 2973 ,
2849 2907 2944 2962 sed
2972 2922 3003 2961 a
3032 2906 3185 2961 factis
3212 2921 3404 2962 eorum
3429 2918 3588 2978 atquc
3615 2907 3785 2977 operi-

2204 3000 2304 3055 bus
2333 2998 2624 3063 abstineri;
2667 3008 2724 3052 ut
2751 3013 2930 3053 mores
2961 2997 3242 3053 hominum
3274 3007 3438 3068 atque
3470 2999 3748 3054 inﬁdelitas
3769 3041 3783 3065 ,

2206 3108 2314 3147 non
2345 3092 2479 3163 legis
2508 3091 2752 3146 doctrina
2782 3091 3001 3145 vitetur.
3036 3090 3143 3161 Ipsi
3172 3090 3316 3146 enim
3340 3091 3557 3146 subdito
3577 3091 3670 3146 sibi
3698 3105 3789 3160 po-

501 3192 612 3238 tum
650 3197 839 3237 eorum
885 3180 1245 3252 cognoscendi
1289 3174 1828 3253 Dei'intelligentiam
1872 3191 2099 3250 praesta-
2127 3192 2173 3255 ί]
2204 3184 2332 3255 pulo
2352 3183 2669 3253 gravissima
2717 3183 2851 3251 legis
2881 3197 3048 3238 onera
3089 3182 3416 3252 imponunt,
3465 3198 3535 3240 ne
3575 3183 3786 3253 digitum

506 3273 621 3330 bat.
649 3272 782 3328 Nam
823 3273 890 3329 de
919 3274 1165 3344 proximo
1194 3274 1505 3345 frequenter
1541 3274 1947 3339 admonuimus,
1990 3291 2101 3331 non

505 3370 670 3425 alium
698 3369 1108 3440 intelligendum
1136 3384 1258 3425 esse
1288 3383 1448 3440 quam
1471 3368 1765 3424 Christum.
1800 3370 1933 3425 Cum
1955 3370 2100 3435 enim

421 3476 424 3480 λ
507 3473 739 3534 patrem,
768 3471 1020 3527 matrem,
1051 3460 1190 3516 ﬁlios
1216 3461 1464 3516 charitati
1489 3461 1582 3516 Dei
1613 3476 1929 3531 praeponere
1960 3462 2106 3517 inhi-

510 3557 767 3623 beamur,
794 3555 1068 3626 quomodo
1110 3554 1325 3610 dilectio
1357 3554 1586 3623 proximi
1632 3554 1888 3626 diligendi
1934 3555 2104 3611 Deum

511 3649 690 3704 simile
714 3649 1027 3704 mandatum
1056 3648 1176 3702 est?
1215 3649 1318 3701 Aut
1351 3647 1687 3717 relinquetur
1716 3646 1940 3717 aliquid,
1964 3646 2107 3717 quod

508 3740 682 3796 amori
715 3741 806 3795 Dei
842 3741 1017 3810 possit
1057 3739 1428 3810 ερρυηιίῗηίςί
1463 3739 1585 3810 quia
1617 3738 1913 3793 similitudo
1963 3754 2106 3808 prte-

510 3833 655 3902 cepti
696 3847 884 3902 parem
917 3832 1234 3888 charitatem
1256 3831 1516 3901 diligendi
1543 3831 1757 3886 Patrem
1815 3840 1869 3887 et
1912 3830 2108 3886 Filium

514 3923 787 3992 exigebat.

586 4012 641 4066 8.
677 4011 912 4067 Christus
935 4010 1023 4081 qui
1040 4011 1179 4080 ﬁlius
1202 4010 1370 4065 David
1386 4012 1667 4065 secundum
1685 4028 1910 4079 carnem,
1935 4012 2115 4067 Domi-

521 4121 619 4159 nus
639 4112 712 4160 est
747 4101 939 4158 David.
969 4133 1042 4144 -—
1069 4102 1247 4174 Atque
1273 4112 1331 4158 ut
1355 4104 1488 4174 legis
1522 4104 1689 4174 ipsius
1735 4106 1915 4161 verbis
1962 4107 2113 4176 argui

517 4205 763 4268 possent,
796 4204 851 4251 et
875 4194 1038 4270 783
1063 4194 1131 4250 de
1157 4195 1405 4266 proximo
1450 4196 1786 4251 manifestior
1808 4197 2114 4268 intelligen-

512 4292 585 4347 tia
605 4290 972 4361 panderetur;
1001 4288 1227 4360 requirit
1248 4288 1375 4359 quid
1400 4289 1505 4344 illis
1530 4288 1809 4344 videretur
1833 4290 2107 4357 Christus,

519 4383 804 4455 cujusnam
851 4380 996 4436 ﬁlius
1041 4380 1256 4435 iuturus
1304 4390 1469 4436 esset.
1510 4380 1613 4448 Qui
1670 4381 2110 4451 responderunt,

518 4477 709 4532 David.
742 4475 948 4544 Quibtts
980 4474 1096 4541 ait,
1142 4473 1418 4545 quomodo
1467 4474 1520 4528 in
1549 4473 1739 4543 spiritu
1774 4474 2035 4529 Dominus
2084 4491 2135 4528 a.

2207 3273 2424 3345 quidem
2447 3288 2603 3329 suum
2623 3272 2999 3343 contingendis
3021 3272 3154 3342 ipsis
3170 3271 3521 3329 admoventes
3541 3273 3589 3344 (1
3597 3273 3694 3327 bid.
3714 3273 3786 3344 ι).

2205 3366 2344 3437 Quin
2377 3366 2537 3421 etiam
2585 3364 2908 3435 prtecipiunt
2950 3365 3240 3420 Dominum
3267 3381 3334 3421 ex
3382 3374 3499 3421 toto
3538 3365 3694 3421 corde
3716 3365 3789 3419 di-

2207 3459 2321 3528 ligi,
2350 3468 2404 3513 et
2431 3458 2733 3528 proximum
2760 3467 3027 3528 tamquam
3058 3472 3118 3514 se
3157 3458 3362 3524 amari,
3390 3458 3494 3528 ipsi
3521 3459 3785 3514 adversum

2208 3557 2342 3627 legis
2363 3556 2463 3612 sibi
2496 3555 2618 3611 lata:
2649 3557 3036 3621 testimonium,
3063 3556 3140 3628 (b)
3172 3558 3337 3613 Deum
3367 3558 3420 3611 in
3446 3555 3660 3610 Christo
3680 3566 3789 3623 pas-

2209 3648 2453 3704 sionibus
2505 3656 2915 3718 persequentes.
2967 3647 3263 3701 Verborum
3316 3660 3538 3717 quoque
3579 3656 3780 3698 suorum

2208 3742 2436 3814 gloriam
2461 3751 2731 3811 tamquam
2757 3739 3069 3809 philacteria
3088 3737 3253 3811 784
3267 3738 3560 3794 dilatantes
3618 3736 3687 3808 (Ῡ
3722 3732 3787 3805 5).

2212 3835 2415 3905 quibus
2443 3834 2569 3888 vitae
2609 3842 2828 3889 internae
2872 3842 3061 3888 auctor
3087 3834 3227 3888 Deus
3273 3848 3381 3901 non
3410 3831 3482 3886 sit
3508 3831 3789 3887 intellectus
3856 3862 3863 3873 .

2212 3925 2267 3979 in
2298 3924 2546 3987 Christo,
2574 3939 2802 3994 seseque
2837 3939 2903 3980 ex
2953 3926 3157 3978 honore
3215 3924 3348 3994 legis
3394 3923 3628 3978 emissos
3669 3930 3787 3974 tam-

2216 4034 2377 4088 quam
2411 4018 2655 4072 limbrias
2682 4034 2746 4073 cx
2773 4026 2926 4073 veste
2959 4016 3336 4088 magniﬁcent,
3363 4016 3455 4086 qui
3487 4015 3651 4070 totius
3679 4012 3788 4082 legis

2217 4113 2417 4185 ignari,
2443 4126 2621 4182 neque
2649 4127 2812 4181 opera
2854 4126 3027 4180 neque
3051 4111 3306 4165 virtutem
3334 4110 3455 4177 ejus
3485 4108 3655 4177 ipsius
3681 4104 3792 4174 legis

2217 4204 2538 4275 agnoverint
2563 4220 2576 4257 :
2610 4210 2857 4256 amantes
2876 4201 3083 4270 primos
3114 4198 3396 4254 accubitus
3422 4198 3476 4252 in
3505 4198 3756 4253 conviviis
3779 4236 3791 4259 ,

2219 4295 2307 4365 qui
2338 4294 2451 4364 igni
2478 4303 2682 4348 mterno
2704 4291 3136 4364 (convivantibus
3164 4289 3346 4361 potius
3381 4304 3506 4345 cum
3546 4289 3793 4345 Abraham

2219 4383 2496 4457 gentibus)
2528 4383 2888 4454 deputantur:
2936 4391 2990 4437 et
3030 4383 3229 4451 primas
3253 4380 3543 4436 cathedras
3574 4381 3626 4435 in
3652 4392 3794 4450 syna-

2221 4479 2393 4549 gogis,
2426 4479 2529 4549 ipsi
2550 4478 2828 4533 doctorem
2852 4493 3008 4532 suum
3031 4477 3330 4533 secundum
3356 4477 3488 4547 legis
3513 4484 3570 4532 et
3595 4473 3798 4547 prophe-

526 4568 695 4624 David
722 4575 1154 4638 nuncuparetur,
1182 4564 1273 4636 qui
1301 4565 1419 4635 ejus
1442 4565 1580 4620 ﬁlius
1609 4564 1819 4619 futurus
1847 4575 2031 4629 esset;
2061 4574 2116 4620 et
2142 4578 2196 4638 1)
2223 4583 2396 4626 tarum
2428 4571 2731 4626 testimonia
2780 4571 3094 4626 nescientes
3143 4569 3216 4641 (ᾗ
3278 4568 3370 4639 6);
3423 4569 3520 4624 sed
3548 4579 3602 4624 ει
3629 4568 3798 4623 saluta-

519 4658 882 4732 quomodo'ab
920 4671 985 4712 eo
1005 4656 1207 4712 dictum
1237 4664 1415 4711 esset:
1445 4654 1590 4709 Dixit
1611 4652 1866 4710 Dominus
1895 4655 2115 4709 Domino

520 4767 633 4806 meo
655 4766 675 4805 :
709 4748 848 4805 Sede
867 4765 900 4803 a
929 4749 1123 4803 dextris
1148 4747 1274 4802 meis
1290 4789 1306 4814 ,
1335 4747 1497 4802 donec
1516 4762 1705 4819 ponam
1730 4748 1967 4802 inimicos
2001 4756 2116 4805 tuos

520 4842 804 4898 scabellum
829 4841 1015 4915 pedum
1034 4850 1238 4895 tuorum
1287 4838 1447 4911 (Ibid.
1480 4838 1703 4912 4244).
1724 4839 1856 4895 Erat
1897 4840 2115 4911 quidem

519 4949 707 4989 verum
731 4917 757 4999 ,‘
780 4933 1053 4989 Christum
1099 4948 1163 4987 ex
1214 4931 1388 4987 David
1431 4931 1639 4989 semine
1686 4928 2114 5003 procreandum:

521 5027 938 5089 sedsimilitudo
981 5027 1249 5094 nominis,
1295 5041 1400 5098 qua
1434 5027 1691 5083 Dominus
1719 5029 1950 5084 Domino
1970 5028 2118 5085 dice-

519 5120 654 5188 bat,
684 5128 742 5175 et
768 5135 871 5190 qua
901 5137 931 5173 a
961 5120 1168 5176 dextris
1195 5120 1536 5187 collocabat,
1576 5121 1751 5176 donec
1780 5135 1970 5178 omnes
2011 5122 2121 5176 ini-

520 5212 692 5267 mieos
714 5211 970 5267 subderet
991 5211 1218 5282 pedibus
1240 5212 1429 5281 ipsius,
1457 5212 1797 5284 signiﬁcabat
1816 5222 1872 5269 et
1892 5212 1962 5268 de
1985 5227 2116 5269 con-

519 5424 839 5495 prmsignata
871 5463 886 5487 ,
923 5421 1076 5495 cujus
1102 5419 1510 5495 intelligentiam
1531 5436 1638 5477 non
1658 5420 1998 5495 assequimur
2018 5418 2122 5476 nisi

472 5500 475 5503 '
516 5492 885 5550 meditatione.
932 5492 994 5547 V.
1030 5493 1108 5548 lit.
1132 5492 1188 5558 2,
1220 5492 1308 5546 Ps.
1339 5506 1530 5557 cmu,
1561 5508 1617 5548 ιι.
1649 5492 1736 5547 li.

588 5564 667 5638 (τι)
694 5565 753 5619 In
780 5580 877 5620 sex
899 5563 1411 5638 mssa‘meditabatur
1438 5561 1925 5638 adventus:_minus
1954 5577 2118 5638 vere,

516 5633 655 5691 cum
678 5638 906 5692 verbum
936 5633 1278 5689 meditabatur
1325 5633 1666 5687 referendum
1699 5633 1768 5687 sit
1796 5633 1862 5687 ad
1895 5635 2117 5689 tacitum

525 5719 722 5775 nomen
757 5708 915 5775 legis,
944 5707 1100 5772 cujus
1128 5712 1322 5775 auctor
1351 5704 1584 5773 Spiritus
1610 5714 1829 5775 sanctus
1862 5705 1913 5765 in
1940 5705 2117 5760 omni-

521 5775 620 5829 bus
651 5772 793 5831 illius
814 5772 983 5846 gestis
1010 5773 1284 5831 Christum
1312 5772 1476 5831 unum
1522 5773 1885 5846 prospiciebat
1908 5782 1972 5834 ac
1994 5789 2110 5831 me-

2228 4666 2403 4721 tiones
2448 4666 2499 4719 in
2532 4665 2651 4721 foro
2672 4706 2686 4729 ,
2716 4664 2914 4734 quibus
2954 4663 3230 4719 humilitas
3256 4662 3439 4718 cordis
3490 4673 3546 4719 et
3582 4663 3799 4718 ministe-

2225 4758 2367 4813 rium
2390 4759 2443 4812 in
2471 4772 2663 4813 omnes
2692 4767 2777 4813 est
2810 4758 3156 4828 imperatum.
3187 4756 3387 4813 Voeari
3413 4756 3578 4812 etiam
3617 4756 3683 4811 ab
3714 4753 3797 4807 ho.

2226 4849 2462 4905 minibus
2482 4850 2721 4921 magistri
2742 4840 3029 4921 volunt”
3075 4850 3154 4920 7),
3195 4845 3796 4921 doetrinaalegisignari,

2226 4949 2282 4996 et
2307 4941 2620 5011 magistrum
2653 4941 2845 4996 salutis
2875 4949 3149 5011 perpetuae
3172 4949 3512 5010 respuentes.
3546 4941 3673 5007 Quae
3694 4937 3799 5009 quia

2229 5036 2411 5090 omnia
2438 5034 2660 5105 profana
2688 5042 2849 5105 atque
2878 5048 3135 5104 perversa
3158 5041 3346 5089 essent
3367 5074 3384 5101 ,
3414 5030 3803 5089 factorum'imi-

2230 5127 2434 5182 latione
2460 5126 2805 5207 damnantur.
2838 5125 2998 5197 Legis
3018 5134 3198 5181 autem
3226 5125 3538 5193 audientia,
3571 5137 3627 5181 et
3649 5124 3799 5180 dicto-

2228 5232 2348 5273 rum
2368 5216 2697 5283 obedientia,
2711 5217 2834 5286 quia
2862 5214 3139 5272 Christum
3167 5215 3554 5287 loquebantur,
3574 5215 3797 5287 exigitur.

2225 5419 2530 5477 dilabatur:
2561 5428 2619 5474 ut
2658 5435 2722 5474 ex
2765 5433 3085 5490 quaeautque
3127 5416 3245 5471 licet
3277 5432 3504 5490 persona
3529 5414 3799 5490 prophetia:

2226 5490 2454 5564 Spiritus
2476 5492 2540 5547 sit
2561 5488 2793 5564 locutus,
2827 5490 2894 5564 sit
2920 5488 3089 5564 tamen
3125 5498 3282 5542 totum
3307 5488 3443 5564 illud
3467 5488 3539 5542 ad
3571 5488 3797 5564 cognitio-

2222 5557 2606 5645 nemnd‘uenlus
2637 5560 3053 5645 "Dominiknostri,
3087 5568 3218 5625 etc.,
3252 5568 3312 5613 ut
3340 5557 3576 5614 habetur
3599 5557 3796 5630 prologo

2223 5631 2791 5775 l_“
2833 5700 3141 5775 potioribus
3189 5716 3325 5759 mss.
3350 5700 3464 5758 Alii
3486 5715 3616 5759 vero
3658 5698 3794 5762 libri;

2220 5771 2389 5831 neum
2408 5774 2460 5828 in
2485 5771 2677 5830 Christi
2704 5772 3048 5843 passionibus.
