3974 6198
113 342 268 400 ill-l9
1009 340 1559 396 COMMENTARIUS
1601 339 1665 393 IN
1706 334 2141 393 MATTIUEUM.
2184 336 2334 391 CAP.
2385 334 2570 390 XXIV.
3324 337 3465 394 1050

188 457 253 511 2.
290 454 611 510 Charitatis
650 465 696 509 et
726 454 1035 510 humilitatis
1076 465 1355 525 pracepta.
1381 483 1453 494 ——
1481 453 1675 508 Verum
1708 453 1759 508 in
1789 461 1842 520 Α
1866 448 2209 504 efﬁcientiam
2286 449 2618 516 continebat,
2668 448 2764 506 sed
2817 449 3178 505 meditabatur
3219 449 3462 506 effectus.

114 548 490 606 contrarium
519 548 802 619 discipulis
818 549 930 618 jam
952 563 1010 603 se
1034 547 1329 603 scientibus
1358 549 1525 602 totius
1547 546 1765 601 hnmili-
1868 541 2002 598 Nam
2041 552 2263 598 ornatus
2301 543 2474 597 altarii
2502 551 2663 612 atque
2695 543 2877 612 templi
2910 559 3014 597 non
3047 543 3364 612 dignitatem
3388 542 3458 598 de

120 641 257 694 tatis
304 648 616 710 prmcepta
670 649 1032 705 consummat,
1087 648 1143 693 ut
1180 638 1527 694 meminerint
1575 653 1765 694 onmes
1869 635 2013 689 cultu
2036 634 2382 700 conciliabat,
2427 634 2519 689 sed
2559 633 2857 689 futurorum
2890 635 3126 703 speciem
3161 633 3227 688 de
3255 633 3456 690 decore

123 731 345 788 fratres
395 747 542 788 esse
585 748 667 796 se,
696 732 748 786 id
789 742 895 797 est,
935 733 1072 786 lilios
1103 731 1338 800 parentis
1377 732 1554 796 unius,
1588 739 1640 784 et
1669 745 1766 801 per
1871 727 2122 798 ﬁngebat.
2159 727 2290 782 Nam
2335 743 2544 792 aurum,
2577 735 2881 796 argentum,
2924 741 3019 794 res,
3065 727 3454 790 aurichalcum,
3510 743 3512 745 ’

115 839 287 878 novae
333 824 661 879 nativitatis
707 825 1108 893 generationem
1154 823 1353 878 terreni
1393 832 1544 878 ortus
1573 837 1762 877 exces-
1868 820 2193 889 margaritae,
2245 819 2536 891 crystallus
2578 820 2851 889 propriam
2897 819 3309 890 signiﬁcantiam
3361 833 3461 890 pro

115 915 265 972 sisse
295 917 640 987 primordia,
669 926 725 972 et
760 932 922 972 unum
952 916 1053 971 sibi
1088 931 1209 972 esse
1240 918 1490 970 omnibus
1526 917 1764 972 caelestis
1868 922 2058 967 natura
2096 912 2516 983 uniuscujusque
2561 913 2762 966 metalli
2809 913 3260 982 complectuntur.
3301 913 3465 982 Igitur
3513 942 3518 948 ο

118 1007 406 1064 doctrina:
446 1009 770 1079 magistrum
793 1051 808 1076 ,
851 1019 906 1064 et
934 1009 1156 1080 gloriam
1185 1009 1404 1062 honoris
1442 1010 1629 1063 :eterni
1659 1008 1759 1062 hu-
1868 1005 2160 1074 redarguit,
2192 1005 2334 1076 quod
2361 1021 2552 1060 aurum
2587 1004 2771 1074 templi
2795 1013 2849 1060 et
2869 1004 3009 1060 dona
3032 1006 3218 1059 altaris
3245 1021 3344 1076 pro
3373 1021 3463 1059 sa-

120 1099 390 1156 militatis
432 1102 780 1158 conscientia
818 1101 1388 1172 capessendam;quia
1413 1102 1760 1158 insolentiam
1870 1109 2269 1154 cramentorum
2334 1098 2593 1168 religione
2637 1106 3062 1164 venerarentur;
3114 1113 3238 1153 cum
3288 1097 3464 1152 honor

125 1194 274 1248 Dens
300 1192 584 1248 humilem
612 1193 903 1250 eﬁ'ecturus
926 1194 1015 1258 sit,
1056 1202 1110 1249 et
1137 1193 1494 1249 humilitatem
1523 1195 1762 1250 elaturos

126 1287 182 1342 in
210 1285 466 1354 gloriam
510 1284 672 1355 (Ibid.
710 1287 882 1358 8-12).

199 1378 558 1434 5.ΡΙιαι·ἱεα²ἰ
589 1377 850 1433 Christum
875 1380 1158 1451 respuendo
1185 1379 1430 1434 claudunt
1459 1380 1662 1434 coelum.
1691 1410 1765 1420 —

132 1471 232 1524 Va:
265 1471 422 1524 vobis
458 1470 666 1526 Scriba:
693 1482 741 1526 et
772 1471 1028 1526 Pliaristei
1065 1474 1364 1546 hypocritw,
1400 1475 1486 1541 qui
1511 1473 1585 1543 (a)
1617 1471 1762 1526 clau-

122 1563 251 1616 ditis
295 1579 536 1635 regnum
573 1563 813 1616 cmlorum
843 1564 914 1636 (Ῡ
964 1564 1074 1635 15).
1120 1566 1530 1620 Sitnulationem
1573 1581 1760 1619 eorum

126 1669 315 1722 pmnae
349 1654 767 1722 significatione
791 1655 1132 1711 condemnat.
1171 1654 1258 1710 Va:
1281 1657 1421 1710 enim
1447 1672 1548 1710 vox
1577 1655 1764 1711 dolen-

130 1747 202 1804 tis
249 1757 362 1802 cst.
399 1747 680 1803 Claudere
719 1758 898 1803 autem
938 1764 1033 1804 eos
1064 1765 1288 1820 regnum
1331 1750 1590 1805 malorum
1641 1749 1761 1805 ideo

1870 1195 2048 1265 potior
2087 1204 2229 1250 esset
2261 1204 2315 1249 et
2344 1193 2530 1248 altaris
2574 1201 2628 1248 et
2659 1193 2865 1262 templi,
2909 1193 3029 1261 quia
3062 1193 3127 1247 ad
3158 1191 3460 1247 futurorum

1868 1287 2105 1358 speciem
2138 1296 2192 1341 ct
2223 1301 2410 1350 aurum
2445 1285 2650 1355 templo
2697 1294 2753 1340 et
2780 1285 2979 1339 donum
3009 1284 3353 1341 dedicaretur
3383 1285 3465 1339 al-

1869 1382 1988 1436 tari.
2039 1382 2104 1435 Et
2131 1381 2252 1435 idco
2287 1381 2609 1436 adveniente
2639 1379 2858 1433 Christo
2886 1378 3132 1434 inutilem
3179 1393 3298 1432 esse
3329 1377 3464 1432 fidu.

1867 1477 2006 1531 ciam
2038 1475 2171 1546 legis
2198 1493 2209 1528 :
2243 1476 2363 1545 quia
2409 1490 2514 1528 non
2547 1475 2598 1528 in
2629 1474 2745 1544 lege
2765 1472 3036 1539 Christus,
3069 1471 3163 1527 sed
3189 1472 3273 1527 lex
3301 1488 3461 1526 sane-

1869 1568 2164 1623 tiﬁcaretur
2192 1568 2245 1620 in
2273 1566 2506 1628 Christo.
2537 1565 2588 1620 in
2620 1581 2722 1635 qua
2751 1565 2912 1620 veluti
2943 1565 3102 1620 sedes
3129 1563 3464 1633 thronusque

1868 1661 1938 1733 (c)
1964 1662 2065 1717 sibi
2094 1662 2299 1731 positus
2325 1661 2414 1715 sit.
2441 1660 2540 1726 Qui
2572 1660 2696 1729 quia
2729 1659 3011 1730 religiosus
3034 1657 3317 1722 habeatur,
3336 1657 3464 1710 reli-

1865 1757 2078 1825 gionem
2107 1755 2172 1808 ab
2192 1770 2258 1809 eo
2282 1768 2505 1808 necesse
2535 1753 2722 1821 estqui
2751 1753 2801 1806 in
2831 1752 2923 1806 illo
2962 1750 3209 1806 considat
3231 1764 3462 1819 accepe-

131 1840 228 1904 ait,
274 1840 416 1910 quia
460 1841 519 1894 in
550 1839 666 1910 lege
707 1841 1110 1897 meditationem
1142 1843 1258 1912 ejus
1286 1858 1405 1912 quae
1446 1842 1499 1896 in
1544 1843 1760 1897 Christo
1792 1850 1838 1909 Β
1868 1848 1936 1901 rit
1965 1863 1978 1898 :
2004 1854 2163 1916 atque
2203 1844 2272 1900 ita
2309 1845 2460 1899 stulti
2491 1843 2730 1910 caecique
2762 1845 2891 1906 sint,
2923 1842 3300 1898 sanctilicante
3329 1856 3466 1912 pra:-

135 1939 223 1986 cst
276 1933 547 1986 veritatis
588 1934 882 2000 occultent,
933 1944 987 1989 et
1025 1949 1347 2002 corporeum
1399 1935 1687 1990 adventum
1729 1952 1758 1988 a

128 2023 430 2094 pr0phetis
459 2025 818 2094 prmdicatum
859 2025 1118 2082 doctrinae
1145 2028 1492 2083 simulatione
1532 2028 1760 2083 absconv

128 2115 306 2182 dant;
362 2118 592 2189 ipsique
658 2133 762 2173 non
816 2119 1075 2174 adeuntes
1127 2120 1266 2175 viam
1322 2121 1640 2176 mternitatis
1706 2122 1758 2176 in

127 2207 385 2274 Christo,
419 2210 586 2265 adire
615 2226 830 2282 quoque
861 2220 1091 2267 caeteros
1119 2227 1226 2266 non
1267 2213 1463 2267 sinant.

206 2301 264 2355 4.
299 2301 410 2368 Qui
440 2303 716 2371 imponant
738 2303 877 2356 aliis.
905 2331 977 2343 -—
1018 2302 1104 2356 Va:
1135 2303 1272 2357 vobis
1313 2303 1509 2358 Scriba:
1535 2313 1580 2358 et
1622 2303 1763 2358 Pha-

133 2394 278 2448 ristei
301 2393 630 2466 hypocritm,
658 2396 745 2466 qui
765 2397 1028 2449 comeditis
1051 2398 1226 2450 domos
1254 2398 1524 2450 viduarum
1549 2401 1565 2466 (
1589 2398 1621 2468 ᾖ
1647 2396 1757 2468 14).

137 2487 278 2544 llinc
310 2492 421 2544 illae
456 2500 589 2544 sunt
614 2491 860 2545 veritatis
887 2491 1104 2558 inlicite,
1151 2490 1276 2546 hinc
1303 2491 1566 2546 adeunda:
1599 2499 1762 2547 caete-

139 2581 216 2635 ris
245 2582 451 2636 salutis
474 2582 750 2646 inhibitio,
777 2592 833 2636 et
861 2583 1009 2652 regni
1041 2584 1280 2638 caelestis
1301 2583 1595 2648 obseratio,
1629 2594 1684 2638 ut
1709 2587 1758 2638 in

140 2673 419 2729 obeundis
465 2673 754 2728 viduarum
799 2674 1048 2730 domibus
1081 2675 1375 2729 retineatur
1418 2675 1662 2737 ambitio,
1705 2685 1762 2730 ut

141 2765 318 2836 longae
346 2767 624 2821 orationis
652 2765 962 2837 dignatione
1001 2769 1321 2838 spolientur,
1354 2779 1409 2822 ut
1437 2768 1615 2823 abhis
1651 2783 1762 2824 cm-

142 2855 299 2912 lestis
340 2859 596 2928 cognitio
651 2865 921 2925 tamquam
965 2873 992 2910 a
1037 2857 1292 2912 thesauro
1333 2861 1582 2929 reposita:
1621 2875 1760 2928 epu-

144 2948 332 3003 lentim
373 2958 702 3019 expetatur,
757 2957 809 3003 ut
859 2949 994 3019 legis
1033 2949 1264 3020 dignitas
1306 2951 1494 3020 gratiae
1543 2951 1763 3005 silentio

144 3048 494 3109 perseveret.
523 3040 591 3094 Et
617 3039 741 3093 ideo
768 3039 1036 3110 accipient
1058 3041 1291 3110 amplius
1319 3041 1606 3110 judicium,
1637 3043 1761 3112 quia

146 3140 199 3183 et
223 3147 446 3200 ptenam
484 3131 687 3200 proprii
723 3130 947 3200 peccati,
977 3141 1031 3186 et
1053 3142 1261 3186 reatum
1288 3133 1479 3188 alien.e
1513 3135 1764 3204 ignoran-

150 3224 238 3277 tiae
270 3224 580 3279 debebunt.
1589 3212 1592 3215 Χ

221 3317 276 3372 5.
329 3316 538 3372 Eorum
573 3317 745 3371 odium
795 3318 846 3371 in
896 3316 1258 3388 Evangelium.
1308 3320 1410 3387 Qui
1461 3338 1610 3390 pmua
1665 3321 1766 3374 du-

157 3411 278 3478 plici
303 3411 592 3482 plectcndi.
621 3442 692 3451 ——
722 3409 813 3465 Va:
834 3411 971 3465 vobis
1002 3412 1200 3466 Scriba:
1240 3423 1288 3467 et
1313 3414 1563 3470 Pltariswi
1604 3416 1766 3487 hypo-

155 3503 320 3570 crittv,
353 3504 444 3572 qui
479 3505 711 3557 circuitis
749 3521 889 3556 mare
928 3515 974 3557 et
1017 3506 1217 3558 aridam
1244 3505 1318 3580 (Ῡ
1371 3507 1482 3576 lii).
1511 3509 1674 3564 Maris
1712 3518 1767 3564 et

157 3604 317 3650 terrae
351 3599 733 3666 peragratione
779 3597 1066 3666 signiﬁcat,
1105 3598 1154 3652 in
1201 3600 1327 3653 totis
1374 3600 1522 3654 orbis
1569 3601 1766 3656 ﬁnibus

163 3702 259 3743 eos
311 3705 439 3744 esse
492 3688 691 3744 Christi
746 3689 1040 3759 Evangelia
1088 3692 1505 3758 obtrectaturos,
1549 3705 1602 3748 et
1631 3696 1764 3765 legis

153 3779 283 3850 jugo
319 3794 513 3836 contra
537 3781 976 3850 justiﬁeationcm
1002 3784 1136 3855 .ﬁdei
1170 3785 1377 3855 aliquos
1412 3787 1763 3841 subdituros:

161 3873 422 3944 prosclyti
453 3873 608 3928 enim
656 3883 781 3928 sunt
825 3889 889 3928 ex
932 3876 1183 3945 gentibus
1214 3877 1264 3929 in
1293 3876 1633 3948 Synagugam
1678 3896 1766 3936 re-

160 3965 324 4034 cepti.
374 3968 624 4032 Quorum
667 3966 967 4021 futurorum
1009 3969 1202 4023 raritas
1229 3971 1279 4023 in
1321 3986 1428 4024 uno
1460 3971 1536 4043 (b)
1567 3973 1770 4027 indica-

167 4064 298 4110 tur:
334 4074 519 4128 neque
569 4059 711 4113 enim
761 4069 882 4128 post
918 4058 1119 4115 Christi
1165 4061 1598 4131 praedicationem
1643 4065 1770 4120 doc-

167 4149 326 4203 trinae
352 4166 544 4204 eorum
573 4150 703 4204 ﬁdes
727 4151 913 4206 relicta
941 4162 1042 4207 est.
1077 4153 1181 4207 Sed
1215 4155 1458 4224 quisquis
1489 4155 1652 4211 fuerit
1681 4173 1771 4211 ac-

170 4246 401 4314 quisitus
434 4247 502 4301 ad
552 4247 787 4316 plebem,
824 4246 964 4300 ﬁlius
995 4247 1053 4300 ﬁt
1078 4248 1362 4316 gehennae,
1396 4265 1570 4318 paenae
1599 4251 1767 4305 sobo-

170 4334 268 4400 les,
311 4348 365 4391 et
396 4339 584 4392 aeterni
604 4337 787 4407 judicii
819 4339 980 4412 785
1026 4339 1312 4393 hacreditas
1343 4358 1355 4391 :
1401 4341 1524 4409 quia
1555 4340 1772 4410 adoptio

172 4444 238 4483 ex
265 4431 524 4500 gentibus
553 4431 784 4486 Ahralue
816 4431 1069 4486 familiam
1101 4433 1302 4486 factura
1323 4433 1410 4487 sit.
1445 4433 1570 4487 Ideo
1592 4443 1769 4488 autem

175 4535 348 4590 parum
372 4502 662 4594 duplicata}
682 4522 787 4577 erit
814 4522 974 4591 ﬁlius,
1011 4523 1132 4592 quia
1179 4539 1354 4594 neque
1397 4526 1769 4579 remissionem

1867 1938 2050 2004 terito,
2075 1937 2410 1991 sanctiﬁcata
2442 1945 2765 1991 venerantes
2796 1935 2869 2008 (ᾗ
2915 1934 3028 1997 17).

1937 2033 1989 2085 7.
2022 2031 2192 2100 Opera
2215 2041 2447 2094 externa,
2477 2031 2573 2083 etsi
2601 2047 2705 2083 non
2731 2029 3029 2093 omittenda,
3050 2028 3269 2082 internis
3297 2035 3467 2082 tamen

1864 2123 2130 2178 virtutibus
2161 2121 2530 2191 post/iubenda.
2555 2149 2628 2161 —
2666 2119 2754 2174 Va:
2802 2120 2938 2174 vobis
2971 2119 3167 2175 Scribtc
3195 2129 3242 2173 et
3273 2116 3467 2171 Phari-

1863 2219 1952 2272 swi
1973 2217 2274 2287 hypocritw,
2304 2216 2390 2286 qui
2425 2214 2690 2268 decimatis
2731 2212 2989 2267 ment/tam
3029 2222 3078 2266 et
3121 2209 3385 2276 anethum,
3417 2220 3464 2265 et

1865 2327 2011 2364 omne
2045 2309 2182 2374 olus,
2227 2317 2283 2362 et
2323 2307 2527 2378 reliqua
2554 2305 2717 2379 (Ibid.
2756 2305 2873 2378 25).
2923 2305 3116 2360 Mentis
3159 2305 3366 2359 occulta
3410 2314 3466 2360 et

1865 2403 2150 2456 obscuram
2187 2401 2521 2455 voluntatum
2572 2398 2907 2468 iniquitatem
2954 2397 3229 2467 redarguit
3271 2413 3284 2450 :
3318 2395 3464 2465 quod

1865 2506 1928 2547 ea
1959 2492 2160 2561 quaein
2209 2489 2431 2544 decimis
2481 2489 2716 2543 menthze
2762 2497 2925 2558 atque
2972 2488 3153 2542 anethi
3189 2487 3274 2541 lex
3321 2502 3458 2557 prm-

1865 2585 2054 2639 scribit
2079 2583 2338 2648 efﬁciant,
2371 2591 2425 2636 ut
2453 2583 2678 2651 implere
2709 2581 2963 2650 legcmab
2991 2579 3294 2635 hominibus
3322 2581 3466 2635 exis-

1869 2676 2164 2739 timentur;
2196 2673 2621 2729 misericordiam
2653 2689 2782 2728 vero
2811 2682 2975 2741 atque
3005 2672 3270 2741 justitiam
3313 2683 3366 2727 et
3400 2671 3464 2725 ﬁ-

1864 2768 1986 2822 dem
2033 2776 2088 2822 et
2116 2782 2332 2822 omnem
2380 2766 2774 2820 benevolentiae
2820 2763 3070 2819 allectum
3121 2763 3460 2834 reliquerint,

1865 2860 2007 2930 quod
2043 2859 2318 2931 proprium
2368 2857 2604 2912 hominis
2651 2856 2888 2912 ofﬁcium
2931 2863 3032 2910 est.
3066 2856 3198 2923 Quia
3229 2855 3469 2910 decima-

1865 2953 1941 3007 tio
1982 2953 2068 3007 illa
2110 2953 2316 3018 oleris,
2361 2966 2482 3021 quae
2527 2952 2578 3004 in
2630 2948 3119 3018 prmformationem
3163 2949 3464 3001 futurorum

1866 3054 1985 3100 erat
2030 3045 2198 3110 utilis,
2251 3059 2356 3098 non
2409 3042 2639 3098 debebat
2683 3042 2858 3095 omitti
2895 3039 3081 3096 :eflici
3128 3049 3307 3094 autem
3365 3040 3469 3094 hoc

1866 3139 2171 3207 oportebat,
2204 3145 2263 3190 ut
2289 3135 2413 3190 fidei
2455 3144 2508 3190 ct
2532 3135 2757 3204 justitiie
2783 3144 2838 3188 et
2882 3131 3270 3188 misericordia:
3296 3131 3464 3201 parti-

1789 3233 1836 3296 C
1867 3231 1968 3287 bus
2012 3229 2201 3294 functi,
2259 3243 2364 3282 non
2417 3228 2720 3282 imitatione
2769 3227 3057 3296 fingenda},
3100 3226 3194 3280 sed
3235 3225 3464 3280 veritate

1868 3322 2171 3378 retinenda:
2219 3320 2510 3374 voluntatis
2549 3319 2802 3390 operibus
2835 3321 3189 3388 placcremus.
3233 3317 3300 3371 Et.
3341 3318 3464 3386 quia

1869 3418 2050 3471 minus
2107 3415 2304 3484 piaculi
2365 3414 3010 3480 esset,‘decimationcm
3064 3413 3230 3467 oleris
3285 3412 3466 3482 potius

1869 3526 2029 3580 quam
2065 3509 2458 3564 benevolentiae
2505 3507 2739 3561 ofﬁcium
2784 3508 3099 3578 praterire;
3134 3503 3324 3558 irridet
3367 3517 3466 3556 eo-

1871 3616 1988 3656 rum
2014 3601 2066 3654 in
2093 3599 2336 3654 colandis
2359 3599 2621 3653 culicibus
2642 3598 2996 3668 diligentiam,
3017 3611 3246 3666 quorum
3273 3597 3323 3648 in
3347 3596 3467 3665 glu-

1873 3692 2066 3748 tiendis
2094 3692 2318 3747 camelis
2348 3700 2493 3746 esset
2535 3693 2759 3758 incuria,
2796 3701 3010 3762 peceata
3049 3691 3300 3746 videlicet
3331 3689 3466 3744 levia

1872 3783 2196 3849 vitanliunt,
2249 3794 2302 3838 et
2353 3783 2719 3854 gravia(mss.
2774 3781 3032 3852 glandia)
3087 3781 3465 3834 devorauliuut

1875 3875 1945 3948 (ir
1991 3874 2106 3947 24).
2143 3875 2246 3929 Par
2275 3889 2488 3944 quoque
2531 3874 2582 3927 in
2623 3887 2718 3927 cos
2751 3889 2923 3942 potine
2951 3872 3308 3937 ,denuntiatio
3357 3880 3462 3937 est,

1871 3971 1961 4040 qui
1984 3970 2180 4024 calices
2213 3976 2271 4023 et
2292 3967 2606 4038 parOpsides
2627 3958 2964 4020 extrinsecus
2988 3966 3254 4030 eluenles,
3278 3981 3465 4019 eorum

1873 4064 2130 4118 interiora
2159 4077 2266 4116 non
2307 4061 2568 4115 mundent
2598 4059 2670 4129 (ᾗ
2713 4059 2805 4127 25)
2843 4077 2854 4111 :
2883 4059 3267 4125 etjactantiam
3301 4058 3462 4110 inuti-

1873 4157 1940 4211 lis
1971 4155 2133 4209 studii
2167 4161 2474 4223 sequentes,
2508 4153 2754 4204 utilitatis
2799 4150 3051 4220 perfecta:
3097 4150 3454 4204 ministerium

1876 4247 2272 4314 derelinquant.
2304 4242 2502 4298 Calicis
2533 4259 2765 4312 namque
2811 4256 2940 4295 usus
2985 4242 3210 4297 interior
3235 4251 3317 4298 est
3342 4260 3354 4294 :
3379 4244 3470 4312 qui

1875 4343 1917 4394 si
1948 4339 2311 4403 obsorduerit,
2352 4337 2478 4408 quid
2521 4337 2761 4406 proﬁciet
2806 4337 2945 4390 lotus
2975 4337 3256 4390 exterius?
3293 4338 3468 4406 Atque

1874 4431 1994 4486 ideo
2026 4429 2294 4486 interioris
2331 4431 2679 4485 conscientia:
2723 4431 2864 4483 nitor
2911 4437 2997 4483 est
3036 4429 3381 4495 obtinendos,
3413 4440 3473 4484 ut

1875 4540 1937 4577 ca
1983 4539 2106 4594 quae
2148 4522 2394 4592 corporis
2436 4529 2561 4576 sunt
2606 4520 2910 4576 forinsecus
2949 4522 3198 4575 cluantur
3231 4520 3302 4593 (ᾖ
3347 4520 3467 4592 26).

175 4625 518 4682 peccatorum
549 4616 619 4670 sit
653 4615 936 4685 gentilium
965 4623 1308 4678 consecutus,
1351 4626 1404 4670 et
1451 4619 1765 4672 societatem
1796 4613 1850 4674 D
1875 4617 2148 4687 Sepulcris
2168 4613 2380 4686 quoq‘ne
2401 4632 2494 4669 eos
2517 4615 2869 4683 comparavit,
2898 4629 3018 4684 qua:
3044 4613 3280 4667 humano
3307 4629 3472 4683 opere

177 4719 362 4759 eorum
387 4705 767 4776 quiChristum
802 4706 1067 4774 persecuti
1099 4715 1226 4760 sunt
1256 4707 1326 4760 sit
1348 4718 1585 4763 secutus.

245 4798 298 4850 6.
325 4797 434 4852 Lex
457 4803 750 4867 futurorum
775 4800 962 4868 forma,
989 4798 1133 4851 sedes
1159 4809 1232 4852 est
1255 4810 1301 4852 et
1319 4799 1536 4853 thronus
1556 4799 1766 4855 Christi.

181 4885 378 4943 Christo
401 4890 696 4944 adveniente
726 4905 819 4943 cur
837 4890 1056 4942 inutilis.
1081 4919 1154 4930 —
1177 4889 1269 4944 l’te
1290 4891 1428 4944 vobis
1453 4892 1604 4945 duces
1629 4893 1769 4960 arci,

181 4981 262 5048 qui
289 4981 462 5035 dicitis
486 4999 502 5035 :
523 4981 841 5049 Quicumque
871 4983 1124 5053 juraverit
1155 4982 1207 5035 in
1237 4984 1501 5054 templum,
1539 4985 1669 5039 nihil
1700 4995 1773 5040 est

185 5069 342 5138 (Ibid.
376 5072 488 5143 16).
517 5072 894 5128 Ιιθνετοηιίειηι
927 5072 1283 5127 humanarum
1309 5073 1770 5141 Observationum,

183 5170 237 5214 et
279 5164 665 5219 contumeliam
723 5165 1057 5234 prophetica:
1106 5164 1411 5219 traditionis
1457 5168 1770 5236 exprobrat.

185 5253 323 5322 quod
353 5255 603 5311 inanibus
645 5257 906 5310 honorem
937 5255 1148 5323 darent,
1196 5266 1250 5312 ct
1281 5257 1631 5313 detraherent
1676 5261 1774 5316 ho-

186 5347 460 5404 norandis.
489 5349 690 5421 Legem
732 5365 964 5420 namque
1004 5349 1121 5420 ipse
1160 5349 1406 5419 dederat,
1455 5362 1509 5407 et
1549 5353 1636 5408 lex
1665 5370 1772 5411 non

260 5547 338 5688 (a)
364 5547 490 5603 Mss.
517 5548 856 5606 Cluditis.....
884 5549 1111 5606 cludere.

289 5619 315 5670 b
384 5619 437 5673 ln
477 5622 706 5688 vulgatis
740 5622 1032 5688 judicatur.
1084 5622 1111 5676 Ε

196 5619 338 5741 ωιμν)
384 5619 437 5673 ln
477 5622 706 5692 vulgatis
739 5622 1032 5694 judicatur.
1084 5622 1306 5680 Rectius
1357 5625 1410 5680 in
1462 5639 1592 5680 mss.
1641 5626 1778 5680 indi-

275 5705 350 5742 ur.

220 5811 241 5838 ._
266 5758 332 5839 (c)
366 5758 419 5814 ld
449 5770 554 5825 est.
586 5761 804 5839 Christo
825 5767 1022 5834 positus
1042 5765 1126 5818 sit.
1155 5765 1255 5839 Qui
1282 5763 1530 5839 Christus
1559 5769 1680 5839 quia
1702 5785 1780 5838 re-

205 5828 424 5897 ligiosus,
463 5847 555 5887 seu
597 5828 860 5902 religione
904 5849 966 5889 ac
995 5828 1343 5891 veneratione
1370 5828 1779 5905 dignus/iubeti-

1873 4711 2127 4778 cultuque
2161 4707 2325 4780 786
2375 4706 2734 4776 splcndeutia,
2781 4716 3114 4759 mortuorum
3164 4705 3376 4758 ossibus
3416 4714 3473 4759 et

1871 4802 2194 4858 cadaverum
2219 4792 2572 4854 innnnnditiis
2600 4800 2824 4853 interius
2860 4798 3178 4852 sordescant
3205 4797 3278 4866 (ᾗ
3327 4795 3420 4865 27)
3450 4812 3466 4851 :

1876 4892 2167 4964 praeferant
2195 4891 2402 4946 scilicet
2435 4891 2682 4945 inanibus
2701 4889 2878 4944 verbis
2899 4887 3122 4958 jus‘titia:
3154 4888 3472 4957 speciosita-

1879 4996 2006 5048 tem,
2039 4984 2271 5038 habeant
2292 4999 2420 5037 vero
2464 4983 2603 5036 intra
2635 4996 2695 5037 se
2728 4981 3072 5036 conscientia:
3094 4995 3209 5034 suae
3236 4979 3465 5036 mentis.

1879 5093 1984 5148 que
2009 5077 2278 5133 [αξιοι-ειη.

1952 5172 2005 5226 8.
2035 5169 2207 5224 Judwi
2244 5169 2516 5239 prop/tetas
2557 5169 2611 5221 in
2643 5168 2816 5221 odium
2861 5167 3084 5221 veritatis
3123 5168 3316 5222 occisos
3359 5184 3463 5221 non

1879 5265 2129 5318 nesciunt.
2159 5291 2230 5302 ——
2268 5261 2358 5315 Va:
2391 5261 2531 5314 vobis
2563 5259 2757 5314 Scriba:
2798 5269 2844 5313 et
2881 5258 3133 5314 Pharisari
3169 5258 3472 5330 hypocrittv,

1880 5359 1967 5429 qui
1989 5357 2262 5427 azdi/icatis
2292 5355 2528 5426 sepulcra
2554 5353 2946 5425 prophetarum,
2968 5366 3021 5410 et
3046 5354 3250 5423 reliqua
3267 5350 3286 5422 (
3304 5352 3338 5420 ᾗ
3359 5349 3473 5420 29).

1885 5567 1968 5611 tur
2000 5557 2202 5626 (minus
2255 5555 2391 5610 bene
2423 5553 2562 5624 apud
2590 5553 2737 5625 Lips.
2780 5565 2832 5609 et
2864 5556 2984 5609 Par.
3023 5553 3300 5626 habebatur
3326 5550 3368 5626 )_,
3398 5567 3477 5626 re-

1887 5621 2130 5698 ligionem
2151 5643 2352 5682 necesse
2371 5621 2720 5698 est_'acceperit
2738 5627 2828 5698 lex
2850 5626 2912 5677 ab
2938 5641 3018 5687 eo,
3041 5625 3125 5690 qui
3150 5624 3204 5676 in
3227 5621 3478 5698 illo'legis

1889 5691 2084 5752 throno
2133 5698 2386 5752 considat.
2439 5696 2510 5750 lla
2557 5691 2905 5750 einendamus
2944 5710 3006 5747 ex
3053 5709 3145 5762 sex
3187 5707 3318 5746 mss.
3368 5691 3480 5758 Nec

1886 5785 2048 5823 sensu
2075 5769 2340 5823 dissident
2379 5766 2580 5832 cmteri,
2620 5769 2670 5818 in
2698 5766 2892 5833 quibus
2935 5772 3112 5818 exstat
3150 5764 3477 5819 consederat.

1889 5840 1955 5892 Λι
1985 5835 2122 5893 male
2150 5841 2200 5893 in
2235 5841 2382 5907 prius
2404 5837 2653 5906 vulgatis,
2679 5833 2923 5896 cati/idat.
