3974 6198
560 291 706 350 1055
1769 269 2012 346 sanest
2058 289 2210 346 tum
2224 290 2309 347 tut
2342 245 2646 348 muscum
3723 292 3832 348 inst;

572 421 781 463 moram
806 405 942 476 fuga:
965 404 1134 476 accipi
1165 411 1376 474 potest:
1401 404 1525 476 quia
1551 404 1758 460 ventris
1782 419 1949 461 onere
1983 406 2154 477 impe-
2179 413 2224 472 Α
2255 409 2369 480 git,
2427 418 2480 464 et
2534 408 2908 480 undecumque
2961 407 3163 464 micans
3226 408 3560 478 ubicumque
3625 411 3830 466 cernitur

564 500 747 567 ditas,
801 500 1170 555 imminentem
1213 507 1513 570 temporum
1562 499 1770 554 ruinam
1820 498 2055 569 ell‘ugcre
2091 500 2164 556 sit
2267 501 2430 574 (lbid.
2459 501 2682 573 22-27).
2712 501 2792 557 Ac
2831 517 2900 557 ne
2940 501 3023 557 vel
3053 502 3154 556 loci
3185 501 3401 572 quidem
3448 500 3608 571 ejus,
3657 502 3709 555 in
3755 518 3835 572 quo

566 592 876 648 molestum.
907 590 1015 667 Sed
1037 591 1164 661 quid
1191 591 1427 647 conditio
1447 634 1462 658 ,
1505 606 1666 646 sexus
1701 600 1756 647 et
1797 594 2162 663 generationis
2267 592 2477 649 futurus
2506 603 2684 660 esset,
2717 607 2962 649 essemus
2985 593 3154 663 ignari
3179 634 3193 658 ,
3226 594 3301 647 ait
3327 610 3340 646 :
3371 593 3692 664 Ubicumque
3716 597 3835 664 fuerit

566 687 702 744 ordo
723 687 1083 743 commeruit?
1111 687 1384 760 Nisil‘lortc
1407 695 1542 743 actas
1570 687 1660 742 illa
1692 688 2004 756 mulierum,
2039 705 2162 759 qua:
2267 702 2451 756 corpus
2473 727 2486 752 ,
2521 687 2591 740 ibi
2614 687 3058 758 congregabantur
3081 686 3269 756 aquila:
3291 683 3458 756 (Ibid.
3483 684 3602 756 28).
3640 685 3839 741 Sancto;

572 786 626 841 in
670 785 761 842 illa
788 795 1030 858 tempora
1061 786 1378 851 inciderint,
1422 787 1640 857 proprie
1685 786 1752 840 sit
1797 785 1972 840 futura
2002 785 2168 841 male-

571 877 737 935 dicta.
769 878 878 934 Sed
901 879 1043 932 absit
1073 879 1237 947 istud,
1274 888 1333 934 ut
1358 879 1648 950 quidquam
1680 879 1770 946 sit,
1799 879 1942 950 quod
1967 877 2166 933 homini

573 969 680 1025 nisi
728 985 824 1024 sua
876 971 1034 1041 culpa
1081 971 1281 1026 malum
1313 972 1424 1026 liat.
1476 972 1591 1027 Non
1624 972 1784 1042 igitur
1825 971 1892 1027 de
1939 970 2166 1026 fetarum

576 1076 743 1117 onere
789 1061 1069 1117 Dominum
1113 1063 1460 1119 admonuisse
1518 1063 1846 1119 credendum
1887 1073 2003 1131 est,
2047 1078 2168 1117 cum

579 1152 711 1208 dicit
745 1171 758 1206 :
799 1153 888 1208 Vae
907 1157 1288 1227 pra-guuntibus
1317 1171 1335 1210 :
1364 1155 1459 1212 sed
1482 1156 1785 1211 animarum
1814 1157 2051 1227 peccatis
2079 1171 2165 1211 re-

578 1246 841 1317 pletarum
869 1247 1174 1304 ostendisse
1200 1249 1542 1318 gravitatem,
1573 1264 1691 1319 quae
1719 1263 1893 1319 neque
1919 1248 1974 1304 in
2019 1255 2160 1304 tecto

579 1341 771 1411 positae
795 1383 808 1405 ,
842 1356 1016 1412 neque
1046 1343 1098 1397 in
1126 1358 1256 1412 agro
1301 1353 1585 1398 manentes
1623 1344 1876 1412 reposita:
1909 1343 2002 1398 ira:
2035 1354 2172 1398 tem-

583 1444 848 1502 pestatem
889 1434 1061 1489 vitare
1101 1435 1331 1506 possint.
1374 1436 1539 1490 Dolor
1569 1437 1712 1492 enim
1741 1445 2079 1507 praegnantes
2108 1451 2175 1491 ex

587 1534 778 1580 natura
825 1527 1175 1597 consequitur
1207 1545 1219 1580 :
1248 1537 1302 1583 et
1331 1535 1516 1598 partus
1559 1528 1679 1584 sine
1721 1530 1884 1584 totius
1932 1529 2176 1600 corporis

579 1618 865 1671 vexatione
914 1633 1020 1672 non
1055 1617 1315 1673 funditur.
1359 1617 1489 1688 Qua:
1534 1635 1663 1690 ergo
1701 1619 1848 1676 tales
1870 1621 2063 1676 anima:
2092 1637 2176 1676 re-

581 1709 860 1779 perientur
882 1751 898 1776 ,
930 1712 982 1766 in
1013 1726 1112 1766 suo
1135 1721 1190 1766 et
1215 1727 1383 1769 onere
1412 1721 1468 1768 et
1506 1713 1696 1770 dolore
1719 1714 2160 1770 continebuntur.

2271 778 2338 834 de
2369 778 2552 833 volatu
2601 779 2860 849 spiritalis
2911 780 3163 850 corporis
3209 778 3422 851 aquilas
3471 779 3791 846 nuncupavit
3830 798 3840 833 ε

2271 887 2522 942 quorum,
2544 872 2995 942 congregantibus
3019 871 3246 942 angelis,
3271 879 3601 926 conventum
3631 868 3842 924 futurum

2275 963 2329 1018 in
2361 963 2484 1017 loco
2515 960 2588 1033 (b)
2623 962 2887 1032 passionis
2917 962 3174 1016 ostendit.
3231 961 3297 1015 Et
3341 961 3502 1030 digne
3553 960 3666 1014 illic
3710 960 3846 1014 clari.

2280 1055 2403 1110 tatis
2427 1054 2690 1109 adventus
2714 1054 3143 1124 exspectabitur,
3168 1054 3256 1109 ubi
3284 1053 3439 1108 nobis
3463 1052 3695 1124 gloriam
3715 1062 3845 1108 aiter-

2275 1149 2457 1203 nitatis
2485 1148 2734 1218 passione
2755 1163 3033 1219 corporeae
3061 1147 3382 1203 humilitatis
3402 1157 3667 1218 operatus
3695 1155 3790 1202 est.

2743 1295 2903 1368 791
2941 1291 3170 1350 CAPUT
3209 1291 3405 1348 xxw.

2279 1410 2360 1466 De
2388 1410 2495 1465 sole
2522 1410 2820 1473 obscurato,
2855 1408 2978 1462 luna
3013 1417 3058 1460 et
3086 1405 3272 1461 stellis.
3307 1405 3420 1477 (De
3450 1407 3601 1477 signa
3625 1406 3776 1473 ﬁcus,
3802 1407 3849 1460 de

2351 1503 2452 1556 diei
2479 1501 2727 1555 adventus
2771 1498 2980 1553 Domini
3022 1497 3421 1564 inccrtitudine,
3455 1497 3519 1552 de
3555 1499 3850 1553 assumenat's

2351 1605 2396 1651 et
2427 1595 2793 1665 relinquendis,
2826 1604 2874 1647 et
2897 1593 2958 1647 de
2985 1592 3249 1664 vigilantia
3277 1592 3554 1646 servanda.
3609 1590 3732 1646 Haec
3773 1591 3850 1646 ab-

2353 1698 2480 1745 sunt
2501 1705 2528 1742 a
2549 1690 2705 1762 mss.)

583 1803 750 1876 79o
773 1803 882 1859 Illis
912 1820 1122 1876 quoque
1157 1821 1239 1860 va:
1279 1807 1384 1861 erit
1433 1822 1553 1878 quae
1601 1810 1926 1863 nutrientur.
1961 1809 2056 1862 Est
2099 1809 2182 1862 in-
2211 1810 2259 1870 B

585 1893 754 1948 lautia
797 1896 937 1951 lacte
978 1895 1201 1965 depulsa
1249 1914 1355 1953 non
1408 1899 1587 1953 minus
1615 1899 1680 1953 ad
1724 1899 1899 1970 fugam
1933 1901 2177 1969 inutilis,

586 2000 747 2050 quam
791 2001 852 2041 ca
893 2001 1012 2056 qua:
1043 1987 1339 2043 etiamnum
1376 1989 1516 2045 lacte
1559 1990 1753 2044 alatur.
1805 1989 1874 2045 Et
1911 1991 2182 2062 quomodo
2219 1971 2228 1978 ’

584 2078 768 2133 vmilli
804 2093 926 2150 qua:
954 2082 1263 2148 nutriatur;
1313 2098 1434 2137 cum
1485 2083 1617 2138 nihil
1662 2084 1876 2140 intersit
1904 2087 2079 2141 artatis
2120 2101 2185 2143 ac

589 2172 876 2240 temporis,
908 2173 1098 2227 nutriri
1129 2173 1290 2239 lacte,
1333 2185 1386 2230 et
1425 2174 1724 2232 decessisse
1754 2176 1822 2232 de
1855 2176 2034 2234 lacte?
2066 2178 2175 2235 Sed

588 2262 812 2333 perinde
844 2262 931 2318 hic
977 2264 1139 2320 etiam
1173 2265 1540 2322 infirmitatem
1584 2268 1922 2338 animarum,
1959 2286 2079 2341 qua:
2117 2271 2183 2326 ad

593 2357 958 2426 Cognitionem
1013 2357 1103 2412 Dei
1154 2369 1423 2430 tamquam
1456 2360 1596 2416 lacte
1639 2361 1816 2417 adhuc
1861 2361 2072 2417 alantur
2099 2378 2186 2418 os-

597 2447 771 2503 tendit
804 2467 817 2504 z
845 2465 966 2519 qua:
997 2449 1220 2520 perfecti
1273 2453 1377 2507 cibi
1419 2452 1617 2508 virtute
1665 2453 1966 2525 indigentes
1994 2496 2008 2519 ,
2040 2457 2185 2511 tenui

593 2543 790 2599 divina:
829 2545 1154 2615 cognitionis
1203 2546 1529 2619 inllrmoque
1584 2557 1801 2619 gustatu
1852 2550 2182 2606 imbuantur.

593 2633 663 2690 Et
690 2634 893 2690 idcirco
925 2652 1003 2690 va;
1034 2637 1165 2706 ipsis
1199 2638 1304 2692 erit
1337 2657 1349 2693 :
1383 2640 1505 2706 quia
1533 2647 1588 2694 et
1609 2639 1673 2693 ad
1697 2639 2062 2710 etl'ngiendum
2093 2657 2189 2694 an-

593 2727 899 2782 tichristum
932 2743 1148 2798 graves,
1177 2738 1230 2784 et
1253 2729 1320 2784 ad
1352 2730 1724 2786 sustinendum
1765 2732 2061 2802 imperitae,
2088 2747 2189 2789 nec

594 2830 812 2890 peccata
864 2819 1181 2891 ellugerint,
1227 2837 1326 2878 nec
1367 2823 1547 2878 cibum
1607 2824 1715 2878 veri
1766 2824 1917 2894 panis
1964 2839 2186 2895 accepe-

595 2911 724 2965 τὶιιῑο
2292 2930 2326 2976 ti
2349 2963 2364 2988 ,
2397 2921 2493 2990 5i)
2527 2919 2646 2973 :sic
2671 2917 2861 2973 civitas
2899 2916 3149 2972 omnibus
3187 2913 3620 2984 contemplabilis
3659 2911 3855 2983 (Matth.

670 3003 723 3058 7.
761 3000 910 3074 Fuga
950 3003 1002 3056 in
1027 3003 1204 3074 hyeme
1231 3013 1319 3058 aut
1347 3004 1554 3060 sabbato
1582 3047 1597 3070 ,
1628 3005 1774 3075 quid.
1802 3035 1874 3046 —
1907 3007 2081 3076 Atque
2112 3005 2192 3060 id-
2291 3029 2344 3078 v,
2382 3014 2446 3067 14
2474 3020 2529 3066 et
2551 3009 2639 3082 15)
2671 3031 2684 3066 :
2720 3011 2800 3065 sic
2822 3009 3005 3065 lucens
3028 3007 3301 3068 universis
3323 3007 3504 3060 lumen
3536 3004 3608 3076 (c)
3630 3005 3678 3058 in
3703 3004 3858 3074 ligno:

597 3094 744 3149 circo
771 3110 928 3149 orare
958 3095 1313 3151 admonemur
1333 3137 1349 3161 ,
1380 3112 1448 3152 ne
1500 3098 1582 3151 vel
1625 3096 1818 3168 hyeme
1851 3097 1966 3168 luga
2009 3108 2188 3154 nostra
2292 3104 2372 3160 sic
2391 3120 2458 3159 ex
2486 3103 2790 3158 humilitate
2818 3103 3010 3157 mortis
3041 3099 3121 3169 (ά)
3151 3099 3240 3154 Dei
3271 3098 3461 3170 gloria.
3501 3096 3730 3165 Quarum
3758 3110 3858 3149 om-

597 3187 683 3241 vel
713 3186 938 3241 sabbato
967 3187 1068 3252 sit,
1098 3186 1149 3241 id
1178 3196 1294 3252 est,
1321 3203 1389 3243 ne
1419 3198 1512 3242 aut
1554 3189 1605 3242 in
1640 3197 1914 3259 peccatum
1947 3189 2148 3260 frigore
2173 3231 2186 3258 ,
2217 3187 2262 3251 C
2297 3194 2442 3249 nium
2473 3209 2650 3249 rerum
2681 3193 2916 3259 iudicio,
2949 3192 3088 3247 scire
3117 3204 3216 3244 nos
3247 3189 3418 3244 voluit
3450 3199 3662 3257 tempus
3688 3194 3858 3239 nostra:

2359 1805 2407 1859 l.
2439 1802 2709 1858 Gloriosus
2750 1801 2940 1858 Christi
2977 1800 3223 1855 adventus
3258 1800 3463 1872 quando
3504 1808 3552 1854 et
3596 1799 3772 1869 qualis.
3797 1827 3853 1838 ~—

2287 1898 2479 1952 Statim
2526 1907 2697 1952 autem
2748 1907 2862 1967 post
2911 1895 3290 1950 tribulationem
3335 1892 3540 1948 dierum
3568 1893 3852 1947 illoruntsul

2287 1991 2665 2057 obscurabitur,
2695 1999 2749 2044 ct
2784 1989 2986 2059 reliqua
3021 1987 3233 2060 (Matth.
3278 2003 3440 2052 χχιιι,
3472 1987 3595 2056 29).
3637 1985 3849 2042 Gloriam

2287 2083 2550 2138 adventus
2570 2084 2652 2137 sui
2681 2093 2735 2138 et
2759 2083 3022 2138 claritatis
3050 2081 3283 2137 reditum
3313 2079 3520 2136 indicat
3544 2079 3846 2135 obscuritate

2287 2176 2419 2230 solis
2440 2217 2452 2239 ,
2475 2174 2777 2230 delectione
2808 2175 2974 2241 lunae,
3006 2189 3134 2230 casu
3159 2173 3462 2236 stellarum,
3487 2173 3739 2227 virtutum
3761 2187 3854 2227 eteo

2287 2268 2502 2322 lestium
2531 2277 2677 2322 motu
2704 2309 2720 2332 ,
2754 2268 3067 2323 ostensione
3097 2265 3237 2336 signi
3286 2265 3545 2320 salutaris
3571 2307 3586 2329 ,
3630 2266 3856 2319 lamenta-

2289 2361 2435 2416 tione
2465 2361 2706 2432 gentium
2742 2359 3180 2430 cognoscentium
3210 2357 3378 2412 lilium
3423 2355 3664 2412 hominis
3703 2357 3749 2410 in
3777 2355 3853 2410 Dei

2287 2453 2456 2524 gloria
2487 2494 2502 2518 ,
2531 2462 2588 2509 et
2609 2454 2674 2508 ad
2723 2453 3099 2509 collectionem
3154 2460 3466 2506 sanctorum
3521 2449 3854 2504 destinatione

2287 2545 2601 2615 angelorum
2631 2561 2752 2600 cum
2782 2547 2946 2612 tubae,
2973 2545 3024 2599 id
3055 2554 3171 2609 est,
3209 2543 3321 2612 jam
3359 2542 3593 2612 publica:
3623 2540 3855 2595 libertatis

2295 2638 2510 2695 hortatu
2542 2640 2614 2711 (7
2665 2642 2734 2696 3t)
2779 2649 2832 2695 et
2858 2637 2975 2710 51).
3008 2638 3098 2694 Sic
3126 2637 3230 2693 erit
3253 2635 3322 2691 de
3349 2651 3521 2706 grano
3563 2635 3758 2704 sinapis
3785 2648 3854 2686 ar-

2289 2733 2388 2788 bor
2418 2734 2606 2804 ingens
2653 2732 2878 2804 (Matth.
2913 2747 3044 2798 xm,
3071 2731 3166 2799 3i)
3191 2748 3205 2786 :
3234 2731 3313 2785 sic
3359 2728 3428 2784 de
3473 2727 3647 2799 lapide
3684 2727 3854 2783 montis

2289 2828 2521 2882 contrita
2546 2826 2777 2896 imagine
2806 2824 2994 2879 orbem
3027 2832 3185 2878 terrae
3225 2836 3383 2877 mons
3411 2834 3682 2887 occupans
3703 2816 3852 2891 (Dan.

601 3286 694 3334 aut
721 3279 777 3334 in
803 3281 914 3334 otio
945 3281 1209 3336 bonorum
1240 3295 1462 3350 operum
1495 3283 1832 3350 reperiatnur
1861 3299 1874 3335 :
1906 3283 2029 3352 quia
2068 3297 2194 3353 gra-

601 3371 685 3426 vis
716 3372 931 3426 vexatio
971 3372 1245 3427 incumbet
1289 3381 1342 3427 et
1384 3373 1741 3442 intolerabilis
1793 3373 2042 3439 cunctis,
2094 3373 2197 3428 nisi

601 3465 746 3537 quod
790 3480 955 3520 causa
998 3466 1296 3522 electorum
1328 3468 1422 3522 Dei
1463 3469 1653 3523 diebus
1683 3467 1790 3522 illis
1836 3468 1904 3523 sit
1957 3468 2194 3522 brevitas

601 3560 896 3626 all‘erenda,
913 3569 971 3616 ut
991 3561 1097 3615 vim
1121 3561 1540 3616 incumbentium
1565 3562 1826 3616 malorum
1859 3570 2191 3616 coarctatum

603 3651 937 3724 digrassandi
973 3663 1182 3722 tempus
1206 3663 1496 3723 exsuperet
1522 3651 1687 3726 (Ibid.
1716 3653 1788 3707 20
1827 3661 1882 3707 et
1911 3651 2031 3720 2i).

677 3745 731 3798 8.
771 3743 1345 3814 Pseudoprophetarunt
1371 3755 1600 3799 conatus.
1633 3743 1860 3815 Aquilae,
1885 3744 2068 3798 sancti.
2095 3742 2202 3796 Atl-

612 3846 792 3891 uentus
821 3837 1012 3893 Christi
1051 3837 1194 3892 locus
1236 3839 1339 3903 ibi,
1385 3839 1472 3892 ubi
1501 3838 1776 3910 passionis.
1801 3867 1874 3878 -—
1902 3838 1970 3892 Et
1998 3838 2119 3908 quia
2149 3838 2198 3891 itt

604 3943 796 3996 magna
823 3930 1103 3982 vexatione
1156 3929 1340 3997 positis
1387 3929 1898 3998 pseudoprophette,
1931 3941 2200 4000 tamquam

607 4030 934 4090 praesentem
985 4020 1038 4073 in
1066 4017 1284 4074 Christo
1312 4036 1470 4089 opem
1507 4021 1615 4076 sint
1662 4021 1947 4076 iudicaturi
1974 4063 1988 4087 ,
2021 4023 2203 4078 multis

2300 3287 2720 3357 redemptionis,
2753 3301 2861 3356 quo
2882 3299 2955 3340 ex
2987 3283 3336 3353 corruptione
3365 3295 3652 3350 corporum
3695 3280 3742 3332 in
3780 3275 3861 3330 ho-

2299 3392 2487 3434 norem
2519 3375 2779 3447 spiritalis
2808 3375 3124 3430 substantia:
3148 3372 3559 3428 transleremur.

2369 3469 2423 3523 2.
2456 3469 2649 3523 Ramus
2669 3469 2808 3536 'Iicus
2837 3467 3189 3521 antichristus.
3221 3465 3324 3533 Qui
3353 3464 3664 3537 frondescttt.
3693 3461 3862 3515 —Co-

2299 3559 2593 3632 gnoscendi
2617 3570 2795 3614 autem
2829 3560 3086 3626 temporis
3109 3558 3320 3628 signum
3349 3558 3404 3612 in
3443 3555 3778 3611 similitudine
3803 3552 3854 3606 li-

2301 3667 2397 3708 cus
2417 3652 2626 3706 arboris
2658 3651 2832 3722 posuit
2865 3649 3076 3721 (Matth.
3112 3664 3272 3716 xxrv,
3303 3648 3396 3721 32)
3422 3667 3436 3704 :
3463 3649 3618 3720 cujus
3647 3661 3758 3702 cum
3788 3659 3862 3698 ra-

2302 3761 2423 3802 mus
2474 3754 2626 3799 tener
2655 3744 2813 3811 fuerit
2853 3755 3014 3814 atque
3044 3741 3383 3811 l'ronduerit,
3418 3752 3530 3797 tum
3583 3755 3738 3812 prope
3760 3753 3861 3792 esse

2303 3845 2464 3891 testas
2494 3837 2823 3908 intelligitur.
2871 3835 2976 3891 Sed
3023 3835 3182 3906 longe
3225 3835 3326 3890 alia
3365 3845 3553 3890 natura
3605 3845 3655 3889 et
3691 3832 3862 3888 :cststis

2304 3938 2360 3984 et
2380 3929 2589 3985 arboris
2617 3937 2718 3984 est.
2749 3928 2805 3984 In
2846 3928 2988 3984 veris
3018 3928 3190 4000 (verni
3223 3926 3513 3999 temporis)
3554 3928 3691 3982 enim
3720 3924 3857 3978 initiis

2305 4021 2617 4077 intumescit
2647 4038 2659 4076 :
2688 4029 2741 4074 et
2767 4037 2872 4074 non
2900 4021 3149 4089 exiguum
3182 4028 3394 4090 tempus
3419 4029 3505 4075 est
3533 4018 3772 4082 medium,
3799 4015 3864 4068 in-

607 4111 660 4167 in
693 4110 827 4166 locis
855 4109 1128 4166 Christum
1171 4128 1292 4168 esse
1323 4122 1484 4184 atque
1523 4114 1708 4171 haberi
1748 4118 2076 4171 mentientur
2099 4159 2114 4184 ,
2148 4128 2206 4174 ut

607 4203 660 4259 in
689 4203 992 4260 antichristi
1026 4204 1338 4261 famulatum
1367 4207 1657 4278 depressos
1688 4219 2013 4280 vexatosque
2039 4211 2207 4266 dedu-

605 4307 769 4363 cant;
803 4314 948 4355 nunc
982 4301 1031 4353 in
1062 4299 1294 4355 desertis
1320 4316 1441 4356 esse
1467 4301 1714 4356 dicentes
1738 4343 1752 4367 ,
1783 4311 1844 4358 ut
1879 4318 2065 4359 errore
2111 4304 2208 4359 de-

609 4400 871 4460 pravent;
907 4406 1050 4446 nunc
1075 4391 1128 4444 in
1158 4393 1524 4462 penetralibus
1553 4403 1891 4462 asserentes,
1931 4405 1988 4449 ut
2011 4395 2087 4467 (a)
2109 4397 2208 4450 do-
2308 4393 2456 4450 boris
2483 4395 2636 4448 istius
2660 4393 2988 4464 proprietate
3019 4392 3365 4445 tractavimus
3393 4389 3575 4461 (c.2-l,
3606 4406 3657 4442 η.
3687 4387 3755 4455 8).
3778 4383 3865 4438 Ηυ-

611 4483 865 4537 minantis
892 4492 1159 4552 potestate
1180 4484 1505 4540 concludant
1539 4503 1551 4538 :
1582 4486 1678 4541 sed
1707 4501 1768 4542 se
1802 4487 2061 4542 Dominus
2096 4504 2202 4543 non
2307 4485 2395 4557 jus
2421 4487 2582 4542 etiam
2616 4485 2755 4541 loliis
2785 4485 2952 4539 Adam
2983 4483 3209 4554 legimus
3239 4481 3484 4536 indutttm
3512 4522 3528 4547 ,
3559 4491 3613 4536 et
3640 4477 3863 4552 pudorem

610 4575 732 4629 loco
755 4575 1108 4629 occulcndum
1135 4617 1148 4640 ,
1177 4593 1274 4632 nec
1320 4593 1348 4630 a
1401 4577 1631 4648 singulis
1674 4579 2036 4635 contuendum
2083 4595 2205 4636 esse
2232 4574 2286 4634 D
2310 4582 2655 4635 conscientia:
2695 4580 2932 4643 texisse,
2968 4578 3017 4632 id
3046 4586 3159 4642 est,
3192 4588 3465 4646 tamquam
3517 4575 3712 4646 peccati
3747 4579 3866 4624 veSIc

612 4667 926 4738 proﬁtetur;
960 4668 1054 4723 sed
1088 4669 1409 4740 ubicumque
1446 4680 1502 4726 et
1540 4671 1593 4724 in
1623 4679 1917 4743 conspectu
1959 4674 2200 4728 omnium
2312 4673 2413 4727 sub
2436 4672 2551 4742 lege
2591 4670 3000 4726 circumdatum.
3045 4669 3247 4724 Ramus
3269 4669 3428 4738 igitur
3456 4669 3587 4722 licus
3624 4661 3866 4720 antichris-

611 4769 934 4830 prrcsi-ntem
963 4763 1200 4816 futurum
1224 4761 1384 4816 modo
1417 4763 1670 4833 fulguris,
1709 4765 1854 4835 quod
1899 4765 1967 4820 ab
1997 4767 2205 4821 oriente
2310 4774 2398 4820 tus
2434 4779 2557 4820 esse
2602 4763 2950 4833 intelligitur,
2999 4761 3197 4816 diaboli
3245 4760 3386 4814 ﬁlius
3410 4801 3423 4825 ,
3455 4760 3656 4830 peccati
3689 4755 3862 4827 portio.

612 4856 837 4924 elatum,
865 4855 1044 4912 lumen
1069 4873 1224 4912 suum
1253 4857 1507 4928 usquead
1529 4858 1827 4914 occidentis
1849 4860 2033 4931 plagas
2055 4875 2208 4932 spar-
2285 4859 2446 4929 'legis
2494 4868 2750 4914 assertor.
2783 4855 2886 4924 Qui
2934 4870 3055 4911 cum
3103 4863 3445 4910 tenerescere
3488 4852 3708 4924 cmperit
3740 4859 3866 4916 atque

2307 4126 2390 4172 ter
2419 4116 2470 4171 id
2501 4117 2645 4188 quod
2687 4125 2846 4171 testas
2894 4115 3122 4186 ingruit,
3170 4122 3225 4169 et
3263 4115 3480 4188 arboris.
3521 4127 3694 4168 ramus
3737 4122 3860 4164 tcue-

2307 4207 2469 4266 rescit
2503 4208 2552 4261 in
2582 4207 2820 4262 frondes.
2854 4205 2930 4260 Ex
2958 4221 3084 4276 quo,
3117 4221 3222 4259 non
3251 4203 3320 4259 de
3352 4203 3547 4257 arbore
3574 4203 3670 4257 hoc
3696 4200 3861 4254 dictum

2309 4315 2428 4355 esse
2451 4299 2778 4354 noscendum
2824 4309 2924 4353 est.
2959 4297 3028 4352 Et
3050 4297 3262 4368 quidem
3303 4296 3412 4366 jam
3448 4296 3690 4366 superius
3714 4293 3772 4346 de
3796 4307 3864 4343 ar-

684 5071 758 5142 (a)
779 5070 940 5142 Editi,
970 5040 1708 5142 dominantes._Rectiusmss.
1734 5066 2066 5142 dominantis,
2087 5075 2211 5142 puta

2318 5065 2449 5120 bent
2470 5065 2522 5118 in
2554 5063 2690 5133 ligno
2729 5077 2747 5117 :
2773 5075 2878 5132 quo
2900 5061 3122 5116 nomine
3143 5058 3436 5133 commode
3463 5057 3769 5133 intelligitur
3789 5054 3865 5124 lig-

615 5137 940 5198 antiChristi.
973 5140 1088 5194 Mox
1113 5155 1200 5192 nec
1228 5154 1258 5190 a
1285 5138 1527 5209 singulis,
1562 5137 1610 5209 id
1637 5146 1721 5192 est
1743 5180 1757 5201 ,
1789 5153 1886 5192 nec
1925 5153 1952 5190 a
1983 5137 2206 5206 privatis

2319 5151 2445 5191 num
2475 5128 2670 5200 crucis,
2715 5135 2765 5187 in
2795 5128 2904 5202 quo
2928 5141 3196 5200 tamquam
3225 5131 3277 5185 in
3305 5130 3632 5202 candelabro
3654 5128 3865 5184 Christus

615 5225 669 5270 ct
699 5212 923 5267 seorsim
958 5209 1148 5280 positis
1173 5249 1188 5275 ,
1217 5208 1410 5279 quibus
1453 5208 1649 5263 deinde
1675 5219 1964 5279 opponitur
1989 5209 2042 5261 in
2085 5223 2208 5261 con-

615 5283 1057 5356 spectugontniunt.

688 5353 928 5428 (b);ll_uic
954 5350 1139 5428 Hilarii
1175 5350 1618 5428 interpretationi
1651 5350 1820 5405 lucem
1846 5349 2093 5428 .mutnari
2126 5358 2208 5404 est

617 5420 802 5484 ex'h'is
832 5423 1142 5494 Hieronymi
1175 5423 1225 5476 itt
1248 5424 1502 5494 retnndem
1533 5421 1706 5474 locum
1746 5421 1925 5494 verbis
1961 5420 2208 5494 7:_Possu-

617 5516 731 5553 ntus
761 5507 928 5551 autem
959 5492 1166 5563 corpus,
1201 5493 1256 5545 id
1281 5502 1388 5556 est,
1418 5499 1609 5564 πτῶμα.
1629 5532 1641 5555 ,
1665 5493 1803 5562 quod
1836 5492 2212 5564 signiﬁcantius

620 5571 778 5625 latine
796 5567 985 5620 dicitur
1016 5562 1262 5628 cadaver,
1294 5565 1355 5616 ab
1387 5580 1443 5616 eo
1473 5562 1610 5632 quod
1653 5579 1742 5634 per
1772 5570 1982 5616 mallem
2021 5563 2210 5630 cadat,

621 5641 910 5712 passionem
938 5635 1132 5712 Christi
1168 5635 1469 5712 intelligere.

630 5703 634 5772 ξ
697 5710 769 5781 (ε)
799 5707 945 5781 βίω.
971 5715 1026 5761 et
1068 5705 1157 5781 Er.
1191 5708 1242 5759 in
1266 5707 1391 5758 lino.
1421 5705 1545 5760 Par.
1590 5707 1650 5781 in
1679 5703 1866 5776 lychno
1890 5745 1904 5772 ,
1934 5704 2076 5774 quod
2109 5703 2217 5781 pri.

628 5775 773 5832 mum
804 5776 1018 5846 Lipsius
1061 5775 1126 5830 dc
1148 5792 1246 5830 suo
1284 5781 1560 5843 posuerat.
1590 5775 1721 5832 Nam
1751 5790 1940 5832 omnes
1967 5789 2097 5832 mss.
2126 5777 2219 5830 ha-

2319 5209 2408 5261 lux
2433 5221 2558 5261 vcra
2585 5201 2833 5274 omnibus
2855 5219 2913 5257 sc
2933 5203 3282 5274 spectabilem
3303 5201 3565 5274 praebuit.
3589 5201 3714 5254 lliuc
3741 5211 3864 5274 ςιιιεῐλ

2317 5293 2437 5346 cap.
2472 5280 2528 5343 li,
2563 5294 2618 5330 ιι.
2645 5277 2712 5329 15
2739 5293 2751 5328 :
2775 5273 2897 5327 1am
2921 5269 3128 5328 lucerna
3148 5269 3432 5346 Christi}...
3458 5275 3510 5346 in
3529 5273 3657 5346 ligni
3674 5269 3865 5346 passione

2320 5339 2568 5419 suspensa
2588 5389 2602 5412 ,
2651 5347 2820 5399 lumen
2853 5357 3100 5400 teteruum
3130 5358 3200 5398 est
3226 5346 3278 5398 in
3308 5339 3542 5397 Ecclesia
3570 5339 3864 5396 habitantibus

2351 5420 2613 5474 rwbitura.
3093 5451 3106 5463 .

2315 5437 2613 5490 precanum.
3093 5451 3106 5463 .

2358 5561 2361 5562 ν
2390 5492 2468 5562 (d)
2505 5489 2642 5544 Editi
2681 5503 2812 5562 cum
2860 5486 3101 5562 pluribus
3132 5499 3270 5562 mss.
3302 5479 3866 5562 DeusAgloritraPrjcle‘

2321 5550 2492 5616 rimus
2517 5576 2635 5614 cum
2668 5559 2823 5614 Colb.
2863 5550 2929 5612 ἐι
2977 5557 3141 5630 Corn.
3179 5556 3280 5630 Dei
3298 5550 3512 5630 gloria.
3556 5553 3700 5630 llaud
3724 5550 3864 5630 μυξη

2319 5632 2461 5687 enim
2494 5630 2748 5684 alluditur
2775 5630 2842 5684 ad
2882 5628 3048 5682 verba
3075 5627 3226 5681 Pauli
3252 5623 3390 5681 Phil.
3413 5642 3483 5697 ιι,
3511 5629 3699 5697 quibus
3716 5623 3860 5697 (_‘._l_iris-

2318 5713 2402 5758 tus
2432 5703 2482 5756 in
2509 5702 2678 5771 gloria
2727 5701 2817 5772 Dei
2867 5699 3188 5772 praedicatur
3215 5714 3280 5754 eo
3305 5695 3449 5768 quod
3471 5691 3550 5754 'se
3605 5691 3854 5753 humilia!“

2319 5775 2490 5842 usque
2515 5770 2580 5828 ad
2607 5770 2834 5828 mortem
2864 5770 3061 5827 crucis.
