3974 6198
111 243 236 300 1057

980 241 1519 301 COMMENTARIUS
1549 244 1615 300 ΙΝ
1647 245 2086 306 MATTH/EUM.
2125 253 2281 309 CAP.
2324 255 2536 313 Χλνιι.

3249 262 3388 318 1058

113 356 440 412 frondescere
461 396 474 420 ,
505 361 630 411 tunc
655 354 899 427 proxima
930 371 1051 412 esse
1077 367 1236 413 testas
1255 401 1269 424 ,
1315 359 1365 412 id
1411 367 1493 414 est
1513 400 1528 425 ,
1575 359 1690 415 dies
1717 347 1772 424 Α
1796 362 1898 418 alio
1928 376 2226 435 assumpto.
2283 367 2362 424 De
2392 370 2716 427 molentibus
2746 385 2960 442 quoque
2993 387 3085 442 par
3118 373 3256 428 ratio
3283 383 3387 430 est.

109 450 278 521 judicii
309 450 591 504 sentietur.
617 447 984 507 Frondescere
1024 459 1202 505 autem
1246 451 1474 521 qttadam
1505 466 1692 521 pecca-

113 552 272 598 torum
325 543 705 597 exsultantium
749 542 1018 597 viriditate
1068 553 1323 598 noscetur
1357 564 1369 599 :
1399 545 1500 599 erit
1549 543 1691 600 enim

114 645 213 689 tum
240 633 337 689 ﬂos
363 633 776 690 criminosorum
796 675 812 702 ,
845 644 900 690 et
930 633 1102 691 honor
1131 635 1552 691 facinorosorum
1577 679 1593 701 ,
1640 645 1695 691 et

113 727 267 799 gratia
295 727 634 796 profanorum
670 744 682 780 :
717 727 910 798 quibus
943 736 1120 784 tamen
1147 737 1328 796 aestas,
1355 729 1404 784 id
1425 739 1528 797 est,
1547 728 1696 785 calor

115 821 286 880 aeterni
317 821 452 892 ignis
476 821 528 875 in
557 821 804 892 proximo
831 832 936 877 est.

177 916 227 970 5.
269 914 442 985 Atque
473 922 532 970 ut
557 915 690 972 ﬁdes
721 925 865 971 certa
889 927 1037 973 esset
1067 917 1369 972 futurorum
1393 960 1407 984 ,
1439 934 1587 972 amen
1616 917 1696 973 di-

115 1004 274 1061 cendo
323 1005 656 1074 professione
711 1007 987 1076 veritatis,
1045 1009 1244 1078 adjecit
1291 1010 1696 1080 generationem

118 1109 338 1156 nostram
367 1101 644 1170 praeterire
667 1116 772 1156 non
795 1115 976 1172 posse,
994 1101 1096 1163 nisi
1119 1102 1367 1159 universa
1393 1103 1492 1157 ista
1522 1114 1699 1158 trans-

119 1201 415 1257 currerent,
459 1207 628 1262 eaque
663 1208 782 1262 qua:
848 1193 998 1248 ﬁrma
1045 1195 1448 1259 existimantur,
1502 1196 1700 1251 caelum

121 1285 356 1341 videlicet
377 1295 430 1341 et
464 1295 684 1350 terram,
707 1302 812 1340 non
840 1273 1047 1352 futura;
1083 1287 1245 1342 verba
1268 1297 1446 1343 autem
1469 1303 1563 1343 sua
1591 1304 1697 1343 nou

123 1392 268 1447 posse
295 1393 398 1433 non
424 1393 546 1433 esse
579 1395 593 1432 :
624 1377 787 1452 792
817 1381 940 1450 quia
970 1381 1060 1434 illa
1101 1395 1166 1436 ex
1196 1380 1504 1437 conditione
1543 1396 1698 1437 crea-

123 1471 268 1526 tionis
288 1487 418 1538 suae,
446 1469 498 1525 id
527 1481 629 1538 est,
658 1474 896 1542 profecta
929 1473 1076 1545 (mss.
1108 1474 1364 1544 perfecta)
1391 1475 1458 1530 de
1491 1475 1661 1529 nihilo
1682 1516 1696 1541 ,

120 1563 336 1618 habeant
364 1563 414 1617 id
439 1563 494 1617 in
522 1578 581 1619 se
617 1566 956 1620 necessitatis
980 1574 1036 1619 ut
1066 1582 1169 1619 non
1198 1566 1299 1620 sint
1323 1583 1337 1632 ;
1377 1567 1492 1622 haec
1519 1578 1698 1623 autem

121 1672 179 1712 cx
200 1657 497 1712 mteruitate
524 1657 775 1721 deducta,
809 1658 936 1713 idin
970 1673 1029 1714 se
1059 1658 1370 1715 contineant
1400 1661 1613 1718 virtutis
1643 1671 1700 1716 ιιι

121 1759 356 1804 maneant
385 1748 549 1820 (Ibid.
579 1749 645 1804 st
671 1761 724 1804 et
746 1748 859 1820 55).

182 1839 234 1894 4.
279 1839 425 1895 Finis
471 1851 758 1911 temporum
800 1858 892 1895 cur
917 1858 1020 1896 non
1048 1843 1312 1911 deﬁnitus.
1353 1870 1426 1884 —-
1469 1843 1546 1898 De
1597 1843 1702 1898 ﬁne

125 1943 287 1990 autem
313 1941 619 2004 temporum
641 1948 824 1989 curam
847 1934 1230 1989 sollicitudinis
1253 1944 1452 1990 nostra:
1479 1934 1702 2002 ademit,

126 2024 256 2081 diem
288 2025 436 2080 illum
469 2023 656 2080 dicens
683 2040 804 2081 esse
833 2024 1035 2080 nemini
1066 2027 1365 2097 cognitum,
1399 2033 1454 2079 et
1481 2041 1589 2079 non
1613 2041 1704 2080 so-

122 2117 220 2173 lum
247 2118 469 2188 angelis,
499 2118 593 2173 sed
620 2118 783 2173 etiam
816 2118 915 2173 sibi
948 2119 1253 2188 ignoratum
1299 2116 1464 2191 (Ibid.
1495 2118 1610 2192 56).
1663 2119 1706 2174 0

124 2211 302 2267 divinae
317 2211 1024 2267 bonitatisinmstimabilem
1052 2213 1510 2268 misericordiam!
1536 2212 1706 2268 Num-

125 2304 239 2375 quid
283 2305 423 2361 Dcus
476 2313 630 2374 pater
674 2302 1035 2375 cognitionem
1075 2303 1220 2370 diei,
1270 2303 1481 2360 celandi
1511 2303 1707 2359 Filium

127 2397 412 2468 proposito,
444 2397 765 2469 abnegavit;
799 2413 922 2453 cum
951 2396 1154 2452 dictum
1181 2396 1250 2452 ab
1277 2413 1342 2453 eo
1371 2399 1441 2453 sit
1475 2418 1490 2452 :
1525 2396 1713 2453 Omnia

126 2489 241 2545 mihi
269 2510 300 2546 a
337 2501 481 2563 patre
511 2508 620 2546 meo
661 2492 851 2546 tradita
872 2499 991 2545 sunt
1018 2490 1037 2562 (
1061 2488 1249 2544 Matth.
1274 2507 1347 2558 XI,
1381 2491 1452 2545 27
1475 2493 1538 2563 )‘l
1569 2492 1711 2564 Ergo

128 2601 225 2641 non
267 2587 446 2642 omnia
491 2595 654 2654 sunt,
705 2585 752 2641 si
779 2594 863 2642 est
891 2584 1091 2656 aliquid
1127 2583 1270 2654 quod
1302 2597 1549 2656 negatur.
1604 2585 1711 2643 Sed

128 2679 240 2751 quia
261 2679 328 2734 ad
351 2694 449 2734 nos
481 2679 660 2735 omnia
691 2696 719 2734 a
743 2680 902 2734 Patre
925 2688 1142 2749 accepta
1166 2678 1479 2744 deveheret,
1510 2677 1714 2749 Deique

131 2773 352 2830 Verbum
384 2790 494 2830 non
523 2783 632 2829 tam
661 2773 822 2828 futuri
856 2774 908 2828 in
941 2789 999 2828 sc
1028 2773 1187 2828 ﬁdem
1212 2775 1522 2839 contineat,
1553 2787 1714 2843 quam

130 2864 284 2932 facti;
315 2866 435 2923 ideo
463 2875 616 2922 extra
645 2866 1014 2922 deﬁnitionem
1043 2866 1159 2922 dies
1190 2867 1362 2936 posita
1394 2873 1496 2927 est.
1534 2874 1590 2920 ut
1613 2867 1718 2920 lar-

131 2972 244 3027 gum
276 2957 400 3014 licet
430 2959 576 3013 Deus
603 2957 933 3028 paenitentiae
964 2958 1122 3013 nobis
1149 2968 1360 3028 tempus
1388 2957 1674 3028 indulgens
1700 2998 1716 3024 ,

134 3051 315 3106 incerti
343 3059 526 3106 tamen
554 3060 703 3106 metu
730 3065 946 3120 semper
973 3065 1070 3105 nos
1101 3046 1366 3106 sollicitos
1409 3049 1712 3115 detineret;

135 3156 183 3200 et
209 3146 323 3217 ipse
346 3191 360 3216 ,
398 3146 536 3201 nulli
581 3145 851 3216 loquendo
882 3146 1213 3201 voluntatem
1245 3143 1319 3215 (τι)
1353 3144 1515 3201 dandi
1554 3143 1714 3213 hujus
1746 3131 1791 3194 C

134 3234 230 3292 diei
251 3278 266 3303 ,
312 3238 456 3293 nulla
487 3235 618 3292 dicti
647 3235 730 3291 sui
759 3235 1072 3292 deﬁnitione
1102 3236 1380 3292 cohiberet
1411 3277 1426 3302 ,
1478 3236 1601 3306 quia
1633 3250 1714 3290 se-

135 3331 357 3386 cundum
387 3331 578 3386 diluvii
619 3339 830 3400 tempus
856 3369 870 3392 ,
908 3329 966 3407 in_
992 3328 1110 3398 ipso
1139 3328 1265 3385 vitae
1309 3337 1511 3384 nostra:
1560 3343 1720 3383 cursu

137 3423 309 3478 omnia
338 3422 623 3494 agentibus
654 3421 728 3494 (b)
755 3437 818 3477 ac
847 3422 1198 3491 patientibus,
1228 3437 1456 3491 magnus
1487 3421 1579 3477 ille
1605 3420 1722 3476 dies

138 3514 301 3570 aderit
324 3513 542 3587 (Matth.
578 3528 726 3578 xxtv,
755 3513 869 3583 '58).

202 3607 254 3661 5.
285 3607 540 3663 Discretio
571 3606 802 3676 ﬁdelium
827 3616 874 3662 et
897 3606 1199 3677 inﬁdelium.
1225 3604 1530 3661 Judworum
1553 3603 1693 3658 credi
1704 3631 1722 3645 -

142 3706 364 3754 turorunt
394 3710 442 3754 et
461 3715 564 3754 non
590 3699 984 3766 crediturorum,
1010 3698 1370 3754 hwretitorum
1391 3708 1437 3752 et
1457 3698 1728 3752 catholico-

141 3810 269 3850 rum.
292 3825 364 3835 ——
389 3794 530 3862 Quin
561 3795 722 3851 etiam
749 3795 803 3850 in
828 3794 1170 3850 assumendis
1206 3794 1460 3850 ﬁdelibus
1488 3793 1726 3849 futurum

141 3901 254 3943 esse
278 3887 574 3943 discrimen
602 3886 879 3955 ostendit,
929 3903 1050 3942 cum
1082 3887 1291 3943 duobus
1325 3888 1377 3941 iu
1419 3901 1550 3958 agro
1581 3887 1727 3957 posi-

144 3980 228 4045 tis,
255 3990 565 4036 assumatur
589 3996 728 4036 unus
752 4022 766 4047 ,
791 3988 846 4035 et
867 3979 1006 4035 alius
1035 3979 1407 4050 relinquatur;
1441 3989 1495 4034 et
1521 3978 1732 4034 duabus

143 4073 486 4141 molentibus,
523 4073 856 4143 improbetur
882 4071 1074 4138 altera,
1103 4081 1156 4126 et
1180 4072 1348 4126 altera
1371 4071 1630 4142 eligatur;
1678 4079 1734 4125 et

144 4179 205 4220 ex
233 4165 446 4221 duobus
476 4166 567 4236 qui
601 4166 650 4219 in
681 4166 819 4220 lecto
846 4173 1001 4219 erunt
1029 4203 1044 4230 ,
1081 4161 1359 4218 adhaereat
1387 4177 1524 4216 unus
1550 4203 1565 4228 ,
1594 4161 1734 4216 alter

145 4258 440 4314 deseratur.
484 4257 781 4311 luﬁdelium
809 4257 952 4312 enim
978 4263 1034 4310 et
1072 4253 1312 4309 ﬁdelium
1353 4251 1647 4308 discrimen
1679 4252 1732 4307 in

146 4350 510 4423 relinquendis
574 4349 695 4406 aliis
757 4360 808 4406 et
858 4350 978 4406 aliis
1016 4347 1356 4403 assumendis
1402 4346 1582 4403 docet.
1636 4347 1734 4404 Dei

147 4446 285 4499 enim
315 4445 394 4500 ira
427 4444 835 4514 ingravescente
864 4441 1036 4498 sancti
1083 4439 1180 4514 (ut
1225 4438 1486 4510 propheta
1528 4437 1644 4510 ait)
1680 4437 1734 4495 iu

1792 455 1950 521 Mola,
1980 473 2116 528 opus
2147 460 2278 531 legis
2306 471 2408 517 est.
2436 462 2544 519 Sed
2573 464 2695 534 quia
2719 480 2844 534 pars
2864 465 3175 521 Judmorum
3201 478 3258 522 ut
3286 483 3384 538 per

1795 551 2068 619 apostolos
2097 552 2364 620 credidit,
2414 555 2483 608 ita
2518 571 2614 626 per
2652 556 2822 612 Eliam
2855 565 2939 614 est
2979 557 3287 625 creditura,
3337 566 3393 614 et

1788 639 2133 711 justilicanda
2160 659 2256 714 per
2288 644 2484 700 ﬁdem:
2539 646 2661 702 ideo
2695 662 2798 701 una
2829 662 2926 717 per
2951 647 3196 704 eamdem
3226 647 3391 704 ﬁdem

1796 732 1922 788 boni
1947 735 2124 804 operis
2138 737 2593 806 apprehendetur,
2615 738 2720 796 alia
2738 754 2866 794 vero
2883 738 2955 812 (c)
2980 740 3030 794 in
3057 740 3395 796 infructuosa

1797 823 1933 896 legis
1960 842 2125 897 Opere
2152 829 2487 902 relinquetur
2513 874 2526 898 ,
2573 833 2786 888 molens
2818 833 2871 887 in
2899 848 3115 889 cassum
3143 875 3157 901 ,
3205 843 3259 890 et
3287 850 3398 891 non

1798 917 2000 974 factura
2028 920 2268 978 caelestis
2292 924 2399 979 cibi
2426 939 2641 995 panem.
2669 926 2786 982 Duo
2805 937 2980 983 autem
3003 941 3128 983 sunt
3152 929 3204 983 in
3232 928 3396 996 lecto,

1799 1015 2045 1070 eamdem
2080 1018 2347 1084 passionis
2384 1018 2671 1075 dominicae
2708 1021 2946 1091 requiem
2992 1022 3390 1091 praedicantes:

1801 1105 1943 1161 circa
1970 1123 2130 1176 quam
2159 1118 2212 1163 et
2255 1109 2630 1165 haereticorum
2681 1119 2736 1165 et
2773 1111 3159 1168 catholicorum
3206 1114 3395 1169 eadem

1802 1206 1965 1269 atque
1995 1214 2100 1255 una
2126 1201 2396 1257 confessio
2423 1211 2526 1257 est.
2560 1202 2666 1257 Sed
2697 1203 2821 1273 quia
2853 1204 3110 1261 unitatem
3148 1204 3324 1261 Patris
3347 1214 3404 1261 et

1803 1291 1946 1356 Filii,
1983 1293 2060 1364 (τι)
2088 1301 2141 1348 et
2164 1309 2507 1350 communem
2533 1310 2722 1350 eorum
2749 1279 3067 1362 tlteotetam,
3103 1313 3262 1366 quam
3287 1297 3404 1354 dci-

1806 1392 1971 1439 tatem
2001 1400 2395 1456 nuncupamus,
2425 1387 2816 1442 catholicorum
2842 1388 3040 1444 veritas
3061 1388 3399 1458 praedicabit,

1804 1484 1859 1529 et
1879 1475 2125 1532 eamdem
2148 1492 2360 1532 rursum
2380 1478 2625 1548 plurimis
2659 1479 3002 1535 contumeliis
3023 1480 3402 1536 haereticorum

1807 1565 2010 1623 falsitas
2036 1569 2370 1640 impugnabit
2395 1587 2410 1637 ;
2441 1570 2644 1626 idcirco
2671 1587 2737 1626 ex
2765 1571 2976 1628 duobus
3008 1572 3062 1627 in
3093 1572 3237 1628 lecto
3261 1573 3402 1628 alius

1807 1661 2162 1731 relinquetur,
2195 1673 2249 1717 et
2274 1662 2411 1717 alius
2438 1675 2786 1719 assumetur:
2820 1665 2942 1735 quia
2985 1665 3146 1722 ﬁdem
3187 1665 3406 1721 confes-

1731 1747 1778 1807 B
1807 1754 1976 1808 siouis
2019 1753 2302 1824 utriusque
2346 1753 2399 1811 in
2453 1771 2560 1810 uno
2603 1757 2973 1824 assumendo,
3018 1767 3071 1814 et
3097 1759 3206 1814 alio
3237 1759 3407 1814 relin-

1808 1846 2045 1914 queudo,
2073 1845 2242 1899 divini
2284 1845 2494 1900 arbitrii
2517 1846 2777 1916 judicium
2806 1849 3201 1918 comprobabit.

1879 1935 2041 2009 793
2092 1936 2144 1990 6.
2187 1936 2489 2008 Vigilantite
2528 1939 2816 1993 necessitas.
2848 1969 2919 1979 —-
2945 1939 3120 2011 Atque
3163 1948 3221 1995 ut
3259 1939 3413 2011 igno-

1810 2030 2041 2083 rantiam
2094 2029 2239 2083 illam
2288 2029 2396 2084 diei
2440 2031 2691 2085 omnibus
2735 2031 2923 2096 taciti,
2976 2046 3081 2086 non
3113 2031 3232 2086 siue
3261 2032 3410 2087 utilis

1812 2119 2017 2174 silentii
2048 2119 2260 2176 ratione
2285 2135 2406 2175 esse
2445 2121 2741 2188 sciremus;
2795 2122 3015 2193 vigilare
3044 2138 3144 2180 nos
3185 2135 3408 2195 propter

1810 2211 2098 2266 adventum
2135 2209 2269 2266 furis
2299 2212 2618 2279 admonuit,
2665 2221 2719 2266 et
2757 2212 3062 2268 orationum
3091 2213 3409 2271 assiduitate

1813 2303 2063 2360 detentos
2085 2305 2334 2360 onmibus
2365 2315 2758 2374 praaceptorum
2787 2320 3004 2360 suorum
3033 2305 3291 2375 operibus
3325 2307 3412 2361 in-

1815 2396 2022 2453 haerere
2051 2396 2281 2471 (Matth.
2313 2413 2464 2464 xxxv,
2496 2396 2624 2467 43).
2675 2395 2870 2452 Furem
2901 2398 3047 2452 enim
3073 2412 3193 2453 esse
3224 2408 3411 2453 osten-

1817 2489 1896 2546 dit
1921 2489 2193 2546 diabolum
2214 2532 2229 2556 ,
2282 2491 2349 2546 ad
2380 2489 2711 2546 detrahenda
2739 2506 2802 2545 ex
2833 2490 2989 2546 nobis
3019 2491 3192 2562 spolia
3236 2491 3415 2562 pervi-

1815 2581 2003 2652 gilem,
2033 2590 2086 2636 et
2115 2596 2404 2652 corporum
2437 2592 2741 2639 nostrorum
2769 2583 3023 2640 domibus
3067 2585 3412 2640 insidiantem

1817 2683 1877 2729 ιιι
1903 2690 1987 2742 ea,
2018 2675 2306 2731 incuriosis
2339 2676 2494 2732 nobis
2517 2686 2572 2732 et
2594 2691 2787 2732 somno
2813 2677 3028 2743 deditis,
3058 2678 3408 2733 consiliorum

1819 2787 2040 2828 suorum
2073 2783 2233 2844 atque
2268 2773 2645 2830 illecebrarum
2687 2773 2877 2843 jaculis
2910 2773 3198 2843 perfodiat.
3250 2773 3419 2830 Para-

1823 2875 1907 2922 tos
1932 2867 2096 2938 igitur
2130 2883 2252 2923 esse
2278 2882 2376 2922 nos
2403 2866 2694 2923 convenit:
2740 2869 2864 2939 quia
2895 2866 3003 2923 diei
3035 2868 3300 2938 ignoratio
3333 2868 3417 2923 in-

1825 2967 2027 3014 tentam
2059 2959 2478 3038 sollicitudinem
2514 2959 3244 3030 suspensa:“exspectationis
3287 2974 3420 3016 exa-

1821 3051 1974 3122 gitet.

2370 3173 2598 3231 CAPUT
2639 3173 2851 3233 XXVII.

1823 3311 1902 3367 De
1929 3329 2070 3368 servo
2099 3313 2242 3384 ﬁdeli
2267 3330 2415 3382 quem
2441 3315 2704 3370 constituit
2725 3315 2965 3369 dominus
2988 3328 3139 3384 super
3168 3311 3424 3385 familiam

1896 3420 2078 3472 suam,
2127 3404 2190 3458 de
2225 3405 2398 3460 decem
2438 3405 2720 3478 virginibus
2741 3449 2754 3471 ,
2783 3405 2846 3459 de
2880 3405 3085 3460 homine
3115 3405 3170 3458 in
3211 3419 3423 3477 peregre

1899 3501 2125 3568 profecto
2146 3540 2160 3565 ,
2200 3499 2289 3568 qui
2320 3498 2531 3552 tradidit
2562 3496 2900 3552 substantiam
2926 3513 3070 3551 suam
3107 3495 3265 3552 servis
3291 3495 3421 3551 suis.

1903 3613 1954 3666 1.
1990 3610 2292 3683 Prwpositis
2322 3613 2606 3683 prwsertim
2637 3611 2968 3684 vigilandum.
3009 3610 3284 3684 Prwpositi
3305 3609 3427 3665 dili-

1828 3704 1995 3776 gentis
2026 3720 2154 3774 opus
2192 3720 2252 3757 ac
2279 3721 2488 3757 merces.
2518 3731 2589 3742 —
2621 3703 2748 3770 Quis
2782 3719 2993 3772 namque
3015 3713 3091 3756 est
3120 3703 3290 3773 ﬁdelis
3323 3718 3430 3756 scr-

1830 3813 1922 3850 vus
1947 3805 1993 3850 et
2025 3795 2249 3866 prudens
2278 3837 2293 3863 ,
2335 3811 2482 3865 quem
2508 3795 2768 3849 constituit
2797 3793 3051 3849 Dominus
3092 3810 3242 3865 super
3278 3792 3432 3864 fami-

1833 3887 1957 3942 liam
1994 3887 2176 3942 suam?
2200 3896 2306 3942 etc.
2353 3885 2584 3958 (Matth.
2623 3901 2776 3951 χχιιι,
2808 3884 2940 3958 45).
2995 3885 3328 3956 Quamquam
3377 3883 3432 3940 itt

1833 3995 2122 4035 commune
2172 3995 2271 4034 nos
2315 3979 2382 4034 ad
2435 3977 2759 4036 iudefessam
2808 3979 3098 4047 vigilantiae
3126 3992 3309 4032 curam
3338 3975 3435 4031 ad-

1836 4073 2112 4137 hortetur;
2163 4071 2452 4142 specialem
2495 4082 2672 4124 tamen
2723 4070 2906 4138 populi
2960 4069 3329 4139 principibus,
3379 4067 3434 4124 id

1836 4176 1958 4233 est,
2005 4166 2312 4237 episcOpis,
2371 4165 2421 4218 iu
2469 4164 2873 4234 exspectatione
2933 4163 3275 4232 adventuque
3332 4176 3434 4217 suo

1837 4259 2260 4314 sollicitudinem
2305 4257 2543 4312 mandat.
2595 4256 2748 4310 Hunc
2795 4256 2938 4311 enim
2970 4270 3187 4310 servum
3220 4253 3436 4308 ﬁdelem

1839 4359 2001 4422 atque
2047 4350 2406 4420 prudentem,
2469 4349 2814 4418 praepositum
2859 4345 3080 4402 familiae
3129 4344 3436 4417 signiﬁcat,

1840 4442 2123 4498 commoda
2145 4450 2306 4512 atque
2327 4440 2586 4496 utilitates
2607 4439 2885 4495 commissi
2910 4438 3009 4493 sibi
3034 4437 3218 4508 pepuli
3243 4451 3438 4493 curan-

150 4537 529 4611 promptuariis
569 4535 963 4602 rccondeutur;
1012 4533 1201 4604 perﬁdi
1229 4547 1358 4588 vero
1383 4532 1450 4586 ad
1498 4531 1740 4588 coeleSIis
1762 4523 1818 4586 D
1845 4545 1975 4592 tem.
2005 4535 2105 4603 Qui
2134 4536 2179 4590 si
2207 4534 2353 4590 dicto
2383 4533 2610 4589 audiens
2635 4544 2687 4587 et
2711 4532 2998 4604 praeceptis
3029 4529 3288 4586 obediens
3314 4531 3444 4598 erit,

149 4631 282 4702 ignis
310 4633 590 4688 materiem
634 4631 1007 4701 relinquentur
1047 4627 1266 4702 (Matth.
1298 4645 1392 4696 ιιι,
1423 4627 1540 4700 12).
1593 4628 1740 4682 Duos

152 4724 306 4795 igitur
335 4727 388 4781 in
417 4741 566 4798 agro,
599 4724 734 4780 duos
761 4723 988 4794 populos
1007 4763 1023 4790 ,
1065 4719 1305 4776 ﬁdelium
1335 4730 1389 4777 et
1415 4719 1738 4785 inﬁdelium,

152 4819 200 4872 in
231 4819 435 4876 saeculo
464 4828 733 4889 tamquam
762 4817 816 4872 in
852 4817 972 4872 vita:
1003 4815 1162 4886 hujus
1187 4829 1352 4884 opere
1378 4813 1497 4869 dies
1529 4813 1741 4869 Domini

1847 4629 1901 4684 id
1942 4637 2026 4686 est
2049 4671 2064 4695 ,
2097 4629 2143 4683 si
2174 4627 2432 4703 doctrina:
2459 4625 2861 4696 opportunitate
2887 4623 3205 4692 et;veritate
3232 4623 3443 4679 inﬁrma

1848 4722 2152 4788 conﬁrmet,
2185 4721 2428 4790 disrupta
2458 4718 2785 4784 consolidet,
2815 4717 3104 4787 depravata
3135 4726 3439 4787 convertat,

1850 4823 1904 4869 et
1933 4813 2158 4869 verbum
2187 4814 2309 4868 vita:
2337 4813 2390 4868 iu
2419 4812 2740 4867 :eteruitatis
2765 4811 2947 4866 cibum
2981 4809 3191 4866 aleudte
3223 4810 3445 4867 familia:

154 4911 553 4983 deprehendet;
597 4911 993 4982 separabuntur
1021 4917 1202 4963 tamen
1231 4948 1246 4973 ,
1281 4907 1473 4962 relicto
1502 4905 1611 4962 alio
1638 4947 1653 4974 ,
1690 4914 1746 4962 et
1851 4905 2162 4977 dispendat,
2197 4919 2360 4976 atque
2390 4903 2508 4960 haec
2535 4918 2698 4975 agens
2716 4902 2908 4973 hisque
2936 4903 3231 4960 immorans
3251 4903 3448 4976 depre-

226 5077 563 5151 (a)\Terbum
619 5072 778 5128 dandi
831 5069 1171 5151 desideratur
1205 5068 1258 5123 in
1313 5081 1416 5151 ms.
1448 5065 1727 5151 Beccensi.

158 5138 542 5207 Vult'Hilarius
572 5155 817 5216 tempus,
846 5156 956 5216 quo
994 5142 1133 5196 Deus
1159 5138 1466 5216 huuc‘diem
1492 5138 1736 5216 decrevit

158 5219 276 5278 ideo
300 5238 328 5276 a
359 5219 579 5277 Christo
610 5210 714 5272 non
744 5210 1103 5280 declaratum,
1131 5221 1191 5266 ttt
1221 5210 1421 5265 nullius
1461 5211 1734 5280 paeniten—

161 5297 282 5348 tiam
338 5291 638 5348 cohiberet.
664 5287 923 5356 Quocirca
973 5282 1456 5356 interpunctionem
1514 5280 1740 5356 mutavi_-_

163 5381 278 5419 mus
297 5407 313 5431 ,
346 5377 450 5432 qua
479 5361 532 5415 in
553 5349 709 5432 prius
724 5357 952 5432 vulgatis
998 5349 1162 5432 verba
1190 5352 1552 5432 ,_volun_tatem
1580 5349 1740 5432 dandi

166 5424 316 5508 hujus
339 5424 476 5508 diei,
506 5424 610 5508 non
634 5429 701 5485 ad
725 5427 978 5508 loquendo
996 5467 1012 5490 ,
1044 5426 1139 5508 sed
1168 5424 1233 5479 ad
1265 5425 1518 5508 cohiberet
1539 5424 1743 5508 refere-

167 5494 378 5561 baittur.
414 5494 569 5559 Hunc
599 5494 966 5557 locumfusius
1004 5507 1166 5566 atque
1211 5497 1452 5565 apertius
1504 5494 1742 5564 explica-

168 5587 274 5632 tum
298 5576 496 5632 videsis
518 5574 607 5629 lib.
635 5589 687 5627 ιχ
718 5572 784 5627 de
809 5569 1000 5624 Trinit.
1028 5587 1080 5622 ιι.
1113 5569 1203 5630 57,
1235 5576 1342 5621 etc.

261 5649 312 5718 b)
341 5647 484 5718 Etlit't
504 5656 554 5700 et
587 5645 791 5718 aliquot
821 5656 948 5695 mss.
980 5657 1042 5718 ac
1070 5638 1446 5718 paenitentibus:
1466 5636 1738 5718 A_t_Rom.,

237 5650 312 5775 (b)
341 5650 484 5702 Etlit't
504 5656 554 5700 et
587 5650 791 5714 aliquot
821 5656 948 5695 mss.
980 5657 1042 5693 ac
1070 5650 1446 5710 paenitentibus.
1466 5650 1534 5693 At
1555 5650 1738 5700 ιιοιη..

167 5719 239 5776 Co
263 5721 344 5787 b.,
367 5715 531 5774 Caru.
561 5725 611 5773 et
643 5715 789 5784 Vat,
821 5728 881 5768 ac
908 5710 1235 5784 patientibus.
1288 5709 1443 5781 Apud
1493 5709 1741 5766 Hincma-

1838 5085 1957 5125 rum
1974 5069 2066 5126 lib.
2091 5069 2159 5125 de
2186 5067 2446 5142 Prmdest.
2472 5082 2522 5122 c.
2555 5066 2642 5134 19,
2673 5065 2764 5122 ubi
2793 5064 2907 5124 haec
2927 5076 2982 5126 et
3001 5072 3285 5142 sequentia
3303 5072 3449 5132 insc-

1842 5150 2054 5208 ruutur,
2083 5157 2144 5195 ac
2175 5139 2500 5210 facientibus.

1920 5252 1994 5327 (c)
2019 5253 2367 5309 Caruutensis
2393 5251 2565 5308 codex
2599 5265 2722 5307 cum
2760 5252 2916 5310 Coll).
2962 5254 3070 5310 alia
3113 5272 3229 5312 vero
3256 5257 3452 5329 infruc-

1850 5336 2020 5381 tuosa.

1925 5419 2004 5490 (ά)
2035 5419 2159 5474 Par.
2189 5434 2308 5475 cum
2342 5418 2550 5488 aliquot
2579 5435 2714 5475 mss.
2765 5430 2812 5474 et
2862 5422 3272 5490 communionem
3317 5435 3337 5474 :
3388 5435 3455 5478 ac

1853 5489 2047 5546 deinde
2070 5491 2275 5562 absque
2291 5491 2613 5562 auctoritate
2632 5535 2645 5558 ,
2669 5508 2848 5548 eorum
2876 5489 3197 5562 theotetem;
3224 5491 3311 5544 ubi
3341 5491 3454 5562 Sir-

1852 5561 2083 5617 moudus
2107 5560 2246 5632 apud
2270 5561 2614 5617 Hiucmarum
2644 5563 2710 5618 de
2760 5560 3016 5615 l’rzedest.
3047 5574 3109 5632 c._
3137 5561 3226 5632 19,
3275 5561 3456 5632 posuit

1852 5629 2156 5704 theoteiam,
2180 5651 2301 5703 qua:
2329 5648 2431 5689 vox
2455 5649 2630 5704 neque
2658 5645 2857 5702 graeca,
2887 5644 3062 5698 neque
3097 5629 3289 5686 latina.
3319 5630 3455 5694 Vide

1849 5720 1970 5778 qua:
2000 5703 2066 5759 ad
2095 5719 2213 5776 cap.
2247 5707 2333 5774 16,
2364 5722 2418 5761 ιι.
2443 5705 2496 5772 4,
2523 5703 2805 5761 Observata
2836 5709 2980 5757 sunt.
