3974 6198
575 218 601 275 1
613 219 720 278 065

1779 217 2026 275 SANCTI
2067 215 2324 273 HILARII
2355 218 2658 278 EPISCOPI

3719 225 3832 282 1061

573 337 724 392 homo
751 338 911 394 durus
940 355 1010 405 es,
1044 338 1189 394 metis
1216 338 1303 392 ubi
1330 353 1431 393 non
1463 338 1752 405 seminasti,
1784 349 1830 393 et
1859 340 2059 412 colligis
2088 338 2170 392 ubi
2197 336 2250 400 Α
2278 337 2514 395 fidelium
2555 339 2878 411 corporibus
2918 339 3298 412 mentibusque
3338 338 3744 407 transfunditur,
3786 352 3833 395 ut

571 447 673 486 non
705 432 938 502 sparsisti
963 431 984 504 (
1002 432 1036 501 j'
1057 431 1172 501 9.4).
1203 431 1406 486 Rerum
1445 435 1794 503 prteseutium
1834 444 2023 488 natura
2056 449 2162 488 noa

569 522 673 578 fert
703 539 932 578 messem
963 537 1084 578 esse
1114 523 1234 579 sine
1262 524 1490 591 semine,
1530 531 1586 580 et
1614 526 1796 597 colligi
1826 543 1945 597 qua:
1975 542 2164 597 sparsa

569 629 677 670 non
703 613 936 669 fuerint:
973 614 1067 670 sed
1099 624 1240 670 totus
1265 614 1535 686 spiritalis
1563 615 1646 670 hic
1679 631 1860 672 sermo
1888 627 1987 672 est.
2025 617 2166 672 Dixi-

568 720 690 760 mus
726 705 870 760 enim
911 705 1053 760 hunc
1081 705 1334 776 populum
1363 720 1485 761 esse
1513 706 1579 762 de
1608 707 1746 778 lege,
1779 723 1885 762 non
1915 708 2166 778 ignoran-

567 807 674 854 tem
710 798 921 854 Domini
951 799 1243 855 adventum
1265 810 1320 855 et
1346 801 1586 872 gentium
1612 803 1876 869 salutem;
1910 803 2004 858 sed
2037 804 2163 857 iuli-

566 890 740 947 delem
786 909 799 946 :
851 894 1050 963 quippe
1095 907 1216 948 cum
1267 893 1403 949 sciat
1452 896 1736 951 metendos
1789 897 1899 952 illic
1939 896 2164 966 justitia)

565 983 794 1052 fructus,
830 985 918 1039 ubi
949 985 1034 1040 lex
1063 994 1178 1040 sata
1211 1003 1320 1041 non
1352 987 1444 1053 sit,
1483 996 1538 1043 et
1579 989 1912 1059 colligendos
1938 1005 2002 1043 ex
2029 1005 2162 1058 gen~

564 1078 730 1146 tibus,
755 1079 845 1148 qui
868 1089 1070 1135 non'ex
1098 1080 1331 1136 Abraha:
1361 1082 1472 1136 sint
1494 1083 1661 1152 stirpe
1691 1082 1922 1152 dispersi
1955 1100 1967 1136 :
1993 1092 2045 1137 ct
2078 1082 2162 1137 id-
2227 1136 2230 1138 γ

562 1170 709 1226 circo
731 1170 896 1226 durus
924 1170 1012 1228 hic
1041 1171 1203 1226 homo
1231 1172 1333 1238 sit,
1361 1173 1565 1238 scilicet
1595 1175 1713 1230 sine
1744 1175 1861 1244 lege
1883 1173 2149 1243 justiﬁca-

563 1272 737 1332 turus,
779 1265 896 1320 sine
940 1266 1274 1337 dispersione
1303 1267 1653 1334 collecturus,
1699 1277 1754 1324 et
1799 1268 1917 1324 sine
1951 1267 2163 1324 satione

563 1374 864 1416 messurus.

636 1450 723 1504 11.
773 1450 980 1518 Quanta
1018 1451 1190 1524 culpa.
1238 1451 1366 1518 Quae
1413 1453 1570 1525 hujus
1611 1453 1778 1525 culpa:
1817 1453 2062 1508 uindicta.
2096 1483 2164 1492 —

562 1543 740 1614 Atque
769 1543 890 1600 ideo
933 1544 1036 1600 hoc
1075 1545 1244 1615 magis
1275 1546 1393 1601 sine
1415 1546 1573 1600 venia
1617 1547 1741 1612 erit,
1774 1563 1870 1603 cur
1900 1546 2162 1616 praedica-

564 1635 764 1690 tionem
792 1636 1116 1702 occuluerit,
1141 1645 1196 1699 et
1231 1637 1578 1693 commissum
1609 1638 1713 1694 sibi
1759 1639 2017 1694 talentum
2049 1639 2163 1693 suf-

2269 430 2385 485 hmc
2431 430 2503 502 (b)
2535 431 2883 495 humanitatis
2913 431 3115 500 ofﬁcia,
3159 441 3251 487 aut
3291 431 3519 503 gratiam
3568 447 3712 485 suam
3751 431 3833 485 im-

2269 537 2436 593 pensa
2462 533 2794 590 mereantur,
2825 534 2916 579 aut
2946 523 3210 579 offensam
3238 532 3430 595 negata
3465 534 3831 579 commeream.

2340 614 2394 667 2.
2423 614 2553 670 Post
2581 632 2738 686 quem
2779 633 3115 682 sermonem,
3142 633 3250 687 quo
3286 631 3344 672 se
3377 627 3658 672 venturum
3685 617 3733 672 in
3759 633 3828 671 re-

2269 705 2380 760 ditu
2431 707 2692 763 claritatis
2740 709 3074 776 ostenderat,
3123 724 3266 764 nunc
3310 723 3596 778 passurum
3641 723 3752 763 esse
3785 723 3831 763 se

2268 799 2524 856 admonet
2560 801 2775 872 (Matth.
2816 818 2970 868 xxvi,
3020 802 3073 874 1)
3103 821 3115 856 :
3151 812 3209 858 ut
3246 814 3646 858 sacramentum
3682 803 3832 857 crucis

2268 894 2563 949 admixtum
2602 911 2723 951 esse
2753 896 2939 968 gloria:
2979 898 3300 952 aeternitatis
3341 904 3713 967 agnoscerent.
3746 895 3831 949 Su-

2269 985 2431 1039 mitur
2461 987 2600 1040 inter
2631 987 2746 1042 haec
2774 987 3074 1058 perimendi
3099 987 3214 1058 ejus
3241 1003 3270 1042 a
3300 987 3505 1043 Judzeis
3530 987 3797 1042 consilium
3821 1006 3831 1041 :

2267 1087 2322 1132 et
2351 1080 2689 1151 congregatis
2717 1081 3050 1150 principibus
3077 1082 3446 1146 sacerdotum,
3483 1082 3699 1136 occasio
3725 1081 3834 1134 tanti

2267 1167 2524 1225 facinoris
2546 1181 2887 1242 exspectatur
2919 1172 2992 1242 (Ῡ
3017 1171 3093 1244 4).

2834 1311 3062 1369 CAPUT
3101 1312 3296 1368 XXIX.

2267 1425 2347 1482 De
2366 1427 2597 1494 muliere,
2620 1444 2733 1498 qua:
2752 1428 2965 1482 accessit
2995 1427 3063 1481 ad
3096 1427 3280 1482 Jcsum
3313 1428 3365 1481 in
3400 1429 3610 1482 domum
3633 1428 3831 1485 Simonis

2410 1519 2600 1589 leprosi
2640 1519 2830 1574 habens
2867 1519 3181 1573 alabastrum
3211 1522 3460 1591 unguenti
3491 1523 3714 1591 pretiosi.

2341 1632 2394 1686 1.
2427 1632 2556 1686 Cum
2580 1643 2751 1688 autem
2787 1644 2914 1688 esset
2950 1633 3101 1688 Jesus
3132 1635 3186 1688 in
3212 1633 3466 1689 Bethania
3505 1637 3556 1689 in
3585 1639 3729 1691 domo
3761 1637 3832 1692 Si-

561 1728 752 1785 foderil
777 1771 793 1797 ,
835 1744 956 1785 cum
988 1732 1128 1786 scire
1160 1745 1461 1785 messurum
1507 1746 1628 1787 esse
1670 1732 1789 1787 sine
1829 1732 2040 1788 semine
2062 1773 2076 1798 ,
2107 1740 2153 1788 el

2269 1728 2430 1782 monis
2475 1727 2688 1797 leprosi,
2727 1729 2940 1782 accessit
2969 1728 3038 1781 ad
3078 1744 3192 1781 eum
3221 1729 3406 1782 mulier
3444 1729 3634 1784 habens
3663 1732 3834 1784 alabas-

562 1821 917 1878 collecturum
953 1836 1078 1876 esse
1126 1838 1247 1891 quae
1294 1838 1401 1876 non
1443 1823 1735 1892 sparsisset
1782 1840 1794 1874 :
1845 1823 1942 1878 sed
1982 1824 2160 1891 potius

561 1913 868 1984 oportuisse
898 1928 1021 1968 eum
1041 1913 1434 1969 nummulariis
1473 1914 1627 1979 dare,
1672 1913 1723 1968 id
1765 1924 1871 1981 est,
1906 1915 2161 1970 universo

562 2003 747 2075 generi
800 2003 1104 2070 hominum,
1148 2003 1290 2071 quod
1339 2005 1524 2060 saeculi
1570 2005 1802 2074 negotiis
1845 2016 2158 2077 occupetur,

561 2111 718 2151 usum
746 2095 939 2151 crediti
982 2095 1085 2150 sibi
1131 2095 1317 2151 talenti
1359 2096 1785 2164 communicare,
1817 2096 2046 2152 Domino
2075 2113 2161 2153 re-

563 2187 708 2243 ditus
739 2187 858 2258 ejus
894 2203 923 2241 a
955 2187 1184 2257 singulis
1218 2188 1584 2258 postulaturo.
1618 2187 1700 2243 0b
1736 2203 1896 2259 quam
1942 2189 2158 2260 culpam

563 2278 828 2334 talentum
859 2279 927 2334 ab
957 2294 1025 2334 eo
1049 2294 1156 2334 non
1185 2288 1290 2334 tam
1322 2279 1637 2356 Evangelii,
1671 2279 1814 2351 quod
1841 2280 2157 2350 suffoderat,

561 2389 721 2444 quam
755 2374 888 2446 legis
919 2373 1187 2440 aufertur,
1221 2375 1381 2444 eique
1409 2374 1500 2445 qui
1529 2373 1767 2445 quinque
1795 2374 2160 2445 duplicaverit

560 2465 742 2533 datur,
770 2461 1008 2522 Domino
1044 2466 1262 2522 dicente
1293 2483 1308 2520 :
1341 2467 1496 2521 Omni
1526 2468 1660 2522 enim
1692 2468 1898 2523 habenti
1926 2469 2157 2538 dabitur,

561 2567 610 2612 et
640 2557 920 2613 abundabit
954 2576 973 2612 :
1000 2559 1088 2630 qui
1114 2568 1284 2613 autem
1314 2575 1416 2613 non
1445 2558 1629 2625 habet,
1663 2560 1816 2613 etiam
1846 2560 1985 2629 quod
2013 2561 2163 2617 habet

559 2655 821 2722 auferetur
841 2651 903 2704 ab
932 2667 991 2704 eo
1021 2650 1230 2721 (i229).
1267 2650 1450 2707 Potest
1479 2651 1702 2722 quidem
1733 2652 1944 2707 habens
1979 2653 2156 2708 abun-

560 2741 728 2809 dare;
771 2742 896 2813 quia
927 2742 1081 2797 facile
1111 2750 1216 2809 est,
1253 2757 1350 2811 per
1378 2743 1777 2798 incrementum
1807 2743 1892 2799 vel
1936 2743 2157 2799 munifi-

562 2839 753 2894 centia:
783 2839 864 2894 vel
907 2839 1139 2907 laboris,
1172 2841 1490 2909 opulentum
1532 2856 1693 2912 posse
1722 2841 2034 2900 ditescere:
2061 2844 2159 2900 sed

562 2948 670 3004 quo
708 2933 870 2988 modo
915 2949 1018 2989 non
1073 2933 1278 2988 habens
1319 2933 1542 2990 habebit
1588 2935 1656 2989 ad
1705 2934 2004 2991 damnum?
2045 2936 2161 2992 Hoc

561 3024 715 3090 ideo,
765 3026 887 3094 quia
941 3025 1263 3081 habentibus
1308 3035 1476 3082 usum'
1510 3027 1944 3097 evangeliorum,
1993 3029 2155 3083 etiam

561 3117 699 3188 legis
754 3117 928 3172 honor
978 3117 1224 3172 redditur
1276 3135 1292 3172 :

559 3211 783 3278 Christi,
825 3212 992 3268 etiam
1034 3213 1178 3282 quod
1223 3227 1290 3268 ex
1338 3211 1459 3282 lege
1495 3211 1701 3269 habere
1738 3212 1841 3269 sibi
1873 3212 2162 3269 videbatur

561 3303 808 3370 honoris,
835 3302 1098 3359 aufertur.

1091 3438 1333 3515 (CAPUT
1369 3441 1614 3498 xxvnt.

614 3563 693 3617 De
712 3565 932 3617 adventu
960 3560 1057 3631 ﬁlii
1087 3560 1310 3615 hominis
1337 3561 1581 3615 uenientis
1602 3561 1656 3614 in
1690 3561 1953 3631 majestate
1976 3579 2092 3618 sua.

632 3675 683 3728 1.
718 3674 980 3729 Malorum
1008 3684 1056 3728 et
1085 3673 1332 3728 bonorum
1359 3673 1600 3727 discretio
1629 3673 1684 3726 in
1701 3674 2002 3746 judicio.—-
2028 3674 2156 3729 Cum

557 3776 728 3821 autem
757 3767 944 3822 venerit
974 3765 1117 3834 ﬁlius
1143 3765 1366 3819 hominis
1391 3765 1446 3818 in
1475 3766 1747 3837 majestate
1767 3782 1883 3833 sua,
1909 3777 1956 3822 et
1983 3784 2156 3822 omnes

553 3859 723 3928 angeli
745 3873 864 3910 cum
892 3873 984 3919 eo,
1015 3867 1072 3911 et
1110 3857 1314 3924 reliqua
1348 3853 1565 3928 (Matth.
1603 3871 1738 3920 xxv,
1771 3857 1886 3926 51).
1920 3856 2153 3914 Omnem

557 3951 675 4022 ipse
723 3949 991 4007 sermonis
1031 3947 1190 4019 hujus
1237 3949 1503 4003 rationem
1550 3949 1808 4004 absolvit.
1853 3949 1928 4004 De
1965 3951 2156 4020 judicii

538 4043 702 4100 .euim
733 4053 979 4110 tempore
1007 4039 1350 4111 adventutjue
1378 4049 1794 4120 commemorat,
1827 4055 1932 4111 quo
1968 4041 2156 4098 fideles

555 4136 624 4192 ab
650 4133 959 4190 infidelibus
991 4132 1290 4204 separabit,
1321 4142 1485 4203 atque
1523 4131 1591 4186 ab
1633 4131 1984 4188 infructuosis
2014 4133 2157 4190 fruc-

555 4240 708 4286 tuosa
735 4228 1030 4291 discernet,
1061 4225 1249 4281 haedos
1274 4226 1529 4282 videlicet
1555 4226 1624 4281 ab
1650 4225 1832 4296 agnis,
1859 4233 1914 4280 et
1946 4224 1996 4279 in
2027 4225 2155 4285 dex-

555 4334 667 4381 tera
710 4338 774 4378 ac
803 4321 1021 4377 sinistra
1059 4320 1336 4377 collocans
1365 4334 1806 4389 unumquemque
1825 4358 1839 4383 ,
1871 4317 2033 4388 digna
2062 4327 2157 4375 aut

553 4417 815 4474 bonitatis
855 4425 946 4471 aut
981 4413 1204 4470 malitias
1231 4427 1345 4469 suae
1382 4411 1511 4468 sede
1538 4411 1835 4466 constituet
1863 4424 1877 4462 :
1909 4410 1989 4479 (a)
2014 4410 2156 4467 indi-

2264 1832 2399 1878 trum
2431 1823 2678 1892 unguenti
2709 1823 2940 1892 pretiosi,
2983 1831 3036 1877 et
3077 1822 3283 1893 reliqua
3314 1821 3534 1894 (Matth.
3560 1839 3719 1888 xxvr,
3746 1823 3774 1877 6
3797 1833 3832 1877 et

2266 1914 2342 1984 7).
2369 1914 2480 1970 Sub
2511 1914 2630 1985 ipso
2662 1922 2902 1985 tempore
2929 1914 3196 1985 passionis
3234 1929 3340 1968 non
3379 1931 3448 1969 ex
3479 1916 3645 1970 nihilo
3673 1923 3768 1981 est,
3789 1925 3834 1968 ut

2263 2005 2457 2061 mulier
2508 2015 2842 2076 unguentum
2891 2006 3186 2076 pretiosum
3233 2008 3602 2063 recumbentis
3649 2007 3832 2063 Domini

2263 2097 2428 2167 capiti
2461 2096 2715 2153 infuderit
2743 2115 2755 2151 :
2781 2098 2976 2152 dehinc
3015 2106 3074 2151 ut
3097 2097 3347 2168 discipuli
3394 2099 3765 2166 irascerentur,
3790 2110 3832 2154 et

2262 2187 2508 2244 dicerent
2550 2189 2706 2244 vendi
2740 2189 2882 2244 istud
2921 2190 3101 2260 potius
3147 2191 3199 2244 in
3239 2205 3394 2245 usum
3437 2207 3726 2262 pauperum
3761 2193 3834 2247 de-

2264 2282 2446 2338 buisse
2472 2283 2543 2354 (Ῡ
2565 2283 2600 2338 8
2624 2293 2669 2338 et
2694 2283 2752 2356 9)
2779 2303 2791 2338 :
2820 2293 2930 2338 tum
2955 2293 3011 2337 ut
3035 2285 3292 2340 Dominus
3320 2297 3374 2340 et
3395 2288 3637 2343 mulieris
3659 2286 3830 2342 factum

2262 2375 2667 2445 comprobaret,
2711 2386 2766 2431 et
2803 2386 3064 2431 aeternam
3096 2393 3217 2432 cum
3259 2377 3640 2448 praedicatione
3674 2382 3831 2435 Evan-

2263 2467 2386 2538 gelii
2428 2467 2609 2537 Operis
2653 2467 2815 2538 hujus
2857 2484 2980 2526 esse
3011 2470 3326 2525 memoriam
3365 2473 3658 2542 sponderet
3684 2492 3695 2526 :
3725 2489 3833 2542 pos-

2263 2569 2436 2616 tremo
2477 2569 2533 2615 ut
2564 2570 2685 2630 post
2723 2561 2776 2616 id
2814 2561 2979 2618 Judas
3009 2562 3075 2619 ad
3107 2562 3450 2618 vendendam
3478 2564 3696 2620 salutem
3732 2565 3832 2634 ejus

2262 2663 2590 2725 erumperet.

2331 2749 2387 2802 2.
2420 2746 2613 2802 Mulier
2651 2764 2844 2818 ungens
2901 2745 3157 2802 Christum
3188 2790 3202 2816 ,
3245 2740 3392 2819 plebs
3421 2750 3661 2820 gentium.
3685 2748 3835 2803 Disci-

2261 2843 2505 2912 pulorum
2527 2856 2619 2911 pro
2637 2839 2805 2896 Israel
2827 2841 2988 2911 favor.
3008 2839 3292 2913 Pauperes,
3324 2841 3502 2896 λιιάωὶ
3530 2843 3650 2913 ﬁdei
3667 2841 3830 2911 indigi.

2261 2963 2333 2974 ——
2363 2933 2552 2989 Mulier
2581 2932 2698 2987 haec
2727 2933 2778 2986 in
2821 2933 3256 3002 praetiguratione
3286 2933 3531 3004 gentium
3573 2932 3642 3006 (ε)
3681 2933 3833 3002 plebis

2262 3038 2362 3094 est,
2399 3043 2519 3098 qua:
2560 3029 2612 3081 in
2645 3026 2900 3097 passione
2938 3024 3142 3080 Christi
3186 3025 3413 3096 gloriam
3449 3028 3559 3081 Deo
3601 3025 3829 3081 reddidit.

1341 3135 1450 3172 non
1502 3118 1718 3174 habenti
1765 3129 1946 3176 autem
1997 3118 2158 3176 fidem
2188 3113 2234 3177 C
2265 3119 2438 3191 Caput
2468 3120 2612 3175 enim
2642 3119 2758 3189 ejus
2786 3119 3038 3189 perunxit
3064 3135 3077 3171 :
3108 3128 3269 3189 caput
3290 3130 3472 3174 autem
3494 3118 3691 3174 Christi
3713 3119 3831 3173 Deus

2263 3223 2364 3270 est.
2391 3212 2523 3268 Nam
2565 3211 2645 3284 (ά)
2678 3221 3006 3282 unguentum
3035 3209 3161 3266 boni
3191 3211 3374 3282 operis
3413 3221 3497 3268 est
3536 3211 3746 3267 fructus.
3777 3209 3832 3264 Et

2261 3315 2482 3377 propter
2507 3303 2752 3374 corporis
2779 3317 2962 3357 curam
2987 3303 3273 3358 mulierum
3302 3305 3458 3359 sexui
3482 3304 3708 3358 maxime
3725 3316 3828 3371 gra-

2263 3410 2375 3455 tum
2405 3409 2507 3454 est.
2539 3397 2703 3468 Igitur
2731 3411 2950 3452 omnem
2977 3410 3164 3450 curam
3195 3396 3445 3464 corporis
3473 3398 3578 3463 sui,
3606 3407 3656 3451 et
3680 3405 3827 3448 tutum

2262 3491 2515 3563 pretiosa:
2540 3489 2739 3545 mentis
2769 3487 3024 3544 affectum
3055 3488 3107 3542 in
3130 3487 3395 3544 honorem
3422 3489 3516 3544 Dei
3543 3488 3830 3556 laudemque

2261 3582 2571 3638 transfodit.
2605 3581 2711 3636 Sed
2746 3580 2996 3651 discipuli
3032 3581 3214 3636 favore
3255 3581 3504 3635 salvandi
3536 3580 3754 3646 lsraelis,
3782 3586 3831 3632 ut

2259 3689 2404 3745 saepe
2451 3688 2698 3738 numero,
2745 3683 3157 3728 commoventur
3202 3692 3214 3725 :
3259 3672 3419 3726 vendi
3468 3674 3571 3727 hoc
3608 3675 3658 3727 in
3695 3684 3829 3724 usum

2261 3779 2558 3836 pauperum
2592 3764 2663 3833 (ρ)
2704 3762 2979 3818 debuisse.
3023 3763 3128 3819 Sed
3161 3776 3334 3832 neque
3376 3763 3572 3818 mulier
3608 3763 3716 3819 haec
3748 3777 3829 3816 vc-

2260 3859 2382 3914 nale
2410 3865 2740 3928 unguentum
2769 3856 3198 3912 circumferebat.
3224 3856 3289 3910 Et
3313 3872 3601 3928 pauperes,
3626 3857 3738 3912 fidei
3763 3858 3829 3911 in-

2258 3950 2411 4021 digos
2453 3949 2714 4006 instinctu
2745 3947 3062 4019 prOpbelico
3085 3949 3150 4020 (Ι)
3181 3959 3648 4019 nuncupaverunt.
3674 3952 3828 4019 Atque

2259 4044 2398 4097 hanc
2419 4043 2660 4113 gentium
2691 4037 2848 4097 fidem
2876 4042 2980 4097 emi
3014 4043 3188 4110 potius
3217 4042 3281 4095 ad
3306 4043 3542 4098 salutem
3567 4043 3714 4115 egeni
3741 4044 3824 4096 hu-

2253 4135 2342 4205 jus
2372 4134 2554 4205 populi
2586 4133 2857 4190 debuisse.
2885 4133 3090 4200 Quibus
3135 4134 3393 4189 Dominus
3426 4137 3534 4204 ait,
3567 4136 3824 4207 plurimum

2256 4245 2379 4286 esse
2404 4229 2680 4300 temporis,
2711 4244 2818 4299 quo
2843 4227 3044 4282 habere
3070 4242 3251 4296 curam
3280 4243 3580 4298 pauperum
3609 4238 3822 4300 possent;

2255 4330 2511 4378 caeterum
2543 4337 2650 4376 non
2675 4320 2777 4375 nisi
2814 4334 2883 4375 ex
2914 4329 3184 4390 praecepto
3213 4333 3312 4373 suo
3340 4320 3573 4377 salutem
3609 4321 3825 4392 gentibus

2260 4428 2418 4484 posse
2449 4412 2714 4484 praestari,
2745 4427 2869 4482 qua:
2895 4426 3075 4467 secum
3106 4409 3280 4465 infuso
3311 4413 3558 4468 mulieris
3583 4414 3728 4484 hujus
3746 4428 3825 4466 un-

553 4526 686 4567 cans
703 4525 762 4566 se
784 4511 837 4564 in
869 4508 1108 4565 minimis
1129 4507 1263 4574 suis,
1289 4506 1342 4561 id
1373 4513 1478 4572 est,
1508 4504 1574 4558 iis
1604 4504 1694 4574 qui
1718 4503 1821 4559 sibi
1843 4503 2008 4576 798
2025 4519 2150 4560 cum
2174 4494 2229 4555 D
2254 4515 2454 4578 gueuto
2483 4505 2592 4560 sint
2618 4503 2948 4574 consepultus
2977 4502 3052 4574 (7
3077 4503 3135 4556 11
3172 4510 3224 4558 et
3249 4502 3338 4574 12)
3375 4521 3388 4557 :
3420 4505 3546 4575 quia
3567 4520 3826 4576 regenera.

551 4601 870 4660 humilitatis
911 4617 1024 4657 sua:
1063 4600 1470 4671 exspectatione
1519 4596 1870 4663 famulentur,
1903 4605 1978 4662 ,et
2022 4613 2148 4653 esu-

549 4697 817 4754 rientibus
839 4697 931 4765 ali,
956 4703 1012 4750 et
1040 4693 1346 4750 sitientibus
1371 4691 1567 4763 putari,
1591 4697 1646 4744 et
1675 4689 2147 4758 peregrinantibus

547 4791 846 4855 confoveri,
880 4799 933 4844 et
977 4787 1133 4843 nudis
1181 4785 1416 4856 contegi,
1457 4793 1513 4840 et
1551 4781 1780 4838 infirmis
1820 4783 2048 4852 visitari,
2091 4794 2148 4841 et

546 4885 794 4943 sollicitis
823 4882 1094 4942 consolari
1124 4874 1331 4952 (740).
1380 4879 1458 4935 Ita
1497 4879 1644 4936 enim
1676 4877 1729 4933 in
1769 4878 2146 4937 universorum

617 5069 699 5142 (a)
725 5069 892 5136 Editi,
925 5067 1224 5142 judicans:
1251 5066 1590 5135 corriguntur
1628 5079 1694 5142 ex
1739 5077 1871 5142 mss.
1908 5064 2146 5142 Deinde;

543 5135 744 5212 qui‘sibi
771 5135 897 5212 cum:
914 5135 1215 5212 humilitatis
1244 5153 1359 5212 sua:
1398 5135 1772 5212 exspectatione
1800 5136 2134 5212 famulentur,

541 5205 597 5270 id
632 5222 735 5274 est.
760 5213 849 5280 qui
877 5210 1203 5264 famulentur
1243 5209 1354 5263 Deo
1384 5207 1632 5280 omnibus
1663 5205 1991 5280 humilitatis
2015 5206 2136 5280 offi-

541 5287 661 5348 ciis,
691 5277 919 5356 quorum
962 5279 1373 5356 retributionem
1411 5278 1480 5334 ab
1509 5293 1575 5333 eo
1603 5283 1940 5356 exspectent.
1971 5277 2049 5356 _lta
2079 5278 2132 5356 in

539 5347 684 5412 Psal.
709 5347 974 5416 cxxxvnr,
1002 5368 1058 5406 η.
1089 5351 1191 5417 51,
1228 5350 1566 5419 explicantur
1603 5347 1986 5419 verbapsalmi
2024 5367 2036 5402 :
2070 5348 2136 5403 Et

538 5427 822 5483 substantia
863 5441 976 5478 mea
1022 5423 1079 5476 in
1122 5416 1447 5487 inferioribus
1496 5428 1665 5484 terrae,
1716 5418 1836 5474 scil.
1871 5416 2133 5474 Christum

539 5516 648 5555 esse
671 5500 726 5553 in
764 5493 1072 5569 pauperibus
1100 5492 1304 5569 spiritu,
1330 5491 1384 5544 in
1408 5489 1858 5569 tribulatis‘co‘rde,
1886 5490 1939 5569 in
1965 5492 2134 5569 humi-

540 5569 672 5625 libus
688 5560 856 5637 teri-az,
871 5560 936 5640 in?
949 5562 1297 5640 purgamentis
1308 5561 1514 5640 mundi,
1548 5561 1601 5614 in
1626 5560 1874 5640 _E_ccles_i¢_e
1894 5561 2134 5630 infirmis.

541 5624 821 5710 Inﬁrmum
843 5624 992 5696 enim
1023 5624 1270 5691 Ecclesia:
1301 5631 1355 5686 id
1387 5641 1461 5687 est
1496 5624 1637 5686 omni
1667 5624 1958 5688 humilitate
1987 5649 2134 5688 sum-

545 5715 773 5764 missum.

2259 4598 2332 4654 tio
2364 4613 2468 4652 non
2499 4597 2598 4651 nisi
2631 4595 2986 4650 commortuis
3011 4594 3064 4648 in
3087 4595 3338 4665 baptismi
3363 4598 3699 4667 professione
3726 4595 3828 4651 red-

2251 4689 2484 4745 hibetur.
2508 4686 2672 4760 Ὶω
2699 4687 2767 4741 Et
2793 4687 2993 4742 idcirco
3020 4687 3107 4742 ubi
3138 4687 3523 4758 prredicabitur
3553 4692 3653 4746 hoc
3674 4692 3827 4746 Evan-

2248 4783 2472 4853 gelium,
2505 4779 2813 4835 narrabitur
2855 4794 2988 4850 opus
3019 4779 3135 4850 ejus
3163 4781 3182 4853 (
3201 4780 3233 4850 ᾖ
3262 4781 3350 4852 15)
3392 4800 3406 4835 :
3439 4784 3566 4853 quia
3608 4791 3828 4840 cessante

2249 4875 2435 4943 Israel,
2465 4871 2741 4943 Evangelii
2773 4871 2942 4941 gloria
2969 4871 3072 4928 fide
3093 4873 3334 4943 gentium
3363 4875 3708 4944 praedicatur.
3729 4875 3826 4943 Qua

2316 5061 2392 5132 (b)
2419 5058 2569 5132 sola
2591 5055 2762 5132 editio
2797 5056 3280 5132 Par._humilitatis.
3302 5059 3612 5132 (Beccensis
3648 5061 3817 5124 codex,

2241 5128 2614 5190 unanimitatis.
2649 5128 2833 5183 Melius
2854 5128 2969 5193 alii,
2991 5129 3357 5184 humanitatis.

2315 5203 2386 5329 (εἰ)
2420 5201 2582 5267 Editi,
2605 5198 2773 5289 plebes
2800 5212 2871 5256 est
2899 5216 2918 5254 :
2948 5200 3305 5283 emendantur
3329 5217 3395 5256 ex
3424 5217 3559 5283 mss.

2321 5277 2340 5329 (
2384 5273 2402 5329 l
2437 5273 2564 5327 Mss.
2605 5274 2767 5324 Lam.
2813 5281 2868 5325 et
2892 5270 3047 5326 Colb.
3080 5289 3134 5326 ιη
3171 5285 3510 5329 unguentum.

2321 5270 2402 5346 (ά)
2437 5273 2564 5327 Mss.
2605 5270 2767 5324 Carn.
2813 5281 2868 5325 et
2892 5270 3047 5326 Colb.
3080 5273 3134 5326 in
3171 5285 3510 5342 unguentum.
3558 5276 3732 5344 Forte,
3771 5275 3814 5327 in

2240 5355 2517 5402 unguento.

2309 5367 2737 5489 (Ioseﬁiopluribus
2773 5428 2902 5489 mss.
2935 5413 3023 5469 hic
3046 5413 3293 5489 adjicitur
3316 5415 3521 5472 dicunt.
3554 5418 3730 5474 Potius
3749 5417 3818 5471 in-

2249 5484 2503 5554 telli'gitur
2533 5485 2751 5539 tacitum
2784 5484 3002 5539 verbum
3032 5485 3268 5539 dicentes.

2319 5557 2390 5640 υ)
2420 5557 2478 5640 In
2504 5570 2636 5640 mss.
2659 5565 2975 5640 nuncupant,
3000 5556 3536 5640 vel_nuncupaverint.
3561 5561 3693 5617 Tum
3715 5568 3818 5640 post

2243 5627 2560 5703 particulam
2581 5637 2750 5699 atque,
2774 5627 2964 5698 supple
2986 5627 3211 5684 verbum
3238 5629 3581 5700 obtestantur,
3602 5641 3692 5688 aut
3707 5627 3816 5703 quid

2239 5700 2436 5758 simile.
