3974 6198
194 231 213 286 l
227 225 324 284 065

1160 211 1716 278 COMMENTARIUS
1752 211 1818 272 IN
1859 208 2118 270 MATTII.
2161 209 2312 268 CAP.
2357 208 2549 269 XXXI.

3336 215 3476 275 {066

192 317 524 375 :cmulatione
544 316 595 373 in
617 315 769 374 Judae
791 326 1019 388 persona
1046 315 1205 371 Israel
1227 315 1480 384 profanus
1500 329 1780 378 accensus,
1817 317 1858 377 A
1892 333 2000 398 ille,
2032 347 2192 404 quam
2222 332 2404 388 caeteri
2428 347 2496 387 ne
2524 333 2713 388 mortis
2737 329 2955 401 quidem
2983 336 3129 387 metu
3152 331 3471 390 decessurus

193 412 330 468 omni
351 412 476 468 odio
497 411 564 466 ad
581 410 1023 483 exstinguendum
1047 426 1242 466 nomen
1268 407 1475 463 Domini
1505 409 1775 464 incitatur.

762 499 988 557 CAPUT
1026 497 1195 556 XXX.
1503 511 1506 514 ’

200 593 271 650 De
294 593 375 647 die
405 594 572 665 prima
601 610 920 666 azymorum,
949 596 1001 647 in
1039 610 1139 665 qua
1178 601 1499 649 accesserunt
1542 591 1784 662 discipuli

262 685 328 740 ad
365 681 565 751 Jesutn,
596 685 857 741 dicentes:
884 684 984 742 Ubi
1029 687 1111 742 vis
1143 701 1394 758 paremus
1449 683 1543 742 tibi
1599 697 1786 739 come-

264 765 391 835 dere
417 778 652 849 pascha?

271 865 320 926 l.
354 869 703 927 Christianum
738 891 919 929 nomen
965 874 1168 944 quando
1206 873 1478 929 indultum.
1501 901 1573 913 —
1603 868 1786 924 Prima

202 974 362 1019 autem
396 963 469 1038 (a)
508 965 590 1020 die
629 982 926 1037 azymorum
962 977 1286 1023 accesserunt
1326 965 1567 1036 discipuli
1603 964 1670 1019 ad
1699 962 1790 1018 Je-

201 1071 326 1122 sutn,
348 1056 568 1111 dicentes
592 1077 610 1111 .·
639 1056 739 1112 Ubi
760 1058 832 1112 vis
854 1076 1090 1128 paremus
1117 1056 1206 1114 tibi
1232 1061 1424 1131 pascha
1442 1058 1753 1114 manducare
1768 1059 1794 1113 .’

201 1156 254 1202 et
282 1148 485 1219 reliqua
517 1143 729 1220 (Matth.
763 1165 908 1216 xxvr,
947 1148 1053 1223 l7).
1095 1149 1349 1220 Discipuli
1391 1151 1470 1205 ire
1509 1149 1575 1204 ad
1605 1165 1794 1220 quem-

203 1237 323 1296 dam
363 1239 636 1297 hominem
678 1241 956 1312 jubentur,
989 1250 1045 1299 et
1081 1245 1129 1299 ei
1162 1243 1342 1299 dict-re
1381 1242 1522 1314 quod
1563 1259 1683 1298 cum
1728 1258 1795 1298 eo

208 1329 463 1387 Dominus
513 1334 708 1403 pascha
750 1345 870 1388 cum
920 1331 1197 1404 discipulis
1245 1333 1420 1391 facere
1467 1333 1650 1391 vellet.
1694 1334 1796 1404 Qui

206 1429 488 1494 praeceptis
533 1425 1084 1496 obtemperaverunt,
1129 1437 1183 1484 et
1229 1427 1426 1499 pascha
1475 1438 1800 1499 paraverunt

205 1513 274 1585 (ᾖ
304 1514 415 1588 19).
452 1511 557 1571 Sed
592 1526 901 1587 oportuerat
938 1531 1033 1574 eos
1073 1519 1214 1574 scire
1252 1535 1358 1589 quo
1397 1527 1712 1591 pergerent,
1746 1529 1800 1576 et

205 1607 270 1662 de
300 1605 534 1664 hominis
558 1610 776 1666 nomine
797 1607 1032 1666 edoceri.
1058 1601 1310 1683 Alioquin
1336 1611 1526 1668 incerti
1549 1609 1613 1667 ad
1639 1628 1798 1681 quem

1887 441 1946 483 se
1975 426 2043 482 de
2067 425 2408 482 confessione
2449 423 2682 480 nominis
2709 423 2802 478 'sui
2847 422 3170 494 pollicentur
3210 424 3322 480 :ad
3363 440 3480 479 om-

1889 533 2012 573 nem
2044 518 2186 572 enim
2229 531 2289 572 se
2321 515 2605 571 ministerii
2638 515 3018 582 constantiam,
3053 513 3316 586 intrepida
3349 515 3475 572 ﬁdei

1890 609 2164 664 voluntate
2184 608 2556 663 ﬁrmaverant.
2735 668 2738 672 ,
2791 670 2794 672 γ
2838 668 2846 674 ,

1974 683 1977 685 ’
2458 684 2685 741 CAPUT
2723 683 2917 740 XXXI.

1891 764 2018 831 Cum
2039 766 2167 820 venit
2195 762 2345 820 Iesus
2369 765 2422 818 in
2443 781 2623 835 agrum
2643 764 2730 835 qui
2751 764 2937 817 dicitur
2960 761 3305 828 Gethsemani,
3335 771 3382 817 et
3405 761 3485 816 di-

1966 859 2032 914 cit
2062 859 2330 929 discipulis
2367 857 2473 912 suis
2495 899 2509 925 ,
2542 856 2741 912 Sedete
2769 854 2940 910 donec
2978 871 3094 910 eam
3129 854 3253 910 illuc
3281 867 3438 910 orare
3461 897 3480 924 ,

1967 961 2013 1006 et
2041 945 2104 1006 de
2132 951 2266 1006 tristi
2301 951 2473 1004 anima
2501 965 2596 1002 sua
2624 963 2782 1018 usque
2808 947 2875 1001 ad
2902 957 3134 1014 mortem,
3162 943 3224 1001 de
3253 946 3412 1002 calice
3440 946 3489 1000 si

1967 1041 2206 1113 possibile
2254 1051 2325 1097 est
2371 1041 2590 1096 transire
2637 1058 2668 1094 a
2695 1057 2778 1106 se,
2837 1039 2900 1095 de
2929 1040 3114 1112 spiritu
3163 1051 3398 1112 prompto
3440 1048 3489 1095 et

1969 1151 2123 1191 carne
2155 1136 2404 1207 inﬁrma;
2457 1145 2503 1190 et
2551 1150 2787 1200 rursum,
2822 1117 3000 1198 Pater,
3034 1149 3140 1187 non
3184 1143 3360 1203 potest
3401 1133 3492 1189 hie

1972 1228 2108 1284 calix
2139 1229 2366 1283 transire
2407 1225 2510 1281 nisi
2541 1220 2688 1281 illum
2718 1221 2939 1281 bibam?
2975 1224 3065 1280 ﬁat
3094 1225 3342 1280 voluntas
3379 1234 3490 1279 tua.

1973 1342 2027 1395 l.
2065 1340 2210 1395 Tunc
2244 1340 2375 1394 venit
2401 1356 2517 1394 cum
2545 1339 2650 1392 illis
2691 1337 2724 1392 J
2732 1354 2846 1393 esus
2874 1339 2926 1392 in
2951 1354 3165 1408 agrum,
3191 1337 3279 1407 qui
3305 1337 3494 1390 dicitur

1903 1432 2257 1495 Gethsetnani,
2299 1442 2345 1487 et
2375 1432 2496 1486 dicit
2539 1431 2805 1501 discipulis
2847 1432 2953 1484 suis
2979 1471 2993 1495 ,
3044 1429 3230 1485 Sedete
3273 1427 3359 1482 hic
3399 1429 3493 1484 do-

1901 1541 1992 1579 nec
2017 1542 2130 1581 eam
2158 1524 2278 1578 illuc
2301 1540 2467 1591 orare,
2497 1533 2552 1579 et
2575 1520 2779 1592 reliqua
2811 1520 3025 1592 (Matth.
3062 1537 3190 1575 xxvr
3212 1559 3228 1587 ,
3262 1519 3375 1591 56).
3408 1518 3495 1574 Fi-

1905 1617 2028 1673 dem
2072 1617 2458 1687 discipulorum
2482 1656 2498 1683 ,
2531 1623 2584 1670 et
2625 1613 2980 1670 constantiam
3021 1612 3230 1668 devota:
3259 1612 3362 1668 sibi
3404 1627 3497 1666 vo-

206 1697 575 1767 mitterentur,
620 1701 890 1770 quomodo
934 1701 1083 1756 missi
1114 1715 1234 1774 quae
1267 1709 1534 1772 prmeepta
1565 1701 1796 1772 fuerant,
1830 1701 1879 1762 B
1907 1707 2124 1762 lunlatis
2175 1715 2490 1778 acceperat:
2536 1705 2630 1760 sed
2683 1716 2740 1760 et
2787 1703 3078 1760 turbandus
3126 1713 3182 1759 et
3222 1703 3497 1759 dilﬁsuros

207 1787 678 1860 exsequerentur?
729 1791 929 1849 Verum
991 1803 1172 1849 sermo
1225 1795 1559 1865 prophetiae,
1621 1813 1800 1851 rerum

206 1884 559 1950 praesentium
605 1877 886 1939 clientibus
928 1885 1273 1940 admiscetur.
1313 1885 1596 1941 Hominem
1637 1887 1802 1953 enim,

205 1987 328 2028 cum
357 1989 463 2044 quo
513 1974 712 2044 pascha
753 1973 1122 2031 celebraturus
1170 1979 1350 2041 esset,
1392 1991 1498 2031 non
1541 1978 1801 2032 nominat.

175 2052 177 2054 ’
206 2065 458 2120 Nondum
491 2067 633 2122 enim
664 2065 953 2122 Christiani
987 2068 1221 2122 nominis
1252 2067 1427 2123 honor
1464 2067 1806 2124 credentibus

205 2163 331 2212 erat
363 2160 654 2229 prmstittts,
693 2159 783 2230 qui
826 2175 954 2217 vere
989 2168 1115 2216 sunt
1144 2161 1311 2216 Deum
1353 2162 1550 2216 mentis
1590 2176 1652 2216 ac
1681 2160 1806 2217 ﬁdei

207 2250 384 2304 oculis
411 2261 735 2307 contuentes
768 2269 780 2303 :
811 2261 868 2306 ut
906 2265 1027 2306 cum
1057 2257 1122 2307 e‘o
1163 2251 1359 2322 pascha
1395 2250 1608 2307 Domini
1659 2245 1806 2322 Apo-

211 2343 386 2399 stolos
415 2359 724 2415 prmparare
770 2333 1054 2412 sciremus,
1086 2346 1168 2400 cui
1212 2346 1266 2400 in
1313 2355 1554 2415 tempore
1597 2344 1809 2400 Domini

213 2449 414 2491 novum
446 2450 644 2491 nomen
674 2446 817 2492 esset
842 2435 1168 2492 addendum.

276 2530 336 2585 Ξ.
368 2530 534 2586 ludas
569 2545 757 2603 corpus
798 2529 990 2585 Christi
1027 2545 1127 2585 non
1169 2531 1405 2603 sumpsit.
1437 2560 1509 2573 -—-
1539 2530 1667 2586 Post
1690 2545 1811 2601 quae

209 2622 376 2677 ludas
405 2623 646 2692 proditor
679 2623 963 2687 indicatur,
1001 2621 1077 2694 (ὁ)
1100 2621 1219 2679 sine
1241 2638 1345 2692 quo
1370 2619 1565 2693 pascha
1589 2633 1812 2694 accepto

209 2713 384 2769 calice
409 2723 461 2769 et
486 2713 656 2769 fracto
681 2729 817 2784 pane
846 2713 1128 2769 conﬁcitur
1153 2731 1166 2766 :
1197 2713 1387 2785 dignus
1410 2715 1553 2769 enim
1583 2724 1814 2772 aeterno-

212 2821 333 2861 rum
369 2817 831 2863 sacramentorum
873 2808 1252 2862 communione
1293 2824 1398 2863 non
1443 2808 1637 2864 fuerat.
1677 2808 1810 2863 Nam

206 2899 531 2956 discessisse
560 2900 742 2956 statim
785 2898 909 2957 hinc
939 2899 1276 2970 intelligitur,
1307 2900 1450 2970 quod
1483 2916 1609 2956 cum
1641 2900 1813 2956 turbis

211 3007 468 3048 reversus
495 2993 822 3048 ostenditur.
852 2991 1037 3063 Neque
1067 3007 1196 3048 sane
1222 2992 1407 3049 bibere
1439 3003 1570 3048 cum'
1588 2994 1815 3048 Domino

1905 1800 2129 1856 sciebat.
2159 1797 2305 1866 Quos
2336 1797 2620 1853 considere
2649 1797 2702 1850 in
2732 1797 2851 1850 loco
2890 1795 3075 1865 jubet,
3121 1795 3246 1848 dum
3277 1809 3498 1866 progre-

1907 1890 2125 1945 deretur
2163 1903 2340 1944 orare.
2392 1888 2460 1943 Et
2505 1887 2800 1959 assumpsit
2842 1885 3088 1954 Petrum,
3139 1885 3396 1942 Jacohum
3449 1895 3506 1942 et

1907 1980 2170 2036 Joannem
2213 1979 2460 2035 Zebedaei
2508 1977 2672 2033 ﬁlios.
2712 1978 2916 2044 Quibus
2961 1981 3282 2048 assumptis,
3335 1977 3502 2036 tristis

1909 2088 2030 2128 esse
2057 2079 2389 2141 mtestusque
2417 2072 2582 2142 etrapit
2611 2086 2626 2123 :
2655 2077 2711 2124 et
2750 2069 2827 2123 ait
2853 2069 3061 2124 tristem
3087 2072 3320 2124 animam
3351 2083 3505 2124 suam

1910 2180 2082 2236 usque
2116 2155 2182 2218 ad
2211 2171 2437 2218 mortem
2465 2176 2586 2216 esse
2612 2161 2686 2231 (ᾗ
2733 2161 2825 2226 '57,
2854 2161 2978 2231 58).
3204 2229 3206 2231 g

1981 2255 2036 2310 Ξ.
2067 2254 2339 2310 Divinitati
2360 2252 2551 2308 Christi
2569 2252 2851 2318 tristitiam,
2881 2260 3091 2318 metum,
3117 2260 3246 2317 etc.,
3277 2252 3504 2306 tribuen-

1912 2351 2038 2404 tium
2076 2349 2254 2418 opinio
2281 2348 2598 2416 confutatur.
2644 2377 2716 2386 —
2739 2345 3057 2417 Aliquorum
3104 2345 3177 2418 (c)
3218 2361 3281 2401 ea
3320 2346 3504 2416 opinio

1913 2454 2015 2508 est,
2041 2441 2183 2513 quod
2215 2441 2408 2496 cadere
2437 2449 2656 2510 propter
2690 2454 2749 2494 se
2774 2437 3084 2494 mmstitudo
3125 2439 3180 2494 in
3208 2439 3375 2496 Deum
3406 2455 3505 2510 po-

1913 2535 2095 2598 tuerit,
2117 2547 2347 2603 eumque
2377 2531 2564 2587 futurae
2594 2531 2857 2600 passionis
2885 2538 3059 2586 metus
3087 2529 3306 2602 fregerit
3339 2549 3353 2586 :
3381 2532 3508 2604 quia

1913 2626 2130 2692 dixerit,
2153 2623 2338 2680 Tristis
2367 2634 2440 2679 est
2470 2625 2644 2679 anima
2664 2640 2775 2678 mea
2795 2641 2952 2696 usque
2971 2624 3040 2678 ad
3059 2635 3267 2681 mortem
3282 2625 3302 2697 (
3320 2627 3355 2696 Ῡ
3375 2626 3466 2699 58)
3487 2645 3506 2693 ;

1914 2725 1969 2772 et
2014 2716 2142 2772 illud
2168 2757 2183 2783 ,
2234 2715 2390 2770 Pater
2414 2757 2430 2783 ,
2461 2716 2507 2770 si
2546 2715 2784 2786 possibile
2813 2725 2905 2782 est,
2929 2725 3153 2772 transeat
3197 2735 3229 2772 a
3257 2735 3337 2773 me
3367 2720 3505 2773 calia'.

1879 2875 1886 2882 _
1917 2810 2012 2864 iste
2048 2809 2120 2882 (ᾗ
2174 2808 2266 2882 59)
2297 2825 2311 2874 ;
2345 2817 2398 2864 et
2430 2823 2668 2874 rursum,
2723 2808 2950 2877 Spiritus
3001 2811 3207 2879 quidem
3235 2820 3506 2885 promptus

1918 2911 2011 2965 est,
2040 2917 2160 2956 caro
2179 2908 2347 2954 autem
2368 2900 2576 2968 infirma
2599 2900 2671 2970 (ᾗ
2719 2899 2811 2970 tit)
2838 2916 2853 2966 ;
2879 2908 2934 2954 et
2966 2898 3046 2973 (ά)
3088 2901 3153 2955 ad
3181 2911 3513 2972 postremum

1918 2992 2002 3046 bis
2032 2991 2262 3061 idipsum
2287 3033 2302 3057 ,
2354 2987 2534 3056 Pater,
2566 2992 2610 3044 si
2638 3008 2741 3045 non
2767 3000 2928 3062 potest
2955 2990 3041 3046 hic
3078 2993 3216 3048 calix
3263 2997 3511 3062 transire,

211 3094 448 3154 poterat,
481 3085 569 3155 qui
601 3089 708 3139 non
739 3091 856 3139 erat
902 3085 1167 3139 bibiturus
1197 3083 1250 3139 in
1298 3101 1468 3156 regno
1501 3104 1512 3139 :
1542 3102 1663 3141 cum
1695 3087 1814 3140 uni-
1842 3078 1886 3140 C
1921 3085 2021 3138 nisi
2050 3084 2196 3138 illuni
2214 3084 2399 3151 bibam,
2427 3084 2956 3155 ﬁatvoluntastuaﬁ
3003 3085 3117 3157 42).
3152 3086 3514 3144 Voluntenim
3547 3153 3550 3158 _

213 3191 428 3241 versos,
457 3186 583 3231 tunc
608 3176 854 3232 bibentes
885 3193 947 3231 ex
979 3177 1099 3231 vitis
1130 3177 1286 3232 istius
1318 3177 1529 3244 l‘ructu,
1555 3177 1818 3233 hihituros

211 3283 402 3325 secum
427 3275 610 3338 postea
636 3269 1012 3340 pollicerelnr(
1032 3269 1064 3336 Ῡ
1086 3267 1204 3339 29).
1252 3267 1556 3341 Hymnoque
1582 3270 1737 3336 dicto,
1767 3271 1820 3324 in

215 3370 442 3416 montem
470 3361 657 3414 reversi
684 3360 837 3431 sunt(
859 3361 890 3429 ἲ
913 3359 1026 3431 30).
1049 3362 1447 3416 Consummatis
1465 3363 1673 3417 scilicet
1700 3361 1822 3416 uni-

219 3453 394 3507 versis
408 3451 710 3525 divinorum
731 3455 1108 3524 mysteriorum
1133 3453 1436 3518 virtutibus,
1455 3452 1650 3524 gaudio
1662 3463 1822 3510 etex-

218 3544 514 3598 sultatione
536 3545 807 3598 communi
841 3544 895 3598 in
923 3543 1198 3600 cmlestem
1231 3544 1454 3614 gloriam
1501 3544 1818 3601 eil'erunlur.

296 3636 350 3689 5.
390 3633 533 3689 Petri
580 3635 636 3688 in
680 3634 936 3689 Christum
979 3633 1212 3702 aﬁ'ectus.
1252 3633 1564 3692 —Futur:n
1607 3653 1822 3708 quoque

221 3735 322 3782 eos
373 3725 698 3780 inﬁrmitatis
749 3725 1046 3790 admonuit,
1099 3735 1153 3782 et
1201 3736 1358 3783 nocte
1407 3728 1592 3783 eadem
1635 3741 1824 3783 omnes

224 3828 374 3874 metu
415 3827 572 3888 atque
601 3817 913 3873 inﬁdelitate
954 3817 1252 3873 turbandos
1281 3819 1492 3891 (ΗΑ).
1541 3804 1714 3886 Cujus
1744 3819 1824 3873 rei

141 3965 147 3970 .
224 3912 365 3967 ﬁdes
397 3913 560 3968 etiam
590 3912 915 3968 auctoritate
946 3909 1243 3983 prophetiae
1275 3915 1474 3968 veteris
1505 3911 1821 3968 contineba-

225 4012 338 4068 tur,
386 4015 640 4073 percusso
681 4012 899 4074 pastore
943 4017 1072 4059 oves
1111 4017 1232 4059 esse
1271 4001 1600 4076 spargendus
1638 4001 1822 4076 (Zach.

227 4107 354 4162 xm,
385 4094 446 4165 7)
480 4111 492 4148 :
520 4107 581 4151 se
609 4103 787 4150 tanien
818 4103 1186 4166 resurgentem
1212 4097 1262 4149 in
1290 4094 1564 4151 Galilaeam
1589 4109 1823 4165 praeces-

227 4187 418 4241 surum
449 4199 591 4250 esse,
627 4193 686 4239 tit
718 4187 1087 4241 inﬁrmitatem
1132 4199 1318 4240 eorum
1363 4186 1656 4254 sponsione
1685 4184 1829 4240 redi-

179 4349 182 4351 Α
228 4285 320 4331 tus
360 4276 442 4329 sui
477 4276 850 4330 consolaretur
887 4275 1101 4348 (Matth.
1141 4285 1294 4341 sxw,
1325 4276 1442 4346 52).
1486 4276 1594 4331 Sed
1636 4275 1828 4332 Petrus

229 4380 336 4438 pro
366 4365 488 4421 ﬁdei
518 4382 628 4421 suae
657 4368 839 4422 calore
860 4365 1160 4438 respondit,
1193 4366 1410 4422 caeteris
1442 4366 1566 4422 licet
1602 4368 1829 4422 scanda-

1922 3191 1988 3232 ex
2021 3175 2331 3231 inﬁrmitate
2358 3175 2601 3243 corporis
2627 3190 2922 3229 aerumnam
2953 3175 3169 3244 Spiritui
3198 3177 3511 3234 adhaerere:

1923 3283 1986 3322 ac.
2015 3268 2060 3323 si
2088 3268 2338 3321 virtutem
2391 3267 2532 3321 illam
2564 3265 2886 3336 incorrupta:
2908 3267 3246 3336 substantiae,
3275 3272 3511 3328 imbecil-

1925 3361 2090 3415 litatis
2119 3375 2231 3416 suae
2259 3367 2404 3415 sorte
2429 3360 2726 3428 assumptio
2748 3360 2926 3415 carnis
2959 3359 3207 3417 infecerit
3226 3404 3240 3427 ,
3273 3373 3328 3419 et
3356 3373 3512 3421 uetera

1925 3453 2066 3506 nitas
2094 3461 2339 3506 naturam
2369 3449 2667 3520 fragilitatis
2694 3451 2984 3520 acceperit.
3001 3451 3132 3517 Quae
3151 3454 3195 3508 si
3221 3455 3290 3510 ad
3313 3465 3516 3512 metum

1925 3542 2094 3598 tristis
2115 3550 2229 3606 est,
2261 3541 2308 3596 si
2337 3540 2401 3594 ad
2433 3540 2671 3595 dolorem
2707 3540 2952 3606 inﬁrma,
2983 3542 3029 3597 si
3064 3542 3131 3598 ad
3163 3553 3390 3600 mortem
3415 3556 3522 3603 tre-

1926 3633 2086 3704 pida;
2133 3632 2242 3703 jam
2269 3641 2324 3687 et
2349 3629 2682 3701 corruptioni
2722 3631 2936 3686 subdita
2977 3632 3110 3699 erit,
3137 3644 3193 3690 et
3222 3635 3422 3692 incidet
3463 3638 3518 3694 in

1889 3768 1892 3771 -
1930 3744 2050 3784 eam
2080 3727 2246 3783 totius
2277 3725 2606 3781 inﬁrmitatis
2643 3724 2876 3780 aﬁ'ectio.
2925 3727 3040 3781 Erit
3070 3742 3199 3798 ergo
3240 3729 3382 3800 quod
3412 3745 3521 3786 non

1927 3827 2064 3886 erat,
2095 3817 2162 3872 de
2182 3832 2383 3887 angore
2413 3827 2626 3881 incesta,
2657 3815 2724 3870 de
2755 3815 2947 3872 timore
2969 3817 3218 3885 sollicita,
3246 3819 3314 3874 de
3339 3820 3526 3879 dolore

1931 3911 2214 3982 perterrita
2249 3925 2350 3966 :ac
2383 3910 2461 3965 sic
2488 3909 2764 3966 aeternitas
2807 3908 3085 3966 demulata
3115 3914 3168 3966 in
3202 3923 3435 3985 metum,
3472 3917 3520 3972 si

1934 4011 2114 4075 potest
2139 4019 2260 4058 esse
2301 3999 2440 4071 quod
2473 4017 2578 4055 non
2628 4010 2741 4068 erat
2769 4039 2783 4066 ,
2815 4001 2992 4070 potuit
3018 4001 3088 4071 (ε)
3141 4004 3363 4071 perinde
3415 4006 3521 4063 hoc

1927 4097 2092 4168 θοι
2135 4091 2277 4163 quod
2315 4092 2368 4145 in
2400 4106 2460 4146 ea
2494 4099 2576 4145 est
2602 4091 2892 4160 aliquando
2923 4106 3028 4146 non
3073 4107 3212 4150 esse.
3246 4095 3387 4152 Deus
3427 4112 3524 4153 ιλιι--

1933 4195 2038 4242 tem
2075 4185 2193 4239 sine
2234 4196 2484 4236 mensura
2515 4190 2819 4251 temporum
2849 4195 3066 4252 semper
3106 4194 3190 4240 est
3225 4203 3237 4238 :
3268 4196 3323 4242 et
3346 4190 3522 4259 qualis

1931 4283 2038 4342 est,
2080 4273 2199 4329 talis
2225 4282 2461 4328 asternus
2491 4280 2594 4326 cst.
2642 4269 2938 4328 Eternitas
2981 4281 3163 4329 autem
3213 4277 3264 4332 in
3312 4279 3524 4339 inﬁnito

1933 4371 2178 4433 manens,
2205 4371 2266 4419 ut
2292 4363 2343 4417 in
2374 4361 2458 4417 his
2485 4377 2601 4433 quae
2628 4361 2859 4432 fuerant,
2891 4365 2960 4419 ita
2979 4363 3032 4420 in
3056 4365 3160 4422 illis
3185 4384 3303 4440 quae
3323 4385 3520 4430 conse-

227 4460 524 4516 iizantibus
566 4459 850 4531 (passive),
883 4463 1172 4532 numquam
1213 4473 1273 4517 se
1317 4459 1824 4518 scandalizaturum.
1856 4484 1911 4544 Ι)
1938 4471 2172 4532 quentur
2218 4455 2569 4512 extenditur:
2617 4470 2832 4526 semper
2878 4457 3120 4528 integra,
3178 4462 3522 4537 incurrupta,

227 4553 294 4610 In
329 4557 531 4608 tantum
563 4553 705 4608 enim
732 4563 784 4609 et
811 4552 1002 4609 aﬁ’eetu
1030 4564 1084 4609 et
1114 4551 1377 4609 charitate
1402 4551 1602 4610 Christi
1631 4553 1826 4609 eli‘ere-

227 4645 394 4702 batur
422 4647 494 4720 (ᾗ
517 4647 629 4717 55),
662 4655 722 4702 ιιι
748 4655 802 4702 et
827 4647 1247 4702 imbecillitatem
1268 4648 1436 4719 800
1461 4648 1645 4704 carnis
1689 4661 1823 4713 suae,

230 4747 292 4795 et
321 4739 479 4794 ﬁdem
518 4740 806 4795 verborum
851 4739 1059 4795 Domini
1102 4749 1208 4795 non
1253 4749 1602 4797 conlueretur
1634 4759 1646 4792 :
1677 4739 1830 4812 quasi

232 4839 368 4887 vero
394 4830 534 4886 dicta
559 4831 674 4901 ejus
696 4830 971 4886 efﬁcienda
1000 4847 1106 4886 non
1138 4839 1340 4888 essent.
1373 4831 1470 4888 Cui
1497 4833 1570 4887 ait
1605 4848 1617 4885 :
1650 4829 1834 4886 Prius-

233 4930 392 4996 quam
431 4923 603 4996 gallus
641 4933 824 4989 cantet,
860 4933 935 4978 ter
963 4940 1043 4978 me
1075 4923 1280 4996 negabis
1316 4924 1389 4996 (ᾖ
1412 4923 1528 4995 54).
1573 4921 1680 4979 Sed
1725 4930 1830 4978 tam

316 5038 392 5110 (a)
422 5036 592 5110 Abest
624 5036 947 5110 (dieamss.
976 5036 1129 5093 Colb.
1172 5049 1225 5094 et
1262 5038 1425 5094 Carn.
1467 5039 1839 5094 consentiente

236 5107 439 5181 gnsco.
474 5107 591 5162 Mox
622 5109 675 5160 in
708 5107 894 5161 iisdem
927 5123 1056 5181 mss.
1094 5111 1358 5166 omittitur
1396 5110 1626 5165 verbum
1663 5110 1840 5164 dicen-

239 5180 319 5236 tes
344 5197 362 5252 ς
383 5188 584 5252 et_post
616 5191 780 5247 pauca
809 5192 912 5232 non
926 5180 1189 5252 habetur,
1212 5191 1262 5238 et
1288 5182 1482 5252 pascha
1509 5189 1838 5252 paraverunt.

318 5251 394 5321 (ὑ)
427 5249 602 5321 Etiam
632 5253 893 5321 praesente
919 5249 1051 5305 Juda
1082 5267 1266 5307 verum
1299 5249 1840 5309 Pascha’eonfectum

243 5319 370 5379 esse
399 5320 668 5392 eulligitur
695 5333 761 5392 es
789 5319 949 5376 Luca:
977 5337 1106 5390 xxn,
1136 5325 1372 5392 19,etc.,
1400 5333 1455 5379 ut
1481 5325 1674 5378 merito
1695 5322 1844 5392 dixe-

245 5394 322 5449 rit
361 5389 690 5468 AuﬁuStintis
729 5389 906 5446 Serm.
938 5393 1027 5468 7i,
1062 5393 1262 5468 ".17;
1291 5389 1560 5468 Numquid
1594 5403 1640 5447 et
1679 5391 1846 5468 Iudas

245 5464 484 5538 magistri
508 5465 735 5538 venditor
760 5474 817 5538 et
859 5465 1090 5534 proditor
1119 5467 1330 5538 impius,
1362 5464 1589 5534 quamvis
1619 5466 1842 5538 primum

246 5533 686 5608 manibus
720 5537 832 5608 ejus
860 5533 1150 5608 confectum
1184 5533 1558 5608 sacramentum
1594 5533 1844 5608 carniset

248 5605 522 5678 {anguinis
557 5607 666 5678 ejus
696 5605 823 5678 (cum
865 5605 1064 5678 steteris
1109 5605 1398 5678 discipulis,
1443 5611 1572 5664 sicut
1617 5607 1845 5676 apertius

250 5675 426 5729 Lucas
473 5675 802 5746 Euangelista
854 5677 1120 5745 declarat,
1160 5675 1494 5735 manducaret
1531 5688 1579 5734 et
1626 5677 1842 5744 biberet,

253 5746 446 5800 mansit
467 5747 524 5801 in
552 5745 779 5817 Christo,
798 5757 886 5801 aut
911 5747 1144 5804 Christus
1176 5750 1230 5803 in
1257 5752 1358 5805 eo?

774 5842 1050 5906 ΡΑΤιιοι..
1085 5842 1168 5906 1X
1181 5885 1195 5902 .

1939 4552 2211 4624 perfecta,
2243 4559 2440 4622 praeter
2476 4564 2634 4619 quam
2668 4549 2832 4616 nihil,
2877 4551 3018 4621 quod
3054 4559 3174 4611 esse
3202 4561 3399 4628 possit,
3433 4573 3528 4618 ex-

1941 4646 2206 4702 trinsecus
2235 4644 2308 4698 sit
2333 4642 2601 4698 relictum.
2631 4641 2747 4697 Non
2792 4643 2906 4715 ipsa
2932 4645 2984 4699 in
3014 4647 3193 4718 aliquo
3213 4692 3228 4716 ,
3259 4653 3355 4709 sed
3384 4657 3526 4717 intra

1941 4756 2059 4796 eam
2087 4745 2276 4794 cuncta
2309 4753 2323 4790 :
2350 4744 2540 4806 potens
2565 4734 2636 4790 ita
2661 4734 2844 4806 largiri
2875 4739 3030 4794 nobis
3063 4740 3174 4810 ipsa
3198 4746 3338 4813 quod
3367 4763 3526 4810 suum

1939 4840 2045 4896 est,
2073 4840 2132 4886 ut
2159 4828 2262 4885 sibi
2301 4828 2434 4883 nihil
2461 4827 2528 4882 de
2553 4841 2619 4881 eo
2651 4826 2794 4897 quod
2824 4828 2895 4882 sit
2921 4829 3109 4900 largita
3139 4831 3384 4894 decedat.

2015 4925 2070 4979 ὅ.
2125 4922 2346 4989 Quinam
2375 4919 2631 4991 Opinionis
2653 4918 2808 4994 hujus
2833 4929 3081 4976 auctores.
3115 4952 3186 4964 -—
3209 4923 3315 4986 Sed
3344 4949 3534 4999 eorum

2018 5031 2676 5126 «Litterarum?
2702 5032 3299 5126 ,ίῐεὲ-ε,.ιξεξεεξθε..εη”ι
3324 5048 3533 5126 Grego-

1944 5103 2216 5184 Φήμη,
2248 5103 2342 5159 0r.
2367 5105 2457 5184 δῇ,
2489 5104 2659 5184 n._i§,
2690 5105 3020 5184 Augustinus
3045 5107 3112 5164 de
3133 5103 3530 5184 Barea—avibs

1946 5177 2318 5253 '[iteodoretus
2333 5176 2460 5253 sub
2495 5164 2711 5253 initium
2721 5164 3014 5253 Abialogiuu
3033 5221 3059 5253 ,γ
3079 5164 3538 5253 aeﬂno-svterviiila’:

1945 5250 2096 5322 rjus,
2133 5246 2288 5322 Iib._x
2314 5245 2382 5300 de
2416 5245 2567 5322 Trin.
2592 5260 2648 5298 n.
2681 5244 2780 5322 ὅς),
2811 5244 3176 5322 praidicabant
3214 5244 3536 5322 Verbum-in

1946 5317 2164 5397 Christo
2191 5315 2551 5397 vicesranimte
2581 5316 2916 5397 supplevisse
2941 5323 3228 5397 :_adeoque
3267 5315 3534 5391 mmstitu:

1950 5386 2485 5463 dinemttrisdtiarn,
2511 5386 3156 5463 anxietatem,_d_olorem,'
3186 5399 3375 5463 quibus
3410 5386 3537 5462 ian—i-

1950 5458 2332 5533 mamChristi
2362 5457 2606 5533 allectum
2651 5472 2774 5513 esse
2803 5459 2990 5533 ﬁdeles
3018 5457 3275 5533 credunt,
3307 5471 3361 5526 iii
3403 5457 3537 5532 vis}.

1951 5532 2094 5602 bum»
2108 5531 2281 5602 ipsum
2309 5528 2568 5602 cecidisse
2591 5529 3005 5602 contendebant.

2027 5600 2108 5684 (ά)
2127 5598 2327 5684 Eritne
2354 5598 2598 5684 edgl‘far.
2630 5609 2677 5654 et
2787 5600 2998 5684 ipsum;
3018 5611 3187 5684 postr.
3217 5612 3543 5684 et_idipsa'm.

2028 5669 2230 5747 (e)_Sic
2260 5686 2392 5727 mss.
2421 5669 2566 5727 eam
2594 5683 2746 5736 vero,
2775 5669 2992 5740 ρωίηάε
3018 5669 3120 5728 hoc
3143 5678 3283 5746 alios
3302 5669 3417 5742 erat
3434 5669 3539 5747 uti;

1956 5742 2160 5815 quando
2188 5757 2291 5797 non
2315 5757 2443 5798 esse.

3004 5833 3083 5896 3b-
