3974 6198
488 297 631 359 1067
1643 279 1888 340 ssnon
1923 274 2116 359 HILAF

2244 271 2554 333 EPISCOPI
3631 260 3759 318 1068

495 415 674 475 omnis
701 413 790 470 hic
813 423 1004 469 sensus
1039 413 1142 474 est,
1176 413 1235 461 ut
1277 403 1568 474 opinentur
1595 407 1798 456 metum
1825 396 2012 454 mortis
2034 396 2086 452 in
2115 404 2167 465 Α
2195 395 2357 465 niqnc
2411 393 2525 458 ait,
2554 387 2741 445 Tristis
2773 393 2847 442 est
2885 383 3059 440 anima
3084 398 3194 438 mea
3243 397 3400 455 usque
3431 380 3502 434 ad
3545 387 3758 435 mortem.

498 511 598 566 Dei
639 508 804 564 filium
850 503 1103 560 incidisse
1129 501 1218 571 qui
1265 504 1514 556 asserunt
1551 510 1657 551 non
1687 494 1755 550 de
1784 491 2085 548 aeternitate

497 618 618 660 esse
637 599 902 671 prolatum
932 610 1105 666 neque
1129 593 1196 649 de
1225 591 1489 647 infinitate
1513 597 1747 660 paterna:
1775 583 2088 641 substantiae

504 694 798 756 exstitisse,
835 688 912 761 (a)
943 687 1039 744 sed
1069 702 1137 742 ex
1165 684 1314 740 nullo
1339 698 1434 754 per
1463 696 1586 736 eum
1613 679 1704 749 qni
1733 677 1910 733 omnia
1937 689 2088 730 crea-

497 785 574 841 vit
600 782 848 839 effectum
884 795 898 832 :
942 789 1001 834 ut
1029 783 1338 846 assumptus
1367 789 1432 828 cx
1459 771 1630 826 nihilo
1669 761 1774 835 sit,
1799 776 1856 823 et
1883 774 2092 836 emptus

498 894 567 935 ex
600 891 801 946 opere,
834 882 890 929 et
910 872 1261 927 confirmatus
1290 883 1354 924 ex
1399 876 1659 936 tempore.
1699 863 1770 917 Et
1795 861 1915 916 ideo
1946 859 1999 913 in
2026 871 2092 913 eo

500 967 707 1026 doloris
729 965 991 1032 anxietas,
1036 963 1158 1018 ideo
1185 960 1261 1033 (ὁ)
1285 959 1516 1030 Spiritus
1543 954 1720 1024 passio
1749 968 1870 1009 cum
1895 963 2092 1020 corpo-

497 1062 576 1118 ris
600 1059 849 1131 passione
871 1099 887 1123 ,
920 1055 1042 1110 ideo
1068 1061 1242 1108 melus
1271 1049 1494 1104 mortis:
1528 1054 1589 1102 ut
1625 1045 1714 1114 qui
1751 1049 1983 1099 mortem
2025 1039 2095 1093 ti-

498 1168 650 1208 mere
695 1149 886 1221 potuit,
919 1157 974 1202 et
1019 1145 1156 1200 mori
1190 1143 1392 1214 possit;
1422 1139 1514 1210 qui
1536 1152 1666 1194 vero
1705 1135 1840 1191 mori
1879 1132 2092 1205 potuit,

497 1244 631 1300 licet
655 1243 710 1297 in
753 1240 986 1295 futurum
1018 1237 1120 1294 erit
1158 1233 1400 1306 (subaud.
1445 1226 1704 1299 aeternus)
1727 1271 1740 1294 ,
1773 1243 1880 1282 non
1916 1235 2094 1279 tamen

2189 485 2458 557 Numquid
2488 484 2598 551 ait,
2631 481 2825 538 Tristis
2844 488 2928 536 est
2955 478 3130 532 anima
3159 490 3278 532 mea
3309 481 3529 546 propter
3549 480 3759 527 mortem

2191 579 2298 651 (V.
2329 578 2418 634 lib.
2445 594 2478 632 x
2525 576 2587 631 de
2633 574 2818 629 Trinit.
2847 589 2992 627 num.
3033 570 3125 641 ’56)
3145 570 3170 624 ?
3191 568 3352 624 Certe
3390 581 3499 622 non
3529 566 3618 621 ita.
3642 564 3762 620 Nam

2190 672 2238 727 si
2267 670 2334 726 de
2377 677 2552 725 morte
2595 676 2710 723 erat
2752 675 2950 731 metus,
2987 661 3054 717 ad
3086 677 3205 716 eam
3243 660 3426 730 utique
3455 656 3643 714 referri
3684 672 3766 725 per

2193 781 2351 838 quam
2383 773 2497 820 erat
2527 760 2733 836 debuit.
2768 759 2875 815 Sed
2901 755 3046 812 aliud
3067 763 3150 811 est
3176 768 3345 824 nsque
3365 751 3418 807 in
3447 751 3520 815 id,
3547 747 3686 804 aliud
3706 747 3767 804 ob

2194 858 2247 914 id
2277 866 2540 913 metuere.
2573 857 2639 910 Et
2663 868 2879 910 causam
2907 866 3013 906 non
3037 848 3164 904 facit
3183 843 3440 918 quidquid
3470 844 3522 899 in
3552 843 3656 898 line
3673 850 3766 909 est,

2195 954 2319 1025 quia
2339 967 2510 1024 usque
2534 951 2586 1005 in
2613 948 2665 1005 id
2691 946 2833 1019 quod
2856 946 2924 1001 ab
2950 945 3120 1000 altero
3133 950 3368 1011 coeptum
3391 939 3462 993 sit
3480 935 3768 992 differatur.

2197 1044 2458 1116 Superius
2502 1041 2662 1112 igitur
2688 1038 2933 1104 dixerat,
2975 1033 3295 1090 Scandalum
3323 1028 3584 1100 patiemini
3620 1027 3674 1079 in
3698 1040 3770 1079 me

2198 1136 2251 1191 in
2269 1138 2368 1191 ista
2405 1144 2550 1189 nocte
2569 1131 2783 1204 (Matth.
2815 1144 2939 1184 xxv:
2965 1169 2982 1195 ,
3011 1125 3124 1197 51).
3153 1122 3372 1180 Sciebat
3397 1117 3770 1185 exterrendos,

2203 1226 2465 1297 fugandos
2486 1266 2502 1292 ,
2531 1232 2825 1295 negaturos
2858 1217 3001 1292 :tsed
3041 1217 3166 1289 quia
3195 1213 3430 1285 Spiritus
3460 1209 3773 1280 blasphemia

501 1353 603 1410 per
630 1352 753 1394 eum
777 1334 869 1405 qui
893 1348 951 1389 se
978 1331 1247 1404 genuitex
1293 1327 1564 1397 praeterito
1593 1324 1663 1380 sit
1685 1332 1939 1378 aeternus.
1994 1317 2098 1385 Qui
2206 1337 2306 1377 nec
2334 1319 2423 1376 hic
2466 1333 2566 1374 nec
2593 1317 2645 1373 in
2692 1325 2953 1372 aeternum
2997 1309 3311 1374 remittitur,
3338 1305 3610 1363 metuebat
3633 1319 3699 1359 ne
3723 1316 3776 1357 sc

511 1429 585 1503 (c)
628 1429 673 1484 si
711 1443 809 1499 per
838 1402 1001 1482 fidem
1054 1423 1285 1492 vitzeque
1314 1418 1636 1492 probitatem
1665 1430 1892 1486 capaces
1926 1413 2102 1468 Evan—
2204 1415 2374 1470 Deum
2432 1411 2779 1481 abnegarent,
2826 1420 2986 1477 quem
3026 1417 3226 1458 cassum
3279 1407 3337 1456 et
3375 1405 3690 1469 consputum
3729 1402 3778 1450 et

502 1523 767 1594 geliorum
807 1533 930 1574 esse
957 1515 1279 1586 potuissent.
1323 1511 1524 1566 scirent
1550 1507 1788 1564 Verbum
1815 1507 1868 1560 in
1899 1503 2101 1576 princi«
2205 1508 2519 1564 cruciﬁxum
2542 1513 2726 1561 essent
2753 1497 3188 1572 contemplatur-i.
3231 1495 3365 1564 Quae
3411 1493 3547 1550 ratio
3583 1497 3778 1548 servata

502 1583 599 1685 pio
621 1612 811 1678 Deum,
838 1619 895 1665 et
935 1583 1091 1663 lioca
1119 1603 1382 1677 principio
1421 1599 1562 1672 apud
1591 1600 1758 1654 Deum
1776 1638 1792 1664 ,
1835 1604 1891 1652 et
1917 1601 2101 1650 natum

2217 1600 2261 1654 in
2295 1599 2457 1654 Petro
2485 1607 2590 1662 est,
2621 1597 2712 1668 qui
2750 1609 2872 1651 cum
2901 1602 3190 1664 negaturus
3215 1597 3401 1654 esset,
3448 1589 3518 1642 ita
3548 1583 3778 1655 negavit:

507 1721 629 1763 esse
652 1721 719 1761 ex
751 1718 818 1760 eo
845 1701 1093 1774 quierat,
1121 1675 1184 1755 et
1222 1698 1325 1752 hoc
1363 1695 1416 1750 in
1444 1708 1509 1750 eo
1535 1707 1654 1748 esse
1686 1691 1774 1762 Qui
1797 1697 1954 1744 natus
1979 1693 2061 1743 est
2084 1729 2099 1754 ,
2211 1691 2337 1746 Non
2354 1691 2469 1746 novi
2489 1690 2746 1745 hominem
2767 1687 2957 1760 (lbid.,
2987 1684 3078 1756 72)
3112 1701 3125 1737 :
3152 1683 3277 1755 quia
3293 1680 3498 1737 dictum
3522 1675 3716 1748 aliquid
3735 1675 3781 1730 in

507 1797 653 1870 quod
674 1797 720 1852 is
750 1766 876 1866 ipse.
897 1801 980 1849 est
1001 1766 1168 1861 penes
1188 1804 1349 1859 quem
1377 1796 1493 1843 erat
1521 1783 1600 1857 (ά)
1626 1791 1750 1838 ante
1788 1796 1946 1852 quam
1979 1792 2103 1833 nas-

2217 1785 2379 1840 lilium
2409 1783 2646 1839 hominis
2685 1779 3006 1837 remittetur.
3045 1775 3239 1832 Tristis
3277 1787 3406 1845 ergo
3443 1780 3701 1840 estusque
3725 1766 3784 1820 ad

508 1899 763 1948 ceretur:
795 1885 1038 1943 eamdem
1089 1882 1295 1937 scilicet
1354 1877 1712 1934 aeternitatem
1756 1887 1878 1929 esse
1918 1880 1974 1927 et
2017 1870 2102 1941 gi-
2211 1884 2446 1930 mortem.
2476 1872 2594 1930 Non
2623 1874 2804 1942 itaque
2831 1885 2997 1937 mors,
3027 1866 3124 1924 sed
3153 1875 3367 1937 tempus
3385 1862 3572 1919 mortis
3596 1862 3650 1916 in
3679 1874 3781 1915 me.

508 1983 725 2056 gnentis
746 1988 803 2036 et
828 1977 1014 2053 geniti.
1036 1973 1169 2029 Mori
1193 1972 1352 2042 igitur
1379 1969 1516 2025 nihil
1547 1968 1600 2023 in
1629 1968 1738 2023 Deo
1767 1966 1940 2037 potuit
1957 2006 1985 2056 ,7
2005 1979 2104 2018 nc-
2211 1977 2268 2024 tu
2294 1978 2378 2025 est
2408 1985 2422 2022 :
2455 1965 2576 2037 quia
2607 1974 2726 2036 post
2751 1980 2868 2022 eam
2895 1959 3304 2020 resurrectionis
3330 1959 3526 2014 virtute
3550 1955 3680 2011 ﬁdes
3703 1970 3782 2011 cs-

508 2055 614 2149 que
636 2091 704 2131 ex
736 2088 796 2128 se
825 2080 1000 2126 metus
1025 2067 1136 2122 Deo
1162 2065 1303 2119 ullus
1328 2071 1431 2119 est.
1463 2060 1523 2116 In
1552 2059 1769 2116 Christo
1790 2057 1934 2113 enim
1963 2055 2107 2110 Deus
2214 2070 2295 2118 sci
2335 2057 2600 2115 ﬁrmanda
2629 2057 2984 2114 credentium,

509 2134 628 2226 erat
650 2163 913 2223 mundum
941 2157 1299 2216 recoﬂCilianS
1326 2154 1428 2210 Sibi
1451 2152 1520 2224 (Π
1544 2151 1663 2208 σοῖο
1695 2167 1749 2216 ν,
1778 2149 1890 2221 19)ο
2280 2153 2334 2210 6.
2377 2150 2630 2222 Sequitur
2673 2148 2806 2205 illud
2835 2165 2848 2203 :
2880 2146 3145 2204 Sustinele
3183 2155 3230 2201 et
3258 2143 3466 2219 vigilate
3493 2156 3700 2197 mecum.
3731 2134 3787 2191 Et

579 2263 635 2316 4.
684 2256 918 2313 Tristitia
944 2250 1138 2308 Christi
1167 2264 1270 2304 non
1301 2247 1365 2301 de
1391 2261 1466 2310 se,
1491 2243 1581 2299 sed
1604 2243 1667 2297 de
1689 2241 1954 2313 discipulis
1995 2247 2110 2294 orta
2210 2262 2506 2320 progressus
2559 2243 2777 2316 procidit
2820 2242 2875 2297 in
2911 2242 3101 2314 faciem
3146 2256 3294 2296 suam
3326 2255 3478 2294 orans
3493 2235 3674 2309 (Ibid.,
3707 2230 3784 2298 38,

515 2363 608 2409 est.
641 2381 710 2392 ——
757 2346 864 2404 Sed
895 2339 1344 2412 introspiciendus
1371 2336 1548 2392 omnis
1579 2334 1668 2389 hic
1696 2348 1874 2389 sermo
1901 2339 2021 2399 est,
2054 2339 2112 2386 ut

2217 2337 2328 2403 59).
2361 2337 2576 2393 Manere
2603 2351 2786 2393 secum
2816 2334 3098 2406 pervigiles
3123 2332 3398 2390 admonet.
3424 2328 3631 2386 Sciebat
3662 2325 3787 2382 enim

512 2447 636 2518 quia
659 2449 912 2500 maestum
936 2437 1104 2493 fuisse
1124 2433 1409 2490 Dominum
1439 2429 1670 2499 legimus
1688 2467 1705 2495 ,
1738 2439 1927 2481 causas
1948 2438 2112 2481 moes-

2221 2432 2536 2503 ingravante
2576 2430 2793 2486 diabolo
2821 2428 2979 2485 fidem
3029 2443 3217 2484 eorum
3257 2422 3666 2496 consopiendam
3695 2437 3707 2474 :
3741 2425 3786 2473 ct

514 2537 759 2598 titudinis
806 2531 1160 2605 reperiamus.
1193 2524 1563 2582 Admonuerat
1610 2519 1891 2590 superius,
1923 2529 2113 2572 omnes
2213 2539 2396 2595 parem
2441 2538 2627 2579 secum
2673 2521 3006 2594 vigilantiam
3049 2521 3276 2592 imperat
3311 2560 3329 2588 ,
3386 2515 3579 2589 quibus
3616 2510 3786 2570 eadem

513 2629 992 2690 scandalizaturos.
1024 2621 1216 2677 Petrus
1249 2617 1319 2673 de
1344 2631 1404 2672 se
1427 2611 1703 2671 conlidens
1726 2609 2111 2679 responderat,
2214 2616 2398 2688 passio
2427 2616 2730 2671 immineat,

521 2721 734 2780 etiamsi
755 2716 939 2774 caeteri
987 2711 1465 2786 perturbarentur.
1500 2719 1560 2762 se
1607 2719 1714 2759 non
1763 2712 2112 2757 commoven-
2293 2707 2348 2762 7.
2400 2707 2696 2762 Trausitum
2737 2706 2912 2762 colicis
2951 2722 3055 2761 non
3080 2705 3214 2772 sibi,
3244 2703 3334 2759 sed
3359 2702 3469 2759 suis
3493 2700 3784 2772 deprecatur.

518 2818 648 2874 dum
682 2832 694 2868 :
725 2825 883 2882 quem
913 2807 1171 2862 Dominus
1194 2801 1356 2858 etiam
1391 2809 1472 2855 ter
1501 2805 1821 2867 negaturum
1865 2806 1986 2848 esse
2030 2805 2116 2845 re-

2226 2830 2296 2840 —
2328 2798 2529 2854 Deinde
2555 2808 2675 2854 orat
2699 2816 2712 2852 :
2750 2798 2906 2854 Pater
2929 2814 3100 2860 meus,
3130 2798 3174 2852 si
3197 2795 3441 2867 possibile
3466 2803 3558 2860 est,
3588 2796 3787 2846 transeat

518 2880 758 2978 spondit:
788 2899 895 2958 Sed
923 2908 977 2954 et
1003 2897 1096 2952 ille
1117 2905 1171 2950 et
1193 2892 1375 2949 cmteri
1397 2886 1584 2946 omnes
1604 2884 1872 2957 discipuli,
1905 2897 1970 2937 ne
1995 2880 2116 2936 siin

2223 2909 2254 2946 a
2276 2909 2355 2946 me
2381 2891 2517 2946 calix
2545 2892 2640 2946 iste
2663 2908 2680 2946 :
2702 2891 2791 2947 sed
2821 2900 2989 2946 tamen
3010 2907 3112 2945 non
3131 2889 3262 2944 sicut
3293 2904 3386 2958 ego
3406 2885 3540 2952 volo,
3569 2883 3651 2940 sed
3675 2884 3788 2938 sicut

515 3004 637 3074 ipsa
670 2998 887 3071 quidem
915 3001 1089 3051 morte
1133 2989 1296 3062 positi
1341 2988 1470 3050 sint,
1499 2984 1820 3055 pollicentur
1865 2993 1990 3035 sese
2017 2993 2116 3034 ne-
2226 2992 2280 3037 tu
2320 2983 2414 3037 vis.
2479 2982 2732 3038 Transire
2769 2997 2798 3036 a
2829 2997 2887 3037 se
2918 2982 3139 3038 calicem
3185 2988 3358 3050 rogat.
3390 2974 3648 3046 Numquid
3689 2973 3786 3037 ait,

515 3101 753 3165 gaturos.
789 3089 854 3143 Et
891 3083 1190 3157 procedens
1214 3122 1229 3146 ,
1259 3079 1419 3148 jussit
1446 3073 1742 3143 discipulos
1768 3085 1894 3126 suos
1915 3084 2114 3126 conse-
2235 3073 2496 3130 Transeat
2526 3090 2612 3130 me
2640 3075 2778 3130 calix
2806 3075 2946 3130 iste?
2975 3075 3089 3130 hinc
3116 3072 3259 3128 enim
3291 3072 3471 3127 futura
3493 3078 3604 3126 erat
3629 3082 3719 3138 pro
3740 3078 3792 3120 se

519 3159 654 3240 dere
681 3181 807 3235 dum
836 3183 1036 3233 oraret.
1086 3169 1498 3240 Assumptisque
1550 3165 1711 3220 Petro
1740 3173 1794 3218 et
1842 3161 2043 3218 Jacobo
2069 3172 2123 3216 et
2151 3171 2196 3234 (ζ
2239 3166 2478 3222 timentis
2504 3167 2695 3223 oratio.
2722 3166 2828 3222 Sed
2854 3166 2996 3222 aliud
3013 3175 3119 3234 est,
3144 3174 3204 3220 ut
3229 3180 3289 3221 se
3309 3170 3565 3230 transeat,
3592 3159 3724 3215 aliud
3744 3165 3792 3212 ut

515 3275 725 3332 Joanne
773 3268 939 3340 carpit
990 3263 1156 3320 tristis
1203 3274 1345 3316 csse.
1379 3259 1520 3328 Ergo
1549 3271 1654 3311 non
1685 3265 1810 3309 ante
1849 3253 2019 3309 tristis
2043 3261 2129 3308 est
2229 3278 2260 3316 τι
2287 3276 2344 3316 se
2373 3269 2612 3317 ιτεηεεηι
2645 3260 2944 3331 deprecari.
2981 3261 3037 3317 ιη
3068 3275 3135 3316 eo
3160 3259 3305 3316 enim
3343 3258 3486 3331 quod
3513 3253 3789 3316 scmus“,

520 3381 679 3438 quam
715 3360 981 3426 assum“:
1007 3367 1061 3414 θῑ
1089 3354 1266 3411 οπιηίδ
1312 3351 1386 3423 (ε)
1426 3357 1602 3405 metus
1665 3347 1779 3403 illis
1821 3361 1942 3403 esse
1966 3344 2131 3438 εωρῖι
2233 3359 2350 3430 ipse
2380 3359 2470 3414 ille
2498 3371 2527 3410 a
2573 3353 2820 3410 molestia
2864 3352 2944 3425 (Ι)
2999 3351 3328 3408 transeuntis
3373 3349 3632 3421 excipitur
3675 3342 3791 3415 :qui

437 3505 442 3510 .
529 3457 824 3528 assumptis
852 3472 865 3509 :
897 3462 1058 3523 atque
1099 3449 1171 3503 ita
1200 3461 1308 3502 non
1337 3444 1406 3500 de
1432 3458 1490 3499 se
1519 3450 1639 3498 orta
1658 3449 1742 3497 est
1762 3481 1777 3506 ,
1823 3439 1920 3496 sed
1947 3439 2014 3494 de
2045 3437 2128 3494 his
2231 3461 2410 3510 autem
2440 3460 2495 3507 ιιι
2523 3466 2554 3506 a
2579 3465 2638 3506 δε
2661 3456 2900 3504 transeat
2929 3454 3100 3518 rogat,
3124 3460 3230 3502 non
3253 3455 3310 3500 ul
3334 3444 3451 3516 ipse
3473 3447 3793 3514 ρι-ωιετεειιιι·

532 3567 670 3624 quos
699 3551 1101 3617 assumpserat,
1133 3536 1466 3595 moestitudo.
1500 3536 1566 3590 Et
1592 3533 1807 3604 quidem
1840 3531 2129 3589 recordan-
2233 3554 2371 3611 om,
2402 3544 2496 3601 sed
2525 3551 2582 3599 ιιι
2606 3543 2658 3598 in
2701 3542 2929 3597 alterum
2978 3538 3031 3594 id
3070 3537 3212 3609 quod
3262 3548 3295 3593 ε
3330 3551 3390 3592 se
3437 3534 3622 3591 ιηηείι
3655 3545 3793 3587 em.

529 3619 658 3700 (ium
685 3649 791 3707 εει.
823 3654 928 3694 ηοη
959 3635 1093 3690 alios
1118 3631 1207 3688 hic
1234 3637 1543 3698 δεδυῐηρῐοε
1569 3625 1762 3693 fuisse:
1790 3641 1948 3695 (ιυίιπι
1977 3624 2125 3694 ipsos
2233 3635 2343 3691 dat.
2375 3634 2451 3706 (g)
2481 3631 2750 3704 Numquid
2795 3629 3052 3702 possibile
3081 3637 3200 3686 erat
3226 3642 3332 3684 non
3373 3627 3484 3698 pati
3510 3619 3794 3681 Christum?

525 3734 687 3799 illos,
737 3729 933 3802 quibus
962 3732 1220 3781 venturus
1267 3721 1319 3776 in
1375 3733 1542 3789 regno
1592 3731 1692 3772 suo
1721 3715 1862 3770 ﬁlius
1892 3713 2127 3769 hominis
2229 3726 2428 3797 Atquin
2455 3724 2566 3795 jam
2597 3739 2627 3778 ε
2653 3721 3037 3778 constitutione
3076 3718 3260 3774 mundi
3292 3710 3675 3774 εαοηηιεηιυηι
3710 3711 3794 3766 hoc

528 3801 781 3882 ostensus
805 3826 890 3875 est
911 3859 927 3885 ,
956 3825 1069 3872 tum
1094 3829 1217 3870 cum
1244 3809 1620 3866 assistentibus
1649 3807 1703 3862 in
1731 3815 1912 3862 monte
1943 3806 2128 3877 Moyse
2231 3817 2288 3873 in
2315 3832 2381 3872 eo
2407 3825 2525 3872 ρηι
2572 3823 2771 3871 “osum
2819 3813 3013 3869 saluus
3053 3822 3355 3869 “mnsam.
3407 3807 3664 3880 Numquid
3705 3801 3792 3875 pa“

533 3924 592 3971 et
614 3915 750 3977 Elia,
778 3919 890 3965 toto
920 3916 1140 3962 acterna:
1167 3904 1352 3974 gloriae
1381 3917 1495 3957 suae
1525 3903 1732 3956 honore
1757 3899 2126 3955 circumdatus
2231 3908 2349 3980 ipse
2379 3907 2641 3964 nolebat?
2667 3906 2869 3977 Atquin
2896 3905 3144 3977 superius
3174 3901 3507 3960 fundendum
3537 3901 3590 3956 in
3629 3897 3792 3955 remis.

534 4015 622 4064 est
647 4000 866 4073 (Matth.
912 4012 1022 4053 xvu
1039 4037 1054 4063 ,
1082 3997 1104 4050 i
1134 4003 1184 4049 et
1213 3993 1397 4064 seqq).
1422 3991 1529 4048 Sed
1553 3992 1718 4064 802
1739 4007 1861 4062 qua:
1887 4001 2014 4048 tunc
2040 4005 2116 4046 as-

2231 4003 2442 4058 sionem
2472 4011 2815 4072 peccatorum
2858 3998 3104 4070 corporis
3149 3997 3233 4054 sui
3276 3996 3594 4068 sanguinem
3635 4005 3793 4050 conse-

527 4093 914 4155 sumendorum
938 4102 1148 4153 eorum,
1173 4084 1362 4141 eadem
1387 4092 1440 4139 et
1462 4097 1604 4138 nunc
1630 4083 1729 4138 fuit
1757 4097 1942 4139 causa.
2233 4101 2477 4150 oraverat
2501 4093 2690 4165 (Ibid.,
2711 4090 2827 4163 28).
2857 4089 3138 4160 Quomodo
3161 4104 3292 4160 ergo
3315 4090 3415 4157 ait,
3438 4087 3614 4155 Pater,
3634 4086 3674 4142 si
3697 4099 3794 4156 pos-

608 4189 664 4244 5.
705 4182 940 4241 Tristitia
983 4177 1171 4236 Christi
1216 4192 1408 4247 usque,
1435 4191 1538 4229 non
1582 4173 1643 4229 ob
1694 4183 1924 4231 mortem.
1977 4175 2133 4233 Blas-
2235 4183 2378 4239 sibile
2407 4184 2525 4239 est?
2569 4193 2625 4239 et
2649 4183 2942 4256 quomodo,
2980 4180 3106 4236 Non
3135 4182 3267 4236 sicut
3287 4197 3378 4253 ego
3404 4182 3544 4249 volo,
3574 4179 3658 4236 sed
3688 4177 3792 4230 sicut

539 4279 796 4356 phemiam
868 4275 924 4328 in
975 4270 1227 4343 Spiritum
1271 4266 1501 4322 Christus
1550 4267 1689 4321 timet
1733 4267 1858 4322 suis.
1908 4298 1980 4309 —
2019 4270 2116 4327 De.

2235 4286 2291 4333 tu
2314 4279 2389 4334 vis
2408 4281 2434 4334 ἱ)
2457 4279 2624 4336 Totus
2651 4279 2811 4350 igitur
2838 4291 3005 4348 super
3025 4275 3112 4332 his
3136 4275 3229 4347 qui
3259 4276 3468 4347 passuri
3485 4282 3636 4333 erant
3651 4277 3792 4327 metas

612 4395 690 4471 (α)
742 4393 870 4471 Sola
902 4389 1068 4471 editio
1105 4387 1228 4442 Par.
1259 4385 1347 4440 sed
1376 4399 1440 4438 ea:
1464 4383 1626 4466 nihilo
1654 4401 1674 4437 :
1704 4391 1815 4438 tum
1838 4398 1959 4466 cum
1999 4400 2110 4444 mss

2217 4403 2466 4471 conatur
2488 4435 2504 4461 ,
2550 4409 2668 4471 qua:
2699 4391 2972 4471 hominem
3017 4391 3187 4471 Deum
3217 4405 3323 4446 non
3353 4390 3626 4471 dedeceat.
3670 4386 3794 4471 iiuna

536 4457 736 4540 non,
756 4463 911 4540 Coll).
935 4460 1176 4540 etntlarn;
1199 4497 1215 4523 ς
1245 4472 1332 4540 ngf
1360 4471 1477 4509 eum
1507 4457 1739 4540 (μάραινε
1765 4457 1973 4540 creavit:
2238 4464 2432 4540 imitati
2459 4457 2585 4540 signi
2614 4463 2944 4540 Ambrosius
2970 4471 3026 4540 et
3050 4461 3409 4540 Hieronymus
3443 4462 3585 4540 :_ille
3610 4457 3793 4530 quidem

615 4536 690 4611 (θ)
714 4524 780 4591 Ἰίί
819 4539 930 4596 θεῖν
975 4528 1196 4611 Chi-“1
1226 4524 1388 4582 aiam
1420 4524 1714 4582 δθθυυάυηι
1742 4540 1861 4582 eam
1889 4534 2132 4585 “almam
2237 4536 2332 4592 lib.
2361 4553 2395 4592 ι
2417 4537 2468 4611 in
2500 4536 2630 4591 Luc.
2662 4553 2716 4611 n_.
2742 4534 2831 4597 b7.
2857 4533 2948 4589 ubi
2975 4534 3086 4589 ait:
3117 4524 3272 4588 Dotes'
3293 4549 3430 4605 ergo,
3462 4524 3689 4596 Domine,
3714 4541 3795 4581 non

547 4605 1224 4684 quaeramusassumpsit.
1255 4668 1268 4684 Ι
1344 4667 1356 4679 .
1417 4667 1473 4684 Ν
1642 4667 1653 4680 .
1753 4668 1766 4680 .

2238 4616 2346 4684 tua,
2375 4607 2464 4684 sed
2484 4622 2595 4661 mea
2620 4605 2876 4684 vulnera;
2901 4615 3169 4684 non-tuam
3207 4614 3419 4684 mortem
3446 4645 3461 4669 ,
3496 4605 3584 4684 sed
3603 4609 3796 4684 nostra!!!

613 4667 801 4764 λε).ιᾴ
824 4667 1274 4764 νᾳιςίλξὶξὶςμραρςξ
1306 4667 1824 4764 ξξῖᾐιξξεξξηᾌιξξξὶἰιὲ
1837 4683 1982 4764 “mss.
2009 4671 2128 4764 qui,
2236 4667 2733 4748 inﬁrmitatem,etc.
2757 4667 3062 4731 llic'veroin
3084 4674 3272 4730 Matth.
3293 4667 3618 4740 c.xxtlt,ubi
3644 4669 3791 4730 habet.

1868 4756 2009 4764 mm
2044 4757 2065 4764 _
2240 4747 2278 4764 η
2357 4749 2516 4764 -.-.
2570 4758 2580 4764 .
2750 4762 2834 4764 ,
3653 4741 3791 4764 ,μμ

551 4741 1168 4829 scil;Arianin'quorum
1197 4741 1569 4829 est‘senten‘tia
1599 4741 1744 4808 prius
1777 4750 2094 4829 memorata.

2237 4741 2646 4829 conuiuabatur
2669 4762 2860 4829 autem.
2879 4763 2979 4829 non
3008 4747 3191 4829 timore
3214 4745 3443 4814 patiendi
3461 4745 3624 4829 ,°_quia
3647 4741 3711 4795 ad
3723 4742 3795 4820 hoc

621 4821 702 4893 (ά)
764 4809 1174 4893 Viridocinensis
1199 4809 1392 4893 cedes,
1416 4819 1534 4893 ante
1559 4826 1710 4892 quam
1735 4810 1979 4893 nascitur.
2012 4810 2116 4865 Non

2235 4828 2456 4893 venerat,
2480 4830 2523 4873 et
2551 4817 2762 4893 Petrum
2790 4816 3074 4893 timiditatis
3094 4809 3334 4893 arguerat
3365 4833 3383 4871 :
3411 4809 3501 4869 sed
3514 4809 3714 4893 :prOpter
3735 4811 3797 4863 iu-

549 4879 1007 4977 sat‘is'cauteﬂhate
1039 4879 2132 4977 signa...“
2239 4879 2826 4977 [ειξςέεείηωηιμιιάαηῃ
2855 4897 2904 4943 et
2927 4879 3295 4977 dispar-sionem
3323 4879 3682 4955 apostolorum,
3711 4892 3794 4936 etc.

551 4926 680 4950 ,σιω
705 4926 861 4946 πων
895 4926 1007 4940 ..νυν
1051 4926 1277 4937 ...ηπ-μ.
1331 4926 1491 4944 -......,
1569 4926 1679 4933 π--
1709 4926 1765 4935 --
1808 4926 1926 4935 .-...-
1988 4926 2132 4936 ww-

551 4961 766 5034 aliquod
798 4969 1006 5025 tempus
1027 4968 1172 5034 ,Aquo
1198 4951 1430 5034 nonduin
1455 4926 1610 5005 napus
1646 4926 1811 5005 Filio?)
1837 4926 2000 5019 penes
2029 4952 2128 5006 Pa-

551 5021 690 5090 trein
718 5021 921 5086 tantum
945 5021 1258 5080 exstitisset.
1288 5026 1356 5076 At
1383 5021 1523 5077 hunc
1552 5036 1770 5089 pravum
1802 5036 2016 5076 sensum
2051 5037 2136 5077 re-

549 5104 743 5160 fellunt
769 5100 1004 5156 subnexa
1025 5093 1255 5150 eamdem
1279 5093 1468 5148 scilicet
1497 5091 1828 5163 ceternitatem
1857 5109 1963 5146 esse
1983 5103 2030 5147 et
2053 5093 2135 5163 gi-

553 5174 754 5246 gnenti:
776 5181 820 5224 et
851 5168 1024 5246 geniti.
1061 5165 1244 5246 Neque
1271 5163 1356 5218 hic
1380 5161 1765 5246 repetendum“
1770 5163 1912 5234 quod
1944 5163 1999 5246 in
2025 5161 2135 5246 A'q-

551 5231 947 5302 inonitionevde
989 5239 1091 5291 hoc
1117 5231 1236 5290 loco
1264 5231 1467 5303 praefati
1494 5247 1697 5287 sumus.
1725 5231 1834 5288 Cur
1870 5241 2046 5288 autem
2071 5233 2140 5290 de

553 5316 717 5371 Verbi
743 5308 1087 5383 generatione
1109 5305 1496 5383 disserentibus
1517 5318 1622 5383 non
1636 5305 1706 5358 sit
1729 5305 2138 5383 admittendum,

550 5385 686 5442 illud
708 5373 982 5450 antequam
1011 5377 1261 5450 nascitur,
1299 5375 1543 5450 pluribus
1572 5373 1748 5450 _docet
1774 5375 2003 5450 Hilarius
2029 5375 2144 5445 ipse

553 5457 652 5512 lib.
687 5472 762 5512 xu
790 5443 859 5510 de
888 5450 1036 5508 Trin.
1065 5443 1378 5503 instructior
1415 5445 1526 5512 jam
1566 5443 1738 5500 factus
1760 5486 1775 5512 ,
1798 5455 1854 5500 et
1883 5445 1935 5499 in
1964 5443 2144 5502 verbis

550 5528 778 5584 cautior.

631 5599 704 5670 (ε)
747 5597 1022 5670 Romanus
1066 5589 1234 5647 codex
1264 5601 1388 5670 eum
1411 5585 1566 5667 Cplb.
1607 5585 1884 5670 et_Cartt.,
1933 5598 2141 5646 mazstus

551 5657 781 5725 itti'e'sse.
806 5668 862 5722 In
886 5667 971 5722 his
995 5678 1101 5718 non
1120 5668 1284 5730 negat
1304 5657 1560 5730 Hilarius,
1585 5659 1679 5714 sed
1699 5658 1932 5715 affirmat
1955 5675 2136 5717 veram

555 5737 611 5795 in
632 5737 865 5803 Christo,
897 5733 1162 5792 tristitiam
1187 5727 1214 5797 ζ
1233 5727 1323 5786 ubi
1351 5728 1499 5786 illam
1529 5743 1592 5787 ea
1620 5731 1828 5788 ratione
1863 5731 2137 5803 explicare

2313 4961 2378 5031 (ι’)
2420 4959 2646 5024 Excusi,
2716 4967 3023 5014 transeunte.
3080 4957 3478 5031 Magisuplacet
3515 4971 3636 5012 cum
3686 4963 3795 5009 mss.

2241 5028 2551 5085 transeuntis
2572 5072 2588 5096 ,
2619 5043 2746 5101 puta
2773 5044 2947 5102 pugna:
2973 5037 3066 5084 aut
3087 5028 3378 5102 cujuslibet
3404 5029 3502 5085 rei.

2315 5103 2394 5184 (ρ)
2449 5088 2731 5157 Beccensis
2767 5088 2970 5166 codex,
3011 5088 3259 5170 numquid
3285 5116 3390 5154 non
3437 5096 3670 5169 possibile
3710 5088 3797 5220 rati

2315 5184 2505 5220 malum
2529 5188 2547 5220 :
2591 5171 2992 5220 interpolatoris
3033 5185 3196 5220 onera
3247 5169 3468 5220 nmfert
3517 5169 3708 5220 narticu
3730 5175 3797 5217 am

2244 5169 2547 5228 Christum:
2591 5171 2992 5242 interpolatoris
3033 5169 3196 5242 opera
3247 5169 3797 5242 pmfertgpaliliculm.

2245 5253 2551 5314 negantem.
2580 5241 2694 5298 Non
2720 5230 2864 5297 enim
2884 5230 3222 5314 obscureghic
3247 5230 3417 5298 'docet
3454 5230 3798 5314 Hilariusﬂeri

2254 5306 2474 5370 minimc
2512 5314 2746 5383 potuisse
2773 5321 2830 5366 ut
2863 5328 2968 5383 non
2994 5309 3241 5367 Christus
3273 5320 3562 5383 pateretur.
3601 5306 3799 5383 Sedra-

2249 5384 2324 5440 let
2353 5372 2748 5467 hieeiplicatio
2775 5382 3183 5467 8.“Τιιο.ι]ιε]ιι,ιρἶ
3215 5372 3295 5464 ut,
3314 5398 3372 5467 q.
3402 5382 3498 5467 46Ρ
3521 5372 3796 5467 a._2,ad

2249 5456 2496 5526 prresulis
2535 5451 2703 5526 nostri
2743 5454 2908 5510 verba
2947 5454 3046 5509 sibi
3077 5451 3496 5526 objicientis,et
3522 5451 3588 5508 ad
3624 5465 3687 5526 ea
3726 5459 3797 5524 re;

2244 5515 2557 5597 spondentis
2582 5524 2685 5580 hoc
2709 5526 2832 5597 fieri
2841 5539 2946 5579 non
2969 5515 3207 5597 potuisse
3222 5515 3488 5597 supposita
3517 5515 3799 5597 ηζωδείςηιὶα

2244 5588 2292 5653 εἰ
2338 5596 2766 5666 prwordinatione
2793 5588 2986 5666 Deidé
3024 5596 3259 5664 passione
3285 5588 3499 5651 Christi.
3518 5588 3604 5650 "Ea
3631 5588 3798 5664 ίιυὶρρε

2242 5665 2348 5727 una
2380 5666 2665 5740 hypothesi
2695 5675 2806 5726 tota
2830 5665 3019 5723 Hilarii
3047 5667 3275 5724 assertio
3303 5666 3508 5724 nititur.
