3974 6198
191 197 338 256 1069

1187 194 1726 256 COMMENTARIUS
1762 193 1831 252 IN
1867 193 2124 251 MATTII.
2155 195 2309 254 CAP.
2343 198 2560 255 XXXII.

3359 207 3502 264 I070

185 325 272 372 est
309 333 323 370 :
354 316 671 388 atquevidco
691 360 705 386 ,
733 318 859 390 quia
901 332 1008 373 non
1037 324 1121 372 est
1151 314 1405 386 possibile
1434 327 1493 369 se
1523 327 1633 368 non
1665 311 1776 383 pati
1820 312 1877 376 Δ
1897 309 2024 367 bat:
2063 309 2143 383 (i)
2171 312 2292 383 quia
2338 314 2444 385 pati
2494 314 2594 371 nisi
2620 329 2687 372 ex
2735 314 2850 386 ejus
2893 315 3144 387 passione
3172 330 3280 372 non
3311 333 3502 390 possu-

191 423 291 479 pro
341 407 432 464 his
480 418 636 481 rogat
684 409 775 481 qui
821 408 1032 480 passuri
1090 415 1214 478 post
1238 420 1297 460 se
1345 413 1518 470 erant,
1571 402 1796 469 dicens,

189 499 449 555 Transeat
482 501 622 555 calix
648 516 680 555 a
713 517 812 566 me,
857 499 910 555 id
940 508 1045 568 est,
1080 496 1351 570 quomodo
1391 511 1421 550 a
1450 509 1537 551 me
1567 494 1789 558 bibitur,

189 594 261 651 ita
289 593 362 650 ab
389 593 480 649 bis
511 593 746 662 bibatur,
777 595 895 651 sine
920 594 1037 666 spei
1087 592 1384 650 diflidentia
1407 632 1424 660 ,
1471 590 1589 648 sine
1634 603 1798 645 sensu

187 687 418 753 doloris,
446 688 568 744 sine
599 697 741 745 metu
775 688 985 744 mortis.

259 783 315 839 8.
361 781 613 836 Patiendi
638 781 873 836 virtutem
901 781 973 835 eis
1012 779 1236 850 ﬂagitat.
1280 809 1352 820 -—
1400 775 1523 831 Ideo
1549 784 1728 830 autem
1755 773 1801 828 si

188 872 438 946 possibile
464 882 581 939 est;
611 871 736 942 quia
757 878 813 926 et
839 871 985 927 carni
1021 880 1075 926 et
1103 868 1351 933 sanguini
1394 868 1587 922 horum
1615 864 1797 938 gravis

190 976 372 1022 terror
401 975 491 1022 est
524 1006 539 1033 ,
568 975 623 1021 et
652 964 872 1020 difﬁcile
901 972 985 1019 est
1011 979 1200 1019 eorum
1234 961 1526 1018 acerbitate
1567 973 1797 1028 corpora

187 1059 429 1115 humana
460 1073 569 1114 non
598 1055 760 1112 vinci.
795 1057 959 1129 803
989 1056 1142 1123 Quod
1171 1065 1349 1112 autem
1375 1054 1450 1108 ait
1476 1095 1492 1119 ,
1522 1052 1645 1108 Non
1671 1054 1799 1107 sicut

186 1168 279 1222 ego
299 1152 442 1219 volo,
469 1151 562 1207 sed
582 1152 714 1206 sicut
743 1160 800 1205 tu
828 1152 902 1204 vis
932 1150 1136 1208 :vellet
1160 1149 1377 1221 quidem
1410 1163 1504 1202 eos
1528 1163 1636 1202 non
1664 1146 1796 1218 pati,

187 1257 255 1299 ne
279 1243 424 1299 forte
453 1241 510 1298 in
545 1242 798 1313 passione
825 1241 1073 1297 difﬁdant
1095 1283 1112 1310 ,
1143 1241 1238 1297 sed
1265 1239 1662 1297 cohzereditatis
1688 1253 1800 1294 sum

190 1335 422 1406 gloriam
473 1333 593 1389 sine
637 1333 904 1405 passionis
947 1333 1267 1390 difﬁcultate
1303 1341 1634 1388 mereantur.
1679 1330 1798 1387 Non

184 1443 316 1498 ergo
347 1426 429 1499 (a)
461 1436 523 1482 ut
551 1441 657 1484 non
683 1429 951 1498 patiantur
972 1435 1125 1499 rogat
1145 1469 1160 1494 ,
1204 1426 1390 1483 dicens
1413 1467 1428 1491 ,
1466 1423 1588 1480 Non
1613 1433 1669 1478 ut
1707 1441 1799 1496 ego

185 1519 298 1574 volo
322 1536 342 1574 :
363 1519 465 1575 sed
513 1528 590 1587 ut,
623 1519 718 1584 ait,
746 1519 888 1589 quod
914 1518 1073 1574 Pater
1094 1518 1238 1584 vult,
1284 1516 1502 1572 bibendi
1527 1515 1713 1571 calicis
1741 1514 1798 1569 in

185 1626 280 1667 eos
308 1627 378 1667 ex
407 1626 471 1666 se
503 1620 743 1667 transeat
779 1611 1051 1666 ﬁrmitudo
1080 1628 1095 1667 :
1121 1610 1244 1681 quia
1288 1625 1356 1665 ex
1382 1609 1656 1665 voluntate
1680 1607 1797 1678 ejus

1902 418 2046 459 mus.

1974 499 2062 554 11.
2122 497 2514 569 Discipulorum
2551 516 2761 554 somnus
2801 509 2850 555 et
2880 501 3037 556 varia:
3063 499 3258 556 Christi
3303 502 3503 560 allocu-

1905 590 2072 644 tiones
2100 590 2229 662 quid
2243 591 2558 662 signiﬁcent.
2590 621 2663 634 —
2683 591 2882 648 Verum
2923 592 3066 664 quod
3094 592 3288 648 iterum
3317 611 3504 652 rever-

1902 697 1994 739 sus
2032 685 2232 756 rcperit
2272 683 2636 751 dormientes;
2667 686 2902 742 ostendit
2929 687 3185 742 absentia:
3214 703 3328 744 suae
3365 697 3503 746 tem-

1903 790 2036 846 pore
2086 777 2267 846 plures
2315 777 2548 848 quodam
2593 777 2717 834 ﬁdei
2763 794 2953 836 somno
2996 780 3336 837 detinendos.
3391 784 3501 840 Sed

1905 883 2116 923 rursum
2146 871 2356 936 oravit,
2391 869 2531 925 idem
2559 881 2810 940 repetens
2840 889 2853 925 :
2885 887 3269 944 reversusque,
3302 874 3394 944 qui
3415 876 3499 930 vi-

1903 959 2070 1028 gilare
2110 958 2372 1029 jusserat,
2427 961 2519 1031 qui
2567 963 2880 1033 consopitos
2911 964 3327 1034 objurgaverat,
3375 967 3498 1037 ait,

1905 1049 2136 1104 Dormite
2176 1055 2293 1122 jam
2317 1061 2366 1107 et
2401 1054 2696 1124 requiescite
2725 1056 2800 1128 (j'
2858 1055 2976 1127 45).
3026 1057 3153 1112 Post
3198 1059 3501 1115 orationem

1904 1143 2261 1216 frequentem,
2293 1155 2416 1216 post
2442 1148 2717 1203 discursus
2746 1164 3108 1222 recursusque
3149 1151 3496 1222 multiplices,

1903 1246 2106 1293 metum
2133 1238 2322 1306 demit,
2355 1241 2700 1298 securitatem
2724 1242 2924 1310 reddit,
2952 1243 3004 1298 in
3033 1244 3274 1315 requiem
3300 1245 3500 1302 adhor-

1905 1339 2068 1399 tatur,
2100 1330 2430 1387 voluntatem
2478 1333 2652 1388 Patris
2700 1335 2811 1404 jam
2855 1335 2922 1390 de
2953 1336 3106 1390 nobis
3145 1351 3369 1393 securus
3406 1355 3500 1394 ex-

1901 1430 2126 1492 spectat,
2160 1423 2347 1480 dicens
2367 1467 2381 1492 ,
2418 1423 2540 1480 Fiat
2561 1427 2795 1481 voluntas
2827 1436 2915 1482 tua
2947 1445 2967 1483 :
2992 1429 3116 1500 quia
3145 1430 3498 1488 transiturum

1903 1515 1955 1570 in
1986 1529 2086 1571 nos
2112 1516 2333 1572 calicem
2375 1518 2587 1586 bibens,
2621 1520 2989 1577 inﬁrmitatem
3017 1524 3262 1592 corporis
3287 1526 3496 1593 nostri,

1903 1607 2186 1664 ettimoris
2215 1608 2658 1678 sollicitudinem,
2707 1623 2760 1668 et
2792 1613 2966 1684 ipsum
3015 1613 3260 1670 dolorem
3307 1617 3499 1672 mortis

185 1719 290 1759 non
314 1711 424 1759 tam
449 1718 548 1774 per
569 1702 840 1759 Christum
863 1702 937 1776 (b)
958 1702 1100 1759 vinci
1127 1702 1421 1768 diabolum,
1450 1714 1609 1771 quam
1632 1699 1795 1756 etiam
1823 1706 1873 1767 B
1900 1699 2233 1756 absorberet.
2249 1701 2402 1768 Quod
2425 1713 2604 1758 autem
2624 1703 2690 1758 ad
2705 1719 2800 1759 eos
2816 1714 3112 1774 revertens,
3135 1707 3501 1763 dormientes-

182 1813 280 1869 per
300 1797 421 1867 ejus
443 1791 746 1866 discipulos
766 1796 1070 1866 oportebat.

250 1890 305 1945 9.
350 1888 535 1945 Metus
575 1888 767 1944 Christi
800 1905 980 1955 causa,
1024 1887 1298 1956 inﬁrmitas
1322 1895 1518 1942 nostra.
1551 1915 1623 1926 -—
1663 1885 1794 1940 Post

180 1998 299 2054 quae
325 1982 394 2037 ad
421 1980 725 2053 discipulos
754 1980 914 2046 redit,
943 1989 998 2036 et
1026 1979 1359 2035 dormientes
1386 1977 1745 2048 deprehendit
1775 1995 1790 2033 :

181 2084 235 2130 et
261 2074 495 2130 Petrum
522 2073 765 2144 coarguit
808 2087 906 2128 cur
949 2087 1132 2127 secum
1165 2087 1270 2126 una
1303 2071 1492 2126 saltem
1525 2069 1656 2124 hora
1688 2083 1795 2124 non

182 2169 256 2238 (c)
313 2167 512 2239 vigilet
549 2167 761 2239 (Hi).
802 2166 1019 2222 Petrum
1062 2166 1184 2221 ideo
1208 2181 1274 2222 ex
1305 2165 1492 2232 tribus,
1527 2166 1650 2236 quia
1681 2179 1794 2235 pra:

179 2260 396 2315 caeteris
425 2274 540 2315 non
565 2273 624 2314 se
651 2258 1142 2314 scandalizaturum
1177 2258 1351 2314 fuerat
1381 2257 1661 2329 gloriatus.
1687 2256 1792 2312 Su-

181 2352 414 2424 perioris
467 2360 650 2408 autem
698 2361 875 2409 melus
920 2353 1002 2407 sui
1051 2351 1252 2407 indicat
1292 2365 1514 2417 causas,
1563 2349 1791 2417 dicens,

185 2446 344 2501 Orate
376 2463 440 2500 ne
468 2446 672 2501 intretis
713 2447 768 2500 in
806 2446 1134 2500 tentationem
1160 2444 1180 2519 (
1198 2446 1232 2515 ᾗ
1280 2443 1394 2516 41).
1423 2443 1536 2498 Hoc
1554 2451 1671 2498 erat
1698 2441 1796 2512 igi-

184 2545 270 2591 tur
314 2536 462 2606 quod
507 2536 755 2603 volebat;
801 2544 855 2592 et
910 2536 1030 2592 ideo
1078 2536 1134 2590 in
1179 2534 1426 2590 oratione
1459 2531 1790 2598 tradiderat,

183 2629 303 2685 Non
334 2629 566 2686 inducas
595 2645 694 2684 nos
725 2631 776 2684 in
822 2630 1194 2696 tentationem,
1239 2644 1306 2684 ne
1332 2626 1460 2699 quid
1491 2627 1543 2682 in
1573 2640 1674 2681 nos
1702 2626 1790 2681 in-

187 2721 428 2778 ﬁrmitati
450 2723 634 2778 carnis
654 2723 846 2778 liceret
866 2722 1082 2795 (Matth.
1114 2738 1163 2776 vt
1187 2761 1202 2787 ,
1244 2722 1356 2792 15).
1388 2720 1498 2776 Cur
1516 2728 1694 2774 autem
1725 2732 1794 2774 ne

185 2815 236 2869 in
267 2815 627 2870 tentationem
656 2816 901 2871 venirent
929 2831 1086 2873 orare
1116 2831 1212 2870 eos
1258 2813 1651 2880 admonuisset,
1698 2828 1789 2868 os»

185 2906 354 2960 tendit
381 2905 576 2962 dicens
601 2948 616 2973 ,
646 2905 876 2978 Spiritus
912 2908 1116 2978 quidem
1143 2917 1434 2979 promptus,
1469 2923 1590 2962 caro
1619 2915 1790 2960 autem

183 2995 412 3067 infirma,
443 3015 552 3055 non
602 2999 788 3071 utique
815 3001 882 3057 de
920 3015 980 3056 se
1013 3019 1026 3055 :
1057 3001 1124 3056 ad
1169 3015 1264 3056 eos
1305 3001 1450 3055 enim
1497 3001 1585 3055 hic
1611 3013 1791 3054 sermo

1897 1807 2002 1862 que
2029 1789 2196 1862 804
2221 1793 2521 1862 reperiens,
2552 1796 2782 1863 primum
2825 1810 3077 1852 reversus
3103 1798 3349 1868 objurgat
3368 1841 3382 1866 ,
3413 1815 3503 1855 se-

1896 1884 2076 1938 cundo
2097 1883 2241 1950 silet,
2266 1883 2427 1938 tertio
2443 1885 2725 1954 quiescere
2743 1886 2895 1955 jubet
2921 1906 2933 1940 :
2966 1889 3103 1943 ratio
3121 1889 3220 1944 ista
3234 1899 3334 1956 cst,
3355 1890 3502 1960 quod

1902 1975 2134 2044 primum
2184 1983 2308 2043 post
2333 1976 2786 2030 resurrectionem
2818 1977 3095 2048 dispersos
3137 1995 3232 2034 eos
3261 1989 3316 2034 et
3353 1979 3498 2036 difﬁ-

1895 2066 2084 2122 dentes
2111 2081 2174 2120 ac
2217 2065 2456 2137 trepidos
2486 2066 2563 2138 (g)
2613 2067 2974 2137 reprehendet
3005 2089 3019 2123 :
3062 2070 3300 2125 secundo
3327 2073 3496 2128 misso

1898 2161 2100 2232 Spiritu
2129 2160 2422 2230 paracleto,
2457 2162 2694 2232 gravatis
2720 2162 2785 2216 ad
2828 2163 3193 2219 contuendam
3221 2163 3500 2236 Evangelii

1897 2257 2200 2313 libertatem
2250 2258 2461 2325 oculis,
2516 2259 2774 2314 visitabit.
2824 2259 2954 2315 Nam
3008 2261 3318 2331 aliquandiu
3363 2264 3498 2333 legis

1895 2363 2080 2406 amore
2105 2350 2343 2418 detenti,
2392 2350 2623 2421 quodam
2655 2350 2778 2406 ﬁdei
2834 2365 3024 2406 somno
3053 2352 3301 2422 occupati
3345 2363 3492 2408 sunt.

1897 2443 2081 2499 Tertio
2111 2458 2240 2498 vero
2265 2485 2279 2510 ,
2313 2443 2366 2499 id
2395 2455 2477 2500 est
2506 2444 2767 2500 claritatis
2813 2460 2926 2501 suae
2957 2445 3132 2501 reditu
3155 2487 3171 2511 ,
3217 2447 3496 2503 securitati

1894 2551 1989 2594 eos
2017 2537 2290 2608 quietique
2317 2539 2580 2594 restituet.

2444 2629 2671 2687 CAPUT
2701 2631 2919 2689 XXXII.

1894 2719 1973 2775 De
1992 2720 2025 2774 J
2032 2722 2158 2788 uda,
2187 2723 2276 2793 qui
2297 2733 2403 2777 erat
2434 2740 2566 2777 unus
2587 2723 2650 2777 de
2669 2723 2939 2778 duodecim
2963 2725 3250 2796 discipulis,
3268 2729 3496 2783 veniente

1965 2816 2032 2869 ad
2060 2814 2240 2870 Iesum
2263 2833 2374 2870 cum
2398 2817 2620 2886 plurima
2641 2817 2790 2870 turba
2812 2828 2866 2870 ut
2888 2834 3002 2872 eum
3023 2821 3245 2874 traderet
3263 2820 3359 2884 ;de
3378 2821 3497 2894 gla-

1966 2909 2054 2962 dio
2073 2924 2222 2978 quem
2271 2908 2419 2976 jussit
2449 2907 2603 2962 Petro
2624 2918 2912 2965 convertere
2936 2911 2988 2964 in
3019 2910 3187 2965 locum
3213 2928 3382 2966 suum.

1965 3001 2017 3055 1.
2054 2998 2121 3053 In
2148 2999 2409 3056 Christum
2454 3000 2606 3054 nulla
2655 3012 2877 3072 potestas
2900 3002 3000 3056 nisi
3022 3020 3175 3073 quant
3202 3004 3496 3058 dederit.—

185 3104 489 3147 conversus
517 3101 619 3148 est.
672 3093 780 3148 Aut
833 3081 1104 3162 quomodo
1154 3107 1296 3147 nunc
1349 3092 1418 3147 de
1461 3107 1522 3146 se
1570 3091 1791 3161 spiritus
1818 3085 1862 3148 C
1899 3092 1966 3148 Et
1991 3093 2162 3146 adhuc
2214 3108 2272 3147 eo
2311 3091 2645 3164 loquenle(h)
2671 3109 2783 3147 ecce
2809 3094 2978 3147 ludas
3023 3111 3156 3149 uitus
3191 3096 3254 3150 de
3295 3096 3492 3151 duode-

190 3196 501 3256 promptus,
549 3185 597 3240 si
647 3185 895 3256 superius
946 3186 1115 3242 tristis
1144 3193 1229 3241 est
1273 3183 1454 3240 anima
1509 3198 1678 3255 usque
1724 3183 1794 3238 a'd

188 3279 468 3333 mortem?
509 3277 616 3333 Sed
645 3277 855 3348 vigilari
887 3279 1129 3348 praecipit
1154 3287 1210 3334 et
1239 3276 1408 3343 orari,
1438 3291 1506 3332 ne
1535 3275 1590 3330 in
1620 3284 1794 3331 tenta-

187 3370 388 3426 tionem
413 3369 673 3435 incidant,
702 3385 769 3426 ne
799 3369 1092 3426 inﬁrmitati
1123 3370 1366 3440 corporis
1396 3367 1744 3425 succumbant
1777 3387 1792 3424 :

186 3470 241 3515 ct
272 3461 481 3517 ideirco
510 3461 553 3517 si
582 3461 840 3532 possibile
862 3471 945 3517 est
968 3471 1028 3517 ut
1057 3479 1087 3518 a
1115 3476 1175 3518 se
1199 3471 1439 3517 transeat
1469 3461 1607 3516 calix
1636 3469 1788 3527 orat,

186 3554 312 3624 quia
339 3553 561 3609 bibendi
593 3555 708 3624 ejus
738 3568 866 3609 caro
887 3555 1062 3609 omnis
1085 3552 1296 3609 inﬁrma
1327 3553 1416 3607 sit.

261 3646 352 3701 10.
411 3646 596 3702 Passio
627 3645 817 3700 Christi
846 3648 1082 3702 uirtutem
1111 3646 1256 3700 nobis
1296 3644 1510 3700 contulit
1539 3641 1788 3715 patiendi.

186 3767 258 3778 —
287 3737 522 3793 Rursum
553 3751 681 3794 vero
718 3737 1006 3793 discedens
1032 3737 1238 3803 oravit,
1266 3735 1474 3801 dicens,
1501 3732 1678 3801 Pater,
1711 3732 1791 3804 (ά)

188 3845 293 3882 non
318 3841 482 3900 potest
501 3831 720 3885 transire
757 3828 896 3884 calin:
914 3830 1009 3883 iste
1037 3829 1134 3883 nisi
1160 3827 1306 3882 illum
1337 3827 1501 3880 bibam
1529 3826 1554 3880 1’
1581 3826 1673 3896 ﬁat
1694 3839 1788 3878 vo-

191 3922 364 3977 luntas
391 3934 480 3978 tua
506 3922 692 3996 (Ibid.,
715 3923 833 3994 12).
864 3921 1110 3977 Passuris
1136 3919 1412 3993 discipulis
1434 3932 1531 3988 per
1544 3917 1664 3972 ﬁdei
1677 3917 1793 3987 jus-

191 4017 559 4086 tiﬁcationcm,
589 4034 804 4076 omnem
847 4019 899 4073 in
945 4032 1003 4073 se
1024 4017 1267 4087 corporis
1295 4017 1464 4070 nostri
1507 4015 1789 4070 inﬁrmita-

193 4117 301 4164 tem
329 4112 618 4181 assumpsit
661 4129 673 4164 :
721 4111 975 4181 crucique
1029 4124 1212 4164 secum
1264 4110 1512 4164 universa
1559 4122 1623 4162 ea
1670 4107 1791 4177 qui-

194 4200 294 4257 bus
339 4202 412 4274 (e)
459 4203 860 4258 inﬁrmabamur
907 4200 1102 4256 afﬁxit.
1157 4199 1282 4255 Ideo
1324 4207 1544 4269 peccata
1600 4206 1789 4253 nostra

193 4303 395 4365 portat,
422 4305 475 4349 et
506 4309 604 4364 pro
630 4295 781 4350 nobis
808 4295 991 4350 dolet:
1025 4294 1148 4365 quia
1178 4293 1300 4348 ﬁdei
1334 4293 1387 4347 in
1429 4291 1583 4347 nobis
1604 4291 1789 4347 calore

193 4385 458 4455 fervente,
493 4403 614 4444 cum
642 4387 926 4446 adversum
949 4387 1222 4443 diabolum
1262 4386 1528 4458 passionis
1555 4385 1698 4442 bello
1720 4387 1790 4442 sit

196 4476 582 4536 decertandum
607 4523 623 4549 ,
656 4495 847 4538 omnes
882 4479 1310 4536 imbecillitatem
1342 4486 1649 4533 nostrarum
1678 4477 1781 4534 do-

194 4570 337 4628 lores
359 4588 479 4629 cum
506 4590 734 4646 corpore
764 4575 880 4644 ejus
937 4583 991 4628 et
1041 4572 1290 4643 passione
1336 4571 1658 4627 moriuntur.
1719 4571 1787 4627 Et

197 4663 319 4719 ideo
341 4668 572 4723 transire
621 4668 689 4723 ab
725 4681 791 4722 eo
826 4665 963 4722 calix
1006 4680 1111 4720 non
1141 4672 1336 4735 potest,
1386 4664 1491 4719 nisi
1533 4663 1684 4720 illum
1707 4663 1789 4719 bi-

267 4783 345 4856 (a)
403 4785 530 4841 Mss.
579 4785 778 4848 Rom.,
824 4781 1253 4856 Qellnetcarn.
1288 4795 1390 4856 non
1430 4789 1487 4834 ut
1539 4779 1784 4856 patiatur.

198 4849 405 4925 Par.'ut
429 4873 529 4910 non
558 4857 804 4925 patiatur.
845 4852 1246 4909 Prmferendum
1275 4849 1485 4925 videtur
1505 4865 1631 4925 cum
1667 4851 1788 4925 aliis

194 4923 346 4982 libris
363 4967 377 4991 ,
410 4939 463 4980 ut
485 4919 584 4982 non
606 4931 916 4998 patiantur:
941 4939 1062 4998 cum
1096 4937 1199 4977 non
1228 4920 1458 4990 amplius
1479 4922 1552 4998 de
1569 4919 1789 4998 Christo

198 5009 376 5051 sermo
399 4999 500 5060 sit,
534 4991 628 5053 sed
653 4996 721 5051 de
749 4995 1061 5062 discipulis,
1090 5007 1227 5061 quos
1255 5006 1377 5062 cum
1406 4992 1537 5046 nolit
1568 4991 1730 5045 Pater
1755 5007 1785 5044 a

197 5067 448 5132 passione
474 5070 671 5124 liberos
689 5109 703 5133 ,
727 5067 806 5121 eis
831 5061 1021 5120 saltem
1050 5063 1209 5119 tribui
1238 5061 1484 5117 Christus
1511 5069 1684 5132 rogat,
1728 5070 1788 5117 ut

199 5137 250 5189 in
279 5140 525 5205 passione
551 5139 719 5195 fortes
738 5135 844 5192 sint
867 5144 1028 5205 atque
1051 5143 1380 5205 constantes.

297 5209 347 5278 b)
379 5211 434 5264 In
463 5225 557 5266 sex
585 5223 717 5265 mss.
750 5209 798 5262 vi
827 5203 959 5262 uinci
979 5222 998 5261 :
1027 5204 1265 5260 abundat
1284 5203 1473 5278 vocula
1493 5205 1564 5258 vi.

294 5279 345 5349 c)
379 5282 566 5336 Plures
593 5294 722 5336 mss.
761 5294 864 5332 non
892 5278 1120 5349 vigilant.

329 5347 346 5422 )
366 5353 462 5407 Ilic
473 5367 536 5408 ex
545 5350 889 5422 punximussi
906 5347 1224 5422 auctoritate
1240 5347 1402 5422 triu_n_i
1420 5359 1687 5422 mss._cum
1701 5359 1791 5399 ea-

201 5401 969 5493 aelii’pSiiiEBiJéiiiﬁiIiiBJi
985 5401 1055 5473 de
1072 5401 1228 5493 Trin.
1238 5434 1284 5493 _n
1295 5459 1307 5472 .
1331 5418 1423 5484 57,
1453 5416 1593 5493 absit
1611 5430 1642 5469 a
1658 5429 1786 5471 mss.

275 5487 355 5560 (ej
403 5495 502 5548 Ms.
543 5493 702 5548 Rom.
732 5491 1122 5561 inﬁrmabatur.‘
1145 5489 1250 5561 Alii
1276 5502 1408 5561 seu,
1451 5487 1790 5561 infirmamur.

274 5557 357 5636 (Γ)
379 5565 436 5622 8.
469 5565 705 5621 Thomas
746 5557 806 5617 ni
841 5578 897 5633 p.
923 5576 1023 5636 ,Aq.
1057 5557 1150 5626 46,
1176 5559 1243 5614 ad
1268 5557 1479 5636 ?,_h5re
1513 5557 1675 5636 verba
1721 5557 1801 5613 sic

218 5628 372 5689 aliter
411 5640 799 5694 commemorat
830 5628 1004 5702 {quia
1043 5630 1279 5700 reparari
1307 5629 1406 5684 nisi
1431 5644 1494 5684 ea:
1537 5630 1649 5699 ejus
1680 5643 1799 5698 pas-

1897 3187 1996 3240 rim
2021 3186 2175 3253 venit,
2199 3194 2245 3239 et
2283 3201 2399 3238 cum
2438 3201 2497 3239 eo
2537 3186 2764 3256 plurima
2786 3187 2932 3239 turba
2961 3186 3204 3258 (Matth.,
3226 3204 3373 3254 xxvx,
3398 3192 3497 3244 47-

1896 3278 2010 3350 49).
2040 3277 2097 3332 1η
2129 3275 2212 3332 his
2239 3277 2489 3332 omnibus
2519 3277 2785 3347 passionis
2803 3286 2886 3332 est
2915 3279 3070 3332 ordo.
3101 3279 3206 3334 Sed
3229 3281 3281 3334 in
3304 3283 3493 3337 osculo

1894 3369 2049 3426 Judac
2091 3369 2207 3423 haec
2259 3367 2361 3422 fuit
2400 3367 2462 3440 (i)
2519 3370 2658 3422 ratio
2708 3387 2720 3420 :
2765 3378 2822 3422 ut
2868 3369 3191 3425 doceremur
3245 3371 3494 3428 inimicos

1895 3480 2106 3532 omnes,
2151 3479 2354 3534 eosque
2402 3478 2538 3535 quos
2581 3463 2844 3518 sciremus
2882 3463 3260 3523 desaevituros,
3291 3465 3343 3520 in
3389 3480 3491 3521 nos

1893 3572 2036 3624 esse,
2066 3555 2310 3627 diligere.
2341 3555 2595 3610 Osculum
2626 3555 2769 3609 enim
2809 3555 2925 3625 ejus
2955 3555 3214 3610 Dominus
3258 3571 3366 3611 non
3399 3573 3494 3612 re-

1894 3650 2056 3721 spuit.
2091 3649 2244 3717 Quod
2271 3656 2450 3703 autcm
2481 3649 2555 3702 ait
2576 3647 2749 3716 Iudae,
2777 3653 2861 3720 fac
2885 3649 3025 3718 quod
3051 3650 3178 3719 facis
3218 3648 3291 3723 (j)
3328 3651 3493 3705 tradi~

1897 3745 2058 3798 tionis
2105 3757 2218 3798 sum
2266 3745 2594 3813 potestatem
2642 3742 2742 3796 sub
2790 3740 2939 3796 verbi
2991 3740 3150 3812 hujus
3174 3741 3490 3798 conditione

1895 3833 2177 3906 permittit.
2210 3832 2342 3888 Nam
2370 3833 2462 3902 qui
2508 3833 2646 3902 juris
2677 3833 2759 3886 sui
2789 3831 3022 3887 habebat
3055 3833 3344 3890 adversum
3378 3845 3488 3890 tra-

1892 3927 2094 3984 ditores
2137 3927 2403 3983 advocare
2449 3925 2525 3997 (lt)
2567 3925 2850 3982 duodecim
2888 3927 3052 3981 millia
3081 3926 3353 3997 legionum
3392 3943 3488 3983 an-

1891 4021 2160 4092 gelorum,
2188 4020 2348 4088 longe
2389 4018 2600 4073 facilius
2631 4019 2789 4072 unius
2823 4017 3057 4071 hominis
3082 4026 3136 4071 et
3163 4018 3408 4072 consiliis
3433 4030 3490 4073 et

1890 4111 2098 4166 artibus
2121 4108 2381 4179 potuisset
2410 4109 2728 4178 occurrere(
2748 4108 2783 4176 Ῡ
2813 4105 2929 4178 55).
2950 4107 3191 4178 Denique
3205 4107 3378 4163 Pilato
3395 4109 3490 4162 ait:

1895 4201 2018 4256 Non
2046 4201 2256 4255 haberes
2281 4201 2334 4254 in
2366 4215 2444 4252 me
2469 4208 2787 4269 potestatem,
2808 4197 2909 4251 nisi
2929 4198 3049 4251 data
3079 4199 3166 4252 tibi
3191 4209 3317 4252 esset
3348 4198 3492 4271 (Job.

1895 4311 2014 4361 xu,
2047 4294 2160 4367 11).
2191 4294 2292 4348 Dat
2317 4294 2479 4365 igitur
2509 4293 2562 4347 in
2617 4307 2676 4347 se
2728 4301 3049 4360 potestatem
3089 4292 3347 4348 dicendo:
3371 4293 3486 4351 Fac

1891 4386 2029 4458 quod
2058 4388 2186 4458 facis
2231 4384 2412 4458 (Joan.
2465 4401 2585 4450 xm,
2626 4384 2718 4455 27)
2753 4383 3004 4440 :scilicet
3052 4385 3174 4455 quia
3201 4387 3494 4442 voluntatis

1897 4479 2104 4534 crimen
2137 4493 2233 4550 pro
2259 4477 2384 4533 facti
2414 4486 2672 4550 pensatur
2702 4476 2926 4544 invidia,
2953 4492 3014 4532 re
3039 4487 3322 4547 perageret
3343 4478 3490 4548 quod

1891 4571 2163 4628 voluntate
2182 4569 2245 4643 (l)
2275 4571 2384 4639 jam
2413 4569 2629 4625 faceret.

1967 4663 2023 4718 2.
2052 4662 2153 4730 Qui
2171 4663 2344 4734 gladio
2384 4671 2530 4718 utens
2575 4663 2750 4735 gladio
2787 4661 2985 4734 peribit.
3014 4688 3087 4702 —-
3118 4657 3265 4715 Unus
3315 4669 3484 4718 autem

1894 4780 2039 4834 sione
2063 4795 2164 4850 non
2186 4793 2460 4850 possumus
2485 4777 2698 4850 :minu_s
2725 4775 2789 4850 ad
2819 4789 2956 4850 rem.

1965 4850 2040 4920 (g)
2062 4848 2136 4903 Ita
2175 4843 2278 4904 ins.
2300 4848 2464 4903 Carn.
2493 4863 2614 4901 cum
2654 4846 2809 4902 Colb.
2834 4845 2940 4900 Alii
2974 4858 3105 4900 vero
3134 4843 3281 4911 libri,
3312 4844 3496 4918 depre.

1895 4921 2090 4984 hendit,
2113 4929 2168 4975 et
2189 4934 2336 4974 mox.
2359 4920 2597 4972 uisitauit.

1992 4989 2388 5063 h)ﬁAdjecimus
2402 5006 2513 5043 ecce
2544 4988 2863 5063 auctoritate
2892 5001 3022 5063 mss.

1992 4993 2048 5063 h)
2080 4993 2388 5060 Adjecimus
2402 5006 2513 5043 ecce
2544 4993 2863 5043 auctoritate
2892 5001 3022 5040 mss.

1892 4993 2176 5188 "(lignatio
2219 5076 2341 5116 cum
2374 5075 2508 5115 mss.
2535 5058 2689 5115 Colb.
2719 5057 2881 5112 Carn.
2931 5065 2986 5112 et
3011 5056 3197 5125 Rom.,
3241 5059 3350 5114 haec
3387 5061 3492 5132 fuit

1914 5148 2122 5186 raamo.

1971 5149 2325 5276 griiditihic
2347 5200 2638 5276 subjiciunt
2667 5200 2769 5276 cito
2790 5215 2808 5276 ς
2832 5199 3224 5276 refragantibus
3253 5215 3384 5276 mss.

1972 5270 2050 5345 (Ii)
2097 5272 2238 5345 Editi
2257 5273 2373 5344 plus
2401 5287 2554 5345 quam
2592 5270 2861 5345 duodecim
2899 5273 3124 5345 legiones
3170 5271 3486 5345 angelorum.

1901 5340 2069 5401 Abest
2089 5344 2204 5414 plus
2224 5340 2372 5414 quam
2390 5340 2458 5394 ab
2475 5342 2723 5414 omnibus
2747 5355 2875 5395 mss.
2898 5340 3146 5396 In'tribns
3160 5340 3491 5414 exstat,duo-

1903 5416 2067 5470 decim
2089 5410 2267 5469 'millia
2286 5413 2526 5485 legiones.
2556 5411 2687 5468 Vide
2713 5420 2867 5467 tract.
2903 5429 2984 5479 ps.
3010 5427 3115 5485 LIV_,
3148 5427 3212 5485 n._
3230 5410 3284 5464 6.

1977 5487 2042 5558 (l)
2088 5487 2144 5540 In
2177 5477 2419 5558 pluribus
2443 5497 2573 5558 mss.
2583 5485 2696 5556 jam
2726 5477 2913 5558 fecerat
2938 5499 2957 5536 :
2979 5483 3172 5558 rectius
3199 5480 3260 5558 in.
3279 5478 3399 5558 aliis
3425 5477 3491 5531 Ii-

1907 5548 2040 5627 bri‘s,
2069 5548 2207 5627 quod
2230 5555 2441 5625 faceret,
2473 5548 2688 5627 hoc'est
2709 5548 2851 5623 quod
2872 5552 2983 5621 jam
3013 5549 3190 5604 facere
3218 5548 3489 5616 signiﬁca-

1908 5636 1997 5683 tur
2019 5625 2106 5683 his
2142 5627 2340 5694 verbis,
2375 5627 2510 5695 quod
2546 5626 2692 5696 facis.
