4060 6352
295 382 363 438 13
1521 372 1874 430 STROMATI

2015 374 2143 432 LIB.
2187 373 2253 432 ν.
3256 386 3266 396 ’
3473 379 3542 436 Η

293 492 441 558 στοῦ,
493 491 588 547 καὶ
638 490 891 547 ὲκλεκτοῦ
933 490 1105 558 ὄντος,
1142 490 1218 556 ὡς
1264 489 1578 561 Βασιλείδης
1628 488 1862 562 νομίζει’

1977 489 2164 543 animae
2179 489 2347 544 libero
2365 488 2590 545 arbitrio
2607 489 2810 545 utentis
2826 489 3142 547 rationalem
3167 493 3542 550 assensionem

289 581 357 656 ἦν
384 586 428 638 δ’
467 584 532 639 ἀν
561 586 668 639 ’καὶ
698 585 818 655 δίχα
845 586 942 656 τῆς
974 583 1067 638 τοῦ
1101 583 1348 656 Σωτῆρος
1381 583 1676 655 παρουσίας
1702 581 1875 653 χρόνῳ

291 677 421 731 ποτὲ
453 677 770 749 ἀναλάμψαι
791 676 1052 731 δύνασθαι
1080 676 1178 747 τὴν
1207 675 1385 745 φύσιν.
1407 676 1471 729 El
1492 675 1548 728 δὲ
1574 673 1875 744 ἀναγκαίαν

291 770 388 839 τὴν
440 771 730 843 ἐπιδημίαν
765 770 856 825 τοῦ
904 769 1107 842 Κυρίου
1151 769 1398 839 φήσαιεν,
1434 766 1640 838 οἴχεται
1690 768 1874 830 αὐτοῖς

289 861 360 915 τά
403 864 504 934 τῆς
550 863 764 932 φύσεως
811 863 1093 932 ἰδιώματα,
1147 860 1400 933 μαθήσει,
1450 861 1544 914 καὶ
1589 859 1870 932 καθάρσει,

289 956 391 1011 ’καὶ
423 959 490 1028 τῇ
528 955 637 1008 τῶν
668 954 843 1029 ἔργων
875 951 1112 1024 εὐποιία,
1143 952 1256 1006 ἀλλ’
1282 951 1343 1005 οὗ
1369 951 1526 1021 φύσει
1562 950 1873 1022 σωζομένης

300 1049 400 1118 τῆς
425 1047 677 1118 ἐκλογῆς.
715 1042 782 1100 Ὅ
814 1048 865 1117 γ’
898 1041 991 1100 οὖν
1035 1043 1305 1116 Ἀϐραὰμ,
1348 1043 1414 1098 δι’
1448 1044 1620 1114 ἀκοῆς
1653 1043 1873 1098 πιστεύ-

304 1155 400 1205 σας
432 1143 499 1211 τῇ
534 1143 680 1210 φωνῇ
715 1139 847 1210 (Η),
881 1141 947 1210 τῇ
978 1138 1082 1192 ὑπὸ
1109 1137 1208 1210 τὴν
1240 1137 1369 1209 δρῦν
1408 1136 1504 1208 τὴν
1537 1139 1593 1189 ὲν
1626 1137 1868 1208 Μαμϐρῆ

296 1233 768 1306 ὲπαγγειλαμένῃ·
818 1232 919 1286 Σοί
965 1230 1172 1300 δίδωμι
1211 1229 1328 1299 τὴν
1356 1229 1476 1299 γῆν
1519 1231 1743 1297 ταύτην
1774 1230 1873 1283 καὶ

293 1326 378 1392 τῷ
410 1325 705 1395 σπέρματί
735 1340 850 1380 σου
874 1342 887 1355 ⁸
929 1325 1048 1396 ἦτοι
1093 1324 1347 1388 ἐκλεκτὸς
1378 1320 1471 1394 ἦν,
1505 1323 1538 1392 ἢ
1583 1322 1664 1376 οὗ.
1733 1323 1871 1375 Ἀλλ’

296 1422 345 1472 εί
381 1419 481 1490 μὲν
512 1420 613 1472 οὐκ
657 1413 726 1490 ἦν
751 1459 766 1482 ,
812 1417 932 1480 πῶς
964 1417 1164 1480 εὐθέως
1195 1416 1517 1470 ἐπίστευσεν
1568 1410 1680 1469 οἷον
1718 1434 1874 1484 φυσι-

299 1511 438 1577 κῶςς
473 1513 521 1566 εί
553 1513 610 1565 δὲ
637 1507 705 1583 ἦν
747 1509 1022 1574 ἐκλεκτὸς,
1055 1509 1270 1564 λέλυται
1303 1507 1484 1573 αὐτοῖς
1523 1510 1556 1580 ἠ
1596 1507 1868 1574 ὑπόθεσις,

297 1603 690 1675 εὑρισκομένης
741 1602 833 1656 καὶ
876 1603 983 1674 πρὸ
1023 1603 1120 1672 τῆς
1164 1600 1258 1655 τοῦ
1310 1599 1516 1673 Κυρίου
1570 1601 1872 1673 παρουσίας

297 1697 548 1768 ἐκλογῆς,
601 1697 692 1750 καὶ
733 1695 796 1766 δὴ
848 1696 941 1748 καὶ
985 1694 1328 1766 σωζομένηςο
1392 1694 1704 1764 Ἐλογίσθη
1763 1694 1870 1766 γὰρ

296 1789 456 1855 αὐτῷ
474 1792 561 1854 είς
583 1788 997 1855 δικαιοσύνην.
1034 1787 1158 1840 Ἐὰν
1183 1787 1292 1859 γάρ
1312 1804 1395 1852 τις
1423 1786 1698 1859 τολμήσας
1711 1785 1866 1858 λέγῃ,

1981 581 2110 634 dicit
2141 581 2316 635 ﬁdem.
2357 581 2493 635 Sunt
2525 596 2654 651 ergo
2698 596 3098 651 supervacanea
3129 594 3397 656 praeepta
3433 593 3546 642 tam

1980 674 2033 728 in
2072 673 2251 737 Veteri
2287 689 2448 744 quam
2485 675 2539 729 in
2573 673 2723 728 Novo
2762 674 3134 741 Testamento,
3182 693 3306 732 cum
3349 686 3546 734 natura

1979 767 2162 822 salvus
2210 766 2298 821 ﬁat
2332 766 2560 836 aliquis,
2608 776 2668 820 ut
2706 767 2822 820 vult
2857 765 3199 831 Valentinus,
3249 778 3302 823 et
3340 771 3411 824 sit
3446 786 3548 824 na-

1976 866 2099 913 tura
2151 858 2325 913 ﬁdelis
2371 867 2425 914 et
2469 859 2698 922 electus,
2748 867 2806 913 ut
2859 868 3012 930 putat
3069 861 3371 927 Basilides;
3429 863 3546 918 ﬁeri

1976 950 2136 1004 etiam
2171 957 2378 1020 poterat
2405 957 2482 1015 ut,
2514 949 2717 1020 absque
2739 951 2970 1005 adventu
3003 951 3332 1020 Servatoris,
3364 955 3548 1025 aliquo

1975 1041 2194 1096 tandem
2231 1051 2474 1112 tempore
2504 1051 2687 1111 posset
2721 1042 2917 1095 natura
2943 1027 3408 1112 resplendeseere.
3448 1044 3545 1100 Sin

1975 1141 2155 1188 autem
2189 1134 2557 1188 necessarium
2583 1133 2821 1188 dixerint
2840 1134 2903 1192 ad
2915 1142 3130 1190 ventum
3156 1135 3392 1200 Domini,
3417 1152 3548 1190 cva-

1976 1228 2153 1283 neseit
2199 1228 2280 1282 eis
2336 1237 2546 1282 natura:
2577 1228 2937 1299 praerogativa
2975 1247 2988 1280 :
3035 1245 3155 1284 cum
3199 1230 3446 1286 doctrina
3493 1240 3547 1286 et

1974 1323 2296 1392 purgatione
2319 1329 2371 1376 et
2403 1323 2668 1376 bonorum
2706 1337 2933 1391 operum
2969 1321 3271 1384 eﬂ'eetione,
3303 1338 3411 1377 non
3445 1338 3545 1378 au-

1973 1422 2081 1468 tem
2116 1423 2335 1476 natura,
2371 1423 2618 1470 servetur
2650 1415 2866 1470 electio.
2903 1415 3175 1470 Abraham
3212 1416 3413 1488 itaque,
3452 1417 3545 1486 qui

1973 1523 2072 1577 per
2113 1508 2358 1562 auditum
2401 1506 2632 1563 credidit
2663 1506 2802 1571 voci,
2850 1523 2970 1578 quae
3021 1508 3125 1562 sub
3158 1524 3381 1579 quercu,
3425 1525 3548 1580 qua:

1972 1608 2092 1657 erat
2121 1602 2174 1654 in
2207 1600 2469 1665 Mambre,
2499 1606 2581 1656 est
2614 1601 2855 1670 pollicita
2895 1621 2906 1655 :
2941 1599 3020 1654 Do
3051 1600 3144 1654 tibi
3177 1610 3372 1655 terram
3410 1602 3547 1656 hanc

1973 1704 2022 1748 et
2054 1694 2240 1748 semini
2262 1705 2350 1746 tuo
2375 1695 2416 1757 ⁷,
2439 1693 2718 1749 electusne
2757 1705 2896 1756 erat,
2933 1709 3001 1748 an
3045 1694 3192 1748 non?
3222 1692 3326 1748 Sed
3357 1694 3404 1748 si
3435 1711 3543 1748 non

1973 1795 2093 1842 erat
2144 1787 2388 1857 quidem,
2441 1787 2714 1853 quomodo
2767 1787 2950 1842 statim
3003 1785 3239 1843 credidit
3286 1794 3544 1858 tanquam

296 1880 586 1951 Μαρκίωνι
626 1881 908 1951 ἑπόμενος,
944 1879 1032 1933 τὸν
1075 1879 1413 1951 Δημιουργὸν
1447 1877 1639 1943 σώζειν
1668 1879 1758 1932 τὸν
1791 1880 1872 1943 εἰς

1977 1879 2338 1934 naturaliter?
2385 1880 2470 1934 sin
2519 1888 2702 1935 autem
2737 1888 2856 1935 erat
2903 1877 3132 1939 electus.
3177 1880 3416 1934 solutum
3461 1887 3548 1934 est

298 1974 457 2026 αὐτὸν
495 1971 881 2036 πιστεύσαντα,
913 1971 1006 2026 καὶ
1039 1972 1143 2043 πρὸ
1172 1972 1270 2043 τῆς
1301 1971 1396 2026 τοῦ
1429 1973 1632 2044 Κυρίου
1667 1989 1872 2044 παρου-

301 2064 444 2127 σίας,
480 2064 709 2133 ἐκλογῆς
734 2065 827 2118 καὶ
858 2063 920 2136 δὴ
954 2065 1045 2118 καὶ
1077 2065 1391 2138 σωζομένης
1421 2067 1522 2138 τὴν
1555 2067 1690 2121 ἰδίαν
1710 2067 1872 2121 αὑτοῦ

305 2155 580 2226 σωτηρίαν
613 2156 724 2225 (12)
763 2157 1362 2229 παρευδοκιμηθήσεται
1396 2159 1504 2229 (15)
1536 2158 1684 2230 αὐτῷ
1716 2162 1748 2231 ἡ
1778 2158 1872 2212 τοῦ

311 2247 541 2316 Ἀγαθοῦ
554 2246 797 2318 δύναμις,
815 2248 911 2318 ὀψὲ
931 2248 1022 2301 καὶ
1042 2248 1177 2319 μετά
1191 2248 1281 2302 τὸν
1298 2250 1390 2303 ὑπ’
1411 2250 1587 2304 αὐτῶν
1600 2251 1735 2322 εὑφη
1745 2251 1875 2322 μοῦ-

301 2357 462 2414 μενον
488 2341 561 2412 Δη
570 2358 690 2411 μιου
699 2340 824 2412 ργὺν
843 2341 1238 2413 ὲπιϐαλλομένη
1258 2341 1469 2407 σώζειν,
1487 2343 1579 2396 καὶ
1597 2344 1734 2416 αὑτὴ
1759 2345 1877 2416 ⁸ἦτοι

304 2433 536 2506 μαθήσει
575 2432 608 2504 ἢ
656 2433 750 2486 καὶ
809 2433 1036 2504 μιμήσει
1083 2433 1293 2487 τούτου.
1351 2433 1510 2488 Ἀλλά
1565 2435 1669 2489 κᾶν
1706 2434 1877 2501 οὕτως

301 2523 616 2598 ἔχων-σώζῃ
643 2527 761 2579 κατ’
790 2525 985 2590 αὐτοὺς
1009 2526 1036 2578 6
1077 2525 1324 2594 Ἀγαθὸς,
1370 2526 1493 2581 οὔτε
1518 2529 1644 2593 τοὺς
1680 2529 1876 2596 ἰδίους,

1975 1987 2163 2027 eorum
2201 1971 2636 2035 fundamentum,
2674 1986 2798 2026 cum
2847 1971 3159 2026 inveniatur
3187 1979 3350 2043 atque
3382 1974 3547 2026 etiam

1975 2065 2124 2118 salva
2160 2063 2252 2118 ﬁat
2291 2065 2483 2120 electio
2531 2071 2656 2119 ante
2689 2060 2978 2118 adventum
3020 2063 3233 2118 Domini
3265 2079 3279 2116 :
3315 2063 3546 2134 Reputa-

1979 2166 2085 2210 tum
2123 2166 2199 2212 est
2238 2159 2376 2212 enim
2400 2159 2450 2211 ei
2491 2156 2560 2210 ad
2587 2157 2857 2226 justitiam
2885 2157 2924 2209 ⁸.
2975 2155 3031 2211 Si
3064 2157 3187 2228 quis
3222 2157 3364 2212 enim
3400 2160 3548 2213 ausit

1975 2250 2192 2314 dicere,
2254 2265 2488 2320 sequens
2540 2247 2891 2312 Marciouem,
2955 2247 3266 2303 Creatorem
3325 2264 3548 2304 servare

1976 2357 2122 2405 eum,
2161 2341 2255 2411 qui
2291 2341 2345 2395 in
2377 2341 2554 2412 ipsum
2591 2339 2844 2404 credidit,
2891 2340 3055 2395 etiam
3089 2348 3216 2394 ante
3254 2340 3544 2396 adventum

1977 2433 2213 2496 Domini,
2262 2448 2384 2488 eum
2423 2433 2641 2503 propria
2686 2431 2806 2500 ejus
2861 2433 3036 2487 salute
3089 2440 3336 2488 servetur
3381 2433 3543 2488 etiam

1978 2526 2210 2590 electio;
2263 2525 2384 2596 plus
2418 2541 2580 2596 quam
2622 2539 2721 2594 par
2757 2525 2830 2580 sit
2864 2525 2932 2579 ab
2965 2539 3031 2578 eo
3079 2524 3548 2580 commendabitur

302 2617 429 2673 οὔτε
465 2617 601 2690 μετά
639 2618 737 2690 τῆς
769 2617 992 2691 γνώμης
1023 2617 1117 2672 τοῦ
1161 2619 1524 2691 πεποιηκότος
1562 2621 1662 2693 τὴν
1703 2622 1874 2676 κτίσιν

1978 2615 2114 2671 Boni
2143 2623 2404 2688 potestas,
2442 2624 2502 2671 ut
2525 2629 2644 2686 qua:
2673 2631 2816 2680 sero,
2848 2622 2902 2670 et
2927 2621 3049 2684 post
3075 2629 3222 2679 eum,
3248 2615 3339 2685 qui
3375 2614 3443 2668 ab
3465 2615 3545 2670 eis

304 2711 570 2782 ἐπιχειρεῖ
611 2711 708 2782 τὴν
750 2711 1042 2784 σωτηρίαν,
1091 2711 1182 2784 βία
1223 2712 1280 2766 δὲ
1321 2713 1354 2784 ἢ
1393 2713 1551 2785 δόλῳ.
1601 2714 1710 2768 Καὶ
1760 2715 1874 2780 πῶς

1977 2709 2233 2778 iactatur,
2263 2708 2600 2773 Creatorem,
2637 2707 2752 2778 ipsa
2783 2723 3000 2779 quoque
3030 2698 3270 2763 salutem
3292 2705 3422 2761 dare
3452 2723 3550 2778 ag-

1978 2801 2279 2873 grediatur,
2309 2801 2395 2856 vel
2420 2802 2490 2856 ab
2509 2817 2575 2856 eo
2603 2801 2814 2865 edocta,
2847 2802 2931 2857 vel
2964 2817 3086 2856 eum
3119 2801 3360 2856 imitans.
3390 2799 3546 2866 Quod

306 2894 481 2966 φέρει,
510 2895 602 2948 καὶ
631 2897 664 2966 ἡ
703 2894 838 2966 μονὴ
868 2894 962 2948 τοῦ
1013 2895 1452 2968 παντοκράτορος
1487 2895 1733 2951 λείπεται
1771 2897 1874 2954 ἀπὸ

1979 2895 2026 2950 si
2071 2896 2145 2950 ita
2199 2894 2537 2960 se-habens,
2591 2893 2681 2949 det
2711 2894 2939 2949 salutem
2993 2891 3196 2957 Bonus,
3241 2909 3306 2948 ex
3353 2909 3545 2949 eorum

303 2987 403 3055 τῆς
429 2985 523 3038 τοῦ
567 2985 771 3056 ἀγαθοῦ
817 2985 952 3040 Θεοῦ
1008 2986 1207 3059 μονῆς·
1238 2987 1352 3041 ἀλλ’
1396 2989 1430 3060 ἡ
1475 2987 1570 3042 τοῦ
1618 2987 1874 3055 σώζοντος

1979 2989 2247 3045 sententia
2274 3027 2289 3052 ,
2321 3003 2496 3058 neque
2544 3002 2704 3048 suos,
2746 3002 2922 3057 neque
2961 3001 3084 3041 cum
3117 2987 3236 3056 ejus
3267 2988 3548 3042 voluntate

307 3076 559 3149 βούλησις
585 3078 684 3132 οὐκ
711 3078 1063 3133 ἀπολείπεται
1095 3077 1188 3133 τοῦ
1233 3079 1460 3149 ἀγαθοῦ,
1493 3081 1528 3152 ἦ
1565 3098 1629 3152 γε
1655 3098 1874 3158 προκατ·

1980 3085 2071 3154 qui
2107 3083 2236 3141 fecit
2266 3094 2598 3146 creaturam,
2635 3090 2750 3135 tum
2782 3081 3093 3152 aggreditur
3124 3081 3254 3136 dare
3289 3083 3544 3144 salutem,

301 3177 534 3247 ἀρξασα.
610 3171 849 3242 Ἀνὸητοι
881 3172 988 3244 ἄρα
1025 3172 1076 3225 οἱ
1125 3172 1342 3226 ἄπιστοι
1369 3175 1432 3227 ὲκ
1458 3173 1565 3229 τῶν
1591 3176 1874 3248 προδιηνυ-

307 3261 522 3288 -..1......
549 3262 678 3288 1...?“
705 3263 999 3288 ἒ-ι--......-..-
1028 3281 1043 3288 -
1102 3268 1121 3288 Δ
1146 3266 1159 3288 Ι
1187 3265 1292 3288 --ΑΜΑ
1333 3264 1375 3288 ΙΙ
1397 3263 1439 3288 ιχ
1473 3267 1648 3288 ..-Ιρ--
1690 3266 1874 3288 ...νγ-Η--

1983 3177 2078 3234 sed
2127 3179 2201 3241 vi,
2239 3179 2321 3233 vel
2365 3177 2510 3233 dolo.
2563 3174 2626 3230 Et
2657 3175 2930 3245 quomodo
2975 3175 3081 3231 erit
3129 3176 3318 3246 utique
3373 3177 3548 3232 bonus

1995 3270 2073 3288 κη.
2228 3270 2260 3288 ρ,
2413 3278 2454 3288 _.
2609 3264 2918 3288 _-_.-_:A_-..
2952 3266 3005 3288 οε
3051 3275 3224 3288 -__.-__
3265 3267 3432 3288 Juv----
3471 3269 3516 3288 ι,

307 3261 522 3331 σμὲνων
549 3262 678 3334 ἡμῖν
703 3263 1005 3332 δείκνυνται
1028 3281 1043 3294 ·
1088 3266 1159 3318 Al
1185 3265 1294 3334 γὰρ
1331 3263 1440 3337 (14)
1470 3267 1652 3334 τρίϐοι
1680 3266 1874 3322 αὐτῶν

1985 3270 2077 3341 qui
2119 3270 2199 3325 sic
2227 3270 2375 3332 facit,
2406 3278 2460 3324 et
2491 3276 2572 3324 est
2609 3267 2874 3338 posterior
2888 3264 2918 3320 '?
2952 3266 3008 3321 Si
3048 3275 3228 3322 autem
3260 3267 3437 3322 diﬁ‘ert
3471 3269 3552 3322 lo-

304 3351 782 3424 ειεστραμμέναι,
840 3356 938 3410 καὶ
985 3358 1096 3412 οὐκ
1143 3356 1354 3412 ἴσασιν
1399 3357 1668 3428 εἰρήνην,
1717 3361 1874 3431 φησιν

1985 3375 2085 3415 eus
2131 3367 2185 3414 et
2219 3359 2431 3414 mansio
2467 3357 2890 3428 Omnipotentis,
2929 3367 3137 3414 remota
3170 3365 3267 3421 ,est
3309 3374 3340 3414 a
3394 3375 3551 3413 man-

307 3445 340 3499 6
364 3448 669 3518 προφήτης.
711 3448 820 3514 Τὰς
854 3447 922 3502 δὲ
943 3449 1143 3519 μωρὰς
1168 3450 1264 3504 καὶ
1291 3450 1684 3519 ἀπαιδεύτους
1711 3453 1874 3522 ζητή-

1987 3452 2141 3510 sione
2170 3451 2296 3506 boni
2326 3449 2418 3506 Dei
2443 3467 2458 3515 ;
2494 3456 2549 3503 at
2574 3449 2715 3520 ejus,
2742 3449 2834 3520 qui
2866 3450 2959 3505 dat
2992 3451 3245 3514 salutem,
3295 3451 3548 3506 voluntas

301 3552 441 3604 σεις
488 3539 895 3607 παραιτεῖσθαι
937 3541 966 3595 6
1010 3539 1295 3606 Θεσπέσιος
1337 3543 1607 3616 παρῄνεσε
1648 3545 1874 3612 Παῦλος,

1987 3561 2097 3600 non
2130 3553 2213 3600 est
2241 3551 2448 3600 remota
2482 3557 2511 3596 a
2540 3541 2706 3607 bono,
2753 3553 2810 3596 ut
2841 3559 2961 3613 qua:
3007 3544 3156 3613 prior
3193 3545 3437 3614 eruperit.
3472 3544 3549 3599 Ex

303 3625 396 3684 ὅτι
421 3629 675 3699 γεννῶσι
695 3631 926 3702 μάχας·
957 3635 986 3686 ὅ
1011 3650 1069 3686 τε
1095 3633 1354 3705 Αἰσχύλος
1387 3634 1498 3708 (15)
1525 3637 1760 3710 κέκραγε
1779 3655 1792 3670 ·

1985 3639 2054 3695 iis
2094 3654 2244 3709 ergo,
2279 3651 2399 3708 quae
2446 3636 2704 3698 diximus,
2736 3633 2898 3708 234
2945 3635 3188 3692 inﬁdeles
3221 3651 3342 3692 esse
3364 3652 3551 3692 amen-

309 3729 392 3779 tes
423 3725 744 3780 ostenditur.
771 3725 985 3782 Semitte
1021 3729 1162 3784 enim
1211 3745 1392 3784 eorum
1420 3741 1544 3787 sunt
1595 3749 1870 3803 perversa,
1913 3747 1960 3791 et
1984 3735 2218 3790 nesciunt
2248 3749 2446 3803 pacem,
2497 3733 2670 3802 inquit
2703 3735 2760 3793 >14
2798 3730 3054 3800 propheta
3085 3732 3126 3786 ’³.
3151 3729 3354 3785 Stultas
3374 3745 3548 3786 autem

303 3819 662 3875 etineruditas
676 3823 986 3891 quastiones
1000 3824 1192 3889 vitare,
1217 3824 1480 3882 divinitus
1499 3828 1676 3884 suasit
1698 3827 1903 3888 Paulus
1937 3833 2001 3896 ιο,
2022 3830 2270 3901 quoniam
2301 3835 2547 3898 generant
2581 3839 2825 3894 pugnas;
2871 3833 2926 3878 Cl
2970 3825 3166 3878 Clama!
3212 3823 3504 3896 Eschylus
3531 3833 3546 3870 ε

455 3918 528 3969 Τὰ
549 3917 745 3986 μηδὲν
768 3917 1116 3987 ὠφελοῦντα
1137 3921 1224 3990 μὴ
1249 3923 1419 3977 πόνει
1441 3923 1659 3993 μάτην.

2100 3925 2182 3979 Ne
2214 3925 2266 3978 in
2292 3925 2358 3977 iis
2387 3922 2594 3976 labores
2631 3931 2840 3985 temere,
2868 3936 2984 3990 qua:
3013 3920 3144 3973 nihil
3173 3919 3386 3989 juvant.

308 4007 418 4077 Τὴν
447 4007 545 4078 μὲν
577 4009 685 4082 γὰρ
719 4011 857 4079 μετά
886 4011 1119 4078 πίστεως
1151 4014 1437 4069 συνιοῦσαν
1471 4017 1717 4089 ζήτησιν,
1737 4021 1874 4074 ἐποι-

1985 4019 2121 4074 Nam
2172 4033 2292 4074 eam
2344 4017 2584 4088 quidem,
2642 4030 2764 4085 quas
2796 4030 2904 4069 una
2946 4029 3068 4068 cum
3120 4013 3224 4069 ﬁde
3271 4015 3549 4070 convenit.

307 4102 640 4174 κοδομοῦσαν
677 4105 755 4176 τῷ
804 4104 1035 4178 Θεμελίῳ
1085 4107 1183 4178 τῆς
1227 4108 1463 4172 πίστεως
1505 4108 1602 4182 τὴν
1651 4112 1874 4181 μεγαλο-

1985 4112 2361 4184 quaestionem,
2411 4092 2530 4181 qua;
2575 4108 2931 4163 fundamento
2984 4105 3107 4162 ﬁdei
3155 4106 3553 4178 superaadiﬁcat

302 4197 496 4270 ’πρεπῆ
529 4197 625 4267 τῆς
659 4197 915 4268 ἀληθείας
952 4197 1176 4266 γνῶσιν,
1203 4199 1436 4271 ἀρίστην
1479 4200 1654 4272 ἴσμεν.
1695 4204 1874 4274 Ἷσμεν

1984 4203 2322 4276 splendidam
2367 4218 2428 4258 ac
2479 4199 2818 4272 magniﬁcam
2866 4199 3110 4256 veritatis
3158 4199 3550 4272 cognitionem,

300 4288 363 4342 δὲ
397 4290 473 4350 ὡς
501 4289 606 4360 ἄρα
630 4287 755 4342 οὗτε
791 4288 858 4342 τά
888 4289 1095 4362 φανερὰ
1137 4291 1400 4362 ζητεῖται,
1435 4287 1566 4357 οἷον,
1603 4295 1652 4347 εί
1697 4295 1874 4367 ἡμέρα

1990 4297 2252 4367 optimam
2294 4311 2415 4352 esse
2448 4294 2674 4350 scimus.
2713 4291 2928 4348 Scimus
2961 4298 3164 4355 autem,
3197 4291 3341 4362 quod
3376 4307 3552 4362 neque

305 4382 476 4446 ἐστὶν,
531 4382 742 4454 ἡμέρας
779 4382 980 4454 οὔσης·
1021 4383 1146 4438 οὔτε
1177 4383 1249 4438 τὰ
1281 4385 1450 4457 ἀδηλα
1495 4387 1589 4440 καὶ
1627 4387 1874 4442 οὐδέποτε

1989 4403 2054 4444 ea
2108 4388 2294 4458 utique
2347 4393 2684 4457 quaeruntur,
2735 4390 3046 4454 quw.suat
3092 4383 3416 4449 manifesta;
3471 4390 3550 4449 ut,

303 2802 383 2854 ἔτι
410 2802 611 2871 ἀγαθὸς
636 2805 664 2856 6
690 2801 882 2868 οὕτως,
914 2803 1007 2856 καί
1036 2802 1292 2876 ῦστερος;
1337 2806 1401 2858 Εἰ
1443 2805 1500 2858 δὲ
1523 2806 1552 2858 6
1578 2805 1741 2871 τόπος
1765 2807 1882 2861 δια-

306 4473 646 4546 γενησόμενα
673 4474 898 4547 φανερὰ,
927 4475 1002 4540 ὡς
1026 4476 1111 4540 τὸ,
1133 4479 1181 4530 εί
1209 4476 1384 4548 ἄρτιοί
1418 4480 1552 4533 είσιν
1579 4481 1628 4533 ot
1659 4481 1874 4552 ἀστέρες

1992 4481 2223 4550 exempli
2258 4493 2446 4543 causa,
2499 4493 2566 4532 an
2599 4478 2671 4533 sit
2703 4476 2842 4541 dies,
2891 4491 3016 4531 cum
3047 4483 3132 4531 est
3178 4475 3332 4543 dies;
3375 4491 3555 4547 neque

304 4564 344 4636 ἢ
381 4567 660 4638 περιττοί·
711 4565 823 4620 ἀλλ’
863 4567 984 4620 οὐδὲ
1025 4567 1095 4622 τὰ
1127 4568 1554 4641 ἀντιστρέφοντα
1605 4571 1715 4643 (16)
1739 4589 1754 4603 ο
1798 4573 1874 4626 ἁν-

1990 4587 2057 4627 ea
2084 4587 2204 4643 quae
2241 4579 2368 4628 sunt
2391 4571 2618 4635 incerta,
2653 4578 2708 4625 et
2737 4583 3018 4640 nunquam
3043 4567 3158 4624 ﬁeri
3180 4579 3411 4640 possunt
3439 4585 3556 4624 ma-

379 4705 572 4778 [δέξο.
604 4722 749 4778 xvn,
767 4705 820 4763 3.
893 4705 924 4746 κε
955 4706 1090 4763 Ibid.
1121 4720 1212 4776 xv,
1240 4707 1305 4776 6;
1334 4707 1494 4765 Rom.
1521 4726 1596 4777 iv,
1628 4711 1681 4768 δ.
1751 4718 1808 4778 ›Ῑ‹
1841 4712 1903 4768 P.
1948 4712 2052 4768 eis
2082 4711 2190 4768 eo.
2230 4709 2537 4775 porreu,
2568 4709 2673 4766 547
2692 4708 2804 4767 eo.
2837 4705 3060 4762 PARIS.
3150 4709 3172 4740 ν
3203 4709 3306 4764 lsa.
3338 4725 3463 4774 ιιι,
3496 4693 3559 4767 s.‘

309 4775 427 4833 “Il
459 4776 602 4832 Tim.
635 4793 698 4844 ιι,
729 4777 821 4834 25.

385 4915 493 4982 (ll)
532 4914 610 4983 Τῇ
639 4914 825 4984 φωνῇ.
850 4915 1062 4970 Dictum
1097 4923 1181 4971 est
1211 4917 1467 4971 Ahramo.
1491 4913 1626 4970 Gen.
1645 4931 1777 4978 xvn,
1797 4917 1833 4971 8
1866 4935 1882 4971 :

1989 4923 2129 4970 trem
2174 4915 2536 4985 appellabant,
2575 4924 2806 4982 potestas
2839 4923 2894 4971 et
2931 4917 3101 4986 gloria
3132 4914 3459 4979 obscuretur,
3498 4926 3556 4973 ut

309 4988 422 5042 Καὶ
454 4985 626 5040 δώσω
658 5001 754 5056 σοι
800 4987 896 5040 καί
927 4986 1006 5052 τῷ
1029 4985 1322 5055 σπέρματί
1347 5002 1464 5056 σου
1496 4984 1610 5052 τὴν
1639 4985 1774 5055 γῆν,
1807 4985 1874 5052 ἣν

1989 4986 2083 5056 qui
2115 5001 2221 5040 non
2248 4984 2323 5040 ex
2360 5001 2439 5045 se,
2490 4987 2582 5040 sed
2616 5002 2710 5056 per
2747 4984 3093 5041 imitationem
3125 4987 3402 5042 Creatoris
3456 4989 3556 5043 bo-

308 5056 633 5124 παροικεῖς.
679 5053 876 5110 Verum
931 5073 1036 5110 non
1067 5053 1306 5122 eoloco,
1345 5055 1442 5110 sed
1483 5071 1604 5124 cap.
1643 5053 1797 5119 svnt,
1832 5058 1883 5122 l,

310 5129 516 5184 dicitur
559 5125 701 5198 Deus
746 5126 903 5195 juxta
953 5143 1199 5198 quercum
1243 5127 1298 5182 in
1352 5125 1593 5181 Mambre
1629 5140 1754 5181 cum
1817 5143 1884 5184 eo

309 5206 562 5254 versatus
592 5197 781 5251 fuisse.

1992 5058 2168 5111 mines
2193 5057 2364 5110 salvos
2386 5067 2617 5125 prmslet.

2063 5127 2174 5198 (Μ)
2213 5131 2281 5199 Al
2309 5145 2362 5196 τ.
2398 5125 2510 5199 lsa.
2538 5143 2682 5199 tne:
2721 5130 2790 5182 Al
2833 5131 2943 5199 γὰρ
2980 5129 3164 5196 τρίϐοι
3201 5128 3399 5182 αὐτῶν
3436 5129 3554 5186 διε-

1990 5198 2375 5268 στρίιμμέναι,
2415 5197 2489 5264 ἂς
2525 5197 2881 5266 διοδεύουσὶ,
2906 5197 3019 5253 ίκαί
3049 5200 3159 5251 οὐκ
3204 5199 3442 5254 οἴδασιν
3471 5205 3554 5256 εὶ-

386 5267 498 5335 (12)
532 5265 648 5333 Τὴν
673 5265 832 5318 ἰδίαν
868 5265 1053 5319 αὐτοῦ
1079 5279 1141 5318 σ.
1175 5265 1285 5322 Hoc
1313 5274 1419 5332 est,
1461 5265 1687 5322 salutem
1715 5265 1879 5322 Crea—
1975 5265 2194 5336 ρήνηνζ

311 5341 416 5392 tori
443 5337 728 5403 propriam,
764 5351 862 5391 seu
895 5337 964 5390 ab
998 5337 1089 5390 illo
1119 5338 1391 5391 collatam.

383 5409 496 5478 (13)
531 5405 1200 5478 HapevdogcfynO-rjo'etat.
1244 5407 1534 5478 Perperam
1584 5406 1874 5478 interpres,

309 5475 779 5546 commendabitur.
799 5476 947 5531 Verti
970 5477 1176 5536 debuit.
1201 5475 1884 5546 obscuirabitur.Nam':zap-

318 5541 655 5612 δυδοκιμεῖν
675 5615 681 5616 γ
705 5554 790 5616 est
816 5548 1041 5615 gloriam
1074 5547 1306 5616 alicujus
1327 5563 1594 5616 superare,
1634 5541 1878 5616 adeoque

310 5619 615 5690 obscurare.
627 5685 647 5690 _
662 5615 881 5690 Suidas,
895 5687 912 5690 _
926 5615 1227 5690 Παρευδοκι
1235 5636 1305 5689 μη
1314 5615 1500 5688 σάσης,
1555 5615 1874 5690 νικησάσης,

309 5690 432 5760 ἦτοι
459 5685 716 5760 είςῇδόξαν
741 5685 1073 5760 ὑπερϐάστίς.
1093 5685 1462 5760 Ἶιιιιίιιιιοῑοιδ,
1488 5685 1634 5760 quod
1665 5688 1710 5741 si
1740 5685 1881 5756 quos

314 5757 502 5813 mundi
530 5757 775 5820 Creator,
821 5757 981 5827 quem
1011 5757 1258 5813 harretici
1303 5757 1429 5811 mali
1461 5757 1640 5811 omnis
1689 5764 1880 5811 aucto-

313 5844 430 5884 rem
460 5844 582 5882 esse
616 5829 900 5898 putabant,
930 5836 1054 5882 ante
1082 5827 1597 5898 Christiadventum
1625 5841 1878 5898 servave-

317 5901 410 5968 rit,
439 5896 722 5969 consequi,
757 5905 815 5952 ut
845 5897 910 5953 ab
940 5916 1000 5954 eo
1047 5899 1167 5957 boni
1207 5897 1322 5964 Dei,
1349 5911 1510 5970 quem
1538 5896 1742 5954 Christi
1778 5914 1876 5970 pa-

2055 5337 2166 5408 (15)
2197 5339 2519 5408 Αἰσχύλος.
2553 5337 2929 5394 Theodoretus
2947 5339 3042 5394 lib.
3077 5355 3149 5393 tv.
3179 5336 3381 5393 Contra
3407 5339 3554 5396 Cra:-

1984 5423 2072 5462 cos
2103 5410 2238 5461 citat
2274 5411 2416 5462 hunc
2445 5425 2660 5464 versum
2691 5429 2702 5462 :

2098 5478 2182 5548 Ἰξὰι
2193 5477 2387 5546 μηδὲν
2412 5478 2756 5547 ὠφελοῦντα
2781 5479 2866 5548 μὴ
2897 5476 3049 5544 ζήτει
3079 5477 3270 5547 μάτην
3295 5488 3306 5501 ⁸

2093 5545 2176 5599 Ne
2198 5545 2371 5617 quwre
2402 5545 2627 5617 frustra,
2660 5545 2940 5618 quae—nihil
2971 5551 3064 5603 tibi
3080 5545 3391 5617 conferunt;

1985 5631 2094 5689 non
2146 5625 2205 5670 ut
2247 5619 2406 5672 habet
2437 5620 2706 5681 Clemens,
2749 5619 2822 5689 μὴ
2854 5621 3002 5674 πόνει
3051 5621 3241 5688 μάτην.
3275 5621 3554 5674 Coetecr.

1994 5687 2194 5760 Versus
2221 5689 2312 5744 ille
2348 5689 2401 5743 in
2438 5689 2683 5760 Aischyli
2725 5687 3031 5745 Prometheo
3059 5687 3228 5747 vincto
3283 5698 3479 5745 exstat.

2059 5758 2294 5830 (ιργτά
2338 5758 2827 5830 ἀντιστρέφοντα.
2860 5762 3002 5827 Quid
3041 5775 3106 5815 ea
3155 5762 3287 5820 sint.
3338 5759 3555 5817 docebit

1985 5827 2087 5954 ἑὲ
2108 5827 2314 5954 Gallius
2364 5831 2460 5887 lib.
2510 5847 2586 5898 Ix,
2621 5827 2758 5904 'eap.
2813 5832 2937 5902 ult.,
2985 5838 3038 5887 et
3083 5829 3298 5902 plenius
3344 5831 3444 5886 lib.
3484 5846 3553 5899 ν,

1984 5915 2107 5962 cap.
2144 5915 2229 5955 ιυ.
