3876 6300
421 283 530 341 495

1581 281 1971 338 CLEMENTIS
2005 285 2471 346 ALEXANDRINI

3553 307 3666 363 496

424 401 662 472 luptates
715 398 1053 470 gustaverint
1098 394 1190 468 qui
1236 393 1521 452 laboribus
1565 398 1735 449 vitam
1775 403 1955 450 terunt

2061 397 2174 466 erit
2197 401 2306 473 γὰρ
2341 402 2437 474 τὴν
2465 403 2558 457 τοῦ
2591 405 2811 476 ἀρίστου
2842 407 2937 462 καὶ
2966 405 3303 480 ὲξοχωτάτου
3334 411 3660 486 θερατηίαν.

423 493 779 548 continentiae
804 491 1056 546 inﬂexam
1091 486 1349 542 duritiem
1379 487 1685 558 infringunt
1727 487 1794 542 ad
1833 490 1987 543 volu~

423 591 624 654 ptates.
645 583 804 639 Tales
830 589 1012 637 autem
1040 588 1169 636 sunt
1198 581 1236 635 ii
1265 597 1481 652 quoque
1505 584 1596 652 qui
1628 583 1743 653 lege
1766 591 1820 638 et
1845 573 1989 638 metu

424 678 784 748 prohibentur
814 695 826 730 :
870 675 962 746 qui
996 674 1043 730 si
1089 674 1436 729 occasionem
1465 675 1610 730 nacti
1641 674 1846 730 fuerint
1875 675 1990 729 fur-

423 771 520 825 tim
551 771 720 839 legem
760 766 1271 838 transgrediuntur,
1316 781 1436 836 quae
1463 766 1692 822 honesta
1735 773 1862 823 sunt
1904 766 1989 822 fu-

419 861 654 931 gientes.
691 856 820 923 Quae
850 865 936 911 est
963 864 1145 910 autem
1168 863 1390 926 propter
1419 856 1656 926 seipsam
1686 856 1988 926 expetenda

417 950 802 1020 temperantia,
836 957 898 1003 ut
923 965 1044 1019 qum
1073 965 1169 1018 per
1195 948 1564 1019 cognitionem
1597 948 1915 1018 perficiatur
1934 958 1988 1004 et

416 1060 632 1114 semper
678 1052 915 1107 maneat,
968 1044 1249 1097 dominum
1297 1051 1351 1098 et
1396 1043 1780 1114 imperatorem
1822 1042 1987 1098 efficit

415 1137 714 1200 hominem,
754 1144 814 1189 ut
839 1136 910 1191 sit
938 1144 1250 1204 temperans
1287 1136 1333 1190 is
1362 1135 1455 1204 qui
1487 1141 1570 1190 est
1598 1133 1900 1205 gnosticus,
1931 1141 1985 1188 et

413 1239 517 1280 nec
545 1223 810 1278 afficiatur
871 1224 1247 1293 voluptatibus
1269 1265 1284 1287 ,
1339 1240 1441 1278 nec
1484 1224 1756 1294 liquescat
1780 1224 1984 1279 dolori-

413 1316 539 1384 bus,
581 1315 725 1370 sicut
753 1315 904 1369 aiunt
961 1314 1304 1370 adamantem
1330 1315 1453 1386 igne
1475 1316 1697 1371 minime
1720 1316 1984 1385 liquesce-

412 1427 494 1467 re.
524 1410 730 1464 Horum
759 1424 891 1480 ergo
920 1424 1106 1473 causa,
1137 1416 1222 1464 cst
1263 1408 1612 1464 sanctissima
1655 1415 1710 1462 et
1737 1407 1981 1462 omnium

413 1503 769 1560 scientiarum
815 1503 1088 1573 praecipua
1132 1502 1392 1558 charitas.
1438 1500 1545 1555 Per
1591 1501 1797 1556 cultum
1835 1501 1980 1554 enim

409 1597 530 1668 ejus
559 1596 706 1667 quod
734 1602 818 1650 est
860 1596 1128 1665 optimum
1160 1602 1215 1649 et
1244 1593 1794 1658 excellentissimum,
1835 1593 1979 1664 quod

408 1703 480 1742 ex
505 1701 616 1741 uno
662 1686 1043 1740 characterem
1083 1685 1304 1754 accipit,
1338 1683 1573 1737 amicum
1619 1684 1782 1738 simul
1820 1691 1874 1737 et
1918 1683 1979 1736 fi-

2090 491 2118 544 δ
2151 493 2216 564 δὴ
2253 493 2329 565 τῷ
2362 496 2440 548 ὲνὶ
2495 499 2953 571 χαρακτηρίζεται
3000 502 3147 574 (74),
3193 503 3345 572 φίλον
3391 507 3524 578 ὁμοῦ
3561 511 3662 564 καὶ

2089 585 2204 638 υίδν
2236 586 2324 638 τὸν
2345 591 2639 656 γνωστικὸν
2669 591 3061 663 ἀπεργάζεται,
3097 613 3117 646 ι
3153 595 3356 650 τέλειον
3384 617 3404 650 ι
3577 602 3659 667 ὡς

2090 675 2301 746 ἀληθῶς
2337 698 2356 730 ι
2411 680 2599 752 ἄνδρα,
2648 684 2727 746 εἰς
2770 685 2965 756 μέτρον
2997 687 3211 756 ἡλικίας
3252 709 3270 741 ›
3321 691 3655 764 αὐξήσαντα.

2103 767 2257 820 Ἀλλὰ
2283 768 2375 821 καὶ
2407 770 2440 840 ἡ
2468 771 2688 840 ὁμόνοια
2713 773 2744 842 ἡ
2772 775 2898 844 περὶ
2923 776 3085 828 ταύτὸ
3112 779 3344 849 πρᾶγμα
3385 782 3648 848 συγκατά-

2089 857 2233 922 θεσίς
2256 861 2370 911 ἐστι
2387 875 2399 888 ·
2419 860 2480 912 τὸ
2507 860 2562 912 δὲ
2580 862 2771 916 ταύτὸν
2799 864 2856 918 ἓν
2876 866 3019 919 ἐστιν
3035 884 3047 897 ·
3065 867 3099 937 ἦ
3123 885 3182 920 τε
3209 869 3361 938 φιλία
3383 870 3450 922 δι’
3473 873 3658 941 ὁμοιό-

2087 969 2246 1022 τητος
2264 952 2597 1023 περαίνεται,
2621 955 2716 1025 τῆς
2745 957 3050 1028 κοινότητος
3076 961 3133 1011 ἐν
3157 959 3234 1030 τῷ
3263 961 3342 1013 ἑνὶ
3373 963 3653 1034 κειμένης.

2100 1043 2156 1096 Ὀ
2188 1045 2296 1116 ἄρα
2321 1046 2638 1113 γνωστικδς,
2669 1047 2760 1100 τοῦ
2792 1048 2908 1113 ἐνὸς
2939 1050 3105 1115 δντως
3139 1051 3272 1105 Θεοῦ
3308 1054 3656 1125 ἀγαπητικὺς

2087 1136 2368 1208 ὑπάρχων,
2393 1137 2592 1202 τέλειος
2616 1138 2781 1204 ὅντως
2807 1141 2945 1212 ἀνὴρ
2978 1144 3070 1196 καὶ
3109 1144 3259 1212 φίλος
3278 1145 3373 1198 τοῦ
3405 1146 3565 1212 Θεοῦ,
3590 1150 3654 1200 ἐν

2085 1227 2215 1279 Υἱοῦ
2245 1226 2565 1295 καταλεγεὶς
2585 1227 2754 1291 τάξει.
2789 1230 2957 1283 Ταυτὶ
2968 1231 3079 1302 ,γάρ
3093 1231 3332 1303 ὀνόματα
3347 1235 3649 1302 εὐγενείας,

2084 1316 2178 1368 καὶ
2214 1314 2483 1383 γνώσεως,
2536 1317 2628 1368 καὶ
2680 1317 3012 1391 τελειότητος
3061 1322 3199 1374 κατὰ
3233 1323 3330 1394 τὴν
3369 1325 3465 1377 τοῦ
3513 1324 3649 1377 Θεοῦ

2083 1409 2394 1472 ἐποπτείαν,
2429 1409 2495 1481 ἥν
2528 1411 2957 1484 κορυφαιοτάτην
2990 1415 3272 1486 προκοπὴν
3301 1418 3333 1487 ἡ
3367 1417 3644 1487 γνωστικὴ

2081 1499 2226 1570 ψυχὴ
2257 1499 2541 1570 λαμϐάνει,
2568 1501 2781 1574 καθαρά
2814 1503 2990 1557 τέλεον
3032 1507 3316 1578 γενομένη,
3362 1527 3380 1559 ι
3431 1509 3651 1579 πρόσω-

2082 1607 2201 1657 πον,
2244 1609 2262 1642 ι
2303 1591 2453 1662 φησι,
2485 1611 2504 1643 ι
2541 1593 2676 1661 πρὸς
2715 1594 3002 1665 πρόσωπον
3043 1615 3062 1648 ι
3099 1597 3231 1668 ὁρᾷν
3259 1598 3445 1661 ἀϊδίως
3473 1616 3648 1650 κατα-

2084 1681 2333 1754 ξιουμένη
2372 1683 2462 1736 τὸν
2501 1683 2910 1757 παντοκράτορα
2945 1686 3094 1741 Θεόν.
3149 1688 3500 1760 Πνευματικὴ
3536 1689 3644 1759 γὰρ

406 1777 542 1832 lium
574 1777 734 1833 efIicit
774 1775 1121 1847 gnosticum;
1156 1793 1175 1825 ι
1216 1775 1520 1845 perfectum
1561 1793 1579 1826 ι
1607 1790 1801 1829 revera
1839 1792 1858 1826 ι
1897 1773 1955 1827 vi

2079 1775 2173 1846 ὅλη
2210 1775 2468 1846 γενομένη
2505 1776 2641 1846 πρὸς
2666 1777 2726 1830 τὺ
2751 1779 3025 1848 συγγενὲς,
3059 1781 3353 1852 χωρήσασα
3392 1783 3452 1833 ὲν
3477 1797 3648 1836 πνευ-

402 1885 548 1935 rum,
589 1890 608 1923 ι
662 1881 721 1925 ιιι
750 1870 844 1940 qui
882 1870 1122 1925 creverit
1155 1889 1172 1920 ι
1211 1869 1267 1924 ἰη
1309 1885 1621 1924 mensuram
1653 1868 1829 1924 aetatis
1863 1881 1912 1923 α.
1949 1888 1968 1920 ι

399 1961 716 2030 Quinetiam
758 1976 878 2032 quae
907 1966 992 2016 est
1037 1960 1182 2014 circa
1226 1959 1474 2014 eamdem
1517 1974 1636 2014 rem
1672 1957 1969 2014 concordia

2083 1868 2285 1938 ματικῇ
2316 1869 2381 1936 τῇ
2427 1866 2741 1939 Ἐκκλησία,
2775 1868 2921 1939 μένει
2966 1872 3045 1934 είς
3063 1869 3160 1942 τὴν
3199 1872 3504 1926 ἀνάπαυσιν
3548 1872 3642 1926 τοῦ

2077 1955 2232 2009 Θεοῦ.

399 2064 487 2110 est
515 2057 858 2111 consensio:
910 2054 1058 2126 quod
1102 2063 1284 2108 autem
1315 2053 1457 2107 idem
1499 2061 1602 2117 est,
1649 2068 1817 2107 unum
1859 2059 1967 2108 est.
2031 2049 2286 2105 Amicitia
2338 2059 2517 2106 autem
2554 2051 2838 2121 perficitur
2881 2070 2981 2124 per
3035 2055 3468 2122 similitudinem,
3511 2072 3639 2111 cum

403 2151 769 2206 communitas
799 2152 902 2206 sita
933 2149 1006 2204 sit
1039 2149 1092 2203 in
1123 2163 1256 2203 uno.
1301 2145 1594 2202 Gnosticus
1626 2146 1814 2216 igitur,
1855 2161 1979 2200 cum
2012 2144 2210 2215 diligat.
2229 2160 2354 2198 eum
2385 2145 2477 2214 qui
2505 2160 2633 2199 vere
2659 2154 2741 2199 est
2771 2163 2911 2203 unus
2939 2147 3104 2214 Deus,
3157 2158 3211 2205 et
3238 2152 3320 2204 vir
3371 2159 3457 2204 est
3507 2165 3639 2206 vero

394 2243 690 2314 perfectus,
721 2251 773 2297 et
802 2241 896 2296 Dei
938 2243 1170 2305 amicus,
1215 2247 1269 2295 et
1299 2241 1353 2295 in
1383 2240 1476 2294 lilii
1511 2241 1691 2295 locum
1719 2249 2008 2309 cooptatus
2039 2259 2052 2295 :
2114 2240 2226 2294 haec
2247 2239 2408 2294 ‘enim
2459 2247 2586 2294 sunt
2617 2241 2836 2294 nomina
2861 2242 3162 2298 nobilitatis
3191 2249 3248 2306 >I<
3281 2253 3335 2297 et
3361 2243 3638 2314 cognitio-

396 2335 505 2400 nis,
537 2343 591 2389 et
626 2332 983 2404 perfectionis
1013 2332 1068 2386 in
1098 2331 1195 2386 Dei
1226 2331 1461 2395 visione,
1503 2346 1665 2402 quam
1697 2346 1968 2386 summum
1998 2330 2304 2401 profectum
2335 2331 2481 2400 capit
2524 2331 2703 2386 anima
2743 2334 2998 2402 gnostici,
3051 2336 3254 2390 munda
3310 2335 3471 2405 plane
3499 2333 3637 2389 effe-

392 2433 502 2490 cta,
543 2444 562 2477 ι
596 2425 755 2490 facie,
790 2444 810 2476 ι
862 2431 922 2478 ιιι
977 2425 1051 2477 ait
1080 2424 1195 2489 ille,
1271 2442 1290 2475 ‹
1332 2423 1400 2477 ad
1454 2423 1704 2479 faciemb
1749 2443 1768 2476 ›
1826 2422 1997 2477 Deum
2039 2424 2468 2495 omnipotentem
2522 2424 2576 2478 in
2633 2431 2898 2479 aeternum
2949 2427 3133 2483 videre
3184 2427 3428 2500 dignata.
3493 2425 3631 2481 Tota

387 2517 538 2580 enim
601 2515 794 2570 eflccta
851 2511 1134 2584 spiritalis,
1175 2527 1304 2567 cum
1348 2511 1416 2567 ad
1468 2513 1522 2568 id
1559 2511 1705 2583 quod
1763 2521 1846 2568 est
1892 2522 2182 2584 cognatum
2235 2515 2566 2584 processerit
2621 2514 2677 2568 in
2716 2514 2960 2572 Ecclesia
2999 2519 3266 2588 spiritali,

390 2606 488 2664 Dei
517 2606 725 2678 requie.

3345 2525 3533 2574 manet
3575 2519 3630 2572 in

1812 2697 2042 2754 CAPUT
2081 2694 2198 2749 XII.

889 2813 1075 2869 Verum
1097 2812 1393 2884 gnosticum
1432 2811 1718 2883 beneﬁcum
1737 2821 1785 2867 et
1813 2811 2158 2867 continentem
2191 2824 2301 2863 esse
2320 2816 2368 2862 et
2392 2807 2658 2863 mundana
2682 2807 2864 2863 omnia
2892 2807 3172 2876 despicere.

458 2936 635 3006 Atque
667 2933 782 2989 haec
826 2930 1047 3002 quidem
1091 2931 1379 2986 hactenus.
1413 2930 1550 2986 Cum
1583 2939 1762 2986 autem
1794 2932 1870 2985 ita
1903 2947 1955 2986 se

2137 2927 2319 2980 Ταῦτα
2387 2926 2484 2998 μὲν
2547 2921 2639 2979 οῦν
2690 2926 2880 2998 ταύτῃ.
2943 2923 3098 2979 Οῦτω
3157 2925 3214 2978 δὲ
3257 2925 3393 2996 ἔχων
3423 2928 3452 2980 ὁ
3482 2946 3625 2997 7m.-

386 3021 586 3077 habeat
627 3019 932 3090 gnosticus,
966 3024 1021 3072 et
1069 3015 1216 3086 quod
1267 3015 1335 3070 ad
1387 3030 1587 3086 corpus
1639 3018 1853 3082 attinet,
1901 3027 1955 3072 ct

385 3111 534 3183 quod
563 3110 632 3164 ad
661 3107 923 3171 animam,
955 3117 1010 3161 et
1036 3107 1182 3176 quod
1211 3107 1278 3161 ad
1309 3107 1666 3178 propinquos,
1699 3125 1796 3164 seu
1831 3107 1951 3163 fue-

383 3204 456 3257 rit
483 3215 698 3265 servus,
731 3214 828 3254 seu
863 3198 1037 3254 hostis
1069 3198 1186 3268 lege
1213 3196 1411 3263 factus,
1442 3214 1541 3253 seu
1575 3199 1712 3254 alius
1745 3201 1951 3270 qualis-

382 3309 622 3364 cunque,
655 3291 880 3362 aequalis
911 3287 1004 3344 est
1045 3295 1098 3345 et
1137 3289 1330 3345 similis
1360 3308 1374 3345 :
1411 3305 1536 3344 nam
1569 3294 1952 3348 convenienter

381 3388 488 3460 legi
520 3387 720 3441 divina:
742 3401 853 3440 non
885 3402 904 3434 ι
935 3383 1165 3454 despicit
1195 3383 1418 3438 fratrem
1448 3403 1469 3436 ι
1503 3384 1692 3440 eodem
1716 3394 1870 3455 patre
1898 3394 1950 3441 et

377 3480 570 3538 eadem
599 3485 774 3533 matre
790 3484 996 3532 "natum
1031 3495 1045 3531 :
1077 3489 1202 3530 eum
1234 3483 1383 3530 certe
1404 3475 1498 3547 qui
1526 3476 1780 3548 affligitur
1807 3479 1949 3533 levat

376 3570 872 3636 consolationibus,
905 3569 1405 3636 adhortationibus,
1438 3570 1508 3627 iis
1556 3587 1677 3642 quae
1716 3580 1844 3628 sunt
1881 3573 1948 3627 ad

375 3665 545 3722 vitam
579 3661 891 3720 necessaria
925 3677 1252 3717 succurrens
1284 3680 1298 3715 :
1341 3662 1478 3719 dans
1509 3664 1762 3720 omnibus
1787 3681 1948 3736 egen-

376 3758 543 3822 tibus,
573 3757 701 3811 licet
741 3771 848 3810 non
880 3753 1153 3819 similiter,
1188 3769 1375 3809 verum
1405 3754 1553 3825 juste
1580 3763 1633 3810 et
1663 3771 1762 3826 pro
1789 3758 1948 3811 meri-

373 3849 482 3915 tis;
515 3847 817 3918 quinetiarn
847 3847 895 3900 ei
928 3845 1019 3915 qui
1049 3845 1225 3914 ipsum
1254 3847 1601 3918 persequitur
1628 3856 1681 3902 et
1708 3848 1833 3902 odio
1856 3850 1947 3904 ha-

372 3938 484 4003 bet,
517 3939 564 3993 si
595 3953 660 3992 eo
690 3927 968 4006 indigeat;
1005 3951 1196 4005 parum
1225 3953 1427 3992 curans
1477 3953 1571 3993 eos
1601 3940 1692 4009 qui
1733 3939 1940 4008 dicunt,

370 4037 593 4103 propter
640 4036 846 4082 metum
878 4028 927 4081 ei
956 4027 1195 4092 dedisse,
1267 4029 1314 4084 si
1345 4045 1452 4084 non
1489 4029 1678 4086 fecerit
1722 4041 1943 4102 propter

369 4131 598 4186 metum,
637 4121 732 4176 sed
758 4127 816 4172 ut
845 4119 895 4174 ei
926 4133 1082 4189 opem
1116 4118 1303 4175 ferret.
1326 4121 1431 4188 Qui
1451 4123 1595 4177 enim
1618 4131 1678 4177 ut
1704 4124 1939 4179 inimicis

370 4214 700 4270 subveniant
732 4227 839 4265 non
875 4221 1104 4281 parcunt
1146 4213 1410 4282 pecunia},
1439 4223 1493 4269 et
1521 4216 1787 4269 malorum
1819 4230 1939 4270 oso-

2056 3021 2236 3084 στικὸς
2263 3019 2396 3090 πρὸς
2426 3019 2487 3070 τὸ
2516 3017 2693 3089 σῶμα,
2730 3019 2822 3071 καὶ
2853 3018 2949 3089 τὴν
2988 3019 3184 3090 ψυχὴν,
3217 3020 3354 3090 πρός
3392 3039 3456 3075 τε
3495 3024 3624 3086 τοὺς

2055 3113 2240 3176 πέλας,
2265 3113 2368 3165 κᾶν
2397 3112 2610 3182 οίκέτης
2640 3107 2700 3184 ᾗ,
2725 3110 2825 3164 κᾶν
2857 3111 3110 3182 πολέμιος
3132 3112 3280 3183 νόμῳ
3309 3114 3618 3185 γενόμενος,

2052 3204 2155 3258 κᾶν
2204 3203 2469 3266 ὁστισοῦν,
2517 3203 2628 3266 ἴσος
2674 3203 2767 3256 καὶ
2813 3204 2995 3274 ὅμοιος
3047 3206 3388 3274 εὑρίσκεται·
3417 3209 3480 3260 οὐ
3511 3207 3620 3279 γὰρ

2057 3313 2076 3347 ι
2109 3295 2350 3365 ὑπερορᾷ
2396 3292 2485 3345 τὸν
2529 3291 2750 3362 ἀδελφὸν
2782 3311 2799 3343 ι
2838 3291 2976 3345 κατὰ
3004 3287 3093 3346 τὸν
3127 3293 3266 3348 θεῖον
3295 3295 3459 3366 νόμον
3485 3298 3619 3368 ὁμου

2051 3386 2275 3458 πάτριον
2306 3385 2432 3436 ὄντα
2455 3384 2545 3436 καὶ
2572 3385 2928 3455 ὁμομήτριον·
2955 3383 3142 3455 ἀμέλει
3167 3385 3480 3458 Θλιὸόμενον
3503 3387 3618 3442 ἑπι-

2049 3479 2313 3548 κουφίζει,
2343 3477 2731 3549 παραμυθίαις,
2755 3481 3157 3552 παρορμήσεσι,
3186 3485 3306 3545 ταῖς
3337 3481 3618 3552 βιωτικαῖς

2047 3571 2256 3642 χρείαις
2287 3570 2612 3642 ἐπικουρῶν,
2645 3571 2818 3635 διδοὺς
2846 3575 2957 3636 τοῖς
2991 3572 3260 3644 δεομένοις
3288 3577 3474 3640 πᾶσιν,
3501 3576 3614 3630 ἀλλ’

2046 3662 2143 3731 οὐχ
2174 3661 2390 3731 ὁμοίως,
2422 3660 2644 3724 δικαίως
2675 3661 2730 3713 δὲ
2761 3663 2853 3714 καὶ
2883 3664 3024 3717 κατά
3051 3664 3148 3735 τὴν
3171 3663 3357 3729 ἀξίαν
3391 3669 3526 3738 πρὸς
3558 3669 3614 3722 δὲ

2047 3755 2140 3808 καὶ
2167 3752 2245 3824 τῷ
2272 3750 2676 3817 καταδιώκοντι,
2709 3755 2801 3805 καὶ
2827 3753 3091 3823 μισοῦντι,
3125 3757 3172 3807 εἰ
3199 3755 3391 3808 τούτου
3420 3757 3608 3811 δέοιτο’

2045 3847 2196 3914 ὀλίγα
2230 3843 2526 3915 φροντίζων
2551 3843 2657 3896 τῶν
2689 3843 2952 3913 λεγόντων
2981 3846 3069 3899 διά
3102 3847 3262 3915 φόϐον
3291 3847 3440 3919 αὐτῷ
3461 3847 3614 3902 δεδω-

2045 3941 2214 4000 κέναι,
2239 3939 2286 3988 εί
2316 3935 2388 4006 μὴ
2409 3933 2498 3988 διὰ
2515 3933 2697 4005 φόϐον,
2719 3935 2784 3988 δι’
2809 3937 3123 4008 ἐπικουρίαν
3154 3936 3209 3988 δὲ
3230 3936 3386 3989 τοῦτο
3408 3937 3608 4008 ποιοίη.

2044 4031 2107 4081 Οί
2161 4027 2267 4098 γὰρ
2315 4027 2449 4097 πρὸς
2499 4027 2724 4098 ἐχθροὺς
2777 4027 3132 4099 ἀφιλάργυροι
3179 4029 3272 4081 καὶ
3318 4029 3611 4101 μισοπόνη-

2047 4137 2126 4192 ροι
2168 4119 2299 4189 (76),
2333 4118 2482 4188 πόσῳ
2511 4117 2707 4188 μᾶλλον
2753 4121 2888 4187 πρὸς
2921 4121 3046 4184 τοὺς
3077 4121 3308 4184 οἰκείους
3337 4123 3610 4192 ἀγαπητιο

2041 4211 2157 4275 κοί;
2201 4211 2256 4263 Ὀ
2283 4208 2522 4272 τοιοῦτος
2550 4211 2614 4263 ἐκ
2645 4210 2833 4264 τούτου
2864 4213 3105 4283 πρόεισιν
3149 4214 3241 4266 ἐπὶ
3275 4213 3335 4265 τὸ
3369 4213 3609 4285 ἀκριϐῶς

368 4322 458 4361 res
493 4311 641 4368 sunt,
675 4303 948 4374 quomodo
993 4319 1103 4359 non
1143 4306 1246 4360 erit
1289 4307 1344 4361 in
1385 4324 1514 4363 suos
1547 4309 1722 4378 major
1748 4325 1938 4363 eorum

2061 4303 2254 4368 ιίδέναι,
2275 4303 2367 4356 καὶ
2385 4304 2490 4374 ὅτῳ
2510 4303 2574 4357 ἄν
2592 4321 2675 4368 τις
2700 4306 2947 4376 μάλιστα,
2967 4308 3059 4360 καὶ
3077 4307 3289 4369 ὁπόσον,
3313 4309 3406 4360 καὶ
3425 4308 3609 4373 ὁπότε,

367 4397 645 4452 charitas?
672 4395 774 4462 Qui
801 4396 925 4452 talis
954 4404 1058 4462 est,
1090 4412 1157 4450 ex
1189 4397 1293 4452 hoc
1335 4399 1680 4470 progreditur
1711 4399 1778 4454 ad
1812 4416 1936 4470 per-

368 4491 509 4545 fecte
539 4489 847 4557 sciendum,
875 4497 930 4546 et
959 4492 1177 4545 cuinam
1207 4493 1462 4556 maxime,
1481 4501 1534 4548 et
1566 4503 1852 4564 quantum,
1880 4501 1936 4548 et

365 4582 606 4654 quando,
640 4590 696 4636 et
736 4583 1008 4650 quomodo
1041 4584 1110 4639 sit
1137 4584 1384 4640 daturus.
1426 4583 1562 4651 Quis
1595 4594 1775 4638 autem
1815 4584 1934 4653 ejus

363 4674 468 4729 viri
497 4673 623 4742 jure
652 4672 812 4727 fuerit
845 4674 1123 4739 inimicus,
1157 4677 1253 4746 qui
1286 4677 1493 4730 nullam
1523 4676 1931 4730 inimicitiarum

360 4780 583 4820 causam
629 4765 832 4834 praebet
881 4766 1142 4822 omnino?
1171 4767 1237 4821 Et
1297 4781 1502 4832 annon,
1526 4767 1671 4821 sicut
1702 4765 1936 4819 dicimus

359 4859 428 4913 de
470 4858 600 4923 Deo,
637 4857 808 4913 Deum
855 4861 991 4914 nulli
1041 4861 1345 4925 adversari,
1378 4875 1479 4915 nec
1527 4874 1650 4914 esse
1701 4857 1936 4926 alicujus

355 4948 640 5005 inimicum
673 4952 942 5020 (estenim
975 4960 1189 5008 creator
1209 4952 1475 5017 omnium,
1516 4959 1572 5005 et
1592 4949 1729 5003 nihil
1755 4955 1840 5002 est
1870 4964 1936 5002 ex

353 5043 424 5099 iis
467 5059 587 5114 qua:
630 5043 961 5111 consistunt,
999 5045 1146 5116 quod
1191 5045 1362 5111 nolit;
1404 5043 1640 5098 dicimus
1673 5046 1852 5091 autem
1883 5039 1933 5092 ei

352 5135 477 5190 esse
517 5135 770 5199 inimicos
796 5151 891 5191 eos
922 5137 1014 5206 qui
1044 5149 1159 5196 non
1191 5139 1408 5204 parent,
1444 5137 1500 5182 et
1532 5141 1600 5181 ex
1636 5125 1756 5193 ejus
1791 5141 1933 5184 pra-:-

457 5293 519 5354 rlt
553 5288 614 5345 P.
647 5289 752 5347 873
785 5289 894 5346 ΕΙ).
928 5282 1226 5351 ΡοΤτΕιι,
1268 5281 1510 5336 759-740
1548 5279 1656 5334 ED.
1692 5273 1918 5336 PARlS.

316 5453 324 5464 ‘
423 5447 536 5521 (74)
570 5448 656 5515 Τῷ
693 5448 1057 5521 ἐνὶχαρᾳκτ.
1086 5441 1219 5521 Vult
1258 5434 1608 5511 auctor;_lleo
1643 5433 1920 5506 peculiare

336 5517 491 5584 esse,
517 5517 578 5575 ut
605 5517 956 5586 multiplicari
987 5518 1245 5586 nequeat.

417 5567 1099 5661 ξῆἒῑῇᾇὲὶῦξοξ-ᾗεερίεἱί
1129 5579 1328 5661 Ephes.
1363 5567 1574 5661 rvi”:
1609 5569 1790 5661 Μέχρι
1823 5595 1920 5631 κα-

342 5647 701 5728 ταντήσωμεν
722 5657 785 5728 ,οἱ
817 5647 1081 5728 πάντες...
1107 5647 1190 5728 εἰς
1214 5649 1380 5728 ἀνδρα
1396 5647 1616 5727 τέλειον,
1636 5649 1714 5710 είς
1727 5647 1920 5720 μέτρον

341 5719 556 5792 ἡλικίας
584 5719 677 5777 τοῦ
709 5723 1074 5792 πληρώματος
1101 5719 1192 5773 τοῦ
1228 5719 1484 5790 Χριστοῦ.

2039 4397 2135 4450 καὶ
2163 4397 2310 4458 ὅπως
2355 4394 2540 4466 ἐπιδῷ.
2574 4397 2666 4460 Τίς
2714 4397 2758 4449 δ’
2787 4397 2849 4451 ἂν
2898 4399 2988 4451 καὶ
3032 4399 3220 4470 ἐχθρὸς
3251 4400 3488 4468 εὐλόγως
3518 4401 3610 4469 γέ·-

2040 4506 2181 4542 νοιτο
2230 4487 2420 4558 ἀνδρὸς
2472 4487 2721 4557 οὐδεμίαν
2770 4489 3016 4560 οὐδαμῶς
3067 4490 3398 4561 παρέχοντος
3428 4491 3608 4544 αἰτίαν

2040 4578 2276 4650 ἔχθρας;
2313 4577 2422 4631 Καὶ
2477 4579 2624 4650 μήτι,
2661 4578 2908 4650 καθάπερ
2960 4581 3050 4633 ἐπὶ
3100 4581 3192 4634 τοῦ
3245 4580 3405 4644 Θεοῦ,
3433 4581 3609 4636 οὐδενὶ

2045 4672 2142 4742 μὲν
2175 4670 2502 4724 ἀντικεῖσθαι
2535 4671 2766 4742 λέγομεν
2808 4673 2898 4726 τὸν
2930 4674 3060 4727 Θεὸν
3093 4672 3226 4745 (77),
3261 4673 3380 4728 οὐδὲ
3415 4674 3607 4746 ἐχθρὸν

2039 4759 2177 4814 εἶναί
2211 4779 2382 4831 τινος·
2421 4763 2676 4834 (πάντων
2727 4765 2833 4836 γὰρ
2887 4766 3124 4838 κτίστης,
3160 4767 3252 4821 καὶ
3302 4768 3458 4822 οὐδέν
3491 4770 3606 4820 ἐστι

2035 4851 2142 4904 τῶν
2176 4853 2522 4909 ὑποστάντων
2552 4856 2580 4908 ὃ
2615 4856 2690 4927 μὴ
2725 4857 2897 4909 θέλει·
2926 4859 3101 4929 φαμὲν
3132 4858 3176 4911 δ’
3198 4859 3346 4929 αὐτῷ
3381 4857 3606 4930 ἐχθροὺς

2036 4939 2173 4998 εἶναι
2207 4947 2330 5011 τοὺς
2363 4948 2621 5012 ἀπειθεῖς,
2656 4949 2749 5002 καὶ
2784 4949 2859 5021 μὴ
2891 4952 3032 5005 κατὰ
3062 4951 3158 5014 τὰς
3190 4951 3406 5015 ἐντολάς
3439 4953 3605 5006 αὐτοῦ

2034 5039 2452 5108 πορευομένους,
2472 5035 2581 5094 οἷον
2599 5041 2723 5103 τοὺς
2754 5040 3163 5112 διεχθρεύοντας
3195 5041 3360 5096 αὐτοῦ
3384 5045 3448 5114 τῇ
3477 5047 3606 5100 Δια-

2038 5126 2235 5200 θήκῃο)
2268 5130 2358 5182 τὸν
2389 5132 2550 5184 αὐτὸν
2581 5132 2780 5202 τρόπον
2813 5132 2906 5185 καὶ
2941 5134 3033 5186 ἐπὶ
3063 5133 3155 5188 τοῦ
3189 5134 3492 5202 γνωστικοῦ
3514 5136 3604 5189 εὔ-

2029 5293 2055 5321 ι
2100 5281 2399 5353 Ephes.1v,
2437 5286 2526 5344 15.
2600 5286 2627 5325 δ
2669 5285 2839 5342 lCor.
2870 5304 2992 5354 xm,
3028 5287 3114 5345 12.

2098 5438 2698 5525 (76)”Μισρθξόνηροι..
2722 5442 3034 5525 Legendum
3063 5445 3280 5502 videtur
3301 5443 3367 5504 ob
3407 5464 3612 5525 μνησθ-

2028 5507 2287 5586 πόνηροι,Δ
2309 5513 2395 5586 vel
2419 5507 2763 5586 ἀμνησοπρνη
2773 5507 2874 5586 ροι.
2909 5513 3139 5586 LOWTII.

2028 5578 2228 5708 “(373.
2253 5583 2422 5639 Θεόν.
2459 5578 2619 5640 Conf.
2654 5578 2874 5658 Pwdag.
2907 5585 3002 5642 lib.
3037 5595 3078 5657 ι,
3130 5602 3180 5644 c.
3212 5587 3267 5656 8,
3311 5605 3438 5662 pag.
3476 5589 3610 5657 155,
