3876 6300
410 398 515 455 499

1568 396 1958 454 CLEMENTIS
1990 396 2451 452 ALEXANDBINI

3538 398 3655 452 500

410 514 601 581 vincit,
635 515 729 587 qui
762 514 818 569 in
855 512 1014 585 315
1042 511 1412 576 matrimonio,
1443 520 1497 567 et
1525 513 1820 567 liberorum
1853 528 1979 584 pro-

2092 511 2380 583 Ιοερομένης
2400 528 2412 540 ·
2451 509 2526 580 τῷ
2556 510 2611 564 δὲ
2643 509 2810 580 άοίκῳ
2841 509 2907 563 τὰ
2941 507 3106 562 πολλὰ
3139 503 3275 561 εἶναι
3302 506 3660 579 συμϐέϐηκεν

409 609 713 673 creatione,
746 614 802 662 ct
828 606 1023 661 domus
1070 620 1222 667 cura,
1249 604 1401 676 lcitra
1448 604 1779 674 voluptatem
1806 612 1859 659 et
1889 604 1980 658 do—

408 706 580 760 lorem
615 717 674 758 se
698 705 935 761 exercet,
970 705 1024 751 et
1052 711 1177 750 cum
1208 696 1263 750 in
1296 695 1514 750 familiae
1543 705 1788 751 versetur
1815 710 1976 749 cura-

412 794 583 858 tione,
617 789 925 846 indivulsus
966 793 1147 840 tamen
1191 794 1276 840 est
1306 800 1336 838 a
1371 784 1461 839 Dei
1495 784 1778 850 eharitate,
1805 786 1983 839 insur-

410 886 597 953 gitque
643 880 907 935 adversus
953 890 1169 932 omnem
1220 875 1570 929 tentationem
1610 890 1729 944 quae
1762 872 1983 928 all‘ertur

409 991 507 1046 per
534 973 698 1036 tllios,
726 984 957 1025 uxorem
988 975 1043 1023 et
1089 966 1346 1033 famulos,
1389 974 1444 1020 et
1486 965 1887 1036 possessiones.
1918 963 1982 1018 Ei

409 1074 591 1121 autem
622 1064 714 1135 qui
747 1062 969 1118 domum
998 1075 1108 1115 non
1138 1059 1325 1124 habet,
1358 1072 1557 1129 magna
1584 1074 1651 1113 ex
1677 1064 1832 1128 parte
1858 1072 1984 1112 eve-

407 1158 491 1213 nit
523 1166 582 1212 ut
614 1171 723 1211 non
754 1160 1013 1210 tentetur.
1056 1150 1159 1218 Qui
1199 1165 1331 1222 ergo
1382 1150 1467 1206 sui
1516 1150 1857 1206 solummodo
1882 1164 1982 1203 cu-

408 1266 526 1306 ram
558 1248 716 1319 gerit,
751 1245 991 1301 vincitur
1020 1244 1089 1298 ab
1118 1258 1203 1310 eo,
1239 1243 1333 1314 qui
1360 1258 1485 1297 eum
1514 1243 1586 1298 sit
1619 1242 1846 1299 inferior
1865 1246 1987 1314 qui-

398 1340 533 1394 ‘dcm
565 1343 620 1392 in
644 1337 712 1392 iis
742 1351 863 1407 qua:
886 1335 1157 1405 pertinent
1180 1331 1248 1387 ad
1276 1346 1431 1388 suam
1460 1332 1709 1399 salutem,
1740 1334 1988 1404 superior

409 1437 590 1485 autem
616 1429 672 1483 in
704 1443 918 1492 eorum,
956 1440 1079 1496 quae
1107 1425 1175 1481 ad
1203 1424 1371 1480 vitam
1402 1432 1672 1495 spectant,
1702 1425 1989 1496 dispensa-

411 1522 580 1584 tione,
612 1521 867 1590 exiguam
898 1533 1089 1574 revera
1122 1523 1413 1573 conservat
1444 1517 1760 1589 imaginem,
1786 1533 1884 1588 per
1904 1535 1991 1575 ve-

2080 604 2412 673 ἀπειράστῳ.
2450 602 2625 655 Μόνου
2652 600 2705 670 γ’
2722 597 2814 655 οὖν
2847 599 3037 653 ἑαυτοῦ
3073 600 3385 670 κηδόμενος,
3419 601 3658 667 ἡττᾶται

2080 694 2215 765 πρὸς
2245 693 2335 747 τοῦ
2361 692 2783 764 ἀπολειπομένου
2822 692 2919 764 μὲν
2952 692 3090 745 κατὰ
3122 691 3220 762 τὴν
3252 689 3442 744 ἑαυτοῦ
3476 707 3661 761 σωτη-

2082 785 2223 856 ρίαν,
2257 784 2661 857 περιττεύοντος
2688 784 2744 838 δὲ
2765 786 2822 838 ὲν
2842 787 2907 855 τῇ
2932 782 3073 837 κατά
3099 783 3188 836 τὸν
3212 782 3325 854 βίον
3345 786 3659 856 οἰκονομίᾳ,

2081 875 2262 929 εἰκόνα
2311 875 2546 945 ἀτέχνως
2581 875 2692 947 (83)
2731 873 2991 938 σώζοντος
3032 872 3219 945 ὀλίγην
3261 876 3327 944 τῇ
3373 874 3474 945 τῆς
3522 875 3663 945 άλη-

2082 964 2230 1030 θείας
2275 966 2513 1038 προνοίᾳ.
2533 965 2667 1018 Ἀλλ’
2702 967 2833 1036 ἡμῖν
2876 980 2963 1032 γε,
2997 964 3072 1028 ὼς
3110 963 3188 1016 ἔνι
3234 964 3487 1034 μάλιστα,
3525 984 3667 1035 προ-

2082 1056 2417 1129 γυμναστέον
2455 1056 2712 1120 ποικίλως
2756 1057 2855 1127 τὴν
2903 1055 3101 1127 ψυχὴν,
3135 1056 3222 1110 ἵνα
3245 1056 3472 1127 εὐεργὸς
3502 1043 3698 1128 γένηλ

2082 1167 2172 1203 ται
2223 1149 2363 1221 πρὸς
2406 1149 2503 1220 τὴν
2546 1149 2647 1219 τῆς
2691 1146 2945 1217 γνώσεως
2979 1146 3307 1219 παραδοχὴν.
3343 1147 3458 1219 Ούχ
3489 1150 3663 1219 ὁρᾶτε

2085 1241 2201 1307 πῶς
2244 1243 2574 1313 μαλάσσεται
2620 1241 2787 1312 κηρὸς
2818 1239 2913 1293 καὶ
2959 1239 3279 1311 καθαίρεται
3311 1240 3533 1310 χαλκὸς,
3573 1242 3664 1296 ἵνα

2084 1337 2172 1390 τὸν
2223 1335 2441 1389 ἐπιόντα
2492 1335 2810 1407 χαρακτῆρα
2863 1332 3261 1404 παραδέξηταις
3316 1333 3527 1388 Αὐτίκα
3586 1334 3669 1398 ὡς

2084 1429 2113 1481 6
2160 1426 2383 1490 θάνατος
2429 1425 2703 1498 χωρισμὸς
2771 1423 2951 1495 ψυχῆς
3001 1424 3107 1479 ἀπὸ
3156 1423 3441 1496 σώματος,
3485 1426 3668 1491 οὕτως

2086 1514 2345 1593 ἡγνῶσις
2398 1513 2510 1571 οἷον
2554 1518 2583 1569 6
2629 1515 2845 1585 λογικὸς
2886 1515 3132 1581 Θάνατος,
3167 1516 3273 1570 ἀπὸ
3316 1516 3429 1571 τῶν
3471 1517 3669 1572 παθῶν

408 1611 592 1669 ritatis
621 1625 831 1665 curam.
864 1606 969 1663 Sed
999 1607 1162 1663 nobis
1190 1607 1434 1677 quidem,
1468 1620 1631 1678 quam
1668 1605 1784 1662 ﬁeri
1808 1614 1988 1676 potest

2092 1612 2317 1681 ἐπείγων
2368 1610 2463 1665 καὶ
2515 1607 2761 1681 χωρίζων
2816 1606 2912 1679 τὴν
2960 1607 3136 1679 ψυχὴν
3182 1607 3318 1679 (84),
3361 1609 3458 1663 καὶ
3520 1627 3662 1681 προ-

410 1702 667 1771 maxime,
703 1700 858 1772 prius
901 1699 1055 1755 varie
1100 1697 1403 1754 exercenda
1455 1708 1541 1753 est
1587 1697 1788 1761 anima,
1819 1703 1878 1751 ut
1921 1697 1988 1752 ad

2092 1706 2236 1774 ἀγων
2266 1705 2344 1766 εἰς
2385 1700 2483 1772 τὴν
2535 1700 2635 1771 τῆς
2688 1697 2958 1762 εύποιίαςῖ
2982 1698 3147 1771 ζωὴν,
3204 1698 3293 1752 ἴνα
3350 1698 3472 1751 τότε
3531 1697 3668 1771 eli-:5

411 1794 819 1866 suscipiendam
873 1791 1240 1863 cognitionem
1290 1790 1361 1846 sit
1399 1790 1649 1861 expedita
1696 1798 1751 1845 et
1786 1789 1983 1845 facilis.

2090 1792 2225 1863 μετὰ
2253 1791 2563 1865 παρρησίας
2608 1791 2744 1864 πρὸς
2762 1791 2853 1845 τὸν
2877 1789 3010 1845 Θεόν
3034 1807 3048 1819 ·
3090 1808 3108 1841 ι
3159 1790 3247 1854 Ὠς
3275 1789 3453 1855 θέλεις
3500 1790 3607 1856 ζῶ.
3641 1810 3662 1842 ι

408 1887 527 1944 Νοη
554 1886 751 1942 videtis
783 1884 1057 1956 quomodo
1087 1883 1333 1938 mollitur
1361 1897 1488 1938 cera
1520 1891 1576 1938 et
1606 1889 1869 1954 purgatur
1890 1896 1985 1946 res,

2102 1884 2160 1936 '0
2184 1883 2281 1954 μὲν
2307 1882 2415 1954 γάρ
2459 1882 2764 1954 ἀνθρώποις
2789 1881 2900 1954 (85)
2928 1882 3180 1954 ἀρέσκειν
3228 1881 3671 1954 προαιρούμενος

410 1987 471 2035 ut
524 1994 724 2034 novum
782 1977 1017 2046 accipiat
1072 1972 1503 2029 characterem?
1570 1971 1689 2027 Iam
1744 1986 1872 2028 vero
1926 1979 1986 2026 ut

410 2089 562 2129 mors
590 2082 672 2128 est
702 2070 897 2126 animae
940 2069 1214 2140 separatio
1250 2083 1281 2123 a
1326 2082 1577 2137 corpore,
1625 2067 1699 2121 ita
1749 2066 1988 2136 cognitio

411 2174 496 2221 cst
542 2163 710 2219 veluti
757 2176 906 2216 mors
950 2159 1255 2225 rationalis,
1309 2157 1588 2213 abducens
1629 2166 1682 2211 et
1728 2170 1987 2225 separans

412 2258 647 2311 animam
669 2270 699 2308 a
717 2253 955 2308 motibus
972 2258 1027 2307 et
1041 2249 1564 2321 perturbationibus,
1579 2247 1985 2311 et>1<dedueens

413 2350 482 2404 ad
512 2350 678 2403 vitam
709 2347 973 2402 bonarum
1030 2344 1433 2413 operationum,
1461 2349 1519 2395 ut
1544 2347 1675 2395 tunc
1700 2339 1811 2395 Deo
1839 2340 1987 2393 dicat

414 2442 621 2497 libere:
659 2457 678 2490 ι
714 2437 851 2494 Vivo
877 2438 1021 2494 sicut
1066 2444 1124 2490 tu
1155 2436 1258 2489 vis.
1299 2454 1317 2487 ι
1349 2433 1486 2489 Nam
1535 2433 1695 2503 cujus
1723 2443 1806 2488 est
1830 2432 1987 2486 insti-

412 2535 591 2583 tutum
621 2534 682 2581 ut
711 2528 925 2598 placeat
953 2523 1289 2588 hominibus,
1319 2523 1367 2577 is
1395 2521 1507 2577 Deo
1534 2522 1747 2592 placere
1775 2535 1882 2575 non
1902 2518 1988 2590 po-

413 2629 553 2677 test:
585 2608 841 2691 quoniam
887 2634 998 2674 non
1026 2632 1153 2688 qua:
1183 2614 1497 2679 conferunt,
1557 2613 1652 2669 sed
1693 2629 1813 2683 qua:
1839 2612 1989 2667 dele-

412 2720 565 2768 ctant
592 2711 838 2782 plerique
861 2710 1103 2780 eligunt;
1134 2707 1228 2779 qui
1258 2712 1439 2761 autem
1469 2704 1579 2761 Deo
1604 2707 1802 2776 placet,
1832 2704 1990 2759 bonis

416 2803 731 2861 hominibus
784 2819 883 2874 per
937 2801 1391 2873 consequentiam
1443 2799 1504 2855 [lt
1532 2807 1720 2870 gratus
1748 2806 1802 2854 et
1828 2814 1988 2853 acce-

416 2905 565 2968 ptus.
594 2896 880 2964 Quomodo
905 2910 1036 2966 ergo
1062 2896 1217 2951 cibus
1243 2902 1297 2950 et
1324 2900 1484 2964 potus
1511 2899 1566 2946 et
1593 2890 1778 2946 Venus
1800 2890 1848 2947 ei
1875 2905 1990 2944 am-

416 2990 561 3060 plius
590 2987 753 3045 fuerit
777 2988 1139 3053 delectabilis,
1197 3002 1324 3043 cum
1356 2986 1517 3041 etiam
1560 2998 1867 3040 sermonem
1897 2983 1989 3051 qui

418 3082 659 3152 aliquam
688 3080 847 3134 allert
870 3081 1233 3150 voluptatem,
1291 3087 1613 3148 motumque
1641 3075 1990 3146 cogitationis

416 3177 473 3226 et
520 3170 897 3241 Operationem
967 3169 1302 3241 jucundam,
1353 3169 1551 3224 habeat
1623 3166 1988 3239 suspectam?

2094 3172 2494 3243 ἀνεπιούμητος
2535 3170 2594 3236 ἐξ
2620 3171 2817 3242 ἀρχῆς,
2858 3173 2887 3225 6
2925 3169 3129 3241 Κύριος
3156 3173 3185 3225 6
3213 3169 3656 3242 φιλάνθρωπος,ὀ
3702 3212 3707 3219 .

421 3279 447 3316 ς
478 3261 648 3317 Nemo
682 3282 701 3314 ι
731 3262 879 3316 enim
912 3280 932 3314 ι
966 3271 1147 3338 potest
1199 3262 1413 3318 duobus
1468 3260 1705 3315 dominis
1758 3260 1984 3323 servire,

419 3353 530 3411 Deo
556 3363 611 3409 et
638 3366 998 3409 mammona:a
1022 3374 1035 3408 :
1071 3373 1089 3407 ι
1123 3369 1235 3410 non
1263 3353 1554 3424 pecuniam
1582 3350 1892 3421 intelligens
1908 3350 1987 3406 sic

419 3446 565 3501 nude
587 3445 742 3511 dicit,
774 3445 871 3501 sed
900 3446 1398 3517 suppeditationem
1448 3459 1569 3516 quae
1615 3443 1674 3497 ﬁt
1702 3459 1732 3497 a
1757 3443 1988 3513 pecunia

419 3539 476 3593 in
503 3538 681 3593 varias
709 3538 1039 3609 voluptates.
1081 3537 1293 3594 Revera
1323 3553 1431 3593 non
1458 3544 1637 3608 potest
1666 3535 1781 3590 lieri
1808 3543 1869 3589 ut
1895 3536 1989 3607 qui

418 3632 593 3687 Deum
633 3633 889 3704 cognovit
918 3633 1206 3703 magniﬁce
1257 3641 1311 3688 et
1337 3648 1485 3697 vere,
1538 3634 1619 3689 eis
1646 3648 1767 3703 qua:
1795 3632 1989 3686 adver-

418 3728 609 3775 santur
638 3720 841 3799 serviat
871 3720 1259 3790 voluptatibus.
1315 3721 1411 3776 Est
1437 3738 1569 3792 ergo
1598 3739 1741 3777 unus
1770 3721 1987 3793 quidem

418 3812 570 3867 solus
594 3811 662 3866 ab
687 3811 1151 3882 omnicupiditate
1179 3813 1391 3869 alienus
1418 3813 1486 3869 ab
1514 3813 1692 3880 initio,
1721 3815 1989 3884 benignus

418 3910 474 3958 ιι
499 3904 740 3959 clemens
769 3902 1059 3967 Dominus,
1091 3905 1185 3974 qui
1211 3916 1431 3975 propter
1454 3921 1556 3961 nos
1585 3905 1763 3961 factus
1790 3913 1873 3961 est
1894 3906 1990 3960 ho—

417 4011 527 4050 mo.
560 3993 885 4067 Quicunque
912 4003 1095 4050 autem
1127 3996 1352 4053 student
1381 3998 1676 4054 assimilari
1703 3998 1990 4053 characteo

419 4087 467 4141 ri
492 4087 585 4157 qui
613 4086 681 4139 ab
710 4087 829 4157 ipso
857 4086 1019 4145 datus
1046 4096 1150 4157 est,
1202 4097 1260 4144 ut
1288 4089 1418 4145 [iant
1471 4099 1725 4161 expertes
1778 4088 1991 4161 cupidi-

419 4180 551 4235 tatis
589 4193 687 4250 per
712 4180 1159 4241 exercitationem
1187 4197 1383 4253 magna
1415 4184 1467 4237 vi
1498 4182 1854 4238 contendunt.
1886 4183 1987 4251 Qui

417 4274 563 4329 enim
594 4272 931 4343 concupivit,
946 4281 1001 4329 et
1023 4276 1263 4345 seipsum
1287 4282 1477 4346 postea
1498 4275 1790 4340 continuit,
1818 4277 1992 4331 instar

416 4373 503 4420 est
532 4364 710 4421 vidua:
732 4404 746 4432 ,
773 4379 894 4435 quae
923 4380 1117 4421 rursus
1163 4365 1221 4420 ﬁt
1246 4366 1399 4437 virgo
1429 4379 1526 4436 per
1550 4366 1985 4435 temperantiam.

417 4455 470 4513 ιε
500 4472 619 4512 eam
653 4457 985 4527 cognitionis
1013 4457 1317 4514 mercedem
1349 4456 1630 4512 Servatori
1652 4464 1706 4512 et
1734 4456 1991 4528 Magistro

420 4546 661 4603 reddidit
686 4587 699 4612 ,
725 4563 890 4618 quam
930 4548 1047 4618 ipse
1077 4550 1269 4619 petiit;
1314 4564 1510 4618 nempe
1544 4549 1931 4604 abstinentiam
1961 4565 1991 4603 a

419 4640 597 4703 ululis,
624 4647 679 4696 et
704 4639 973 4695 bonarum
1004 4642 1280 4696 actionum
1316 4641 1711 4711 operationem,
1736 4657 1832 4711 per
1857 4658 1993 4712 quas

417 4730 629 4786 accedit
657 4731 827 4786 salus.
881 4729 1035 4786 Sicut
1062 4746 1193 4801 ergo
1222 4734 1318 4801 qui
1352 4736 1498 4787 artes
1528 4730 1869 4793 didicerunt,
1898 4745 1995 4800 per

418 4838 483 4877 ea
509 4837 633 4893 quae
662 4829 791 4877 sunt
827 4821 975 4875 docti
1012 4821 1269 4875 alimenta
1316 4820 1613 4897 acquirunt
1641 4840 1653 4875 :
1681 4820 1754 4874 ita
1788 4821 1996 4891 gnosti-

416 4929 517 4969 cus
537 4954 552 4979 ,
586 4930 686 4985 per
715 4929 779 4970 ea
811 4928 933 4984 quae
963 4913 1099 4975 scit,
1134 4913 1299 4967 vitam
1333 4914 1645 4983 acquirens,
1678 4910 1737 4966 lit
1766 4912 1949 4967 salvus
1978 4932 1989 4967 :

415 5006 509 5077 qui
531 5007 677 5061 enim
694 5006 933 5060 noluerit
950 5004 1415 5074 perturbationem
1435 5003 1755 5059 exscindere
1777 5004 1990 5068 animae,

415 5100 659 5169 seipsum
692 5097 912 5152 occidit.
950 5095 1090 5163 Sed,
1137 5104 1197 5151 ut
1225 5096 1461 5161 videtur,
1498 5097 1741 5152 alimenti
1777 5098 1993 5167 quidem

415 5193 663 5250 defectus
693 5200 779 5247 est
810 5190 1118 5261 ignorantia
1144 5189 1338 5245 anima:
1366 5209 1378 5243 :
1412 5191 1810 5246 nutrimentum
1842 5207 1993 5257 vero,

526 5352 586 5412 ᾗ
622 5346 684 5401 Ρ.
727 5345 832 5401 875
868 5345 978 5400 ΕΙ).
1014 5343 1310 5407 POTTER,
1350 5345 1590 5399 741-762
1628 5344 1734 5401 El).
1774 5344 1997 5400 PARIS.

513 5501 582 5557 83

489 5503 603 5643 ἓξὲξ

420 5640 601 5699 verius
630 5640 879 5711 ἀπάγων,
920 5663 937 5694 ι
969 5640 1274 5704 abduceus,
1302 5661 1320 5692 ι
1356 5642 1534 5713 inquit
1567 5640 1818 5713 SJvlburg.
1855 5640 1999 5696 Seri-

420 5714 509 5778 lte,
536 5716 765 5783 ἀπάγων
804 5713 900 5768 καὶ
942 5714 1190 5784 χωρίζων
1216 5714 1315 5783 τὴν
1347 5711 1547 5783 ψυχήν.
1583 5711 1647 5763 Ει
1678 5711 1782 5784 Ιιοο
1805 5728 1998 5784 (ξοιινρέ

415 5785 498 5837 nit
548 5782 673 5838 cum
719 5782 1045 5841 definitione
1090 5782 1468 5852 philosophia),
1520 5798 1682 5853 quam
1731 5782 1993 5836 Platonici

412 5854 632 5912 tradunt
665 5853 808 5913 τ’Ότι
839 5853 1130 5927 φιλοσοφία
1167 5854 1310 5909 ἐστὶν
1332 5854 1507 5925 ὄρεξις
1542 5853 1747 5922 τοφίας,
1784 5856 1872 5909 καὶ
1901 5853 1993 5907 λύ-

653 5500 963 5569 Ἀτέχνως.
1004 5501 1165 5559 Conf.
1198 5500 1370 5555 Index
1403 5499 1572 5555 Grtrc.

656 5568 943 5644 ‘Ezélrm'
982 5573 1081 5626 καὶ
1120 5570 1378 5644 χωρίζων
1404 5570 1521 5644 τὴν
1562 5569 1788 5644 ψυχήν.
1834 5568 1996 5644 F_orte

2026 4590 2071 4646 D

2090 1974 2209 2046 Θεῷ
2235 1976 2431 2047 ἀρέσαι
2478 1976 2539 2029 ού
2561 1974 2816 2038 δύναται,
2870 1974 2992 2028 ἐπεὶ
3041 1973 3115 2045 μὴ
3171 1971 3240 2027 τὰ
3291 1973 3665 2045 συμφέροντα,

2086 2065 2221 2120 ἀλλὰ
2253 2066 2320 2119 τὰ
2361 2066 2629 2137 τέρποντα
2681 2064 2958 2136 αἱροῦνται
2985 2064 3034 2118 οἱ
3080 2063 3297 2118 πολλοί·
3327 2062 3582 2137 ἀρέσκων
3609 2062 3665 2114 δέ

2086 2176 2168 2223 τις
2190 2158 2267 2229 τῷ
2292 2157 2429 2228 Θεῷ,
2479 2160 2590 2221 τοῖς
2619 2156 2926 2220 σπουδαίοις
2974 2155 3081 2209 τῶν
3119 2153 3421 2228 ἀνθρώπιον
3471 2154 3668 2226 εὐάρε-

2090 2267 2209 2315 στος
2236 2251 2357 2304 κατ’
2376 2247 2795 2319 ἐπακολούθημα
2815 2248 3043 2316 γίνεται.
3076 2246 3297 2319 Τερπνὰ
3325 2245 3505 2300 τοίνυν
3540 2246 3667 2297 τού-

2087 2359 2163 2413 τῳ
2186 2340 2302 2406 πῶς
2330 2341 2408 2395 ἔτι
2438 2341 2504 2397 ἂν
2537 2339 2622 2412 εἴη
2652 2340 2721 2394 τὰ
2750 2340 2877 2412 περὶ
2923 2340 3024 2411 τὴν
3065 2339 3288 2410 βρῶσιν,
3334 2340 3428 2393 καὶ
3479 2339 3665 2401 πόσιν,

2091 2438 2187 2492 καὶ
2215 2436 2525 2508 ἀφροδίσιον
2555 2435 2770 2508 ἡδονὴν,
2825 2435 2958 2488 ὅπου
2989 2450 3052 2503 γε
3100 2434 3193 2485 καὶ
3242 2432 3399 2500 λόγον
3428 2431 3666 2503 φέροντά

2086 2546 2208 2583 τινα
2235 2528 2427 2600 ἡδονὴν
2461 2528 2557 2581 καὶ
2581 2526 2787 2599 κίνημα
2814 2525 3052 2589 διανοίας
3080 2526 3174 2578 καὶ
3221 2524 3501 2596 ἐνέργημα
3548 2539 3666 2593 τερ-

2089 2621 2220 2676 πνὸν
2268 2620 2566 2693 ὑφορᾶται;
2605 2638 2624 2670 ι
2663 2618 2851 2682 Ούδεὶς
2877 2619 2989 2690 γὰρ
3016 2616 3240 2672 δύναται
3276 2616 3400 2671 δυσὶ
3453 2616 3665 2687 κυρίοις

2087 2711 2378 2777 δουλεύειν,
2419 2731 2437 2763 ›
2473 2710 2591 2781 Θεῷ
2620 2710 2714 2764 καὶ
2736 2711 3001 2781 μαμωνᾷ·
3031 2710 3092 2762 ού
3115 2709 3177 2763 τὸ
3205 2707 3469 2780 ἀργύριον
3490 2706 3663 2777 λέγων

2091 2806 2222 2876 φησὶ
2254 2805 2422 2875 ψιλῶς
2458 2804 2648 2870 οὕτως,
2672 2803 2807 2859 ἀλλά
2826 2803 2923 2876 τὴν
2964 2805 3030 2857 ἐκ
3050 2800 3141 2856 τοῦ
3169 2799 3433 2874 ἀργυρίου
3467 2801 3546 2863 είς
3567 2798 3661 2861 τὰς

2091 2895 2338 2960 ποικίλας
2369 2895 2561 2967 ἡδονάς
2590 2896 2883 2969 χορηγίαν·
2917 2894 2996 2965 τῷ
3030 2894 3144 2948 δντι
3179 2892 3280 2964 οὐχ
3320 2889 3432 2947 οἷόν
3472 2909 3531 2945 τε
3572 2890 3660 2945 τὸν

2090 2988 2219 3042 Θεὸν
2247 2988 2521 3057 ἐγνωκότα
2542 2986 2957 3058 μεγαλοφρόνως
2985 2986 3080 3045 καὶ
3102 2984 3320 3058 ἀληθῶς
3350 2986 3474 3049 ταῖς
3508 2986 3655 3038 ἀντι·-

2092 3082 2369 3153 κειμέναις
2407 3080 2675 3134 δουλεύειν
2733 3078 2961 3151 ἡδοναῖς.
3014 3072 3110 3141 Εἷς
3164 3078 3264 3149 μὲν
3295 3071 3389 3133 οὖν
3417 3078 3598 3149 μόνος,
3629 3078 3657 3129 6

2097 3268 2190 3319 καὶ
2220 3265 2286 3318 δι’
2314 3265 2461 3335 ἡμᾶς
2494 3263 2776 3335 ἄνθρωπος
2795 3280 2808 3292 ·
2861 3264 2977 3316 ὅσοι
3006 3262 3063 3316 δὲ
3090 3261 3464 3333 ἐξομοιοῦσθαι
3496 3261 3655 3315 σπεύ-

2095 3356 2242 3409 δουσι
2274 3355 2350 3425 τῷ
2374 3356 2463 3407 ὑπ’
2494 3353 2655 3408 αὑτοῦ
2684 3353 2951 3425 δεδομένῳ
2978 3352 3307 3425 χαρακτῆρι,
3328 3353 3658 3424 ἀνεπιθύμη-

2094 3466 2177 3501 τοι
2204 3448 2261 3514 ἐξ
2291 3449 2573 3519 ἀσκήσεως
2625 3444 2876 3514 γενέσθαι
2929 3444 3221 3515 βιάζονται.
3254 3445 3313 3499 '0
3337 3445 3450 3516 γὰρ
3478 3444 3655 3498 ἐπιθυ-

2099 3538 2311 3613 μήσας,’
2344 3541 2436 3593 καὶ
2466 3537 2746 3609 κατασχὼν
2775 3536 2986 3601 ἑαυτοῦ,
3014 3536 3292 3609 εκαθάπερ
3319 3538 3353 3608 ἡ
3376 3538 3520 3607 χήρα
3550 3534 3653 3608 (86)

2095 3630 2182 3684 διὰ
2214 3630 2566 3703 σωφροσύνης
2596 3625 2751 3693 αὖθις
2781 3630 3063 3701 παρθένος.
3116 3624 3281 3693 Οὗτος
3313 3626 3501 3699 μισθὸς
3523 3625 3657 3696 γνώ-

2098 3742 2235 3788 σεως
2262 3722 2339 3794 τῷ
2367 3723 2580 3795 Σωτῆρι
2598 3724 2692 3777 καὶ
2718 3722 3055 3794 Διδασκάλῳ,
3084 3722 3144 3776 δν
3163 3714 3324 3787 αὐτὸς
3345 3721 3535 3793 ⁴ᾔτησε,
3565 3722 3657 3794 τὴν

2098 3815 2306 3887 ἀποχὴν
2331 3815 2437 3870 τῶν
2469 3814 2675 3879 κακῶν,
2706 3815 2801 3868 καὶ
2842 3814 2941 3885 τὴν
2973 3814 3250 3885 ἐνέργειαν
3270 3812 3371 3883 τῆς
3400 3813 3651 3876 εύποιίας,

2097 3910 2163 3963 δι’
2186 3906 2266 3966 ὧν
2292 3910 2328 3980 ἡ
2362 3908 2605 3980 σωτηρία
2636 3908 2989 3980 περιγίνεται.
3031 3907 3240 3979 ’Ὠσπερ
3276 3902 3369 3961 οὖν
3388 3907 3437 3960 οί
3457 3906 3554 3969 τὰς
3575 3904 3654 3959 τέ-

2096 4018 2224 4071 χνας
2278 3999 2648 4071 μεμαθηκότες
2708 3998 2773 4051 δι’
2816 3991 2890 4053 ὧν
2940 3996 3353 4067 ὲπαιδεύθησαν,
3386 3995 3654 4067 πορίζουσι

2097 4092 2195 4157 τὰς
2223 4092 2449 4164 τροφὰς,
2474 4090 2645 4155 οὕτως
2673 4093 2702 4144 6
2729 4089 3025 4160 γνωστικδς
3051 4089 3120 4143 δι’
3156 4082 3232 4144 ὧν
3254 4088 3537 4143 ἐπίσταται
3564 4104 3653 4141 πο-

2103 4176 2265 4257 ρίζων
2305 4184 2403 4255 τὴν
2441 4183 2584 4256 ζωὴν
2636 4180 2865 4246 σώζεται
2884 4199 2896 4212 ·
2930 4183 2958 4233 6
2979 4179 3088 4252 γὰρ
3119 4180 3191 4251 μὴ
3220 4179 3451 4250 θελήσας
3482 4179 3539 4232 τὺ
3562 4179 3655 4249 τῆς

2096 4276 2271 4348 ψυχῆς
2321 4275 2549 4345 ἐκκόψαι
2589 4273 2760 4336 πάθος
2791 4273 2979 4327 ἑαυτὸν
3028 4272 3364 4327 ἀπέκτεινεν.
3432 4270 3567 4324 Ἀλλ’
3588 4271 3656 4333 ὡς

2098 4368 2293 4433 ἔοικεν,
2324 4367 2557 4442 ἀτροφία
2587 4366 2684 4438 μὲν
2715 4369 2748 4437 ἡ
2780 4366 2973 4434 άγνοια
3002 4364 3106 4434 τῆς
3130 4362 3328 4435 ψυχῆς,
3356 4362 3651 4435 τροφὴδὲή

2097 4460 2312 4529 γνῶσις.
2337 4451 2505 4511 Αὖται
2528 4458 2585 4512 δέ
2612 4459 2749 4511 εἰσιν
2784 4458 2841 4510 αἱ
2875 4455 3170 4525 γνωστικαὶ
3191 4454 3379 4525 ψυχαὶ,
3410 4452 3477 4516 ἀς
3507 4451 3653 4505 ἀπεί-

2098 4569 2233 4606 κασε
2289 4552 2349 4605 τὸ
2395 4549 2726 4619 Εύαγγέλιον
2779 4552 2898 4613 ταῖς
2950 4546 3309 4620 ἡγιασμέναις
3356 4544 3655 4617 παρθένοις,

2094 4647 2215 4707 ταῖς
2247 4643 2706 4714 προσδεχομέναις
2734 4642 2825 4695 τὸν
2854 4641 3077 4712 Κύριον.
3110 4638 3375 4709 Παρθένοι
3412 4637 3509 4709 μὲν
3536 4637 3655 4708 γὰρ,

2093 4734 2169 4798 ὡς
2199 4732 2383 4787 κακῶν
2421 4732 2830 4804 ἀπεσχημέναγ
2869 4729 3291 4801 προσδεχόμεναι
3332 4728 3389 4781 δὲ
3434 4728 3521 4781 διὰ
3564 4728 3652 4799 τὴν

2096 4828 2315 4898 ἀγάπην
2344 4827 2433 4881 τὸν
2459 4826 2684 4898 Κύριον,
2739 4823 2833 4879 καὶ
2862 4824 2922 4877 τὸ
2952 4825 3148 4878 οἰκεῖον
3179 4823 3511 4876 ἀνάπτουσαι
3549 4821 3650 4890 φῶς

2094 4919 2175 4981 είς
2198 4917 2294 4988 τὴν
2323 4917 2430 4972 τῶν
2478 4918 2819 4990 πραγμάτων
2868 4915 3118 4985 θεωρίαν,
3170 4912 3420 4985 φρόνιμοι
3461 4910 3648 4982 ψυχαί·

2098 5008 2380 5080 Ποθοῦμέν
2419 5026 2499 5075 σε,
2532 5003 2577 5062 ὦ
2604 5008 2797 5080 Κύριε,
2845 5007 3121 5075 λέγουσαι,
3161 5005 3264 5076 ἠδη
3310 5004 3442 5057 ποτὲ
3466 5002 3653 5056 ἀπολα-

2103 5101 2215 5154 ϐεῖν
2234 5119 2247 5131 ’
2281 5100 2587 5165 ἀκολούθως
2628 5096 2711 5165 οἷς
2741 5099 3010 5163 ὲνετείλω,
3041 5096 3335 5169 ὲζήσαμεν,
3367 5096 3531 5167 μηδὲν
3556 5094 3653 5147 τῶν

2104 5194 2569 5265 παρηγγελμένων
2619 5194 3089 5267 παραϐεϐηκυῑαιο
3143 5193 3223 5245 διὸ
3250 5190 3490 5254 καὶ“τάς
3536 5190 3655 5242 ὐπο-

2112 5364 2132 5383 ι
2171 5346 2361 5403 Matth.
2395 5365 2470 5413 vt,
2504 5349 2604 5417 24;
2638 5349 2771 5406 Luc.
2797 5367 2908 5416 xvn,
2948 5350 3048 5405 l5."

2106 5505 2309 5575 σιςκαὶ
2337 5504 2651 5575 περιαγωγὴ
2674 5504 2850 5575 ψυχῆς
2876 5504 2983 5557 ἀπὸ
3003 5502 3271 5575 σώματος,
3291 5501 3384 5575 ἐπὶ
3408 5500 3479 5554 τὰ
3505 5498 3653 5575 νοητὰ

2104 5573 2260 5643 ἡμῶν
2288 5573 2650 5646 τρεπομένων
2663 5573 2758 5629 καῖ
2775 5573 2781 5575 ⁷
2798 5573 2866 5628 τὰ
2897 5576 3013 5629 κατ’

2104 5660 2285 5783 εηξῗζὲὶ)
2328 5716 2700 5785 ’Λνθρώποιῃ
2731 5714 2891 5771 Conf.
2918 5714 3076 5769 Rom.
3108 5731 3229 5780 vm,
3259 5715 3325 5778 8;
3355 5712 3474 5767 Gal.
3504 5711 3652 5785 1,710.

2176 5788 2287 5858 (86)
2315 5784 2493 5855 Χήρα.
2526 5788 2681 5842 Conf.
2734 5786 2929 5843 διν-σοι.
2979 5801 3062 5854 ιιι,
3095 5801 3217 5857 pag.
3244 5785 3365 5854 558,
3394 5791 3507 5840 not.
3537 5784 3585 5841 5.

3113 5573 3299 5645 ήθειαν
3331 5571 3477 5627 ὄντα.
3504 5568 3654 5627 Hill-
3679 5580 3714 5603 ’ί
