3876 6300
282 324 385 383 SOI

1522 321 1891 377 STROMATU
1904 322 1948 374 Μ
1984 320 2116 406 μϐ.
2157 318 2268 406 νη.

3404 288 3521 379 δοε

280 442 498 513 σχέσεις
550 437 917 511 ἀπαιτοῦμεν·
969 436 1240 510 εὐχόμεθα
1280 437 1336 492 δὲ
1383 438 1450 491 τὰ
1481 439 1849 509 συμφέροντα,

1976 398 2211 504 :ogniti’o.
2246 432 2339 489 liae
2372 441 2551 487 autem
2580 440 2706 489 sunt
2732 433 2991 505 gnosticae
3024 434 3236 504 animae,
3261 452 3397 507 quas
3423 454 3514 494 as-

275 525 382 604 ὁΰχ
409 532 483 597 ὡς
502 532 849 604 καθηκόντως
879 530 987 602 (87)
1012 530 1105 587 τοῦ
1136 533 1303 585 αἰτεῖν
1332 531 1397 584 τὰ
1422 532 1677 585 κάλλιστα
1703 531 1850 602 παρὰ

278 627 413 680 σοῦ’
452 624 546 679 καὶ
579 627 755 680 πάντα
783 624 875 677 ἐπὶ
909 623 1170 696 συμφόρῳ
1195 623 1474 695 δεξόμεθα,
1508 624 1609 679 κᾶν
1641 623 1850 695 πονηρὰ

277 714 426 772 εἶναι
443 718 571 789 δοκῇ
598 717 667 771 τὰ
696 714 986 787 προσιόντα
1014 716 1308 786 γυμνάσια,
1346 715 1502 769 ἅτινα
1525 717 1653 786 ἡμῖν
1684 732 1851 786 προσ-

282 808 442 881 φέρει
463 810 498 880 ἡ
518 809 594 880 ,σὴ
612 808 888 879 οἰκονομία
914 810 993 872 εἰς
1024 808 1349 880 συνάσκησιν
1394 807 1752 878 βεϐαιότητος,
1795 806 1850 859 Ὀ

286 898 393 970 μὲν
420 895 511 954 οὖν
528 897 846 968 γνωστικδς,
873 898 940 952 δι’
978 898 1279 970 ὑπερϐολὴν
1310 884 1584 969 ὁσιότητος
1610 894 1756 950 αἱτού
1765 914 1854 968 με-

282 1008 401 1056 νος,
433 990 629 1063 μᾶλλον
655 992 941 1062 ἀποτυχεῖν
972 990 1207 1062 ἕτοιμος,
1237 990 1269 1061 ἢ
1304 990 1376 1061 μὴ
1409 990 1720 1059 αἰτούμενος
1759 1008 1853 1045 τυ-

281 1083 424 1154 χεῖν.
455 1082 602 1155 Εὐχή
653 1083 750 1154 μὲν
799 1082 946 1154 αὑτῷ
997 1082 1107 1155 (88)
1134 1084 1162 1135 ὁ
1193 1082 1305 1153 βίος
1333 1083 1477 1145 ἄπας
1528 1081 1622 1135 καὶ
1672 1081 1854 1152 ὁμιλία

285 1175 427 1247 πρὸς
495 1174 658 1230 Θε6ν’
726 1176 829 1229 κᾶν
881 1175 1117 1247 καθαρὸς
1260 1174 1696 1246 ἁμαρτημάτων,
1724 1173 1855 1226 πάν-

284 1283 398 1330 τως
421 1260 482 1320 οὗ
539 1264 780 1336 βούλεται
828 1266 1091 1332 τεύξεται.
1134 1265 1291 1335 Λέγει
1328 1266 1436 1335 γὰρ
1464 1268 1492 1319 ὁ
1520 1266 1649 1328 Θεὸς
1673 1265 1749 1337 τῷ
1780 1265 1857 1318 δι-

287 1354 463 1426 καίιρ-
502 1373 521 1408 ι
560 1355 786 1428 Δῖτησαι
808 1354 941 1428 (89),
972 1356 1066 1409 καὶ
1095 1352 1251 1408 δώσω
1285 1373 1365 1408 σοι
1386 1373 1400 1387 ο
1431 1355 1728 1427 ἐννοήθητι,
1764 1356 1856 1408 καὶ

288 1448 521 1519 ποιήσω.
558 1466 576 1499 ι
616 1447 740 1502 Ἐὰν
773 1448 870 1520 μὲν
903 1442 994 1502 οὖν
1041 1446 1384 1519 συμφέροντα
1411 1441 1466 1519 ᾖ,
1517 1446 1856 1519 παραχρῆμα

280 1537 552 1608 λήψεταιο
585 1531 876 1610 ἀσύμφορα
907 1538 963 1592 δὲ
989 1538 1242 1592 οὐδέποτε
1274 1538 1582 1609 αἰτήσεται·
1621 1537 1698 1591 διὸ
1738 1538 1857 1591 οὐδὲ

283 1630 522 1702 λήψεται
540 1648 553 1661 ·
583 1630 755 1695 οὕτως
776 1630 927 1684 ἔσται
958 1631 986 1682 ὃ
1022 1629 1287 1701 βούλεται.
1317 1630 1434 1684 Κάν
1451 1648 1533 1695 τις
1559 1631 1690 1701 ἡμῖν
1722 1630 1857 1703 λέγῃ

285 1723 675 1795 ἐπιτυγχάνειν
723 1721 873 1786 τινὰς
905 1721 999 1776 καὶ
1041 1721 1148 1776 τῶν
1166 1710 1515 1793 ’ἁμαρτωλῶν
1572 1721 1712 1783 κατὰ
1763 1721 1858 1785 τὰς

1958 528 2215 583 similavit
2250 526 2601 596 Evangelium
2633 525 2937 597 virginibus
2988 528 3342 584 sanctiﬁcatis
3391 548 3511 600 qua:

1958 619 2240 675 Dominum
2270 625 2588 687 exspectant
2607 629 2655 670 α.
2684 615 2819 670 Nam
2856 617 3094 687 virgines
3124 619 3344 688 quidem
3387 629 3515 675 sunt

1958 712 2015 764 ut
2045 726 2164 779 qua:
2190 724 2220 762 a
2248 709 2405 763 malis
2436 708 2819 774 abstinuerint,
2851 719 3163 779 exspectant
3196 718 3374 765 autem
3410 710 3518 765 Do-

1958 804 2160 857 minum
2208 810 2427 872 propter
2458 800 2852 873 charitatem:
2903 817 3171 872 suumque
3215 801 3519 858 accendunt

1958 896 2139 951 lumen
2174 895 2241 949 ad
2269 910 2451 950 rerum
2482 895 2997 965 contemplationem
3020 935 3034 959 ,
3062 894 3355 965 prudentes
3396 895 3517 950 ani-

1960 978 2079 1052 mae,
2103 988 2377 1044 dicentes:
2405 986 2449 1043 Ο
2475 987 2723 1071 meine,
2754 987 2867 1057 jam
2899 984 3116 1041 tandem
3146 986 3520 1043 desideramus

1959 1089 2011 1137 te
2041 1083 2316 1153 recipere;
2372 1080 2682 1138 secundum
2723 1094 2786 1136 ea
2815 1096 2935 1152 qua:
2979 1087 3038 1134 tu
3071 1080 3339 1136 mandasti
3381 1081 3521 1135 vixi-

1961 1189 2111 1237 mus,
2144 1174 2280 1228 nihil
2324 1175 2798 1245 praetermittentes
2826 1188 3014 1229 eorum
3046 1189 3167 1244 qua:
3194 1174 3517 1244 prmeepisti.

1961 1264 2326 1330 Quamobrem
2357 1265 2629 1335 promissa
2662 1280 2882 1336 quoque
2925 1264 3181 1334 petimus.
3226 1262 3523 1319 Precamur

1962 1363 2139 1412 autem
2180 1373 2301 1427 quae
2349 1365 2475 1412 sunt
2511 1356 2703 1421 utilia,
2742 1371 2865 1410 cum
2913 1370 3022 1409 non
3056 1355 3342 1409 conveniat
3392 1367 3423 1406 a
3471 1361 3524 1408 te

1963 1456 2144 1519 petere
2174 1464 2295 1520 quae
2324 1455 2451 1504 sunt
2481 1447 2877 1518 pulcherrima;
2910 1452 2963 1501 et
2989 1445 3317 1516 accipiemus
3341 1446 3523 1501 omnia

1963 1557 2061 1612 pro
2094 1541 2353 1606 utilibus,
2386 1540 2605 1596 etiamsi
2647 1539 2934 1595 videantur
2963 1552 3084 1594 esse
3112 1538 3255 1591 mala
3284 1550 3405 1608 quae
3437 1537 3524 1593 of-

1965 1633 2204 1690 ferentur
2254 1632 2414 1688 nobis
2462 1630 2754 1696 exercitia,
2807 1644 2927 1700 quae
2969 1629 3188 1699 quidem
3236 1629 3396 1685 nobis
3432 1637 3528 1684 tua

1965 1722 2120 1779 oﬂ‘ert
2170 1722 2509 1794 dispensatio
2557 1736 2621 1776 ac
2655 1735 2821 1785 cura,
2872 1719 2939 1775 ad
2988 1719 3338 1775 stabilitatem
3368 1735 3528 1776 exer—

285 1816 560 1887 αίτήσεις,
594 1813 835 1878 σπανίως
866 1812 964 1884 μὲν
990 1811 1147 1866 τοῦτο
1183 1812 1271 1866 διά
1303 1813 1401 1885 τὴν
1458 1812 1553 1866 τοῦ
1604 1812 1737 1866 Θεοῦ
1783 1812 1863 1866 δι-

1976 1814 2192 1870 :endam
2228 1823 2281 1869 et
2304 1814 2693 1868 constantiam.
2731 1812 2908 1883 Atque
2940 1811 2987 1867 is
3026 1808 3243 1881 quidem
3273 1810 3366 1882 qui
3394 1826 3530 1882 gno-

288 1904 457 1962 καίαν
482 1906 814 1977 ἀγαθότηταο
845 1905 1042 1959 δίδοται
1068 1904 1127 1959 δὲ
1149 1908 1261 1970 τοῖς
1304 1906 1400 1960 καὶ
1422 1905 1611 1969 ἄλλους
1640 1906 1859 1977 εὐεργε-

288 2001 413 2051 τεῐν
439 1997 785 2069 δυναμένοις·
814 1997 937 2053 ὅθεν
961 1998 1020 2050 οὑ
1051 1996 1138 2050 διὰ
1185 1998 1274 2050 τὸν
1318 1998 1620 2069 αἰτήσαντα
1658 1999 1691 2068 ἡ
1717 1998 1863 2061 δόσις

288 2088 523 2157 γίνεται,
570 2087 683 2143 ἀλλ’
716 2089 751 2159 ἡ
791 2088 1088 2160 οἰκονομία,
1128 2087 1218 2140 τὸν
1275 2086 1538 2151 σώζεσθαι
1585 2087 1653 2140 δι’
1700 2085 1860 2140 αὑτοῦ

298 2176 567 2248 μέλλοντα
599 2178 980 2250 προορωμένη,
1027 2176 1240 2230 δικαίαν
1272 2176 1433 2230 πάλιν
1480 2180 1712 2231 ποιεῖται
1764 2178 1861 2245 τὴν

291 2270 505 2341 δωρεάν
521 2287 536 2300 ο
557 2273 670 2335 τοῖς
688 2270 732 2323 δ’
755 2270 869 2324 ὅσοι
901 2267 1060 2334 ἄξιοι,
1083 2269 1150 2323 τὰ
1172 2269 1337 2333 ὅντως
1355 2268 1533 2338 ἀγαθά
1557 2270 1651 2323 καὶ
1683 2268 1756 2340 μὴ
1778 2270 1863 2322 αἰ-

291 2360 581 2432 τουμένοις
615 2359 832 2413 δίδοται.
861 2360 977 2412 Ὀτ’
1006 2359 1072 2413 ἂν
1116 2355 1209 2413 οὖν
1260 2358 1333 2429 μὴ
1379 2357 1519 2411 κατὰ
1553 2356 1796 2428 ἀνάγκην
1829 2358 1860 2427 ἢ

297 2452 465 2522 φόϐον
494 2451 528 2524 ἢ
559 2452 748 2505 ἐλπίδα
780 2451 984 2515 δίκαιός
1031 2468 1116 2514 τις
1152 2447 1209 2523 ᾖ,
1236 2449 1349 2503 ἀλλ’
1383 2452 1444 2503 ὲκ
1469 2448 1861 2521 προαιρέσεως,

294 2543 438 2617 αὕτη
462 2547 497 2616 ἠ
524 2544 640 2608 ὁδὸς
669 2542 889 2612 λέγεται
922 2541 1171 2613 βασιλικὴ
1224 2540 1353 2612 (90),
1405 2542 1471 2611 ἢν
1500 2541 1560 2592 τὸ
1595 2539 1865 2610 βασιλικὸν

295 2635 474 2690 ὁδεύει
498 2635 654 2704 γένος
670 2651 683 2664 ·
706 2634 987 2706 ὀλισθηραὶ
1007 2634 1063 2687 δὲ
1094 2636 1149 2687 αί
1186 2633 1340 2687 άλλαι
1372 2632 1750 2705 παρεκτροπαὶ
1775 2634 1866 2686 καὶ

298 2727 664 2801 κρημνώδεις.
694 2726 762 2781 Εἴ
777 2728 828 2795 γ’
850 2722 943 2790 οὖν
967 2743 1049 2791 τις
1093 2726 1278 2795 ἀφέλοι
1308 2727 1396 2779 τὸν
1436 2725 1596 2795 φόϐον
1649 2724 1741 2778 καὶ
1769 2725 1867 2793 τὴν

298 2819 494 2890 τιμὴν,
522 2818 621 2872 οὒκ
663 2815 759 2872 οἷδ’
788 2818 836 2869 εἰ
866 2815 947 2869 ἔτι
997 2816 1388 2886 ὑποστήσονται
1439 2815 1535 2879 τὰς
1582 2814 1787 2884 θλίψεις
1816 2815 1865 2867 οί

301 2907 556 2977 γεννάδαι
581 2906 690 2961 τῶν
718 2904 1240 2978 παρρησιαζομένων
1288 2905 1607 2975 φιλοσόφων.
1650 2903 1868 2958 Ἐπιθυ-

308 2998 435 3070 μίαι
452 2997 509 3052 δι
526 2998 703 3052 καὶτὰ
727 2997 860 3051 ἄλλα
882 2998 1248 3070 ἁμαρτήματα
1262 2997 1496 3070 τρίϐολοι
1512 2997 1622 3071 (91)
1640 2999 1734 3051 καὶ
1755 2996 1869 3051 σκό-

304 3090 477 3153 λοπες
525 3089 785 3160 εἴρηνται.
835 3088 1154 3160 Ἐργάζεται
1197 3090 1371 3145 τοίνυν
1419 3093 1448 3144 ὁ
1480 3091 1776 3159 γνωστικὸς
1811 3093 1868 3145 ὲν

306 3181 390 3253 τῷ
432 3180 522 3235 τοῦ
566 3158 771 3254 κυρίου
809 3158 1110 3251 ἀμπελῶνι,
1147 3182 1413 3252 φυτεύων,
1448 3158 1739 3249 κλαδεύων,
1771 3185 1871 3255 ἀρ⁸
1898 3158 1944 3221 C

302 3271 498 3338 δεύων,
527 3272 668 3337 θεῖος
689 3273 856 3335 ὅντως
901 3272 1162 3345 ὑπάρχων
1188 3274 1293 3328 τῶν
1315 3278 1395 3341 είς
1425 3276 1605 3330 πίστιν
1635 3293 1874 3330 καταπε-

307 3367 661 3437 φυτευμένων
693 3365 955 3437 γεωργός.
989 3366 1051 3419 Οί
1082 3366 1179 3437 μὲν
1221 3362 1313 3421 οὖν
1342 3368 1401 3421 τὸ
1437 3368 1604 3422 κακὸν
1633 3369 1706 3439 μὴ
1733 3369 1873 3440 πρά-

306 3459 501 3526 ξαντες
533 3459 720 3530 μισθὸν
749 3460 989 3526 ἀξιοῦσιν
1013 3460 1206 3533 ἀργίας
1235 3460 1527 3531 λαμϐάνειν
1548 3478 1560 3490 ο
1595 3463 1623 3513 ὁ
1645 3462 1700 3515 δὲ
1735 3462 1871 3530 ἀγα-

305 3547 382 3604 θὰ
415 3548 626 3620 πράξας
669 3551 735 3604 ὲκ
767 3550 1138 3623 προαιρέσεως
1173 3550 1388 3621 γυμνῆς
1411 3552 1631 3604 άπαιτεῖ
1672 3551 1759 3605 τὸν
1788 3570 1874 3622 μι-

307 3641 439 3696 σθὸν
461 3642 535 3706 ὡς
563 3642 800 3714 ἐργάτης
828 3644 1050 3712 ἀγαθός.
1099 3643 1312 3715 Ἀμέλει
1358 3643 1452 3697 καὶ
1481 3643 1695 3699 διπλοῦν
1712 3643 1876 3716 λήψε-

304 3749 424 3798 ται,
456 3727 531 3789 ὧν
563 3750 623 3788 τε
645 3735 745 3789 οὐκ
772 3735 1012 3808 ἐποίησε,
1043 3736 1135 3790 καὶ
1157 3735 1273 3789 ἀνθ’
1292 3727 1366 3787 ὧν
1398 3736 1777 3807 εὐηργέτησεν.
1819 3738 1876 3790 Ὀ

306 3826 614 3895 γνωστικὸς
637 3819 792 3891 οὗτος
818 3826 1133 3899 πειράζεται
1163 3827 1254 3880 ὑπ’
1285 3827 1496 3891 οὐδενός
1516 3844 1529 3857 ⁸
1564 3827 1700 3899 πλὴν
1729 3831 1776 3880 εἰ
1803 3827 1875 3899 μὴ

304 3917 578 3991 ἐπιτρέψῃ
594 3920 623 3972 ὁ
644 3917 794 3983 Θεὸς,
815 3917 1080 3972 καὶτοῦτο
1098 3918 1185 3971 διὰ
1208 3919 1306 3990 τὴν
1327 3917 1434 3972 τῶν
1451 3919 1710 3973 συνόντων
1735 3918 1878 3987 ὠφέ-

306 4011 480 4066 λειαν.
528 4008 950 4083 Ἐπιῤῥὼννυταί
991 4010 1041 4078 γ’
1057 4006 1150 4064 οὖν
1174 4011 1310 4081 πρὸς
1337 4009 1434 4082 τὴν
1461 4010 1639 4064 πίστιν
1667 4009 1755 4063 διὰ
1781 4012 1877 4082 τῆς

307 4100 571 4171 ἀνδρικῆς
599 4100 1079 4171 παρακαλούμενος
1109 4101 1401 4172 ὑπομονῆς.
1431 4100 1644 4171 Ἀμέλει
1678 4103 1768 4154 καὶ
1791 4101 1880 4154 διὰ

305 4192 469 4248 τοῦτο
494 4194 542 4245 οἱ
571 4191 830 4264 μακάριοι
856 4192 1138 4246 ἀπόστολοι
1172 4193 1252 4255 εἰς
1278 4192 1438 4261 πῆξιν
1474 4192 1566 4245 καὶ
1594 4191 1879 4262 βεϐαίωσιν

308 4286 424 4340 τῶν
451 4284 803 4358 Ἐκκλησιῶν,
830 4285 908 4347 είς
922 4286 1115 4354 πεῖραν
1135 4286 1227 4338 καὶ
1247 4284 1541 4357 μαρτύριον
1552 4283 1879 4354 τελειότητος

310 4378 580 4450 ῆχθησαν.
614 4379 792 4448 Ἔχων
832 4373 924 4432 οὖν
946 4380 975 4431 ὁ
993 4379 1289 4445 γνωστικὸς
1316 4378 1533 4432 ἔναυλον
1560 4377 1657 4449 τὴν
1699 4378 1880 4448 φωνὴν

311 4469 413 4541 τὴν
439 4469 732 4538 λέγουσαν
767 4487 786 4519 ι
820 4469 916 4523 ’ον
945 4466 1054 4535 ἐγὼ
1081 4467 1325 4533 πατάξω,
1364 4471 1427 4523 σὺ
1461 4469 1705 4540 ἐλέησον,
1741 4489 1759 4521 ι
1788 4470 1881 4523 κα).

309 4562 441 4625 τοὺς
466 4559 755 4633 μισοῦντας
777 4562 1007 4614 αἰτεῖται
1030 4560 1378 4632 μετανοῆσαι.
1402 4562 1510 4633 Τὴν
1538 4561 1645 4634 γὰρ
1666 4562 1772 4616 τῶν
1788 4578 1880 4616 κα-

313 4653 566 4725 κούργων
609 4653 667 4706 ὲν
694 4654 808 4715 τοῖς
858 4652 1091 4717 σταδίοις
1143 4653 1560 4725 ἐπιτελουμένην
1611 4654 1879 4725 τιμωρίαν

312 4745 413 4802 καὶ
470 4744 672 4798 παίδων
729 4744 845 4798 ἐστὶ
892 4744 967 4815 μὴ
1011 4744 1308 4799 θεάσασθαι
1343 4744 1487 4815 (92)’
1525 4745 1582 4797 οὐ
1610 4745 1717 4816 γὰρ
1739 4745 1883 4798 ἐστιν

311 4839 466 4902 ὅπως
489 4836 593 4891 ὑπὸ
612 4836 716 4891 τῶν
740 4837 915 4892 αὐτῶν
944 4838 1053 4910 (95)
1082 4838 1402 4910 παιδευθείη
1444 4839 1559 4891 ποτ’
1599 4838 1664 4890 ἂν
1695 4838 1723 4889 ὁ
1746 4854 1887 4906 γνω-

320 5094 331 5099 _
392 5022 452 5081 >11
486 5015 550 5071 P.
585 5015 689 5072 876
720 5014 826 5070 ΕΙ).
869 5013 1166 5083 POTTER,
1206 5004 1443 5070 742-743
1476 5014 1583 5070 El).
1616 5012 1838 5069 PARIS.
1917 5029 1943 5057 ι

392 5191 504 5261 (87)
532 5193 945 5261 Καθηκόντως.
975 5189 1141 5246 Forte
1164 5192 1349 5247 verius
1375 5192 1727 5263 καθήκοντος.
1756 5192 1887 5248 8ιί-

314 5276 504 5403 1³1Ῐῗὲέ)
519 5332 686 5403 Εὐχὴ
710 5332 827 5403 μὲν
852 5331 1033 5403 αὐτῷ.
1062 5330 1164 5403 Ms.
1194 5329 1396 5394 Paris.,
1430 5331 1885 5403 εὐχὴγὰρηαὺτῷ.

393 5332 482 5391 (88
519 5334 604 5387 Εὐ
648 5332 686 5402 ἡ
710 5332 827 5403 μὲν
852 5331 1033 5398 αὐτῷ.
1062 5331 1164 5386 Ms.
1194 5331 1396 5394 Paris.,
1430 5331 1659 5402 εὐχὴγὰ
1720 5332 1883 5401 αὐτῷ.

542 5352 814 5472 Λίξησαι.
868 5402 1025 5459 Conf.
1082 5402 1279 5457 Strom.
1333 5417 1409 5465 v1,
1466 5418 1589 5473 pag.
1621 5349 1724 5455 6(ςὸ
1750 5402 1883 5457 edit.

317 5467 506 5683 p753}
543 5542 859 5612 Βασιλική.
890 5542 1048 5600 Conf.
1083 5542 1281 5598 Strom.
1314 5554 1376 5602 ιι,
1403 5555 1457 5609 p.
1487 5540 1613 5603 tas,
1640 5556 1695 5594 η.
1727 5541 1779 5594 4.

416 5613 821 5683 91)-Τρίϐολοι.
873 5613 1120 5683 Respicit
1146 5611 1280 5683 Gen.
1315 5624 1399 5672 ιιι,
1432 5610 1533 5683 id;
1563 5609 1748 5683 ls_a.,v,

416 5609 833 5682 9|)7Tplb’oloc.‘
873 5613 1120 5682 Respicit
1146 5611 1280 5682 Gen.
1315 5624 1399 5672 ιιι,
1432 5610 1533 5682 id;
1563 5609 1748 5682 ls_a.,v,
1780 5610 1800 5663 l
1836 5619 1891 5682 et

323 5678 655 5762 seq.;Nuin1
671 5698 865 5747 xxxm,
885 5678 1204 5762 55ξξίιςοίι.
1226 5694 1421 5762 x-xym,
1585 5680 1712 5762 Use.
1733 5697 1791 5745 ιι,
1820 5680 1883 5747 6;

326 5749 459 5805 Luc.
479 5767 599 5821 xm,
624 5752 657 5807 θ
686 5761 738 5807 ct
766 5768 906 5823 scq.,
939 5749 1022 5807 vel
1053 5752 1218 5807 alium
1256 5750 1343 5806 his
1370 5751 1602 5808 similem
1634 5752 1831 5807 locum.
1879 5827 1891 5837 _

1964 1905 2135 1960 sticus
2161 1912 2246 1959 est
2270 1946 2286 1972 ,
2335 1913 2557 1975 pr0pter
2585 1903 2854 1973 insignem
2898 1901 3276 1966 sanctitatem,
3310 1909 3394 1956 est
3432 1916 3531 1971 pa-

1962 1994 2134 2049 ratior
2155 2035 2168 2059 ,
2200 2010 2308 2050 non
2336 1996 2553 2066 assequi
2600 1994 2643 2049 si
2686 2001 2868 2064 petat,
2903 2009 3064 2064 quam
3097 1993 3315 2062 assequi
3348 1992 3395 2047 si
3422 2007 3532 2047 non

1962 2094 2128 2157 petat.
2176 2086 2425 2142 Precatio
2474 2086 2694 2157 quidem
2738 2088 2829 2139 ‘est
2878 2083 2937 2159 ei
2972 2083 3227 2138 universa
3280 2081 3422 2146 vita,
3478 2088 3533 2136 et

1964 2192 2087 2232 cum
2111 2184 2168 2241 ᾗ
2196 2177 2307 2234 Deo
2340 2177 2704 2233 conversatio.
2727 2174 2881 2242 Quod
2898 2174 2944 2231 si
2965 2174 3200 2230 mundus
3233 2173 3305 2230 sit
3332 2188 3364 2227 a
3394 2187 3528 2243 pec-
3623 2169 3629 2181 '

1971 2270 2129 2337 catis,
2148 2269 2372 2324 omnino
2393 2268 2537 2339 quod
2562 2267 2677 2322 vult
2698 2273 3039 2336 assequetur.
3053 2263 3210 2321 Justo
3229 2264 3373 2321 enim
3396 2263 3534 2318 dicit

1967 2361 2109 2418 Deus
2145 2378 2157 2413 :
2196 2382 2214 2413 ι
2245 2360 2396 2426 Pete,
2442 2359 2810 2431 etdaboitibi;
2846 2358 3047 2430 cogita,
3083 2365 3137 2414 et
3170 2357 3386 2413 faciam.
3422 2376 3442 2409 ι
3477 2354 3535 2409 Si

1966 2459 2095 2510 sunt
2125 2468 2258 2524 ergo
2286 2453 2446 2507 utilia
2467 2492 2480 2517 ,
2518 2452 2750 2522 accipiet
2797 2453 3046 2523 protinus
3071 2466 3084 2503 :
3111 2450 3328 2505 inutilia
3355 2454 3536 2503 autem

1966 2560 2245 2616 nunquam
2268 2546 2422 2616 petit,
2446 2552 2498 2599 et
2523 2544 2645 2600 ideo
2673 2561 2780 2601 non
2813 2545 3075 2615 accipiet:
3106 2543 3205 2611 ita,
3230 2541 3376 2612 quod
3398 2542 3534 2604 vult,

1967 2639 2091 2695 erit.
2149 2638 2305 2705 Quod
2356 2639 2400 2694 si
2437 2638 2561 2708 quis
2615 2638 2762 2694 dicat
2808 2639 3007 2703 nobis,
3059 2636 3325 2708 quosdam
3374 2635 3539 2690 etiam

1968 2737 2283 2801 peccatores
2314 2729 2612 2800 impetrare
2640 2728 2694 2783 id
2726 2727 2871 2799 quod
2905 2735 3093 2798 petant
3126 2746 3139 2781 :
3174 2725 3279 2780 hoc
3316 2722 3539 2795 quidem

1969 2838 2095 2877 raro
2121 2821 2179 2875 ﬁt
2200 2861 2213 2885 ,
2246 2829 2473 2891 propter
2496 2821 2704 2890 justam
2755 2819 2851 2874 Dei
2884 2819 3206 2874 bonitatem.
3240 2815 3409 2870 Datur
3441 2827 3541 2868 au-

1968 2921 2077 2968 tem
2108 2912 2188 2968 eis
2219 2912 2382 2968 etiam
2414 2911 2508 2981 qui
2541 2917 2771 2982 possunt
2821 2909 2946 2966 aliis
2997 2906 3321 2964 benefacere
3349 2922 3362 2958 :
3396 2903 3541 2960 unde

1970 3020 2082 3060 non
2114 3003 2173 3059 ﬁt
2199 3003 2420 3059 donatio
2454 3013 2677 3074 propter
2702 3018 2827 3058 eum
2857 3002 2952 3072 qui
2985 3000 3138 3072 petiit
3179 3019 3191 3055 :
3233 2996 3331 3055 sed
3358 2995 3541 3052 divina

1972 3098 2331 3169 dispensatio,
2361 3112 2469 3168 qua
2503 3096 2783 3168 praevidet,
2815 3095 3047 3149 alterum
3077 3107 3200 3149 esse
3227 3105 3326 3162 per
3360 3090 3542 3161 ipsum

1978 3191 2188 3247 salvum
2220 3189 2497 3255 futurum,
2536 3204 2728 3244 rursus
2753 3189 2961 3258 justam
2989 3184 3118 3241 facit
3139 3182 3489 3240 donationem
3524 3199 3540 3236 :

1979 3280 2047 3336 iis
2077 3290 2258 3336 autem
2304 3279 2398 3351 qui
2431 3285 2561 3335 sunt
2591 3277 2741 3350 digni
2768 3316 2784 3343 ,
2816 3291 2879 3332 ea
2911 3276 3075 3331 etiam
3112 3288 3231 3344 quae
3262 3287 3387 3327 vere
3416 3276 3547 3351 sunt

1978 3373 2120 3428 bona
2168 3373 2370 3427 dantur
2417 3371 2544 3426 licet
2588 3385 2698 3424 non
2749 3368 3082 3439 petentibus.
3135 3363 3365 3431 Quando
3414 3377 3548 3432 ergo

1980 3480 2090 3519 non
2126 3464 2453 3519 necessitate
2482 3463 2566 3518 vel
2599 3468 2745 3516 metu
2773 3461 2858 3516 vel
2885 3475 2982 3529 spe
3027 3456 3193 3512 fuerit
3228 3456 3412 3526 justus
3441 3454 3544 3507 ali-

1981 3542 2127 3626 quis,
2156 3555 2247 3610 sed
2278 3570 2344 3609 ex
2375 3554 2549 3609 libero
2586 3552 2754 3606 animi
2781 3551 3051 3615 instituto,
3089 3549 3203 3603 haec
3228 3546 3430 3602 dicitur
3459 3545 3545 3599 via

1982 3644 2129 3715 regia
2155 3682 2169 3707 ,
2222 3657 2382 3713 quam
2418 3640 2720 3711 ingreditur
2749 3640 2929 3711 regale
2959 3654 3131 3710 genus
3157 3653 3170 3687 :
3202 3645 3330 3691 sunt
3364 3642 3547 3688 autem

1982 3733 2204 3790 lubricae
2236 3741 2290 3788 et
2336 3733 2644 3802 praecipites
2678 3730 2798 3785 alite
2829 3730 2897 3785 ab
2927 3743 2991 3783 ea
3033 3726 3447 3783 declinationes.
3488 3721 3548 3776 Si

1983 3826 2106 3896 quis
2137 3840 2267 3892 ergo
2297 3830 2500 3879 metum
2524 3830 2578 3878 et
2614 3823 2877 3878 honorem
2910 3820 3228 3884 abstulerit,
3263 3816 3449 3873 nescio
3479 3828 3549 3868 an

1984 3916 2265 3971 toleraturi
2296 3914 2406 3985 jam
2442 3915 2553 3969 sint
2585 3914 2928 3978 alllictiones,
2962 3912 3210 3984 praeclari
3239 3910 3352 3977 isti,
3378 3920 3432 3966 et
3455 3910 3550 3980 qui

1984 4016 2136 4062 tanta
2193 4008 2249 4061 in
2308 4007 2585 4076 loquendo
2640 4006 3169 4061 utuntur~libertate
3218 4002 3547 4074 philosophi.

1984 4099 2321 4170 Cupiditates
2345 4114 2474 4169 ergo
2507 4108 2560 4154 et
2594 4099 2700 4153 alia
2731 4106 2953 4169 peccata
2985 4099 3131 4153 dicta
3188 4104 3318 4153 sunt
3361 4092 3549 4150 tribuli

1985 4200 2039 4246 et
2068 4192 2211 4245 valli.
2244 4190 2514 4261 Operatur
2542 4207 2671 4261 ergo
2704 4192 2987 4263 gnosticus
3038 4191 3093 4244 in
3129 4190 3287 4245 vinea
3306 4186 3545 4251 Domini,

1985 4284 2270 4353 plantans,
2303 4292 2499 4353 putans
2519 4323 2533 4346 ,
2567 4283 2834 4352 irrigans,
2866 4298 2993 4338 vere
3037 4281 3269 4338 divinus.
3307 4277 3549 4351 agricola

1986 4390 2175 4430 eorum
2206 4375 2302 4443 qui
2335 4382 2463 4429 sunt
2486 4376 2716 4446 plantati
2746 4376 2803 4430 in
2832 4374 2954 4429 (ide.
2981 4371 3047 4426 Et
3077 4371 3403 4444 quimalum
3430 4370 3553 4440 qui-

1986 4466 2107 4522 dem
2134 4482 2242 4521 non
2274 4465 2539 4531 fecerunt,
2566 4483 2777 4539 aequum
2800 4474 3026 4523 censent
3053 4474 3113 4520 ut
3134 4464 3227 4520 otii
3251 4450 3571 4520 mercedem.

1987 4559 2297 4629 accipiant:
2326 4560 2419 4631 qui
2469 4569 2651 4615 autem
2684 4560 2824 4615 bona
2867 4559 2995 4615 fecit
3044 4557 3289 4619 exnudo
3322 4572 3387 4611 ac
3415 4571 3555 4627 puro

1988 4652 2152 4706 animi
2195 4654 2475 4718 instituto,
2522 4653 2689 4724 exigit
2716 4653 3021 4708 mercedem
3062 4661 3121 4708 ut
3154 4651 3332 4706 bonus
3359 4663 3555 4719 cpera-

1989 4747 2125 4803 rius.
2152 4746 2386 4817 Duplum
2419 4754 2567 4803 certe
2597 4744 2929 4816 accepturus
2955 4751 3062 4809 est,
3092 4755 3205 4799 tum
3238 4744 3307 4798 ob
3338 4758 3400 4798 ea
3431 4756 3557 4811 qua:

1992 4853 2103 4893 non
2137 4837 2267 4894 fecit
2292 4880 2306 4903 ,
2347 4848 2462 4894 tum
2505 4838 2560 4895 et'
2610 4853 2674 4894 ea
2727 4852 2847 4908 quae
2876 4839 3014 4894 bene
3042 4837 3191 4893 fecit.
3232 4833 3557 4903 Hujusmodi

1986 5015 2175 5071 Matth.
2208 5031 2333 5081 xxv,
2366 5017 2391 5069 ‘l
2430 5026 2483 5071 et
2515 5031 2631 5086 seq.

2066 5193 2177 5265 (92)
2214 5194 2325 5249 Kal.
2375 5192 2602 5248 παίδων
2645 5194 2775 5265 ἐστὶ
2821 5192 2906 5261 μὴ
2958 5188 3326 5265 θεάσασθαι..
3352 5186 3559 5265 Sensus

1997 5256 2194 5337 melius
2221 5272 2520 5337 constaret,
2552 5265 2599 5319 si
2627 5256 2903 5337 deleretur
2926 5259 3421 5337 particlnegativii.
3447 5256 3562 5337 γοκ

1997 5333 2392 5403 παίδωνβωω
2418 5349 2586 5390 sensu
2601 5336 2840 5388 occurrit
2870 5326 2991 5403 pa'g.
3045 5330 3156 5403 758
3193 5326 3321 5383 edit.
3359 5326 3557 5403 Paris"

1997 5403 2177 5473 inquit
2201 5402 2411 5459 Lowtb.
2472 5402 2692 5477 Verum,
2727 5396 2968 5477 retenta'
2981 5399 3231 5477 negativa
3246 5396 3557 5477 _pa_r_'tic_ula,

2001 5466 2195 5529 sensus
2223 5483 2329 5537 est,
2359 5490 2427 5529 ne
2455 5474 2641 5542 pueris
2668 5474 2910 5543 quidem,
2939 5473 3024 5543 vel
3058 5466 3561 5543 imperfectioribus

1998 5544 2347 5664 Chris'tianis,
2375 5541 2515 5614 opus
2541 5558 2664 5597 esse
2686 5541 2747 5596 ut
2773 5542 3045 5614 ejusmodi
3086 5541 3394 5608 spectacula
3422 5551 3560 5590 con-

1999 5621 2145 5664 temn
2169 5622 2350 5664 entnr.

1999 5621 2105 5667 tem
2116 5621 2350 5681 plentur.

1996 5674 2178 5803 n(9'15)
2219 5684 2361 5736 Ὑπὸ
2415 5683 2533 5738 τῶν
2580 5677 2799 5737 αὐτῶν.
2857 5680 3067 5746 Scribe,
3126 5679 3227 5732 ὑπὸ
3289 5674 3565 5734 τοιούτων.

2020 5763 2271 5803 ‘EINSIUS.

2020 5763 2271 5809 IEINSIUS.
