4016 6308
559 347 669 409 ειη

1764 348 2156 407 CLEMENTIS
2185 348 2650 409 ALEXANDRINI

3689 358 3813 413 508

560 484 689 541 spes
741 474 922 524 autem
975 466 1030 521 in
1062 481 1159 532 eo,
1192 464 1339 536 quod
1376 464 1565 521 eadem
1620 463 1845 523 faciant.
1886 466 2042 533 Quod
2085 470 2122 523 si

2232 468 2325 522 τοῦ
2361 469 2437 542 (8)
2458 486 2517 523 τε
2550 467 2809 541 άμπελὼν
2840 469 2932 521 καί
2963 468 3214 541 ἐργάτης.
3247 468 3305 521 '0
3328 466 3385 520 δέ
3415 466 3509 522 καὶ
3532 468 3807 540 πράσσων

558 564 787 631 pmpter
829 558 955 614 vitm
983 557 1368 613 necessitatem
1401 557 1456 610 in
1503 571 1562 611 se
1604 557 1895 612 nutriendo
1927 573 2128 613 consu-

554 657 676 706 mat
707 650 959 720 exiguam
990 647 1255 719 temporis
1283 647 1606 718 particulam
1628 688 1645 715 ,
1673 645 1915 702 fraudari
1949 664 2009 704 se
2032 649 2127 705 de-

555 741 674 796 bito
715 741 1030 807 existimat,
1075 738 1209 795 dum
1238 738 1491 794 avellitur
1525 754 1621 808 per
1647 739 1944 810 negotium.
1989 739 2127 796 Hinc

554 833 622 887 fit
650 846 841 888 revera
866 840 925 886 ut
950 847 1019 887 ne
1050 832 1325 888 somnium
1359 830 1583 902 quidem
1611 829 1812 897 videat,
1844 831 1990 901 quod
2015 846 2127 886 non

531 905 732 977 .electo
760 923 1067 978 conveniat.
1119 920 1255 977 Nam
1301 931 1446 979 totus
1478 937 1672 978 revera
1702 924 1750 979 is
1782 930 1866 980 est
1900 924 2121 994 hospes,

556 1023 613 1069 et
636 1014 960 1087 peregrinus
992 1015 1049 1068 in
1079 1020 1194 1069 tota
1220 1014 1359 1078 vita,
1385 1014 1479 1084 qui
1506 1015 1562 1068 in
1594 1015 1819 1093 civitate
1847 1014 2121 1082 habitans,

556 1109 858 1162 contemnit
888 1123 952 1163 ea
985 1123 1105 1178 quze
1136 1107 1195 1161 in
1226 1108 1448 1163 civitate
1492 1116 1620 1163 sunt
1653 1114 1707 1163 et
1740 1123 1862 1178 qua:
1894 1109 1986 1163 alii
2030 1108 2126 1163 mi-

556 1208 750 1253 rantur
772 1238 789 1265 ,
839 1199 1080 1270 vivitque
1112 1200 1169 1254 in
1201 1199 1421 1255 civitate
1454 1207 1515 1253 ut
1561 1200 1892 1266 solitudine,
1923 1208 1983 1255 ut
2014 1215 2124 1255 non

555 1290 712 1347 locus
741 1306 863 1346 eum
898 1300 1091 1363 cogat,
1134 1290 1231 1346 sed
1258 1288 1474 1346 vivendi
1522 1291 1839 1345 institutum
1871 1290 2124 1346 ostendat

553 1398 680 1439 esse
708 1381 940 1453 justum.
986 1380 1310 1452 Hujusmodi
1355 1382 1637 1453 gnosticus
1662 1420 1677 1446 ,
1721 1388 1783 1435 ut
1811 1382 2124 1437 summatim

554 1474 757 1541 dicam,
783 1474 1138 1546 apostolicam
1171 1480 1492 1544 compensat
1520 1473 1843 1539 absentiam,
1874 1481 2021 1528 recte
2041 1472 2123 1527 vi-

552 1584 689 1624 vens
710 1607 725 1634 ,
758 1577 1011 1623 accurate
1042 1581 1384 1639 cognoscens
1403 1605 1418 1632 ,
1467 1580 1597 1622 SUOS
1622 1565 1820 1635 juvans
1869 1578 2123 1620 necessa-

553 1660 706 1725 rios,
756 1667 971 1715 montes
1024 1660 1457 1729 propinquorum
1497 1664 1915 1721 transmovens,
1960 1662 2013 1711 et
2045 1656 2127 1711 in-

552 1750 891 1821 aequalitates
938 1749 1181 1820 ipsorum
1235 1742 1431 1803 animae
1473 1746 1759 1817 abjiciens.
1798 1747 2121 1819 Quanquam

2232 562 2300 615 τὰ
2346 561 2542 632 ἄριστα
2566 559 2846 615 λανθάνειν
2878 559 3122 630 βούλεται
3154 560 3283 622 τοὺς
3311 559 3665 631 ἀνθρώπους,
3701 563 3805 615 τὸν

2233 652 2434 724 Κύριον
2464 654 2579 724 ἃμα
2612 652 2704 706 καὶ
2736 652 2926 705 ἐαυτὸν
2951 650 3171 717 πείθων,
3191 653 3272 705 ὅτι
3296 650 3435 705 κατὰ
3460 650 3559 714 τὰς
3576 652 3802 717 ἐντολὰς

2235 743 2373 815 βιοῖ,
2412 746 2717 817 προκρίνων
2767 743 2937 798 ταῦτα
2983 742 3044 807 ἐξ
3086 736 3161 797 ὧν
3206 738 3347 797 εἶναι
3394 744 3803 799 πεπίστευκενο

2238 856 2256 889 ι
2289 838 2462 890 Ὅπου
2494 837 2603 908 γὰρ
2621 838 2649 889 6
2682 836 2805 899 νοῦς
2820 835 2893 906 (9)
2913 836 3078 900 τινὸς,
3102 854 3120 887 ι
3140 836 3322 907 φησιν,
3345 854 3363 886 ι
3392 837 3507 888 ἐκεῖ
3518 836 3616 889 καὶ
3646 839 3677 890 6
3701 836 3807 908 θη-

2233 929 2430 1000 σαυρὸς
2461 927 2624 981 αὐτοῦ
2643 945 2656 957 ο
2686 946 2704 978 ι
2728 926 2888 990 αὐτὸς
2914 924 3103 980 ἐαυτὸν
3134 929 3449 996 μειονεκτεῖ,
3467 926 3606 997 πρὸς
3631 926 3696 980 τὸ
3721 929 3808 999 μὴ

2233 1016 2510 1088 ὑπεριδεῖν
2537 1032 2665 1069 ποτε
2704 1017 2762 1068 ἐν
2797 1014 3277 1085 θλίψειιγενόμενον
3310 1014 3559 1084 ἀδελφὸν,
3582 1015 3678 1069 διὰ
3700 1016 3805 1087 τὴν

2232 1108 2292 1162 ἐν
2318 1109 2387 1178 τῇ
2411 1106 2598 1178 ἀγάπῃ
2628 1105 2925 1170 τελείωσιν,
2953 1104 3049 1159 ἐὰν
3078 1106 3361 1177 ἐπίστηται
3392 1105 3630 1177 μάλιστα
3671 1108 3805 1177 ῥᾷον

2233 1200 2423 1255 ἐαυτὸν
2434 1190 2529 1253 τοῦ
2550 1196 2778 1268 ἀδελφοῦ
2794 1198 2891 1269 τὴν
2908 1197 3109 1252 ἔνδειαν
3123 1198 3356 1254 οῐσοντα.
3371 1199 3617 1268 Ἠγεῖταί
3635 1201 3691 1268 γ’
3707 1195 3807 1253 οὖν

2229 1292 2320 1346 τὸν
2347 1291 2614 1364 ἀλγηδόνα
2637 1289 2843 1345 ἐκείνου
2864 1290 2994 1344 ίδιον
3012 1291 3235 1361 ἄλγημα
3251 1306 3265 1320 ·
3282 1288 3382 1344 κᾶν
3398 1293 3464 1344 ἐκ
3480 1291 3581 1362 τῆς
3599 1291 3811 1345 ἑαυτοῦ

2230 1384 2434 1448 ἐνδείας
2469 1383 2581 1455 (10)
2617 1384 2987 1455 παρεχόμενος
3020 1384 3087 1437 δι’
3124 1382 3369 1437 εὐποιίαν
3408 1382 3559 1457 πάθῃ
3583 1401 3639 1437 τι
3671 1384 3806 1438 δῦσ-

2230 1476 2415 1541 κολον,
2446 1477 2506 1530 οὐ
2534 1476 2870 1548 δυσχεραίνει
2917 1478 3009 1529 ἐπὶ
3051 1476 3227 1548 τούτῳ
3247 1517 3262 1543 ,
3303 1474 3598 1548 προσαύξει
3624 1478 3686 1531 δέ
3720 1479 3807 1532 ἔτι

2232 1569 2435 1640 μᾶλλον
2482 1568 2579 1639 τὴν
2625 1568 2960 1641 εὐεργεσίαν.
3014 1568 3167 1639 Ἔχει
3203 1567 3311 1641 γὰρ
3348 1568 3583 1641 ἄκρατον
3614 1570 3809 1624 πίστιν

2227 1662 2327 1733 τὴν
2357 1661 2484 1733 περὶ
2512 1679 2619 1715 των
2658 1660 3014 1733 πραγμάτων,
3046 1659 3106 1713 τὸ
3135 1660 3462 1729 Εὐαγγέλιον
3498 1662 3568 1715 δι’
3616 1660 3803 1734 ἔργων

2230 1754 2322 1807 καὶ
2346 1752 2578 1824 θεωρίας
2609 1752 2873 1807 ἐπαινῶν·
2907 1752 3002 1804 καὶ
3032 1751 3095 1822 δὴ
3136 1752 3198 1805 οὐ
3232 1771 3251 1802 ι
3290 1752 3382 1806 τὸν
3408 1751 3628 1806 ἔπαινον
3685 1754 3801 1826 (If)

554 1842 938 1913 unusquisque
980 1849 1231 1896 nostrum
1276 1855 1376 1895 sua
1411 1839 1538 1896 vitis
1579 1847 1664 1895 est
1706 1850 1761 1894 et
1818 1842 2122 1911 operarius.

2229 1846 2290 1900 οὐ
2315 1846 2464 1917 παρὰ
2480 1844 2799 1917 ἀνθρώπων,
2821 1844 2955 1899 ἀλλὰ
2978 1844 3128 1917 παρὰ
3142 1843 3236 1897 τοῦ
3265 1843 3431 1897 Θεοῦ»
3453 1844 3795 1917 καρποῦται,

552 1932 699 1989 idem
729 1934 892 1988 etiam
927 1949 1049 2004 quae
1078 1940 1208 1989 sunt
1238 1931 1442 2001 optima
1467 1946 1634 2002 agens
1676 1930 1792 1987 vult
1828 1932 1997 1988 latere
2027 1932 2127 1988 ho-

552 2025 750 2090 mines,
783 2024 1014 2080 Domino
1043 2024 1205 2079 simul
1234 2032 1287 2078 et
1318 2023 1422 2079 sibi
1458 2022 1564 2093 ipsi
1593 2024 1933 2094 persuadens
1959 2041 2019 2081 se
2051 2027 2129 2083 vi-

551 2132 680 2172 vere
710 2133 777 2172 ex
806 2117 1122 2187 praeceptis,
1159 2124 1214 2173 et
1247 2116 1363 2171 haec
1393 2116 1649 2187 praeferre
1676 2123 1899 2189 propter
1922 2134 1983 2174 ea
2008 2135 2128 2190 quae

551 2223 677 2264 esse
704 2208 954 2265 credidit.
992 2227 1010 2260 ι
1042 2208 1145 2264 Ubi
1175 2210 1341 2274 enim,
1376 2228 1395 2262 ι
1431 2208 1646 2279 inquit,
1682 2228 1701 2262 ι
1732 2216 1815 2265 est
1845 2226 1999 2267 mens
2023 2212 2125 2266 ali-

552 2300 750 2370 cujus,
788 2301 897 2356 illic
934 2309 1019 2357 est
1059 2302 1222 2357 etiam
1268 2302 1387 2371 ejus
1435 2301 1731 2356 thesaurus
1754 2313 1803 2356 α.
1847 2321 1865 2353 ι
1891 2301 2011 2373 Ipse
2032 2319 2126 2374 per

550 2394 834 2451 charitatis
868 2394 1256 2465 perfectionem
1292 2396 1533 2465 seipsum
1566 2394 1821 2450 diminuit
1845 2437 1861 2464 ,
1903 2411 1972 2451 ne
2025 2414 2127 2452 un-

550 2502 715 2558 quam
758 2495 1077 2543 contemnat
1127 2488 1383 2542 afllictum
1416 2486 1677 2552 fratrem,
1728 2488 1774 2542 si
1816 2504 1875 2544 se
1907 2490 2125 2547 sciverit

550 2579 768 2637 facilius
804 2581 1042 2635 laturum
1074 2589 1373 2651 egestatem
1410 2595 1574 2651 quam
1618 2579 1805 2637 frater.
1837 2580 2127 2639 Existimat

549 2680 699 2728 certe
725 2672 870 2728 illius
892 2671 1133 2727 dolorem
1162 2688 1286 2728 esse
1314 2672 1556 2727 dolorem
1582 2672 1885 2743 proprium,
1903 2682 1956 2729 et
1982 2678 2026 2730 si
2057 2692 2124 2731 ex

550 2778 651 2819 sua
690 2764 938 2834 praebens
975 2763 1162 2835 inapia
1206 2772 1429 2835 propter
1472 2763 1893 2819 beneficentiam
1942 2766 2125 2837 aliquo

550 2852 817 2909 afficiatur
850 2853 1215 2918 incommodo,
1250 2855 1306 2909 id
1336 2871 1444 2910 non
1473 2872 1614 2928 aegre
1650 2857 1787 2925 fert,
1826 2858 1922 2914 sed
1944 2860 2123 2917 adhuc

552 2946 727 3017 magis
754 2952 811 3011 »Β
849 2954 1008 3017 auget
1037 2946 1579 3004 beneficium.'llabet
1622 2952 1769 3007 enim
1814 2968 2007 3023 puram
2052 2961 2118 3007 et

550 3038 823 3094 sinceram
854 3037 1012 3093 fidem
1034 3077 1050 3103 ,
1078 3054 1209 3100 eam,
1227 3054 1348 3109 quae
1374 3047 1458 3095 est
1486 3040 1553 3096 de
1583 3044 1774 3109 rebus,
1823 3061 1927 3115 per
1955 3059 2122 3115 opera

549 3137 609 3185 et
654 3129 1165 3199 contemplationem
1206 3131 1438 3186 laudans
1489 3131 1862 3204 Evangelium.
1893 3136 1957 3190 Et
1991 3152 2121 3191 sane

549 3234 662 3274 non
683 3237 700 3270 ι
723 3194 934 3274 laudem
961 3220 1031 3274 ab
1060 3220 1372 3277 hominibus
1391 3241 1409 3273 ι
1438 3194 1705 3293 accipit:¢
1732 3226 1826 3280 sed
1849 3241 1879 3280 a
1903 3225 2013 3281 Deo
2034 3228 2116 3294 ι’,ι
2149 3194 2191 3250 C

549 3326 817 3384 peragens
847 3327 910 3367 ea
929 3327 1049 3383 quae
1086 3312 1273 3367 docuit
1304 3311 1587 3370 Dominus.
1632 3315 1803 3382 Idem,
1840 3333 1939 3387 per
1969 3335 2121 3389 spem

551 3403 828 3475 propriam
907 3404 1152 3469 avulsus,
1204 3419 1315 3458 non
1364 3413 1544 3475 gustat
1594 3421 1658 3461 ea
1708 3423 1829 3478 qua:
1891 3420 2019 3465 sunt
2067 3411 2119 3464 in

550 3496 758 3551 mundo
787 3496 1034 3566 pulchra,
1067 3497 1251 3552 omnia
1280 3514 1402 3568 qua:
1430 3496 1518 3552 hic
1552 3505 1679 3554 sunt
1710 3515 1908 3571 magno
1939 3502 2121 3555 animo

549 3587 861 3659 despiciens
887 3607 901 3643 :
928 3589 1023 3644 sed
1058 3599 1113 3644 et
1143 3590 1434 3645 miseretur
1474 3606 1663 3646 eorum
1696 3594 1791 3664 qui
1822 3603 1948 3664 post
1977 3610 2123 3649 mor—

550 3688 662 3737 tem
712 3682 1004 3753 castigati,
1060 3698 1154 3752 per
1196 3685 1524 3754 supplicium
1562 3686 1719 3741 inviti
1767 3688 2120 3754 confitentur,

550 3774 749 3830 bonam
783 3791 999 3846 semper
1026 3775 1238 3832 habens
1267 3778 1681 3845 conscientiam,
1708 3787 1763 3835 et
1791 3779 1951 3851 317
1980 3796 2121 3836 scm-

551 3881 648 3936 per
676 3874 900 3937 paratus
931 3866 997 3921 ad
1026 3868 1230 3923 exitum
1254 3910 1267 3933 ,
1293 3878 1352 3924 ut
1381 3889 1399 3920 ι
1431 3870 1752 3942 peregrinus
1778 3878 1833 3926 et
1868 3872 2069 3941 hospes
2098 3892 2117 3925 ι

551 3974 739 4013 earum
771 3975 890 4030 qua:
921 3960 1008 4015 hic
1036 3970 1165 4015 sunt
1206 3963 1585 4039 b‘tereditatum
1607 4005 1623 4029 ,
1652 3979 1862 4020 memor
1910 3974 2121 4020 tantum

553 4050 900 4120 propriorum
945 4068 959 4105 :
1004 4066 1124 4121 quae
1172 4061 1350 4108 autem
1392 4054 1480 4109 hic
1530 4062 1657 4109 sunt
1708 4056 1891 4110 omnia
1942 4057 2119 4112 aliena

550 4141 873 4198 existimans
898 4162 910 4199 :
942 4158 1052 4198 non
1081 4144 1258 4199 solum
1290 4144 1505 4201 Domini
1535 4146 1789 4201 mandata
1819 4148 2117 4216 admirans,

659 4303 719 4362 ἦ
754 4296 817 4353 Ρ.
851 4298 955 4354 8'79
988 4297 1095 4354 ED.
1130 4299 1427 4369 POTTER,
1464 4301 1691 4357 745-746
1724 4300 1832 4356 ΕΙ).
1866 4300 2087 4357 PARIS.

623 4453 702 4527 (8)
737 4456 953 4512 Αὑτοῦ.
992 4474 1011 4506 ι
1040 4456 1206 4525 Ejus,
1237 4476 1256 4509 ι
1289 4471 1484 4527 nempe
1514 4454 1751 4512 Domini.
1791 4455 1887 4511 Vel
1921 4455 2117 4522 αὑτοῦ,

554 4542 576 4577 ι
604 4526 712 4597 sui,
744 4546 761 4578 ι
795 4535 854 4579 ιιι
879 4542 1003 4597 exp.
1043 4528 1343 4597 interpres.

621 4595 710 4670 (9)__
737 4598 921 4670 Ὅπου
941 4595 1058 4670 ⁸γὰρ
1091 4600 1123 4670 ό
1160 4595 1215 4651 νί.
1252 4596 1474 4670 Rectius
1500 4599 1854 4670 transpositis
1883 4598 2119 4653 nomini-

548 4666 653 4740 bu_s
689 4668 860 4740 Ὅπου
893 4667 1002 4740 γὰρ
1039 4669 1078 4740 6A
1101 4666 1371 4739 θησαυρός
1401 4685 1586 4740 τινος,
1607 4666 1943 4740 φήσὶν,ἐκείξ
1968 4670 2060 4722 καὶ
2087 4670 2115 4721 ό

547 4735 672 4801 νοῦς
700 4736 895 4791 αὐτοῦ’
926 4735 1119 4793 ιιιἸιιείο
1141 4735 1290 4793 enim
1319 4746 1405 4793 est
1449 4739 1514 4793 ad
1538 4735 1745 4793 dictum
1776 4738 1989 4793 'Matth.
2026 4756 2079 4794 vi
2099 4779 2116 4805 ,

549 4806 640 4860 21.
672 4807 737 4862 Α.
773 4806 1039 4863 Srnnunc.

621 4878 734 4949 (10)
785 4879 879 4931 Ἐκ
919 4878 1314 4952 τῇς-ἐαυτοῦ
1368 4877 1626 4952 ἐνδείας.
1687 4879 1929 4952 Respicit
1980 4879 2118 4935 forte

548 4944 725 5005 Marc.
751 4964 827 5002 xu
851 4988 866 5013 ,
906 4944 1021 5016 MV;
1057 4946 1189 5003 Luc.
1226 4965 1354 5013 χχι,
1399 4948 1464 5010 1.
1514 4944 1607 5005 ubi
1639 4944 2033 5006 vidua-dicitur
2063 4952 2118 5004 in

545 5018 992 5090 gazophylacium
1005 5019 1315 5102 conjecisse
1332 5022 1395 5073 ὲκ
1415 5020 1508 5075 τοῦ
1533 5023 1906 5095 ὑστερήματος
1928 5021 2113 5092 αὐτῆς·

552 5104 574 5139 ι
601 5104 665 5144 ex
699 5105 797 5143 sua
832 5104 1076 5144 penuria.
1110 5109 1128 5140 ι

625 5159 738 5230 (fl)
776 5156 886 5233 Τόν
912 5156 1473 5233 egarro_r._1lespicit
1511 5160 1667 5218 Rom.
1708 5179 1783 5233 ιι,
1832 5161 1938 5233 29:
1991 5156 2064 5215 Οῦ
2091 5163 2119 5213 6

792 5230 893 5303 oin:
943 5229 1002 5297 ἐξ
1046 5227 1366 5303 ἀνθρώπων,
1395 5231 1523 5303 ἀλλξ
1539 5235 1603 5285 ἐκ
1624 5232 1715 5286 τοῦ
1745 5231 1899 5285 Θεοῦ.
1996 5302 1999 5303 ν
2052 5284 2063 5295 ,

619 5296 730 5370 (f2)
785 5300 931 5374 Τοὺς
965 5296 1115 5374 μετᾲ
1151 5296 1435 5357 θάνατον.
1482 5301 1619 5374 Vide
1662 5302 1959 5374 pag._668,
1992 5302 2113 5357 745.

546 5366 878 5442 ιυινειμςτ
904 5366 1036 5425 item
1066 5371 1266 5427 Strom.
1298 5389 1398 5437 vn,
1430 5388 1483 5442 p.
1516 5373 1617 5427 732
1641 5366 1770 5428 edit'.
1796 5372 1973 5427 Paris.

579 5508 589 5520 υ
616 5437 730 5512 (15)
757 5440 1413 5520 ςεεομολογουμένριςς.
1430 5437 1685 5520 ’Υἱιίοιιιι-
1710 5443 1966 5520 Clemens
1997 5459 2121 5520 sen-

545 5511 717 5574 sisse,
757 5511 1009 5595 homines
1040 5511 1400 5595 ecs,’quiuin
1450 5513 1553 5568 hac
1591 5514 1699 5567 vita
1740 5514 2117 5595 pmuitentiam

543 5591 711 5649 agere
738 5583 1041 5653 negligunt.
1077 5584 1364 5654 suppliciis
1394 5590 1519 5654 post
1559 5583 1790 5637 mortem
1822 5583 1889 5636 ad
1925 5599 2119 5652 pecea-

542 5653 777 5724 torum}
816 5653 1225 5724 confessionem
1272 5674 1289 5705 ι
1329 5669 1393 5709 ac
1427 5652 1811 5723 poeuitentiam
1843 5656 2117 5724 cogendos

541 5721 881 5793 esse.ﬂConf.
918 5723 1125 5780 Strom.
1150 5741 1246 5788 vu,
1276 5740 1330 5793 p.
1363 5721 1485 5783 794,
1511 5740 1565 5777 ιι.
1599 5725 1652 5777 4.

611 5790 723 5862 (14)
763 5794 1221 5864 Εὐσυιέίδητος
1264 5790 1413 5863 ἁμὸς
1448 5793 1559 5863 τὴν
1603 5794 1693 5859 ἒξ.
1732 5793 2003 5865 lutcrprcs
2050 5796 2119 5851 lc-

2227 1935 2264 1991 ἃ
2295 1934 2531 2000 ἐδίδαξεν
2564 1936 2593 1988 6
2619 1934 2840 2006 Κύριος,
2874 1933 3045 1989 ταῦτα
3083 1933 3362 1989 ἐπιτελῶν.
3397 1926 3588 1998 Οὗτος,
3638 1952 3801 2007 περι-

2229 2024 2512 2096 σπώμενος
2540 2025 2645 2078 ὑπὸ
2675 2025 2776 2095 τῆς
2806 2024 2939 2088 ίδίας
2965 2024 3194 2104 ἐλπίδος,
3233 2024 3293 2077 οὐ
3336 2024 3557 2093 γεύεται
3588 2026 3701 2078 τῶν
3738 2027 3797 2078 ἐν

2228 2118 2417 2187 κόσμῳ
2438 2115 2637 2180 καλῶν,
2662 2117 2876 2170 πάντων
2906 2114 3013 2169 τῶν
3049 2113 3279 2168 ἐνταῦθα
3309 2115 3798 2185 καταμεγαλοφρο-

2226 2208 2353 2273 νῶν,
2402 2207 2689 2278 οἰκτείρων
2741 2206 2868 2269 τοὺς
2911 2205 3048 2277 μετὰ
3100 2205 3325 2260 θάνατον
3379 2204 3490 2278 (12)
3538 2206 3798 2261 παιδευο-

2230 2299 2426 2371 μένους
2473 2298 2563 2352 διὰ
2601 2299 2700 2370 τῆς
2739 2296 3012 2361 κολάσεως
3054 2298 3322 2361 ἀκουσίως
3364 2295 3797 2369 ἐξομολογουμέ-

2226 2408 2348 2455 νους
2380 2389 2512 2463 (15),
2538 2388 2908 2460 εὐσυνείδητος
2948 2389 3082 2460 πρὸς
3103 2388 3200 2459 τὴν
3224 2386 3401 2455 ἔξοδον
3428 2388 3562 2459 (14),
3591 2391 3691 2441 καὶ
3709 2390 3795 2441 ἀεὶ

2224 2478 2440 2550 ἕτοιμος
2467 2476 2564 2544 ὢν,
2597 2477 2672 2541 ὡς
2698 2477 2764 2531 ἂν
2802 2497 2821 2529 ι
2862 2477 3240 2548 παρεπίδημος
3282 2479 3375 2532 καὶ
3421 2478 3571 2544 ξένος
3614 2498 3634 2530 ι
3688 2479 3797 2532 τῶν

2223 2570 2350 2643 τῇδε
2391 2552 2910 2641 κληρονομημάτων,
2959 2569 3133 2640 μόνων
3160 2568 3268 2623 τῶν
3311 2567 3454 2622 ἰδίων
3512 2569 3799 2641 μεμνημέ-

2224 2680 2343 2728 νος’
2378 2662 2449 2716 τὰ
2483 2663 2540 2716 δὲ
2572 2661 2805 2717 ἐνταῦθα
2838 2661 3015 2716 πάντα
3058 2660 3311 2733 ἀλλότρια
3355 2661 3686 2732 ἡγούμενος’
3729 2663 3787 2714 οὗ

2227 2757 2387 2827 μόνον
2420 2755 2713 2826 θαυμάζων
2752 2756 2851 2819 τὰς
2877 2754 2970 2808 τοῦ
3009 2754 3214 2827 Κυρίου
3244 2754 3482 2820 ἐντολὰς,
3529 2754 3670 2823 ἀλλ’,
3714 2755 3790 2820 ὡς

2223 2848 2353 2911 έπος
2375 2848 2569 2912 εἰπεῖν,
2600 2847 2668 2900 δι’
2698 2847 2869 2917 αὐτῆς
2891 2846 2991 2917 τῆς
3018 2844 3270 2915 γνώσεως
3320 2847 3543 2918 μέτοχος
3574 2846 3653 2903 ὣν
3692 2848 3793 2920 τῆς

2224 2941 2375 3006 θείας
2412 2940 2736 3013 βουλήσεως,
2770 2942 2969 3004 οἰκεῖος
2995 2940 3163 3004 ὅντως
3186 2938 3277 2993 τοῦ
3317 2941 3519 3012 Κυρίου
3551 2942 3646 2994 καὶ
3687 2943 3793 2995 τῶν

2224 3034 2455 3087 ἐντολῶν
2492 3032 2861 3106 ἐξειλεγμένος
2890 3034 2966 3098 ὠς
2994 3032 3229 3098 δίκαιος·
3252 3034 3584 3105 ,ἡγεμονικὸς
3611 3034 3671 3087 δέ
3701 3038 3792 3088 καὶ

2226 3124 2518 3196 βασιλικὸς,
2547 3125 2623 3189 ὡς
2644 3127 2673 3179 6
2693 3125 3011 3195 γνωστικός·
3030 3124 3228 3197 χρυσὸν
3259 3126 3359 3195 μὲν
3380 3124 3557 3179 πάντα
3584 3125 3678 3178 τὸν
3703 3126 3794 3177 ἐπὶ

2223 3217 2328 3287 γῆς
2357 3218 2450 3270 καὶ
2471 3217 2575 3271 ὑπὸ
2600 3216 2726 3287 γῆν,
2748 3217 2839 3270 καὶ
2871 3217 3145 3288 βασιλείαν
3174 3217 3269 3290 τὴν
3289 3217 3396 3271 ἀπὸ
3420 3217 3674 3289 περάτων
3702 3218 3791 3269 ἐπὶ

2225 3311 2436 3381 πέρατα
2485 3309 2739 3364 Ὠκεανοῦ
2782 3310 3082 3382 ὑπερορῶν,
3112 3312 3188 3376 ὡς
3231 3312 3400 3383 μόνης
3425 3310 3523 3381 τῆς
3550 3307 3645 3362 τοῦ
3678 3311 3788 3361 Κυ-

2230 3403 2343 3475 ρίου
2376 3400 2697 3474 ἀντέχεσθαι
2729 3400 3046 3474 θεραπείας*
3079 3402 3160 3456 διὸ
3187 3401 3298 3475 (15)
3326 3403 3419 3455 καὶ
3445 3399 3667 3465 ἐσθίων,
3700 3404 3791 3454 καὶ

2224 3498 2414 3560 πίνων,
2446 3498 2539 3549 καὶ
2571 3495 2787 3567 γαμῶν,
2821 3496 2915 3552 ἐὰν
2946 3500 2974 3551 ό
3002 3497 3173 3565 Λόγος
3201 3496 3302 3568 ἔρῃ
3332 3496 3473 3569 (16),
3521 3493 3655 3547 ἀλλὰ
3699 3496 3788 3548 καὶ

2226 3591 2467 3664 ὀνείρους
2500 3592 2609 3663 (17)
2637 3592 2869 3664 βλέπων,
2897 3593 2965 3647 τὰ
2999 3594 3129 3662 ἅγια
3157 3595 3301 3646 ποιεῖ
3323 3593 3415 3646 καὶ
3442 3594 3579 3647 vos?
3624 3590 3790 3662 ταύτῃ

2226 3682 2461 3755 καθαρὸς
2491 3685 2571 3745 είς
2598 3684 2762 3756 εὐχὴν
2786 3684 3034 3738 πάντοτε.
3077 3684 3135 3737 Ὁ
3173 3684 3229 3736 δὲ
3266 3684 3359 3736 καὶ
3391 3684 3508 3754 μετ’
3549 3680 3788 3750 ἀγγέλων

2224 3775 2462 3848 εῦχεται,
2506 3776 2581 3841 ὼς
2615 3777 2681 3833 ἂν
2716 3778 2816 3849 ἤδη
2864 3779 2958 3831 κα)⁵
3011 3777 3298 3847 ίσάγγελος
3343 3774 3477 3848 (18),
3520 3775 3641 3829 οὐδὲ
3689 3772 3787 3839 ἔξω

2227 3869 2355 3923 ποτὲ
2385 3869 2486 3940 τῆς
2508 3869 2668 3938 ἁγίας
2701 3871 2942 3942 φρουρᾶς
2959 3870 3186 3939 γίνεται,
3218 3868 3321 3923 κᾶν
3354 3870 3513 3939 μόνος
3541 3866 3781 3937 εὔχηται.

2222 3961 2314 4015 τὸν
2342 3960 2451 4015 τῶν
2480 3961 2649 4031 ἁγίων
2684 3959 2793 4033 (19)
2823 3961 2982 4034 χορὸν
3006 3961 3395 4031 συνιστάμενον
3425 3959 3561 4029 ἔχει.
3602 3958 3783 4029 Διττὴν

2224 4050 2378 4119 οὗτος
2413 4050 2519 4109 οἶδε
2588 4053 2700 4125 (20)
2757 4055 2849 4107 καὶ
2880 4052 2977 4125 τὴν
3012 4054 3110 4124 μὲν
3139 4051 3229 4106 τοῦ
3260 4051 3607 4116 πιστεύοντος
3641 4051 3783 4122 ἐνέρ-

2225 4163 2398 4217 γειαν,
2428 4146 2525 4219 τὴν
2552 4145 2608 4201 δὲ
2635 4145 2727 4200 τοῦ
2754 4146 3140 4218 πιστευομένου
3171 4144 3267 4215 τὴν
3288 4147 3406 4198 κατ’
3439 4143 3595 4208 ἀξίαν
3627 4145 3783 4214 ὑπερ·

2198 4360 2211 4376 ,
2234 4314 2261 4342 ιι
2289 4300 2476 4357 Matth.
2500 4316 2575 4368 vt,
2601 4300 2726 4357 2Lb
2763 4299 2921 4356 Rom.
2956 4314 3017 4366 ιι,
3042 4299 3133 4355 29.

2258 4456 2371 4526 isse
2410 4456 2648 4522 videtur,
2677 4455 3052 4526 εὐσυνείδητος
3081 4455 3175 4509 καὶ
3207 4455 3343 4526 πρὸς
3368 4426 3780 4526 τὴνὲξοῶνῄᾲεὶ

2151 4503 2197 4561 Ι)
2221 4503 2985 4596 ἓσὲῖἓεειῗόἶὲῖιᾶῥᾷἑιὲῆἑὸξ
2997 4503 3177 4581 eam
3194 4503 3637 4596 jiidiio'jiirr'a’ad
3646 4503 3780 4596 bibe-4

2221 4605 2311 4650 tur
2340 4612 2396 4667 p.
2428 4596 2529 4651 749
2558 4596 2699 4667 edit.
2723 4593 2924 4667 Paris.,
2975 4593 3344 4667 εὑσυνείδητος
3372 4593 3449 4667 ῶν
3489 4598 3609 4657 ταῖς
3640 4593 3778 4667 ἐξου-

2224 4665 2373 4738 σίαις
2394 4667 2647 4738 ὀφθῆναι.
2675 4665 2911 4721 Proinde
2941 4674 3221 4736 receptam
3260 4666 3549 4720 lectionem
3581 4666 3774 4720 sollici-

2221 4747 2335 4790 tare
2364 4737 2505 4792 haud
2526 4737 2678 4807 opus
2724 4745 2831 4791 est.

2293 4808 2404 4931 (15)
2428 4809 2552 4889 ’Διά
2579 4803 2691 4888 ᾙίδ
2733 4807 2933 4863 similia
2977 4805 3229 4875 superius
3273 4803 3465 4860 scribit
3508 4812 3699 4859 auctor
3725 4820 3774 4873 p.

2355 4878 2487 4931 edit.
2519 4878 2692 4931 Paris.

2220 4878 2316 4931 7M
2355 4878 2487 4935 edit.
2519 4878 2692 4932 Paris.

2221 4947 2715 5073 atiigvgﬁgabe
2750 4948 2917 5003 verbo
2948 4946 3049 5019 ἔρῃ
3087 4960 3257 5017 supra
3297 4943 3505 5000 dictum
3547 4945 3617 4999 ad
3661 4960 3775 5015 pag.

2222 5034 2346 5073 014.
2376 5034 2639 5073 δνιιιιιιιο.

2290 5090 2404 5162 (17)
2432 5090 2765 5162 ΑὈνειζρους.
2779 5159 2788 5162 _
2803 5086 3055 5162 C_leme_ns
3071 5088 3242 5162 paulo
3263 5101 3472 5162 supra:
3499 5086 3633 5139 Οὐδὲ
3655 5086 3777 5162 δναρ

2222 5155 2351 5214 ποτὲ
2384 5155 2458 5231 μὴ
2490 5155 2727 5231 ἁρμόζον
2765 5157 3013 5231 Δἐκλεκτῷ
3066 5155 3251 5231 βλέπει
3280 5173 3292 5187 ·
3323 5155 3349 5208 ἱ
3384 5155 3476 5231 ΔΝΘ
3510 5156 3772 5231 somnium

2259 5226 2463 5293 uideni,
2497 5226 2603 5283 nisi
2635 5228 2781 5300 quod
2811 5226 2994 5300 electo
3030 5226 3304 5300 cOnvenit,
3346 5228 3513 5284 videt.
3559 5245 3579 5278 ι
3624 5226 3771 5281 Conf.

2259 5249 2463 5293 Illaellt,
2497 5249 2603 5283 11181
2635 5249 2781 5300 quou
2811 5249 2985 5283 CICCIO
3030 5249 3304 5295 convenit,
3347 5249 3513 5284 Ἣαει.
3559 5249 3579 5278 ι
3624 5249 3771 5281 υυΙΙΙο

2220 5249 2423 5385 gem.
2561 5314 2617 5385 ρ·
2648 5299 2907 5385 δετιωις
2941 5298 3118 5385 tiaris.
3442 5368 3485 5385 .-
3534 5381 3745 5385 -
3849 5354 3861 5371 ς

2295 5367 2815 5448 (18)-ᾗιολάγγελος..
2849 5367 3287 5448 Similia-scribit
3330 5368 3495 5448 paulo
3516 5381 3692 5448 supra
3721 5381 3769 5436 p.

2220 5438 2325 5497 735
2350 5438 2484 5497 edit.
2518 5438 2691 5497 Paris.
2720 5442 2952 5511 aliisque
2984 5438 3118 5511 locis
3140 5438 3581 5511 quamplurimis.

2293 5513 2408 5583 (19)
2450 5511 2677 5583 Ἀγίων.
2721 5511 2812 5564 Sic
2844 5505 3015 5583 Flor.,
3049 5505 3391 5583 Sylburgfet
3428 5524 3533 5583 ms.
3562 5505 3768 5574 Paris”

2222 5580 2314 5639 sed
2349 5580 2594 5651 ἀγγέλων
2633 5583 2687 5636 ἰιι
2717 5580 3052 5651 recentiores
3066 5580 3522 5651 l’ibrosirrepsit.

2290 5647 2409 5725 (21))
2431 5647 2848 5725 Διττὴννοῦτος
2880 5648 3024 5725 οἶδε.
3065 5649 3330 5725 Ροεινιιιιε
3374 5647 3540 5705 voces
3569 5647 3773 5725 deside-

2221 5718 2329 5777 rari
2360 5718 2573 5777 videtur
2594 5718 2802 5787 πίστιν,
2836 5723 3069 5784 πίστεως
3094 5723 3442 5785 κατάστασιν,
3484 5727 3576 5774 aut
3606 5718 3775 5775 simile

2221 5796 2370 5866 quid.
2408 5795 2670 5851 Sustine.
