4016 6308
499 292 599 349 511

1651 291 2041 350 CLEMENTIS
2078 292 2546 350 ALEXANDRINI

3607 298 3729 353 512

501 407 801 464 Christum.
837 403 956 462 Non
978 406 1121 461 enim
1151 407 1351 464 caloris
1382 407 1796 480 participatione
1828 409 2057 476 calidus,

2169 410 2380 482 λόγησιν
2438 410 2533 463 καὶ
2568 408 2899 481 ἐπιστροφὴν
2946 408 3053 464 τῶν
3099 408 3392 478 συγγενῶν.
3437 418 3725 466 κοινωνεῖν

501 514 680 569 neque
707 498 868 569 ignis,
903 498 1134 562 lucidus,
1163 500 1260 555 sed
1288 500 1405 556 vult
1433 509 1582 557 totus
1610 517 1732 557 esse
1767 503 1880 560 lux.
1911 503 2058 558 Idem

500 597 758 645 accurate
787 590 937 644 novit
968 590 1018 644 id
1050 591 1196 660 quod
1220 591 1425 646 dictum
1450 600 1536 648 est
1561 608 1576 645 :
1613 612 1630 645 ι
1660 593 1773 650 Nisi
1806 595 1931 650 odio
1957 595 2058 648 ha-

500 675 730 734 bueritis
771 690 974 748 patrem
1008 689 1062 734 et
1092 688 1321 736 matrem
1350 721 1365 746 ,
1415 690 1470 738 et
1494 690 1753 753 praeterea
1785 685 2060 755 propriam

501 783 716 838 quoque
733 768 990 832 animam,
1014 775 1068 824 et
1093 771 1196 825 nisi
1217 773 1429 843 signum
1453 776 1797 844 portaveritis
1815 789 1861 829 α.
1877 796 1896 829 ι
1925 775 2061 830 Nam

501 869 556 910 et
593 858 843 913 carnales
889 859 1234 926 affectiones,
1285 879 1408 933 qua:
1453 866 1750 935 voluptatis
1797 868 2062 923 maximas

502 948 704 1002 habent
739 950 1024 1006 illecebras
1049 992 1064 1016 ,
1095 953 1249 1018 odit,
1285 970 1588 1027 magnoque
1626 957 1856 1029 despicit
1880 959 2062 1013 animo

502 1039 686 1092 omnia
728 1055 848 1109 qua:
899 1041 966 1094 ad
1014 1043 1343 1098 creationem
1383 1053 1436 1100 et
1480 1047 1828 1102 nutritionem
1880 1049 2062 1103 carnis

504 1137 630 1183 sunt
647 1133 1074 1188 accommodata.
1097 1133 1268 1188 Etiam
1296 1137 1528 1207 insurgit
1544 1138 1804 1194 adversus
1826 1140 2062 1194 animam

413 1227 416 1235 '
502 1237 821 1292 corpoream
843 1264 858 1295 ,
893 1225 1176 1295 imperium
1211 1228 1531 1284 detrectanti
1576 1231 1821 1302 spiritui,
1855 1231 2062 1302 experti

503 1317 765 1380 rationis,
830 1314 1044 1371 frenum
1077 1319 1363 1388 injiciens,
1403 1322 1658 1390 quoniam
1695 1341 1714 1374 ι
1745 1338 1874 1377 caro
1930 1339 2062 1379 con-

504 1407 743 1475 cupiscit
806 1408 1068 1464 adversus
1125 1411 1377 1480 spiritum
1407 1411 1459 1467 ι’.
1552 1412 1778 1483 Signum
1819 1434 1838 1467 ι
1883 1424 2062 1470 autem

511 1515 530 1546 ι
554 1505 792 1566 νοτίοιο,
826 1517 845 1550 ι
880 1507 962 1554 est
1001 1507 1227 1554 mortem
1258 1502 1632 1568 circumferre,
1664 1505 1799 1560 adeo
1825 1513 1883 1559 ut
1908 1506 2062 1562 vivus

505 1587 683 1641 adhuc
702 1590 955 1644 omnibus
976 1591 1286 1660 renuntiet;
1314 1593 1570 1662 quoniam
1596 1609 1705 1648 non
1732 1603 1815 1650 est
1839 1596 2063 1666 aequalis

505 1679 747 1735 charitas
780 1681 899 1751 ejus
930 1683 1023 1752 qui
1055 1702 1074 1734 ι
1101 1685 1384 1738 seminavit
1412 1699 1630 1740 carnem
1649 1728 1664 1753 ,
1691 1705 1710 1738 ι
1735 1692 1789 1741 et
1820 1687 1939 1756 ejus
1967 1688 2062 1757 qui

2158 502 2214 556 δὲ
2247 502 2353 556 τῶν
2386 501 2526 554 ἰδίων
2557 500 2776 570 ἀγαθῶν
2802 500 3242 573 προθυμούμενος
3268 503 3381 564 τοῖς
3403 501 3680 571 φιλτάτοις
3701 522 3720 536 ο

2159 594 2313 648 αὐτοὶ
2341 594 2397 647 δὲ
2437 593 2609 657 οὕτως
2654 592 2800 664 αὐτῷ
2831 595 2880 646 οἱ
2930 593 3091 663 φίλοι.
3123 593 3308 658 Αύξων
3344 589 3440 650 οὖν
3469 596 3536 649 τὰ
3579 599 3720 667 παρ’

2160 684 2306 756 αύτῷ
2347 684 2742 756 κατατιθέμενα
2791 685 3100 758 σπέρματα,
3145 687 3267 739 καθ’
3297 688 3364 757 ἢν
3413 685 3727 740 ἐνετείλατο
3767 735 3776 754 ,

2160 773 2360 846 Κύριος
2377 773 2487 846 (50)
2505 776 2788 847 γεωργίαν,
2809 776 3185 847 ἀναμάρτητος
3213 776 3310 848 μὲν
3341 777 3508 849 μένει,
3526 779 3727 850 ὲγκρα-
3769 773 3781 792 ³

2159 865 2258 936 τὴς
2279 865 2334 918 δὲ
2357 865 2583 934 γίνεται,
2613 867 2706 919 καὶ
2734 867 2871 936 μετά
2895 865 3001 919 τῶν
3027 867 3223 937 ὁμοίων
3245 865 3418 935 διάγει
3445 865 3524 937 τῷ
3552 866 3688 921 πνεύ

2164 976 2292 1029 ματι
2320 959 2378 1010 ὲν
2405 961 2517 1021 τοῖς
2546 961 2730 1029 χοροῖς
2754 958 2862 1012 τῶν
2889 958 3079 1028 ἁγίων,
3106 958 3210 1012 κᾶν
3237 958 3326 1011 ἐπὶ
3354 959 3456 1029 γῆς
3499 958 3582 1012 ἐτι
3622 977 3729 1012 κα-

2160 1049 2397 1121 τέχηται.
2429 1044 2612 1113 Οὗτος,
2653 1050 2720 1102 δι’
2747 1049 2875 1120 ὅλης
2911 1049 3126 1121 ἡμέρας
3164 1050 3258 1104 καὶ
3280 1049 3500 1119 ινυκτὸς
3545 1048 3727 1118 λέγων

2161 1141 2254 1193 καὶ
2282 1139 2446 1193 ποιῶν
2471 1139 2537 1193 τὰ
2565 1140 2954 1210 προστάγματα
2979 1139 3070 1193 τοῦ
3098 1139 3325 1211 Κυρίου,
3348 1141 3728 1211 ὑπερευφραί-

2161 1245 2328 1293 νεται,
2358 1229 2417 1281 ού
2447 1230 2660 1301 πρωΐας
2700 1229 2857 1300 μόνον
2885 1228 3121 1293 ἀναστὰς
3158 1230 3251 1283 καὶ
3282 1229 3441 1300 μέσον
3483 1230 3726 1302 ἡμέρας.

2161 1320 2294 1374 ἀλλὰ
2324 1319 2416 1373 καὶ
2447 1320 2778 1391 περιπατῶν,
2811 1321 2902 1374 καὶ
2939 1318 3296 1390 κοιμώμενος,
3348 1310 3729 1392 ἀμφιεννύμε-

2160 1413 2249 1472 νός
2274 1429 2332 1464 τε
2360 1411 2452 1464 καὶ
2493 1411 2878 1481 ἀποδυόμενος,
2906 1411 3000 1464 καὶ
3037 1410 3274 1464 διδάσκει
3313 1411 3401 1464 τὸν
3443 1411 3577 1475 υἱὸν,
3625 1411 3727 1464 ἐὰν

2162 1502 2276 1566 υίὸς
2361 1503 2420 1555 τὸ
2447 1501 2621 1570 γένος,
2665 1501 2966 1574 ἀχώριστος
3007 1502 3081 1556 ὢν
3107 1502 3209 1572 τῆς
3233 1502 3452 1573 ἐντολῆς
3493 1503 3587 1555 καὶ
3623 1502 3733 1572 τῆς

2161 1594 2390 1657 ἐλπίδος,
2429 1592 2763 1663 εὐχαριστῶν
2806 1592 2894 1646 disi.
2933 1591 3009 1662 τῷ
3047 1591 3164 1662 Θεῷ
3203 1591 3452 1664 καθάπερ
3491 1591 3559 1646 τὰ
3607 1590 3731 1654 ζῶα

2163 1685 2272 1757 (5|)
2312 1686 2380 1739 τὰ
2425 1683 2676 1753 δοξολόγα
2727 1684 2797 1738 τὰ
2834 1684 2920 1737 διὰ
2970 1685 3188 1738 Ἡσαΐου
3239 1682 3726 1754 ἀλληγορούμενα·

505 1765 744 1818 animam
774 1769 977 1822 creavit
1007 1769 1074 1823 ad
1109 1771 1414 1826 scientiam.
1447 1771 1547 1827 Hic
1591 1789 1714 1828 cum
1747 1774 1814 1828 ad
1848 1775 2062 1831 benefa-

2169 1776 2553 1848 ὑπομονητικδς
2597 1775 2731 1849 πρὸς
2781 1778 2959 1830 πᾶσαν
3000 1779 3230 1847 πεῖρανο
3289 1795 3308 1826 ι
3355 1775 3412 1828 '0
3439 1775 3667 1845 Κύριος,
3701 1794 3722 1826 ι

503 1856 684 1910 ciendi
713 1858 954 1914 habitum
981 1864 1303 1931 pervenerit,
1334 1865 1479 1921 dicto
1505 1866 1667 1922 citius
1683 1867 1960 1924 beneficio
1982 1867 2063 1923 af-

506 1949 640 2016 ficit,
674 1967 838 2009 orans
866 1963 925 2009 ut
952 1955 1180 2012 fratrum
1212 1959 1429 2029 quidem
1458 1969 1806 2030 peccatorum
1837 1963 1907 2018 sit
1937 1978 2062 2034 par-

505 2043 679 2114 ticeps
711 2045 779 2099 ad
823 2047 1224 2105 confessionem
1264 2059 1318 2106 et
1363 2060 1718 2125 cognatorum
1757 2055 2067 2125 conversio-

506 2147 678 2198 nem,
693 2135 760 2192 ad
790 2139 1008 2210 propria
1039 2147 1219 2195 autem
1256 2141 1399 2196 bona
1444 2142 1788 2198 amicissimis
1819 2119 2065 2198 commu-

504 2227 737 2282 nicanda
767 2233 1168 2295 paratissimus.
1187 2233 1296 2306 Ipsi
1325 2241 1503 2289 autem
1545 2234 1626 2291 sic
1647 2236 1697 2291 ei
1729 2242 1856 2292 sunt
1878 2235 2060 2292 amici.

506 2323 725 2389 Augens
754 2330 930 2377 autem
953 2341 1072 2396 quae
1097 2326 1238 2397 apud
1263 2326 1441 2396 ipsum
1469 2324 1817 2396 deponuntur
1833 2327 2060 2391 semina,

506 2425 571 2465 ea
635 2428 796 2482 quam
835 2417 1110 2472 mandavit
1155 2417 1418 2474 Dominus
1472 2419 1839 2490 agricultura,
1885 2425 2069 2475 manet

508 2503 725 2573 quidem
758 2508 892 2562 nulli
937 2518 1162 2579 peccato
1195 2510 1404 2579 afﬁnis;
1440 2511 1500 2565 fit
1536 2519 1716 2566 autem
1749 2511 2065 2578 continens;

508 2601 561 2647 et
596 2595 786 2664 spiritu
810 2599 1026 2668 quidem
1052 2601 1196 2672 degit
1223 2617 1346 2656 cum
1382 2602 1467 2660 sui
1500 2603 1767 2659 similibus
1798 2603 1854 2658 in
1884 2604 2065 2659 choris

509 2693 845 2752 sanctorum,
876 2690 1090 2746 etiamsi
1122 2691 1299 2746 adhuc
1329 2693 1383 2747 in
1418 2695 1579 2749 terris
1607 2691 1930 2748 detineatur.
1967 2690 2068 2747 llic

508 2782 625 2830 tcto
673 2777 760 2832 die
801 2789 852 2834 et
883 2789 1043 2836 nocte
1075 2783 1262 2838 dicens
1294 2793 1348 2839 et
1377 2782 1582 2839 faciens
1623 2784 1779 2854 jussa
1820 2783 2063 2850 Domlni,

511 2881 673 2936 supra
707 2869 928 2923 modum
955 2870 1186 2936 laetatur,
1221 2888 1330 2927 non
1361 2873 1535 2928 solum
1558 2889 1682 2927 cum
1709 2888 1867 2928 mane
1894 2873 2067 2943 surgit

2168 1868 2350 1939 φησὶν,
2386 1886 2405 1920 ι
2441 1867 2637 1922 ἔδωκεν
2655 1908 2670 1934 ,
2696 1869 2724 1920 6
2751 1867 2953 1939 Κύριος
2978 1867 3227 1937 ἀφείλετο
3256 1866 3386 1938 (52).
3423 1886 3442 1918 ι
3471 1865 3731 1928 Τοιοῦτος

2167 1959 2274 2032 γὰρ
2302 1961 2395 2014 καὶ
2421 1961 2450 2013 6
2489 1958 2626 2023 Ἰὼϐ,
2673 1959 2732 2022 ὃς
2771 1960 2863 2012 τοῦ
2909 1958 3266 2031 ἀφαιρεθῆναι
3303 1959 3370 2012 τὰ
3409 1957 3566 2020 ἐκτὸς
3612 1956 3727 2026 (33)

2171 2053 2266 2106 σὺν
2294 2052 2386 2106 καὶ
2411 2054 2475 2124 τῇ
2504 2051 2596 2105 τοῦ
2629 2050 2874 2122 σώματος
2917 2051 3095 2122 ὑγιείᾳ
3139 2050 3508 2124 προσαπέθετο
3547 2050 3730 2103 πάντα

2168 2141 2257 2196 διὰ
2281 2142 2381 2212 τῆς
2409 2142 2542 2212 πρὸς
2566 2142 2657 2196 τὸν
2698 2141 2901 2213 Κύριον
2944 2142 3180 2212 ἀγάπης
3217 2161 3236 2194 ι
3269 2137 3337 2212 ἦν
3363 2140 3470 2210 (54)
3528 2159 3548 2191 ι
3591 2139 3728 2210 γὰρ,

2170 2234 2322 2305 φησι,
2381 2253 2398 2284 ι
2429 2233 2651 2298 δίκαιος,
2677 2235 2842 2297 ὅσιος,
2873 2233 3208 2304 ἀπεχόμενος
3244 2231 3352 2287 ἀπὸ
3402 2231 3581 2295 πάσης
3629 2247 3732 2283 πο-

2167 2341 2230 2394 νη
2241 2324 2376 2396 ρίας.
2392 2325 2491 2377 »Τὸ
2506 2323 2562 2377 δὲ
2589 2325 2790 2378 «ὅσιον»
2818 2323 2886 2378 τὰ
2911 2324 3046 2396 πρὸς
3071 2323 3160 2378 τὸν
3179 2323 3308 2377 Θεὸν
3331 2321 3734 2392 δίκαιακαὶτὴν

2173 2419 2352 2470 πᾶσαν
2378 2417 2685 2487 οἰκονομίαν
2715 2416 2926 2488 μηνύει.
2963 2417 3030 2470 "A
3067 2416 3129 2488 δὴ
3173 2417 3553 2486 ἐπιστάμενος,
3581 2431 3728 2482 γνωι

2173 2506 2356 2570 στιχὸς
2381 2501 2467 2576 ἦν.
2499 2507 2618 2579 Χρὴ
2645 2507 2751 2580 γὰρ
2799 2509 2954 2580 μήτε,
2995 2508 3090 2563 ἐὰν
3127 2507 3305 2577 ἀγαθὰ
3337 2505 3391 2581 ᾖ,
3434 2523 3734 2579 προστετη-

2171 2598 2323 2653 κέναι
2349 2597 2558 2662 τούτοις
2581 2598 2940 2670 ἀνθρωπίνοις
2963 2594 3100 2663 οὖσι,
3134 2600 3268 2671 μήτε
3293 2595 3382 2663 αὖ,
3425 2599 3520 2652 ἐὰν
3560 2598 3728 2659 κακὰ,

2171 2689 2570 2761 ἀπεχθάνεσθαι
2614 2690 2826 2754 αὐτοῖς·
2861 2691 2995 2744 ἀλλὰ
3033 2691 3216 2746 ἐπάνω
3244 2687 3380 2745 εἶναι
3409 2691 3632 2761 ἀμφοῖν,
3664 2690 3729 2742 τὰ

2175 2783 2273 2854 μὲν
2301 2781 2592 2849 πατοῦντα,
2607 2784 2686 2858 ⁸τὸι
2722 2785 2778 2838 δὲ
2814 2787 2925 2848 τοῖς
2951 2785 3220 2855 δεομένοις
3265 2783 3723 2855 παραπέμποντα.

2187 2876 2456 2948 Ἀσφαλὴς
2493 2876 2546 2929 δὲ
2580 2878 2643 2930 ἐν
2683 2878 3063 2948 συμπεριφορᾷ
3089 2877 3118 2927 ό
3143 2874 3439 2943 γνωστικδς
3469 2873 3543 2945 μὴ
3566 2872 3723 2943 λάθῃ,

509 2968 564 3013 et
603 2960 859 3025 meridie,
909 2963 1003 3018 sed
1025 2964 1188 3034 etiam
1223 2981 1346 3019 cum
1382 2965 1720 3030 deambulat,
1754 2971 1807 3020 et
1837 2965 2060 3031 dormit,

2169 2965 2254 3039 ἢή
2287 2966 2665 3040 συμπεριφορὰ
2699 2967 2937 3030 διάθεσις
2973 2968 3217 3038 γένηται.

509 3058 564 3104 et
587 3057 767 3106 vestes
794 3053 969 3108 induit
999 3061 1052 3110 et
1078 3056 1264 3120 exuit,
1296 3064 1348 3111 et
1390 3056 1548 3112 docet
1577 3056 1783 3130 filium,
1814 3057 1860 3112 si
1895 3065 2058 3112 natus
2095 3059 2144 3113 ei
2179 3057 2344 3113 fuerit
2377 3060 2550 3126 filius,
2596 3058 2979 3128 inseparabilis
3005 3075 3035 3113 a
3065 3058 3320 3113 mandato
3361 3064 3417 3114 et
3476 3071 3507 3111 a
3563 3072 3662 3126 spe
3709 3077 3724 3113 :

519 3141 626 3199 Deo
669 3162 883 3216 semper
910 3163 1074 3219 agens
1099 3151 1336 3220 gratias,
1383 3151 1528 3206 sicut
1574 3151 1830 3205 animalia
1863 3151 2257 3221 glorificantia,
2305 3168 2425 3223 qua!
2480 3153 2770 3225 allegorice
2821 3154 3084 3210 dicuntur
3123 3170 3220 3224 per
3265 3153 3458 3209 Isaiam
3494 3173 3510 3208 :
3573 3150 3730 3206 Tole-

480 3251 641 3290 -rans
675 3242 731 3300 >I<
764 3245 1023 3307 praeterea
1057 3240 1301 3310 cujusvis
1325 3242 1638 3296 tentationis
1666 3259 1718 3296 ε(
1748 3239 2040 3308 Dominus,
2073 3261 2092 3295 ι
2128 3242 2323 3312 inquit,
2361 3261 2379 3293 ι
2408 3243 2578 3308 dedit,
2610 3242 2871 3299 Dominus
2895 3244 3188 3299 abstulit“.
3220 3261 3238 3295 ι
3275 3242 3426 3297 Talis
3452 3249 3573 3296 crat
3625 3238 3731 3296 Job

512 3343 758 3399 quoque,
791 3330 882 3400 qui
931 3340 1151 3402 propter
1183 3332 1514 3402 singularem
1541 3333 1596 3387 in
1642 3331 1931 3386 Dominum
1987 3332 2340 3400 charitatem,
2392 3335 2574 3388 omnia
2619 3333 2722 3388 sibi
2772 3341 2998 3389 externa
3047 3349 3154 3387 una
3192 3347 3316 3386 cum
3359 3331 3594 3387 sanitate
3641 3345 3730 3384 au-

512 3418 763 3486 ferenda,
809 3421 1097 3493 deposuit:
1133 3441 1151 3474 ι
1179 3431 1296 3480 erat
1327 3443 1346 3477 ι
1380 3425 1548 3490 enim,
1580 3424 1788 3494 inquit,
1827 3426 2073 3494 «justus,
2112 3434 2358 3489 sanctus,
2397 3426 2676 3480 abstinens
2711 3424 2779 3480 ab
2811 3426 2956 3480 omni
2987 3424 3352 3495 improbitate.
3411 3441 3431 3478 ι
3490 3419 3728 3476 Verbum

475 3543 478 3546 ~
513 3519 694 3567 autem
731 3531 748 3564 ι
777 3515 1102 3581 sanctitatis,
1135 3535 1152 3567 ι
1187 3516 1370 3570 omnia
1395 3531 1513 3586 quac
1543 3515 1608 3571 ad
1635 3514 1805 3570 Deum
1858 3523 2107 3586 spectant
2163 3517 2312 3587 jura,
2363 3523 2644 3587 totamque
2675 3518 2797 3571 vita:
2833 3515 3100 3571 rationem
3131 3513 3564 3586 comprehendit.
3605 3513 3731 3580 Qua

513 3619 638 3658 cum
669 3605 855 3673 sciret,
891 3614 1008 3660 erat
1042 3608 1343 3678 gnosticus.
1371 3608 1594 3678 Oportet
1618 3608 1794 3674 enim,
1825 3623 2002 3678 neque
2033 3609 2078 3664 si
2113 3609 2221 3664 sint
2242 3609 2384 3663 bona
2406 3648 2421 3673 ,
2449 3608 2530 3664 eis
2563 3623 2686 3664 esse
2710 3608 2939 3662 nimium
2967 3606 3210 3663 deditum
3232 3646 3248 3670 ,
3313 3621 3436 3660 cum
3495 3605 3727 3659 humana

514 3696 656 3762 sint;
683 3713 857 3769 neque
887 3714 1079 3754 rursus
1105 3700 1152 3755 si
1185 3701 1345 3765 mala,
1371 3701 1599 3755 nimium
1619 3715 1759 3771 aegre
1790 3698 1934 3756 ferre
1959 3739 1975 3764 ,
2017 3700 2113 3756 sed
2174 3700 2423 3770 utrisque
2479 3715 2599 3754 esse
2655 3700 2992 3770 superiorem
3015 3738 3030 3762 ,
3061 3697 3190 3753 haec
3239 3696 3456 3768 quidem
3513 3695 3730 3751 concul-

512 3788 708 3854 cando,
789 3790 879 3843 illa
930 3805 1058 3844 vero
1101 3791 1168 3845 ad
1205 3807 1404 3862 egenos
1462 3789 1906 3846 transmittendo.
1951 3791 2008 3846 In
2089 3791 2551 3848 accommodando
2604 3806 2663 3847 se
2711 3799 2898 3846 autem
2959 3790 3244 3862 gnosticus
3303 3787 3594 3845 admodum
3649 3793 3729 3844 est

514 3891 707 3939 cautus
726 3924 740 3949 ,
772 3900 841 3938 ne
866 3883 1006 3941 forte
1033 3900 1140 3941 non
1173 3885 1506 3957 intelligatur
1529 3927 1545 3954 ,
1579 3895 1672 3941 aut
1703 3884 2132 3941 accommodatio
2153 3885 2248 3940 ﬂat
2275 3885 2494 3940 tandem
2529 3883 2835 3955 dispositio.
3774 3869 3778 3871 ’

1909 4005 2138 4063 CAPUT
2178 4005 2317 4060 XIII.

1273 4120 1464 4176 Verum
1490 4120 1784 4191 gnosticum
1817 4118 2024 4176 delictis
2073 4120 2129 4174 in
2162 4119 2391 4190 seipsum
2425 4119 2671 4174 admissis
2701 4118 2990 4189 ignoscere.

586 4231 873 4304 Nunquam
901 4233 1145 4288 meminit
1189 4248 1398 4298 eorum,
1435 4235 1528 4305 qui
1582 4236 1638 4288 in
1667 4249 1725 4289 se
1750 4241 2065 4305 peccarunt,

2242 4232 2505 4286 Οὐδέποτε
2528 4232 2633 4287 τῶν
2665 4233 2744 4295 είς
2769 4231 2930 4285 αὐτὸν
2960 4229 3388 4302 ἁμαρτησάντων
3439 4229 3722 4300 μέμνηται.

517 4324 614 4382 sed
642 4325 723 4381 eis
749 4325 976 4380 remittit
1000 4343 1013 4379 :
1043 4326 1302 4396 quocirca
1341 4325 1489 4394 juste
1516 4325 1678 4380 etiam
1698 4333 1839 4388 orat,
1864 4326 1955 4379 ubi
1991 4323 2074 4377 di-

519 4417 643 4470 cit:
701 4433 719 4466 ι
753 4415 969 4470 Dimitte
999 4416 1176 4479 nobis,
1232 4431 1360 4469 nam
1413 4430 1511 4470 nos
1571 4429 1789 4485 quoque
1844 4414 2076 4468 dimitti-

519 4508 742 4563 musd.»
809 4507 944 4562 Nam
981 4508 1086 4563 hoc
1134 4520 1352 4578 qquue
1406 4523 1574 4561 unum
1607 4513 1692 4562 est
1743 4507 1904 4561 exiis
1950 4521 2074 4575 quae

517 4602 630 4656 vult
657 4600 819 4664 Deus,
848 4602 983 4656 nihil
1007 4601 1411 4670 concupiscere,
1445 4601 1652 4654 nullum
1678 4599 1878 4655 habere
1907 4600 2032 4654 odio
2057 4620 2068 4654 :

517 4693 680 4750 unius
717 4695 860 4749 cnim
881 4694 1178 4748 voluntatis
1200 4707 1337 4762 opus
1365 4707 1552 4746 omnes
1582 4691 1848 4746 homines.
1877 4690 2073 4745 Annon

519 4794 696 4842 autem
728 4785 1037 4858 gnosticum
1068 4786 1255 4840 volens
1301 4802 1319 4834 ι
1349 4782 1648 4854 perfectum
1681 4802 1701 4836 ι
1727 4798 1851 4840 esse
1873 4783 2072 4840 Serva-

2178 4323 2312 4378 ἀλλὰ
2342 4325 2551 4396 ἀφίησι·
2584 4324 2661 4378 διὸ
2687 4325 2779 4378 καὶ
2801 4323 3024 4386 δικαίως
3045 4321 3262 4392 εῠχεται
3287 4338 3300 4351 ·
3335 4322 3552 4394 (κ’ᾼφες
3583 4323 3728 4390 ἡμῖν,

2177 4418 2366 4487 λέγων·
2430 4419 2525 4471 καὶ
2561 4417 2669 4491 γὰρ
2711 4420 2869 4489 ἡμεῖς
2920 4416 3212 4488 ἀφίεμενσι
3252 4416 3310 4469 ἒν
3345 4415 3451 4484 γάρ
3498 4412 3731 4468 ἐστικαὶ

2178 4508 2334 4562 τοῦτο
2363 4502 2438 4564 ὧν
2466 4511 2495 4564 6
2529 4508 2661 4574 Θεὸς
2693 4508 2958 4581 βούλεται,
3012 4507 3236 4579 μηδενὸς
3285 4507 3591 4578 ἐπιθυμεῖν,
3644 4523 3733 4578 μη-

2177 4601 2302 4656 δένα
2348 4605 2541 4673 μισεῖνο
2595 4601 2713 4665 ἑνὸς
2748 4600 2856 4672 γὰρ
2895 4601 3190 4670 θελήματος
3243 4599 3398 4670 ἔργον
3439 4599 3488 4651 οἱ
3542 4599 3732 4660 πάντες

2179 4691 2274 4746 ἄνθ
2283 4710 2468 4764 ρωποι.
2486 4694 2596 4762 ’Καὶ
2613 4693 2740 4764 μήτι
2756 4693 2846 4746 τὸν
2861 4691 3154 4760 γνωστικὺν
3176 4690 3401 4743 (τέλειον
3420 4688 3552 4760 (55)·
3567 4708 3585 4740 ι
3604 4682 3733 4741 εἶναι

2177 4784 2531 4855 βουλόμενοςὸ
2554 4782 2958 4856 ΣωτὴρΙήμῶνμ
2981 4783 3056 4847 ὡς
3085 4781 3175 4837 τὸν
3190 4781 3437 4852 οὐράνιον
3453 4781 3600 4834 Πατέ
3608 4797 3725 4852 ρα,›

630 4949 687 5007 ὦ
720 4941 787 4998 -Ρ,
825 4942 923 4998 881
965 4940 1072 4996 ED.
1109 4939 1402 5007 POTTER,
1440 4940 1679 4996 747-748
1713 4939 1820 4994 ΕΙ).
1860 4938 2062 4996 PARIS

2169 4952 2185 4980 ι
2222 4938 2356 4996 Luc.
2390 4955 2504 5007 xw,
2535 4941 2627 5008 26,
2659 4939 2750 4995 27.
2826 4940 2856 4981 δ
2893 4938 3067 4995 Galat.
3102 4956 3156 5005 v,
3204 4939 3293 4994 17.
3371 4949 3393 4976 ε
3435 4935 3544 4994 lsa.
3576 4952 3652 5002 γι,
3681 4934 3731 4998 2,

520 5016 587 5084 ὗς
624 5013 726 5070 Job
762 5030 798 5081 I,
830 5015 918 5068 21.
993 5012 1022 5052 ἀ
1063 5011 1254 5066 Matth.
1286 5029 1362 5076 γι,
1392 5013 1494 5077 12;
1531 5011 1664 5066 Luc.
1692 5027 1770 5077 xx,
1801 5011 1855 5068 4.

590 5170 700 5242 (50)
729 5171 961 5242 Κύριος.
988 5167 1290 5242 Βεερῇοεινο
1320 5167 1532 5222 videtur
1560 5165 1729 5222 Marc.
1768 5181 1841 5232 ιν,
1872 5165 1964 5232 20,
1993 5165 2077 5220 vel

521 5240 689 5296 alium
723 5243 847 5294 huic
877 5241 1109 5295 similem
1143 5240 1343 5292 locum.

593 5310 884 5436 (aufem
919 5309 1122 5378 Nempe
1164 5308 1462 5379 seraphim,
1496 5323 1634 5379 quos
1676 5305 1937 5371 describit
1971 5307 2075 5360 Isa.

519 5396 596 5444 τι,
617 5396 672 5441 2,
705 5396 755 5436 ἔ).

595 5451 707 5519 (32)
753 5451 1066 5520 Ἀφείλετο.
1101 5449 1204 5505 Job
1229 5468 1265 5514 ι,
1297 5449 1388 5511 21,
1426 5449 1700 5520 ἀφείλατο.

594 5516 706 5592 (δῦ)
744 5516 1013 5587 Τοιοῦτος
1068 5521 1178 5590 γὰρ
1234 5521 1331 5574 καὶ
1363 5524 1398 5592 d
1439 5519 1575 5592 Ἰὼϐ,
1635 5520 1702 5592 ὃς
1752 5517 1884 5592 τοῦῌ
1905 5516 2077 5592 tipat-

509 5587 760 5662 ρεθῆιλαι
791 5592 862 5662 τὰ
883 5587 1086 5657 ἐκτός(
1130 5587 1344 5654 Scribe,
1378 5590 1435 5654 ὃς
1486 5591 1578 5662 καὶ
1613 5591 1770 5662 μέχρι
1794 5587 1886 5640 τοῦ
1913 5587 2080 5662 ,ἀφαέ-

521 5657 746 5731 ρεθῆναι
792 5661 863 5730 τὰ
910 5663 1065 5726 ἐκτὸς
1096 5665 1188 5715 σὺν
1219 5663 1310 5715 καὶ
1366 5664 1431 5732 τῇ
1461 5660 1552 5732 τοῦ
1607 5657 1852 5732 σώματος
1902 5657 2079 5732 ὑγιεία

520 5727 893 5799 προσαπέθετο
943 5735 1115 5788 πάντα
1150 5732 1235 5785 διὰ
1286 5733 1381 5804 τὴν
1407 5727 1562 5802 ”πρδς
1603 5727 1699 5783 τὸν⁷
1725 5729 1924 5800 Κύριον
1948 5727 2081 5796 ἁγά-

2183 5183 2308 5238 πην.
2349 5165 2624 5222 HEINSIUS.

2253 5236 2364 5307 (54)
2399 5235 2525 5292 Ἦν.
2559 5237 2660 5293 Job
2693 5253 2742 5302 ι,
2779 5237 2804 5290 1
2833 5255 2850 5307 γε
2890 5236 3001 5289 Καὶ
3046 5230 3114 5307 ἦν
3146 5235 3174 5288 6
3220 5233 3503 5307 ἄνθρωπος
3540 5232 3733 5307 ἐκεῖνος

2183 5303 2450 5378 ἀληθινὸς,
2485 5307 2789 5378 ἄμεμπτος,
2823 5306 3048 5370 δίκαιος,
3070 5303 3368 5378 θεοσεϐὴς,
3411 5303 3732 5378 ᾁπεχόμενος

2184 5372 2292 5430 ὀιπὸ
2325 5372 2536 5440 παντὸς
2549 5372 2786 5448 πονηροῦ
2814 5378 3152 5500 πράγματος.
3185 5372 3386 5430 Eadem
3417 5372 3550 5430 fere
3579 5372 3730 5428 verba

2185 5453 2381 5500 renetit
2410 5449 2552 5500 Deus
2578 5448 2824 5500 eiusdem
2878 5449 2981 5500 ibri
3019 5461 3067 5500 c.
3114 5462 3174 5500 ιι.
3213 5461 3264 5500 v.
3302 5446 3352 5498 1.

2185 5453 2381 5518 repetit
2410 5449 2552 5502 Deus
2578 5446 2824 5518 ejusdem
2858 5446 2982 5502 libri
3007 5461 3067 5518 ge.
3114 5462 3174 5518 ιι,
3213 5461 3264 5506 v.
3302 5446 3352 5498 1.

2259 5509 2371 5588 (55)
2408 5509 2657 5572 Τέλειοὶη.
2715 5517 2954 5588 Respicit
3004 5515 3192 5588 Matth.
3243 5531 3296 5588 v,
3517 5509 3730 5588 Ἕσεσθε

2185 5581 2276 5642 οὖν
2303 5581 2458 5660 ὑμεῖς
2485 5590 2695 5660 τέλειοι,
2733 5581 2917 5660 ὥσπερ
2945 5591 2973 5640 6
3027 5586 3214 5657 Πατὴρ
3255 5584 3405 5655 ὑμῶν
3443 5587 3472 5636 6
3520 5585 3579 5650 ὲν
3631 5581 3738 5642 τοῖς

2186 5661 2427 5731 οὐρανοῖς
2455 5659 2653 5721 τέλειός
2681 5661 2810 5711 ἐστι.
