4016 6308
554 296 661 351 515

1744 286 2135 343 CLEMENTlS
2175 284 2639 341 ALEXANDBINI

3699 283 3812 339 5H3

558 419 730 463 unum
753 382 977 477 quidem
1017 414 1099 460 est
1155 419 1434 475 magnum,
1467 411 1529 458 ut
1567 402 1850 457 Ecclesia:
1898 404 2130 455 alterum

2236 399 2360 453 ναοῦ
2390 399 2481 452 τοῦ
2504 400 2636 453 θεοῦ
2685 399 2781 470 τὴν
2830 398 3098 470 ἁμαρτίαν
3128 398 3293 470 λέγει.
3339 396 3482 463 Ναδς
3507 399 3563 453 δέ
3596 401 3759 453 ἐστιν
3780 400 3812 454 ό

438 490 443 495 ’
472 500 479 507 '
555 511 688 552 vero
721 510 973 567 parvum,
1006 506 1066 550 ut
1102 495 1265 549 homo
1297 494 1391 565 qui
1453 503 1637 549 servat
1663 508 1847 549 semen
1874 492 2125 548 Abrahae.

556 587 678 643 Non
698 588 1052 657 concupiscet
1077 603 1208 658 ergo
1235 587 1440 657 aliquid
1470 587 1638 651 aliud,
1662 587 1755 656 qui
1782 586 1943 641 habet
1960 586 2131 641 Deum

554 681 613 734 in
638 696 697 736 se
719 680 1171 749 requiescentem.
1204 677 1323 733 Jam
1354 695 1482 733 vero
1511 678 1717 733 relictis
1740 678 1993 733 omnibus
2013 693 2133 749 qua:

554 779 690 825 sunt
733 770 1146 840 impedimento,
1172 780 1226 826 et
1246 771 1502 843 despecta
1543 766 1655 825 tota
1685 785 1807 839 qua:
1846 771 2131 841 eumahs-

560 847 729 915 trahit
782 865 1031 927 materia,
1078 865 1279 918 cmlum
1329 871 1478 919 secat
1536 879 1633 933 per
1693 865 2017 919 scientiam:
2078 870 2133 919 et

554 955 903 1025 spiritalibus
937 956 1278 1011 transmissis
1325 955 1601 1020 essentiis,
1658 964 1712 1010 et
1753 956 1901 1011 omni
1935 948 2133 1026 princi-

558 1056 689 1117 patu
722 1054 775 1101 et
806 1054 1097 1116 potestate,
1149 1047 1322 1119 tangit
1374 1063 1661 1117 supremos
1691 1047 1942 1113 thronos,
1973 1048 2042 1102 ad
2068 1049 2133 1102 ilo

558 1135 652 1190 lud
680 1137 859 1191 solum
896 1138 1146 1201 tendens,
1180 1147 1405 1208 propter
1446 1138 1591 1209 quod
1623 1139 1802 1195 solum
1834 1155 2133 1211 cognosce-

557 1228 676 1285 bat.
729 1249 748 1281 ι
776 1228 1039 1301 Serpente
1062 1250 1081 1282 ι
1142 1246 1272 1301 ergo
1313 1230 1506 1300 juncto
1535 1247 1660 1287 cum
1695 1252 1715 1284 ι
1743 1234 1995 1289 columba
2025 1246 2074 1300 α,
2105 1252 2125 1286 ι

556 1320 721 1375 simul
753 1322 993 1392 perfecte
1025 1323 1157 1378 vivit
1187 1334 1239 1377 et
1267 1339 1390 1378 cum
1422 1324 1565 1379 bona
1604 1325 2129 1397 conscientia,spem

552 1419 687 1474 .ﬁdei
721 1421 1084 1478 commiscens
1114 1423 1182 1478 ad
1213 1425 1678 1495 exspectationem
1736 1424 1929 1481 futuri.
1958 1426 2134 1483 Sentit

554 1513 707 1567 enim
748 1514 953 1568 donum
981 1518 1127 1585 quod
1186 1517 1419 1586 accepit,
1461 1524 1521 1571 ut
1565 1517 1658 1587 qui
1689 1517 1889 1588 dignus
1922 1520 1994 1575 sit
2034 1519 2133 1575 ha-

559 1602 709 1660 bitus
739 1606 834 1675 qui
882 1615 1335 1677 consequeretur,
1363 1618 1418 1664 et
1462 1611 1762 1665 translatus
1787 1611 1861 1666 sit
1892 1627 1924 1666 a
1957 1613 2131 1668 servi-

559 1703 678 1751 tute
706 1698 761 1751 in
794 1697 1031 1752 ﬁliorum
1072 1700 1440 1770 adoptionem,
1494 1708 1897 1772 consequenter
1952 1703 2131 1758 scien-

560 1789 690 1842 tiae:
724 1797 785 1842 ut
812 1790 910 1858 qui
939 1805 1115 1859 neque
1148 1807 1257 1845 non
1279 1792 1598 1859 cognoverit
1646 1792 1841 1859 Deum,
1886 1794 1983 1850 sed
2032 1808 2130 1864 po-

560 1879 675 1934 tius
701 1880 773 1932 sit
807 1879 877 1934 ab
926 1880 1048 1949 ipso
1106 1884 1361 1952 cognitus
1421 1891 1642 1953 prepter
1682 1884 1866 1950 ﬁnem,
1915 1893 1970 1941 et
2032 1900 2131 1954 pro

552 1972 751 2041 gratiae
823 1971 1091 2042 dignitate
1160 1977 1413 2030 ostendat
1478 1978 1829 2047 operationes
1881 1996 1894 2031 :
1966 1992 2132 2047 opera

560 2061 706 2113 enim
744 2070 1050 2131 sequuntur
1073 2065 1463 2134 cognitionem,
1518 2082 1628 2121 non
1660 2082 1820 2122 secus
1850 2082 1913 2126 ac
1940 2068 2131 2123 umbra

560 2166 782 2222 corpus.
833 2152 1028 2208 Merito
1069 2170 1198 2227 ergo
1248 2156 1385 2211 nihil
1437 2172 1563 2212 eum
1617 2159 1910 2213 conturbat
1939 2173 2006 2212 ex
2065 2158 2133 2214 iis

556 2257 686 2312 quae
712 2244 987 2307 accidunt,
1020 2260 1198 2315 neque
1227 2246 1523 2316 quidquam
1552 2256 1771 2302 veretur
1817 2264 1885 2303 ex
1918 2248 1985 2303 iis
2013 2264 2134 2318 qua:

554 2336 816 2390 .utilitatis
847 2351 1016 2391 causa
1052 2352 1083 2389 a
1133 2337 1320 2392 divino
1350 2340 1487 2392 ﬁunt
1515 2339 1783 2395 consilio:
1811 2355 1986 2410 neque
2004 2356 2133 2396 eru-

562 2426 739 2480 bescit
768 2426 929 2492 mori,
963 2435 1021 2480 ut
1049 2428 1141 2497 qui
1173 2428 1371 2483 bonam
1403 2430 1600 2485 habeat
1620 2431 2039 2497 conscientiam,
2073 2442 2133 2488 ut

556 2518 886 2573 ostendatur
909 2520 1291 2589 potestatibus,
1326 2521 1394 2575 ab
1422 2522 1698 2589 omnibus,
1732 2532 1792 2577 ut
1820 2524 1894 2577 ita
1931 2523 2132 2590 dicam,

556 2608 758 2663 anima:
792 2611 1021 2665 maculis
1047 2610 1399 2675 emundatus,
1422 2620 1475 2667 et
1505 2614 1600 2682 qui
1627 2614 1765 2670 sciat
1796 2624 1917 2684 post
1944 2630 2136 2671 exces-

564 2714 687 2755 sum
714 2716 783 2756 ει
821 2701 922 2756 hac
979 2702 1093 2756 vita
1126 2702 1265 2767 fore,
1321 2712 1382 2757 ut
1432 2719 1619 2760 secum
1676 2706 1872 2761 melius
1919 2714 2131 2776 agatur.

565 2787 721 2848 Unde
771 2793 1076 2863 jucundum
1104 2802 1179 2865 ,ει
1248 2795 1381 2851 utile
1415 2812 1694 2867 nunquam
1741 2798 2136 2869 dispensationi

562 2893 619 2941 et
652 2886 838 2942 divino
872 2886 1093 2958 praeﬁsrt
1146 2888 1400 2955 consilio,
1455 2905 1552 2960 per
1591 2889 1847 2944 mandata
1897 2892 2135 2962 seipsum

566 2990 829 3034 exercens
862 2988 922 3034 ut
972 2979 1167 3035 evadat
1202 2979 1433 3036 Domino
1476 2992 1736 3051 acceptus
1768 2985 1825 3038 in
1858 2984 2134 3048 omnibus,

2235 494 2331 563 μὲν
2362 492 2552 563 μέγας,
2584 493 2659 557 ὡς
2688 495 2720 563 ἡ
2767 492 3082 564 Ἐκκλησία,
3115 496 3144 546 6
3181 493 3238 545 δὲ
3272 488 3486 564 μικρὸς,
3512 492 3589 556 ὡς
3619 493 3650 545 6
3702 492 3809 549 ἄν·

2233 584 2446 658 θρωπος
2478 589 2506 640 6
2536 585 2598 638 τὸ
2626 585 2840 657 σπέρμα
2880 584 3067 650 σώζων
3112 585 3175 637 τὸ
3230 584 3500 656 Ἁϐραάμ.
3547 585 3664 638 Οὐκ
3692 584 3814 656 ἀρα

2233 680 2556 751 ἐπιθυμήσει
2583 678 2730 741 τινος
2784 677 2968 748 ἐτέρου
3013 680 3041 731 6
3086 676 3223 748 ἔχων
3264 677 3679 749 ἀναπαυόμενον
3712 676 3829 731 ﬁn

2232 771 2381 825 Θεόν.
2432 772 2637 825 Λύτίκα
2671 771 2847 825 πάντα
2900 770 2970 823 τά
3027 770 3277 841 ἐμποδὼν
3329 770 3677 837 καταλιπὼν,
3712 771 3843 825 καὶ

2234 866 2415 918 πᾶσαν
2448 864 2545 935 τὴν
2599 864 2951 935 περισπῶσαν
3035 863 3197 916 αὑτὸν
3254 861 3389 934 ὓλην
3454 864 3819 934 ὑπερηφανῄ

2235 977 2368 1025 σας,
2424 959 2610 1029 τέμνει
2642 957 2729 1012 διὰ
2779 958 2879 1029 τῆς
2920 958 3232 1029 ἐπιστήμης
3269 957 3361 1010 τὸν
3410 956 3673 1029 οὐρανόν
3712 960 3815 1012 καὶ

2231 1048 2451 1104 διελθὼν
2482 1050 2581 1113 τὰς
2605 1047 2978 1120 πνευματικὰς
3024 1049 3212 1112 οὐσίας
3258 1050 3353 1103 καί⁵
3406 1052 3591 1105 πᾶσαν
3632 1049 3817 1123 ἀρχὴν

2232 1143 2325 1196 καὶ
2356 1140 2622 1207 ἐξουσίαν,
2659 1142 2888 1195 ἅπτεται
2931 1141 3039 1194 τῶν
3070 1140 3273 1212 θρόνων
3300 1141 3407 1195 τῶν
3452 1143 3665 1214 ἄκρων,
3720 1142 3814 1195 ἐπ’

2233 1234 2409 1285 ἐκεῖνο
2451 1234 2608 1304 μόνον
2651 1233 2881 1304 ἱέμενος,
2914 1236 2999 1304 ἐφ’
3032 1234 3061 1287 ὂ
3098 1235 3239 1304 ἔγνω
3280 1237 3458 1307 μόνον.
3508 1237 3693 1303 Μίξας
3716 1230 3818 1292 οὖν

2238 1342 2255 1373 ‹
2278 1326 2346 1395 τῇ
2376 1326 2670 1396 περιστερᾷ
2698 1326 2791 1379 τὸν
2831 1326 2952 1396 ὅφιν
2984 1326 3151 1397 (41),ι
3182 1326 3402 1391 τελείως
3431 1328 3548 1400 ἅμα
3579 1331 3679 1384 καὶ
3720 1328 3818 1384 εὔ-

2234 1415 2557 1487 συνειδήτως
2586 1416 2708 1486 βιοῖ,
2746 1416 2925 1470 πίστιν
2952 1418 3125 1472 ἐλπίδι
3152 1420 3392 1491 κεράσας
3422 1422 3555 1492 πρὸς
3579 1422 3683 1493 τὴν
3712 1420 3814 1477 τοῦ

2235 1507 2516 1578 μέλλοντος
2535 1510 2858 1580 άπεκδοχήν.
2892 1511 3215 1579 Αἰσθάνεται
3242 1513 3351 1585 γάρ
3372 1515 3471 1585 τῆς
3498 1514 3712 1586 δωρεᾶς
3743 1511 3814 1587 ἧς

2234 1600 2440 1663 ἐλαϐεν,
2474 1601 2621 1668 ἄξιος
2675 1603 2964 1673 γενόμενος
2990 1602 3084 1656 τοῦ
3125 1607 3328 1674 τυχεῖν,
3363 1606 3460 1658 καὶ
3489 1607 3815 1677 μετατεθεὶς

2235 1693 2298 1746 ἐκ
2325 1693 2566 1757 δουλείας
2619 1694 2731 1765 (42)
2796 1697 2875 1759 εἰς
2937 1695 3231 1762 υἱοθεσίαν,
3266 1698 3534 1752 ἀκόλουθα
3565 1703 3639 1771 τῇ
3696 1703 3815 1755 ἐπι·

2233 1786 2434 1859 στήμῃ,
2465 1788 2598 1859 μήτε
2632 1786 2705 1858 μὴ
2737 1787 2897 1855 γνοὺς
2926 1788 3018 1842 τὸν
3048 1790 3198 1852 θεὸν,
3232 1790 3428 1861 μᾶλλον
3453 1791 3511 1845 δὲ
3544 1793 3812 1862 γνωσθείς

2232 1892 2291 1928 τε
2318 1876 2452 1946 πρὸς
2486 1875 2647 1929 αὐτοῦ
2669 1878 2762 1930 ἐπὶ
2788 1876 2951 1941 τέλει,
2982 1878 3118 1951 πρὸς
3142 1878 3295 1946 ἀξίαν
3323 1880 3424 1951 τῆς
3469 1881 3701 1954 χάριτος
3722 1880 3814 1939 εν-

2232 1966 2575 2039 δεικνύμενος
2596 1968 2665 2022 τά
2689 1971 3055 2042 ἐνεργήματα·
3092 1972 3282 2025 ’ἐπεται
3314 1972 3421 2046 γάρ
3458 1974 3530 2027 τά
3574 1975 3718 2047 ἔργα
3741 1977 3809 2046 τῇ

2233 2060 2449 2129 γνώσει,
2484 2060 2560 2126 ὡς
2611 2060 2690 2132 τῷ
2741 2061 2950 2134 σώματι
2994 2065 3028 2135 ἡ
3060 2065 3205 2118 σκιά.
3271 2065 3383 2118 Ἐπ’
3411 2066 3589 2119 οὐδενὶ
3628 2068 3813 2120 τοίνυν

2236 2150 2457 2214 εἰκότως
2471 2151 2799 2223 ταράσσεται
2814 2152 2921 2208 τῶν
2940 2171 3001 2207 συ
3010 2154 3362 2226 μὸαινόντων,
3374 2156 3495 2211 οὐδὲ
3511 2158 3812 2212 ὑποπτεύει

2235 2243 2341 2297 τῶν
2368 2243 2507 2298 κατὰ
2551 2244 2647 2316 τὴν
2685 2246 2994 2317 οἰκονομίαν
3041 2248 3134 2300 ἐπὶ
3183 2246 3262 2318 τῷ
3304 2250 3639 2319 συμφέροντι
3669 2268 3813 2319 γινο-

2240 2336 2433 2407 μένων·
2468 2337 2585 2391 οὑδέ
2607 2335 2919 2408 αἰσχύνεται
2945 2338 3393 2410 ἀποθανεῖνμὸ),
3428 2341 3813 2413 εὐσυνείόητος

2242 2427 2318 2481 ὢν
2345 2432 2465 2492 ταῖς
2497 2428 2765 2495 ἐξουσίαις
2798 2430 3057 2500 ὀφθῆναι’
3090 2430 3313 2498 πάντας,
3336 2431 3412 2496 ὡς
3448 2431 3580 2496 ἔπος
3611 2434 3809 2494 εἰπεῖν,

2236 2520 2364 2584 τοὺς
2396 2520 2495 2591 τῆς
2537 2519 2715 2590 ψυχῆς
2758 2519 3283 2592 ἀποκεκαθαρμένος
3328 2521 3572 2587 σπίλους,
3603 2524 3635 2576 ὃ
3655 2542 3722 2591 γε
3750 2520 3811 2578 εὖ

2241 2611 2384 2682 μάλα
2431 2611 2791 2682 ἐπιστάμενος
2846 2612 3065 2682 ἄμεινον
3113 2612 3259 2684 αὐτῷ
3294 2613 3431 2683 μετά
3471 2614 3572 2684 τὴν
3631 2614 3812 2681 ἐξοδον

2239 2696 2505 2766 γενέσθαι.
2558 2697 2716 2752 Ὅθεν
2756 2698 3007 2751 οὐδέποτε
3053 2700 3115 2753 τὸ
3162 2701 3257 2772 ἡδὺ
3288 2702 3381 2756 καὶ
3417 2703 3477 2755 τὸ
3532 2704 3812 2776 συμφέρον

2240 2789 2521 2861 προκρίνει
2539 2790 2636 2861 τῆς
2656 2792 2985 2863 οἰκονομίας,
3020 2792 3310 2864 γυμνάζων
3362 2790 3552 2847 ἐαυτὸν
3576 2794 3670 2848 διὰ
3704 2797 3810 2850 τῶν

2241 2879 2486 2945 ἐντολῶν,
2520 2882 2605 2935 ἵνα
2634 2884 2728 2936 καί⁵
2757 2884 2892 2955 πρὸς
2921 2885 3011 2938 τὸν
3038 2884 3242 2955 Κύριον
3269 2884 3564 2958 εὐάρεστος
3588 2888 3649 2940 ἐν
3678 2890 3809 2941 πᾶσι

2238 2971 2474 3045 γίνηται,
2515 2974 2608 3027 καὶ
2662 2975 2796 3047 πρὸς
2849 2975 2964 3045 τὸν]
2995 2976 3195 3047 κόσμον
3240 2978 3537 3042 ἐπαινετός·
3578 2980 3703 3033 ἐπεὶ
3742 2980 3808 3033 τά

565 3076 623 3124 et
648 3072 788 3141 apud
810 3070 1073 3126 mundum
1107 3071 1419 3137 laudabilis,
1474 3074 1917 3145 quandoquidem
1935 3074 2133 3145 depen-

2242 3064 2417 3118 πάντα
2456 3065 2575 3130 ἐνὸς
2612 3066 2706 3119 τοῦ
2753 3067 3188 3141 παντοκράτορος
3224 3069 3359 3123 Θεοῦ
3395 3070 3628 3126 ἵσταται.
3675 3092 3693 3124 ι
3716 3074 3805 3136 Εἰς

566 3161 698 3218 dent
730 3162 914 3217 omnia
938 3163 1007 3217 ab
1031 3178 1138 3217 uno
1165 3161 1274 3217 Deo
1297 3164 1691 3235 omnipotente.
1725 3184 1744 3217 ι
1773 3165 1832 3220 ln
1856 3167 2126 3237 propria.)

567 3252 765 3324 inquit,
810 3271 830 3305 ι
858 3254 1008 3308 venit
1037 3273 1056 3305 ι
1094 3251 1266 3309 Filius
1298 3251 1413 3319 Dei,
1474 3273 1493 3307 ι
1522 3264 1575 3310 et
1607 3256 1692 3312 sui
1726 3272 1849 3312 eum
1902 3273 2012 3313 non
2045 3274 2135 3314 re-

567 3352 832 3415 ceperunt
885 3346 937 3399 b.
969 3364 988 3397 ι
1053 3344 1417 3411 Quamobrem
1470 3347 1634 3402 etiam
1684 3349 1738 3402 in
1792 3364 1894 3404 usu
1951 3364 2135 3404 rerum

576 3435 1186 3501 mmdanarumnlmon
1211 3437 1386 3491 solum
1404 3438 1514 3509 agit
1538 3438 1741 3509 gratias
1759 3447 1812 3493 et
1833 3439 2137 3495 admiratur

565 3534 899 3590 creaturam,
954 3526 1049 3581 sed
1082 3528 1244 3582 etiam
1278 3537 1439 3583 utens
1470 3534 1529 3582 ut
1557 3536 1794 3598 oportet,
1839 3529 2089 3585 laudatur
2116 3550 2133 3597 ;

564 3616 826 3685 quoniam
868 3617 919 3671 ei
953 3616 1079 3673 ﬁnis
1133 3618 1339 3673 desinit
1395 3620 1452 3672 in
1509 3619 2020 3688 contemplationem
2069 3636 2137 3675 ex

566 3708 882 3777 operatione
914 3710 1342 3780 gnostica,‘quae
1395 3710 1454 3764 ﬁt
1488 3710 1878 3767 convenienter
1910 3712 2137 3766 manda-

566 3799 662 3863 tis,
698 3799 1020 3869 profectam.
1080 3800 1221 3858 Hinc
1266 3803 1381 3872 jam
1411 3818 1507 3873 per
1541 3804 1828 3860 scientiam
1877 3807 2137 3876 colligens

566 3891 830 3945 viaticum
863 3894 1362 3964 contemplationis,
1395 3906 1684 3966 postquam
1721 3898 2007 3969 magnifice
2040 3914 2135 3954 ac-

566 3982 711 4067 cepit
744 3984 1177 4054 magnitudinem
1228 3988 1738 4059 contemplationis,
1789 3991 2035 4061 procedit
2068 3993 2143 4047 ad

567 4072 945 4127 translationis
1010 4082 1256 4128 sanctam
1325 4077 1848 4132 remunerationem.
1919 4076 2138 4132 Audivit

566 4163 714 4219 enim
770 4164 1038 4234 psalmum
1073 4166 1378 4222 dicentem:
1444 4186 1463 4218 ι
1493 4167 1843 4223 Circumdate
1898 4167 2051 4233 Sion,
2085 4179 2139 4224 et

478 4312 487 4321 ,
566 4258 1010 4328 comprehendite
1041 4274 1183 4324 eam,
1237 4268 1458 4315 narrate
1492 4261 1547 4314 in
1591 4261 1839 4316 turribus
1871 4260 1993 4330 ejus
2029 4271 2077 4313 ο.
2113 4280 2132 4312 ι

568 4346 851 4420 Signiﬁcat
890 4351 1055 4415 enim,
1112 4360 1170 4405 ut
1203 4352 1462 4418 arbitror,
1517 4368 1614 4408 eos
1666 4354 1760 4423 qui
1812 4351 1997 4423 Logon
2031 4353 2138 4407 alte

2236 3158 2305 3211 τά
2329 3158 2439 3229 (44)
2468 3158 2594 3224 ἴδια,
2627 3160 2876 3232 «φησὶνη
2910 3156 3096 3231 ἦλθεν(
3115 3164 3143 3215 6
3167 3162 3294 3228 Υἱὸς
3321 3162 3416 3217 τοῦ
3432 3165 3625 3229 Θεοῦ,ι
3649 3167 3805 3220 καίοί

2239 3248 2356 3303 ἴδιοι
2383 3249 2547 3304 αὑτὸν
2587 3253 2686 3305 οὐκ
2734 3251 3035 3316 ἐδέξαντο.»
3079 3254 3170 3308 Διὸ
3226 3257 3319 3309 καὶ
3365 3257 3506 3311 κατὰ
3556 3258 3656 3329 τὴν
3696 3259 3803 3312 τῶν

2237 3343 2512 3414 κοσμικῶν
2533 3346 2725 3416 χρῆσιν
2757 3346 2816 3399 οὐ
2865 3346 3023 3417 μόνον
3071 3349 3504 3419 εὐχαριστείριαὶ
3536 3349 3803 3422 θαυμάζει

2235 3435 2332 3506 τὴν
2360 3436 2556 3501 κτίσιν,
2597 3436 2731 3491 ἀλλὰ
2782 3439 2877 3491 καὶ
2904 3437 3181 3511 χρώμενος
3217 3439 3294 3503 ὡς
3342 3442 3615 3513 προσῆκεν
3649 3445 3805 3498 ἐπα-

2236 3529 2403 3580 νείται
2434 3527 2567 3599 (45)·
2603 3529 2725 3583 ἐπεὶ
2768 3531 2830 3583 τὸ
2856 3530 3007 3594 τέλος
3052 3531 3201 3603 αὐτῷ
3247 3532 3314 3585 δι’
3349 3534 3623 3606 ἐνεργείας
3656 3555 3792 3607 γνω-

2239 3620 2427 3689 πικῆς
2462 3620 2560 3691 τῆς
2618 3620 2762 3675 κατά
2809 3621 3028 3685 ἐντολάς
3062 3624 3142 3687 εἰς
3186 3623 3417 3696 Θεωρίαν
3455 3627 3791 3697 περαιοῦται.

2250 3710 2486 3765 Ἐνθένδε
2515 3711 2617 3784 ήδη
2660 3710 2730 3765 δι’
2758 3714 3068 3786 ἐπιστήμης
3098 3713 3168 3768 τά
3208 3715 3393 3784 ἐφόδια
3442 3716 3544 3788 τῆς
3571 3714 3799 3791 θεωρίας

2238 3805 2635 3877 καρπούμενος,
2688 3806 3101 3879 μεγαλοφρόνως
3153 3825 3215 3861 τε
3272 3807 3333 3861 τὸ
3388 3808 3488 3880 τῆς
3551 3809 3801 3879 γνώσεως

2237 3899 2629 3970 ἀναδεξάμενος
2676 3898 2921 3970 μέγεθος,
2972 3901 3215 3972 πρόεισιν
3248 3899 3341 3953 ἐπὶ
3381 3900 3482 3973 τὴν
3519 3901 3680 3970 άγίαν
3706 3903 3801 3973 τῆς

2241 3992 2577 4063 μεταθέσεως
2603 3992 2857 4064 ἀμοιϐήν.
2899 3993 3127 4065 Ἀκήκοε
3173 3993 3284 4067 γὰρ
3316 3993 3409 4048 τοῦ
3448 3993 3661 4067 ψαλμοῦ
3716 3995 3801 4049 λέ-

2237 4102 2441 4154 γοντος·
2480 4105 2499 4137 ι
2522 4086 2853 4141 Κυκλώσατε
2893 4086 3052 4153 Σιὼν,
3109 4086 3206 4141 καὶ
3237 4086 3560 4160 περιλάὸετε
3610 4088 3793 4159 αὐτήνο

2236 4178 2564 4250 διηγήσασθε
2598 4181 2655 4233 ἐν
2684 4183 2795 4245 τοῖς
2833 4180 3061 4253 πύργοις
3087 4181 3277 4252 αὐτῆςσ
3301 4200 3320 4233 ι
3342 4182 3643 4236 αἰνίσσεται
3669 4181 3795 4252 γὰρ,

2237 4267 2410 4342 οἶμαι,
2448 4270 2575 4335 τοὺς
2595 4271 3300 4346 ὐψηλῶςζπροσδεξαμένους
3326 4273 3420 4327 τὸν
3443 4272 3635 4342 Λόγον,
3665 4273 3797 4343 ὑψη-

2237 4361 2360 4425 λοὺς
2390 4362 2465 4426 ὼς
2495 4364 2735 4434 πύργους
2762 4362 3000 4429 ἔσεσθαι,
3030 4363 3123 4418 κα)⁵
3152 4354 3383 4435 βεϐαίως
3427 4362 3483 4417 ἐν
3519 4380 3581 4417 τε
3609 4366 3677 4434 τῇ
3712 4362 3797 4417 πί-

566 4450 950 4511 susceperunt,
1005 4442 1221 4500 futuros
1270 4445 1412 4501 altos
1460 4455 1520 4499 ut
1568 4453 1770 4507 turres,
1806 4453 1860 4499 et
1911 4446 2133 4500 ﬁrmiter

2240 4455 2476 4508 στεικαί
2521 4458 2587 4527 τῇ
2625 4454 2822 4525 γνώσει
2868 4457 3181 4529 στήσεσθαι.
3213 4458 3323 4511 Καὶ
3363 4455 3533 4511 ταῦτα
3581 4458 3680 4528 μὲν
3724 4456 3796 4519 ὡς

560 4534 810 4585 staturos
842 4531 897 4584 in
927 4530 1030 4586 ﬁde
1062 4543 1116 4587 et
1134 4534 1466 4604 cognitione.
1494 4533 1559 4587 Et
1592 4535 1707 4589 haac
1728 4534 1949 4604 quidem
1971 4549 2134 4605 quam

558 4618 681 4677 ﬁeri
715 4629 893 4691 potest
918 4623 1238 4680 brevissime
1271 4624 1416 4680 dicta
1453 4626 1562 4680 siut
1589 4624 1793 4681 Grmcis
1841 4626 2019 4681 instar
2042 4642 2133 4682 se-

564 4712 755 4778 minis,
809 4714 877 4770 de
901 4718 1169 4787 gnostico.
1211 4715 1504 4773 Sciendum
1543 4728 1628 4775 est
1666 4728 1872 4785 autem,
1907 4719 2139 4791 quodsi

554 4821 734 4861 .unum
767 4808 853 4863 vel
886 4809 1115 4864 alterum
1148 4825 1215 4865 ex
1249 4809 1334 4865 his
1365 4811 1539 4867 ﬁdelis
1570 4820 1718 4868 recte
1749 4812 2003 4884 gesserit,
2026 4829 2138 4868 non

560 4905 746 4953 tamen
772 4907 922 4971 geret
943 4902 1147 4967 omnia,
1184 4916 1361 4974 neque
1385 4917 1508 4958 cum
1534 4919 1749 4960 summa
1780 4905 1871 4960 illa
1905 4904 2136 4962 scientia

558 5006 688 5047 cum
721 5008 828 5064 qua
855 4994 1156 5064 gnostieus.

669 5156 728 5213 ﬁt
763 5149 824 5206 Ρ.
855 5149 964 5205 885
1000 5149 1109 5203 ED.
1151 5149 1449 5219 POTTER,
1492 5155 1731 5210 748-749
1762 5154 1869 5209 ED.
1908 5155 2130 5211 PARIS.

2275 5154 2466 5212 Matth.
2497 5173 2555 5224 ι,
2589 5156 2675 5211 16.
2755 5156 2783 5198 δ
2821 5154 2980 5212 Joan.
3008 5172 3048 5222 ι,
3078 5156 3168 5211 ll.

890 5304 1222 5396 iﬁpto'fspﬁ
1246 5307 1387 5396 ’τὸν
1442 5310 1616 5396 ὅφιν..
1645 5310 1886 5396 llespicit
1926 5311 2124 5396 ‘Maltlt.

560 5388 616 5434 ι,
646 5372 756 5451 l6:
792 5373 1008 5451 Γίνεσθε
1038 5372 1411 5451 οὖνφρόνιμοι
1459 5372 1534 5442 ὡς
1570 5381 1619 5433 οἰ
1648 5372 1819 5451 όφεὶς,
1854 5383 1948 5435 καὶ
2004 5383 2131 5436 ἀκέ-

557 5443 877 5519 ραιοεῲςαί
905 5443 1240 5519 περιστεραί.

627 5509 749 5589 (42)
781 5509 1204 5589 '_Eic_69_i).1€ldc.
1268 5518 1514 5589 Respicit
1574 5520 1734 5575 Rom.
1777 5538 1899 5583 vm,
1951 5521 2044 5589 2i,
2076 5533 2131 5579 et

552 5595 676 5649 seq.
715 5584 918 5639 Deinde
942 5585 1061 5641 Gal.
1098 5605 1169 5649 IV,
1204 5590 1236 5642 9
1263 5611 1275 5645 :
1318 5584 1432 5670 Νρν
1458 5590 1514 5643 δέ
1542 5591 1763 5659 γνόντες
1795 5592 1947 5659 Θεὸν,
1989 5584 2125 5664 μᾶλ-

552 5649 646 5703 λον
675 5650 731 5704 δὲ
758 5656 1090 5715 γνωσθέντες
1117 5659 1221 5711 ὑπὸ
1251 5660 1406 5715 Θεου.

575 5672 646 5703 iw
675 5672 731 5704 οε
758 5672 1090 5713 γνωσυεντες
1117 5672 1221 5711 υπὸ
1251 5672 1406 5713 υεου.

627 5670 646 5703 ν
675 5670 731 5704 οε
758 5670 1090 5723 γνωσυεντες
1117 5670 1221 5711 ῡπο
1251 5670 1406 5715 υεου.

627 5721 739 5794 (ιὸ)
824 5724 1182 5783 Ἀποθανεῐν.
1263 5728 1578 5803 chcndum
1643 5732 1859 5788 videtur
1921 5732 2127 5789 ἀποθα-

2243 4546 2321 4599 ένι
2372 4546 2604 4617 μάλιστα
2660 4548 2747 4602 διά
2797 4548 3145 4621 βραχυτάτων
3193 4548 3322 4620 περὶ
3369 4547 3463 4602 τοῦ
3501 4547 3793 4617 γνωστικοῦ

2241 4635 2353 4698 τοῖς
2384 4634 2607 4708 Ἕλλησι
2650 4637 3042 4709 σπερματικῶς
3078 4638 3205 4707 (46)
3231 4638 3489 4711 εἰρήσθωο
3527 4638 3699 4692 ἰστέον
3720 4638 3791 4701 δὲ,

2238 4724 2343 4789 ὅτι,
2383 4727 2478 4781 ἐὰν
2496 4726 2555 4779 ἓν
2598 4726 2803 4781 τούτων
2841 4729 2870 4780 6
2900 4728 3088 4792 πιστὸς
3123 4727 3157 4799 ἢ
3198 4728 3292 4782 καὶ
3319 4727 3569 4801 δεύτερον
3603 4745 3791 4800 κατορ-

2240 4816 2407 4890 θώσῃ,
2461 4819 2574 4874 ἀλλ’
2610 4819 2726 4874 οὔτι
2770 4836 2835 4890 γε
2892 4823 2950 4875 ὲν
2993 4821 3179 4884 πᾶσιν,
3226 4821 3341 4876 ἀλλ’
3367 4822 3489 4876 οὐδὲ
3540 4822 3646 4894 μὴν
3683 4822 3791 4892 μετ’

2236 4908 2543 4983 ἐπιστήμης
2565 4909 2662 4982 τῆς
2687 4911 2877 4983 ἄκρας,
2904 4904 3151 4986 καθάπερ
3174 4912 3203 4965 6
3238 4911 3551 4981 γνωστικός.

3246 5167 3268 5194 ε
3311 5153 3457 5211 Psal.
3492 5166 3682 5219 ιινιιι,
3706 5151 3787 5208 li.

2232 5313 2356 5369 νὼν.
2396 5314 2619 5371 Low'ra.

2306 5385 2417 5455 (44)
2450 5389 2553 5451 Εἰς
2579 5384 2672 5439 τά.
2697 5383 2781 5441 Jo.
2813 5401 2854 5449 ι,
2890 5385 2949 5439 ll
2988 5404 2999 5439 :
3060 5387 3155 5449 Εἰς
3183 5384 3252 5438 τά
3292 5383 3395 5437 ἴδια
3438 5376 3592 5454 ἦλθε,
3623 5380 3716 5435 καὶ
3741 5378 3791 5435 οἰ

2236 5454 2544 5533 ἴδιοι-αὐτον
2577 5457 2638 5509 οὐ
2668 5455 2994 5533 παρέλαϐονἶ
3068 5527 3079 5533 _
3372 5531 3379 5533 Α
3749 5520 3761 5533 ,

2307 5526 2417 5597 (45)
2470 5525 2842 5583 Ἐπαινεῖτάι.
2888 5525 3210 5597 (Gloriatur
3236 5565 3250 5589 ,
3282 5544 3301 5576 ι
3328 5531 3387 5578 ut
3408 5537 3472 5579 ea
3494 5537 3596 5578 vox
3629 5525 3793 5577 sumi-

2234 5606 2323 5651 tur
2357 5597 2560 5653 Psalm.
2597 5614 2782 5660 xxxiv,
2814 5598 2870 5652 2.
2904 5596 3128 5651 Low'ru.

2305 5668 2415 5739 (46)
2455 5658 2886 5739 Σπερματικῶς.
2927 5668 3085 5724 Cunl‘.
3118 5682 3281 5739 supra
3312 5681 3361 5736 p.
3397 5662 3525 5728 308,
3559 5677 3616 5719 n.
3647 5658 3704 5717 Ξ.
