4016 6308
245 248 361 307 ὒΠ
1455 249 1803 307 ετιιοιιΑτι

1924 250 2051 308 LIB.
2088 251 2198 309 Vll.
3382 256 3491 316 518

1662 370 1888 428 CAPUT
1919 371 2059 428 XIV.

244 481 492 541 (Inimici
510 483 727 553 perfecti
757 483 1157 554 descriptionem
1187 484 1423 552 claudit,
1446 486 1803 543 illustratione
1831 488 2072 613 adlttibitq
2101 503 2129 541 e
2160 486 2189 541 1
2217 487 2340 543 Cor.
2367 503 2445 556 vi,
2475 490 2528 555 l,
2563 496 2688 554 etc.,
2708 488 3055 559 quem'loeum
3083 489 3490 560 paraphrasticc

1717 575 1905 613 exuam
1937 602 1950 613 .

1717 575 1950 629 exponit.

324 670 437 725 Καὶ
467 669 532 740 δὴ
563 670 659 741 τῆς
690 668 830 723 κατά
859 670 948 723 τὸν
979 671 1274 738 γνωστικὴν
1305 674 1456 742 ἡμῖν,
1506 673 1582 738 ὡς
1615 676 1803 739 εἰπεῖν,

1984 674 2161 747 Atque
2189 674 2355 738 illius,
2387 680 2446 728 ut
2490 673 2565 728 ita
2609 672 2809 741 dicam,
2839 673 3130 729 all'ectuum
3169 677 3484 744 vacuitatis,

242 761 536 826 ἀπαθείας,
595 760 716 816 καθ’
762 762 828 833 ἢν
888 764 921 833 ἡ
980 762 1255 828 τελείωσις
1287 764 1379 818 τοῦ
1427 765 1618 819 πιστοῦ
1673 785 1694 817 ι
1748 767 1814 820 δι’

239 857 470 927 ἀγάπης
492 856 572 919 είς
594 853 761 927 ἄνδρα
781 853 983 909 τέλειον
1007 857 1086 920 είς
1113 855 1311 930 μέτρον
1341 856 1556 926 ἡλικίας
1588 858 1813 929 προϐαί-

242 964 415 1001 νουσα
466 947 790 1016 άφικνεῖται,
820 966 839 998 ι
897 944 1284 1020 ἐξομοιουμένη
1336 948 1474 1018 Θεῷ,
1533 949 1814 1019 ίσάγγελος

238 1037 463 1108 ἀληθῶς
506 1036 795 1108 γενομένη,
829 1036 997 1091 πολλά
1045 1037 1143 1108 μὲν
1182 1038 1276 1091 καὶ
1320 1038 1453 1093 άλλα
1499 1042 1562 1093 ἐκ
1594 1041 1814 1113 Γραφῆς

248 1129 524 1202 μαρτύρια
538 1128 713 1182 ἔπεισι
733 1128 1120 1201 παρατίθεσθαι
1139 1148 1152 1162 ο
1172 1129 1391 1200 ἄμεινον
1412 1131 1468 1184 δὲ
1488 1128 1641 1203 οἶμαι
1655 1134 1815 1206 ὑπερ-

238 1222 438 1276 θέσθαι
469 1223 565 1295 τὴν
596 1222 848 1294 τοιαύτην
883 1223 1188 1295 φιλοτιμίαν
1217 1224 1305 1279 διὰ
1328 1224 1388 1277 τὸ
1414 1224 1584 1295 μῆκος
1607 1225 1697 1279 τοῦ
1722 1226 1811 1279 λό-

238 1329 368 1382 γον,
401 1316 510 1379 τοῖς
556 1317 737 1368 πονεῖν
770 1314 1011 1368 ἐθέλουσι
1042 1316 1136 1369 καὶ
1170 1320 1557 1387 προσεκπονεῖν
1603 1317 1671 1370 τὰ
1720 1310 1810 1371 δό-

236 1422 430 1477 γματα
462 1408 579 1460 κατ’
614 1406 839 1479 ἐκλογὴν
862 1408 967 1462 τῶν
998 1409 1226 1480 Γραφῶν
1260 1410 1644 1481 ἐπιτρέψαντες
1677 1411 1806 1483 (47).

231 1501 391 1563 Md;
441 1499 486 1552 δ’
517 1495 611 1553 οὖν
656 1499 742 1553 διὰ
795 1499 1144 1571 βραχυτάτων
1191 1502 1687 1576 ἐπιμνησθήσομαι,
1734 1506 1809 1571 ὡς

234 1592 320 1662 μὴ
354 1592 815 1662 ἀνεπισημείωτον
847 1593 1171 1665 παραλιπεῖν
1203 1597 1292 1650 τὸν
1314 1597 1494 1650 τόπον.
1520 1597 1681 1665 Λέγει
1701 1596 1808 1670 γὰρ
1864 1640 1873 1647 .

231 1688 299 1737 ἐν
347 1688 413 1757 τῇ
461 1686 700 1758 προτέρᾳ
731 1689 794 1758 τῇ
831 1688 966 1759 πρὸς
999 1688 1317 1760 Κορινθίους
1348 1689 1459 1762 (48)
1495 1691 1745 1763 ἐπιστολῇ
1778 1694 1808 1745 ὁ

228 1778 382 1842 θεῖος
428 1778 772 1844 ’Δπόστολοςο
816 1799 834 1830 ι
864 1780 1051 1851 Τολμᾷ
1080 1799 1163 1846 τις
1195 1782 1369 1853 ὑμῶν,
1404 1786 1637 1855 πρᾶγμα
1670 1784 1807 1856 έχων

230 1872 379 1943 πρὸς
410 1871 502 1924 τὸν
532 1871 738 1942 ἓτερον,
759 1871 1037 1942 κρίνεσθαι
1074 1874 1164 1926 ἐπὶ
1196 1873 1301 1927 τῶν
1333 1874 1549 1938 ἀδίκων,
1572 1877 1666 1928 καὶ
1686 1876 1806 1947 οὐχὶ

1917 780 2080 836 quam
2106 765 2357 839 gnostico
2387 765 2700 829 tribuimus,
2728 780 2823 834 per
2850 782 3014 836 quam
3045 766 3219 824 ﬁdelis
3246 768 3489 827 hominis

1917 855 2199 926 perfectio,
2234 874 2253 907 ι
2279 871 2378 926 per
2404 855 2730 911 charitatem
2756 856 2813 910 in
2832 857 3010 910 virum
3038 859 3342 927 procedens
3367 876 3486 928 per-

1917 946 2119 1002 fectum
2145 946 2214 1001 ad
2243 961 2556 1002 mensuram
2602 948 2846 1017 pervenit
2869 950 3049 1005 aetatis
3072 962 3121 1019 ι,
3152 971 3171 1004 ι
3207 950 3319 1007 Deo
3348 954 3485 1009 assi-

1914 1038 2135 1103 milata,
2190 1053 2319 1093 vere
2368 1036 2511 1092 facta
2564 1040 2787 1108 aequalis
2848 1041 3056 1112 angelis
3086 1080 3101 1106 ,
3151 1052 3483 1100 succurrunt

1914 1128 2083 1182 multa
2114 1127 2333 1199 quidem
2362 1128 2488 1193 alia,
2522 1144 2643 1198 qua:
2687 1144 2751 1183 ex
2804 1128 3084 1200 Scriptura
3127 1133 3321 1189 adduci
3352 1150 3482 1205 pos.

1914 1228 2060 1287 sunt,
2091 1222 2417 1276 testimonia.
2456 1218 2642 1276 Satius
2689 1231 2869 1278 autem
2917 1225 3293 1281 existimamus
3338 1227 3482 1282 hanc

1912 1309 2125 1366 laudem
2172 1320 2392 1381 propter
2417 1311 2807 1384 disputationis
2836 1315 3059 1370 nimiam
3088 1318 3474 1387 prolixitatem,

1911 1402 1980 1457 iis
2006 1403 2314 1473 relinquere
2357 1404 2450 1474 qui
2483 1405 2674 1459 volunt
2709 1406 2980 1474 laborare,
3013 1411 3388 1479 permittentes
3416 1418 3480 1466 ut

1910 1510 2019 1549 una
2072 1496 2236 1550 etiam
2287 1497 2573 1552 elaborent
2625 1498 2908 1569 dogmata,
2964 1516 3062 1570 per
3101 1504 3478 1575 aliegationem

1912 1584 2345 1657 Scripturarum.
2383 1587 2557 1644 Unius
2588 1597 2769 1645 autem
2799 1593 3123 1659 brevissime
3150 1596 3475 1664 meminero,

1908 1695 1977 1736 ne
2004 1681 2186 1736 locum
2214 1678 2624 1751 praetermittam
2650 1697 2761 1737 non
2790 1684 3130 1742 adnotatum.
3156 1687 3296 1742 Dicit
3327 1689 3477 1744 enim

1908 1770 2127 1829 divinus
2153 1774 2446 1842 Apostolus
2474 1779 2530 1833 in
2561 1780 2742 1850 priore
2765 1778 3003 1849 Epistola
3026 1779 3092 1834 ad
3116 1780 3430 1836 Corinthios
3454 1799 3470 1837 :

1913 1881 1932 1913 ι
1955 1862 2130 1919 Audet
2160 1864 2357 1935 aliquis
2385 1876 2625 1923 vestrum
2657 1870 2864 1926 habens
2893 1871 3169 1941 negotium
3193 1885 3317 1926 eum
3339 1871 3473 1937 alio,

230 1963 334 2016 ἐπὶ
366 1962 473 2016 τῶν
505 1964 706 2031 ἀγίων;
742 1964 811 2016 Ἦ
855 1964 953 2016 οὐκ
997 1963 1173 2018 οἴδατε
1209 1964 1315 2036 (49)
1347 1966 1427 2019 ὃτι
1459 1968 1506 2019 οί
1541 1968 1683 2034 ἅγιοι
1714 1968 1803 2020 τὸν

1905 1954 2111 2022 judicio
2121 1958 2446 2015 contendere
2456 1961 2597 2031 apud
2614 1962 2851 2031 injustos
2868 1971 2920 2015 et
2936 1977 3042 2016 non
3061 1961 3202 2031 apud
3216 1972 3437 2018 sanctos
3448 1961 3474 2014 ?

229 2055 443 2125 κόσμον
494 2026 766 2128 κρινοῦσι;
815 2055 908 2109 καὶ
951 2056 1018 2110 τὰ
1063 2026 1519 2131 ἐξῆςίΜεγίστης
1561 2026 1607 2112 δζ
1637 2059 1802 2130 οὔσης

1905 2042 1985 2099 An
2015 2047 2242 2103 nescitis
2271 2049 2415 2118 quod
2440 2026 2617 2105 sancti
2649 2026 2911 2106 mundum
2935 2026 3261 2122 judicabunt
3281 2050 3342 2105 h?
3369 2071 3390 2105 ι
3415 2059 3475 2109 et

226 2144 335 2214 τῆς
389 2144 712 2216 περικοπῆς,
758 2147 874 2210 ταῖς
927 2146 1227 2219 ἐπικαίροις
1278 2147 1384 2201 τῶν
1438 2150 1801 2204 ἀποστολικῶν

229 2233 614 2305 συγχρώμενοι
644 2232 842 2300 λέξεσι,
875 2234 963 2288 διὰ
1010 2234 1377 2307 βραχυτάτων,
1416 2238 1474 2302 ἐξ
1504 2240 1801 2311 ἐπιδρομῆς

226 2320 369 2390 οἷον,
406 2325 838 2398 μεταφράζοντες
868 2326 963 2398 τὴν
997 2328 1173 2399 ῥῆσιν,
1194 2329 1290 2399 τὴν
1311 2329 1542 2385 διάνοιαν
1575 2332 1667 2385 τοῦ
1704 2337 1802 2406 ῥη-

230 2417 329 2470 τοῦ
363 2416 457 2471 τοῦ
492 2415 805 2472 ’Λποστόλου
839 2420 1284 2489 παραστήσομεν,
1308 2419 1431 2474 καθ’
1452 2422 1517 2493 ἦν
1549 2422 1641 2476 τοῦ
1666 2441 1804 2492 γνω-

231 2509 425 2563 στικοῦ
469 2509 569 2581 τὴν
612 2508 920 2580 τελειότητα
965 2509 1289 2581 ὑπογράφει.
1324 2512 1399 2565 Οὐ
1445 2512 1551 2584 γὰρ
1585 2512 1678 2566 ἐπὶ
1709 2513 1800 2568 τοῦ

229 2600 540 2655 ἀδικεῖσθαι
587 2600 783 2672 μᾶλλον
826 2601 858 2674 ἢ
898 2601 1104 2655 ἀδικεῖν
1148 2603 1328 2673 ἵστησι
1373 2603 1464 2656 τὸν
1507 2605 1801 2673 γνωστικὸν

234 2694 423 2764 μόνον,
456 2692 591 2748 ἀλλά
634 2693 727 2747 καὶ
771 2693 1147 2765 ἀμνησίκακον
1192 2689 1329 2748 εῖναι
1372 2693 1630 2761 διδάσκει,
1667 2697 1801 2768 μηδὲ

228 2783 493 2856 εὔχεσθαι
525 2784 664 2839 κατά
694 2784 786 2838 τοῦ
821 2785 1172 2856 ἀδικήσαντος
1206 2787 1528 2858 ἐπιτρέπων.
1552 2785 1669 2842 Οἵδε
1695 2789 1801 2861 γὰρ

231 2877 334 2929 καὶ
366 2876 457 2930 τὸν
486 2875 686 2947 Κύριον
748 2874 1004 2946 ἄντικρυς
1040 2894 1059 2926 ‹
1087 2874 1338 2946 εὔχεσθαι
1372 2876 1511 2948 ὑπὲρ
1555 2876 1663 2930 τῶν
1710 2880 1801 2949 ἐχ-

228 2965 389 3039 θρῶν
425 2983 445 3017 ι
468 2966 920 3037 παραγγείλαντα.
972 2968 1045 3020 Τὸ
1092 2969 1188 3037 μὲν
1220 2962 1436 3039 οὖνμέπὶ
1467 2966 1573 3021 τῶν
1604 2968 1804 3022 ἀδίκων

229 3036 519 3129 κρίνεσθαι
548 3036 653 3111 τὸν
695 3058 1021 3130 ἠδικημένον
1054 3060 1281 3129 φάσκειν
1313 3036 1463 3114 δύδὲν
1497 3059 1612 3115 ἀλλ’
1643 3061 1676 3133 ἢ
1708 3064 1801 3116 ἁν-

226 3147 558 3203 ταποδοῦναι
605 3149 884 3219 βούλεσθαι
932 3150 1127 3215 δοκεῖν,
1161 3151 1254 3205 καὶ
1298 3151 1649 3222 άνταδικῆσαι
1691 3150 1799 3222 (50)

1903 2152 2022 2206 qua:
2050 2146 2373 2208 sequuntur.
2404 2141 2539 2195 Cum
2571 2144 2647 2196 sit
2674 2151 2854 2198 autem
2886 2144 3039 2198 locus
3068 2143 3349 2213 prolixior,
3383 2142 3479 2199 ad-

1904 2228 2093 2286 hibitis
2120 2232 2389 2302 Apostoli,
2415 2249 2537 2305 quae
2564 2236 2799 2291 maxime
2842 2236 2911 2290 ad
2951 2251 3068 2291 rem
3098 2236 3325 2300 faciunt,
3356 2251 3476 2294 ver-

1903 2322 2010 2390 bis,
2033 2338 2195 2394 quam
2220 2327 2420 2395 poterit
2450 2326 2770 2382 brevissime
2801 2327 3008 2389 ﬁeri,et
3028 2328 3185 2399 quasi
3208 2329 3263 2383 in
3289 2336 3468 2385 trans-

1903 2415 1984 2469 itu
2023 2416 2202 2485 ipsum
2244 2418 2724 2488 interpretabimur
2750 2419 2954 2486 locum,
2984 2435 3312 2491 sensumque
3343 2436 3475 2493 apo-

1904 2506 2083 2561 stolici
2112 2507 2446 2563 adducemus
2473 2510 2626 2573 dicti,
2659 2525 2766 2579 quo
2795 2510 3056 2566 describit
3080 2512 3472 2582 perfectionem

1903 2596 2158 2666 gnostici.
2181 2596 2301 2652 Non
2314 2599 2608 2673 _constituit
2638 2603 2783 2654 enim
2806 2602 3134 2671 gnosticum,
3167 2603 3224 2656 in
3251 2603 3355 2657 hoc
3384 2616 3473 2657 so-

1903 2686 2015 2740 lum
2063 2687 2210 2757 quod
2257 2688 2456 2758 injuria
2503 2691 2685 2759 potius
2734 2690 3019 2755 alliciatur,
3047 2707 3209 2763 quam
3236 2691 3466 2761 alliciat;

1902 2779 1998 2835 sed
2024 2787 2079 2835 et
2109 2780 2268 2835 docet
2293 2796 2418 2836 eum
2452 2782 2616 2837 etiam
2654 2782 2818 2853 319
2846 2783 3093 2839 oblivisci
3123 2792 3357 2854 accepta:
3383 2784 3471 2839 in-

1898 2868 2077 2939 juriaa,
2104 2884 2173 2924 ne
2221 2871 2542 2940 permittens
2589 2874 2811 2943 quidem
2851 2876 2991 2930 male
3038 2876 3247 2944 precari
3288 2878 3340 2931 ei
3373 2879 3469 2948 qui

1902 2955 2032 3012 fecit
2072 2959 2349 3030 injuriam.
2381 2958 2497 3015 Scit
2522 2962 2668 3017 enim
2698 2962 2985 3019 Dominum
3022 2980 3239 3036 quoque
3282 2976 3471 3038 aperte

1898 3049 2132 3120 iussisse
2165 3070 2185 3103 ι
2214 3067 2373 3109 orare
2414 3068 2512 3123 pro
2547 3054 2784 3112 inimicis
2805 3066 2854 3110 α.
2886 3074 2906 3107 ι
2940 3056 3130 3112 Dicere
3168 3058 3314 3114 enim
3341 3074 3468 3115 eum

1902 3144 1996 3214 qui
2032 3153 2117 3201 est
2149 3145 2374 3203 allectus
2397 3149 2598 3218 injuria
2620 3149 2829 3220 judicio
2861 3150 3190 3207 contendere
3217 3154 3359 3221 apud
3386 3154 3471 3208 in-

227 3239 485 3312 δεύτερον
525 3239 746 3306 ἐθέλειν,
780 3242 915 3314 ὅπερ
965 3244 1164 3314 ὁμοίως
1217 3244 1361 3297 ἐστὶν
1411 3243 1660 3315 ἀδικῆσαι
1711 3244 1802 3297 καὶ

1905 3234 2102 3304 iustos,
2133 3237 2267 3292 nihil
2297 3245 2381 3294 est
2416 3238 2564 3294 aliud
2593 3255 2754 3311 quam
2780 3241 2916 3297 velle
2948 3242 3120 3297 videri
3148 3243 3322 3298 vicem
3352 3244 3473 3300 red¢

231 3330 430 3384 αὐτόν’
461 3333 522 3385 τὸ
546 3333 605 3385 δὲ
642 3353 661 3385 ι
692 3335 784 3389 ἐπὶ
814 3333 919 3388 τῶν
946 3335 1117 3404 ἁγίων
1146 3334 1423 3407 κρίνεσθαι
1447 3355 1465 3387 ι
1499 3334 1698 3388 ἐθέλειν
1720 3352 1801 3387 τι-

1905 3326 2050 3393 dere,
2090 3336 2146 3384 et
2187 3330 2325 3385 velle
2369 3330 2627 3400 injuriam
2672 3331 2897 3395 referre,
2926 3334 3072 3403 quod
3113 3334 3335 3404 quidem
3384 3343 3471 3391 est

229 3427 334 3489 vi;
366 3425 542 3494 λέγειν
575 3426 823 3497 ἐμφαίνει
872 3427 996 3491 τοὺς
1036 3427 1105 3481 δι’
1136 3428 1303 3499 εὐχῆς
1347 3430 1457 3492 τοῖς
1488 3428 1803 3500 ἀδικήσασιν

1905 3421 2082 3491 ipsum
2102 3437 2318 3493 quoque
2336 3424 2589 3480 similiter
2611 3426 2810 3496 injuria
2834 3426 3064 3483 allicere.
3091 3426 3191 3483 Ubi
3209 3434 3266 3492 »Β
3285 3436 3469 3485 autem

226 3519 656 3590 ἀνταποδοθῆναι
682 3519 779 3591 τὴν
802 3519 1106 3586 πλεονεξίαν
1133 3520 1485 3592 αἰτουμένους
1503 3537 1517 3550 ⁸
1546 3521 1641 3574 καὶ
1665 3517 1803 3575 εἶναι

1905 3518 2037 3574 dicit
2064 3519 2204 3575 velle
2229 3534 2288 3575 se
2316 3520 2530 3590 aliquos
2586 3538 2607 3577 ι
2636 3522 2775 3592 apud
2829 3532 3049 3581 sanctos
3084 3527 3292 3595 judicio
3336 3542 3468 3583 con-

233 3615 340 3684 μὲν
372 3611 478 3665 τῶν
505 3613 782 3685 προτέρων
813 3613 938 3677 τοὺς
970 3613 1251 3685 δευτέρους
1282 3613 1556 3685 ἀμείνους,
1591 3613 1800 3666 οὐδέπω

1905 3611 2146 3678 tendere,
2178 3629 2197 3662 ι
2243 3620 2395 3665 notat
2422 3628 2517 3669 eos
2547 3614 2639 3683 qui
2669 3622 2859 3684 petunt
2888 3617 3142 3686 precibus
3174 3626 3234 3673 ut
3272 3620 3341 3675 iis
3371 3620 3467 3690 qui

223 3706 290 3759 δὲ
340 3704 579 3768 ἀπειθεῖς
612 3704 743 3776 (Si),
778 3704 844 3777 ἣν
892 3705 987 3777 μὴ,
1026 3705 1386 3776 ἀμνησίκακοι
1431 3704 1612 3759 τέλεον
1652 3705 1801 3773 γενό-

233 3814 411 3870 μενοι,
437 3798 576 3852 κατὰ
606 3796 701 3869 τὴν
737 3797 827 3852 τοῦ
861 3798 1066 3869 Κυρίου
1090 3796 1433 3851 διδασκαλίαν
1464 3796 1800 3868 προσεύξων-

226 3906 325 3943 ται
357 3887 452 3941 καὶ
484 3889 622 3959 ὑπὲρ
652 3887 757 3942 τῶν
788 3891 1010 3961 ἐχυρων.
1035 3888 1213 3943 Καλὸν
1240 3882 1332 3942 οὖν
1357 3887 1448 3940 καὶ
1474 3886 1675 3959 φρένας
1700 3904 1801 3941 κα-

227 3982 335 4043 λάς
369 3982 433 4033 ἐκ
467 3979 746 4051 μετανοίας
777 3979 971 4043 αὐτοὺς
1000 3980 1099 4051 τῆς
1129 3981 1210 4044 είς
1240 3978 1337 4051 τὴν
1365 3978 1543 4032 πίστιν
1567 3979 1800 4048 μεταλα-

229 4075 371 4128 ϐεῖν.
411 4073 476 4126 Ei
507 4074 612 4146 γὰρ
644 4073 737 4126 καὶ
778 4073 1001 4146 ἐχθροὺς
1040 4074 1073 4144 ἡ
1118 4073 1345 4145 ἀλήθεια
1390 4074 1516 4137 τούς
1558 4072 1802 4146 παραζη-

228 4164 461 4229 λοῦντας
511 4164 808 4235 κεκτῆσθαι
844 4165 1006 4227 δοκεῖ,
1040 4164 1155 4219 ἀλλ’
1188 4162 1309 4218 οὐτε
1365 4181 1428 4233 γε
1476 4164 1612 4235 αὕτη
1663 4165 1803 4235 διεχ-

228 4256 489 4329 θρεύεταί
537 4274 674 4310 τινι·
728 4258 758 4311 ὃ
812 4274 871 4310 τε
914 4257 1024 4329 γὰρ
1060 4275 1080 4308 ι
1121 4256 1251 4321 Θεὸς
1285 4256 1392 4327 (52)
1427 4257 1520 4310 ἐπὶ
1562 4257 1801 4321 δικαίους

1900 3701 2147 3757 fecerunt
2192 3702 2450 3771 injuriam
2480 3719 2579 3775 par
2614 3706 2732 3776 pari
2763 3708 3033 3763 referatur
3062 3729 3075 3764 :
3108 3718 3164 3765 et
3190 3725 3312 3767 esse
3344 3714 3469 3782 qui—

1901 3793 2025 3848 dem
2081 3794 2355 3865 prioribus
2411 3798 2681 3855 secundos
2729 3800 2982 3857 meliores
3006 3842 3020 3867 ,
3079 3801 3174 3857 sed
3225 3804 3468 3859 nondum

1901 3887 2061 3954 plane
2080 3886 2418 3952 obedientes.
2438 3888 2543 3944 nisi
2563 3890 2775 3960 injuriae
2797 3892 3038 3962 perfecte
3058 3893 3467 3965 obliviscentes,

1904 3995 1971 4035 ex
2001 3981 2251 4036 doctrina
2285 3981 2498 4037 Domini
2527 3994 2817 4053 precentur
2852 3987 3015 4042 etiam
3059 4004 3159 4058 pro
3205 3988 3469 4047 inimicis.

1902 4074 2199 4131 Pulchrum
2227 4084 2312 4133 est
2340 4093 2469 4148 ergo
2493 4079 2637 4148 quod
2666 4079 2865 4134 bonam
2898 4090 3131 4136 mentem
3163 4098 3229 4137 ex
3258 4097 3321 4136 ea
3348 4096 3470 4154 qua

1901 4173 1987 4221 est
2015 4166 2081 4221 ad
2114 4166 2271 4222 ﬁdem
2301 4170 2619 4238 pcenitentia
2652 4171 2985 4240 acceperint.
3026 4171 3163 4227 Nam
3191 4174 3292 4229 etsi
3323 4173 3469 4229 veri-

1901 4265 1987 4313 tas
2017 4258 2265 4313 videatur
2296 4259 2493 4315 habere
2521 4260 2774 4317 inimicos
2803 4263 2896 4332 qui
2926 4261 3029 4332 ipsi
3062 4263 3328 4330 invident,
3351 4265 3468 4336 ipsa

349 4418 410 4477 r14
450 4410 511 4467 P.
538 4412 643 4468 884
675 4411 781 4466 ED.
822 4410 1115 4477 POTTER,
1149 4412 1251 4467 750
1283 4410 1390 4467 ΕΒ.
1423 4410 1648 4467 PARlS.
1727 4424 1754 4453 ι
1791 4410 1803 4465 1

1905 4427 1991 4467 es.
2022 4429 2096 4478 tv,
2129 4414 2217 4468 15.
2296 4416 2324 4456 b
2366 4414 2381 4466 Ι
2417 4408 2543 4471 Cor.
2580 4433 2657 4482 vr,
2695 4417 2748 4480 1,
2782 4417 2837 4472 2.
2918 4428 2940 4457 ο
2983 4417 3174 4475 Matth.
3207 4436 3262 4484 ν,
3292 4419 3384 4475 ιι.

306 4568 422 4640 (47)
462 4566 934 4640 Ἐπιτρέψαντες.
960 4566 1361 4638 Congruentius
1384 4564 1802 4638 ἐπιτρέψαντας,

1907 4581 1957 4623 c.
2000 4568 2091 4633 45,
2114 4568 2343 4640 ἀπαθεῖς
2365 4570 2711 4625 scribendum
2748 4586 2871 4628 esse
2916 4573 3129 4627 monuit
3170 4592 3183 4627 :
3223 4591 3243 4625 ι
3272 4572 3469 4630 Corre-

233 4638 443 4707 acc'us,
458 4653 609 4693 casu.
653 4638 915 4707 Summo.

310 4704 440 4831 (482‘—
462 4707 717 4776 Προτέρᾳ
760 4705 836 4788 τῇ
884 4706 1031 4789 πρὸς
1066 4709 1204 4774 Kop.
1243 4704 1391 4763 Flor.
1425 4707 1663 4789 προτέρα
1701 4705 1801 4777 τῆς

310 4779 377 4831 ὸς
443 4794 669 4831 annua:
691 4778 852 4831 lectio
870 4786 1170 4831 consnstere
1191 4793 1297 4831 non
1323 4786 1522 4831 notest.
1550 4793 1658 4831 ms:
1677 4778 1801 4831 sub-

234 4779 377 4851 πρδς
392 4778 537 4851 Κορ.,
551 4794 669 4846 qua:
691 4778 852 4851 lectio
870 4779 1170 4851 consistere
1186 4793 1297 4851 _uon
1323 4778 1522 4851 potest.
1550 4778 1658 4833 nisi
1677 4778 1802 4832 sub-

233 4847 604 4919 iritelliga'm'us
634 4847 831 4919 μερίδι,
855 4856 949 4919 aut
977 4847 1120 4902 aliud
1148 4847 1437 4919 ejusmOdi.
1473 4847 1548 4903 In.

331 4916 434 4986 49),
465 4919 534 4971 Ἦ
560 4916 668 4971 οὐκ
693 4916 806 4972 ore.
846 4917 959 4970 Οὐκ
981 4918 1153 4972 οἴδατε
1185 4916 1205 4971 Ι
1238 4917 1363 4973 Cor.
1392 4935 1466 4986 vi,
1495 4919 1550 4972 2.

331 4919 400 4973 49
465 4919 534 4971 Ἦ
560 4919 668 4971 οὐκ
693 4919 806 4972 οἶδ.
846 4919 959 4970 Οὐκ
981 4919 1153 4972 οἴδατε
1185 4919 1205 4971 Ι
1238 4919 1363 4973 Cor.
1392 4935 1466 4986 vi,
1495 4919 1550 4972 2.

476 4985 914 5058 ’Artadmﬁo'at.
951 4987 1225 5058 Maximus
1253 4988 1450 5058 Tyrius
1483 4986 1792 5058 dissert.2,

233 5056 360 5130 quae
378 5065 462 5113 est
491 5058 564 5112 De
585 5056 857 5130 referenda
882 5057 1080 5130 injuria
1100 5074 1117 5110 :
1137 5060 1200 5130 Εί
1224 5059 1283 5130 τὸ
1302 5056 1522 5130 ’ἀδικεῖν
1541 5057 1795 5130 πονηρὸν,

232 5126 331 5185 καὶ
359 5130 419 5181 τὸ
445 5127 744 5182 ἀνταδικεῖν
775 5129 1025 5198 ὅμοιον...
1051 5128 1157 5181 Καὶ
1195 5127 1299 5198 μὴν
1328 5131 1377 5181 εί
1408 5132 1436 5182 ὁ
1471 5126 1801 5198 estnovu-

234 5200 352 5262 κῶς
368 5203 524 5272 ποιεῖ,
536 5201 565 5252 ὁ
581 5199 868 5272 dvrthth
884 5197 1067 5272 κακῶς
1075 5196 1235 5272 ⁸οὐδὲν
1254 5196 1411 5272 ἦττον
1431 5197 1615 5272 κακῶς
1636 5200 1795 5265 ποιεῖ’

238 5289 259 5319 ο
296 5269 360 5325 Si
406 5269 727 5337 simpliciter
766 5267 1020 5336 injuriam
1074 5267 1288 5323 inferre
1321 5269 1625 5337 improbum
1674 5276 1796 5325 est:

234 5344 405 5395 etiam
433 5337 635 5394 referre
663 5339 920 5408 injuriam
951 5338 1079 5391 huic
1108 5339 1284 5393 simile
1311 5347 1413 5392 est.
1447 5340 1500 5391 Et
1536 5340 1580 5391 si
1615 5337 1681 5395 is,
1703 5340 1796 5406 qui

236 5409 495 5478 injuriam
546 5408 696 5472 facit,
727 5411 868 5464 male
919 5408 1051 5479 facit
1082 5426 1093 5479 ;
1123 5408 1212 5479 qui
1244 5409 1442 5461 malum
1466 5409 1616 5461 malo
1644 5422 1791 5461 com-

236 5487 457 5550 pensat,
488 5495 593 5533 non
624 5482 802 5534 minus
817 5481 971 5550 Amale
997 5478 1151 5532 facit.
1180 5497 1199 5528 ι

313 5549 424 5618 (5|)
475 5551 773 5615 Ἀπειθεῖς.
815 5548 1037 5604 Rectius
1080 5546 1368 5610 εὐπειθεῖς,
1419 5555 1479 5600 ut
1522 5548 1791 5616 interpres

240 5636 457 5690 quoque
477 5622 657 5682 vertit,
693 5637 712 5672 ι
738 5621 976 5674 nondum
1010 5627 1189 5690 tamen
1229 5620 1387 5690 plane
1417 5618 1785 5672 ohedieutes.»

244 5688 503 5748 Summo.
539 5720 607 5731 —-
654 5690 954 5751 Cotelerius
983 5691 1048 5744 ad
1070 5688 1356 5744 Constitui.
1387 5698 1557 5758 (ipost.
1591 5690 1684 5743 lih.
1729 5706 1787 5752 ιι,

1908 4645 2057 4691 ctum
2114 4639 2315 4709 velim.
2379 4641 2592 4709 inquit,
2653 4641 3078 4697 Alexandrinum
3137 4642 3467 4699 Clementem

1908 4709 2080 4783 multo
2106 4718 2230 4762 ante
2260 4708 2422 4783 linem
2456 4708 2742 4765 Stromatei
2788 4714 3072 4782 penultimi
3118 4729 3172 4783 p.
3193 4714 3309 4783 7750
3332 4713 3465 4768 edit.

1905 4775 2107 4853 Paris,
2127 4795 2236 4853 quo
2259 4780 2360 4832 loci
2382 4795 2646 4853 enarrans
2676 4775 2880 4835 textum
2905 4775 3169 4852 Apostol'i,
3191 4782 3212 4835 Ι
3237 4784 3363 4838 Cor.
3388 4798 3465 4845 vr,

1906 4848 1960 4923 ρ,
1996 4858 2127 4911 etc.,
2148 4848 2149 4853 “
2173 4849 2241 4904 de
2288 4851 2472 4906 causis
2498 4859 2551 4906 et
2580 4852 2766 4906 litibus
2813 4848 3272 4917 Christianorum,
3304 4859 3469 4923 atque

1904 4917 2047 4994 inter
2074 4932 2133 4972 se
2162 4934 2487 4994 comparans
2508 4937 2602 4976 eos
2627 4922 2730 4994 qui
2746 4924 2887 4992 apud
2915 4933 3157 4985 sanctos,
3179 4930 3233 4977 et
3255 4937 3350 4978 eos
3372 4917 3467 4994 qui

1905 4987 2216 5063 nullatenus
2248 4989 2457 5063 judicio
2500 4987 2858 5063 contendunt,
2892 4994 3025 5047 dicit
3054 4997 3325 5048 secundos
3354 4987 3471 5063 pri-

1903 5057 2007 5133 mis
2061 5074 2182 5133 esse
2219 5060 2654 5133 _me_liores,sed_
2676 5063 2864 5116 tertios
2910 5063 3297 5133 perfectionem
3326 5057 3469 5133 atti-

1905 5128 2051 5194 gisse
2088 5146 2101 5181 :
2133 5127 2243 5181 Καὶ
2280 5125 2417 5183 εἶναι
2464 5132 2560 5201 μὲν
2590 5131 2696 5184 τῶν
2728 5125 3005 5205 προτέρων
3032 5135 3157 5196 τοὺς
3185 5132 3471 5256 δευτέρους

1906 5198 2181 5256 ἀμείνους.
2211 5199 2419 5253 οὐδέπω
2448 5202 2504 5254 δὲ
2530 5200 2757 5256 ἀπαθεῖς
2806 5203 2981 5256 (male
3014 5203 3181 5256 edunt
3202 5204 3331 5256 ἀπει
3366 5206 3465 5256 etc.

1906 5198 2181 5272 ἀμείνους,
2211 5199 2419 5272 οὐδέπω
2448 5198 2504 5254 δὲ
2530 5198 2784 5272 διποιθεῖς⁷
2806 5203 2823 5272 (
2842 5198 2981 5258 male
3014 5203 3181 5258 edunt
3202 5198 3465 5269 ἀπειθεῖς,

1907 5269 2049 5323 male
2072 5270 2362 5324 emendant
2393 5271 2680 5336 εὐπειθεῖς,
2709 5282 2768 5325 ut
2799 5269 3170 5328 antecedentia
3200 5280 3255 5327 et
3277 5287 3471 5330 conse-

1906 5340 2126 5407 quentia
2158 5341 2507 5429 ostendunt),~
2523 5342 2588 5429 ᾖν
2620 5342 2693 5429 μῂ
2719 5343 3080 5429 ἁμνέλσίκακρι
3104 5342 3286 5398 τέλεον
3308 5342 3468 5429 γενό-

1909 5425 2075 5491 μενοι,
2093 5411 2249 5492 ’κειτά
2291 5411 2399 5492 τὴν
2418 5412 2510 5492 τοᾷ
2536 5411 2740 5492 κυρίου
2764 5411 3118 5492 διδασκαλίαν
3134 5411 3474 5492 προσεύξωνο

1904 5496 1993 5553 ται
2021 5482 2117 5553 καὶ
2154 5481 2294 5552 ὑπὲρ
2334 5480 2439 5534 τῶν
2475 5480 2753 5553 ἐχθρῶν.)
2788 5481 2928 5537 Idem
2959 5484 3157 5538 similia
3180 5480 3385 5540 scribit
3408 5488 3468 5541 tn

1896 5548 2324 5616 Recognitiomim
2358 5548 2653 5606 Clem-cutis
2680 5551 2771 5604 lib.
2803 5571 2851 5616 ν,
2881 5568 2931 5607 c.
2962 5556 3018 5608 2.

1966 5621 2280 5707 (‘52)..85'69.
2318 5620 2569 5707 ‘Respi‘cit
2599 5622 2788 5704 Matth.
2823 5641 2877 5707 v_,
2906 5624 2976 5677 45
3004 5625 3212 5707 fonto;
3234 5620 3468 5707 γένησθε

1897 5690 2000 5744 υἱοὶ
2029 5690 2119 5746 τοῦ
2161 5692 2372 5762 Πατρὸς
2395 5690 2547 5763 ὑμῶν
2583 5691 2675 5745 τοῦ
2716 5691 2776 5747 ἐν
2814 5698 3078 5770 οὐρανοῖς,
3098 5696 3178 5748 ὅτι
3208 5690 3297 5748 τδν
3318 5690 3472 5765 ἣλιον
