4016 6308
547 297 657 356 διε

1665 289 2054 349 CLEMENTIS
2091 284 2555 349 ALEXANDRINI

3681 290 3800 348 53

546 417 730 469 tamen
757 411 894 466 nulli
920 417 1004 466 est
1024 408 1242 465 inimica
1271 426 1285 461 :
1311 421 1436 462 nam
1464 413 1519 462 et
1551 424 1571 457 ι
1601 404 1746 463 Deus
1780 406 1911 462 facit
1939 407 2103 463 solem

2207 412 2300 467 καὶ
2322 410 2537 473 ἀδίκους
2565 407 2656 461 τὸν
2683 405 2846 461 αὐτοῦ
2876 404 3172 476 ἐπιλάμπει
3200 402 3375 476 ἥλιον,
3399 420 3417 455 ι
3440 403 3536 458 καί
3554 403 3647 459 τδν
3670 405 3799 458 Κύ-

545 516 709 561 suum
758 501 889 556 oriri
939 514 1103 570 super
1127 498 1307 569 iustos
1341 502 1397 552 et
1425 495 1725 565 injustost.
1749 513 1773 548 ἰ
1804 493 2113 561 Quinetiam

546 593 729 664 ipsum
770 591 1055 646 Dominum
1083 589 1228 644 misit
1256 587 1323 642 ad
1349 586 1532 657 justos
1559 593 1613 640 et
1642 584 1901 655 injustos,
1923 591 1979 638 et
2018 582 2112 652 qui

546 683 829 741 contendit
860 682 970 737 Deo
996 680 1312 742 assimilari,
1342 693 1438 749 per
1467 676 1761 732 maximam
1790 674 2004 745 injuriae
2030 689 2114 730 ac-

546 786 722 848 ceptae.
742 774 1089 837 oblivionem,
1105 773 1388 828 remittens
1410 788 1428 822 ι
1441 768 1810 840 septuagesies
1823 766 2073 837 septiesb,
2086 784 2107 818 ι

544 876 734 940 utpote
776 884 873 938 per
918 874 1089 921 totam
1133 865 1301 918 vitam
1347 872 1402 918 et
1448 861 1764 916 universam
1812 858 1869 915 in
1911 857 2113 914 mundo

541 960 966 1023 oberrationem,
988 967 1109 1027 qua:
1126 952 1525 1010 hebdomadam
1551 949 1929 1007 numeratione
1950 949 2115 1022 signi-

545 1052 760 1114 ficatur,
810 1058 897 1106 est
948 1048 1217 1119 benignus
1269 1055 1324 1101 et
1376 1046 1616 1101 clemens
1668 1041 1724 1097 in
1777 1041 2109 1112 quemlibet,

542 1143 757 1200 etiamsi
788 1142 911 1212 quis
943 1156 1040 1211 per
1059 1139 1378 1194 universum
1407 1151 1520 1191 sua:
1548 1134 1673 1189 vita:
1702 1141 1938 1203 tempus,
1969 1132 2112 1202 inju-

542 1237 626 1292 ria
657 1233 818 1289 allicit
845 1229 1313 1304 gnosticum.Non
1334 1230 1482 1285 enim
1506 1228 1679 1284 solam
1705 1224 2111 1297 possessionem

539 1328 658 1384 vult
687 1328 863 1381 virum
892 1326 1092 1380 bonum
1122 1324 1246 1379 aliis
1266 1337 1457 1378 eorum
1480 1319 1794 1391 permittere
1814 1317 1909 1388 qui
1931 1317 2111 1388 ipsum

540 1417 773 1473 affecere
800 1415 1022 1484 injuria,
1050 1413 1146 1470 sed
1168 1413 1328 1467 etiam
1359 1412 1475 1465 vult
1498 1406 1706 1479 justum
1737 1407 1806 1462 ab
1835 1407 1943 1463 illis
1965 1407 2113 1476 judi-

540 1511 698 1567 cibus
748 1516 930 1579 petere
970 1504 1349 1561 remissionem
1383 1507 1752 1573 peccatorum,
1796 1499 1866 1554 iis
1912 1499 2006 1569 qui
2054 1499 2110 1553 in

540 1603 720 1674 ipsum
762 1603 1154 1670 peccaverunt.
1185 1594 1252 1649 Et
1280 1595 1496 1657 merito,
1532 1590 1802 1662 siquidem
1828 1592 1884 1646 in
1923 1606 1989 1646 eo
2016 1604 2110 1645 so-

538 1695 653 1749 lum
685 1690 831 1763 quod
861 1699 945 1745 est
976 1696 1284 1749 externum,
1321 1692 1377 1741 et
1425 1685 1481 1738 in
1509 1697 1575 1738 eo
1603 1680 1748 1753 quod
1780 1681 2013 1751 pertinet
2042 1679 2111 1734 ad

365 1808 370 1817 α
430 1826 433 1831 .
538 1798 762 1853 corpus,
798 1783 1049 1852 quamvis
1077 1791 1251 1849 usque
1280 1775 1348 1831 ad
1376 1786 1607 1831 mortem
1640 1772 1986 1842 procedatur,
2016 1770 2110 1825 de-

538 1874 795 1930 trimento
820 1870 1058 1925 afﬁciunt
1087 1869 1125 1923 ii
1153 1867 1249 1938 qui
1277 1875 1549 1922 conantur
1584 1864 1765 1919 facere
1796 1862 2053 1931 injuriam
2086 1880 2100 1915 :

537 1982 605 2023 ex
651 1964 848 2034 quibus
901 1962 1039 2017 nihil
1089 1967 1175 2016 est
1222 1959 1367 2030 quod
1415 1959 1486 2014 sit
1537 1956 1770 2028 gnostici
1802 1955 2102 2026 proprium.

537 2055 821 2122 Quomodo
866 2053 1063 2121 autem!
1086 2052 1308 2122 angelos
1343 2049 1437 2121 qui
1485 2048 1803 2104 defecerunt
1839 2045 2107 2116 iudicabit

530 2146 831 2216 quispiam,
866 2144 959 2215 qui
1000 2144 1117 2213 ipse
1152 2141 1414 2199 defecerit
1444 2140 1510 2196 ab
1540 2140 1633 2194 illa
1668 2139 1910 2200 lenitate,
1935 2142 1990 2192 et
2021 2149 2107 2190 ac-

532 2246 705 2307 cepta:
732 2222 965 2307 injuriae
1009 2234 1305 2296 oblivione,
1334 2247 1498 2302 quam
1527 2230 1833 2301 prazscribit
1869 2227 2107 2298 Evange-

534 2327 702 2383 lium?
738 2347 757 2378 ‹
779 2326 889 2381 Cur
915 2343 1023 2382 non
1052 2341 1181 2396 ergo
1204 2325 1406 2395 potius,
1436 2343 1454 2376 ι
1489 2324 1686 2394 inquit,
1719 2341 1738 2374 ι
1772 2321 1972 2391 injuria
1998 2318 2107 2374 alli-

534 2417 753 2475 cimini?
793 2417 905 2473 Cur
951 2431 1062 2472 non
1104 2418 1286 2489 potius
1314 2414 1677 2471 fraudamini?
1706 2414 1813 2470 Sed
1840 2428 1939 2469 vos
1968 2411 2107 2482 inju-

533 2511 673 2569 riam
703 2510 879 2565 facitis
904 2517 957 2565 et
982 2509 1247 2565 fraudatis
1261 2520 1342 2577 ορ
1372 2509 1454 2564 eis
1489 2508 1699 2564 scilicet
1719 2505 1813 2577 qui
1841 2506 2107 2577 perigno-

533 2602 765 2658 rantiam
812 2608 1061 2679 peccant,
1105 2607 1395 2670 precantes
1425 2599 1565 2654 male
1590 2618 1603 2653 :
1632 2603 1688 2654 et
1715 2596 1981 2653 fraudatis
2008 2594 2103 2650 Dei

530 2695 816 2753 clementia
863 2704 918 2750 et
958 2695 1221 2754 bonitate.
1248 2701 1516 2764 quantum
1565 2701 1651 2747 est
1695 2690 1751 2744 in
1793 2689 1973 2753 vobis,
2008 2703 2105 2745 eos

528 2788 731 2859 quibus
755 2786 892 2842 male
906 2786 1230 2857 precamini,
1265 2804 1285 2837 ι
1314 2792 1368 2840 et
1406 2784 1571 2840 etiam
1594 2782 1825 2847 fratres;
1863 2800 1881 2832 ι
1915 2795 1981 2836 eo
2005 2796 2104 2836 no—

528 2879 677 2935 mine
703 2894 810 2934 non
837 2894 933 2935 eos
958 2878 1108 2935 solos
1136 2878 1228 2948 qui
1261 2883 1390 2932 sunt
1433 2875 1489 2929 in
1519 2873 1646 2937 fide,
1682 2873 1780 2931 sed
1812 2872 1979 2929 etiam
2012 2871 2102 2927 fu-

527 2982 685 3029 turos
730 2973 1030 3044 proselytas
1081 2968 1398 3039 designans.
1450 2965 1537 3020 An
1585 2964 1732 3021 enim
1763 2964 1811 3020 is
1834 2963 1925 3035 qui
1957 2978 2104 3018 nunc

531 3072 616 3121 est
660 3063 916 3118 inimicus
964 3062 1038 3116 sit
1087 3067 1277 3131 postea
1323 3057 1658 3120 crediturus,
1708 3069 1812 3111 nos
1859 3053 2101 3110 nondum

2220 505 2334 578 ριόν
2364 518 2432 572 γε
2463 500 2623 555 αὐτὸν
2656 498 2748 553 ἐπὶ
2779 497 3016 561 δικαίους
3047 495 3259 568 ἔπεμψε
3288 495 3382 550 καὶ
3400 495 3653 558 ἀδίκους·
3676 497 3715 549 ὃ
3734 509 3800 548 τε

2216 589 2589 664 ἐξομοιοῦσθαι
2661 587 2976 661 βιαζόμενος
3051 585 3205 657 Θεῷ,
3274 585 3362 640 διὰ
3424 584 3524 656 τῆς
3581 584 3801 656 πολλῆς

2213 680 2616 755 ἀμνησικακίας
2636 677 2794 750 ἀφεὶς
2821 676 3276 750 ἑϐδομηκοντάκις
3302 666 3465 741 ἐπτά,
3495 668 3610 731 οἷον
3638 678 3819 735 κατή

2214 775 2388 829 πάντα
2418 773 2509 826 τὸν
2543 771 2658 842 βίον
2702 770 2797 825 καὶ
2841 769 2962 825 καθ’
2995 768 3123 840 ὅλην
3167 768 3267 840 τὴν
3294 765 3565 838 κοσμικὴν
3593 767 3823 838 περιή-

2211 868 2381 932 λυσιν,
2416 864 2704 936 ἑϐδομάσιν
2736 861 3168 937 ἀριθμουμέναις
3349 858 3796 931 σημαινομένην,

2212 959 2373 1014 παντί
2398 976 2475 1031 τῳ
2505 955 2878 1030 χρηστεύεται,
2912 956 2962 1008 εί
2999 953 3093 1007 καί
3138 970 3219 1017 τις
3261 952 3352 1006 τὸν
3386 951 3565 1006 πάντα
3595 948 3799 1005 τοῦτον

2212 1055 2269 1108 ἐν
2303 1053 2466 1125 σαρκὶ
2500 1051 2649 1123 βιοὺς
2679 1048 2869 1123 χρόνον
2900 1047 3075 1102 ἀδικεῖ
3104 1047 3193 1100 τὸν
3223 1045 3541 1115 γνωστικόν.
3566 1043 3645 1098 Ού
3675 1042 3798 1112 γάρ

2209 1145 2306 1216 τὴν
2338 1144 2525 1215 κτῆσιν
2560 1142 2727 1213 μόνην
2759 1140 2938 1203 ἄλλοις
2973 1137 3288 1210 ἐπιτρέπειν
3319 1135 3463 1203 ἀξιοῖ
3485 1135 3579 1189 τὸν
3616 1151 3797 1187 om.

2207 1236 2353 1291 δαῖον
2382 1234 2489 1290 τῶν
2521 1232 2857 1306 ἠδικηκότων
2886 1230 3068 1295 αὐτὸν,
3096 1228 3230 1284 ἀλλά
3260 1227 3358 1283 καὶ
3390 1226 3520 1298 παρ’
3554 1224 3796 1278 ἐκείνων

2208 1326 2473 1382 αἰτεῖσθαι
2517 1324 2621 1379 τῶν
2662 1322 2859 1396 κριτῶν
2892 1320 3136 1393 βούλεται
3168 1321 3259 1375 τὸν
3289 1319 3494 1373 δίκαιον
3519 1317 3622 1389 τὴν
3655 1317 3797 1386 ἀφε-

2210 1438 2295 1475 σιν
2327 1420 2432 1475 τῶν
2469 1417 2749 1490 ἁμαρτιῶν
2780 1418 2891 1479 τοῖς
2939 1415 3019 1478 είς
3062 1414 3221 1466 αὐτὸν
3253 1408 3751 1482 πεπλημμεληκόσ·
3771 1423 3789 1439 ⁸

2209 1514 2301 1567 καὶ
2332 1512 2554 1574 εἰκότως
2572 1526 2585 1540 ο
2621 1507 2735 1577 εἴγε
2767 1508 2828 1561 τὺ
2862 1507 3017 1570 ἐκτὸς
3049 1506 3207 1577 μόνον
3238 1503 3416 1558 καὶτὸ
3437 1501 3569 1573 περὶ
3600 1500 3789 1572 σῶμα,

2209 1601 2312 1657 κᾶν
2347 1601 2509 1674 μέχρι
2554 1597 2782 1653 θανάτου
2830 1596 3115 1670 προϐαίνῃ,
3150 1593 3559 1650 πλεονεκτοῦσιν
3592 1593 3644 1646 oi
3669 1593 3794 1647 ἀδι-

2209 1694 2323 1747 κεῖν
2357 1690 2757 1764 ἐπιχειροῦντες
2776 1706 2788 1719 °
2826 1682 2901 1742 ὧν
2925 1688 3076 1742 οὐδὲν
3105 1689 3300 1741 οίκεῖον
3332 1684 3425 1740 τοῦ
3454 1683 3786 1753 γνωστικοῦ.

2138 1796 2184 1855 Β
2210 1783 2333 1849 Πῶς
2357 1784 2402 1838 δ’
2434 1782 2500 1836 ἂν
2532 1782 2627 1836 καὶ
2654 1781 2918 1851 ἀγγέλους
2953 1778 3065 1850 (54)
3089 1795 3172 1843 τις
3195 1778 3355 1850 κρίνῃ
3385 1778 3513 1841 τοὺς
3542 1776 3787 1830 ﬁmi.

2207 1893 2323 1940 τας,
2357 1874 2514 1938 αὐτὸς
2557 1873 2866 1944 ἀποστάτης
2910 1869 3123 1942 ἐκείνης
3149 1868 3244 1941 τῆς
3273 1868 3412 1922 κατά
3437 1866 3499 1921 τὸ
3528 1867 3782 1935 Εύαγγέ-

2204 1968 2317 2023 λιον
2360 1965 2761 2039 ἀμνησικακίας
2805 1965 3128 2035 γενόμενοςς
3164 1980 3183 2013 ι
3215 1960 3314 2014 Διά
3343 1960 3394 2013 τί
3424 1958 3547 2031 οὐχὶ
3578 1959 3787 2030 μᾶλλον

2203 2058 2503 2125 ἀδικεῖσθε;
2529 2078 2548 2109 ι
2575 2057 2707 2129 φησί
2724 2073 2738 2087 ο
2768 2076 2786 2107 ι
2810 2057 2899 2112 διά
2918 2056 2971 2110 τί
2998 2055 3117 2126 οὐχὶ
3142 2053 3336 2125 μᾶλλον
3354 2051 3784 2123 ἀποστερεῖσθες

2218 2151 2376 2205 Ἀλλά
2422 2152 2579 2221 ὑμεῖς
2623 2150 2854 2205 ἀδικεῖτε
2896 2148 2993 2202 καὶ
3038 2148 3406 2217 ἀποστερεῖτε,
3434 2164 3454 2198 ι
3492 2144 3786 2216 εὐχόμενοι

2206 2244 2345 2299 κατὰ
2374 2243 2574 2298 τούτων
2606 2242 2844 2315 δηλονότι
2867 2241 2975 2295 τῶν
3007 2241 3124 2295 κατ’
3152 2239 3373 2309 ἄγνοιαν
3397 2236 3790 2309 πλημμελούν-

2203 2352 2331 2400 των,
2365 2334 2460 2388 καὶ
2490 2332 2873 2406 ἀποστερεῖσθε
2908 2331 3018 2403 (55)
3058 2331 3155 2403 τῆς
3186 2328 3277 2385 τοῦ
3306 2328 3439 2383 Θεοῦ
3473 2325 3788 2398 φιλανθρω-

2205 2424 2334 2489 πίας
2359 2442 2417 2479 τε
2450 2425 2544 2478 καὶ
2578 2424 2929 2494 ἀγαθότητος,
2956 2422 3016 2477 τὸ
3046 2423 3169 2476 ὅσον
3199 2421 3282 2490 ἐφ’
3317 2421 3465 2492 ύμῖν,
3499 2418 3632 2481 τοὺς
3662 2415 3786 2471 καθ’

2202 2506 2280 2571 ὧν
2312 2515 2553 2588 εὔχεσθε,
2574 2534 2593 2568 ι
2622 2514 2716 2568 καὶ
2747 2515 2871 2578 τοὺς
2903 2510 3161 2583 ἀδελφούς
3188 2510 3299 2583 (56)
3338 2529 3358 2563 ι
3391 2510 3451 2564 ού
3477 2509 3609 2573 τοὺς
3641 2509 3784 2562 κατά

2205 2610 2385 2665 πίστιν
2414 2608 2593 2680 μόνον,
2621 2606 2757 2661 ἀλλά
2787 2606 2882 2661 καὶ
2914 2607 3040 2671 τοὺς
3081 2602 3449 2677 πικσηλύτους
3480 2600 3685 2670 λέγων.
3719 2602 3783 2655 ει

2202 2702 2312 2776 γὰρ
2355 2700 2449 2755 καὶ
2490 2702 2521 2753 6
2566 2698 2662 2753 νῦν
2704 2698 3029 2771 διεχθρεύων
3073 2696 3296 2769 ὓστερον
3340 2692 3645 2757 πιστεύσει,
3683 2692 3784 2747 οὐκ

2204 2791 2361 2863 ῐσμεν
2391 2788 2601 2845 οὐδέπω
2632 2789 2811 2860 ἡμεῖς.
2829 2787 2918 2853 Ἐξ
2946 2780 3022 2842 ὧν
3055 2787 3343 2855 συνάγεται
3378 2783 3587 2853 σαφῶς,
3612 2784 3665 2837 εί
3686 2783 3784 2837 καὶ

2206 2879 2281 2951 μὴ
2314 2879 2517 2941 πάντας
2549 2873 2707 2951 εἶναι,
2741 2879 2872 2948 ἡμῖν
2902 2894 2967 2946 γε
2998 2876 3179 2940 αὐτοῖς
3222 2875 3398 2930 δοκεῖν
3436 2869 3578 2928 εῖναι
3626 2874 3783 2929 ἀδελ-

2204 2950 2503 3039 ξρούς.Ἤδη
2533 2950 2589 3021 δέ
2615 2967 2710 3021 mi.
2741 2966 2947 3030 πάντας
2978 2964 3313 3037 ἀνθρώπους,
3349 2963 3466 3027 ἐνὸς
3496 2962 3662 3027 ὄντας
3692 2962 3781 3034 ἔρ-

2202 3074 2295 3125 γον
2328 3056 2462 3112 Θεοῦ
2496 3058 2592 3112 καὶ
2628 3046 2756 3128 μίαν
2788 3056 2992 3121 εἰκόνα,
3028 3056 3120 3110 ἐπ)¹
3164 3056 3295 3127 μίαν
3336 3055 3523 3109 οὐσίαν
3556 3055 3782 3126 πριὸεο

532 3157 757 3213 scimus.
792 3154 871 3210 Ex
902 3129 1106 3225 quibus
1139 3158 1325 3223 aperte
1365 3149 1661 3221 colligitur,
1693 3148 1799 3204 etsi
1846 3163 1954 3203 non
1995 3146 2103 3202 sint

2206 3147 2524 3220 ϐλημένους,
2568 3148 2673 3204 κᾶν
2723 3148 3079 3220 τεθολωμένοι
3127 3147 3359 3218 τύχωσιν
3409 3146 3559 3201 ἄλλοι
3600 3146 3778 3201 ἄλλων

530 3262 745 3311 omnes,
778 3253 834 3301 at
872 3246 1028 3301 nobis
1068 3251 1252 3299 tamen
1284 3242 1391 3313 ipsi
1437 3242 1638 3296 debere
1670 3238 1844 3294 videri
1880 3238 2100 3295 fratres.

527 3333 649 3391 Jam
679 3350 809 3391 vero
840 3349 1034 3391 omnes
1083 3347 1301 3409 quoque
1329 3321 1601 3393 homines,
1629 3328 1775 3399 quod
1805 3329 1916 3385 sint
1940 3329 2106 3384 unius

535 3424 632 3482 Dei
661 3441 799 3497 opus
839 3432 896 3481 et
937 3441 1102 3480 unam
1134 3423 1426 3494 imaginem
1453 3421 1509 3476 in
1539 3435 1647 3475 una
1685 3429 1875 3476 natura
1905 3420 2103 3489 induti,

534 3524 595 3584 »Ἠ
621 3517 839 3574 etiamsi
857 3519 967 3573 sint
986 3517 1079 3571 alii
1102 3516 1227 3571 aliis
1249 3513 1423 3584 magis
1438 3511 1740 3576 obscurati,
1761 3511 1911 3568 solus
1937 3526 2108 3583 agno-

527 3607 636 3664 scit
660 3607 708 3663 is
730 3607 824 3678 qui
846 3615 929 3663 est
954 3605 1187 3663 scientia
1208 3605 1492 3675 praeditus,
1526 3602 1802 3674 quietiam
1833 3617 1933 3673 per
1959 3617 2109 3659 crea-

528 3704 684 3754 turas
720 3699 966 3770 agnoscit
994 3697 1389 3769 operationem,
1433 3710 1530 3766 per
1572 3709 1734 3765 quam
1780 3709 1976 3751 rursus
2010 3693 2105 3748 Dei

531 3790 728 3846 adorat
750 3791 1134 3857 voluntqtemx
1157 3790 1239 3845 Au
1262 3786 1649 3858 nescitisjquod
1671 3785 1862 3857 injusti
1877 3801 2107 3857 regnum

528 3879 627 3937 Dei
675 3897 784 3936 non
827 3882 1268 3952 possidebuntd‘.f
1300 3902 1319 3935 ι
1372 3881 1798 3966 injuriamergo
1843 3878 1974 3935 facit
2006 3876 2099 3949 qui

470 4030 483 4049 ,⁸
527 3971 699 4027 refert
730 3972 1006 4042 injuriam,
1030 3988 1127 4028 seu
1156 3971 1321 4037 facto,
1350 3986 1448 4028 seu
1479 3971 1668 4034 verbo,
1702 3970 1820 4026 sive
1851 3969 1971 4039 ipsa
2006 3983 2103 4024 vo-

484 4056 493 4071 “
530 4063 759 4119 luntatis
805 4064 1153 4135 cogitatione,
1179 4080 1343 4135 quam
1385 4069 1511 4135 post
1554 4063 1690 4134 legis
1737 4061 2102 4133 paedagogium

530 4155 938 4213 circumscribit
988 4157 1357 4228 Evangelium.
1392 4175 1413 4208 ι
1443 4157 1508 4211 Ει
1559 4155 1675 4209 haec
1719 4153 1938 4225 quidem
1981 4167 2107 4209 era-

529 4246 646 4301 tis:
683 4265 702 4300 ›
735 4248 870 4303 tales
903 4247 1111 4303 scilicet
1151 4248 1341 4319 quales
1378 4248 1556 4302 adhuc
1594 4250 1722 4302 sunt
1753 4244 1953 4314 quibus
1994 4243 2104 4314 ipsi

531 4351 642 4392 non
673 4337 977 4408 ignoscitis.
1016 4357 1034 4390 ι
1065 4338 1171 4394 Sed
1199 4339 1370 4394 abluti
1396 4339 1532 4395 estis
1555 4346 1579 4376 ο
1610 4355 1623 4391 :
1662 4355 1682 4389 ι
1712 4351 1823 4390 non
1851 4335 2100 4391 absolute

528 4437 593 4486 ut
634 4430 852 4500 reliqui,
890 4431 987 4487 sed
1018 4446 1117 4501 per
1145 4431 1508 4501 cognitionem
1535 4426 1815 4497 abjecistis
1836 4426 2099 4484 animales

529 4518 865 4584 affectiones,
896 4530 954 4575 ut
981 4536 1084 4591 pro
1121 4521 1332 4575 viribus
1378 4516 1820 4574 assimilaremiui
1866 4515 2097 4572 bonitati

531 4611 729 4667 divinae
774 4613 1128 4684 providentia:
1170 4621 1287 4669 tum
1321 4627 1421 4683 per
1453 4610 1822 4672 tolerantiam,
1849 4616 1966 4664 tum
2002 4624 2098 4679 per

529 4698 768 4772 accepta:
806 4702 1020 4771 injuriae
1057 4702 1409 4758 oblivionem.
1445 4719 1463 4753 ‹
1497 4699 1674 4772 Super
1713 4699 1894 4769 justos
1917 4706 1973 4755 et
2006 4699 2094 4755 in-

521 4793 706 4864 justos
730 4792 776 4856 τ,
800 4810 818 4846 ›
848 4795 1117 4864 sermonis
1135 4802 1190 4849 et
1224 4809 1451 4864 operum
1500 4790 1914 4862 benignitatem,
1951 4790 2093 4846 sicut

530 4884 633 4948 sol,
666 4883 973 4941 illucentes.
1008 4854 1122 4941 {loc
1143 4885 1305 4955 igitur
1326 4894 1648 4955 assequatur
1670 4884 1952 4956 gnosticus
1978 4883 2094 4938 sive

2208 3237 2428 3306 μᾶλλον,
2463 3238 2622 3310 μόνος
2663 3239 2693 3291 6
2738 3238 3056 3310 ἐπιστήμων
3098 3235 3353 3310 γνωρίζει
3400 3235 3496 3290 καὶ
3536 3235 3625 3291 διὰ
3672 3236 3778 3291 τῶν

2205 3329 2516 3401 κτισμάτων
2565 3329 2663 3402 τὴν
2716 3329 3015 3403 ἐνέργειαν,
3048 3330 3115 3385 δι’
3145 3323 3213 3401 ἧς
3266 3324 3421 3392 αὖθις
3462 3328 3525 3382 τὸ
3562 3328 3778 3401 θέλημα

2205 3419 2296 3474 τοῦ
2331 3418 2463 3474 Θεοῦ
2494 3423 2800 3493 προσκυνεῖ.
2830 3422 2932 3474 «Ἣ
2958 3420 3057 3474 οὐκ
3089 3418 3284 3485 οἴδατε,
3311 3420 3392 3474 ὅτι
3422 3420 3595 3475 ἄδικοι
3630 3420 3778 3489 βασι-

2205 3512 2353 3581 λείαν
2386 3512 2520 3567 Θεοῦ
2553 3512 2613 3567 οὐ
2652 3513 3180 3585 κληρονομήσουσινς
3210 3532 3229 3565 ι
3258 3512 3457 3567 Ἀδικεῖ
3489 3509 3587 3568 οῦν
3618 3514 3651 3567 ὁ
3681 3516 3776 3570 ἀν-

2205 3603 2445 3668 τιδικῶν,
2494 3604 2591 3659 εἴτ’
2625 3599 2717 3659 οῦν
2743 3604 2908 3677 ἔργῳ,
2940 3603 3052 3658 εἴτε
3085 3604 3181 3658 καὶ
3220 3603 3386 3676 λόγῳ,
3418 3603 3529 3659 εἴτε
3568 3605 3666 3659 καὶ
3706 3608 3772 3677 τῇ

2204 3696 2297 3751 τοῦ
2334 3696 2614 3768 βούλεσθαι
2650 3697 2847 3769 ἐννοίᾳ,
2871 3697 2937 3768 ἢν
2971 3696 3108 3769 μετά
3140 3696 3239 3769 τὴν
3268 3698 3362 3752 τοῦ
3387 3698 3555 3769 νόμου
3588 3698 3774 3754 παιδα-

2205 3791 2411 3860 γωγίαν
2455 3790 2514 3844 τὸ
2555 3789 2883 3858 Εὐαγγέλιον
2914 3790 3259 3861 περιγράφει.
3299 3808 3319 3842 ι
3350 3791 3462 3845 Καὶ
3491 3790 3667 3846 ταῦτά
3686 3810 3768 3846 τι-

2205 3899 2296 3946 νες
2326 3874 2459 3953 ἧτε;
2491 3900 2509 3932 ι
2540 3880 2782 3935 Τοιοῦτοι
2810 3879 2985 3951 δῆλον,
3009 3883 3180 3937 ὁποῖοι
3208 3880 3287 3935 ἔτι
3319 3881 3672 3953 τυγχάνουσιν
3688 3879 3769 3948 οἷς

2204 3971 2357 4026 αὐτοὶ
2386 3972 2447 4024 ού
2482 3968 2895 4040 συγγινώσκετε.
2936 3990 2956 4023 ι
2980 3971 3137 4025 Ἀλλά
3179 3971 3547 4027 ἀπελούσασθε
3568 3990 3581 4003 ·
3616 3992 3637 4026 ι
3672 3974 3769 4046 ούχ

2206 4062 2388 4127 ἁπλῶς
2418 4061 2493 4126 ὡς
2516 4064 2564 4117 οἱ
2595 4062 2788 4127 λοιποὶ,
2821 4062 2956 4117 ἀλλά
2991 4061 3129 4134 μετά
3159 4062 3410 4131 γνώσεως
3431 4065 3501 4118 τὰ
3532 4064 3679 4135 πάθη
3701 4067 3766 4120 τά

2202 4154 2406 4226 ψυχικά
2433 4154 2826 4227 ἀπερρίψασθε,
2861 4157 2940 4219 εἷς
2972 4154 3033 4208 τὸ
3058 4154 3449 4226 ἐξομοιοῦσθαι,
3482 4158 3582 4228 ὅση
3611 4158 3766 4213 δύνα-

2206 4263 2318 4317 μις,
2344 4247 2408 4317 τῇ
2442 4246 2734 4317 ἀγαθότητι
2764 4246 2861 4318 τῆς
2891 4246 2983 4301 τοῦ
3017 4246 3148 4300 Θεοῦ
3183 4247 3433 4319 προνοίας
3462 4248 3553 4302 διά
3582 4266 3640 4302 τε
3671 4250 3765 4320 τῆς

2202 4336 2549 4402 ἀνεξικακίας
2579 4336 2669 4391 διά
2698 4354 2755 4390 τε
2787 4339 2886 4409 τῆς
2912 4339 3341 4411 ἀμνησικακίαςο
3374 4358 3394 4391 ι
3416 4340 3509 4393 ἐπὶ
3532 4341 3762 4406 δικαίους

2202 4428 2299 4483 καὶ
2328 4429 2543 4494 ἀδίκους
2570 4446 2589 4480 ι
2625 4428 2686 4482 τὸ
2715 4430 2942 4501 εύμενές
2983 4429 3077 4485 τοῦ
3113 4430 3271 4500 λόγου
3305 4431 3402 4485 καὶ
3429 4432 3538 4485 τῶν
3568 4432 3758 4504 ἔργων,

2200 4519 2452 4593 καθάπερ
2481 4522 2511 4574 6
2541 4520 2709 4591 ἥλιος,
2741 4521 3158 4592 ἐπιλάμποντες.
3189 4522 3299 4576 Εἶτ’
3318 4518 3412 4577 οὖν
3443 4524 3760 4595 μεγαλονοίᾳ.

2197 4610 2352 4665 τοῦτο
2398 4612 2806 4684 περιποιήσεται
2867 4613 2897 4665 6
2928 4612 3243 4680 γνωστικὸς,
3275 4613 3382 4666 εἴτε
3417 4616 3646 4686 μιμήσει
3669 4612 3759 4670 τοῦ

2197 4702 2520 4773 κρείττονος.
2557 4703 2724 4776 Τρίτη
2777 4703 2822 4756 δ’
2871 4703 3020 4758 αἰτία
3071 4704 3151 4768 τὸ,
3191 4724 3211 4755 ι
3249 4706 3435 4774 ΙἌφες,
3470 4706 3566 4759 καὶ
3632 4708 3757 4776 ἀφε·

2196 4792 2419 4864 θήσεται
2470 4811 2585 4847 σοι·
2617 4813 2635 4845 ι
2677 4792 3003 4865 βιαζομένης
3053 4794 3241 4868 ὥσπερ
3287 4796 3388 4866 τῆς
3430 4797 3646 4870 ἐντολῆς
3685 4802 3758 4863 είς

2197 4882 2471 4954 σωτηρίαν
2500 4883 2567 4936 δι’
2593 4882 2892 4951 ὑπερϐολὴν
2913 4882 3268 4951 ἀγαθότητος.
3300 4902 3320 4936 ι
3343 4883 3480 4938 Ἀλλ’
3511 4885 3760 4957 ἡγιάσθη-

637 5018 697 5077 ›Ῑ‹
734 5012 795 5067 Ρ.
830 5013 934 5085 8_85
970 5012 1076 5085 ED.
1107 5011 1401 5085 PQTTER,
1440 5015 1676 5071 751-752
1706 5016 1813 5071 ΕΙ).
1845 5013 2073 5074 PARIS.
2147 5025 2174 5055 ι
2194 5012 2384 5070 Matth.
2412 5032 2467 5080 v,
2492 5013 2582 5071 45.
2656 5014 2685 5055 ι)
2707 5008 2898 5072 Matth.
2927 5030 3086 5082 xvm,
3115 5015 3205 5071 Ξῖ.
3283 5027 3308 5057 ο
3330 5013 3352 5069 l
3378 5017 3509 5073 Cor.
3534 5033 3612 5082 vr,
3631 5017 3681 5085 7,
3704 5018 3753 5074 8.

525 5080 557 5125 ἀ
593 5082 668 5140 Ib.
699 5085 735 5138 9
813 5095 836 5125 ε
866 5082 944 5139 lb.
988 5084 1076 5139 Η.
1157 5082 1178 5123 ί
1209 5084 1399 5141 Matth.
1427 5103 1480 5149 ν,
1509 5086 1600 5142 45.

526 5199 993 5278 αὺτοῦ-ἀνατέλλει
1031 5202 1134 5278 ἐρ’-εὶΔ
1150 5219 1282 5278 πονη
1292 5204 1416 5278 pob;
1439 5206 1545 5278 καὶ⁸
1569 5206 1825 5278 ἀγαθούς,
1845 5205 1940 5261 καὶ
1965 5205 2092 5278 βρέ-

563 5288 611 5325 ει
631 5271 724 5324 ἐπὶ
743 5272 983 5334 δικαίους
1000 5271 1091 5325 καὶ
1111 5271 1347 5336 ἀδίκους.
1381 5274 1582 5331 Deinde
1613 5271 1803 5331 Matth.
1825 5271 1979 5339 xvm,
1998 5271 2090 5338 ει,

561 5340 1000 5418 @,_ubi_rogantc
1038 5340 1200 5398 Petro
1238 5362 1263 5418 :_
1289 5343 1481 5418 Κύριε,
1521 5348 1750 5418 ποσάκις
1789 5346 2093 5418 ἁμαρτήσει

524 5362 617 5404 II,
652 5362 745 5396 ιιιη
775 5362 1000 5411 rogante
1038 5362 1200 5398 retro
1238 5362 1250 5397 ἒ
1291 5362 1371 5397 λυ
1415 5363 1481 5409 ιε,
1521 5362 1750 5410 ποσακις
1789 5362 2086 5418 αμαρτησει

524 5412 605 5474 είς
624 5411 725 5480 “4"k
743 5413 773 5487 εδ
791 5410 1014 5487 ἀδελφός
1038 5429 1159 5487 μου.
1182 5414 1276 5487 καὶ
1296 5362 1489 5487 ἀφεσω
1507 5416 1825 5486 αὒτῷ;“Εως
1839 5416 2086 5487 ἑπτάκις

524 5479 819 5553 respondet
843 5479 1003 5553 Iesus
1032 5479 1051 5539 ε’
1073 5479 1152 5538 06
1181 5483 1325 5553 λέγω
1345 5479 1427 5539 σόι
1450 5486 1554 5550 ἕως
1578 5479 1826 5550 ἑπτάκις,
1848 5485 1961 5539 ἀλλ’
1982 5479 2087 5549 ἕως

522 5548 979 5675 ἑϐδομηκοντάκις
1005 5554 1162 5609 ἑπτά.

594 5619 649 5689 (5
689 5626 705 5688 )
753 5621 1106 5689 Ἐὅδομάσιν
1150 5645 1162 5678 ι

753 5621 1106 5700 ζεέδομάσέν
1141 5626 1343 5700 ,ἀριβμ
1387 5623 1523 5685 Vide
1571 5627 1909 5700 superiorem
1959 5641 2087 5698 par-

516 5690 635 5745 tem
659 5704 714 5762 p.
739 5690 846 5749 668
872 5690 1002 5751 edit.
1033 5690 1207 5752 Paris]
1240 5690 1463 5751 me.
1594 5728 1599 5733 -
1640 5690 1655 5700 ’
1683 5735 1699 5750 .

2267 5205 2379 5287 (34)
2431 5205 2764 5287 ’ᾼτγέξτῑουᾳ
2804 5204 3050 5287 Respicit
3095 5206 3116 5261 Ι
3158 5205 3286 5263 Cor.
3312 5223 3389 5272 γι,
3416 5208 3452 5263 3
3487 5223 3501 5259 :
3535 5207 3649 5261 Ούκ
3682 5207 3757 5262 ol-

2196 5276 2441 5349 M15611
2461 5276 2725 5344 ἀγγέλους
2744 5276 3041 5349 κρινοῦμεν
3060 5294 3074 5342 ;

2234 5346 2890 5470 ι(ἕιῗῐζνέὶποσιτεέκῖαθε.
2934 5346 3114 5403 Malim
3134 5348 3483 5421 ἀποστερεῖτε
3500 5347 3752 5413 activum,

2194 5430 2255 5471 ιιι
2285 5431 2347 5471 Sll
2356 5430 2447 5471 ora
2456 5456 2470 5470 .

2266 5432 2527 5567 (ἓιέῗῗῗαι
2564 5486 3044 5567 τοὺςχιὶδεέςοούςςζ
3075 5487 3269 5567 _Mal_im
3301 5488 3406 5567 καίΔ
3428 5485 3599 5567 ταῦτα
3628 5483 3755 5567 τοὺς

2192 5553 2470 5628 ἀδελφούς,
2501 5557 2586 5613 vel
2635 5558 2729 5611 καὶ
2774 5553 2945 5612 ταῦτα
2980 5557 3260 5628 ἀδελφούς,
3309 5578 3328 5611 ι
3358 5564 3415 5613 et
3454 5558 3560 5628 hoc
3595 5553 3755 5628 etiam

2193 5621 2411 5707 fratres,
2442 5646 2460 5679 ι
2486 5642 2576 5707 _ex_
2615 5628 2736 5707 loco
2780 5628 3025 5697 Apostoli
3062 5621 3177 5700 jam
3220 5621 3402 5696 dicto;
3450 5627 3573 5698 ejus
3611 5621 3760 5683 enim

2194 5696 2361 5754 verba
2389 5696 2585 5754 recitat
2610 5696 2882 5754 Clemens.
