4016 6308
350 282 458 339 525

1591 276 1824 335 STROM
1834 276 2021 335 ATUM
2062 276 2192 335 LIB.
2230 276 2343 335 VII.

3468 280 3572 338 526

348 401 443 455 καὶ
464 399 526 454 οὐ
553 397 723 471 δήπου
771 394 905 466 φατὲ
933 395 1043 450 δεῖν
1086 394 1271 449 ὀκνεῖν
1303 394 1424 467 ἦτοι
1466 394 1777 465 φιλοσοφεῖν
1810 397 1896 449 καὶ

2007 394 2154 450 tione
2184 393 2558 465 philosophos,
2592 393 2745 450 fuere
2792 392 3038 465 plurimae
3064 394 3337 452 haereses:
3396 411 3573 466 neque

350 488 659 554 ἱουδαίζειν,
696 488 795 560 τῆς
833 485 1126 556 διαφωνίας
1172 486 1335 540 ἓνεκα
1374 486 1473 556 τῆς
1502 486 1638 557 πρὸς
1676 486 1906 558 ἀλλήλας

344 581 454 636 τῶν
483 579 613 650 παρ’
640 578 766 649 ὑμῖν
797 577 1081 649 αἱρέσεων.
1102 578 1333 631 Ἔπειτα
1355 577 1411 631 δὲ
1436 576 1906 649 ὲπισπαρήσεσθαι

341 675 442 739 τάς
463 672 703 745 αἱρέσεις
730 673 795 742 τῇ
817 668 1063 742 ἀληθείᾳ,
1091 668 1342 741 καθάπερ
1373 667 1452 739 τῷ
1480 668 1636 740 πυρῷ
1673 687 1691 719 ι
1727 669 1796 723 τὰ
1829 668 1909 733 ξι..

343 766 554 833 ζάνια,ι
587 763 725 835 πρὸς
772 761 866 815 τοῦ
915 760 1119 833 Κυρίου
1162 759 1512 833 προφητικῶς
1545 761 1779 831 εἴρηται,
1812 762 1906 813 καὶ

341 856 600 910 ἀδύνατον
631 853 707 925 μὴ
727 851 977 921 γενέσθαι
1020 852 1079 904 τὸ
1105 850 1502 923 προειρημένον
1541 849 1775 903 ἔσεσθαι·
1810 850 1905 902 καὶ

341 947 534 1002 τούτου
563 948 597 1018 ή
637 946 806 1010 αἰτία,
836 945 919 998 ὅτι
969 945 1129 997 παντὶ
1156 942 1236 1014 τῷ
1291 941 1440 1013 καλῷ
1472 941 1661 1013 μῶμος
1690 942 1900 994 Eme-att.

342 1040 432 1111 Μή
460 1057 512 1092 τι
539 1034 655 1103 οὖν,
686 1038 734 1090 εί
772 1039 867 1091 καὶ
902 1036 1180 1108 παραϐαίη
1215 1052 1299 1099 τις
1344 1034 1635 1105 συνθήκας,
1688 1035 1782 1087 καὶ
1805 1034 1901 1104 τὴν

337 1130 628 1204 ὁμολογίαν
670 1127 925 1201 παρέλθοι
965 1128 1062 1199 τὴν
1098 1128 1233 1198 πρὸς
1261 1127 1430 1196 ἡμᾶς,
1455 1124 1544 1179 διά
1570 1126 1661 1178 τὸν
1698 1124 1904 1195 ψευσά-

345 1241 502 1296 μενον
550 1222 648 1294 τὴν
694 1221 985 1293 ὁμολογίαν
1016 1219 1329 1291 ἀφεξόμεθα
1378 1220 1476 1289 τῆς
1520 1218 1774 1289 ἀληθείας
1811 1219 1903 1272 καὶ

339 1318 533 1388 ήμεῖς;
574 1313 809 1377 Ἀλλ’ὼς
843 1313 1091 1383 ἀψευδεῖν
1129 1312 1233 1385 χρὴ
1274 1312 1363 1365 τὸν
1390 1311 1627 1381 ἐπιεικῆ,
1662 1312 1757 1364 καὶ
1800 1328 1905 1383 μη-

335 1407 426 1461 δὲν
450 1400 525 1460 ὧν
551 1406 856 1477 ὑπέσχηται
890 1403 1149 1476 ἀκυροῦν,
1197 1404 1301 1458 κάν
1346 1404 1492 1460 ἄλλοι
1533 1406 1675 1468 τινὲς
1727 1420 1903 1474 παρα-

336 1497 562 1553 ϐαίνωσι
590 1498 878 1570 συνθήκας·
908 1498 1048 1552 οὕτω
1070 1499 1163 1551 καὶ
1183 1499 1329 1569 ἡμᾶς
1359 1498 1521 1552 κατὰ·
1551 1499 1752 1570 μηδένα
1779 1497 1903 1570 τρό-

335 1608 440 1645 πον
480 1591 571 1644 τὸν
622 1590 1070 1660 ἐκκλησιαστικὸν
1117 1589 1475 1661 παραϐαίνειν
1505 1590 1770 1660 προσήκει
1802 1606 1901 1641 κα-

335 1682 484 1736 νόνα·
512 1684 607 1736 καὶ
647 1681 878 1753 μάλιστα
902 1680 1000 1752 τὴν
1028 1681 1159 1754 περὶ
1181 1680 1288 1734 τῶν
1313 1681 1584 1752 μεγίστων
1610 1681 1900 1753 ὁμολογίαν

2009 492 2190 540 tamen
2221 486 2342 540 ideo
2375 486 2733 540 dubitandum
2763 502 2884 542 esse
2913 486 3096 544 dicitis
3122 489 3256 558 quin
3284 488 3358 542 sit
3393 487 3575 557 philo-

2007 577 2383 647 scphandum,
2441 585 2535 632 aut
2579 576 2818 632 Iudaicae
2855 577 3166 633 merendum
3227 578 3528 650 disciplinae
3554 620 3571 641 .

2008 676 2230 738 propter
2249 683 2367 723 eam
2396 684 2520 737 quae
2540 676 2625 723 est
2656 668 2799 724 inter
2845 683 2904 723 se
2934 676 3238 724 vestrarum
3270 668 3574 725 dissensio-

2006 775 2128 816 nem
2158 767 2454 815 sectarum.
2510 759 2782 815 Praeterea
2823 767 3002 815 autem
3035 760 3149 816 fore
3176 769 3235 816 ut
3265 762 3322 816 in
3345 762 3576 818 veritate

2007 850 2345 906 seminentur
2363 852 2619 914 haereses,
2640 854 2786 907 velut
2812 853 2868 907 in
2893 851 3163 909 frumento
3187 872 3207 905 ι
3233 854 3443 910 zizania
3466 869 3518 922 ο,
3547 873 3567 907 ι

2018 942 2334 1011 prophetice
2358 942 2565 997 dictum
2593 951 2675 999 est
2705 958 2737 997 a
2788 941 3038 1008 Domino,
3092 954 3146 1001 et
3191 945 3308 1001 ﬁeri
3339 962 3447 1002 non
3476 963 3575 1018 po-

2007 1039 2135 1099 test,
2167 1041 2227 1087 ut
2255 1050 2361 1088 non
2387 1033 2481 1088 ﬁat
2506 1036 2583 1100 id,
2632 1036 2776 1107 quod
2814 1036 3133 1107 praedictum
3161 1046 3244 1094 est
3271 1054 3392 1095 esse
3421 1040 3572 1096 futu-

2005 1140 2147 1180 rum.
2182 1125 2356 1196 Hujus
2384 1135 2566 1183 autem
2620 1143 2789 1184 causa
2843 1143 2947 1194 est,
2998 1130 3146 1200 quod
3171 1131 3437 1203 quidquid
3485 1144 3572 1191 est

1990 1216 2289 1286 pulchrum
2327 1219 2577 1288 sequitur
2597 1221 2973 1290 reprehensio.
3014 1220 3155 1277 Num
3186 1238 3317 1292 ergo
3344 1224 3392 1280 si
3440 1227 3573 1296 quis

2003 1316 2161 1377 pacta
2184 1318 2451 1365 conventa
2501 1327 2612 1366 non
2657 1313 3050 1378 observaverit,
3102 1322 3156 1369 et
3198 1321 3572 1386 transgressus

2003 1398 2167 1455 fuerit
2193 1416 2311 1455 eam
2344 1418 2465 1472 qua:
2486 1402 2547 1456 Iit
2571 1404 2715 1474 apud
2744 1419 2847 1459 nos
2870 1403 3270 1461 confessionem
3289 1445 3305 1469 ,
3352 1415 3573 1479 propter

2001 1507 2124 1547 eum
2149 1493 2243 1563 qui
2275 1509 2384 1549 non
2416 1496 2567 1550 stetit
2606 1511 2721 1551 sua:
2765 1495 3117 1565 professioni,
3167 1498 3570 1553 abstinebimus

2002 1597 2104 1638 nos
2134 1599 2352 1655 quoque
2375 1601 2407 1639 a
2435 1587 2699 1642 veritate?
2751 1586 2858 1642 Sed
2886 1594 2946 1641 ut
2982 1595 3199 1658 oportet
3229 1588 3410 1643 virum
3440 1605 3568 1659 pro-

2002 1674 2130 1730 bum
2165 1676 2389 1733 minime
2438 1694 2563 1735 esse
2615 1680 2952 1744 mendacem,
3003 1689 3058 1736 et
3107 1681 3246 1736 nihil
3291 1681 3572 1737 infirmare

338 1775 505 1844 ἡμεῖς
536 1773 636 1844 μὲν
666 1772 1025 1845 φυλάττομεν,
1056 1772 1106 1825 οἱ
1142 1771 1199 1825 δὲ
1230 1771 1645 1845 παραϐαίνουσι.
1675 1773 1896 1826 Πιστευ-

1999 1780 2187 1820 eorum
2210 1781 2330 1836 quae
2359 1769 2636 1839 pollicitus
2681 1781 2788 1834 est,
2814 1771 3029 1827 etiamsi
3073 1772 3241 1843 aliqui
3285 1773 3382 1832 alii
3414 1781 3570 1844 pacta

330 1864 456 1919 τέον
514 1861 609 1919 οὖν
670 1867 783 1929 τοῖς
836 1865 1067 1936 βεϐαίως
1117 1864 1397 1936 ἐχομένοις
1457 1866 1555 1936 τῆς
1622 1865 1896 1937 ἀληθείας.

336 1958 481 2031 Ἦδη
507 1958 565 2013 δὲ
593 1960 688 2017 καί⁸
716 1960 792 2024 ὡς
824 1962 882 2013 ὲν
905 1961 1098 2015 πλάτει
1135 1947 1441 2033 χρωμένοις
1463 1962 1586 2033 τῇδε
1614 1965 1678 2034 τῇ
1706 1962 1901 2016 ἀπολο-

331 2047 451 2120 γίᾳ,
499 2047 674 2101 ἔνεστι
737 2048 905 2119 φάναι
953 2050 1091 2120 πρὸς
1146 2051 1365 2116 αὐτοὺς,
1394 2052 1476 2105 ὅτι
1504 2054 1598 2107 καὶ
1639 2054 1688 2107 οί
1725 2054 1900 2125 ἰατροὶ

331 2139 579 2204 ἑναντίας
607 2138 762 2206 δόξας
792 2142 1115 2213 κεκτημένοι
1146 2143 1283 2197 κατά
1302 2145 1398 2208 τὰς
1411 2144 1618 2208 οἰκείας
1637 2144 1897 2217 αἱρέσεις,

332 2228 532 2302 ἐπίσης
551 2229 698 2302 ἔργῳ
734 2230 1141 2304 θεραπεύουσιν.
1174 2235 1320 2306 Μήτι
1340 2231 1452 2299 οὖν,
1484 2235 1705 2306 κάμνων
1728 2253 1811 2299 τις
1840 2235 1901 2288 τὸ

335 2318 522 2391 σιῖιμα,
558 2321 653 2374 καὶ
679 2320 993 2393 θεραπείας⁴
1020 2322 1298 2393 δεόμενος,
1327 2325 1388 2379 οὑ
1413 2312 1690 2398 προσίεται
1720 2327 1900 2398 ἰατρὸν

327 2409 418 2465 διὰ
440 2411 538 2474 τὰς
558 2410 614 2463 ἐν
643 2410 709 2480 τῇ
739 2415 952 2484 ἰατρικῇ
985 2414 1259 2486 αἱρέσειςς
1306 2417 1418 2470 ούκ
1456 2417 1562 2489 ἄρα
1600 2418 1721 2471 οὐδὲ
1743 2418 1772 2470 ὁ
1798 2417 1896 2488 τὴν

326 2500 510 2574 ψυχὴν
557 2502 725 2557 νοσῶν
772 2507 868 2558 καὶ
917 2504 1148 2559 εἰδώλων
1192 2506 1443 2577 ἔμπλεως
1465 2549 1479 2573 ,
1504 2510 1667 2563 ’ἐνεκά
1694 2526 1758 2577 γε
1806 2507 1898 2563 τοῦ

328 2593 549 2663 ὑγιᾶναι
574 2597 668 2650 καὶ
695 2596 775 2659 εἰς
803 2596 934 2651 Θεὸν
967 2598 1310 2670 ἐπιστρέψαι,
1350 2601 1740 2674 προφασίσαιτό
1770 2617 1900 2657 ποτε

327 2684 431 2750 τὰς
460 2685 718 2757 αἱρέσεις.
749 2688 859 2741 Ναὶ
889 2689 995 2760 μὴν
1022 2689 1110 2743 διὰ
1174 2709 1192 2742 ι
1224 2692 1350 2756 τοὺς
1407 2693 1661 2764 δοκίμους
1693 2695 1803 2766 (70)
1827 2739 1842 2761 ,
1875 2715 1894 2748 ι

329 2775 517 2845 φησὶν,
556 2793 575 2826 ι
603 2777 657 2828 αἱ
686 2777 951 2849 αἱρέσεις·
1015 2795 1033 2829 ι
1057 2777 1306 2850 δοκίμους
1353 2782 1471 2853 ήτοι
1515 2786 1643 2849 τοὺς
1695 2788 1775 2851 είς
1809 2787 1899 2841 πί-

333 2880 455 2918 στιν
483 2866 909 2938 ἀφικνουμένους
949 2866 1118 2937 λέγει,
1161 2870 1614 2947 ὲκὶεκτικὼτερον
1652 2879 1901 2949 προσιόν-

332 2972 433 3020 τας
464 2958 525 3027 τῇ
551 2959 786 3029 κυριακῇ
813 2958 1152 3031 διδασκαλίᾳ,
1208 2962 1459 3035 καθάπερ
1488 2965 1612 3030 τοὺς
1643 2965 1897 3039 δοκίμους

330 3044 657 3117 τραπεζίτας
702 3049 812 3120 (71)
868 3050 928 3104 τὸ
963 3051 1210 3123 κίϐδηλον
1240 3053 1483 3127 νόμισμα
1516 3056 1627 3128 (72)
1660 3058 1753 3112 τοῦ
1801 3077 1897 3114 κυε-

331 3137 588 3211 ρίουιάπὸ
616 3138 707 3193 τοῦ
732 3142 1242 3215 παραχαράγματος
1288 3145 1685 3218 διακρίνοντας·
1715 3148 1747 3220 ἢ
1772 3149 1895 3214 τοὺς

330 3229 399 3281 ἓν
418 3230 489 3299 τῇ
516 3228 659 3299 αὑτῆ
680 3227 861 3283 πίστει
880 3229 1139 3302 δοκίμους
1165 3233 1266 3305 ήδη
1307 3235 1629 3305 γενομένους
1661 3237 1804 3291 κατά
1837 3256 1897 3293 τε

326 3319 421 3374 τὸν
461 3320 572 3391 βίον
624 3321 765 3375 κατά
820 3339 885 3375 τε
933 3323 1033 3394 τὴν
1068 3323 1291 3393 γνῶσιν.
1336 3326 1437 3380 Διά
1475 3328 1538 3399 δὴ
1590 3329 1749 3384 τοῦτο
1788 3330 1897 3404 ἄρα

326 3411 572 3477 πλείονος
594 3414 912 3486 ἐπιμελείας
939 3419 1036 3471 καὶ
1062 3420 1403 3491 προμηθείας
1438 3421 1668 3494 δεόμεθα
1694 3425 1775 3488 είς
1799 3424 1897 3497 τὴν

327 3501 575 3568 ἐξέτασιν
599 3504 690 3558 τοῦ
714 3505 829 3569 πῶς
852 3505 1093 3579 ἀκριϐῶς
1117 3508 1361 3579 βιωτέον,
1420 3512 1511 3565 καὶ
1536 3512 1621 3577 τίς
1652 3515 1691 3586 ή
1728 3516 1896 3583 ὅντως

326 3591 465 3650 οὖσα
482 3594 776 3650 θεοσέϐεια.
816 3598 984 3668 Δῆλον
1007 3600 1134 3672 γὰρ,
1168 3601 1251 3655 ὃτι
1296 3602 1552 3657 δυσκόλου
1583 3607 1679 3659 καὶ
1702 3606 1896 3681 δυσέρ-

325 3705 427 3757 γου
452 3689 555 3760 τῆς
590 3688 846 3760 ἀληθείας
871 3692 1263 3764 τυγχανούσης,
1307 3693 1396 3748 διά
1427 3694 1583 3749 τοῦτο
1610 3697 1895 3766 γεγόνασιν

326 3781 387 3835 αἱ
412 3770 686 3854 ζητήσεις,
713 3782 805 3851 ἀφ’
837 3775 912 3835 ὧν
957 3785 1014 3837 αἱ
1044 3785 1285 3853 φίλαυτοι
1336 3787 1431 3839 καὶ
1461 3787 1721 3857 φιλόδοξοι
1743 3790 1894 3862 αἱρέ-

326 3888 464 3939 σεις,
489 3872 565 3945 μὴ
599 3874 874 3945 μαθόντων
897 3874 996 3946 μὲν
1044 3876 1179 3948 μηδὲ
1226 3876 1633 3951 παρειληφότων
1659 3880 1891 3953 ἀληθῶς,

325 3962 504 4035 οἴησιν
549 3964 609 4019 δὲ
655 3965 906 4035 γνώσεως
954 3966 1271 4039 εἰληφότων.
1310 3969 1407 4023 Διά
1450 3971 1691 4036 πλείονος
1716 3973 1894 4027 τοίνυν

324 4057 606 4130 φροντίδος
625 4057 942 4131 ὲρευνητέον
967 4059 1065 4131 τὴν
1110 4060 1188 4131 τῷ
1215 4061 1326 4117 ὄντι
1370 4062 1646 4135 ἀλήθειαν,
1675 4064 1709 4136 ἢ
1756 4066 1889 4137 μόνη

326 4152 458 4223 περὶ
486 4150 578 4203 τὸν
607 4150 773 4216 ὅντως
796 4151 922 4206 ὄντα
945 4152 1078 4206 Θεὸν
1108 4154 1481 4223 καταγίνεται·
1515 4155 1662 4227 πόνῳ
1683 4156 1738 4210 δὲ
1762 4157 1890 4209 ἕπε-

322 4259 416 4296 ται
447 4241 670 4311 γλυκεῖα
715 4242 927 4315 εῦρεσίς
974 4261 1033 4297 τε
1074 4247 1169 4299 καὶ
1219 4248 1426 4317 μνήμη.
1502 4247 1892 4303 Ἐπαποδυτέον

322 4333 435 4406 ἄρα
460 4332 536 4405 τῷ
557 4334 704 4406 πόνῳ
731 4335 829 4405 τῆς
856 4336 1124 4408 εὑρέσεως
1153 4337 1241 4391 διά
1269 4338 1365 4401 τὰς
1405 4338 1663 4410 αἱρέσεις,
1691 4340 1803 4393 ἀλλ’
1829 4341 1890 4395 ού

2000 1868 2266 1912 conventa
2299 1858 2650 1915 transiliant:
2700 1861 2773 1915 ita
2828 1877 2932 1918 nos
2979 1878 3199 1934 quoque
3226 1864 3377 1919 nullo
3405 1864 3571 1920 modo

2002 1950 2255 2004 convenit
2275 1952 2557 2008 transilire
2596 1954 2840 2023 regulam
2893 1954 3324 2011 ecclesiasticam
3355 1975 3369 2011 :
3403 1958 3575 2011 maxi-

2002 2054 2196 2110 meque
2224 2056 2346 2096 eam
2386 2057 2507 2112 qua:
2570 2042 2629 2096 ﬁt
2661 2043 2728 2098 de
2769 2045 2933 2101 rebus
2982 2045 3238 2102 maximis
3268 2044 3569 2115 professio-

2001 2144 2147 2194 nem,
2171 2146 2273 2187 nos
2303 2133 2523 2202 quidem
2552 2134 2929 2201 observamus,
2960 2136 3036 2190 illi
3068 2151 3196 2192 vero
3226 2137 3567 2193 transiliunt.

2002 2219 2099 2274 Est
2122 2236 2250 2291 ergo
2276 2223 2610 2279 credendum
2636 2225 2705 2280 iis
2749 2226 2842 2296 qui
2869 2226 3097 2282 ﬁrmiter
3122 2227 3400 2283 adhaerent
3426 2229 3572 2284 veri-

2002 2311 2120 2366 tati.
2151 2311 2271 2367 Jam
2298 2329 2426 2370 vero
2450 2314 2611 2372 nobis
2659 2316 2806 2388 large
2831 2316 2936 2372 hac
2974 2318 3290 2374 defensione
3329 2319 3457 2374 licet
3488 2320 3567 2374 uti

2001 2404 2178 2474 iisque
2227 2406 2584 2477 respondere,
2643 2406 2791 2478 quod
2843 2408 3037 2464 medici
3087 2425 3305 2480 quoque
3332 2425 3567 2481 quorum

2001 2499 2386 2554 convenienter
2413 2502 2531 2556 suis
2563 2502 2729 2556 sectis
2753 2500 2986 2556 diversa:
3016 2512 3145 2557 sunt
3166 2504 3473 2570 sententia,
3501 2519 3568 2559 ex

1999 2604 2155 2660 aequo
2186 2591 2366 2662 reipsa
2395 2598 2612 2647 curant.
2644 2591 2785 2647 Num
2815 2607 2946 2664 ergo
2974 2594 3245 2664 quispiam
3271 2603 3565 2664 aegrotans,

1999 2687 2052 2733 et
2079 2679 2172 2749 qui
2205 2685 2266 2735 ut
2290 2687 2514 2735 curetur
2559 2695 2700 2753 opus
2755 2681 2938 2745 habet,
2970 2698 3082 2737 non
3131 2683 3370 2738 admittit
3398 2682 3570 2740 medi-

2000 2785 2146 2835 cum,
2174 2779 2395 2841 propter
2425 2787 2520 2828 eas
2548 2788 2670 2843 quae
2720 2780 2849 2828 sunt
2901 2773 2958 2827 in
2992 2774 3263 2830 medicina
3292 2774 3568 2831 haereses?

1999 2857 2077 2914 Ita
2105 2877 2324 2934 quoque
2351 2863 2445 2933 qui
2471 2864 2651 2917 anima
2685 2872 2931 2935 aegrotat,
2963 2873 3019 2921 et
3055 2874 3140 2921 est
3163 2867 3357 2936 plenus
3389 2867 3564 2922 simu-

1999 2953 2272 3010 lacrorum
2327 2955 2589 3018 vanitale,
2626 2954 2849 3010 sanitati
2892 2970 3025 3011 sane
3052 2964 3106 3011 et
3136 2957 3203 3012 ad
3234 2956 3402 3013 Deum
3433 2973 3567 3014 con-

1998 3043 2236 3099 versioni
2267 3060 2546 3116 nunquam
2575 3046 2812 3102 hatreses
2833 3054 3117 3117 praetexat.
3161 3048 3321 3105 Certe
3348 3058 3568 3119 propter

2000 3155 2021 3188 ι
2051 3138 2362 3208 probatos,»
2428 3139 2627 3211 inquit,
2663 3149 2794 3196 sunt
2834 3159 2853 3192 ι
2881 3139 3119 3196 haereses
3142 3141 3208 3197 δι
3266 3157 3286 3191 ι
3315 3140 3569 3211 probatos

1995 3237 2177 3286 autem
2222 3232 2390 3296 dicit,
2426 3233 2511 3288 vel
2538 3248 2634 3290 eos
2666 3233 2762 3305 qui
2815 3233 3095 3289 venientes
3132 3233 3200 3289 ad
3231 3233 3415 3296 ﬁdem,
3447 3251 3566 3290 ma-

1990 3323 2101 3393 jori
2152 3322 2365 3380 delectu
2419 3324 2689 3381 accedunt
2743 3325 2810 3380 ad
2849 3324 3154 3381 doctrinam
3208 3324 3565 3392 Dominicam,

1993 3419 2256 3483 tanquam
2289 3414 2493 3485 probos
2538 3417 2879 3487 argentarios
2911 3416 3006 3486 qui
3036 3432 3319 3471 nummum
3360 3418 3566 3474 domini

1994 3504 2363 3560 adulterinum
2415 3507 2737 3562 discernunt
2778 3523 2849 3564 ex
2876 3508 3011 3563 falsa
3047 3508 3442 3579 impressione;
3471 3518 3564 3565 aut

1993 3611 2090 3652 eos
2112 3596 2204 3666 qui
2230 3597 2286 3652 in
2318 3598 2438 3668 ipsa
2466 3597 2573 3653 ﬁde
2606 3597 2720 3666 jam
2768 3598 2986 3669 probati
3041 3608 3356 3664 evaserunt,
3408 3608 3464 3656 et
3506 3602 3564 3657 in

1991 3686 2106 3741 vita
2126 3698 2179 3743 et
2202 3688 2258 3742 in
2287 3689 2623 3760 cognitione.
2673 3687 2968 3761 Propterea
3011 3705 3142 3762 ergo
3183 3691 3380 3762 majori
3429 3707 3563 3748 cura

1992 3793 2131 3850 opus
2154 3787 2239 3836 est
2288 3788 2343 3836 et
2392 3781 2755 3852 providentia,
2790 3790 2850 3836 ut
2880 3782 3223 3838 examinetur
3255 3798 3368 3854 quo
3401 3786 3562 3842 modo

1994 3871 2067 3926 sit
2093 3879 2285 3927 exacte
2329 3872 2644 3941 vivendum,
2697 3880 2752 3929 et
2805 3890 3056 3945 quaenam
3085 3876 3158 3931 sit
3186 3891 3316 3931 vera
3347 3877 3559 3948 .pietas.

1991 3964 2218 4021 Clarum
2255 3971 2341 4020 est
2393 3967 2538 4021 enim
2587 3966 2733 4036 quod
2796 3981 2922 4022 cum
2970 3968 3175 4024 veritas
3200 3969 3272 4024 sit
3302 3969 3472 4025 ardua
3509 3979 3564 4027 et

1982 4054 2252 4126 .dilﬁcilis,
2306 4064 2593 4126 propterea
2639 4064 2787 4113 certe
2815 4059 3071 4114 oriuntur
3111 4061 3465 4130 quaestiones,
3496 4078 3564 4117 ex

1991 4148 2190 4219 quibus
2220 4164 2333 4219 prae
2364 4150 2535 4205 nimio
2588 4151 2674 4206 sui
2721 4166 2906 4207 amore
2933 4159 2987 4207 et
3018 4154 3204 4224 gloriae
3234 4155 3559 4226 cupiditate,

1992 4249 2292 4297 nascuntur
2323 4242 2557 4299 haereses
2579 4258 2769 4298 eorum
2825 4244 2921 4315 qui
2962 4259 3073 4299 non
3101 4244 3413 4301 didicerunt
3436 4249 3563 4318 qui-

1992 4328 2136 4394 dem,
2183 4344 2361 4400 neque
2410 4347 2539 4386 vere
2572 4340 2919 4402 acceperunt,
2953 4332 3047 4387 scd
3095 4333 3202 4387 sibi
3236 4333 3561 4405 cognitionis

322 4424 506 4478 τέλεον
532 4425 881 4479 ἀποστατέον·
901 4427 1020 4479 οὐδὲ
1040 4427 1167 4499 γὰρ,
1196 4426 1414 4500 ὀπώρας
1447 4431 1879 4504 παρακειμένης,

1997 4438 2275 4492 sumpsere
2327 4423 2758 4492 persuasionem.
2825 4423 2920 4479 Est
2975 4440 3105 4496 ergo
3154 4426 3314 4481 nobis
3364 4426 3561 4495 majori

321 4513 426 4583 τῆς
459 4512 559 4583 μὲν
584 4512 815 4585 ἀληθοῦς
846 4514 938 4566 καὶ
982 4513 1211 4585 ὡρίμου,
1243 4515 1342 4585 τῆς
1394 4514 1450 4567 δὲ
1490 4516 1554 4568 ἐκ
1607 4516 1777 4588 κηροῦ
1807 4517 1884 4582 ὡς

1997 4514 2161 4569 ιιιιιιὶο
2189 4525 2243 4568 et
2291 4529 2424 4568 cura
2451 4515 2846 4584 perscrutanda
2874 4521 2933 4578 >14
2965 4531 3029 4570 ea
3059 4533 3180 4589 quae
3203 4532 3329 4573 vere
3356 4525 3438 4573 est
3470 4534 3560 4571 ve-

320 4603 407 4657 ὃτι
430 4602 661 4673 μάλιστα
714 4601 991 4675 ἐμφεροῦς
1022 4604 1415 4676 πεποιημένης,
1461 4604 1549 4657 διὰ
1580 4605 1676 4677 τὴν
1702 4606 1886 4677 ὁμοιό-

319 4709 461 4764 τητα
491 4694 692 4765 ἀμφοῖν
739 4693 1019 4764 ἀφεκτέον.
1074 4694 1385 4765 Διακριτέον
1436 4695 1491 4748 δὲ
1548 4695 1680 4766 ὁμοῦ
1727 4714 1784 4749 τε
1821 4699 1887 4768 τῇ

322 4778 700 4852 καταληπτικῇ
733 4779 954 4852 θεωρίᾳ,
983 4781 1077 4833 καὶ
1114 4780 1190 4851 τῷ
1222 4783 1540 4852 κυριωτάτῳ
1567 4782 1810 4856 λογισμῷ
1833 4786 1893 4839 τὸ

322 4871 520 4942 ἀληθὲς
567 4872 674 4925 ἀπὸ
704 4872 795 4926 τοῦ
830 4873 1178 4943 φαινομένου.
1223 4874 1336 4928 Καὶ
1358 4873 1546 4946 ὧσπερ
1583 4875 1703 4929 ὁδοῦ
1758 4879 1888 4947 μιᾶς

324 4961 428 5033 μὲν
448 4963 549 5033 τῆς
574 4961 858 5034 βασιλικῆς
900 4963 1291 5035 τυγχανούσης,
1346 4964 1555 5018 πολλῶν
1579 4965 1635 5018 δὲ
1675 4970 1768 5021 καὶ
1790 4968 1885 5021 άλ-

317 5049 431 5106 λων
453 5051 560 5106 τῶν
587 5053 686 5124 μὲν
714 5054 806 5107 ἐπί
829 5071 950 5107 τινα
969 5055 1232 5125 κρημνὸν,
1260 5054 1368 5108 τῶν
1422 5055 1479 5109 δὲ
1511 5058 1604 5111 ἐπὶ
1643 5060 1888 5130 ποταμὸν

1981 4606 2138 4666 ritas,
2173 4620 2295 4675 quae
2332 4606 2446 4660 sola
2471 4606 2618 4660 circa
2646 4623 2770 4662 eum
2813 4609 2907 4677 qui
2937 4625 3063 4663 vere
3104 4618 3189 4664 est
3238 4608 3382 4665 Deus
3434 4624 3558 4664 ver-

1987 4708 2164 4752 satur.
2198 4696 2464 4753 Laborem
2487 4707 2669 4753 autem
2719 4700 3077 4770 consequitur
3104 4701 3283 4757 dulcis
3319 4703 3559 4755 inventio

1988 4796 2043 4840 et
2070 4790 2350 4843 memoria.
2404 4788 2501 4844 Est
2528 4805 2658 4860 ergo
2709 4791 2865 4846 labor
2894 4793 3203 4848 inveniendi
3241 4793 3559 4848 subeundus

1993 4888 2214 4949 propter
2247 4882 2503 4948 hatreses,
2533 4882 2629 4936 sed
2655 4898 2763 4938 non
2804 4891 2888 4939 est
2917 4885 3141 4939 omnino
3173 4885 3557 4941 deﬁcicndum.

1992 4968 2178 5039 Neque
2206 4971 2351 5025 enim
2388 4973 2434 5029 si
2459 4975 2743 5044 appositus
2789 4976 2860 5031 sit
2888 4975 3119 5041 fructus,
3166 4992 3307 5031 unus
3336 4977 3556 5047 quidem

1992 5078 2157 5118 verus
2184 5070 2238 5119 et
2260 5071 2530 5131 maturus,
2561 5067 2703 5124 alius
2746 5083 2877 5123 vero
2930 5067 3108 5124 factus
3136 5084 3201 5124 ex
3244 5082 3369 5123 cera
3390 5083 3553 5137 quam

501 5215 561 5274 ᾖ(
598 5208 660 5266 Ρ.
702 5208 828 5277 888,
868 5208 977 5266 ED.
1013 5206 1308 5272 POTTER,
1343 5209 1445 5264 755
1479 5208 1587 5266 ΕΙ).
1624 5210 1845 5268 PARIS.

1997 5212 2165 5270 rIatth.
2191 5232 2313 5280 xm,
2347 5217 2494 5273 εὕει
2520 5235 2639 5291 seq.
2716 5221 2744 5262 ιι
2783 5219 2804 5273 1
2834 5220 2963 5278 Cor.
2999 5238 3077 5288 χι,
3106 5222 3192 5279 l9.

392 5361 505 5435 (70)
551 5364 655 5418 Διά
708 5362 850 5429 τοὺς
879 5361 1183 5435 δοκίμους.
1233 5360 1679 5435 Hoc_brevitatis
1717 5379 1884 5435 causa

317 5429 526 5504 dictum
559 5449 766 5504 proco,
799 5434 945 5504 quod
973 5429 1133 5504 latius
1166 5431 1308 5504 apud
1344 5429 1572 5504 Paulum
1601 5438 1683 5486 est
1713 5433 1882 5489 lCor.

318 5516 379 5557 ιι
400 5499 578 5575 ι-ξινιέ
583 5506 634 5575 οἱ
662 5499 874 5575 δόκιμοι
903 5502 1125 5575 φανεροὶ
1154 5499 1449 5575 γέιζωνται.
1476 5499 1742 5575 Ξειωωις.

391 5573 506 5645 (Ἡ)
538 5573 689 5640 Τοὺς
716 5569 1001 5645 δοκίμους
1029 5569 1203 5640 τραπ.
1235 5569 1480 5645 Respicit
1507 5572 1711 5645 Christi
1750 5588 1884 5645 ριςῳ.

320 5640 539 5713 ceptum
574 5640 862 5718 superius'
882 5652 1243 5698 memoratum
1273 5640 1478 5705 Strom.
1517 5642 1566 5710 Ι,
1598 5657 1720 5716 pag.
1751 5640 1879 5711 125,

322 5720 435 5768 not.
1298 5744 1303 5755 ι

2061 5368 2174 5444 (72)
2208 5369 2285 5424 Τὸ
2315 5372 2605 5441 κίϐδηλον
2632 5392 2764 5444 νομ.
2805 5375 2859 5430 Id
2883 5385 2991 5443 est,
3046 5398 3064 5430 ι
3093 5379 3364 5434 numisma
3399 5379 3558 5435 adul-

1991 5442 2226 5532 terinum
2261 5456 2300 5532 ἦ
2335 5444 2508 5532 νιοϐε
2540 5459 2603 5498 ac
2633 5442 2876 5530 legitimo
2907 5464 2975 5532 ex
3010 5448 3145 5505 falsa
3196 5450 3559 5532 impressione

1988 5509 2421 5592 discernentes.»
2459 5511 2594 5567 Nam
2644 5509 2831 5587 κύριον
2884 5519 3131 5591 νόμισμα
3158 5509 3451 5592 opponitur
3479 5519 3560 5592 τῷ
3660 5546 3665 5551 ο

1987 5578 2244 5705 ξὲϐΐῗήλῳ.
2282 5582 2552 5654 Interpres
2578 5578 2864 5655 perperam
2904 5606 2923 5641 ι
2950 5578 3249 5644 ἰιιιιίιιιιιιήι’
3296 5578 3559 5647 domini}

2108 5666 2125 5704 ι
2155 5690 2169 5705 .
