4016 6308
473 296 578 352 527

1640 296 2033 356 CLEMENTIS
2063 301 2530 360 ALEXANDBINI

3599 308 3713 366 528

472 412 712 469 maxime
746 411 962 480 similis,
992 421 1216 484 propter
1272 408 1682 469 similitudinem
1728 422 1813 469 est
1863 415 2036 471 absti-

2142 417 2376 490 ῥοὼδηῆ
2421 416 2695 473 Θάλασσαν
2743 417 3017 490 ἀγχιϐαθῆ
3057 419 3359 492 φερουσῶν,
3406 417 3506 475 οὐκ
3534 420 3713 487 ἄντις

469 506 715 563 nendum
763 507 831 562 ab
877 514 1130 576 utroque.
1171 503 1346 560 Simul
1387 513 1568 561 autem
1619 506 2038 561 discernendum

468 605 561 656 est
601 598 1051 670 comprehensiva
1101 597 1601 668 contemplatione,
1651 606 1707 653 et
1754 598 2042 669 principali

472 689 936 754 consideratione,
984 702 1176 743 verum
1233 688 1303 744 ab
1352 702 1421 743 eo
1475 688 1622 760 quod
1673 696 1919 759 apparet.
1976 687 2043 743 Et

470 780 931 853 quemadmodum
972 780 1020 836 si
1074 795 1184 835 una
1241 779 1461 851 quidem
1517 781 1588 835 sit
1634 779 1724 835 via
1770 781 1940 851 regia,
1987 789 2042 836 et

471 875 659 929 multa:
679 873 841 930 etiam
877 873 1016 936 alia,
1046 888 1110 928 ex
1142 872 1343 943 quibus
1368 872 1565 943 aliqua:
1602 871 1784 928 ferunt
1820 873 1874 927 in
1904 888 2042 942 pra:-

476 966 744 1036 cipitium,
775 965 971 1036 aliqua!
1001 980 1132 1021 vero
1178 965 1246 1020 ad
1289 963 1513 1019 ﬂuvium
1544 964 1732 1034 rapide
1762 964 2039 1031 ﬂuentem,

476 1068 570 1113 aut
601 1060 669 1113 ad
704 1073 853 1113 mare
875 1055 1229 1128 profundum.
1255 1072 1368 1113 non
1421 1057 2040 1129 dubitaveritquispiam

474 1149 620 1205 viam
652 1148 863 1220 ingredi
892 1156 1116 1219 propter
1148 1148 1571 1213 dissensionem,
1606 1148 1701 1205 sed
1748 1157 1934 1205 utetur
1955 1150 2041 1204 via

474 1244 622 1314 regia
651 1251 708 1299 et
726 1243 855 1298 trita
879 1252 934 1298 ει
980 1243 1227 1312 sejuncta
1282 1255 1311 1295 a
1358 1241 1641 1311 periculo:
1695 1241 1770 1295 ita
1796 1257 1920 1297 cum
1949 1242 2041 1297 alii

470 1335 579 1391 alia
607 1335 794 1391 dicant
823 1336 891 1390 de
912 1335 1163 1398 veritate,
1223 1348 1333 1387 non
1366 1339 1451 1389 est
1499 1332 1912 1398 discedendum,
1945 1333 2041 1389 sed

471 1427 787 1498 diligentius
841 1434 925 1482 est
967 1424 1297 1496 inquirenda
1329 1424 1452 1494 ejus
1501 1425 1917 1479 accuratissima
1947 1440 2043 1480 co-

472 1518 665 1590 gnitio.
717 1517 851 1572 Nam
892 1532 1016 1572 cum
1071 1518 1313 1573 oleribus
1363 1518 1716 1574 hortensihus
1742 1532 1850 1572 una
1878 1518 2040 1572 etiam

472 1616 779 1667 nascuntur
809 1610 1009 1665 herbae.
1038 1607 1178 1663 Num
1227 1617 1514 1681 propterea
1570 1610 1851 1666 abstinent
1898 1609 2044 1679 agri-

470 1705 607 1761 colae
638 1719 669 1759 a
699 1704 913 1758 cultura
959 1701 1279 1757 hortorum?
1327 1701 1464 1756 Cum
1511 1717 1643 1773 ergo
1688 1702 2041 1758 habeamusa

2145 509 2371 581 ὀκνήσαι
2397 511 2485 565 διά
2513 511 2610 583 τὴν
2637 510 2932 581 διαφωνίαν
2980 510 3217 575 ὁδεῦσαι,
3264 513 3532 584 χρήσαιτο
3557 512 3604 566 δ’
3641 513 3715 566 ἀν

2144 603 2208 671 τῇ
2238 602 2501 673 ἀκινδύνῳ
2519 603 2613 655 καὶ
2647 602 2897 674 βασιλικῇ
2927 604 3022 657 καὶ
3045 602 3322 674 λεωφόρῳ·
3348 602 3542 669 οὕτως,
3575 604 3715 660 ἄλλα

2143 691 2318 746 ἄλλων
2349 695 2477 763 περὶ
2536 692 2795 764 ἀληθείας
2852 694 3147 763 λεγόντων,
3196 695 3297 749 οὐκ
3355 694 3711 762 ἀποστατέον,

2146 780 2566 854 ἐπιμελέστερον
2594 781 2649 835 δὲ
2682 780 2945 855 θηρατέον
2995 784 3093 855 τὴν
3142 784 3543 858 ἀκριϐεστάτην
3577 788 3711 858 περὶ

2143 871 2315 941 αὐτῆς
2336 872 2554 940 γνῶσινο
2592 874 2716 927 ἐπεὶ
2742 873 2845 926 κάν
2888 875 3003 938 τοῖς
3040 874 3432 946 κηπευομένοις
3460 875 3714 947 λαχάνοις

2145 964 2570 1033 συναναφύονται
2590 966 2684 1018 καὶ
2708 965 2833 1019 πόαι
2865 965 2998 1035 (75).
3029 967 3176 1038 Μήτι
3209 963 3302 1020 οὖν
3338 966 3633 1037 ἀπέχονται
3659 970 3713 1023 οι

2144 1058 2381 1126 γεωργοὶ
2433 1058 2532 1128 τῆς
2610 1057 2948 1128 κηπευτικῆς
3027 1057 3386 1128 ὲπιμελείας;
3457 1060 3714 1129 Ἔχοντες

2142 1145 2236 1202 οὖν
2265 1147 2462 1212 πολλὰς
2492 1150 2557 1202 ἐκ
2588 1148 2801 1217 φύσεως
2825 1148 3077 1221 ἀφορμάς
3108 1149 3243 1220 πρὸς
3274 1150 3337 1203 τὺ
3360 1148 3717 1215 ὲξετάξειντά

2141 1239 2429 1310 λεγόμενα,
2468 1239 2563 1292 καὶ
2594 1240 2692 1310 τῆς
2745 1240 3002 1311 ἀληθείας
3042 1240 3142 1312 τὴν
3187 1240 3509 1295 ἀκολουθίαν
3560 1241 3719 1307 ἐξευ-

2145 1333 2352 1405 ρίσκειν
2392 1334 2696 1405 ὀφείλομενο
2749 1333 2829 1387 διὸ
2880 1332 2975 1387 καὶ
3025 1333 3251 1397 εἰκότως
3280 1334 3596 1406 κρινόμεθα,
3630 1330 3716 1398 οξ

2141 1424 2258 1479 δέον
2288 1422 2592 1489 πείθεσθαι,
2644 1424 2719 1495 μὴ
2754 1422 3304 1494 συγκατατιθέμενοι,
3353 1424 3430 1496 μή
3471 1425 3720 1479 διαστέλ-

2141 1517 2324 1582 λοντες
2350 1518 2409 1572 τὸ
2434 1519 2756 1589 μαχόμενον,
2787 1516 2882 1570 καὶ
2919 1517 3187 1590 ἀπρεπὲς,
3221 1518 3317 1570 καὶ
3344 1518 3495 1588 παρά
3525 1518 3710 1588 φύσιν,

2142 1613 2237 1666 καὶ
2264 1611 2477 1682 ipsi“;
2503 1611 2612 1665 ἀπό
2638 1628 2698 1665 τε
2726 1608 2992 1681 τάληθοῦς
3021 1610 3118 1664 καὶ
3147 1609 3242 1664 τοῦ
3262 1610 3578 1676 ἀκολούθου,
3614 1612 3715 1667 καὶ

2140 1702 2233 1756 τοῦ
2270 1704 2588 1775 πρέποντος,
2623 1702 2718 1755 καὶ
2763 1702 2857 1755 τοῦ
2903 1703 3044 1759 κατά
3082 1702 3270 1772 φύσιν·
3317 1697 3407 1767 αἷς
3437 1703 3717 1775 ἀφορμαξ

471 1804 669 1853 natura
696 1794 864 1849 multa
889 1808 1011 1864 quae
1035 1809 1135 1849 nos
1161 1793 1413 1859 incitant,
1448 1802 1501 1850 et
1526 1794 1662 1849 dant
1691 1794 2036 1850 occasionem

2145 1794 2552 1867 καταχρηστέον
2590 1794 2672 1857 εἰς
2719 1792 3012 1862 ἐπίγνωσιν
3046 1798 3144 1867 τῆς
3173 1797 3342 1860 ὅντως
3387 1794 3554 1868 οὔσης
3582 1797 3721 1867 alr,-

473 1887 543 1943 ad
571 1903 635 1944 ea
665 1904 786 1959 qua:
816 1886 1075 1942 dicuntur
1124 1886 1520 1952 examinanda,
1570 1887 1736 1941 etiam
1792 1886 2040 1941 veritatis

472 1981 720 2037 invenire
748 1980 1195 2051 consequentiam
1219 1978 1498 2035 debemus.
1537 1980 1811 2046 Quocirca
1843 1976 2040 2034 merito

469 2075 637 2131 etiam
659 2074 817 2145 321
850 2074 1302 2134 condemnamur,
1334 2072 1382 2128 si
1438 2088 1547 2127 non
1580 2072 1948 2127 assentiamur
1972 2070 2041 2126 iis

469 2167 675 2238 quibus
705 2172 920 2237 oportet
964 2178 1178 2237 parere,
1228 2179 1329 2220 nec
1382 2163 1764 2220 discernamus
1797 2163 1853 2219 id
1893 2164 2041 2234 quod

470 2268 760 2333 repugnat,
792 2268 847 2316 et
870 2259 1214 2321 indecorum,
1263 2267 1316 2313 et
1344 2266 1543 2329 praeter
1574 2264 1827 2310 naturam
1849 2262 1954 2321 est,
1986 2262 2042 2310 et

472 2350 693 2414 falsum,
726 2363 757 2403 a
808 2363 939 2405 vero
993 2356 1046 2403 et
1087 2354 1482 2411 consentanea,
1534 2352 1589 2402 et
1631 2345 1849 2410 decoro,
1884 2350 1938 2398 et
1973 2359 2039 2399 eo

469 2441 619 2513 quod
649 2449 734 2498 est
764 2440 1065 2497 secundum
1113 2449 1387 2494 naturam.
1443 2436 1655 2504 Quibus
1704 2436 1922 2508 quidem
1954 2445 2040 2491 est

469 2534 755 2598 utendum,
788 2541 1046 2602 tanquam
1100 2529 1488 2586 occasionibus
1517 2529 1875 2600 agnoscenda:
1919 2528 2041 2598 ejus

469 2639 590 2697 que
621 2638 748 2680 vere
778 2630 864 2680 est
890 2621 1160 2679 veritatis.
1209 2620 1417 2675 Graecis
1448 2634 1581 2691 ergo
1624 2628 1709 2675 est
1738 2618 1920 2674 inanis
1949 2618 2040 2674 hic

471 2724 809 2789 przetextus:
864 2713 1174 2770 volentibus
1202 2712 1346 2769 enim
1387 2711 1575 2767 licebit
1620 2710 1865 2767 invenire
1895 2710 2037 2765 veri-

468 2818 661 2867 tatem.
695 2808 791 2865 llis
821 2815 1003 2863 autem
1033 2807 1128 2878 qui
1158 2820 1357 2862 causas
1402 2804 1683 2861 adducunt
1706 2820 1828 2875 qua:
1847 2813 2039 2860 carent

470 2903 703 2969 ratione,
737 2908 922 2957 manet
946 2900 1330 2957 condemnatio
1359 2897 1800 2969 indeprecabilis.
1842 2895 2035 2953 Utrum

470 2996 615 3052 enim
639 2994 838 3048 tollunt
865 3009 936 3047 an
969 2992 1279 3048 concedunt
1320 3007 1445 3047 esse
1476 2990 2040 3047 demonstrationem?

469 3084 737 3140 Existimo
766 3098 958 3139 omnes
1006 3099 1128 3140 esse
1159 3097 1524 3139 concessuros
1569 3090 1766 3154 praeter
1812 3097 1907 3138 eos
1939 3082 2032 3153 qui

2145 1888 2313 1953 θείας.
2341 1888 2562 1942 Ματαία
2579 1887 2757 1941 τοίνυν
2782 1890 2895 1950 τοῖς
2916 1887 3172 1959 Ἕλλησιν
3192 1890 3226 1960 ή
3248 1889 3517 1961 πρόφασις
3547 1887 3713 1961 αὕτηο

2143 1984 2255 2046 τοῖς
2287 1982 2386 2053 μὲν
2417 1980 2526 2054 γάρ
2554 1980 2895 2052 βουλομένοις
2924 1980 3140 2045 ἐξέσται
3183 1982 3278 2035 καὶ
3306 1980 3368 2034 τὸ
3398 1982 3580 2052 εὑρεῖν
3614 1982 3717 2053 τὴν

2144 2071 2419 2145 ἀλήθειαν·
2451 2074 2563 2134 τοῖς
2613 2070 2671 2124 δὲ
2720 2070 2903 2133 αἰτίας
2962 2069 3194 2138 ἀλόγους
3254 2068 3718 2141 προσαλλομένοις

2143 2165 2545 2234 ἀναπολόγητος
2579 2166 2612 2235 ἡ
2653 2163 2853 2236 κρίσις.
2903 2163 3138 2236 Πότερον
3174 2161 3282 2235 γάρ
3333 2162 3649 2234 ἀναιροῦσιν
3677 2161 3715 2235 ἢ

2145 2256 2628 2327 συγκατατίθενται
2659 2252 2797 2310 εἶναι
2832 2254 3138 2321 ἀπόδειξιν;
3192 2252 3361 2327 Οἶμαι
3391 2256 3605 2320 πάντας
3646 2255 3717 2309 ἀν

2142 2349 2496 2421 ὁμολογήσειν
2563 2348 2694 2401 ἀνευ
2766 2345 2876 2400 τῶν
2937 2347 3037 2410 τὰς
3088 2346 3367 2420 αἰσθήσεις
3429 2347 3719 2419 ἀναιρούν-

2142 2458 2250 2495 των
2304 2440 2436 2511 (74).
2483 2437 2829 2505 Ἀποδείξεως
2868 2440 2913 2494 δ’
2946 2439 3130 2513 οὔσης,
3166 2441 3379 2512 ἀνάγκη
3438 2457 3714 2510 συγκατα-

2142 2531 2348 2587 ϐαίνειν
2379 2534 2459 2596 είς
2483 2532 2581 2597 τὰς
2618 2531 2898 2605 ζητήσεις,
2934 2530 3030 2585 καὶ
3069 2532 3153 2585 ’δι’
3197 2531 3375 2586 αὐτῶν
3426 2532 3536 2587 τῶν
3573 2534 3615 2586 Γ
3620 2551 3714 2606 ρα-

2143 2626 2259 2695 φῶν
2288 2625 2646 2696 ἐκμανθάνειν
2692 2623 3104 2688 ἀποδεικτικῶς,
3133 2623 3281 2689 ὅπως
3315 2624 3417 2696 μὲν
3466 2627 3713 2697 ἀπεσφά-

2140 2719 2314 2791 λησαν
2342 2721 2397 2772 αί
2431 2718 2692 2791 αἱρέσεις,
2727 2718 2875 2781 ὅπως
2906 2717 2964 2771 δὲ
2996 2718 3053 2771 ἐν
3099 2716 3233 2789 μόνη
3252 2720 3316 2787 τῇ
3350 2717 3581 2789 ἀληθεία
3617 2719 3709 2771 καὶ

2140 2813 2205 2881 τῇ
2240 2810 2441 2882 ἀρχαίᾳ
2502 2810 2796 2882 Ἐκκλησία
2827 2810 2863 2881 ἥ
2896 2825 2955 2864 τε
2990 2809 3358 2882 ἀκριϐεστάτη
3389 2809 3593 2877 γνῶσις
3615 2811 3709 2864 καὶ

2141 2905 2175 2974 ή
2202 2902 2281 2973 τῷ
2307 2902 2419 2956 ὅντι
2452 2903 2649 2974 ἀρίστη
2673 2902 2902 2974 αἵρεσις.
2950 2901 3071 2955 Τῶν
3102 2918 3159 2954 τε
3193 2900 3300 2955 ἀπὸ
3321 2900 3421 2971 τῆς
3451 2900 3708 2972 ἀληθείας

2142 2991 2580 3063 ἐκτρεπομένων,
2633 2994 2681 3045 οἱ
2718 2992 2815 3062 μὲν
2863 2992 3005 3060 σφᾶς
3057 2992 3256 3054 αὐτοὺς
3303 2991 3520 3062 μόνους,
3564 2992 3613 3045 oi
3651 2990 3706 3044 δὲ

2141 3087 2380 3150 καὶτοὺς
2415 3086 2583 3149 πέλας
2638 3084 2913 3156 ὲξαπατᾷν
2944 3083 3326 3156 ἐπιχειροῦσιν.
3380 3086 3443 3139 Οἱ
3487 3084 3590 3156 μὲν
3613 3081 3705 3140 οὖν

477 3193 673 3233 sensus
695 3191 910 3247 quoque
938 3176 1158 3229 tollunt.
1196 3173 1254 3230 Si
1285 3173 1358 3230 sit
1384 3182 1565 3228 autem
1605 3174 2032 3240 demonstratio,

2139 3179 2411 3247 60$630;o:
2444 3177 2786 3249 καλούμενοι,
2820 3179 2870 3230 οἱ
2901 3177 2997 3249 τὴν
3025 3178 3277 3251 ἀλήθειαν
3297 3177 3589 3250 εὑρηκέναι
3621 3197 3705 3233 vo-

466 3285 694 3327 necessc
721 3276 807 3325 est
848 3268 1181 3323 descendere
1212 3265 1277 3321 ad
1306 3266 1657 3337 quaestiones,
1684 3274 1737 3320 et
1768 3281 1864 3338 per
1888 3266 2035 3337 ipsas

469 3361 788 3433 Scripturas
814 3360 1025 3417 discere
1056 3358 1505 3421 demonstrative,
1553 3358 1828 3429 quomodo
1872 3359 2038 3429 lapsae

467 3465 597 3511 sunt
618 3454 889 3521 haereses;
926 3463 979 3508 et
1004 3460 1221 3515 contra,
1266 3451 1542 3522 quomodo
1572 3449 1625 3503 in
1661 3451 1775 3504 sola
1807 3450 2037 3505 veritate

464 3555 521 3604 et
554 3547 780 3618 antiqua
809 3544 1054 3601 Ecclesia
1110 3544 1183 3600 sit
1228 3542 1632 3615 perfectissima
1684 3543 1947 3613 cognitio,
1980 3549 2035 3598 et

462 3656 528 3696 ea
564 3656 685 3710 qua:
725 3646 811 3694 est
849 3651 1038 3694 revera
1077 3638 1281 3707 Optima
1330 3636 1575 3692 haeresis.
1615 3635 1689 3690 Ex
1737 3636 1804 3691 iis
1851 3642 2032 3691 autem

461 3731 555 3804 qui
580 3731 857 3787 declinant
886 3744 917 3783 a
948 3728 1191 3794 veritate,
1242 3728 1332 3784 alii
1362 3729 1582 3799 quidem
1619 3730 1830 3800 seipsos
1860 3729 2029 3793 solos,

461 3822 554 3877 alii
573 3836 703 3877 vero
726 3820 1060 3891 propinquos
1090 3835 1306 3891 quoque
1335 3827 1606 3875 conantur
1634 3820 1839 3875 fallere.
1854 3820 2032 3890 Atque

463 3915 499 3969 ii
532 3913 748 3986 quidem
784 3915 879 3984 qui
933 3913 1278 3984 appellantur
1303 3914 1600 3983 δοξόσοφοι,
1630 3913 1734 3969 hoc
1783 3923 1887 3976 est,
1919 3913 2029 3983 opi-

460 4006 625 4061 nione
657 4020 757 4063 sua
812 4006 1110 4076 sapientes,
1166 4007 1260 4078 qui
1306 4023 1365 4063 se
1416 4007 1705 4061 veritatem
1757 4004 2029 4061 invenisse

454 4099 797 4162 existimant,
834 4100 1040 4154 nullam
1074 4099 1337 4155 habentes
1386 4115 1568 4155 veram
1605 4100 2030 4155 demonstratio-

458 4205 605 4258 nem,
649 4190 687 4246 ii
720 4190 934 4262 seipsos
983 4190 1286 4262 decipiunt,
1340 4179 1800 4262 acquiesceudum
1832 4190 2027 4245 existi-

454 4291 707 4339 mantes:
744 4299 975 4355 quorum
1032 4298 1140 4339 non
1192 4300 1394 4355 parvus
1427 4291 1512 4339 est
1546 4298 1831 4349 numerus,
1858 4283 2028 4353 quiet

2143 3270 2408 3342 μίζοντες,
2431 3271 2529 3324 ούκ
2551 3270 2760 3341 ἔχοντες
2785 3270 3054 3335 ἀπόδειξιν
3079 3270 3332 3341 οὐδεμίαν
3352 3269 3549 3341 ἀληθῆ,
3581 3271 3707 3325 ἑαυ-

2139 3364 2264 3426 τοὺς
2315 3358 2459 3417 οὗτοι
2505 3363 2785 3416 ἀπατῶσιν
2835 3361 3246 3416 ἀναπεπαῦσθαι
3272 3362 3605 3434 νομίζοντεςθ
3629 3356 3703 3415 ὧν

2138 3455 2341 3526 πλῆθος
2374 3454 2475 3507 οὐκ
2525 3454 2723 3524 ὀλίγον,
2758 3454 2853 3519 τάς
2884 3471 2944 3508 τε
2986 3453 3238 3525 ζητήσεις
3291 3451 3702 3525 ἐκτρεπομένων

2135 3546 2224 3601 διὰ
2279 3548 2406 3611 τοὺς
2456 3547 2711 3619 ἐλέγχους
2744 3548 2879 3617 (75),
2941 3546 3358 3617 ἀποφευγόντων
3401 3545 3456 3599 δὲ
3490 3547 3584 3599 καὶ
3623 3544 3701 3598 δι-

2134 3640 2428 3705 δασκαλίας
2446 3641 2531 3695 διὰ
2561 3641 2659 3712 τὴν
2678 3640 3038 3710 κατάγνωσιν
3063 3642 3111 3694 οί
3143 3639 3199 3693 δὲ
3224 3639 3349 3703 τοὺς
3383 3637 3701 3710 προσιόντας

2138 3731 2511 3798 ἐξαπατῶντες
2570 3734 2865 3806 πανοῦργοι
2902 3733 3132 3805 σφόδρα’
3165 3731 3213 3785 οἳ
3246 3732 3340 3785 καὶ
3362 3730 3699 3804 παρακολου-

2133 3823 2349 3889 θοῦντες
2374 3825 2554 3887 αὐτοῖς
2588 3822 2723 3896 (76),
2758 3823 2839 3877 ὅτι
2874 3823 3038 3894 μηδὲν
3089 3821 3424 3885 ἐπίστανται,
3459 3820 3698 3884 πιθανοῖς

2131 3918 2282 3989 ὅμως
2311 3918 2699 3989 ἐπιχειρήμασι
2722 3917 3026 3982 σκοτίζουσι
3058 3915 3155 3987 τὴν
3193 3914 3467 3987 ἀλήθειαν.
3507 3913 3696 3986 Ἑτέρα

2131 4009 2197 4072 δ’,
2231 4004 2404 4080 οἶμαι,
2467 4009 2575 4062 τῶν
2614 4008 2850 4063 πιθανῶν
2896 4007 3357 4081 ἐπιχειρημάτων,
3396 4008 3492 4061 καὶ
3537 4006 3696 4078 ἑτέρα

2131 4103 2238 4155 τῶν
2270 4102 2485 4174 ἀληθῶν
2514 4105 2547 4174 ή
2587 4102 2763 4172 φύσις.
2791 4101 2897 4156 Καὶ
2942 4102 3023 4155 ὅτι
3056 4101 3162 4155 τῶν
3185 4100 3449 4172 αἱρέσεων
3483 4098 3692 4169 ἀνάγκη

2128 4192 2226 4257 τὴν
2255 4191 2546 4263 ὀνομασίαν
2581 4192 2716 4263 πρὸς
2746 4190 3155 4263 ἀντιδιαστολὴν
3194 4191 3294 4261 τῆς
3333 4187 3589 4261 ἀληθείας
3617 4188 3697 4242 λέ·

2129 4284 2339 4352 γεσθαι,
2364 4283 2720 4355 γινώσκομεν·
2754 4285 2848 4353 ἀφ’
2881 4279 2949 4356 ἦς
2981 4301 3100 4337 τινα
3136 4282 3554 4346 ἀποσπάσαντες
3600 4282 3691 4336 ἐπὶ

452 4377 789 4447 ιιιιαξειίοηεε
811 4375 1090 4432 declinant
1124 4392 1194 4431 ne
1222 4375 1595 4438 conlutentur,
1636 4381 1691 4429 et
1719 4373 2025 4428 doctrinam

2139 4375 2272 4448 λύμη
2293 4376 2397 4429 τῶν
2417 4374 2717 4447 ἀνθρώπων
2762 4377 2810 4429 οἱ
2841 4375 3113 4445 σοφισταὶ,
3158 4376 3274 4438 ταῖς
3306 4373 3692 4445 ὲξευρημέναις

452 4468 631 4524 vitant
663 4475 721 4534 >14
759 4485 828 4525 ne
864 4470 1315 4527 condemnentur.
1348 4468 1449 4537 Qui
1483 4478 1664 4524 autem
1693 4483 1787 4523 eos
1808 4468 1898 4538 qui
1934 4483 2022 4523 ac-

2131 4468 2311 4537 σφίσιν
2331 4468 2702 4539 ἀνθρωπικαῖς
2722 4468 2936 4539 τέχναις
2961 4465 3437 4540 ἐγκατορύξαντες,
3469 4465 3690 4537 αύχοῦσι

445 4562 654 4618 cedunt
680 4561 983 4634 decipiunt,
1046 4571 1175 4620 sunt
1217 4561 1371 4617 valde
1400 4561 1590 4624 astuti,
1656 4560 1749 4630 qui
1806 4559 2019 4615 etiamsi

2139 4559 2481 4631 προΐστασθαι
2521 4561 2798 4634 διατριϐῆς
2827 4560 3085 4632 μᾶλλονῆ
3135 4559 3479 4632 Ἑκκλησίας.

452 4650 589 4707 satis
628 4660 993 4724 assequamur
1022 4652 1236 4708 senihil
1267 4651 1430 4716 scire,
1478 4649 1850 4721 probabilibus
1892 4657 2073 4705 tamen
2120 4651 2455 4720 argumentis
2488 4652 2784 4707 obscuraut
2822 4652 3126 4708 veritatem.
3182 4650 3300 4705 Alia
3346 4659 3431 4706 est
3487 4656 3686 4709 autem,

453 4750 512 4801 ut
540 4746 755 4818 opinor,
787 4753 982 4802 natura
1031 4746 1398 4818 probabilium
1453 4751 1922 4815 argumentorum,
1958 4751 2013 4800 et
2038 4744 2145 4798 alia
2188 4759 2463 4801 verorum.
2495 4743 2561 4798 Et
2602 4746 2745 4815 quod
2781 4760 3007 4801 necesse
3054 4745 3127 4800 sit
3171 4760 3370 4800 nomen
3410 4743 3685 4798 haereseon

450 4841 525 4895 ita
558 4840 813 4913 usurpari
848 4848 909 4895 ut
942 4841 1154 4896 veritati
1178 4845 1508 4909 opponatur,
1533 4845 1586 4893 et
1624 4838 1693 4893 ab
1725 4852 1789 4893 ea
1820 4837 2211 4903 distinguatur,
2240 4838 2627 4907 cognoscimus
2680 4857 2694 4893 :

2749 4853 2778 4891 a
2835 4852 2942 4908 qua
2996 4852 3120 4892 cum
3180 4836 3424 4907 quzedam
3481 4835 3547 4889 ad
3591 4834 3688 4888 ho-

452 4931 657 4988 minum
684 4931 978 5005 perniciem
1007 4931 1308 4987 avulserint
1359 4930 1649 5001 sophistae,
1689 4929 1945 4985 humanis
1968 4938 2022 4983 et
2058 4945 2088 4984 a
2121 4944 2180 4985 se
2214 4929 2452 4985 inventis
2501 4945 2566 4985 ea
2624 4929 2956 4988 infodientes
2994 4930 3227 4996 artibus,
3275 4928 3583 5002 gloriantur
3628 4942 3686 4983 se

448 5038 683 5095 praeesse
733 5023 981 5078 diatribae
1029 5038 1125 5079 seu
1175 5022 1377 5077 scholae
1430 5022 1615 5094 potius
1664 5036 1829 5092 quam
1865 5018 2141 5077 Ecclesiae.

625 5165 684 5223 >14
724 5157 786 5211 P.
830 5157 957 5223 889,
992 5156 1098 5210 ΕΙ).
1138 5154 1436 5223 POTTER,
1474 5156 1580 5213 756
1612 5155 1723 5211 ΕΙ).
1757 5154 1979 5211 PABIS.

518 5313 643 5385 (75)
683 5312 848 5366 Πόαι.
880 5310 938 5367 Id
972 5319 1079 5372 est,
1113 5310 1299 5368 herba:
1331 5314 1397 5366 ὲκ
1423 5313 1521 5385 τῆς
1546 5311 1652 5382 γῆς
1692 5311 2013 5385 αύωμάτως

2139 5307 2264 5385 uici.
2296 5308 2528 5385 ullam»
2560 5309 2820 5366 sensibus
2861 5309 3228 5384 cognitionem
3259 5325 3421 5382 posse
3440 5326 3544 5368 nos
3567 5309 3682 5367 adi-

446 5378 860 5454 βλαστάνουσαι⁸
900 5401 918 5434 ι
941 5396 1067 5454 quae
1086 5390 1282 5452 sponte
1317 5402 1337 5435 ι
1374 5387 1444 5454 ει,
1474 5378 1704 5454 διεφιεὲ
1731 5378 2010 5454 hominum

2139 5378 2582 5454 pisci.CoL_Lscr.
2655 5450 2666 5454 _
2731 5451 2742 5454 _
2933 5378 2996 5454 ⁷,
3052 5400 3053 5403 ‘

444 5452 608 5523 opera
629 5468 648 5502 ι
676 5466 709 5507 ε
730 5459 877 5506 terra
899 5452 1210 5523 germinant
1229 5470 1276 5519 ς»
1314 5459 1375 5508 ιιι
1398 5453 1476 5507 ait
1513 5452 1832 5525 Hesychius.

514 5585 630 5658 (74)
684 5587 879 5658 "Areu,
916 5585 1036 5641 τῶν
1091 5588 1198 5655 τὰς
1238 5588 1554 5657 αἰσθήσεις
1587 5590 2011 5658 ἀναιρούντων.

450 5672 471 5704 ι
503 5653 760 5731 Ιςςεειιιὶε
810 5657 940 5731 illis,
1002 5659 1095 5728 qui
1143 5653 1341 5715 sensus
1385 5653 1636 5715 tollunt.»
1697 5653 2014 5731 Philosophi

441 5725 664 5795 quidam
699 5730 977 5797 negabant
1004 5725 1159 5785 certo
1187 5732 1318 5785 sciri
1367 5732 1687 5803 quidquam,
1713 5739 1771 5787 ut
1803 5725 2013 5789 Acade-

2121 5537 2142 5571 ι
2168 5519 2248 5574 Νε
2277 5519 2684 5577 confutentum

2113 5600 2270 5659 trept.

2118 5706 2119 5711 η
2151 5659 2308 5735 --(76)
2328 5661 2562 5735 Αὑτοῖς.
2597 5661 2959 5735 Scribendum
3003 5664 3186 5735 potius
3211 5663 3413 5728 αὐτοῖς,
3450 5670 3510 5718 ιιι
3534 5676 3679 5733 sape

2118 5731 2269 5800 alibi,
2291 5741 2348 5785 ct
2375 5732 2539 5802 paulo
2566 5748 2731 5802 supra
2759 5732 2977 5797 αὐτούς.

2212 5449 2300 5505 75)
2333 5451 2438 5503 Διὰ
2469 5450 2612 5517 τοὺς
2641 5450 2745 5505 ἑλέ
2786 5469 2949 5521 κους.
2985 5452 3258 5522 lnterpres
3295 5460 3445 5508 recte
3473 5451 3673 5509 vertit:

2218 5536 2248 5574 e
2277 5519 2684 5574 confutentur.»
2720 5469 2854 5574 «de
2888 5538 3007 5574 nan.
3047 5523 3169 5574 759.
3199 5523 3330 5574 Vide
3350 5524 3513 5574 etiam
3542 5522 3673 5574 Pro-

2771 5524 2854 5577 ide
2888 5538 3007 5592 pag.
3047 5523 3169 5577 759.
3199 5523 3330 5578 Vide
3350 5524 3513 5580 etiam
3542 5522 3679 5577 Pro-

2293 5605 2349 5661 p.
2379 5590 2438 5645 ll
2469 5591 2603 5645 edit.
2633 5590 2811 5647 Paris.
2842 5590 3063 5649 Lowru.
