4016 6308
379 262 479 321 529

1641 252 2065 311 STROMATUM
2109 254 2236 310 LIB.
2276 253 2385 311 Vll.

3499 251 3602 317 530

1789 391 2017 449 CAPUT
2048 391 2191 449 XVI.

375 510 525 567 Duas
553 510 784 567 rationes
811 509 1051 579 proponit
1081 508 1270 580 quibus
1305 524 1435 580 veru
1453 506 1583 580 fides
1609 506 1674 580 ab
1699 507 1887 580 Iiafrem'
1915 506 2175 580 distingui
2186 507 2407 580 possit:
2450 506 2503 559 1⁸
2529 504 2600 580 ad
2636 505 2945 575 Scriptura:
2971 505 3287 562 recurrendo
3307 545 3322 570 ,
3352 515 3506 575 atque
3542 520 3609 558 ea:

1396 576 1463 632 iis
1495 578 1559 633 de
1595 578 1840 632 doctrina
1864 578 2047 650 quavis
2072 576 2337 646 judicium
2359 576 2593 645 ferendo.

461 691 602 746 Ἀλλ’
632 692 684 746 οί
710 692 889 746 πονεῖν
911 690 1117 761 ἕτοιμοι
1140 690 1230 744 ἐπὶ
1260 692 1371 761 τοῖς
1390 688 1693 754 καλλίπαις
1717 689 1778 743 οὐ
1808 688 1942 761 πρό-

2112 687 2218 742 Sed
2247 686 2341 757 qui
2390 687 2446 741 in
2494 686 2659 743 rebus
2714 685 3096 757 pulcherrimis
3124 686 3366 743 laborem
3393 688 3602 759 impen-

378 801 535 859 τερον
576 785 972 856 ἀποστήσονται
1008 782 1294 855 ζητοῦντες
1344 781 1444 855 τὴν
1496 782 1768 866 ἀλήῼειαν,
1810 782 1939 854 πρὶν

381 875 449 930 ἂν
489 873 588 945 τὴν
633 872 901 937 ἀπόδειξιν
943 871 1038 925 ἀπ’
1081 870 1257 925 αὐτῶν
1297 869 1501 924 λάϐωσι
1532 868 1639 921 τῶν
1691 868 1937 939 Γραφῶν.

385 967 538 1020 Ἔστι
583 965 684 1037 μὲν
743 960 835 1019 οὖν
867 964 1021 1019 κοινά
1068 980 1188 1016 τινα
1238 961 1347 1014 τῶν
1396 959 1698 1033 ἀνθρώπων
1755 961 1942 1032 κριτή-

380 1071 491 1126 ρια,
527 1053 778 1125 καθάπερ
823 1054 891 1108 τὰ
935 1052 1292 1124 αἰσθητήριαο
1330 1049 1400 1103 τὰ
1429 1050 1475 1104 δ’
1505 1050 1639 1105 ἄλλα
1677 1050 1787 1104 τῶν
1826 1048 1939 1121 (77)

382 1145 765 1219 βουληθέντων,
815 1146 909 1199 καὶ
951 1143 1309 1214 ἀσκησὰντων
1333 1142 1404 1195 τὰ
1432 1142 1607 1215 ἀληθῆ
1634 1144 1703 1197 τὰ
1726 1142 1815 1195 διὰ
1848 1141 1939 1194 νοῦ

383 1240 475 1293 καὶ
495 1237 753 1309 λογισμοῦ
786 1235 1025 1306 τεχνικὰ,
1052 1235 1221 1305 λόγων
1246 1236 1460 1306 ἀληθῶν
1482 1252 1542 1289 τε
1586 1236 1680 1290 καὶ
1709 1235 1938 1306 ψευδῶν.

381 1330 648 1398 Μέγιστον
688 1328 743 1382 δὲ
777 1328 839 1382 τὸ
887 1328 980 1381 καὶ
1025 1326 1122 1399 τὴν
1164 1329 1339 1399 οἴησιν
1364 1326 1678 1391 ἀποθέσθαι,
1712 1328 1771 1381 ἐν
1796 1326 1943 1398 μέσῳ

380 1420 751 1484 καταστάντας
808 1418 1067 1490 ἀκριϐοῦς
1117 1421 1429 1491 ἐπιστήμης
1484 1419 1578 1472 καὶ
1640 1417 1942 1489 προπετοῦς

381 1509 708 1579 δοξοσοφίας,
733 1510 826 1562 καὶ
855 1509 1076 1577 γνῶναι,
1108 1510 1189 1561 ὅτι
1237 1509 1265 1560 ὁ
1311 1510 1409 1581 τὴν
1463 1507 1678 1563 αἰώνιον
1710 1507 1941 1572 ἐλπίζων

382 1602 688 1656 ἀνάπαυσιν
722 1598 1010 1670 γιγνώσκει
1044 1600 1138 1654 καὶ
1167 1600 1265 1671 τὴν
1293 1600 1492 1655 εἴσοδον
1541 1600 1709 1672 αὐτῆς
1749 1600 1943 1653 ἐπίπο-

382 1710 471 1746 νον
492 1689 658 1746 οὖσαν
686 1692 777 1745 καὶ
804 1710 821 1743 ι
844 1690 1204 1762 τεθλιμμένην
1232 1690 1339 1761 (78)
1363 1707 1376 1720 ο
1408 1710 1427 1742 ι
1464 1691 1492 1744 ὅ
1526 1708 1582 1744 τε
1614 1688 1760 1755 ἅπαξ
1786 1691 1944 1759 εὐαγ-

381 1782 666 1853 γελισθεὶς,
696 1784 787 1838 καὶ
833 1783 891 1836 τὸ
925 1785 1206 1854 σωτήριον,
1243 1783 1492 1854 φησὶν,ἐν
1517 1777 1687 1856 ᾖῶρᾳ
1713 1782 1938 1854 ἐπιγνῷ,

384 1874 460 1945 μὴ
512 1893 531 1926 ι
556 1874 964 1947 ἐπιπρεςρέσοω
996 1874 1106 1944 (79)
1165 1875 1245 1937 είς
1275 1872 1346 1927 τὰ
1387 1875 1562 1928 ὀπίσω
1610 1874 1863 1946 καθάπερ
1905 1877 1937 1945 ὴ

384 1965 508 2020 Λὼτ
538 1966 696 2037 γυνὴ,
729 1986 746 2017 ι
801 1966 935 2038 μηδὲ
983 1967 1063 2029 είς
1112 1965 1203 2019 τὸν
1252 1966 1512 2037 πρότερον
1554 1964 1663 2036 βίον
1712 1965 1804 2018 τὸν
1831 1969 1943 2029 τοῖς

2044 778 2177 834 dere
2209 785 2338 834 sunt
2365 778 2561 848 parati,
2590 793 2700 833 non
2722 779 2988 834 desistent
3018 778 3171 849 prius
3199 793 3443 848 qurerere
3470 780 3612 835 veri-

2044 870 2236 931 tatem,
2267 882 2430 938 quam
2459 883 2525 923 ex
2558 868 2693 937 ipsis
2719 866 3019 939 Scripturis
3047 870 3355 941 acceperint
3381 870 3610 925 demon-

2047 960 2389 1015 strationem.
2412 960 2490 1013 Ae
2525 966 2655 1014 sunt
2688 960 2909 1030 quidem
2937 975 3259 1017 communes
3290 960 3610 1017 hominibus

2046 1051 2337 1107 facultates
2363 1051 2670 1122 judicandi,
2707 1052 2850 1107 sicut
2881 1068 3077 1108 sensus
3108 1068 3121 1104 :
3156 1053 3262 1107 alia
3290 1060 3472 1109 autem
3510 1068 3609 1109 eo-

2047 1157 2166 1197 rum
2189 1143 2281 1214 qui
2311 1143 2715 1203 consultarunt,
2752 1152 2807 1197 et
2832 1153 3196 1199 exercuerunt
3234 1160 3298 1199 ea
3332 1160 3454 1214 qua:
3481 1158 3614 1199 vera

2047 1240 2175 1288 sunt
2208 1251 2221 1286 :
2248 1248 2445 1304 nempe
2465 1247 2586 1303 qitaa
2600 1248 2726 1287 vera
2745 1241 2798 1287 et
2822 1232 2978 1298 falsa,
3001 1249 3097 1303 per
3112 1242 3350 1291 mentem
3371 1241 3425 1290 et
3440 1234 3610 1289 ratio-

2046 1322 2375 1376 cinationem
2400 1322 2692 1378 artiﬁciose
2708 1321 3070 1393 distinguunt.
3089 1321 3379 1378 Maximum
3397 1332 3482 1379 est
3506 1339 3611 1379 ana

2047 1420 2153 1467 tein
2169 1413 2415 1483 deposita
2432 1415 2515 1467 sui
2542 1414 2817 1483 opinione,
2849 1414 3151 1470 consistere
3175 1415 3229 1469 in
3252 1415 3428 1470 medio
3446 1430 3609 1473 accu-

2046 1514 2176 1561 rata:
2206 1506 2448 1561 scientia:
2490 1513 2546 1560 et
2588 1505 2891 1560 temerariae
2920 1504 3202 1574 sapientia:
3230 1505 3526 1576 opinionis,
3554 1516 3610 1563 et

2046 1612 2210 1652 nosse
2249 1596 2390 1665 quod
2421 1596 2514 1665 qui
2540 1604 2796 1650 aeternam
2828 1602 3012 1663 sperat
3037 1595 3295 1664 quietem,
3327 1597 3611 1668 cognoscit

2046 1688 2209 1741 etiam
2232 1688 2352 1757 ejus
2385 1688 2670 1742 introitum
2691 1701 2812 1743 esse
2842 1685 3178 1741 laboriosum
3204 1696 3257 1743 et
3288 1706 3306 1739 ι
3328 1696 3558 1743 arctum.
3581 1707 3601 1740 ι

2047 1778 2115 1833 Et
2146 1780 2238 1849 qui
2268 1781 2438 1836 semel
2469 1779 2690 1834 admisit
2724 1777 3099 1849 Evangelium,
3126 1794 3193 1834 ne
3221 1778 3331 1844 ille,
3348 1779 3607 1844 salutare,

2048 1872 2244 1942 inquit,
2272 1886 2380 1942 qua
2406 1872 2537 1925 hora
2562 1873 2896 1941 cognoverit,
2930 1889 2949 1922 ι
2968 1871 3031 1925 ad
3062 1885 3126 1925 ea
3158 1885 3278 1941 qua:
3308 1877 3436 1926 sunt
3463 1880 3611 1927 retro

2048 1972 2402 2019 convertatur
2444 1965 2586 2019 sicut
2634 1979 2772 2018 uxor
2803 1962 2972 2027 Lota,
2998 1980 3018 2014 ι
3057 1977 3234 2033 neque
3274 1962 3340 2017 ad
3375 1963 3611 2033 priorem

382 2054 660 2125 αἰσθητοῖς
703 2054 1121 2127 προσανέχοντα,
1160 2053 1293 2127 μηδέ
1321 2052 1427 2125 μὴν
1459 2056 1540 2117 είς
1578 2054 1676 2117 τὰς
1708 2056 1944 2126 αἱρέσεις

2053 2058 2213 2111 vitam
2244 2072 2364 2127 quin
2389 2057 2479 2112 dat
2510 2071 2730 2126 operam
2761 2056 2925 2110 rebus
2958 2045 3277 2119 sensilibu‘s,
3309 2055 3405 2110 sed
3434 2070 3612 2125 neque

382 2145 837 2218 ειττιλινδρομείτω⁸
867 2144 1098 2209 ἐθίζουσι
1135 2145 1244 2218 γὰρ
1287 2146 1546 2217 ἀμηγέπη
1588 2146 1678 2200 τὸν
1711 2147 1839 2201 ὄντα
1871 2147 1945 2219 μὴ

382 2233 741 2304 γινώσκουσαι
765 2236 915 2288 Θεόν.
959 2253 978 2286 ι
1017 2236 1075 2289 '0
1102 2235 1209 2307 γὰρ
1235 2236 1401 2305 φιλῶν
1434 2237 1641 2309 πατέρα
1668 2238 1700 2310 ἢ
1738 2239 1947 2309 μητέρα

381 2326 523 2397 ὑπὲρ
548 2324 697 2396 ἐμὲ.»
723 2324 812 2378 τὸν
833 2325 1000 2389 ὅντως
1033 2327 1242 2397 πατέρα
1270 2327 1362 2380 καὶ
1374 2326 1689 2381 διδάσκαλον
1702 2330 1798 2400 τῆς
1814 2329 1945 2400 ἀλη-

382 2414 571 2480 θείας,
633 2416 724 2469 τὸν
766 2416 1145 2486 ἀναγεννῶντα
1198 2419 1292 2471 καὶ
1341 2418 1717 2485 ἀνακτίζοντα,
1751 2421 1845 2475 καὶ
1875 2439 1948 2475 τι-

382 2508 709 2581 θηνούμενον
748 2508 845 2581 τὴν
892 2509 1069 2580 ψυχὴν
1097 2508 1192 2579 τὴν
1231 2507 1627 2583 ἐξειλεγμένην,
1670 2511 1807 2568 tofm
1833 2511 1947 2566 ἐστι
1992 2516 1997 2521 ’

387 2618 490 2672 μου
522 2599 689 2665 ἄξιος,
722 2619 739 2650 ι
770 2598 937 2669 λέγει,
971 2599 1064 2653 τοῦ
1098 2595 1234 2652 εἶναι
1264 2601 1376 2664 υἱὸς
1399 2601 1554 2668 Θεοῦ,
1584 2603 1675 2655 καὶ
1704 2601 1948 2674 μαοητὴς

384 2686 541 2751 Θεοῦ,
571 2686 704 2758 ὁμοῦ
755 2688 850 2740 καὶ
899 2687 1050 2758 φίλος
1095 2691 1188 2743 καὶ
1241 2691 1536 2762 συγγενής’
1579 2709 1596 2742 ι
1625 2692 1808 2754 οὐδεὶς
1839 2691 1945 2763 (80)

386 2778 496 2852 γὰρ
528 2782 608 2844 είς
645 2780 711 2833 τὰ
742 2779 916 2835 ὀπίσω
961 2782 1171 2853 βλέπων
1203 2785 1295 2837 καὶ
1326 2783 1624 2837 ἐπιϐάλλων
1654 2784 1752 2856 τὴν
1793 2786 1949 2857 χεῖρα

390 2871 551 2927 αὑτοῦ
589 2874 675 2927 ἐπ’
703 2873 929 2946 ἄροτρον
961 2874 1176 2940 abiisse;
1224 2877 1291 2948 τῇ
1322 2875 1566 2949 βασιλείᾳ
1602 2876 1694 2930 τοῦ
1743 2876 1895 2933 Θεοῦ.
1924 2897 1942 2928 ι

406 2964 559 3030 Ἀλλ’,
583 2967 657 3030 ὡς
696 2966 889 3032 ἔοικεν,
922 2970 1034 3032 τοῖς
1075 2967 1285 3033 πολλοῖς
1310 2970 1403 3024 καὶ
1429 2970 1589 3043 μέχρι
1617 2970 1709 3024 νῦν
1740 2971 1887 3025 δοκεῖ
1915 2973 1948 3043 ἡ

392 3057 619 3130 Μαριὰμ
650 3059 790 3130 λεχὼ
816 3056 953 3115 εἶναι
982 3060 1068 3114 διὰ
1094 3060 1189 3134 τὴν
1216 3061 1309 3116 τοῦ
1353 3063 1564 3117 παιδίου
1590 3063 1829 3133 γένησιν,
1850 3064 1950 3117 οὐκ

388 3143 520 3202 οὖσα
554 3149 693 3221 λεχώ
710 3168 725 3183 ·
755 3151 978 3225 καὶγὰρ
1011 3153 1121 3223 (8|)
1148 3155 1282 3225 μετὰ
1302 3156 1362 3208 τὸ
1384 3158 1561 3210 τεκεῖν
1591 3156 1755 3229 αὐτὴν
1779 3175 1949 3230 μαιω-

392 3238 593 3307 θεῖσαν,
643 3242 774 3312 φασί
804 3259 949 3306 τινες
980 3243 1246 3315 παρθένον
1291 3247 1597 3319 εὑρεθῆναι.
1625 3246 1876 3302 Τοιαῦται
1903 3248 1947 3301 δ’

390 3333 520 3404 ἡμῖν
550 3335 606 3386 αἱ
633 3335 908 3407 Κυριακαὶ
940 3336 979 3389 Γ
985 3338 1174 3407 ραφαὶ,
1218 3338 1318 3409 τὴν
1344 3337 1598 3411 ἀλήθειαν
1631 3339 1951 3395 ἁποτίκτου-

2049 2157 2296 2204 recurrat
2317 2149 2384 2204 ad
2413 2149 2670 2204 hzereses.
2690 2147 2747 2202 ln
2770 2147 3230 2203 consuetudinem
3259 2148 3402 2202 enim
3426 2148 3613 2203 nescio

2046 2243 2323 2312 quomodo
2372 2257 2527 2297 suam
2576 2242 2920 2311 pertrahunt,
2953 2256 3076 2295 cum
3122 2256 3249 2295 eum
3291 2240 3384 2311 qui
3422 2256 3612 2295 revera

2047 2342 2130 2389 est
2162 2350 2271 2389 non
2321 2335 2572 2390 noverint
2602 2334 2794 2389 Deum.
2822 2354 2842 2386 ι
2865 2334 2969 2401 Qui
3002 2334 3145 2389 enim
3180 2334 3359 2405 diligit
3404 2343 3613 2403 patrem

2047 2428 2134 2482 vel
2166 2436 2394 2483 matrem
2429 2428 2552 2498 plus
2586 2443 2748 2498 quam
2785 2444 2872 2484 me
2888 2428 2939 2493 ι’,
2962 2447 2980 2480 ι
3013 2428 3107 2498 qui
3136 2443 3258 2483 sum
3287 2442 3417 2483 vere
3457 2432 3614 2498 pater

2045 2524 2101 2572 et
2132 2518 2393 2589 magister
2419 2518 2687 2582 veritatis,
2709 2519 2802 2587 qui
2832 2533 3092 2589 regenero
3114 2526 3167 2573 et
3190 2532 3397 2581 recreo,
3431 2516 3616 2573 foveas

2049 2621 2154 2677 que
2181 2615 2236 2662 et
2260 2609 2347 2663 alo
2387 2610 2613 2664 electam
2645 2611 2903 2675 animam,
2933 2626 2951 2659 ι
2972 2625 3080 2664 ιιοιι
3104 2617 3188 2664 est
3230 2624 3318 2663 me
3345 2608 3566 2678 dignus,
3590 2625 3609 2658 ι

2048 2707 2109 2755 ut
2141 2700 2232 2763 sit,
2265 2700 2463 2770 inquit,
2495 2697 2589 2754 Dei
2624 2698 2787 2764 ﬁlius,
2819 2707 2873 2754 et
2890 2698 2983 2754 Dei
3021 2699 3344 2770 discipulus,
3368 2712 3423 2755 et
3450 2701 3618 2757 simul

2048 2794 2212 2850 etiam
2241 2791 2451 2848 amicus
2472 2798 2527 2846 et
2555 2800 2819 2863 cognatus
2848 2811 2862 2846 :
2890 2810 2909 2844 ι
2928 2790 3095 2846 Nemo
3121 2793 3264 2847 enim
3295 2793 3361 2847 ad
3392 2808 3458 2847 ea
3495 2809 3617 2864 qua

2052 2891 2181 2940 sunt
2212 2891 2361 2936 retro
2409 2880 2733 2951 respiciens,
2762 2888 2816 2936 et
2851 2895 3069 2936 manum
3115 2895 3270 2937 suam
3303 2883 3523 2940 mittens
3547 2882 3616 2939 ad

2049 2982 2408 3039 aratrum,est
2423 2982 2761 3044 aptusregno
2785 2971 2875 3028 Dei
2898 2983 2944 3028 ε.
2960 2993 2978 3026 ι
3005 2972 3132 3036 Sed,
3148 2980 3208 3026 ut
3225 2971 3458 3040 videtur,
3484 2975 3620 3029 mul-

2048 3068 2121 3120 tis
2142 3066 2199 3119 in
2227 3064 2549 3120 hodiernum
2578 3063 2724 3120 diem
2753 3063 2967 3118 videtur
2993 3062 3160 3117 Maria
3191 3078 3315 3118 esse
3347 3079 3617 3134 puerpera

2049 3165 2276 3228 propter
2303 3164 2483 3212 ortum
2522 3155 2640 3218 ﬁlii,
2673 3170 2797 3209 cum
2825 3172 2933 3208 non
2970 3155 3040 3210 sit
3069 3167 3355 3227 puerpera.
3386 3152 3618 3222 Quidam

2049 3249 2195 3304 enim
2214 3249 2424 3314 dicunt,
2453 3264 2571 3305 eam
2594 3252 2947 3320 postquamrlt
2973 3247 3293 3317 peperisset,
3315 3247 3616 3317 inspectam

2050 3344 2118 3398 ab
2148 3342 2466 3404 obstetrice.
2497 3342 2771 3397 inventam
2821 3340 2991 3394 fuisse
3014 3338 3303 3410 virginem.
3331 3337 3492 3395 Tales
3520 3354 3619 3394 au-

394 3441 503 3490 azt,
549 3428 641 3480 καὶ
694 3428 947 3499 μένουσαι
989 3429 1245 3502 παρθένοι
1290 3430 1426 3503 μετὰ
1462 3432 1560 3503 τῆς
1609 3431 1947 3504 ἐπικρύψεως

2055 3441 2166 3490 tem
2220 3442 2349 3489 sunt
2396 3433 2556 3488 nobis
2595 3431 2895 3504 Seripturae
2953 3430 3275 3499 Dominicaa,
3332 3431 3619 3489 veritatem

504 3587 561 3645 εει
603 3581 664 3635 Ρ.
702 3582 824 3649 890,
856 3582 963 3637 ΕΙ).
1002 3581 1300 3649 POTTER,
1340 3585 1440 3640 757
1474 3584 1582 3638 ΕΙ).
1615 3584 1834 3641 PARIS.
1913 3601 1933 3623 ⁸

2058 3602 2105 3641 c.
2140 3602 2274 3649 xvii,
2341 3586 2431 3651 5i,
2460 3584 2549 3640 52.
2625 3586 2655 3626 ιι
2694 3583 2883 3641 Matth.
2917 3601 2972 3650 x,
3010 3585 3099 3642 57.
3180 3596 3202 3626 ο
3244 3584 3378 3641 Luc.
3418 3602 3494 3668 Ix,
3523 3582 3616 3641 62.

470 3736 582 3807 (77)
617 3735 695 3791 Τὰ
733 3737 784 3792 δ’
811 3735 971 3793 ἄλλα
1017 3756 1070 3793 τ.
1122 3737 1247 3794 Haec
1288 3737 1552 3794 mendosa
1594 3738 1849 3794 videntur
1894 3756 1958 3794 ac

394 3808 601 3880 mutila.
636 3807 883 3864 Voluisse
902 3809 1116 3864 videtur
1142 3819 1351 3880 auctor,
1375 3811 1520 3880 quod
1553 3809 1680 3864 licet
1703 3811 1958 3865 omnibus

393 3879 526 3933 insit
559 3880 826 3935 naturalis
878 3880 1124 3949 quaedam
1163 3878 1445 3947 judicandi
1489 3879 1556 3934 de
1589 3880 1777 3943 rebus,
1815 3880 1959 3935 sicut

396 3959 452 4002 et
480 3949 773 4013 sentiendi,
802 3949 906 4011 vis,
937 3959 1119 4004 tamen
1153 3952 1213 4013 ii,
1254 3949 1347 4019 qui
1377 3959 1587 4004 mentes
1620 3965 1749 4003 suas
1777 3952 1831 4004 in
1872 3951 1958 4004 in-

394 4020 712 4089 vestiganda
736 4020 968 4075 veritate
1010 4029 1064 4074 et
1099 4020 1478 4077 discernendis
1507 4019 1654 4073 veris
1677 4021 1950 4075 sermoni-

397 4090 500 4144 bus
531 4088 561 4160 ξι
591 4088 743 4160 l‘alsis
788 4101 1173 4160 exercuerunt.
1200 4090 1471 4146 diversam
1518 4104 1583 4144 ac
1615 4091 1955 4160 prmstantio-

356 4224 361 4229 _
395 4175 512 4214 rem
537 4158 779 4215 habeant
796 4159 1074 4230 judicandi
1113 4160 1446 4230 facultatem,
1477 4158 1639 4230 quam
1680 4161 1882 4215 creteri.

469 4228 1038 4301 (78)_7T60.1ijrpérnr.
1067 4230 1312 4301 Respicit
1340 4228 1529 4284 Matth.
1565 4244 1664 4293 vn,
1692 4231 1759 4284 M
1786 4250 1798 4287 :
1825 4233 1956 4284 Στε-

395 4297 463 4371 νὴ
537 4297 644 4352 πύλ
699 4297 797 4353 καϊ
815 4297 1143 4371 τευλιμμένη
1165 4297 1774 4373 ῆξὸδὸςὴἀπάγουσαεὶς
1790 4301 1866 4366 ξω
1905 4319 1954 4356 ν.

471 4301 582 4424 ίῄ19ὶ
614 4318 712 4424 ΠΡὴ
756 4371 1061 4424 ἐπιστοεω.
1099 4371 1341 4424 Ilesnicit
1378 4368 1510 4424 Luc.
1544 4385 1675 4424 xvu.
1722 4372 1811 4424 51.
1846 4302 1952 4424 ὣς

471 4368 582 4441 (79)
614 4368 712 4441 Hii
756 4368 1061 4441 ἐπιστρεέρ.
1099 4368 1341 4441 Itespicit
1367 4368 1675 4435 Lucrxvu,
1722 4372 1811 4435 51,
1846 4368 1952 4426 52:

411 4439 470 4512 ξς)
497 4440 552 4493 ἐν
581 4440 658 4511 τῷ
674 4440 848 4512 Αάγρῴί
865 4439 1062 4510 ὁμοίως
1079 4443 1152 4512 μὴ
1176 4439 1552 4512 ἐπιστρεψάτω
1567 4442 1645 4504 εἰς
1672 4441 1739 4494 τὰ
1759 4441 1952 4495 ὀπίσω.

397 4509 779 4580 Μνημονεύετε
800 4509 907 4580 τῆς
927 4509 1182 4579 γυναίκῦς
1215 4509 1356 4564 Λώτ.

457 4525 779 4632 vastaveram:
800 4527 897 4580 της
927 4525 1182 4579 γυναικος
1215 4525 1356 4564 Λωτ.

472 4584 487 4637 ί
563 4580 842 4651 )οὐδείς.
882 4580 1015 4651 Luc.
1059 4597 1136 4645 ix,
1187 4582 1256 4635 62
1284 4580 1513 4651 είυὺδεὶς
1549 4578 1822 4651 ἐπιϐαλὼν
1857 4579 1956 4651 τὴν

400 4649 745 4722 χεῖραλαὺτοῦ
774 4650 860 4703 ἐπ’
892 4650 1118 4722 ἄροτρον
1158 4652 1253 4705 καὶ
1295 4650 1504 4722 βλέπων
1547 4653 1627 4722 είς
1672 4649 1742 4703 τὰ
1783 4649 1957 4704 ὀπίσω

403 4718 616 4792 εὔθετός
642 4722 789 4792 ἐστιν
809 4718 1042 4792 εἰς-τὴν
1057 4718 1326 4792 βασιλείαν
1349 4720 1442 4774 τοῦ
1475 4719 1629 4792 Θεοῦ.

472 4788 585 4858 (8|)
614 4790 724 4843 Καὶ
745 4788 876 4861 γάρ.
905 4788 1024 4844 Non
1056 4788 1211 4861 pauci
1244 4799 1393 4855 sunt,
1416 4791 1510 4860 qui
1533 4789 1713 4861 Mariae
1736 4788 1959 4860 virgini-

403 4865 567 4913 tatem
611 4860 840 4930 prorsus
876 4860 1137 4915 illibatam
1166 4870 1222 4915 et
1252 4871 1566 4930 perpetuam
1617 4860 1791 4915 fuisse
1829 4875 1958 4914 con-

402 4929 652 4982 tendunt.
689 4948 706 4979 ι
736 4929 826 5002 υιΔ
851 4945 977 5002 vero
1011 4929 1364 5002 ἁειπαρθένος
1405 4939 1460 4984 et
1488 4938 1640 5002 esset
1667 4938 1721 4985 et
1750 4930 1957 4984 dicere-

2057 3739 2169 3795 dici
2211 3739 2551 3795 conveniret.
2578 3738 2800 3809 Peperit
2839 3741 3006 3805 enim,
3033 3754 3155 3810 quin
3183 3755 3248 3795 ex
3282 3754 3393 3810 sua,
3418 3754 3620 3807 carne;

2059 3821 2115 3867 et
2148 3825 2255 3866 non
2306 3812 2539 3889 peperit,
2568 3826 2690 3880 qua:
2741 3825 2849 3889 non
2878 3827 2946 3866 ex
2969 3809 3072 3865 viri
3102 3812 3331 3872 semine.
3358 3809 3423 3863 Et
3445 3809 3619 3889 virgo,

2058 3889 2320 3951 quantum
2352 3895 2382 3933 a
2414 3882 2562 3946 viro;
2592 3896 2700 3937 non
2744 3881 2920 3950 virgo,
2950 3890 3212 3950 quantum
3236 3898 3265 3932 a
3289 3888 3468 3950 partu.
3502 3880 3619 3934 Non

2059 3950 2238 4005 tamen
2272 3950 2416 4010 ideo,
2451 3951 2679 4021 peperit,
2711 3957 2765 4004 et
2792 3966 2902 4021 non
2928 3951 3135 4019 peperit
3161 3968 3175 4013 ;
3215 3957 3270 4004 et
3293 3952 3416 4004 ideo
3443 3951 3620 4021 virgo,

2056 4036 2178 4089 qua?
2189 4035 2296 4074 non
2312 4020 2485 4089 virgo:
2511 4022 2638 4089 quia
2656 4036 2765 4074 non
2778 4020 2846 4074 de
2861 4021 3163 4075 visceribus
3177 4021 3291 4075 suis
3314 4028 3503 4075 mater.
3514 4020 3619 4075 Sed

2058 4090 2199 4160 apud
2216 4105 2314 4145 nos
2331 4090 2465 4160 nihil
2482 4090 2726 4155 dubium,
2747 4105 2848 4147 nec
2868 4099 3129 4145 retortum
3150 4091 3205 4143 in
3223 4091 3510 4159 ancipitem
3533 4091 3621 4146 de-

2060 4159 2379 4215 fensionem.
2403 4159 2538 4226 Lux,
2558 4161 2678 4226 lux;
2696 4169 2750 4214 et
2769 4161 3022 4224 tenebras,
3037 4161 3292 4228 tenebrm;
3311 4174 3363 4216 et
3382 4160 3497 4222 Est.
3513 4170 3617 4226 est;

2058 4240 2112 4285 et
2144 4229 2284 4292 Non,
2313 4246 2443 4284 non.
2463 4230 2615 4297 Quod
2635 4231 2888 4300 amplius,
2914 4232 3015 4284 hoc
3040 4245 3069 4283 a
3090 4230 3230 4284 malo
3252 4241 3356 4285 est.
3378 4230 3617 4299 Peperit.

2059 4317 2178 4371 qua:
2191 4301 2431 4371 peperit:
2450 4303 2568 4357 etsi
2596 4301 2747 4369 virgo
2760 4302 3030 4371 concepit,
3044 4300 3098 4353 in
3112 4307 3265 4369 partu
3285 4316 3385 4355 suo
3399 4302 3617 4370 nupsit,

2061 4372 2179 4442 ipsa
2211 4371 2471 4442 patefacti
2502 4373 2748 4442 corporis
2782 4370 2897 4440 lege
2916 4370 3010 4437 {in
3032 4385 3150 4442 quo
3178 4371 3317 4425 nihil
3348 4371 3619 4434 interfuit,

2096 4457 2126 4495 e
2150 4440 2463 4496 vi'inasculi
2490 4441 2736 4505 admissi,
2762 4456 2831 4495 an
2858 4441 3066 4504 emissi,
3102 4440 3244 4496 idem
3288 4442 3420 4495 illud
3454 4456 3622 4497 sexus

2058 4512 2434 4581 resignaverit.
2468 4509 2593 4565 Haec
2620 4512 2853 4581 denique
2878 4512 3037 4565 vulva
3067 4518 3172 4575 est,
3204 4519 3426 4581 propter
3453 4525 3616 4581 quam

2056 4587 2113 4634 et
2144 4578 2211 4636 de
2237 4580 2360 4635 aliis
2387 4582 2649 4650 scriptum
2685 4578 2994 4634 est':0mne
3024 4578 3388 4650 masculinum
3421 4578 3620 4650 adape-

2057 4650 2206 4706 riens
2252 4649 2786 4713 vulvam,’sanctum
2834 4651 3120 4704 vocabitur
3175 4649 3424 4704 Domino.
3483 4649 3619 4714 Quis

2055 4735 2183 4775 vere
2210 4729 2453 4784 sanctus,
2474 4736 2636 4789 quam
2668 4718 2761 4775 Dei
2781 4718 2983 4776 Filius?
3007 4720 3142 4786 Quis
3169 4722 3383 4790 proprie
3404 4720 3618 4773 vulvam

2056 4790 2364 4860 adaperuit,
2391 4788 2553 4860 quam
2599 4791 2693 4859 qui
2755 4793 2998 4860 clausam
3031 4788 3618 4860 patel‘ecit?Caeterutn

2057 4858 2314 4914 omnibus
2344 4858 2545 4929 nuptiae
2566 4858 3126 4930 patefaciunttlitaQue
3157 4859 3328 4927 magis
3352 4859 3620 4928 patefacta

2055 4938 2161 5000 est,
2192 4932 2320 5000 quia
2345 4930 2518 5000 magis
2551 4929 2891 4986 eratclausa.
2924 4929 3121 5000 Utique
3141 4932 3434 5000 magisnon
3469 4930 3620 4997 virgo

401 5006 514 5060 tur,
547 5015 776 5080 necesse
803 4998 906 5055 fuit
941 5010 1000 5055 ut
1025 4998 1188 5071 virgo'
1211 5001 1526 5070 conciperet
1545 5042 1560 5065 ,
1580 5000 1747 5082 .virgp
1778 5011 1835 5053 ut
1868 5015 1958 5070 pa-
1986 5010 2032 5070 Ι)
2057 4998 2286 5055 dicenda
2314 5010 2419 5064 est,
2442 4998 2612 5124 quam
2634 5001 2818 5070 virgo;
2857 5002 2997 5055 saltu
3013 4998 3251 5071 quodam
3271 5007 3444 5054 mater
3465 5004 3621 5051 aute-

401 5076 567 5124 reret.
598 5085 750 5124 νιτεο
780 5078 839 5124 ιιι
867 5085 1084 5124 semper
1122 5079 1493 5124 permaneret:
1525 5089 1543 5121 ι
1579 5078 1755 5124 inquit
1801 5070 1954 5123 Mon—
2055 5084 2220 5124 uuam
2250 5078 2439 5124 nunta.
2485 5071 2527 5124 3t
2547 5071 2677 5124 quid
2699 5075 2839 5124 ultra
2859 5071 2926 5124 de
2947 5070 3049 5124 hoc
3075 5068 3480 5123 retractandum
3502 5065 3621 5123 est!

401 5076 567 5141 reret,
598 5071 750 5141 virgo
780 5078 839 5124 ut
867 5085 1084 5140 semper
1116 5069 1493 5141 permaneret;
1525 5089 1543 5121 ι
1579 5069 1755 5139 inquit
1801 5069 1954 5123 Men-
1989 5069 2003 5070 ί
2055 5084 2220 5141 quam
2250 5078 2439 5140 nupta.

401 5139 641 5210 tacutius
672 5139 931 5209 Apparet.
978 5139 1054 5204 ιιι,
1096 5146 1231 5195 sect.
1275 5140 1371 5210 759.
1416 5140 1493 5194 Eo
1513 5157 1688 5210 usque
1735 5141 1953 5210 tandem

401 5208 629 5277 invaluit
662 5208 776 5265 haec
808 5211 1101 5272 sententia,
1156 5217 1213 5262 ut
1252 5209 1384 5263 (Jan.
1411 5211 1446 5264 5
1474 5208 1703 5266 Concilii
1739 5209 1956 5264 Latera-

402 5280 590 5350 nensis
617 5283 721 5335 sub
750 5277 1039 5343 Martinol,
1070 5279 1556 5350 decretuml‘uen't.
1590 5280 1648 5334 Β.
1674 5278 1953 5350 Virginem

402 5349 889 5420 incorruptibiliter
918 5351 1133 5405 enixam
1171 5349 1515 5420 esseLAliter
1538 5351 1711 5406 sensit
1738 5349 1953 5406 Tertul-

402 5418 602 5482 lianus,
624 5417 987 5476 sublinelihri
1006 5420 1084 5474 De
1104 5434 1261 5473 carne
1295 5417 1492 5473 Christi
1520 5422 1632 5474 haec
1662 5421 1911 5476 scribens
1939 5439 1953 5475 :

404 5506 426 5537 ί
455 5491 815 5560 Agnoscimus
854 5505 985 5561 ergo
1019 5491 1236 5561 signum
1283 5491 1715 5561 contradicibile,
1766 5505 1957 5561 conce-

402 5567 635 5632 ptnm_et
662 5570 877 5631 partum
909 5559 1133 5632 virginis
1182 5559 1392 5632 Mariae,
1414 5561 1483 5614 de
1506 5575 1615 5629 quo
1644 5559 1953 5615 Academici

398 5632 493 5683 isti
514 5648 528 5683 :
548 5629 798 5703 Peperit,
829 5638 884 5686 et
906 5629 1014 5685 non
1042 5633 1253 5703 peperit
1284 5649 1299 5684 :
1335 5629 1519 5700 Virgo,
1540 5638 1594 5685 et
1624 5644 1733 5703 non
1766 5631 1951 5701 virgo:

403 5701 559 5769 quasi
598 5716 729 5768 non,
768 5703 873 5758 etsi
915 5704 988 5757 ita
1015 5700 1305 5759 dicendum
1331 5710 1500 5767 esset,
1532 5716 1562 5754 ι
1587 5700 1746 5756 nobis
1782 5700 1954 5773 magis

2507 5079 2527 5124 t
2547 5071 2677 5141 quid
2699 5065 2839 5125 ultra
2859 5071 2926 5125 de
2947 5065 3049 5126 hoc
3075 5068 3480 5141 retractandum
3502 5065 3623 5123 est!

2056 5138 2190 5195 Cum
2207 5140 2308 5195 hac
2328 5138 2537 5195 ratione
2552 5138 2842 5210 Apostolus
2858 5155 2965 5195 non
2981 5156 3046 5196 ex
3062 5139 3295 5210 virgine,
3310 5138 3404 5194 sed
3418 5154 3485 5193 ex
3500 5154 3623 5210 mu-

2059 5211 2193 5265 liere
2211 5211 2419 5265 editum
2446 5207 2644 5264 Filiuin
2676 5211 2771 5266 Dei
2802 5209 3177 5280 pronuntiavit
3201 5250 3216 5274 ,
3251 5207 3622 5280 agnovitada-

2060 5283 2426 5351 pertaegvulvas
2456 5282 2746 5351 nuptialem
2774 5276 3100 5351 passmnem.
3132 5276 3384 5351 Legimus
3402 5277 3623 5350 quidem

2062 5344 2205 5420 apud
2240 5344 2577 5407 Ezechielein
2605 5352 2672 5406 de
2703 5344 2868 5404 vaé‘ca
2902 5351 3013 5414 illa,
3038 5364 3159 5420 quae
3187 5344 3395 5420 p'eperit
3421 5344 3480 5405 et
3512 5362 3624 5420 non

2062 5414 2290 5491 peperit.
2325 5420 2431 5476 Sed
2455 5422 2654 5484 videte,
2685 5436 2754 5475 ne
2776 5436 2875 5475 vos
2903 5420 3012 5489 jam
3036 5414 3165 5475 tunc
3185 5414 3478 5489 providens
3508 5414 3624 5489 Spi-

2054 5491 2205 5545 ritus
2235 5499 2458 5547 sanctus
2493 5493 2696 5544 notarit
2724 5492 2829 5547 hac
2851 5507 3005 5554 voce,
3029 5493 3432 5558 disceptaturos
3463 5502 3626 5557 super

2062 5570 2289 5636 uterum
2327 5560 2528 5616 Mariae.
2565 5562 2834 5636 Caeterum
2872 5568 3224 5636 non,_eontra_
3263 5561 3412 5636 illam
3436 5630 3447 5636 _
3471 5570 3628 5636 suam

2063 5631 2489 5702 simplicitatem,
2539 5631 2952 5700 pronuntiasset
2998 5630 3320 5695 dubitative,
3350 5629 3486 5686 Isaia
3539 5628 3628 5681 dia

2061 5701 2220 5758 cente
2244 5720 2261 5755 ι
2282 5701 2587 5774 Concipiet,
2622 5708 2675 5757 et
2706 5704 2906 5772 pariet.
2938 5720 2960 5755 ι
3637 5716 3647 5747 ι
