  <div class='ocr_page' id='page_1' title='image "/cluster/home/n/w/nwhite01/storage/ocr_20150623/9/hvd.32044073501322/271.png"; bbox 0 0 4016 6308; ppageno 0'>
   <div class='ocr_carea' id='block_1_1' title="bbox 409 305 509 363">
    <p class='ocr_par' dir='ltr' id='par_1_1' title="bbox 409 305 509 363">
     <span class='ocr_line' id='line_1_1' title="bbox 409 305 509 363; baseline 0.02 -2"><span class='ocrx_word' id='word_1_1' title='bbox 409 305 509 363; x_wconf 77' lang='lat'><strong>531</strong></span> 
     </span>
    </p>
   </div>
   <div class='ocr_carea' id='block_1_2' title="bbox 1575 307 2469 368">
    <p class='ocr_par' dir='ltr' id='par_1_2' title="bbox 1575 307 2469 368">
     <span class='ocr_line' id='line_1_2' title="bbox 1575 307 2469 368; baseline -0.001 0"><span class='ocrx_word' id='word_1_2' title='bbox 1575 307 1967 368; x_wconf 75' lang='lat' dir='ltr'><strong>CLEMENTIS</strong></span> <span class='ocrx_word' id='word_1_3' title='bbox 2003 311 2469 367; x_wconf 77' lang='lat' dir='ltr'><strong>ALEXANDRINI</strong></span> 
     </span>
    </p>
   </div>
   <div class='ocr_carea' id='block_1_3' title="bbox 3544 309 3653 366">
    <p class='ocr_par' dir='ltr' id='par_1_3' title="bbox 3544 309 3653 366">
     <span class='ocr_line' id='line_1_3' title="bbox 3544 309 3653 366; baseline 0.009 -1"><span class='ocrx_word' id='word_1_4' title='bbox 3544 309 3653 366; x_wconf 67' lang='lat'><strong>533</strong></span> 
     </span>
    </p>
   </div>
   <div class='ocr_carea' id='block_1_4' title="bbox 402 421 1983 502">
    <p class='ocr_par' dir='ltr' id='par_1_4' title="bbox 402 424 1968 500">
     <span class='ocr_line' id='line_1_4' title="bbox 402 424 1968 500; baseline 0.003 -22"><span class='ocrx_word' id='word_1_5' title='bbox 402 424 704 495; x_wconf 86' lang='lat' dir='ltr'><strong>parientes,</strong></span> <span class='ocrx_word' id='word_1_6' title='bbox 728 435 785 483; x_wconf 87' lang='lat' dir='ltr'><strong>et</strong></span> <span class='ocrx_word' id='word_1_7' title='bbox 825 437 1110 484; x_wconf 83' lang='lat' dir='ltr'><strong>manentes</strong></span> <span class='ocrx_word' id='word_1_8' title='bbox 1152 428 1394 500; x_wconf 74' lang='lat' dir='ltr'><strong>virgines</strong></span> <span class='ocrx_word' id='word_1_9' title='bbox 1427 444 1553 483; x_wconf 90' lang='lat' dir='ltr'><strong>cum</strong></span> <span class='ocrx_word' id='word_1_10' title='bbox 1600 427 1968 484; x_wconf 78' lang='lat' dir='ltr'><strong>occultatione</strong></span> 
     </span>
    </p>
   </div>
   <div class='ocr_carea' id='block_1_5' title="bbox 2086 421 3652 502">
    <p class='ocr_par' dir='ltr' id='par_1_5' title="bbox 2086 421 3652 502">
     <span class='ocr_line' id='line_1_5' title="bbox 2086 421 3652 502; baseline 0.001 -21"><span class='ocrx_word' id='word_1_11' title='bbox 2086 429 2179 483; x_wconf 72' lang='grc' dir='ltr'><strong>τῶν</strong></span> <span class='ocrx_word' id='word_1_12' title='bbox 2212 431 2309 501; x_wconf 73' lang='grc' dir='ltr'>τῆς</span> <span class='ocrx_word' id='word_1_13' title='bbox 2338 428 2590 502; x_wconf 85' lang='grc' dir='ltr'>ἀληθείας</span> <span class='ocrx_word' id='word_1_14' title='bbox 2633 428 2963 499; x_wconf 84' lang='grc' dir='ltr'>μυστηρίων.</span> <span class='ocrx_word' id='word_1_15' title='bbox 3021 445 3040 478; x_wconf 77' lang='grc' dir='ltr'><strong>ι</strong></span> <span class='ocrx_word' id='word_1_16' title='bbox 3063 425 3263 479; x_wconf 87' lang='grc' dir='ltr'>Τέτοκε</span> <span class='ocrx_word' id='word_1_17' title='bbox 3315 421 3425 494; x_wconf 75' lang='grc'><strong>(82)</strong></span> <span class='ocrx_word' id='word_1_18' title='bbox 3456 424 3548 479; x_wconf 61' lang='grc' dir='ltr'><strong>καί⁸</strong></span> <span class='ocrx_word' id='word_1_19' title='bbox 3588 426 3652 482; x_wconf 80' lang='grc' dir='ltr'>οὐ</span> 
     </span>
    </p>
   </div>
   <div class='ocr_carea' id='block_1_6' title="bbox 402 515 1983 594">
    <p class='ocr_par' dir='ltr' id='par_1_6' title="bbox 402 519 1971 594">
     <span class='ocr_line' id='line_1_6' title="bbox 402 519 1971 594; baseline 0.006 -24"><span class='ocrx_word' id='word_1_20' title='bbox 402 519 789 589; x_wconf 72' lang='lat' dir='ltr'><strong>mysteriorum</strong></span> <span class='ocrx_word' id='word_1_21' title='bbox 824 523 1094 578; x_wconf 74' lang='lat' dir='ltr'><strong>veritatis.</strong></span> <span class='ocrx_word' id='word_1_22' title='bbox 1126 539 1145 571; x_wconf 78' lang='grc' dir='ltr'><strong>σ</strong></span> <span class='ocrx_word' id='word_1_23' title='bbox 1169 520 1410 592; x_wconf 87' lang='lat' dir='ltr'><strong>Peperit,</strong></span> <span class='ocrx_word' id='word_1_24' title='bbox 1463 531 1520 577; x_wconf 90' lang='lat' dir='ltr'><strong>et</strong></span> <span class='ocrx_word' id='word_1_25' title='bbox 1546 538 1652 577; x_wconf 91' lang='lat' dir='ltr'><strong>non</strong></span> <span class='ocrx_word' id='word_1_26' title='bbox 1695 522 1924 594; x_wconf 87' lang='lat' dir='ltr'><strong>peperit,</strong></span> <span class='ocrx_word' id='word_1_27' title='bbox 1953 541 1971 573; x_wconf 79' lang='grc' dir='ltr'><strong>ι</strong></span> 
     </span>
    </p>
   </div>
   <div class='ocr_carea' id='block_1_7' title="bbox 2086 515 3652 594">
    <p class='ocr_par' dir='ltr' id='par_1_7' title="bbox 2086 515 3652 592">
     <span class='ocr_line' id='line_1_7' title="bbox 2086 515 3652 592; baseline -0.002 -19"><span class='ocrx_word' id='word_1_28' title='bbox 2086 522 2319 586; x_wconf 60' lang='lat' dir='ltr'><strong>retexe,»</strong></span> <span class='ocrx_word' id='word_1_29' title='bbox 2346 521 2509 592; x_wconf 71' lang='grc' dir='ltr'>φησὶν</span> <span class='ocrx_word' id='word_1_30' title='bbox 2538 522 2571 591; x_wconf 82' lang='grc' dir='ltr'>ἠ</span> <span class='ocrx_word' id='word_1_31' title='bbox 2601 519 2791 589; x_wconf 81' lang='grc' dir='ltr'>Γραφή</span> <span class='ocrx_word' id='word_1_32' title='bbox 2808 535 2822 548; x_wconf 85' lang='grc'><strong>·</strong></span> <span class='ocrx_word' id='word_1_33' title='bbox 2853 518 2930 581; x_wconf 87' lang='grc' dir='ltr'>ὼς</span> <span class='ocrx_word' id='word_1_34' title='bbox 2954 516 3019 571; x_wconf 77' lang='grc' dir='ltr'><strong>ἂν</strong></span> <span class='ocrx_word' id='word_1_35' title='bbox 3043 516 3103 585; x_wconf 72' lang='grc' dir='ltr'>ἐξ</span> <span class='ocrx_word' id='word_1_36' title='bbox 3131 517 3303 588; x_wconf 82' lang='grc' dir='ltr'>αὐτῆς</span> <span class='ocrx_word' id='word_1_37' title='bbox 3336 515 3446 587; x_wconf 78' lang='lat'>(8‘5)</span> <span class='ocrx_word' id='word_1_38' title='bbox 3468 518 3569 570; x_wconf 71' lang='grc' dir='ltr'>οὒκ</span> <span class='ocrx_word' id='word_1_39' title='bbox 3590 517 3652 570; x_wconf 67' lang='grc' dir='ltr'>ὲκ</span> 
     </span>
    </p>
   </div>
   <div class='ocr_carea' id='block_1_8' title="bbox 402 608 1977 684">
    <p class='ocr_par' dir='ltr' id='par_1_8' title="bbox 402 608 1977 684">
     <span class='ocr_line' id='line_1_8' title="bbox 402 608 1977 684; baseline 0.003 -22"><span class='ocrx_word' id='word_1_40' title='bbox 402 609 580 680; x_wconf 83' lang='lat' dir='ltr'><strong>inquit</strong></span> <span class='ocrx_word' id='word_1_41' title='bbox 624 608 930 682; x_wconf 79' lang='lat' dir='ltr'><strong>Scriptura,</strong></span> <span class='ocrx_word' id='word_1_42' title='bbox 966 621 1026 668; x_wconf 94' lang='lat' dir='ltr'><strong>ut</strong></span> <span class='ocrx_word' id='word_1_43' title='bbox 1059 628 1181 684; x_wconf 66' lang='lat' dir='ltr'><strong>quae</strong></span> <span class='ocrx_word' id='word_1_44' title='bbox 1206 629 1273 668; x_wconf 82' lang='lat' dir='ltr'><strong>ex</strong></span> <span class='ocrx_word' id='word_1_45' title='bbox 1327 629 1408 679; x_wconf 90' lang='lat' dir='ltr'><strong>se,</strong></span> <span class='ocrx_word' id='word_1_46' title='bbox 1469 630 1579 668; x_wconf 85' lang='lat' dir='ltr'><strong>non</strong></span> <span class='ocrx_word' id='word_1_47' title='bbox 1628 629 1695 668; x_wconf 81' lang='lat' dir='ltr'><strong>ex</strong></span> <span class='ocrx_word' id='word_1_48' title='bbox 1746 613 1977 682; x_wconf 84' lang='lat' dir='ltr'><strong>conjun-</strong></span> 
     </span>
    </p>
   </div>
   <div class='ocr_carea' id='block_1_9' title="bbox 400 700 1969 774">
    <p class='ocr_par' dir='ltr' id='par_1_9' title="bbox 400 700 1969 774">
     <span class='ocr_line' id='line_1_9' title="bbox 400 700 1969 774; baseline 0 -20"><span class='ocrx_word' id='word_1_49' title='bbox 400 701 590 756; x_wconf 80' lang='lat' dir='ltr'><strong>ctione</strong></span> <span class='ocrx_word' id='word_1_50' title='bbox 628 704 959 773; x_wconf 81' lang='lat' dir='ltr'><strong>conceperit.</strong></span> <span class='ocrx_word' id='word_1_51' title='bbox 1005 700 1371 771; x_wconf 81' lang='lat' dir='ltr'><strong>Quamobrem</strong></span> <span class='ocrx_word' id='word_1_52' title='bbox 1414 704 1680 774; x_wconf 74' lang='lat' dir='ltr'><strong>gnosticis</strong></span> <span class='ocrx_word' id='word_1_53' title='bbox 1748 702 1969 774; x_wconf 81' lang='lat' dir='ltr'><strong>quidem</strong></span> 
     </span>
    </p>
   </div>
   <div class='ocr_carea' id='block_1_10' title="bbox 399 792 1979 865">
    <p class='ocr_par' dir='ltr' id='par_1_10' title="bbox 399 792 1979 865">
     <span class='ocr_line' id='line_1_10' title="bbox 399 792 1979 865; baseline 0.001 -20"><span class='ocrx_word' id='word_1_54' title='bbox 399 799 775 862; x_wconf 82' lang='lat' dir='ltr'><strong>conceperant</strong></span> <span class='ocrx_word' id='word_1_55' title='bbox 802 794 1121 865; x_wconf 72' lang='lat' dir='ltr'><strong>Scriptum.</strong></span> <span class='ocrx_word' id='word_1_56' title='bbox 1153 792 1310 859; x_wconf 86' lang='lat' dir='ltr'><strong>Quod</strong></span> <span class='ocrx_word' id='word_1_57' title='bbox 1339 796 1469 865; x_wconf 89' lang='lat' dir='ltr'><strong>quia</strong></span> <span class='ocrx_word' id='word_1_58' title='bbox 1503 810 1612 849; x_wconf 93' lang='lat' dir='ltr'><strong>non</strong></span> <span class='ocrx_word' id='word_1_59' title='bbox 1657 795 1979 850; x_wconf 78' lang='lat' dir='ltr'><strong>intellexere</strong></span> 
     </span>
    </p>
   </div>
   <div class='ocr_carea' id='block_1_11' title="bbox 404 885 1976 960">
    <p class='ocr_par' dir='ltr' id='par_1_11' title="bbox 404 885 1976 960">
     <span class='ocr_line' id='line_1_11' title="bbox 404 885 1976 960; baseline 0.004 -23"><span class='ocrx_word' id='word_1_60' title='bbox 404 885 664 948; x_wconf 64' lang='lat' dir='ltr'><strong>hereses,</strong></span> <span class='ocrx_word' id='word_1_61' title='bbox 689 888 847 956; x_wconf 86' lang='lat' dir='ltr'><strong>quasi</strong></span> <span class='ocrx_word' id='word_1_62' title='bbox 882 903 1005 958; x_wconf 68' lang='lat' dir='ltr'><strong>quae</strong></span> <span class='ocrx_word' id='word_1_63' title='bbox 1029 903 1140 943; x_wconf 89' lang='lat' dir='ltr'><strong>non</strong></span> <span class='ocrx_word' id='word_1_64' title='bbox 1171 898 1545 959; x_wconf 73' lang='lat' dir='ltr'><strong>conceperant</strong></span> <span class='ocrx_word' id='word_1_65' title='bbox 1572 905 1667 945; x_wconf 91' lang='lat' dir='ltr'><strong>eas</strong></span> <span class='ocrx_word' id='word_1_66' title='bbox 1700 890 1976 960; x_wconf 79' lang='lat' dir='ltr'><strong>ablegant.</strong></span> 
     </span>
    </p>
   </div>
   <div class='ocr_carea' id='block_1_12' title="bbox 403 977 1976 1052">
    <p class='ocr_par' dir='ltr' id='par_1_12' title="bbox 403 977 1976 1052">
     <span class='ocr_line' id='line_1_12' title="bbox 403 977 1976 1052; baseline 0.003 -23"><span class='ocrx_word' id='word_1_67' title='bbox 403 977 538 1030; x_wconf 73' lang='lat' dir='ltr'><strong>(lum</strong></span> <span class='ocrx_word' id='word_1_68' title='bbox 565 985 747 1033; x_wconf 89' lang='lat' dir='ltr'><strong>autem</strong></span> <span class='ocrx_word' id='word_1_69' title='bbox 773 994 965 1036; x_wconf 89' lang='lat' dir='ltr'><strong>omnes</strong></span> <span class='ocrx_word' id='word_1_70' title='bbox 992 981 1242 1037; x_wconf 88' lang='lat' dir='ltr'><strong>homines</strong></span> <span class='ocrx_word' id='word_1_71' title='bbox 1267 980 1409 1036; x_wconf 88' lang='lat' dir='ltr'><strong>idem</strong></span> <span class='ocrx_word' id='word_1_72' title='bbox 1431 982 1666 1037; x_wconf 90' lang='lat' dir='ltr'><strong>habeant</strong></span> <span class='ocrx_word' id='word_1_73' title='bbox 1687 981 1976 1052; x_wconf 88' lang='lat' dir='ltr'><strong>judicium,</strong></span> 
     </span>
    </p>
   </div>
   <div class='ocr_carea' id='block_1_13' title="bbox 406 1068 1979 1144">
    <p class='ocr_par' dir='ltr' id='par_1_13' title="bbox 406 1068 1979 1144">
     <span class='ocr_line' id='line_1_13' title="bbox 406 1068 1979 1144; baseline 0.003 -22"><span class='ocrx_word' id='word_1_74' title='bbox 406 1068 497 1123; x_wconf 86' lang='lat' dir='ltr'><strong>alii</strong></span> <span class='ocrx_word' id='word_1_75' title='bbox 530 1069 754 1139; x_wconf 87' lang='lat' dir='ltr'><strong>quidem</strong></span> <span class='ocrx_word' id='word_1_76' title='bbox 806 1073 954 1142; x_wconf 91' lang='lat' dir='ltr'><strong>quod</strong></span> <span class='ocrx_word' id='word_1_77' title='bbox 1008 1071 1188 1144; x_wconf 81' lang='lat' dir='ltr'><strong>Logos</strong></span> <span class='ocrx_word' id='word_1_78' title='bbox 1221 1073 1393 1127; x_wconf 89' lang='lat' dir='ltr'><strong>dictat</strong></span> <span class='ocrx_word' id='word_1_79' title='bbox 1426 1082 1720 1144; x_wconf 88' lang='lat' dir='ltr'><strong>sequentes</strong></span> <span class='ocrx_word' id='word_1_80' title='bbox 1768 1073 1979 1128; x_wconf 80' lang='lat' dir='ltr'><strong>faciunt</strong></span> 
     </span>
    </p>
   </div>
   <div class='ocr_carea' id='block_1_14' title="bbox 404 1165 1982 1237">
    <p class='ocr_par' dir='ltr' id='par_1_14' title="bbox 404 1165 1982 1237">
     <span class='ocr_line' id='line_1_14' title="bbox 404 1165 1982 1237; baseline 0.004 -22"><span class='ocrx_word' id='word_1_81' title='bbox 404 1174 729 1233; x_wconf 72' lang='lat' dir='ltr'><strong>argumenta</strong></span> <span class='ocrx_word' id='word_1_82' title='bbox 771 1182 784 1218; x_wconf 90' lang='lat'><strong>:</strong></span> <span class='ocrx_word' id='word_1_83' title='bbox 834 1165 927 1219; x_wconf 86' lang='lat' dir='ltr'><strong>alii</strong></span> <span class='ocrx_word' id='word_1_84' title='bbox 975 1174 1158 1220; x_wconf 89' lang='lat' dir='ltr'><strong>autem</strong></span> <span class='ocrx_word' id='word_1_85' title='bbox 1216 1182 1341 1221; x_wconf 91' lang='lat' dir='ltr'><strong>cum</strong></span> <span class='ocrx_word' id='word_1_86' title='bbox 1400 1167 1617 1237; x_wconf 89' lang='lat' dir='ltr'><strong>seipsos</strong></span> <span class='ocrx_word' id='word_1_87' title='bbox 1671 1165 1982 1222; x_wconf 87' lang='lat' dir='ltr'><strong>dediderint</strong></span> 
     </span>
    </p>
   </div>
   <div class='ocr_carea' id='block_1_15' title="bbox 404 1253 1979 1328">
    <p class='ocr_par' dir='ltr' id='par_1_15' title="bbox 404 1253 1979 1328">
     <span class='ocr_line' id='line_1_15' title="bbox 404 1253 1979 1328; baseline 0.003 -22"><span class='ocrx_word' id='word_1_88' title='bbox 404 1256 798 1324; x_wconf 83' lang='lat' dir='ltr'><strong>voluptatibus,</strong></span> <span class='ocrx_word' id='word_1_89' title='bbox 837 1253 1174 1326; x_wconf 90' lang='lat' dir='ltr'><strong>Scripturam</strong></span> <span class='ocrx_word' id='word_1_90' title='bbox 1224 1266 1481 1327; x_wconf 90' lang='lat' dir='ltr'><strong>torquent</strong></span> <span class='ocrx_word' id='word_1_91' title='bbox 1511 1257 1577 1312; x_wconf 94' lang='lat' dir='ltr'><strong>ad</strong></span> <span class='ocrx_word' id='word_1_92' title='bbox 1611 1272 1740 1313; x_wconf 90' lang='lat' dir='ltr'><strong>suas</strong></span> <span class='ocrx_word' id='word_1_93' title='bbox 1763 1258 1979 1328; x_wconf 92' lang='lat' dir='ltr'><strong>cupidi-</strong></span> 
     </span>
    </p>
   </div>
   <div class='ocr_carea' id='block_1_16' title="bbox 405 1344 1982 1418">
    <p class='ocr_par' dir='ltr' id='par_1_16' title="bbox 405 1344 1982 1418">
     <span class='ocr_line' id='line_1_16' title="bbox 405 1344 1982 1418; baseline 0.004 -20"><span class='ocrx_word' id='word_1_94' title='bbox 405 1353 566 1400; x_wconf 90' lang='lat' dir='ltr'><strong>tates.</strong></span> <span class='ocrx_word' id='word_1_95' title='bbox 603 1344 754 1415; x_wconf 85' lang='lat' dir='ltr'><strong>Opus</strong></span> <span class='ocrx_word' id='word_1_96' title='bbox 784 1355 868 1403; x_wconf 90' lang='lat' dir='ltr'><strong>est</strong></span> <span class='ocrx_word' id='word_1_97' title='bbox 895 1357 1097 1411; x_wconf 90' lang='lat' dir='ltr'><strong>autem,</strong></span> <span class='ocrx_word' id='word_1_98' title='bbox 1127 1356 1186 1402; x_wconf 93' lang='lat' dir='ltr'><strong>ut</strong></span> <span class='ocrx_word' id='word_1_99' title='bbox 1217 1350 1434 1418; x_wconf 89' lang='lat' dir='ltr'><strong>opinor,</strong></span> <span class='ocrx_word' id='word_1_100' title='bbox 1470 1348 1701 1403; x_wconf 88' lang='lat' dir='ltr'><strong>amatori</strong></span> <span class='ocrx_word' id='word_1_101' title='bbox 1731 1350 1982 1405; x_wconf 82' lang='lat' dir='ltr'><strong>veritatis</strong></span> 
     </span>
    </p>
   </div>
   <div class='ocr_carea' id='block_1_17' title="bbox 406 1437 1983 1506">
    <p class='ocr_par' dir='ltr' id='par_1_17' title="bbox 406 1437 1983 1506">
     <span class='ocr_line' id='line_1_17' title="bbox 406 1437 1983 1506; baseline 0.004 -15"><span class='ocrx_word' id='word_1_102' title='bbox 406 1437 603 1493; x_wconf 87' lang='lat' dir='ltr'><strong>robore</strong></span> <span class='ocrx_word' id='word_1_103' title='bbox 642 1438 832 1495; x_wconf 88' lang='lat' dir='ltr'><strong>animi.</strong></span> <span class='ocrx_word' id='word_1_104' title='bbox 877 1437 1114 1496; x_wconf 84' lang='lat' dir='ltr'><strong>Necesse</strong></span> <span class='ocrx_word' id='word_1_105' title='bbox 1163 1441 1310 1495; x_wconf 88' lang='lat' dir='ltr'><strong>enim</strong></span> <span class='ocrx_word' id='word_1_106' title='bbox 1343 1441 1451 1495; x_wconf 88' lang='lat' dir='ltr'><strong>labi</strong></span> <span class='ocrx_word' id='word_1_107' title='bbox 1486 1440 1540 1495; x_wconf 93' lang='lat' dir='ltr'><strong>in</strong></span> <span class='ocrx_word' id='word_1_108' title='bbox 1576 1440 1854 1506; x_wconf 74' lang='lat' dir='ltr'><strong>maximis,</strong></span> <span class='ocrx_word' id='word_1_109' title='bbox 1887 1457 1983 1497; x_wconf 87' lang='lat' dir='ltr'><strong>eos</strong></span> 
     </span>
    </p>
   </div>
   <div class='ocr_carea' id='block_1_18' title="bbox 405 1530 1985 1604">
    <p class='ocr_par' dir='ltr' id='par_1_18' title="bbox 405 1530 1985 1604">
     <span class='ocr_line' id='line_1_18' title="bbox 405 1530 1985 1604; baseline 0.003 -20"><span class='ocrx_word' id='word_1_110' title='bbox 405 1530 499 1599; x_wconf 86' lang='lat' dir='ltr'><strong>qui</strong></span> <span class='ocrx_word' id='word_1_111' title='bbox 545 1546 634 1586; x_wconf 85' lang='lat' dir='ltr'><strong>res</strong></span> <span class='ocrx_word' id='word_1_112' title='bbox 679 1532 949 1588; x_wconf 82' lang='lat' dir='ltr'><strong>maximas</strong></span> <span class='ocrx_word' id='word_1_113' title='bbox 980 1532 1393 1604; x_wconf 75' lang='lat' dir='ltr'><strong>aggrediuntur,</strong></span> <span class='ocrx_word' id='word_1_114' title='bbox 1428 1533 1536 1587; x_wconf 86' lang='lat' dir='ltr'><strong>nisi</strong></span> <span class='ocrx_word' id='word_1_115' title='bbox 1565 1533 1808 1604; x_wconf 79' lang='lat' dir='ltr'><strong>regulam</strong></span> <span class='ocrx_word' id='word_1_116' title='bbox 1840 1534 1985 1589; x_wconf 89' lang='lat' dir='ltr'><strong>veri-</strong></span> 
     </span>
    </p>
   </div>
   <div class='ocr_carea' id='block_1_19' title="bbox 405 1626 1982 1697">
    <p class='ocr_par' dir='ltr' id='par_1_19' title="bbox 405 1626 1982 1697">
     <span class='ocr_line' id='line_1_19' title="bbox 405 1626 1982 1697; baseline 0.001 -17"><span class='ocrx_word' id='word_1_117' title='bbox 405 1627 534 1681; x_wconf 87' lang='lat' dir='ltr'><strong>tatis</strong></span> <span class='ocrx_word' id='word_1_118' title='bbox 556 1626 625 1681; x_wconf 89' lang='lat' dir='ltr'><strong>ab</strong></span> <span class='ocrx_word' id='word_1_119' title='bbox 654 1626 772 1697; x_wconf 90' lang='lat' dir='ltr'><strong>ipsa</strong></span> <span class='ocrx_word' id='word_1_120' title='bbox 799 1627 1032 1682; x_wconf 72' lang='lat' dir='ltr'><strong>veritate</strong></span> <span class='ocrx_word' id='word_1_121' title='bbox 1064 1635 1343 1697; x_wconf 84' lang='lat' dir='ltr'><strong>acceptam</strong></span> <span class='ocrx_word' id='word_1_122' title='bbox 1375 1626 1671 1683; x_wconf 89' lang='lat' dir='ltr'><strong>tenuerint.</strong></span> <span class='ocrx_word' id='word_1_123' title='bbox 1720 1626 1824 1693; x_wconf 88' lang='lat' dir='ltr'><strong>Qui</strong></span> <span class='ocrx_word' id='word_1_124' title='bbox 1884 1641 1982 1681; x_wconf 89' lang='lat' dir='ltr'><strong>au-</strong></span> 
     </span>
    </p>
   </div>
   <div class='ocr_carea' id='block_1_20' title="bbox 406 1718 1981 1782">
    <p class='ocr_par' dir='ltr' id='par_1_20' title="bbox 406 1718 1981 1782">
     <span class='ocr_line' id='line_1_20' title="bbox 406 1718 1981 1782; baseline 0.001 -11"><span class='ocrx_word' id='word_1_125' title='bbox 406 1726 515 1772; x_wconf 90' lang='lat' dir='ltr'><strong>tem</strong></span> <span class='ocrx_word' id='word_1_126' title='bbox 544 1732 610 1772; x_wconf 90' lang='lat' dir='ltr'><strong>eo</strong></span> <span class='ocrx_word' id='word_1_127' title='bbox 639 1718 999 1781; x_wconf 87' lang='lat' dir='ltr'><strong>devenerunt,</strong></span> <span class='ocrx_word' id='word_1_128' title='bbox 1032 1728 1145 1772; x_wconf 90' lang='lat' dir='ltr'><strong>uta</strong></span> <span class='ocrx_word' id='word_1_129' title='bbox 1185 1727 1334 1772; x_wconf 90' lang='lat' dir='ltr'><strong>recta</strong></span> <span class='ocrx_word' id='word_1_130' title='bbox 1370 1718 1459 1772; x_wconf 94' lang='lat' dir='ltr'><strong>via</strong></span> <span class='ocrx_word' id='word_1_131' title='bbox 1505 1718 1830 1782; x_wconf 79' lang='lat' dir='ltr'><strong>exciderint,</strong></span> <span class='ocrx_word' id='word_1_132' title='bbox 1866 1734 1981 1774; x_wconf 91' lang='lat' dir='ltr'><strong>me-</strong></span> 
     </span>
    </p>
   </div>
   <div class='ocr_carea' id='block_1_21' title="bbox 2080 609 3655 683">
    <p class='ocr_par' dir='ltr' id='par_1_21' title="bbox 2080 609 3655 683">
     <span class='ocr_line' id='line_1_21' title="bbox 2080 609 3655 683; baseline -0.002 -18"><span class='ocrx_word' id='word_1_133' title='bbox 2080 611 2415 683; x_wconf 80' lang='grc' dir='ltr'>συνδυασμοῦ</span> <span class='ocrx_word' id='word_1_134' title='bbox 2446 610 2809 665; x_wconf 65' lang='grc' dir='ltr'>πλλαδοῦσα·</span> <span class='ocrx_word' id='word_1_135' title='bbox 2836 609 3025 682; x_wconf 80' lang='grc' dir='ltr'><strong>διόπερ</strong></span> <span class='ocrx_word' id='word_1_136' title='bbox 3057 613 3171 673; x_wconf 90' lang='grc' dir='ltr'>τοῖς</span> <span class='ocrx_word' id='word_1_137' title='bbox 3210 612 3532 680; x_wconf 72' lang='grc' dir='ltr'>γνωστικοξς</span> <span class='ocrx_word' id='word_1_138' title='bbox 3564 626 3655 662; x_wconf 86' lang='grc' dir='ltr'>κε-</span> 
     </span>
    </p>
   </div>
   <div class='ocr_carea' id='block_1_22' title="bbox 2077 700 3653 776">
    <p class='ocr_par' dir='ltr' id='par_1_22' title="bbox 2077 700 3653 776">
     <span class='ocr_line' id='line_1_22' title="bbox 2077 700 3653 776; baseline -0.003 -19"><span class='ocrx_word' id='word_1_139' title='bbox 2077 705 2345 775; x_wconf 82' lang='grc' dir='ltr'>κυήκασιν</span> <span class='ocrx_word' id='word_1_140' title='bbox 2377 705 2433 757; x_wconf 81' lang='grc' dir='ltr'>αἱ</span> <span class='ocrx_word' id='word_1_141' title='bbox 2474 702 2710 776; x_wconf 83' lang='grc' dir='ltr'>Γραφαί.</span> <span class='ocrx_word' id='word_1_142' title='bbox 2746 704 2812 756; x_wconf 79' lang='lat' dir='ltr'><strong>Al</strong></span> <span class='ocrx_word' id='word_1_143' title='bbox 2847 703 2904 757; x_wconf 86' lang='grc' dir='ltr'>δὲ</span> <span class='ocrx_word' id='word_1_144' title='bbox 2943 702 3205 775; x_wconf 83' lang='grc' dir='ltr'><strong>αἱρέσεις,</strong></span> <span class='ocrx_word' id='word_1_145' title='bbox 3240 703 3342 755; x_wconf 76' lang='grc' dir='ltr'><strong>οὐκ</strong></span> <span class='ocrx_word' id='word_1_146' title='bbox 3387 700 3653 772; x_wconf 71' lang='grc' dir='ltr'>ἐκμαθοῦ-</span> 
     </span>
    </p>
   </div>
   <div class='ocr_carea' id='block_1_23' title="bbox 2080 792 3654 866">
    <p class='ocr_par' dir='ltr' id='par_1_23' title="bbox 2080 792 3654 866">
     <span class='ocr_line' id='line_1_23' title="bbox 2080 792 3654 866; baseline -0.001 -18"><span class='ocrx_word' id='word_1_147' title='bbox 2080 812 2190 858; x_wconf 91' lang='grc' dir='ltr'>σαι,</span> <span class='ocrx_word' id='word_1_148' title='bbox 2223 795 2298 859; x_wconf 81' lang='grc' dir='ltr'>ὡς</span> <span class='ocrx_word' id='word_1_149' title='bbox 2342 794 2415 866; x_wconf 77' lang='grc' dir='ltr'>μὴ</span> <span class='ocrx_word' id='word_1_150' title='bbox 2449 793 2783 865; x_wconf 86' lang='grc' dir='ltr'>κεκυηκυίας</span> <span class='ocrx_word' id='word_1_151' title='bbox 2830 793 3309 866; x_wconf 78' lang='grc' dir='ltr'>παραπέμπονται.</span> <span class='ocrx_word' id='word_1_152' title='bbox 3350 792 3577 846; x_wconf 81' lang='grc' dir='ltr'><strong>Πάντων</strong></span> <span class='ocrx_word' id='word_1_153' title='bbox 3599 792 3654 846; x_wconf 73' lang='grc' dir='ltr'>δὶ</span> 
     </span>
    </p>
   </div>
   <div class='ocr_carea' id='block_1_24' title="bbox 2077 883 3658 959">
    <p class='ocr_par' dir='ltr' id='par_1_24' title="bbox 2077 883 3658 959">
     <span class='ocr_line' id='line_1_24' title="bbox 2077 883 3658 959; baseline -0.002 -20"><span class='ocrx_word' id='word_1_154' title='bbox 2077 885 2378 958; x_wconf 81' lang='grc' dir='ltr'>ἀνθρώπων</span> <span class='ocrx_word' id='word_1_155' title='bbox 2399 886 2498 959; x_wconf 78' lang='grc' dir='ltr'><strong>τὴν</strong></span> <span class='ocrx_word' id='word_1_156' title='bbox 2528 886 2697 958; x_wconf 78' lang='grc' dir='ltr'>αὐτὴν</span> <span class='ocrx_word' id='word_1_157' title='bbox 2725 885 2905 958; x_wconf 80' lang='grc' dir='ltr'><strong>κρίσιν</strong></span> <span class='ocrx_word' id='word_1_158' title='bbox 2941 886 3192 956; x_wconf 72' lang='grc' dir='ltr'>ἐχόντων,</span> <span class='ocrx_word' id='word_1_159' title='bbox 3213 886 3262 939; x_wconf 84' lang='grc' dir='ltr'>οἱ</span> <span class='ocrx_word' id='word_1_160' title='bbox 3293 885 3411 956; x_wconf 85' lang='grc' dir='ltr'>μὲν,</span> <span class='ocrx_word' id='word_1_161' title='bbox 3438 883 3658 938; x_wconf 81' lang='grc' dir='ltr'>ἀκολου-</span> 
     </span>
    </p>
   </div>
   <div class='ocr_carea' id='block_1_25' title="bbox 2078 976 3655 1050">
    <p class='ocr_par' dir='ltr' id='par_1_25' title="bbox 2078 976 3655 1050">
     <span class='ocr_line' id='line_1_25' title="bbox 2078 976 3655 1050; baseline -0.002 -19"><span class='ocrx_word' id='word_1_162' title='bbox 2078 978 2296 1042; x_wconf 80' lang='grc' dir='ltr'>θοῦντες</span> <span class='ocrx_word' id='word_1_163' title='bbox 2320 977 2397 1049; x_wconf 81' lang='grc' dir='ltr'>τῷ</span> <span class='ocrx_word' id='word_1_164' title='bbox 2423 976 2763 1050; x_wconf 73' lang='grc' dir='ltr'><strong>ὲροῦντι(84)</strong></span> <span class='ocrx_word' id='word_1_165' title='bbox 2789 978 2966 1049; x_wconf 83' lang='grc' dir='ltr'><strong>Λόγῳ,</strong></span> <span class='ocrx_word' id='word_1_166' title='bbox 2993 978 3269 1032; x_wconf 82' lang='grc' dir='ltr'>ποιοῦνται</span> <span class='ocrx_word' id='word_1_167' title='bbox 3297 976 3399 1041; x_wconf 88' lang='grc' dir='ltr'><strong>τάς</strong></span> <span class='ocrx_word' id='word_1_168' title='bbox 3425 976 3655 1040; x_wconf 83' lang='grc' dir='ltr'>πίστεις·</span> 
     </span>
    </p>
   </div>
   <div class='ocr_carea' id='block_1_26' title="bbox 2078 1068 3659 1141">
    <p class='ocr_par' dir='ltr' id='par_1_26' title="bbox 2078 1068 3659 1141">
     <span class='ocr_line' id='line_1_26' title="bbox 2078 1068 3659 1141; baseline 0 -19"><span class='ocrx_word' id='word_1_169' title='bbox 2078 1072 2125 1123; x_wconf 87' lang='grc' dir='ltr'>οἱ</span> <span class='ocrx_word' id='word_1_170' title='bbox 2150 1069 2229 1133; x_wconf 84' lang='grc' dir='ltr'>δὲ,</span> <span class='ocrx_word' id='word_1_171' title='bbox 2271 1070 2488 1141; x_wconf 75' lang='grc' dir='ltr'><strong>ἡδοναῖς</strong></span> <span class='ocrx_word' id='word_1_172' title='bbox 2524 1072 2666 1140; x_wconf 71' lang='grc' dir='ltr'>σφᾶς</span> <span class='ocrx_word' id='word_1_173' title='bbox 2717 1071 2916 1134; x_wconf 80' lang='grc' dir='ltr'>αὐτοὺς</span> <span class='ocrx_word' id='word_1_174' title='bbox 2952 1070 3330 1134; x_wconf 86' lang='grc' dir='ltr'>ὲκδεδωκότες,</span> <span class='ocrx_word' id='word_1_175' title='bbox 3382 1068 3659 1141; x_wconf 73' lang='grc' dir='ltr'><strong>βιάζονται</strong></span> 
     </span>
    </p>
   </div>
   <div class='ocr_carea' id='block_1_27' title="bbox 2079 1160 3659 1236">
    <p class='ocr_par' dir='ltr' id='par_1_27' title="bbox 2079 1160 3659 1236">
     <span class='ocr_line' id='line_1_27' title="bbox 2079 1160 3659 1236; baseline -0.001 -20"><span class='ocrx_word' id='word_1_176' title='bbox 2079 1164 2216 1235; x_wconf 84' lang='grc' dir='ltr'>πρὸς</span> <span class='ocrx_word' id='word_1_177' title='bbox 2257 1164 2356 1227; x_wconf 82' lang='grc' dir='ltr'><strong>τάς</strong></span> <span class='ocrx_word' id='word_1_178' title='bbox 2396 1163 2692 1236; x_wconf 74' lang='grc' dir='ltr'><strong>ἐπιθυμίας</strong></span> <span class='ocrx_word' id='word_1_179' title='bbox 2725 1164 2822 1235; x_wconf 83' lang='grc' dir='ltr'>τὴν</span> <span class='ocrx_word' id='word_1_180' title='bbox 2864 1164 3108 1236; x_wconf 78' lang='grc' dir='ltr'>Γραφήν.</span> <span class='ocrx_word' id='word_1_181' title='bbox 3142 1166 3236 1217; x_wconf 84' lang='grc' dir='ltr'>Δεῖ</span> <span class='ocrx_word' id='word_1_182' title='bbox 3281 1163 3348 1229; x_wconf 78' lang='grc' dir='ltr'>δ’,</span> <span class='ocrx_word' id='word_1_183' title='bbox 3373 1160 3549 1235; x_wconf 79' lang='grc' dir='ltr'>οἶμαι,</span> <span class='ocrx_word' id='word_1_184' title='bbox 3580 1161 3659 1234; x_wconf 75' lang='grc' dir='ltr'>τῷ</span> 
     </span>
    </p>
   </div>
   <div class='ocr_carea' id='block_1_28' title="bbox 2078 1254 3660 1327">
    <p class='ocr_par' dir='ltr' id='par_1_28' title="bbox 2078 1254 3660 1327">
     <span class='ocr_line' id='line_1_28' title="bbox 2078 1254 3660 1327; baseline 0 -18"><span class='ocrx_word' id='word_1_185' title='bbox 2078 1255 2176 1326; x_wconf 75' lang='grc' dir='ltr'>τῆς</span> <span class='ocrx_word' id='word_1_186' title='bbox 2210 1255 2463 1326; x_wconf 80' lang='grc' dir='ltr'><strong>ἀληθείας</strong></span> <span class='ocrx_word' id='word_1_187' title='bbox 2495 1256 2696 1327; x_wconf 78' lang='grc' dir='ltr'><strong>ἐραστῇ</strong></span> <span class='ocrx_word' id='word_1_188' title='bbox 2741 1255 2978 1326; x_wconf 76' lang='grc' dir='ltr'><strong>ψυχικῆς</strong></span> <span class='ocrx_word' id='word_1_189' title='bbox 3011 1255 3290 1320; x_wconf 72' lang='grc' dir='ltr'>εὐτονίαςσ</span> <span class='ocrx_word' id='word_1_190' title='bbox 3331 1254 3660 1325; x_wconf 77' lang='grc' dir='ltr'>σφάλλεσθαι</span> 
     </span>
    </p>
   </div>
   <div class='ocr_carea' id='block_1_29' title="bbox 2079 1347 3661 1421">
    <p class='ocr_par' dir='ltr' id='par_1_29' title="bbox 2079 1347 3661 1421">
     <span class='ocr_line' id='line_1_29' title="bbox 2079 1347 3661 1421; baseline 0.001 -20"><span class='ocrx_word' id='word_1_191' title='bbox 2079 1347 2187 1420; x_wconf 79' lang='grc' dir='ltr'>γὰρ</span> <span class='ocrx_word' id='word_1_192' title='bbox 2244 1348 2458 1418; x_wconf 82' lang='grc' dir='ltr'><strong>ἀνάγκη</strong></span> <span class='ocrx_word' id='word_1_193' title='bbox 2507 1349 2738 1418; x_wconf 80' lang='grc' dir='ltr'>μέγιστα</span> <span class='ocrx_word' id='word_1_194' title='bbox 2780 1350 2907 1412; x_wconf 77' lang='grc' dir='ltr'>τοὺς</span> <span class='ocrx_word' id='word_1_195' title='bbox 2959 1349 3235 1421; x_wconf 73' lang='grc' dir='ltr'><strong>μεγίστοις</strong></span> <span class='ocrx_word' id='word_1_196' title='bbox 3276 1347 3661 1421; x_wconf 70' lang='grc' dir='ltr'><strong>ἐγχειροῦντας</strong></span> 
     </span>
    </p>
   </div>
   <div class='ocr_carea' id='block_1_30' title="bbox 2080 1440 3663 1515">
    <p class='ocr_par' dir='ltr' id='par_1_30' title="bbox 2080 1440 3663 1515">
     <span class='ocr_line' id='line_1_30' title="bbox 2080 1440 3663 1515; baseline 0.001 -21"><span class='ocrx_word' id='word_1_197' title='bbox 2080 1440 2418 1513; x_wconf 75' lang='grc' dir='ltr'>πράγμασιν,</span> <span class='ocrx_word' id='word_1_198' title='bbox 2462 1441 2531 1512; x_wconf 73' lang='grc' dir='ltr'>ἢν</span> <span class='ocrx_word' id='word_1_199' title='bbox 2574 1440 2649 1513; x_wconf 80' lang='grc' dir='ltr'>μὴ</span> <span class='ocrx_word' id='word_1_200' title='bbox 2694 1440 2785 1494; x_wconf 70' lang='grc' dir='ltr'>τὸν</span> <span class='ocrx_word' id='word_1_201' title='bbox 2829 1441 3028 1495; x_wconf 83' lang='grc' dir='ltr'>κανόνα</span> <span class='ocrx_word' id='word_1_202' title='bbox 3078 1442 3178 1513; x_wconf 78' lang='grc' dir='ltr'>τῆς</span> <span class='ocrx_word' id='word_1_203' title='bbox 3227 1440 3487 1513; x_wconf 77' lang='grc' dir='ltr'>ἀληθείας</span> <span class='ocrx_word' id='word_1_204' title='bbox 3530 1441 3663 1515; x_wconf 72' lang='lat' dir='ltr'><strong>mp’</strong></span> 
     </span>
    </p>
   </div>
   <div class='ocr_carea' id='block_1_31' title="bbox 2080 1532 3659 1606">
    <p class='ocr_par' dir='ltr' id='par_1_31' title="bbox 2080 1532 3659 1606">
     <span class='ocr_line' id='line_1_31' title="bbox 2080 1532 3659 1606; baseline 0.001 -21"><span class='ocrx_word' id='word_1_205' title='bbox 2080 1533 2250 1605; x_wconf 77' lang='grc' dir='ltr'>αὐτῆς</span> <span class='ocrx_word' id='word_1_206' title='bbox 2286 1532 2542 1597; x_wconf 74' lang='grc' dir='ltr'>λαϐόντες</span> <span class='ocrx_word' id='word_1_207' title='bbox 2568 1533 2733 1604; x_wconf 75' lang='grc' dir='ltr'>ἔχωσι</span> <span class='ocrx_word' id='word_1_208' title='bbox 2761 1534 2859 1606; x_wconf 81' lang='grc' dir='ltr'>τῆς</span> <span class='ocrx_word' id='word_1_209' title='bbox 2890 1533 3161 1604; x_wconf 80' lang='grc' dir='ltr'>ἀληθείας.</span> <span class='ocrx_word' id='word_1_210' title='bbox 3188 1533 3251 1587; x_wconf 88' lang='grc' dir='ltr'>Οί</span> <span class='ocrx_word' id='word_1_211' title='bbox 3300 1532 3535 1587; x_wconf 80' lang='grc' dir='ltr'>τοιοῦτοι</span> <span class='ocrx_word' id='word_1_212' title='bbox 3579 1533 3659 1596; x_wconf 68' lang='grc' dir='ltr'>δὲ,</span> 
     </span>
    </p>
   </div>
   <div class='ocr_carea' id='block_1_32' title="bbox 2082 1624 3666 1699">
    <p class='ocr_par' dir='ltr' id='par_1_32' title="bbox 2082 1624 3666 1699">
     <span class='ocr_line' id='line_1_32' title="bbox 2082 1624 3666 1699; baseline -0.001 -20"><span class='ocrx_word' id='word_1_213' title='bbox 2082 1625 2175 1679; x_wconf 74' lang='grc' dir='ltr'><strong>ἅτε</strong></span> <span class='ocrx_word' id='word_1_214' title='bbox 2212 1625 2580 1689; x_wconf 83' lang='grc' dir='ltr'>άποπεσόντες</span> <span class='ocrx_word' id='word_1_215' title='bbox 2606 1625 2707 1698; x_wconf 82' lang='grc' dir='ltr'>τῆς</span> <span class='ocrx_word' id='word_1_216' title='bbox 2741 1624 2911 1699; x_wconf 85' lang='grc' dir='ltr'>ὀρθῆς</span> <span class='ocrx_word' id='word_1_217' title='bbox 2954 1625 3095 1691; x_wconf 77' lang='grc' dir='ltr'>ὁδοῦ,</span> <span class='ocrx_word' id='word_1_218' title='bbox 3128 1625 3358 1690; x_wconf 70' lang='grc' dir='ltr'>καὶτοῖς</span> <span class='ocrx_word' id='word_1_219' title='bbox 3391 1625 3666 1689; x_wconf 75' lang='grc' dir='ltr'>πλείστοις</span> 
     </span>
    </p>
   </div>
   <div class='ocr_carea' id='block_1_33' title="bbox 2080 1716 3667 1791">
    <p class='ocr_par' dir='ltr' id='par_1_33' title="bbox 2080 1716 3667 1791">
     <span class='ocr_line' id='line_1_33' title="bbox 2080 1716 3667 1791; baseline 0.002 -21"><span class='ocrx_word' id='word_1_220' title='bbox 2080 1716 2187 1771; x_wconf 88' lang='grc' dir='ltr'><strong>τῶν</strong></span> <span class='ocrx_word' id='word_1_221' title='bbox 2211 1717 2352 1772; x_wconf 88' lang='grc' dir='ltr'><strong>κατά</strong></span> <span class='ocrx_word' id='word_1_222' title='bbox 2378 1718 2542 1791; x_wconf 79' lang='grc' dir='ltr'>μέρος</span> <span class='ocrx_word' id='word_1_223' title='bbox 2572 1717 2893 1788; x_wconf 81' lang='grc' dir='ltr'>σφάλλονται</span> <span class='ocrx_word' id='word_1_224' title='bbox 2912 1734 2927 1748; x_wconf 75' lang='grc'><strong><em>⁸</em></strong></span> <span class='ocrx_word' id='word_1_225' title='bbox 2951 1718 3194 1782; x_wconf 75' lang='grc' dir='ltr'>εἰκότως,</span> <span class='ocrx_word' id='word_1_226' title='bbox 3224 1718 3312 1772; x_wconf 82' lang='grc' dir='ltr'>διὰ</span> <span class='ocrx_word' id='word_1_227' title='bbox 3332 1716 3394 1771; x_wconf 80' lang='grc' dir='ltr'>τὺ</span> <span class='ocrx_word' id='word_1_228' title='bbox 3423 1716 3497 1789; x_wconf 80' lang='grc' dir='ltr'><strong>μὴ</strong></span> <span class='ocrx_word' id='word_1_229' title='bbox 3519 1716 3667 1788; x_wconf 73' lang='grc' dir='ltr'>ἔχειν</span> 
     </span>
    </p>
   </div>
   <div class='ocr_carea' id='block_1_34' title="bbox 406 1808 1983 1882">
    <p class='ocr_par' dir='ltr' id='par_1_34' title="bbox 406 1808 1982 1881">
     <span class='ocr_line' id='line_1_34' title="bbox 406 1808 1982 1881; baseline 0.001 -18"><span class='ocrx_word' id='word_1_230' title='bbox 406 1809 513 1864; x_wconf 84' lang='lat' dir='ltr'><strong>rito</strong></span> <span class='ocrx_word' id='word_1_231' title='bbox 551 1808 718 1864; x_wconf 90' lang='lat' dir='ltr'><strong>etiam</strong></span> <span class='ocrx_word' id='word_1_232' title='bbox 750 1808 1016 1864; x_wconf 85' lang='lat' dir='ltr'><strong>falluntur</strong></span> <span class='ocrx_word' id='word_1_233' title='bbox 1050 1810 1106 1864; x_wconf 91' lang='lat' dir='ltr'><strong>in</strong></span> <span class='ocrx_word' id='word_1_234' title='bbox 1128 1809 1383 1879; x_wconf 86' lang='lat' dir='ltr'><strong>plurimis</strong></span> <span class='ocrx_word' id='word_1_235' title='bbox 1424 1808 1816 1881; x_wconf 80' lang='lat' dir='ltr'><strong>singularibus,</strong></span> <span class='ocrx_word' id='word_1_236' title='bbox 1856 1824 1982 1880; x_wconf 86' lang='lat' dir='ltr'><strong>pro-</strong></span> 
     </span>
    </p>
   </div>
   <div class='ocr_carea' id='block_1_35' title="bbox 2086 1808 3662 1882">
    <p class='ocr_par' dir='ltr' id='par_1_35' title="bbox 2086 1809 3662 1882">
     <span class='ocr_line' id='line_1_35' title="bbox 2086 1809 3662 1882; baseline 0.001 -18"><span class='ocrx_word' id='word_1_237' title='bbox 2086 1809 2296 1882; x_wconf 85' lang='grc' dir='ltr'>ἀληθῶν</span> <span class='ocrx_word' id='word_1_238' title='bbox 2317 1811 2410 1865; x_wconf 59' lang='grc' dir='ltr'><strong>καὶ⁷</strong></span> <span class='ocrx_word' id='word_1_239' title='bbox 2428 1810 2635 1880; x_wconf 73' lang='grc' dir='ltr'>ψευδῶν</span> <span class='ocrx_word' id='word_1_240' title='bbox 2651 1812 2954 1882; x_wconf 79' lang='grc' dir='ltr'>κριτήριον,</span> <span class='ocrx_word' id='word_1_241' title='bbox 2974 1812 3531 1882; x_wconf 85' lang='grc' dir='ltr'>συγγεγυμνασμένον</span> <span class='ocrx_word' id='word_1_242' title='bbox 3549 1809 3662 1881; x_wconf 77' lang='lat'>(85)</span> 
     </span>
    </p>
   </div>
   <div class='ocr_carea' id='block_1_36' title="bbox 407 1900 1984 1972">
    <p class='ocr_par' dir='ltr' id='par_1_36' title="bbox 407 1900 1984 1972">
     <span class='ocr_line' id='line_1_36' title="bbox 407 1900 1984 1972; baseline 0.003 -19"><span class='ocrx_word' id='word_1_243' title='bbox 407 1907 593 1971; x_wconf 90' lang='lat' dir='ltr'><strong>pterea</strong></span> <span class='ocrx_word' id='word_1_244' title='bbox 642 1900 786 1970; x_wconf 91' lang='lat' dir='ltr'><strong>quod</strong></span> <span class='ocrx_word' id='word_1_245' title='bbox 813 1917 924 1956; x_wconf 84' lang='lat' dir='ltr'><strong>non</strong></span> <span class='ocrx_word' id='word_1_246' title='bbox 954 1901 1191 1956; x_wconf 90' lang='lat' dir='ltr'><strong>habeant</strong></span> <span class='ocrx_word' id='word_1_247' title='bbox 1218 1915 1471 1955; x_wconf 87' lang='lat' dir='ltr'><strong>verorum</strong></span> <span class='ocrx_word' id='word_1_248' title='bbox 1495 1909 1549 1957; x_wconf 91' lang='lat' dir='ltr'><strong>et</strong></span> <span class='ocrx_word' id='word_1_249' title='bbox 1583 1900 1845 1957; x_wconf 78' lang='lat' dir='ltr'><strong>falsorum</strong></span> <span class='ocrx_word' id='word_1_250' title='bbox 1889 1903 1984 1972; x_wconf 88' lang='lat' dir='ltr'><strong>ju-</strong></span> 
     </span>
    </p>
   </div>
   <div class='ocr_carea' id='block_1_37' title="bbox 406 1992 1984 2064">
    <p class='ocr_par' dir='ltr' id='par_1_37' title="bbox 406 1992 1984 2064">
     <span class='ocr_line' id='line_1_37' title="bbox 406 1992 1984 2064; baseline 0.002 -17"><span class='ocrx_word' id='word_1_251' title='bbox 406 1992 609 2047; x_wconf 91' lang='lat' dir='ltr'><strong>dicium</strong></span> <span class='ocrx_word' id='word_1_252' title='bbox 656 1994 817 2063; x_wconf 83' lang='lat' dir='ltr'><strong>plane</strong></span> <span class='ocrx_word' id='word_1_253' title='bbox 866 1993 1246 2061; x_wconf 78' lang='lat' dir='ltr'><strong>exercitatum,</strong></span> <span class='ocrx_word' id='word_1_254' title='bbox 1282 1993 1337 2048; x_wconf 91' lang='lat' dir='ltr'><strong>in</strong></span> <span class='ocrx_word' id='word_1_255' title='bbox 1371 1993 1440 2048; x_wconf 91' lang='lat' dir='ltr'><strong>iis</strong></span> <span class='ocrx_word' id='word_1_256' title='bbox 1486 2009 1607 2064; x_wconf 70' lang='lat' dir='ltr'><strong>quaa</strong></span> <span class='ocrx_word' id='word_1_257' title='bbox 1634 2002 1849 2064; x_wconf 89' lang='lat' dir='ltr'><strong>oportet</strong></span> <span class='ocrx_word' id='word_1_258' title='bbox 1885 1995 1984 2050; x_wconf 88' lang='lat' dir='ltr'><strong>eli-</strong></span> 
     </span>
    </p>
   </div>
   <div class='ocr_carea' id='block_1_38' title="bbox 406 2084 1983 2158">
    <p class='ocr_par' dir='ltr' id='par_1_38' title="bbox 406 2084 1983 2158">
     <span class='ocr_line' id='line_1_38' title="bbox 406 2084 1983 2158; baseline 0 -17"><span class='ocrx_word' id='word_1_259' title='bbox 406 2085 618 2155; x_wconf 76' lang='lat' dir='ltr'><strong>gendis.</strong></span> <span class='ocrx_word' id='word_1_260' title='bbox 646 2084 705 2139; x_wconf 90' lang='lat' dir='ltr'><strong>Si</strong></span> <span class='ocrx_word' id='word_1_261' title='bbox 739 2086 883 2142; x_wconf 90' lang='lat' dir='ltr'><strong>enim</strong></span> <span class='ocrx_word' id='word_1_262' title='bbox 919 2086 1204 2151; x_wconf 88' lang='lat' dir='ltr'><strong>haberent,</strong></span> <span class='ocrx_word' id='word_1_263' title='bbox 1232 2095 1488 2158; x_wconf 90' lang='lat' dir='ltr'><strong>parerent</strong></span> <span class='ocrx_word' id='word_1_264' title='bbox 1513 2084 1813 2157; x_wconf 89' lang='lat' dir='ltr'><strong>Scripturis</strong></span> <span class='ocrx_word' id='word_1_265' title='bbox 1842 2087 1983 2141; x_wconf 74' lang='lat' dir='ltr'><strong>divi-</strong></span> 
     </span>
    </p>
   </div>
   <div class='ocr_carea' id='block_1_39' title="bbox 407 2172 1984 2248">
    <p class='ocr_par' dir='ltr' id='par_1_39' title="bbox 407 2172 1984 2248">
     <span class='ocr_line' id='line_1_39' title="bbox 407 2172 1984 2248; baseline 0.003 -19"><span class='ocrx_word' id='word_1_266' title='bbox 407 2175 514 2232; x_wconf 92' lang='lat' dir='ltr'><strong>nis.</strong></span> <span class='ocrx_word' id='word_1_267' title='bbox 550 2172 1020 2242; x_wconf 86' lang='lat' dir='ltr'><strong>Quemadmodum</strong></span> <span class='ocrx_word' id='word_1_268' title='bbox 1054 2192 1187 2248; x_wconf 83' lang='lat' dir='ltr'><strong>ergo</strong></span> <span class='ocrx_word' id='word_1_269' title='bbox 1209 2178 1255 2233; x_wconf 91' lang='lat' dir='ltr'><strong>si</strong></span> <span class='ocrx_word' id='word_1_270' title='bbox 1285 2177 1413 2247; x_wconf 90' lang='lat' dir='ltr'><strong>quis</strong></span> <span class='ocrx_word' id='word_1_271' title='bbox 1454 2175 1548 2230; x_wconf 83' lang='lat' dir='ltr'><strong>ﬁat</strong></span> <span class='ocrx_word' id='word_1_272' title='bbox 1574 2175 1751 2233; x_wconf 90' lang='lat' dir='ltr'><strong>bestia</strong></span> <span class='ocrx_word' id='word_1_273' title='bbox 1788 2192 1856 2233; x_wconf 76' lang='lat' dir='ltr'><strong>ex</strong></span> <span class='ocrx_word' id='word_1_274' title='bbox 1885 2177 1984 2233; x_wconf 89' lang='lat' dir='ltr'><strong>ho-</strong></span> 
     </span>
    </p>
   </div>
   <div class='ocr_carea' id='block_1_40' title="bbox 409 2267 1984 2339">
    <p class='ocr_par' dir='ltr' id='par_1_40' title="bbox 409 2267 1984 2339">
     <span class='ocr_line' id='line_1_40' title="bbox 409 2267 1984 2339; baseline 0.003 -19"><span class='ocrx_word' id='word_1_275' title='bbox 409 2268 575 2331; x_wconf 88' lang='lat' dir='ltr'><strong>mine,</strong></span> <span class='ocrx_word' id='word_1_276' title='bbox 609 2267 861 2324; x_wconf 87' lang='lat' dir='ltr'><strong>similiter</strong></span> <span class='ocrx_word' id='word_1_277' title='bbox 890 2276 1055 2339; x_wconf 87' lang='lat' dir='ltr'><strong>atque</strong></span> <span class='ocrx_word' id='word_1_278' title='bbox 1084 2268 1122 2322; x_wconf 93' lang='lat' dir='ltr'><strong>ii</strong></span> <span class='ocrx_word' id='word_1_279' title='bbox 1171 2269 1266 2339; x_wconf 89' lang='lat' dir='ltr'><strong>qui</strong></span> <span class='ocrx_word' id='word_1_280' title='bbox 1299 2268 1515 2324; x_wconf 80' lang='lat' dir='ltr'><strong>fuerant</strong></span> <span class='ocrx_word' id='word_1_281' title='bbox 1545 2267 1733 2323; x_wconf 80' lang='lat' dir='ltr'><strong>infecti</strong></span> <span class='ocrx_word' id='word_1_282' title='bbox 1759 2271 1984 2326; x_wconf 87' lang='lat' dir='ltr'><strong>venenis</strong></span> 
     </span>
    </p>
   </div>
   <div class='ocr_carea' id='block_1_41' title="bbox 407 2358 1985 2424">
    <p class='ocr_par' dir='ltr' id='par_1_41' title="bbox 407 2358 1985 2424">
     <span class='ocr_line' id='line_1_41' title="bbox 407 2358 1985 2424; baseline 0.003 -11"><span class='ocrx_word' id='word_1_283' title='bbox 407 2358 634 2415; x_wconf 84' lang='lat' dir='ltr'><strong>Circes:</strong></span> <span class='ocrx_word' id='word_1_284' title='bbox 668 2360 744 2414; x_wconf 86' lang='lat' dir='ltr'><strong>ita</strong></span> <span class='ocrx_word' id='word_1_285' title='bbox 780 2360 945 2415; x_wconf 91' lang='lat' dir='ltr'><strong>homo</strong></span> <span class='ocrx_word' id='word_1_286' title='bbox 998 2359 1095 2415; x_wconf 88' lang='lat' dir='ltr'><strong>Dei</strong></span> <span class='ocrx_word' id='word_1_287' title='bbox 1140 2376 1283 2424; x_wconf 88' lang='lat' dir='ltr'><strong>esse,</strong></span> <span class='ocrx_word' id='word_1_288' title='bbox 1310 2368 1365 2417; x_wconf 90' lang='lat' dir='ltr'><strong>et</strong></span> <span class='ocrx_word' id='word_1_289' title='bbox 1390 2360 1620 2416; x_wconf 89' lang='lat' dir='ltr'><strong>Domino</strong></span> <span class='ocrx_word' id='word_1_290' title='bbox 1654 2361 1829 2417; x_wconf 81' lang='lat' dir='ltr'><strong>ﬁdelis</strong></span> <span class='ocrx_word' id='word_1_291' title='bbox 1862 2377 1985 2418; x_wconf 89' lang='lat' dir='ltr'><strong>esse</strong></span> 
     </span>
    </p>
   </div>
   <div class='ocr_carea' id='block_1_42' title="bbox 407 2450 1984 2522">
    <p class='ocr_par' dir='ltr' id='par_1_42' title="bbox 407 2450 1984 2522">
     <span class='ocr_line' id='line_1_42' title="bbox 407 2450 1984 2522; baseline 0.003 -19"><span class='ocrx_word' id='word_1_292' title='bbox 407 2450 613 2513; x_wconf 88' lang='lat' dir='ltr'><strong>desiit,</strong></span> <span class='ocrx_word' id='word_1_293' title='bbox 677 2452 771 2522; x_wconf 90' lang='lat' dir='ltr'><strong>qui</strong></span> <span class='ocrx_word' id='word_1_294' title='bbox 818 2452 1084 2508; x_wconf 83' lang='lat' dir='ltr'><strong>adversus</strong></span> <span class='ocrx_word' id='word_1_295' title='bbox 1124 2453 1559 2509; x_wconf 87' lang='lat' dir='ltr'><strong>ecclesiasticam</strong></span> <span class='ocrx_word' id='word_1_296' title='bbox 1619 2454 1984 2509; x_wconf 88' lang='lat' dir='ltr'><strong>recalcitravit</strong></span> 
     </span>
    </p>
   </div>
   <div class='ocr_carea' id='block_1_43' title="bbox 409 2541 1984 2607">
    <p class='ocr_par' dir='ltr' id='par_1_43' title="bbox 409 2541 1984 2607">
     <span class='ocr_line' id='line_1_43' title="bbox 409 2541 1984 2607; baseline 0.002 -13"><span class='ocrx_word' id='word_1_297' title='bbox 409 2541 785 2607; x_wconf 85' lang='lat' dir='ltr'><strong>traditionem,</strong></span> <span class='ocrx_word' id='word_1_298' title='bbox 834 2552 887 2599; x_wconf 89' lang='lat' dir='ltr'><strong>et</strong></span> <span class='ocrx_word' id='word_1_299' title='bbox 923 2545 978 2598; x_wconf 88' lang='lat' dir='ltr'><strong>in</strong></span> <span class='ocrx_word' id='word_1_300' title='bbox 1014 2544 1380 2599; x_wconf 89' lang='lat' dir='ltr'><strong>humanarum</strong></span> <span class='ocrx_word' id='word_1_301' title='bbox 1425 2544 1705 2602; x_wconf 61' lang='lat' dir='ltr'><strong>haereseon</strong></span> <span class='ocrx_word' id='word_1_302' title='bbox 1760 2544 1984 2600; x_wconf 90' lang='lat' dir='ltr'><strong>desiluit</strong></span> 
     </span>
    </p>
   </div>
   <div class='ocr_carea' id='block_1_44' title="bbox 406 2632 1986 2721">
    <p class='ocr_par' dir='ltr' id='par_1_44' title="bbox 406 2632 1986 2721">
     <span class='ocr_line' id='line_1_44' title="bbox 406 2632 1986 2721; baseline 0.002 -34"><span class='ocrx_word' id='word_1_303' title='bbox 406 2633 715 2702; x_wconf 81' lang='lat' dir='ltr'><strong>Opiniones.</strong></span> <span class='ocrx_word' id='word_1_304' title='bbox 738 2632 861 2721; x_wconf 77' lang='grc' dir='ltr'><strong>⁴(ὲυὶ</strong></span> <span class='ocrx_word' id='word_1_305' title='bbox 895 2643 1079 2689; x_wconf 90' lang='lat' dir='ltr'><strong>autem</strong></span> <span class='ocrx_word' id='word_1_306' title='bbox 1111 2650 1179 2689; x_wconf 81' lang='lat' dir='ltr'><strong>ex</strong></span> <span class='ocrx_word' id='word_1_307' title='bbox 1212 2634 1316 2690; x_wconf 89' lang='lat' dir='ltr'><strong>hoc</strong></span> <span class='ocrx_word' id='word_1_308' title='bbox 1344 2650 1530 2691; x_wconf 86' lang='lat' dir='ltr'><strong>errore</strong></span> <span class='ocrx_word' id='word_1_309' title='bbox 1565 2651 1819 2691; x_wconf 83' lang='lat' dir='ltr'><strong>reversus</strong></span> <span class='ocrx_word' id='word_1_310' title='bbox 1853 2633 1986 2690; x_wconf 85' lang='lat' dir='ltr'><strong>obe-</strong></span> 
     </span>
    </p>
   </div>
   <div class='ocr_carea' id='block_1_45' title="bbox 407 2726 1983 2800">
    <p class='ocr_par' dir='ltr' id='par_1_45' title="bbox 407 2726 1983 2800">
     <span class='ocr_line' id='line_1_45' title="bbox 407 2726 1983 2800; baseline 0.003 -22"><span class='ocrx_word' id='word_1_311' title='bbox 407 2726 511 2782; x_wconf 90' lang='lat' dir='ltr'><strong>diit</strong></span> <span class='ocrx_word' id='word_1_312' title='bbox 565 2726 887 2798; x_wconf 79' lang='lat' dir='ltr'><strong>Scripturis,</strong></span> <span class='ocrx_word' id='word_1_313' title='bbox 935 2735 991 2782; x_wconf 92' lang='lat' dir='ltr'><strong>et</strong></span> <span class='ocrx_word' id='word_1_314' title='bbox 1037 2728 1206 2793; x_wconf 74' lang='lat' dir='ltr'><strong>vitam</strong></span> <span class='ocrx_word' id='word_1_315' title='bbox 1240 2745 1395 2785; x_wconf 91' lang='lat' dir='ltr'><strong>suam</strong></span> <span class='ocrx_word' id='word_1_316' title='bbox 1446 2730 1693 2800; x_wconf 88' lang='lat' dir='ltr'><strong>permisit</strong></span> <span class='ocrx_word' id='word_1_317' title='bbox 1745 2730 1983 2795; x_wconf 82' lang='lat' dir='ltr'><strong>veritati,</strong></span> 
     </span>
    </p>
   </div>
   <div class='ocr_carea' id='block_1_46' title="bbox 408 2816 1985 2892">
    <p class='ocr_par' dir='ltr' id='par_1_46' title="bbox 408 2816 1985 2892">
     <span class='ocr_line' id='line_1_46' title="bbox 408 2816 1985 2892; baseline 0.003 -22"><span class='ocrx_word' id='word_1_318' title='bbox 408 2816 552 2874; x_wconf 81' lang='lat' dir='ltr'><strong>Deus</strong></span> <span class='ocrx_word' id='word_1_319' title='bbox 584 2818 993 2890; x_wconf 89' lang='lat' dir='ltr'><strong>quodammodo</strong></span> <span class='ocrx_word' id='word_1_320' title='bbox 1017 2836 1085 2875; x_wconf 79' lang='lat' dir='ltr'><strong>ex</strong></span> <span class='ocrx_word' id='word_1_321' title='bbox 1115 2819 1336 2874; x_wconf 89' lang='lat' dir='ltr'><strong>homine</strong></span> <span class='ocrx_word' id='word_1_322' title='bbox 1368 2820 1616 2876; x_wconf 72' lang='lat' dir='ltr'><strong>edicitur.</strong></span> <span class='ocrx_word' id='word_1_323' title='bbox 1647 2818 1985 2892; x_wconf 90' lang='lat' dir='ltr'><strong>Principium</strong></span> 
     </span>
    </p>
   </div>
   <div class='ocr_carea' id='block_1_47' title="bbox 405 2909 1985 2983">
    <p class='ocr_par' dir='ltr' id='par_1_47' title="bbox 405 2909 1985 2983">
     <span class='ocr_line' id='line_1_47' title="bbox 405 2909 1985 2983; baseline 0.001 -18"><span class='ocrx_word' id='word_1_324' title='bbox 405 2909 551 2965; x_wconf 85' lang='lat' dir='ltr'><strong>enim</strong></span> <span class='ocrx_word' id='word_1_325' title='bbox 581 2909 848 2965; x_wconf 62' lang='lat' dir='ltr'><strong>doctrinae</strong></span> <span class='ocrx_word' id='word_1_326' title='bbox 871 2910 1139 2966; x_wconf 87' lang='lat' dir='ltr'><strong>habemus</strong></span> <span class='ocrx_word' id='word_1_327' title='bbox 1172 2910 1491 2977; x_wconf 90' lang='lat' dir='ltr'><strong>Dominum,</strong></span> <span class='ocrx_word' id='word_1_328' title='bbox 1523 2913 1615 2983; x_wconf 92' lang='lat' dir='ltr'><strong>qui</strong></span> <span class='ocrx_word' id='word_1_329' title='bbox 1646 2922 1703 2968; x_wconf 91' lang='lat' dir='ltr'><strong>ct</strong></span> <span class='ocrx_word' id='word_1_330' title='bbox 1733 2929 1830 2983; x_wconf 86' lang='lat' dir='ltr'><strong>per</strong></span> <span class='ocrx_word' id='word_1_331' title='bbox 1859 2929 1985 2983; x_wconf 91' lang='lat' dir='ltr'><strong>pro-</strong></span> 
     </span>
    </p>
   </div>
   <div class='ocr_carea' id='block_1_48' title="bbox 406 2998 1982 3073">
    <p class='ocr_par' dir='ltr' id='par_1_48' title="bbox 406 2998 1982 3073">
     <span class='ocr_line' id='line_1_48' title="bbox 406 2998 1982 3073; baseline 0.004 -22"><span class='ocrx_word' id='word_1_332' title='bbox 406 2999 620 3069; x_wconf 84' lang='lat' dir='ltr'><strong>phetas,</strong></span> <span class='ocrx_word' id='word_1_333' title='bbox 652 3006 709 3054; x_wconf 90' lang='lat' dir='ltr'><strong>et</strong></span> <span class='ocrx_word' id='word_1_334' title='bbox 739 3015 838 3070; x_wconf 87' lang='lat' dir='ltr'><strong>per</strong></span> <span class='ocrx_word' id='word_1_335' title='bbox 864 2998 1241 3070; x_wconf 79' lang='lat' dir='ltr'><strong>Evangelium,</strong></span> <span class='ocrx_word' id='word_1_336' title='bbox 1265 3009 1319 3056; x_wconf 90' lang='lat' dir='ltr'><strong>et</strong></span> <span class='ocrx_word' id='word_1_337' title='bbox 1350 3016 1447 3071; x_wconf 87' lang='lat' dir='ltr'><strong>per</strong></span> <span class='ocrx_word' id='word_1_338' title='bbox 1470 3002 1659 3056; x_wconf 88' lang='lat' dir='ltr'><strong>beatos</strong></span> <span class='ocrx_word' id='word_1_339' title='bbox 1683 3004 1982 3073; x_wconf 89' lang='lat' dir='ltr'><strong>apostolos,</strong></span> 
     </span>
    </p>
   </div>
   <div class='ocr_carea' id='block_1_49' title="bbox 408 3090 1984 3165">
    <p class='ocr_par' dir='ltr' id='par_1_49' title="bbox 408 3090 1984 3165">
     <span class='ocr_line' id='line_1_49' title="bbox 408 3090 1984 3165; baseline 0.004 -21"><span class='ocrx_word' id='word_1_340' title='bbox 408 3108 433 3143; x_wconf 82' lang='grc'><strong><em>‹</em></strong></span> <span class='ocrx_word' id='word_1_341' title='bbox 455 3090 813 3145; x_wconf 80' lang='lat' dir='ltr'><strong>multifariam</strong></span> <span class='ocrx_word' id='word_1_342' title='bbox 836 3091 1135 3162; x_wconf 87' lang='lat' dir='ltr'><strong>multisque</strong></span> <span class='ocrx_word' id='word_1_343' title='bbox 1153 3092 1372 3147; x_wconf 74' lang='lat' dir='ltr'><strong>modisll</strong></span> <span class='ocrx_word' id='word_1_344' title='bbox 1398 3113 1417 3145; x_wconf 72' lang='grc' dir='ltr'><strong>ι</strong></span> <span class='ocrx_word' id='word_1_345' title='bbox 1455 3109 1484 3148; x_wconf 91' lang='lat' dir='ltr'><strong>a</strong></span> <span class='ocrx_word' id='word_1_346' title='bbox 1517 3094 1788 3165; x_wconf 89' lang='lat' dir='ltr'><strong>principio</strong></span> <span class='ocrx_word' id='word_1_347' title='bbox 1818 3095 1885 3150; x_wconf 81' lang='lat' dir='ltr'><strong>ad</strong></span> <span class='ocrx_word' id='word_1_348' title='bbox 1920 3095 1984 3150; x_wconf 82' lang='lat' dir='ltr'><strong>li-</strong></span> 
     </span>
    </p>
   </div>
   <div class='ocr_carea' id='block_1_50' title="bbox 2086 1903 3666 1976">
    <p class='ocr_par' dir='ltr' id='par_1_50' title="bbox 2086 1903 3666 1976">
     <span class='ocr_line' id='line_1_50' title="bbox 2086 1903 3666 1976; baseline -0.002 -18"><span class='ocrx_word' id='word_1_349' title='bbox 2086 1904 2330 1976; x_wconf 83' lang='grc' dir='ltr'>ἀκριδῶς</span> <span class='ocrx_word' id='word_1_350' title='bbox 2355 1904 2424 1958; x_wconf 82' lang='grc' dir='ltr'>τὰ</span> <span class='ocrx_word' id='word_1_351' title='bbox 2451 1905 2639 1958; x_wconf 77' lang='grc' dir='ltr'>δέοντα</span> <span class='ocrx_word' id='word_1_352' title='bbox 2661 1904 2951 1976; x_wconf 80' lang='grc' dir='ltr'>αἱρεῖσθαι.</span> <span class='ocrx_word' id='word_1_353' title='bbox 2980 1905 3042 1957; x_wconf 81' lang='grc' dir='ltr'><strong>Εἰ</strong></span> <span class='ocrx_word' id='word_1_354' title='bbox 3074 1903 3184 1975; x_wconf 79' lang='grc' dir='ltr'>γὰρ</span> <span class='ocrx_word' id='word_1_355' title='bbox 3210 1904 3525 1975; x_wconf 74' lang='grc' dir='ltr'>ἐκέκτηντο,</span> <span class='ocrx_word' id='word_1_356' title='bbox 3544 1905 3666 1967; x_wconf 60' lang='lat' dir='ltr'><strong>sui;</strong></span> 
     </span>
    </p>
   </div>
   <div class='ocr_carea' id='block_1_51' title="bbox 2088 1991 3668 2069">
    <p class='ocr_par' dir='ltr' id='par_1_51' title="bbox 2088 1991 3668 2069">
     <span class='ocr_line' id='line_1_51' title="bbox 2088 1991 3668 2069; baseline 0 -21"><span class='ocrx_word' id='word_1_357' title='bbox 2088 1994 2261 2059; x_wconf 85' lang='grc' dir='ltr'>θείαις</span> <span class='ocrx_word' id='word_1_358' title='bbox 2310 1996 2586 2051; x_wconf 79' lang='grc' dir='ltr'>ἐπείθοντο</span> <span class='ocrx_word' id='word_1_359' title='bbox 2631 1996 2697 2051; x_wconf 85' lang='grc' dir='ltr'>ἃν</span> <span class='ocrx_word' id='word_1_360' title='bbox 2745 1997 3004 2068; x_wconf 67' lang='grc' dir='ltr'>Γραφαῖς.</span> <span class='ocrx_word' id='word_1_361' title='bbox 3058 1995 3324 2069; x_wconf 85' lang='grc' dir='ltr'>Καθάπερ</span> <span class='ocrx_word' id='word_1_362' title='bbox 3362 1991 3459 2050; x_wconf 77' lang='grc' dir='ltr'>οὖν</span> <span class='ocrx_word' id='word_1_363' title='bbox 3499 1996 3553 2049; x_wconf 81' lang='grc' dir='ltr'><strong>εί</strong></span> <span class='ocrx_word' id='word_1_364' title='bbox 3580 2011 3668 2059; x_wconf 85' lang='grc' dir='ltr'><strong>τις</strong></span> 
     </span>
    </p>
   </div>
   <div class='ocr_carea' id='block_1_52' title="bbox 2088 2088 3672 2164">
    <p class='ocr_par' dir='ltr' id='par_1_52' title="bbox 2088 2088 3672 2164">
     <span class='ocr_line' id='line_1_52' title="bbox 2088 2088 3672 2164; baseline 0 -20"><span class='ocrx_word' id='word_1_365' title='bbox 2088 2092 2146 2159; x_wconf 80' lang='grc' dir='ltr'>ἐξ</span> <span class='ocrx_word' id='word_1_366' title='bbox 2170 2090 2470 2164; x_wconf 85' lang='grc' dir='ltr'>ἀνθρώπων</span> <span class='ocrx_word' id='word_1_367' title='bbox 2519 2091 2706 2164; x_wconf 88' lang='grc' dir='ltr'>θηρίον</span> <span class='ocrx_word' id='word_1_368' title='bbox 2745 2090 2952 2161; x_wconf 82' lang='grc' dir='ltr'>γένοιτο</span> <span class='ocrx_word' id='word_1_369' title='bbox 2980 2088 3376 2160; x_wconf 81' lang='grc' dir='ltr'>παραπλησίως</span> <span class='ocrx_word' id='word_1_370' title='bbox 3423 2092 3536 2153; x_wconf 87' lang='grc' dir='ltr'>τοῖς</span> <span class='ocrx_word' id='word_1_371' title='bbox 3561 2089 3672 2144; x_wconf 67' lang='grc' dir='ltr'><strong>ὑπὸ</strong></span> 
     </span>
    </p>
   </div>
   <div class='ocr_carea' id='block_1_53' title="bbox 2085 2178 3670 2255">
    <p class='ocr_par' dir='ltr' id='par_1_53' title="bbox 2085 2178 3670 2255">
     <span class='ocr_line' id='line_1_53' title="bbox 2085 2178 3670 2255; baseline 0 -18"><span class='ocrx_word' id='word_1_372' title='bbox 2085 2184 2185 2255; x_wconf 82' lang='grc' dir='ltr'>τῆς</span> <span class='ocrx_word' id='word_1_373' title='bbox 2210 2182 2421 2254; x_wconf 81' lang='grc' dir='ltr'>Κίρκης</span> <span class='ocrx_word' id='word_1_374' title='bbox 2447 2181 2557 2253; x_wconf 78' lang='lat'>(86)</span> <span class='ocrx_word' id='word_1_375' title='bbox 2580 2181 2997 2255; x_wconf 76' lang='grc' dir='ltr'>φαρμαχθεῖσιν,</span> <span class='ocrx_word' id='word_1_376' title='bbox 3025 2181 3195 2245; x_wconf 74' lang='grc' dir='ltr'>οὕτως</span> <span class='ocrx_word' id='word_1_377' title='bbox 3217 2180 3501 2253; x_wconf 78' lang='grc' dir='ltr'>ἄνθρωπος</span> <span class='ocrx_word' id='word_1_378' title='bbox 3528 2178 3670 2237; x_wconf 76' lang='grc' dir='ltr'>εἶναι</span> 
     </span>
    </p>
   </div>
   <div class='ocr_carea' id='block_1_54' title="bbox 2087 2271 3671 2347">
    <p class='ocr_par' dir='ltr' id='par_1_54' title="bbox 2087 2271 3671 2347">
     <span class='ocr_line' id='line_1_54' title="bbox 2087 2271 3671 2347; baseline -0.001 -18"><span class='ocrx_word' id='word_1_379' title='bbox 2087 2275 2181 2329; x_wconf 81' lang='grc' dir='ltr'>τοῦ</span> <span class='ocrx_word' id='word_1_380' title='bbox 2214 2274 2348 2328; x_wconf 78' lang='grc' dir='ltr'>Θεοῦ</span> <span class='ocrx_word' id='word_1_381' title='bbox 2372 2277 2465 2328; x_wconf 77' lang='grc' dir='ltr'><strong>καὶ</strong></span> <span class='ocrx_word' id='word_1_382' title='bbox 2488 2275 2681 2339; x_wconf 72' lang='grc' dir='ltr'>πιστὸς</span> <span class='ocrx_word' id='word_1_383' title='bbox 2710 2274 2788 2346; x_wconf 79' lang='grc' dir='ltr'>τῷ</span> <span class='ocrx_word' id='word_1_384' title='bbox 2813 2275 3003 2347; x_wconf 78' lang='grc' dir='ltr'>Κυρίῳ</span> <span class='ocrx_word' id='word_1_385' title='bbox 3028 2273 3301 2345; x_wconf 86' lang='grc' dir='ltr'>διαμένειν</span> <span class='ocrx_word' id='word_1_386' title='bbox 3325 2271 3671 2327; x_wconf 82' lang='grc' dir='ltr'>ἀπολώλεκεν</span> 
     </span>
    </p>
   </div>
   <div class='ocr_carea' id='block_1_55' title="bbox 2088 2365 3669 2440">
    <p class='ocr_par' dir='ltr' id='par_1_55' title="bbox 2088 2365 3669 2440">
     <span class='ocr_line' id='line_1_55' title="bbox 2088 2365 3669 2440; baseline -0.003 -17"><span class='ocrx_word' id='word_1_387' title='bbox 2088 2371 2116 2423; x_wconf 85' lang='grc' dir='ltr'>ὁ</span> <span class='ocrx_word' id='word_1_388' title='bbox 2146 2368 2509 2433; x_wconf 86' lang='grc' dir='ltr'>άναλακτίσας</span> <span class='ocrx_word' id='word_1_389' title='bbox 2542 2368 2641 2440; x_wconf 78' lang='grc' dir='ltr'>τὴν</span> <span class='ocrx_word' id='word_1_390' title='bbox 2682 2366 3173 2439; x_wconf 81' lang='grc' dir='ltr'>Ἐκκλησιαστικὴν</span> <span class='ocrx_word' id='word_1_391' title='bbox 3219 2367 3539 2439; x_wconf 79' lang='grc' dir='ltr'>παράδοσιν,</span> <span class='ocrx_word' id='word_1_392' title='bbox 3572 2365 3669 2419; x_wconf 85' lang='grc' dir='ltr'>καὶ</span> 
     </span>
    </p>
   </div>
   <div class='ocr_carea' id='block_1_56' title="bbox 2090 2453 3670 2531">
    <p class='ocr_par' dir='ltr' id='par_1_56' title="bbox 2090 2453 3670 2531">
     <span class='ocr_line' id='line_1_56' title="bbox 2090 2453 3670 2531; baseline -0.003 -18"><span class='ocrx_word' id='word_1_393' title='bbox 2090 2461 2500 2531; x_wconf 77' lang='grc' dir='ltr'>ἀποσκιρτήσας</span> <span class='ocrx_word' id='word_1_394' title='bbox 2524 2460 2602 2523; x_wconf 82' lang='grc' dir='ltr'><strong>είς</strong></span> <span class='ocrx_word' id='word_1_395' title='bbox 2631 2457 2787 2525; x_wconf 76' lang='grc' dir='ltr'>δόξας</span> <span class='ocrx_word' id='word_1_396' title='bbox 2812 2457 3074 2529; x_wconf 75' lang='grc' dir='ltr'>αἱρέσεων</span> <span class='ocrx_word' id='word_1_397' title='bbox 3103 2455 3479 2528; x_wconf 84' lang='grc' dir='ltr'>ἀνθρωπίνων.</span> <span class='ocrx_word' id='word_1_398' title='bbox 3525 2456 3585 2509; x_wconf 91' lang='lat'><strong>&#39;0</strong></span> <span class='ocrx_word' id='word_1_399' title='bbox 3610 2453 3670 2509; x_wconf 69' lang='grc' dir='ltr'>δὲ</span> 
     </span>
    </p>
   </div>
   <div class='ocr_carea' id='block_1_57' title="bbox 2090 2545 3669 2622">
    <p class='ocr_par' dir='ltr' id='par_1_57' title="bbox 2090 2545 3669 2622">
     <span class='ocr_line' id='line_1_57' title="bbox 2090 2545 3669 2622; baseline -0.002 -18"><span class='ocrx_word' id='word_1_400' title='bbox 2090 2553 2155 2604; x_wconf 81' lang='grc' dir='ltr'>ὲκ</span> <span class='ocrx_word' id='word_1_401' title='bbox 2178 2549 2335 2621; x_wconf 79' lang='grc' dir='ltr'>τῆσδε</span> <span class='ocrx_word' id='word_1_402' title='bbox 2349 2551 2445 2621; x_wconf 77' lang='grc' dir='ltr'>τῆς</span> <span class='ocrx_word' id='word_1_403' title='bbox 2465 2549 2680 2622; x_wconf 84' lang='grc' dir='ltr'>ἀπάτης</span> <span class='ocrx_word' id='word_1_404' title='bbox 2703 2549 3166 2621; x_wconf 82' lang='grc' dir='ltr'>παλινδρομήσας,</span> <span class='ocrx_word' id='word_1_405' title='bbox 3195 2548 3537 2611; x_wconf 75' lang='grc' dir='ltr'>κατακούσας</span> <span class='ocrx_word' id='word_1_406' title='bbox 3557 2545 3669 2601; x_wconf 87' lang='grc' dir='ltr'><strong>τῶν</strong></span> 
     </span>
    </p>
   </div>
   <div class='ocr_carea' id='block_1_58' title="bbox 2089 2636 3668 2714">
    <p class='ocr_par' dir='ltr' id='par_1_58' title="bbox 2089 2636 3668 2714">
     <span class='ocr_line' id='line_1_58' title="bbox 2089 2636 3668 2714; baseline -0.003 -20"><span class='ocrx_word' id='word_1_407' title='bbox 2089 2640 2348 2714; x_wconf 73' lang='grc' dir='ltr'>Γραφῶν,</span> <span class='ocrx_word' id='word_1_408' title='bbox 2379 2641 2473 2693; x_wconf 77' lang='grc' dir='ltr'><strong>καὶ</strong></span> <span class='ocrx_word' id='word_1_409' title='bbox 2524 2640 2617 2695; x_wconf 87' lang='grc' dir='ltr'><strong>τὸν</strong></span> <span class='ocrx_word' id='word_1_410' title='bbox 2668 2639 2862 2694; x_wconf 76' lang='grc' dir='ltr'>ἑαυτοῦ</span> <span class='ocrx_word' id='word_1_411' title='bbox 2912 2639 3023 2711; x_wconf 83' lang='grc' dir='ltr'>βίον</span> <span class='ocrx_word' id='word_1_412' title='bbox 3064 2637 3396 2712; x_wconf 70' lang='grc' dir='ltr'>ἐπιστρέψας</span> <span class='ocrx_word' id='word_1_413' title='bbox 3434 2636 3547 2709; x_wconf 83' lang='grc'><strong>(87)</strong></span> <span class='ocrx_word' id='word_1_414' title='bbox 3596 2636 3668 2707; x_wconf 71' lang='grc' dir='ltr'>τῇ</span> 
     </span>
    </p>
   </div>
   <div class='ocr_carea' id='block_1_59' title="bbox 2089 2726 3669 2806">
    <p class='ocr_par' dir='ltr' id='par_1_59' title="bbox 2089 2726 3669 2806">
     <span class='ocr_line' id='line_1_59' title="bbox 2089 2726 3669 2806; baseline -0.004 -19"><span class='ocrx_word' id='word_1_415' title='bbox 2089 2732 2336 2806; x_wconf 73' lang='grc' dir='ltr'>ἀληθεία,</span> <span class='ocrx_word' id='word_1_416' title='bbox 2359 2726 2467 2786; x_wconf 70' lang='grc' dir='ltr'>οἷον</span> <span class='ocrx_word' id='word_1_417' title='bbox 2496 2731 2556 2798; x_wconf 81' lang='grc' dir='ltr'>ἐξ</span> <span class='ocrx_word' id='word_1_418' title='bbox 2576 2731 2858 2805; x_wconf 86' lang='grc' dir='ltr'>ἀνθρώπου</span> <span class='ocrx_word' id='word_1_419' title='bbox 2881 2731 3012 2795; x_wconf 79' lang='grc' dir='ltr'>Θεὸς</span> <span class='ocrx_word' id='word_1_420' title='bbox 3039 2730 3397 2785; x_wconf 84' lang='grc' dir='ltr'>ἀποτελεῖται.</span> <span class='ocrx_word' id='word_1_421' title='bbox 3430 2730 3669 2799; x_wconf 79' lang='grc' dir='ltr'>Ἐχομεν</span> 
     </span>
    </p>
   </div>
   <div class='ocr_carea' id='block_1_60' title="bbox 2090 2816 3667 2896">
    <p class='ocr_par' dir='ltr' id='par_1_60' title="bbox 2090 2816 3667 2896">
     <span class='ocr_line' id='line_1_60' title="bbox 2090 2816 3667 2896; baseline -0.005 -17"><span class='ocrx_word' id='word_1_422' title='bbox 2090 2825 2197 2895; x_wconf 83' lang='grc' dir='ltr'>γὰρ</span> <span class='ocrx_word' id='word_1_423' title='bbox 2234 2824 2331 2895; x_wconf 78' lang='grc' dir='ltr'><strong>τὴν</strong></span> <span class='ocrx_word' id='word_1_424' title='bbox 2377 2824 2551 2896; x_wconf 76' lang='grc' dir='ltr'>ἀρχὴν</span> <span class='ocrx_word' id='word_1_425' title='bbox 2592 2824 2693 2894; x_wconf 78' lang='grc' dir='ltr'><strong>τῆς</strong></span> <span class='ocrx_word' id='word_1_426' title='bbox 2725 2821 3073 2885; x_wconf 78' lang='grc' dir='ltr'>διδασκαλίας</span> <span class='ocrx_word' id='word_1_427' title='bbox 3093 2821 3185 2875; x_wconf 80' lang='grc' dir='ltr'><strong>τὸν</strong></span> <span class='ocrx_word' id='word_1_428' title='bbox 3222 2818 3446 2891; x_wconf 76' lang='grc' dir='ltr'>Κύριον.</span> <span class='ocrx_word' id='word_1_429' title='bbox 3476 2816 3568 2872; x_wconf 89' lang='grc' dir='ltr'><strong>διά</strong></span> <span class='ocrx_word' id='word_1_430' title='bbox 3604 2832 3667 2871; x_wconf 76' lang='grc' dir='ltr'><strong>τε</strong></span> 
     </span>
    </p>
   </div>
   <div class='ocr_carea' id='block_1_61' title="bbox 2090 2907 3667 2988">
    <p class='ocr_par' dir='ltr' id='par_1_61' title="bbox 2090 2907 3667 2988">
     <span class='ocr_line' id='line_1_61' title="bbox 2090 2907 3667 2988; baseline -0.005 -18"><span class='ocrx_word' id='word_1_431' title='bbox 2090 2917 2197 2970; x_wconf 92' lang='grc' dir='ltr'><strong>τῶν</strong></span> <span class='ocrx_word' id='word_1_432' title='bbox 2226 2915 2542 2988; x_wconf 74' lang='grc' dir='ltr'>προφητῶν,</span> <span class='ocrx_word' id='word_1_433' title='bbox 2576 2915 2665 2968; x_wconf 80' lang='grc' dir='ltr'><strong>διά</strong></span> <span class='ocrx_word' id='word_1_434' title='bbox 2693 2931 2752 2967; x_wconf 84' lang='grc' dir='ltr'><strong>τε</strong></span> <span class='ocrx_word' id='word_1_435' title='bbox 2799 2912 2894 2967; x_wconf 74' lang='grc' dir='ltr'>τοῦ</span> <span class='ocrx_word' id='word_1_436' title='bbox 2931 2912 3281 2983; x_wconf 80' lang='grc' dir='ltr'>Εὑαγγελίου,</span> <span class='ocrx_word' id='word_1_437' title='bbox 3311 2912 3406 2965; x_wconf 78' lang='grc' dir='ltr'><strong>καὶ</strong></span> <span class='ocrx_word' id='word_1_438' title='bbox 3437 2909 3526 2964; x_wconf 71' lang='grc' dir='ltr'>διὰ</span> <span class='ocrx_word' id='word_1_439' title='bbox 3557 2907 3667 2962; x_wconf 82' lang='grc' dir='ltr'><strong>τῶν</strong></span> 
     </span>
    </p>
   </div>
   <div class='ocr_carea' id='block_1_62' title="bbox 2096 3000 3663 3079">
    <p class='ocr_par' dir='ltr' id='par_1_62' title="bbox 2096 3000 3663 3079">
     <span class='ocr_line' id='line_1_62' title="bbox 2096 3000 3663 3079; baseline -0.006 -18"><span class='ocrx_word' id='word_1_440' title='bbox 2096 3006 2378 3079; x_wconf 85' lang='grc' dir='ltr'>μακαρίων</span> <span class='ocrx_word' id='word_1_441' title='bbox 2412 3005 2744 3070; x_wconf 86' lang='grc' dir='ltr'>ἀποστόλων,</span> <span class='ocrx_word' id='word_1_442' title='bbox 2764 3003 3146 3078; x_wconf 80' lang='grc' dir='ltr'>«πολυτρόπως</span> <span class='ocrx_word' id='word_1_443' title='bbox 3168 3003 3262 3057; x_wconf 78' lang='grc' dir='ltr'>καὶ</span> <span class='ocrx_word' id='word_1_444' title='bbox 3296 3000 3620 3073; x_wconf 80' lang='grc' dir='ltr'>πολυμερῶς</span> <span class='ocrx_word' id='word_1_445' title='bbox 3642 3018 3663 3051; x_wconf 76' lang='grc' dir='ltr'><strong>ι</strong></span> 
     </span>
    </p>
   </div>
   <div class='ocr_carea' id='block_1_63' title="bbox 2093 3092 3669 3171">
    <p class='ocr_par' dir='ltr' id='par_1_63' title="bbox 2093 3092 3669 3171">
     <span class='ocr_line' id='line_1_63' title="bbox 2093 3092 3669 3171; baseline -0.004 -18"><span class='ocrx_word' id='word_1_446' title='bbox 2093 3098 2150 3167; x_wconf 77' lang='grc' dir='ltr'><strong>ἐξ</strong></span> <span class='ocrx_word' id='word_1_447' title='bbox 2179 3100 2353 3171; x_wconf 82' lang='grc' dir='ltr'>ἀρχῆς</span> <span class='ocrx_word' id='word_1_448' title='bbox 2378 3100 2457 3162; x_wconf 84' lang='grc' dir='ltr'>εἰς</span> <span class='ocrx_word' id='word_1_449' title='bbox 2486 3098 2635 3161; x_wconf 81' lang='grc' dir='ltr'>τέλος</span> <span class='ocrx_word' id='word_1_450' title='bbox 2663 3099 2960 3169; x_wconf 75' lang='grc' dir='ltr'>ἡγούμενον</span> <span class='ocrx_word' id='word_1_451' title='bbox 2999 3096 3099 3165; x_wconf 78' lang='grc' dir='ltr'>τῆς</span> <span class='ocrx_word' id='word_1_452' title='bbox 3126 3093 3398 3164; x_wconf 84' lang='grc' dir='ltr'>γνώσεως.</span> <span class='ocrx_word' id='word_1_453' title='bbox 3434 3092 3545 3165; x_wconf 83' lang='grc' dir='ltr'><strong>Τὴν</strong></span> <span class='ocrx_word' id='word_1_454' title='bbox 3569 3094 3669 3164; x_wconf 87' lang='grc' dir='ltr'>άρ-</span> 
     </span>
    </p>
   </div>
   <div class='ocr_carea' id='block_1_64' title="bbox 408 3179 1983 3263">
    <p class='ocr_par' dir='ltr' id='par_1_64' title="bbox 408 3186 1983 3261">
     <span class='ocr_line' id='line_1_64' title="bbox 408 3186 1983 3261; baseline 0.003 -20"><span class='ocrx_word' id='word_1_455' title='bbox 408 3202 532 3242; x_wconf 89' lang='lat' dir='ltr'><strong>nem</strong></span> <span class='ocrx_word' id='word_1_456' title='bbox 559 3186 781 3240; x_wconf 87' lang='lat' dir='ltr'><strong>deducit</strong></span> <span class='ocrx_word' id='word_1_457' title='bbox 812 3186 1163 3258; x_wconf 77' lang='lat' dir='ltr'><strong>cognitionis.</strong></span> <span class='ocrx_word' id='word_1_458' title='bbox 1201 3186 1540 3259; x_wconf 89' lang='lat' dir='ltr'><strong>Principium</strong></span> <span class='ocrx_word' id='word_1_459' title='bbox 1570 3197 1751 3244; x_wconf 86' lang='lat' dir='ltr'><strong>autem</strong></span> <span class='ocrx_word' id='word_1_460' title='bbox 1786 3188 1834 3245; x_wconf 88' lang='lat' dir='ltr'><strong>si</strong></span> <span class='ocrx_word' id='word_1_461' title='bbox 1862 3190 1983 3261; x_wconf 87' lang='lat' dir='ltr'><strong>quis</strong></span> 
     </span>
    </p>
   </div>
   <div class='ocr_carea' id='block_1_65' title="bbox 2086 3179 3667 3263">
    <p class='ocr_par' dir='ltr' id='par_1_65' title="bbox 2089 3179 3667 3263">
     <span class='ocr_line' id='line_1_65' title="bbox 2089 3179 3667 3263; baseline -0.006 -19"><span class='ocrx_word' id='word_1_462' title='bbox 2089 3190 2191 3263; x_wconf 78' lang='grc' dir='ltr'>χὴν</span> <span class='ocrx_word' id='word_1_463' title='bbox 2225 3189 2336 3261; x_wconf 86' lang='grc'><strong>(88)</strong></span> <span class='ocrx_word' id='word_1_464' title='bbox 2358 3190 2400 3243; x_wconf 77' lang='grc' dir='ltr'>δ’</span> <span class='ocrx_word' id='word_1_465' title='bbox 2425 3188 2582 3254; x_wconf 79' lang='grc' dir='ltr'>εἴτις</span> <span class='ocrx_word' id='word_1_466' title='bbox 2604 3189 2789 3259; x_wconf 85' lang='grc' dir='ltr'>’ἐτερον</span> <span class='ocrx_word' id='word_1_467' title='bbox 2821 3187 2929 3259; x_wconf 84' lang='grc'><strong>(89)</strong></span> <span class='ocrx_word' id='word_1_468' title='bbox 2954 3185 3156 3239; x_wconf 87' lang='grc' dir='ltr'>δεῖσθαι</span> <span class='ocrx_word' id='word_1_469' title='bbox 3179 3182 3460 3245; x_wconf 62' lang='grc' dir='ltr'>ὑπολάᾶκ,</span> <span class='ocrx_word' id='word_1_470' title='bbox 3487 3179 3667 3236; x_wconf 56' lang='grc' dir='ltr'>ὤχετ’</span> 
     </span>
    </p>
   </div>
   <div class='ocr_carea' id='block_1_66' title="bbox 409 3278 1985 3352">
    <p class='ocr_par' dir='ltr' id='par_1_66' title="bbox 409 3278 1985 3352">
     <span class='ocr_line' id='line_1_66' title="bbox 409 3278 1985 3352; baseline 0.004 -21"><span class='ocrx_word' id='word_1_471' title='bbox 409 3279 519 3333; x_wconf 87' lang='lat' dir='ltr'><strong>alio</strong></span> <span class='ocrx_word' id='word_1_472' title='bbox 562 3289 701 3347; x_wconf 90' lang='lat' dir='ltr'><strong>opus</strong></span> <span class='ocrx_word' id='word_1_473' title='bbox 759 3278 962 3334; x_wconf 87' lang='lat' dir='ltr'><strong>habere</strong></span> <span class='ocrx_word' id='word_1_474' title='bbox 1001 3279 1421 3344; x_wconf 77' lang='lat' dir='ltr'><strong>existimaverit,</strong></span> <span class='ocrx_word' id='word_1_475' title='bbox 1458 3296 1566 3336; x_wconf 92' lang='lat' dir='ltr'><strong>non</strong></span> <span class='ocrx_word' id='word_1_476' title='bbox 1620 3282 1811 3352; x_wconf 83' lang='lat' dir='ltr'><strong>utique</strong></span> <span class='ocrx_word' id='word_1_477' title='bbox 1856 3298 1985 3337; x_wconf 81' lang='lat' dir='ltr'><strong>vere</strong></span> 
     </span>
    </p>
   </div>
   <div class='ocr_carea' id='block_1_67' title="bbox 409 3370 1984 3444">
    <p class='ocr_par' dir='ltr' id='par_1_67' title="bbox 409 3370 1984 3444">
     <span class='ocr_line' id='line_1_67' title="bbox 409 3370 1984 3444; baseline 0.003 -19"><span class='ocrx_word' id='word_1_478' title='bbox 409 3371 612 3441; x_wconf 84' lang='lat' dir='ltr'><strong>poterit</strong></span> <span class='ocrx_word' id='word_1_479' title='bbox 635 3385 856 3426; x_wconf 90' lang='lat' dir='ltr'><strong>manere</strong></span> <span class='ocrx_word' id='word_1_480' title='bbox 903 3370 1257 3441; x_wconf 88' lang='lat' dir='ltr'><strong>principium.</strong></span> <span class='ocrx_word' id='word_1_481' title='bbox 1290 3371 1394 3438; x_wconf 90' lang='lat' dir='ltr'><strong>Qui</strong></span> <span class='ocrx_word' id='word_1_482' title='bbox 1428 3380 1511 3428; x_wconf 91' lang='lat' dir='ltr'><strong>est</strong></span> <span class='ocrx_word' id='word_1_483' title='bbox 1542 3388 1673 3444; x_wconf 85' lang='lat' dir='ltr'><strong>ergo</strong></span> <span class='ocrx_word' id='word_1_484' title='bbox 1703 3389 1767 3427; x_wconf 80' lang='lat' dir='ltr'><strong>cx</strong></span> <span class='ocrx_word' id='word_1_485' title='bbox 1801 3372 1984 3444; x_wconf 88' lang='lat' dir='ltr'><strong>seipso</strong></span> 
     </span>
    </p>
   </div>
   <div class='ocr_carea' id='block_1_68' title="bbox 411 3456 1985 3527">
    <p class='ocr_par' dir='ltr' id='par_1_68' title="bbox 411 3456 1985 3527">
     <span class='ocr_line' id='line_1_68' title="bbox 411 3456 1985 3527; baseline 0.003 -10"><span class='ocrx_word' id='word_1_486' title='bbox 411 3461 606 3527; x_wconf 74' lang='lat' dir='ltr'><strong>ﬁdelis,</strong></span> <span class='ocrx_word' id='word_1_487' title='bbox 644 3462 697 3518; x_wconf 91' lang='lat' dir='ltr'><strong>ei</strong></span> <span class='ocrx_word' id='word_1_488' title='bbox 738 3463 935 3518; x_wconf 89' lang='lat' dir='ltr'><strong>merito</strong></span> <span class='ocrx_word' id='word_1_489' title='bbox 975 3462 1108 3520; x_wconf 80' lang='lat' dir='ltr'><strong>ﬁdes</strong></span> <span class='ocrx_word' id='word_1_490' title='bbox 1141 3463 1373 3520; x_wconf 86' lang='lat' dir='ltr'><strong>habetur</strong></span> <span class='ocrx_word' id='word_1_491' title='bbox 1400 3456 1467 3519; x_wconf 89' lang='lat' dir='ltr'><strong>in</strong></span> <span class='ocrx_word' id='word_1_492' title='bbox 1505 3464 1789 3520; x_wconf 87' lang='lat' dir='ltr'><strong>Dominica</strong></span> <span class='ocrx_word' id='word_1_493' title='bbox 1833 3464 1985 3521; x_wconf 85' lang='lat' dir='ltr'><strong>Scri-</strong></span> 
     </span>
    </p>
   </div>
   <div class='ocr_carea' id='block_1_69' title="bbox 408 3555 1988 3631">
    <p class='ocr_par' dir='ltr' id='par_1_69' title="bbox 408 3555 1988 3631">
     <span class='ocr_line' id='line_1_69' title="bbox 408 3555 1988 3631; baseline 0 -20"><span class='ocrx_word' id='word_1_494' title='bbox 408 3561 568 3631; x_wconf 76' lang='lat' dir='ltr'><strong>plura</strong></span> <span class='ocrx_word' id='word_1_495' title='bbox 595 3561 649 3609; x_wconf 89' lang='lat' dir='ltr'><strong>et</strong></span> <span class='ocrx_word' id='word_1_496' title='bbox 683 3568 839 3619; x_wconf 87' lang='lat' dir='ltr'><strong>voce,</strong></span> <span class='ocrx_word' id='word_1_497' title='bbox 875 3569 998 3625; x_wconf 67' lang='lat' dir='ltr'><strong>qua:</strong></span> <span class='ocrx_word' id='word_1_498' title='bbox 1046 3570 1144 3625; x_wconf 89' lang='lat' dir='ltr'><strong>per</strong></span> <span class='ocrx_word' id='word_1_499' title='bbox 1189 3555 1351 3626; x_wconf 73' lang='lat'><strong>322</strong></span> <span class='ocrx_word' id='word_1_500' title='bbox 1402 3555 1690 3611; x_wconf 90' lang='lat' dir='ltr'><strong>Dominum</strong></span> <span class='ocrx_word' id='word_1_501' title='bbox 1725 3564 1988 3628; x_wconf 87' lang='lat' dir='ltr'><strong>operatur</strong></span> 
     </span>
    </p>
   </div>
   <div class='ocr_carea' id='block_1_70' title="bbox 409 3644 1988 3718">
    <p class='ocr_par' dir='ltr' id='par_1_70' title="bbox 409 3644 1988 3718">
     <span class='ocr_line' id='line_1_70' title="bbox 409 3644 1988 3718; baseline 0.003 -19"><span class='ocrx_word' id='word_1_502' title='bbox 409 3645 480 3700; x_wconf 90' lang='lat' dir='ltr'><strong>ad</strong></span> <span class='ocrx_word' id='word_1_503' title='bbox 501 3644 784 3701; x_wconf 88' lang='lat' dir='ltr'><strong>hominum</strong></span> <span class='ocrx_word' id='word_1_504' title='bbox 811 3644 1161 3701; x_wconf 75' lang='lat' dir='ltr'><strong>beneﬁcium.</strong></span> <span class='ocrx_word' id='word_1_505' title='bbox 1201 3645 1321 3717; x_wconf 89' lang='lat' dir='ltr'><strong>Ipsa</strong></span> <span class='ocrx_word' id='word_1_506' title='bbox 1372 3654 1553 3702; x_wconf 90' lang='lat' dir='ltr'><strong>autem</strong></span> <span class='ocrx_word' id='word_1_507' title='bbox 1583 3654 1844 3718; x_wconf 87' lang='lat' dir='ltr'><strong>tanquam</strong></span> <span class='ocrx_word' id='word_1_508' title='bbox 1876 3648 1988 3703; x_wconf 76' lang='lat' dir='ltr'><strong>cri~</strong></span> 
     </span>
    </p>
   </div>
   <div class='ocr_carea' id='block_1_71' title="bbox 408 3737 1986 3812">
    <p class='ocr_par' dir='ltr' id='par_1_71' title="bbox 408 3737 1986 3812">
     <span class='ocr_line' id='line_1_71' title="bbox 408 3737 1986 3812; baseline 0.003 -20"><span class='ocrx_word' id='word_1_509' title='bbox 408 3737 550 3793; x_wconf 88' lang='lat' dir='ltr'><strong>terio</strong></span> <span class='ocrx_word' id='word_1_510' title='bbox 577 3738 786 3794; x_wconf 90' lang='lat' dir='ltr'><strong>utimur</strong></span> <span class='ocrx_word' id='word_1_511' title='bbox 829 3737 897 3793; x_wconf 89' lang='lat' dir='ltr'><strong>ad</strong></span> <span class='ocrx_word' id='word_1_512' title='bbox 938 3754 1031 3794; x_wconf 91' lang='lat' dir='ltr'><strong>res</strong></span> <span class='ocrx_word' id='word_1_513' title='bbox 1062 3739 1441 3797; x_wconf 90' lang='lat' dir='ltr'><strong>inveniendas.</strong></span> <span class='ocrx_word' id='word_1_514' title='bbox 1478 3739 1755 3812; x_wconf 89' lang='lat' dir='ltr'><strong>Quidquid</strong></span> <span class='ocrx_word' id='word_1_515' title='bbox 1802 3750 1986 3798; x_wconf 89' lang='lat' dir='ltr'><strong>autem</strong></span> 
     </span>
    </p>
   </div>
   <div class='ocr_carea' id='block_1_72' title="bbox 404 3830 1994 3905">
    <p class='ocr_par' dir='ltr' id='par_1_72' title="bbox 404 3830 1994 3905">
     <span class='ocr_line' id='line_1_72' title="bbox 404 3830 1994 3905; baseline 0.003 -21"><span class='ocrx_word' id='word_1_516' title='bbox 404 3830 704 3897; x_wconf 86' lang='lat' dir='ltr'><strong>judicatur,</strong></span> <span class='ocrx_word' id='word_1_517' title='bbox 746 3846 857 3887; x_wconf 91' lang='lat' dir='ltr'><strong>non</strong></span> <span class='ocrx_word' id='word_1_518' title='bbox 890 3831 1136 3887; x_wconf 86' lang='lat' dir='ltr'><strong>creditur</strong></span> <span class='ocrx_word' id='word_1_519' title='bbox 1190 3832 1511 3904; x_wconf 86' lang='lat' dir='ltr'><strong>priusquam</strong></span> <span class='ocrx_word' id='word_1_520' title='bbox 1567 3834 1731 3890; x_wconf 83' lang='lat' dir='ltr'><strong>fuerit</strong></span> <span class='ocrx_word' id='word_1_521' title='bbox 1775 3834 1994 3905; x_wconf 84' lang='lat' dir='ltr'><strong>judica-</strong></span> 
     </span>
    </p>
   </div>
   <div class='ocr_carea' id='block_1_73' title="bbox 409 3923 1988 3997">
    <p class='ocr_par' dir='ltr' id='par_1_73' title="bbox 409 3923 1988 3997">
     <span class='ocr_line' id='line_1_73' title="bbox 409 3923 1988 3997; baseline 0.004 -24"><span class='ocrx_word' id='word_1_522' title='bbox 409 3930 549 3986; x_wconf 87' lang='lat' dir='ltr'><strong>tum,</strong></span> <span class='ocrx_word' id='word_1_523' title='bbox 578 3937 752 3993; x_wconf 88' lang='lat' dir='ltr'><strong>quare</strong></span> <span class='ocrx_word' id='word_1_524' title='bbox 784 3938 888 3978; x_wconf 92' lang='lat' dir='ltr'><strong>nec</strong></span> <span class='ocrx_word' id='word_1_525' title='bbox 918 3932 1004 3979; x_wconf 90' lang='lat' dir='ltr'><strong>est</strong></span> <span class='ocrx_word' id='word_1_526' title='bbox 1032 3923 1365 3995; x_wconf 87' lang='lat' dir='ltr'><strong>principium</strong></span> <span class='ocrx_word' id='word_1_527' title='bbox 1394 3925 1449 3981; x_wconf 92' lang='lat' dir='ltr'><strong>id</strong></span> <span class='ocrx_word' id='word_1_528' title='bbox 1481 3925 1631 3996; x_wconf 89' lang='lat' dir='ltr'><strong>quod</strong></span> <span class='ocrx_word' id='word_1_529' title='bbox 1662 3941 1801 3997; x_wconf 90' lang='lat' dir='ltr'><strong>opus</strong></span> <span class='ocrx_word' id='word_1_530' title='bbox 1824 3926 1988 3982; x_wconf 88' lang='lat' dir='ltr'><strong>habet</strong></span> 
     </span>
    </p>
   </div>
   <div class='ocr_carea' id='block_1_74' title="bbox 405 4011 1984 4088">
    <p class='ocr_par' dir='ltr' id='par_1_74' title="bbox 405 4011 1984 4088">
     <span class='ocr_line' id='line_1_74' title="bbox 405 4011 1984 4088; baseline 0.004 -22"><span class='ocrx_word' id='word_1_531' title='bbox 405 4012 635 4082; x_wconf 84' lang='lat' dir='ltr'><strong>judicio.</strong></span> <span class='ocrx_word' id='word_1_532' title='bbox 683 4011 878 4069; x_wconf 85' lang='lat' dir='ltr'><strong>Merito</strong></span> <span class='ocrx_word' id='word_1_533' title='bbox 923 4030 1055 4086; x_wconf 76' lang='lat' dir='ltr'><strong>ergo</strong></span> <span class='ocrx_word' id='word_1_534' title='bbox 1101 4030 1227 4071; x_wconf 90' lang='lat' dir='ltr'><strong>cum</strong></span> <span class='ocrx_word' id='word_1_535' title='bbox 1256 4016 1362 4073; x_wconf 78' lang='lat' dir='ltr'><strong>ﬁde</strong></span> <span class='ocrx_word' id='word_1_536' title='bbox 1398 4016 1984 4088; x_wconf 87' lang='lat' dir='ltr'><strong>comprehenderimus</strong></span> 
     </span>
    </p>
   </div>
   <div class='ocr_carea' id='block_1_75' title="bbox 417 4105 1985 4175">
    <p class='ocr_par' dir='ltr' id='par_1_75' title="bbox 417 4105 1985 4175">
     <span class='ocr_line' id='line_1_75' title="bbox 417 4105 1985 4175; baseline 0.003 -17"><span class='ocrx_word' id='word_1_537' title='bbox 417 4109 476 4167; x_wconf 56' lang='grc' dir='ltr'><strong>ω</strong></span> <span class='ocrx_word' id='word_1_538' title='bbox 500 4105 830 4175; x_wconf 92' lang='lat' dir='ltr'><strong>principium</strong></span> <span class='ocrx_word' id='word_1_539' title='bbox 862 4105 1365 4172; x_wconf 89' lang='lat' dir='ltr'><strong>indemonstrabile,</strong></span> <span class='ocrx_word' id='word_1_540' title='bbox 1388 4124 1456 4163; x_wconf 78' lang='lat' dir='ltr'><strong>ex</strong></span> <span class='ocrx_word' id='word_1_541' title='bbox 1486 4109 1788 4164; x_wconf 87' lang='lat' dir='ltr'><strong>abundanti</strong></span> <span class='ocrx_word' id='word_1_542' title='bbox 1819 4110 1985 4164; x_wconf 88' lang='lat' dir='ltr'><strong>etiam</strong></span> 
     </span>
    </p>
   </div>
   <div class='ocr_carea' id='block_1_76' title="bbox 412 4196 1985 4271">
    <p class='ocr_par' dir='ltr' id='par_1_76' title="bbox 412 4196 1985 4271">
     <span class='ocr_line' id='line_1_76' title="bbox 412 4196 1985 4271; baseline 0.003 -20"><span class='ocrx_word' id='word_1_543' title='bbox 412 4196 481 4253; x_wconf 85' lang='lat' dir='ltr'><strong>ab</strong></span> <span class='ocrx_word' id='word_1_544' title='bbox 522 4198 643 4271; x_wconf 90' lang='lat' dir='ltr'><strong>ipso</strong></span> <span class='ocrx_word' id='word_1_545' title='bbox 665 4197 937 4269; x_wconf 89' lang='lat' dir='ltr'><strong>principio</strong></span> <span class='ocrx_word' id='word_1_546' title='bbox 970 4197 1039 4254; x_wconf 87' lang='lat' dir='ltr'><strong>de</strong></span> <span class='ocrx_word' id='word_1_547' title='bbox 1072 4198 1343 4270; x_wconf 90' lang='lat' dir='ltr'><strong>principio</strong></span> <span class='ocrx_word' id='word_1_548' title='bbox 1365 4199 1866 4256; x_wconf 89' lang='lat' dir='ltr'><strong>demonstrationes</strong></span> <span class='ocrx_word' id='word_1_549' title='bbox 1888 4216 1985 4255; x_wconf 57' lang='lat' dir='ltr'><strong>suc</strong></span> 
     </span>
    </p>
   </div>
   <div class='ocr_carea' id='block_1_77' title="bbox 2087 3272 3669 3351">
    <p class='ocr_par' dir='ltr' id='par_1_77' title="bbox 2087 3272 3669 3351">
     <span class='ocr_line' id='line_1_77' title="bbox 2087 3272 3669 3351; baseline -0.007 -16"><span class='ocrx_word' id='word_1_550' title='bbox 2087 3280 2152 3335; x_wconf 81' lang='grc' dir='ltr'>ἂν</span> <span class='ocrx_word' id='word_1_551' title='bbox 2178 3280 2345 3345; x_wconf 80' lang='grc' dir='ltr'>δντως</span> <span class='ocrx_word' id='word_1_552' title='bbox 2380 3281 2522 3351; x_wconf 82' lang='grc' dir='ltr'>ἀρχὴ</span> <span class='ocrx_word' id='word_1_553' title='bbox 2556 3279 2871 3351; x_wconf 78' lang='grc' dir='ltr'>φυλαχθείη.</span> <span class='ocrx_word' id='word_1_554' title='bbox 2925 3278 2983 3332; x_wconf 86' lang='lat'><strong>&#39;0</strong></span> <span class='ocrx_word' id='word_1_555' title='bbox 3012 3278 3112 3349; x_wconf 78' lang='grc' dir='ltr'><strong>μὲν</strong></span> <span class='ocrx_word' id='word_1_556' title='bbox 3136 3272 3229 3331; x_wconf 80' lang='grc' dir='ltr'><strong>οὖν</strong></span> <span class='ocrx_word' id='word_1_557' title='bbox 3259 3274 3317 3341; x_wconf 80' lang='grc' dir='ltr'>ὲξ</span> <span class='ocrx_word' id='word_1_558' title='bbox 3351 3273 3544 3328; x_wconf 79' lang='grc' dir='ltr'>ἑαυτοῦ</span> <span class='ocrx_word' id='word_1_559' title='bbox 3577 3288 3669 3324; x_wconf 84' lang='grc' dir='ltr'>πι-</span> 
     </span>
    </p>
   </div>
   <div class='ocr_carea' id='block_1_78' title="bbox 2091 3364 3666 3444">
    <p class='ocr_par' dir='ltr' id='par_1_78' title="bbox 2091 3364 3666 3444">
     <span class='ocr_line' id='line_1_78' title="bbox 2091 3364 3666 3444; baseline -0.005 -17"><span class='ocrx_word' id='word_1_560' title='bbox 2091 3373 2214 3437; x_wconf 82' lang='grc' dir='ltr'>στὸς</span> <span class='ocrx_word' id='word_1_561' title='bbox 2231 3375 2297 3444; x_wconf 82' lang='grc' dir='ltr'>τῇ</span> <span class='ocrx_word' id='word_1_562' title='bbox 2323 3373 2560 3443; x_wconf 82' lang='grc' dir='ltr'>κυριακῇ</span> <span class='ocrx_word' id='word_1_563' title='bbox 2583 3370 2769 3441; x_wconf 67' lang='grc' dir='ltr'>Γραφῇ</span> <span class='ocrx_word' id='word_1_564' title='bbox 2797 3387 2856 3422; x_wconf 90' lang='grc' dir='ltr'><strong>τε</strong></span> <span class='ocrx_word' id='word_1_565' title='bbox 2882 3369 2976 3422; x_wconf 77' lang='grc' dir='ltr'>καὶ</span> <span class='ocrx_word' id='word_1_566' title='bbox 3001 3370 3149 3438; x_wconf 75' lang='grc' dir='ltr'>φωνῇ</span> <span class='ocrx_word' id='word_1_567' title='bbox 3179 3364 3486 3431; x_wconf 75' lang='grc' dir='ltr'>ἀξιόπιστος</span> <span class='ocrx_word' id='word_1_568' title='bbox 3517 3364 3666 3419; x_wconf 74' lang='grc' dir='ltr'>εἰκό-</span> 
     </span>
    </p>
   </div>
   <div class='ocr_carea' id='block_1_79' title="bbox 2089 3456 3666 3532">
    <p class='ocr_par' dir='ltr' id='par_1_79' title="bbox 2089 3456 3666 3532">
     <span class='ocr_line' id='line_1_79' title="bbox 2089 3456 3666 3532; baseline -0.004 -15"><span class='ocrx_word' id='word_1_569' title='bbox 2089 3480 2199 3528; x_wconf 86' lang='grc' dir='ltr'><strong>τως</strong></span> <span class='ocrx_word' id='word_1_570' title='bbox 2246 3462 2312 3517; x_wconf 82' lang='grc' dir='ltr'><strong>ἂν</strong></span> <span class='ocrx_word' id='word_1_571' title='bbox 2362 3461 2450 3515; x_wconf 80' lang='grc' dir='ltr'><strong>διὰ</strong></span> <span class='ocrx_word' id='word_1_572' title='bbox 2482 3462 2576 3515; x_wconf 73' lang='grc' dir='ltr'><strong>τοῦ</strong></span> <span class='ocrx_word' id='word_1_573' title='bbox 2628 3459 2833 3532; x_wconf 81' lang='grc' dir='ltr'>Κυρίου</span> <span class='ocrx_word' id='word_1_574' title='bbox 2888 3459 3027 3531; x_wconf 85' lang='grc' dir='ltr'>πρὸς</span> <span class='ocrx_word' id='word_1_575' title='bbox 3071 3458 3169 3531; x_wconf 77' lang='grc' dir='ltr'>τὴν</span> <span class='ocrx_word' id='word_1_576' title='bbox 3206 3458 3318 3512; x_wconf 86' lang='grc' dir='ltr'><strong>τῶν</strong></span> <span class='ocrx_word' id='word_1_577' title='bbox 3366 3456 3666 3528; x_wconf 64' lang='grc' dir='ltr'>ἀνθρώπων</span> 
     </span>
    </p>
   </div>
   <div class='ocr_carea' id='block_1_80' title="bbox 2092 3547 3669 3627">
    <p class='ocr_par' dir='ltr' id='par_1_80' title="bbox 2092 3547 3669 3627">
     <span class='ocr_line' id='line_1_80' title="bbox 2092 3547 3669 3627; baseline -0.004 -20"><span class='ocrx_word' id='word_1_578' title='bbox 2092 3555 2412 3627; x_wconf 75' lang='grc' dir='ltr'>εὐεργεσίαν</span> <span class='ocrx_word' id='word_1_579' title='bbox 2453 3552 2843 3626; x_wconf 70' lang='grc' dir='ltr'>ἐνεργουμένη.</span> <span class='ocrx_word' id='word_1_580' title='bbox 2879 3550 3092 3623; x_wconf 77' lang='grc' dir='ltr'>Ἀμέλει</span> <span class='ocrx_word' id='word_1_581' title='bbox 3127 3550 3263 3623; x_wconf 81' lang='grc' dir='ltr'>πρὸς</span> <span class='ocrx_word' id='word_1_582' title='bbox 3286 3547 3384 3621; x_wconf 79' lang='grc' dir='ltr'>τὴν</span> <span class='ocrx_word' id='word_1_583' title='bbox 3401 3548 3513 3603; x_wconf 88' lang='grc' dir='ltr'><strong>τῶν</strong></span> <span class='ocrx_word' id='word_1_584' title='bbox 3528 3565 3669 3621; x_wconf 88' lang='grc' dir='ltr'>πρα-</span> 
     </span>
    </p>
   </div>
   <div class='ocr_carea' id='block_1_81' title="bbox 2092 3640 3667 3717">
    <p class='ocr_par' dir='ltr' id='par_1_81' title="bbox 2092 3640 3667 3717">
     <span class='ocr_line' id='line_1_81' title="bbox 2092 3640 3667 3717; baseline -0.003 -17"><span class='ocrx_word' id='word_1_585' title='bbox 2092 3648 2315 3717; x_wconf 83' lang='grc' dir='ltr'>γμάτων</span> <span class='ocrx_word' id='word_1_586' title='bbox 2340 3646 2572 3717; x_wconf 69' lang='grc' dir='ltr'>εὕρεσιν,</span> <span class='ocrx_word' id='word_1_587' title='bbox 2608 3646 2743 3717; x_wconf 66' lang='grc' dir='ltr'>αὑτῇ</span> <span class='ocrx_word' id='word_1_588' title='bbox 2767 3643 3028 3716; x_wconf 86' lang='grc' dir='ltr'>χρώμεθα</span> <span class='ocrx_word' id='word_1_589' title='bbox 3070 3644 3370 3716; x_wconf 76' lang='grc' dir='ltr'>κριτηρίῳο</span> <span class='ocrx_word' id='word_1_590' title='bbox 3402 3643 3464 3695; x_wconf 73' lang='grc' dir='ltr'><strong>τὸ</strong></span> <span class='ocrx_word' id='word_1_591' title='bbox 3482 3640 3667 3715; x_wconf 88' lang='grc' dir='ltr'>κρινό-</span> 
     </span>
    </p>
   </div>
   <div class='ocr_carea' id='block_1_82' title="bbox 2098 3732 3667 3811">
    <p class='ocr_par' dir='ltr' id='par_1_82' title="bbox 2098 3732 3667 3811">
     <span class='ocr_line' id='line_1_82' title="bbox 2098 3732 3667 3811; baseline -0.004 -19"><span class='ocrx_word' id='word_1_592' title='bbox 2098 3756 2256 3811; x_wconf 86' lang='grc' dir='ltr'>μενον</span> <span class='ocrx_word' id='word_1_593' title='bbox 2286 3739 2343 3792; x_wconf 83' lang='grc' dir='ltr'>δὲ</span> <span class='ocrx_word' id='word_1_594' title='bbox 2378 3741 2486 3793; x_wconf 77' lang='grc' dir='ltr'>πᾶν</span> <span class='ocrx_word' id='word_1_595' title='bbox 2527 3740 2606 3793; x_wconf 75' lang='grc' dir='ltr'>ἔτι</span> <span class='ocrx_word' id='word_1_596' title='bbox 2630 3739 2855 3794; x_wconf 80' lang='grc' dir='ltr'>ἄπιστον</span> <span class='ocrx_word' id='word_1_597' title='bbox 2898 3738 3028 3809; x_wconf 76' lang='grc' dir='ltr'>πρὶν</span> <span class='ocrx_word' id='word_1_598' title='bbox 3074 3735 3363 3807; x_wconf 77' lang='grc' dir='ltr'>κριθῆναι’</span> <span class='ocrx_word' id='word_1_599' title='bbox 3399 3734 3529 3788; x_wconf 80' lang='grc' dir='ltr'>ὥστ’</span> <span class='ocrx_word' id='word_1_600' title='bbox 3557 3732 3667 3787; x_wconf 79' lang='grc' dir='ltr'>οὐδ’</span> 
     </span>
    </p>
   </div>
   <div class='ocr_carea' id='block_1_83' title="bbox 2099 3826 3668 3904">
    <p class='ocr_par' dir='ltr' id='par_1_83' title="bbox 2099 3826 3668 3904">
     <span class='ocr_line' id='line_1_83' title="bbox 2099 3826 3668 3904; baseline -0.004 -18"><span class='ocrx_word' id='word_1_601' title='bbox 2099 3831 2240 3904; x_wconf 81' lang='grc' dir='ltr'>ἀρχὴ</span> <span class='ocrx_word' id='word_1_602' title='bbox 2271 3831 2333 3883; x_wconf 82' lang='grc' dir='ltr'><strong>τὸ</strong></span> <span class='ocrx_word' id='word_1_603' title='bbox 2373 3832 2607 3904; x_wconf 87' lang='grc' dir='ltr'>κρίσεως</span> <span class='ocrx_word' id='word_1_604' title='bbox 2654 3831 2924 3903; x_wconf 85' lang='grc' dir='ltr'>δεόμενον.</span> <span class='ocrx_word' id='word_1_605' title='bbox 2970 3828 3210 3892; x_wconf 86' lang='grc' dir='ltr'>Εἰκότως</span> <span class='ocrx_word' id='word_1_606' title='bbox 3260 3826 3441 3881; x_wconf 86' lang='grc' dir='ltr'>τοίνυν</span> <span class='ocrx_word' id='word_1_607' title='bbox 3486 3826 3668 3879; x_wconf 80' lang='grc' dir='ltr'>πίστει</span> 
     </span>
    </p>
   </div>
   <div class='ocr_carea' id='block_1_84' title="bbox 2093 3919 3666 3997">
    <p class='ocr_par' dir='ltr' id='par_1_84' title="bbox 2093 3919 3666 3997">
     <span class='ocr_line' id='line_1_84' title="bbox 2093 3919 3666 3997; baseline -0.005 -19"><span class='ocrx_word' id='word_1_608' title='bbox 2093 3942 2160 3978; x_wconf 87' lang='grc' dir='ltr'><strong>πε</strong></span> <span class='ocrx_word' id='word_1_609' title='bbox 2170 3923 2479 3997; x_wconf 78' lang='grc' dir='ltr'>ριδαλόντες</span> <span class='ocrx_word' id='word_1_610' title='bbox 2504 3921 2887 3977; x_wconf 87' lang='grc' dir='ltr'>ἀναπόδεικτον</span> <span class='ocrx_word' id='word_1_611' title='bbox 2911 3920 3009 3992; x_wconf 76' lang='grc' dir='ltr'>τὴν</span> <span class='ocrx_word' id='word_1_612' title='bbox 3038 3919 3233 3992; x_wconf 79' lang='grc' dir='ltr'>ἀρχὴν,</span> <span class='ocrx_word' id='word_1_613' title='bbox 3261 3920 3326 3972; x_wconf 84' lang='grc' dir='ltr'>ὲκ</span> <span class='ocrx_word' id='word_1_614' title='bbox 3352 3919 3666 3989; x_wconf 86' lang='grc' dir='ltr'>περιουσίας</span> 
     </span>
    </p>
   </div>
   <div class='ocr_carea' id='block_1_85' title="bbox 2091 4009 3666 4086">
    <p class='ocr_par' dir='ltr' id='par_1_85' title="bbox 2091 4009 3666 4086">
     <span class='ocr_line' id='line_1_85' title="bbox 2091 4009 3666 4086; baseline -0.005 -15"><span class='ocrx_word' id='word_1_615' title='bbox 2091 4018 2184 4071; x_wconf 81' lang='grc' dir='ltr'><strong>καὶ</strong></span> <span class='ocrx_word' id='word_1_616' title='bbox 2205 4016 2305 4080; x_wconf 71' lang='grc' dir='ltr'><strong>τὰς</strong></span> <span class='ocrx_word' id='word_1_617' title='bbox 2333 4014 2632 4080; x_wconf 85' lang='grc' dir='ltr'>ἀποδείξεις</span> <span class='ocrx_word' id='word_1_618' title='bbox 2660 4017 2790 4086; x_wconf 79' lang='grc' dir='ltr'>παρ’</span> <span class='ocrx_word' id='word_1_619' title='bbox 2834 4013 3004 4083; x_wconf 77' lang='grc' dir='ltr'>αὐτῆς</span> <span class='ocrx_word' id='word_1_620' title='bbox 3050 4013 3149 4084; x_wconf 84' lang='grc' dir='ltr'><strong>τῆς</strong></span> <span class='ocrx_word' id='word_1_621' title='bbox 3191 4012 3366 4083; x_wconf 83' lang='grc' dir='ltr'>ἀρχῆς</span> <span class='ocrx_word' id='word_1_622' title='bbox 3411 4009 3543 4083; x_wconf 78' lang='grc' dir='ltr'>περὶ</span> <span class='ocrx_word' id='word_1_623' title='bbox 3566 4010 3666 4081; x_wconf 82' lang='grc' dir='ltr'>τῆς</span> 
     </span>
    </p>
   </div>
   <div class='ocr_carea' id='block_1_86' title="bbox 2086 4099 3666 4181">
    <p class='ocr_par' dir='ltr' id='par_1_86' title="bbox 2086 4099 3666 4181">
     <span class='ocr_line' id='line_1_86' title="bbox 2086 4099 3666 4181; baseline -0.003 -22"><span class='ocrx_word' id='word_1_624' title='bbox 2086 4106 2262 4181; x_wconf 78' lang='grc' dir='ltr'>ἀρχῆς</span> <span class='ocrx_word' id='word_1_625' title='bbox 2285 4105 2557 4171; x_wconf 75' lang='grc' dir='ltr'>λαϐόντες,</span> <span class='ocrx_word' id='word_1_626' title='bbox 2591 4108 2739 4176; x_wconf 81' lang='grc' dir='ltr'>φωνῇ</span> <span class='ocrx_word' id='word_1_627' title='bbox 2764 4104 2967 4175; x_wconf 82' lang='grc' dir='ltr'>Κυρίου</span> <span class='ocrx_word' id='word_1_628' title='bbox 3007 4100 3373 4173; x_wconf 81' lang='grc' dir='ltr'>παιδευόμεθα</span> <span class='ocrx_word' id='word_1_629' title='bbox 3407 4101 3545 4174; x_wconf 81' lang='grc' dir='ltr'>πρὸς</span> <span class='ocrx_word' id='word_1_630' title='bbox 3567 4099 3666 4172; x_wconf 78' lang='grc' dir='ltr'>τὴν</span> 
     </span>
    </p>
   </div>
   <div class='ocr_carea' id='block_1_87' title="bbox 2085 4192 3669 4270">
    <p class='ocr_par' dir='ltr' id='par_1_87' title="bbox 2085 4192 3669 4270">
     <span class='ocr_line' id='line_1_87' title="bbox 2085 4192 3669 4270; baseline -0.004 -16"><span class='ocrx_word' id='word_1_631' title='bbox 2085 4199 2378 4268; x_wconf 76' lang='grc' dir='ltr'>ἐπίγνωσιν</span> <span class='ocrx_word' id='word_1_632' title='bbox 2405 4198 2505 4269; x_wconf 77' lang='grc' dir='ltr'>τῆς</span> <span class='ocrx_word' id='word_1_633' title='bbox 2532 4196 2807 4270; x_wconf 86' lang='grc' dir='ltr'>ἀληθείας.</span> <span class='ocrx_word' id='word_1_634' title='bbox 2840 4196 2916 4249; x_wconf 74' lang='grc' dir='ltr'>υὺ</span> <span class='ocrx_word' id='word_1_635' title='bbox 2958 4196 3067 4267; x_wconf 87' lang='grc' dir='ltr'>γὰρ</span> <span class='ocrx_word' id='word_1_636' title='bbox 3092 4194 3279 4259; x_wconf 86' lang='grc' dir='ltr'>άπλῶς</span> <span class='ocrx_word' id='word_1_637' title='bbox 3307 4192 3669 4265; x_wconf 69' lang='grc' dir='ltr'>ἀποφαινομέ-</span> 
     </span>
    </p>
   </div>
   <div class='ocr_carea' id='block_1_88' title="bbox 558 4352 2361 4422">
    <p class='ocr_par' dir='ltr' id='par_1_88' title="bbox 558 4352 2361 4422">
     <span class='ocr_line' id='line_1_88' title="bbox 558 4352 2361 4422; baseline 0.001 -15"><span class='ocrx_word' id='word_1_638' title='bbox 558 4359 617 4417; x_wconf 69' lang='grc' dir='ltr'><strong>›Ῑ‹</strong></span> <span class='ocrx_word' id='word_1_639' title='bbox 659 4352 722 4408; x_wconf 85' lang='grc' dir='ltr'><strong>Ρ.</strong></span> <span class='ocrx_word' id='word_1_640' title='bbox 764 4353 891 4419; x_wconf 81' lang='grc'><strong>891,</strong></span> <span class='ocrx_word' id='word_1_641' title='bbox 931 4354 1040 4412; x_wconf 82' lang='grc' dir='ltr'><strong>ΕΙ).</strong></span> <span class='ocrx_word' id='word_1_642' title='bbox 1068 4353 1367 4422; x_wconf 80' lang='lat' dir='ltr'><strong>POTTEB,</strong></span> <span class='ocrx_word' id='word_1_643' title='bbox 1406 4356 1508 4411; x_wconf 86' lang='lat'><strong>758</strong></span> <span class='ocrx_word' id='word_1_644' title='bbox 1547 4354 1656 4412; x_wconf 83' lang='grc' dir='ltr'><strong>ΕΙ).</strong></span> <span class='ocrx_word' id='word_1_645' title='bbox 1697 4353 1926 4411; x_wconf 80' lang='lat' dir='ltr'><strong>PARIS.</strong></span> <span class='ocrx_word' id='word_1_646' title='bbox 1987 4368 2014 4396; x_wconf 73' lang='grc' dir='ltr'>ι</span> <span class='ocrx_word' id='word_1_647' title='bbox 2046 4353 2181 4411; x_wconf 82' lang='lat' dir='ltr'><strong>Heb.</strong></span> <span class='ocrx_word' id='word_1_648' title='bbox 2221 4371 2275 4420; x_wconf 84' lang='grc' dir='ltr'><strong>ι,</strong></span> <span class='ocrx_word' id='word_1_649' title='bbox 2306 4356 2361 4409; x_wconf 74' lang='grc'><strong>1.</strong></span> 
     </span>
    </p>
   </div>
   <div class='ocr_carea' id='block_1_89' title="bbox 484 4504 1983 4581">
    <p class='ocr_par' dir='ltr' id='par_1_89' title="bbox 484 4507 1983 4581">
     <span class='ocr_line' id='line_1_89' title="bbox 484 4507 1983 4581; baseline 0.003 -19"><span class='ocrx_word' id='word_1_650' title='bbox 484 4507 598 4579; x_wconf 73' lang='lat'>(82)</span> <span class='ocrx_word' id='word_1_651' title='bbox 636 4509 909 4581; x_wconf 65' lang='grc' dir='ltr'>Ίὲτοκεν.</span> <span class='ocrx_word' id='word_1_652' title='bbox 934 4510 1059 4565; x_wconf 59' lang='lat' dir='ltr'><strong>[ch</strong></span> <span class='ocrx_word' id='word_1_653' title='bbox 1087 4512 1374 4571; x_wconf 78' lang='lat' dir='ltr'><strong>sententia,</strong></span> <span class='ocrx_word' id='word_1_654' title='bbox 1410 4527 1575 4581; x_wconf 92' lang='lat' dir='ltr'><strong>quam</strong></span> <span class='ocrx_word' id='word_1_655' title='bbox 1615 4510 1983 4581; x_wconf 85' lang='lat' dir='ltr'><strong>Tertullianus</strong></span> 
     </span>
    </p>
   </div>
   <div class='ocr_carea' id='block_1_90' title="bbox 2086 4504 3667 4581">
    <p class='ocr_par' dir='ltr' id='par_1_90' title="bbox 2165 4504 3667 4581">
     <span class='ocr_line' id='line_1_90' title="bbox 2165 4504 3667 4581; baseline -0.002 -15"><span class='ocrx_word' id='word_1_656' title='bbox 2165 4511 2279 4581; x_wconf 59' lang='lat'>(84)</span> <span class='ocrx_word' id='word_1_657' title='bbox 2319 4510 2596 4581; x_wconf 58' lang='lat' dir='ltr'><strong>’Epoﬁru.</strong></span> <span class='ocrx_word' id='word_1_658' title='bbox 2651 4509 2796 4581; x_wconf 74' lang='lat' dir='ltr'><strong>Lege</strong></span> <span class='ocrx_word' id='word_1_659' title='bbox 2841 4508 3107 4581; x_wconf 76' lang='grc' dir='ltr'>αἱροῦντι.</span> <span class='ocrx_word' id='word_1_660' title='bbox 3138 4506 3276 4563; x_wconf 82' lang='lat' dir='ltr'><strong>Vide</strong></span> <span class='ocrx_word' id='word_1_661' title='bbox 3330 4506 3397 4562; x_wconf 88' lang='lat' dir='ltr'><strong>ad</strong></span> <span class='ocrx_word' id='word_1_662' title='bbox 3454 4521 3509 4576; x_wconf 87' lang='lat' dir='ltr'><strong>p.</strong></span> <span class='ocrx_word' id='word_1_663' title='bbox 3562 4504 3667 4563; x_wconf 70' lang='lat'><strong>735</strong></span> 
     </span>
    </p>
   </div>
   <div class='ocr_carea' id='block_1_91' title="bbox 413 4578 2690 4651">
    <p class='ocr_par' dir='ltr' id='par_1_91' title="bbox 413 4578 2690 4651">
     <span class='ocr_line' id='line_1_91' title="bbox 413 4578 2690 4651; baseline 0.002 -18"><span class='ocrx_word' id='word_1_664' title='bbox 413 4578 587 4634; x_wconf 82' lang='lat' dir='ltr'><strong>etiam</strong></span> <span class='ocrx_word' id='word_1_665' title='bbox 633 4580 755 4635; x_wconf 90' lang='lat' dir='ltr'><strong>loco</strong></span> <span class='ocrx_word' id='word_1_666' title='bbox 806 4582 917 4651; x_wconf 84' lang='lat' dir='ltr'><strong>jam</strong></span> <span class='ocrx_word' id='word_1_667' title='bbox 955 4584 1105 4637; x_wconf 85' lang='lat' dir='ltr'><strong>dicto</strong></span> <span class='ocrx_word' id='word_1_668' title='bbox 1158 4578 1443 4651; x_wconf 53' lang='lat' dir='ltr'><strong>allegavit,</strong></span> <span class='ocrx_word' id='word_1_669' title='bbox 1469 4582 1525 4636; x_wconf 89' lang='lat' dir='ltr'><strong>in</strong></span> <span class='ocrx_word' id='word_1_670' title='bbox 1584 4581 1642 4638; x_wconf 90' lang='lat' dir='ltr'><strong>S.</strong></span> <span class='ocrx_word' id='word_1_671' title='bbox 1679 4580 1984 4651; x_wconf 87' lang='lat' dir='ltr'><strong>Scripturis</strong></span> <span class='ocrx_word' id='word_1_672' title='bbox 2019 4578 2049 4581; x_wconf 66' lang='grc'><em>”</em></span> <span class='ocrx_word' id='word_1_673' title='bbox 2093 4578 2225 4637; x_wconf 87' lang='lat' dir='ltr'><strong>edit.</strong></span> <span class='ocrx_word' id='word_1_674' title='bbox 2256 4580 2431 4637; x_wconf 83' lang='lat' dir='ltr'><strong>Paris.</strong></span> <span class='ocrx_word' id='word_1_675' title='bbox 2464 4580 2690 4637; x_wconf 80' lang='lat' dir='ltr'><strong>Lowru.</strong></span> 
     </span>
    </p>
   </div>
   <div class='ocr_carea' id='block_1_92' title="bbox 412 4650 1986 4723">
    <p class='ocr_par' dir='ltr' id='par_1_92' title="bbox 412 4650 1986 4723">
     <span class='ocr_line' id='line_1_92' title="bbox 412 4650 1986 4723; baseline 0.002 -19"><span class='ocrx_word' id='word_1_676' title='bbox 412 4651 621 4723; x_wconf 75' lang='lat' dir='ltr'><strong>frustra</strong></span> <span class='ocrx_word' id='word_1_677' title='bbox 678 4659 975 4723; x_wconf 67' lang='lat' dir='ltr'><strong>quaeretur.</strong></span> <span class='ocrx_word' id='word_1_678' title='bbox 1035 4652 1187 4723; x_wconf 12' lang='lat' dir='ltr'><strong>Eam,</strong></span> <span class='ocrx_word' id='word_1_679' title='bbox 1240 4650 1509 4723; x_wconf 79' lang='lat' dir='ltr'><strong>ltigaltius</strong></span> <span class='ocrx_word' id='word_1_680' title='bbox 1555 4668 1641 4723; x_wconf 13' lang='lat' dir='ltr'><strong>ex,</strong></span> <span class='ocrx_word' id='word_1_681' title='bbox 1673 4650 1986 4723; x_wconf 75' lang='lat' dir='ltr'><strong>apocryplio</strong></span> 
     </span>
    </p>
   </div>
   <div class='ocr_carea' id='block_1_93' title="bbox 410 4721 1986 4792">
    <p class='ocr_par' dir='ltr' id='par_1_93' title="bbox 410 4721 1986 4792">
     <span class='ocr_line' id='line_1_93' title="bbox 410 4721 1986 4792; baseline 0.003 -18"><span class='ocrx_word' id='word_1_682' title='bbox 410 4721 649 4790; x_wconf 83' lang='lat' dir='ltr'><strong>quodam</strong></span> <span class='ocrx_word' id='word_1_683' title='bbox 680 4722 820 4776; x_wconf 90' lang='lat' dir='ltr'><strong>libro</strong></span> <span class='ocrx_word' id='word_1_684' title='bbox 844 4724 1066 4792; x_wconf 88' lang='lat' dir='ltr'><strong>petitam</strong></span> <span class='ocrx_word' id='word_1_685' title='bbox 1117 4722 1287 4792; x_wconf 71' lang='lat' dir='ltr'><strong>fuisse</strong></span> <span class='ocrx_word' id='word_1_686' title='bbox 1316 4721 1691 4778; x_wconf 56' lang='lat' dir='ltr'><strong>&#39;existimavit.</strong></span> <span class='ocrx_word' id='word_1_687' title='bbox 1711 4721 1720 4722; x_wconf 46' lang='grc'><strong>“</strong></span> <span class='ocrx_word' id='word_1_688' title='bbox 1744 4721 1986 4778; x_wconf 78' lang='lat' dir='ltr'><strong>Paiiielio</strong></span> 
     </span>
    </p>
   </div>
   <div class='ocr_carea' id='block_1_94' title="bbox 411 4791 1981 4863">
    <p class='ocr_par' dir='ltr' id='par_1_94' title="bbox 411 4791 1981 4863">
     <span class='ocr_line' id='line_1_94' title="bbox 411 4791 1981 4863; baseline 0.001 -17"><span class='ocrx_word' id='word_1_689' title='bbox 411 4798 468 4863; x_wconf 74' lang='lat' dir='ltr'><strong>et</strong></span> <span class='ocrx_word' id='word_1_690' title='bbox 500 4792 779 4863; x_wconf 87' lang='lat' dir='ltr'><strong>nonnullis</strong></span> <span class='ocrx_word' id='word_1_691' title='bbox 823 4791 977 4863; x_wconf 68' lang='lat' dir='ltr'><strong>aliis,</strong></span> <span class='ocrx_word' id='word_1_692' title='bbox 1018 4792 1111 4863; x_wconf 93' lang='lat' dir='ltr'><strong>qui</strong></span> <span class='ocrx_word' id='word_1_693' title='bbox 1172 4791 1981 4863; x_wconf 72' lang='lat' dir='ltr'><strong>Tertullianumexplicarunt,</strong></span> 
     </span>
    </p>
   </div>
   <div class='ocr_carea' id='block_1_95' title="bbox 411 4861 1979 4934">
    <p class='ocr_par' dir='ltr' id='par_1_95' title="bbox 411 4861 1979 4934">
     <span class='ocr_line' id='line_1_95' title="bbox 411 4861 1979 4934; baseline 0.002 -19"><span class='ocrx_word' id='word_1_694' title='bbox 411 4861 590 4934; x_wconf 72' lang='lat' dir='ltr'><strong>visum</strong></span> <span class='ocrx_word' id='word_1_695' title='bbox 621 4870 706 4918; x_wconf 86' lang='lat' dir='ltr'><strong>est</strong></span> <span class='ocrx_word' id='word_1_696' title='bbox 737 4862 935 4918; x_wconf 90' lang='lat' dir='ltr'><strong>librum</strong></span> <span class='ocrx_word' id='word_1_697' title='bbox 955 4861 1077 4917; x_wconf 71' lang='grc' dir='ltr'><strong>,ιοῠί</strong></span> <span class='ocrx_word' id='word_1_698' title='bbox 1110 4862 1333 4931; x_wconf 85' lang='lat' dir='ltr'><strong>respici,</strong></span> <span class='ocrx_word' id='word_1_699' title='bbox 1359 4864 1412 4917; x_wconf 90' lang='lat' dir='ltr'><strong>in</strong></span> <span class='ocrx_word' id='word_1_700' title='bbox 1444 4878 1552 4934; x_wconf 84' lang='lat' dir='ltr'><strong>quo</strong></span> <span class='ocrx_word' id='word_1_701' title='bbox 1585 4861 1701 4917; x_wconf 64' lang='lat' dir='ltr'><strong>haec</strong></span> <span class='ocrx_word' id='word_1_702' title='bbox 1721 4872 1979 4934; x_wconf 76' lang='lat' dir='ltr'><strong>exstant:</strong></span> 
     </span>
    </p>
   </div>
   <div class='ocr_carea' id='block_1_96' title="bbox 416 4930 1983 5004">
    <p class='ocr_par' dir='ltr' id='par_1_96' title="bbox 416 4930 1983 5004">
     <span class='ocr_line' id='line_1_96' title="bbox 416 4930 1983 5004; baseline 0.004 -21"><span class='ocrx_word' id='word_1_703' title='bbox 416 4950 437 4983; x_wconf 76' lang='grc' dir='ltr'><strong>ι</strong></span> <span class='ocrx_word' id='word_1_704' title='bbox 463 4930 636 5004; x_wconf 63' lang='lat' dir='ltr'><strong>Vacca</strong></span> <span class='ocrx_word' id='word_1_705' title='bbox 668 4935 895 5004; x_wconf 81' lang='lat' dir='ltr'><strong>peperit,</strong></span> <span class='ocrx_word' id='word_1_706' title='bbox 926 4942 979 4987; x_wconf 89' lang='lat' dir='ltr'><strong>et</strong></span> <span class='ocrx_word' id='word_1_707' title='bbox 1009 4949 1118 4988; x_wconf 92' lang='lat' dir='ltr'><strong>non</strong></span> <span class='ocrx_word' id='word_1_708' title='bbox 1149 4930 1234 4988; x_wconf 87' lang='lat' dir='ltr'><strong>est</strong></span> <span class='ocrx_word' id='word_1_709' title='bbox 1262 4930 1475 5001; x_wconf 77' lang='lat' dir='ltr'><strong>privata</strong></span> <span class='ocrx_word' id='word_1_710' title='bbox 1525 4932 1652 5004; x_wconf 11' lang='lat' dir='ltr'><strong>fetui;</strong></span> <span class='ocrx_word' id='word_1_711' title='bbox 1670 4950 1790 4988; x_wconf 90' lang='lat' dir='ltr'><strong>suo.</strong></span> <span class='ocrx_word' id='word_1_712' title='bbox 1819 4954 1837 4985; x_wconf 73' lang='grc' dir='ltr'><strong>ι</strong></span> <span class='ocrx_word' id='word_1_713' title='bbox 1877 4933 1983 4989; x_wconf 84' lang='lat' dir='ltr'><strong>Ve-</strong></span> 
     </span>
    </p>
   </div>
   <div class='ocr_carea' id='block_1_97' title="bbox 412 5000 1984 5072">
    <p class='ocr_par' dir='ltr' id='par_1_97' title="bbox 412 5000 1984 5072">
     <span class='ocr_line' id='line_1_97' title="bbox 412 5000 1984 5072; baseline 0.003 -17"><span class='ocrx_word' id='word_1_714' title='bbox 412 5017 535 5056; x_wconf 90' lang='lat' dir='ltr'><strong>rum</strong></span> <span class='ocrx_word' id='word_1_715' title='bbox 567 5000 905 5059; x_wconf 78' lang='lat' dir='ltr'><strong>Ezechielem</strong></span> <span class='ocrx_word' id='word_1_716' title='bbox 950 5005 1086 5059; x_wconf 89' lang='lat' dir='ltr'><strong>satis</strong></span> <span class='ocrx_word' id='word_1_717' title='bbox 1141 5000 1330 5072; x_wconf 78' lang='lat' dir='ltr'><strong>aperte</strong></span> <span class='ocrx_word' id='word_1_718' title='bbox 1376 5004 1581 5058; x_wconf 87' lang='lat' dir='ltr'><strong>indicat</strong></span> <span class='ocrx_word' id='word_1_719' title='bbox 1612 5002 1984 5059; x_wconf 85' lang='lat' dir='ltr'><strong>Tertullianus</strong></span> 
     </span>
    </p>
   </div>
   <div class='ocr_carea' id='block_1_98' title="bbox 413 5072 2011 5143">
    <p class='ocr_par' dir='ltr' id='par_1_98' title="bbox 413 5072 2011 5143">
     <span class='ocr_line' id='line_1_98' title="bbox 413 5072 2011 5143; baseline 0.002 -17"><span class='ocrx_word' id='word_1_720' title='bbox 413 5075 528 5127; x_wconf 63' lang='lat' dir='ltr'><strong>haec</strong></span> <span class='ocrx_word' id='word_1_721' title='bbox 556 5074 807 5129; x_wconf 87' lang='lat' dir='ltr'><strong>scribens</strong></span> <span class='ocrx_word' id='word_1_722' title='bbox 832 5089 846 5125; x_wconf 87' lang='lat'><strong>:</strong></span> <span class='ocrx_word' id='word_1_723' title='bbox 882 5093 900 5124; x_wconf 80' lang='grc' dir='ltr'><strong>ι</strong></span> <span class='ocrx_word' id='word_1_724' title='bbox 928 5072 1184 5143; x_wconf 82' lang='lat' dir='ltr'><strong>Legimus</strong></span> <span class='ocrx_word' id='word_1_725' title='bbox 1213 5073 1433 5142; x_wconf 86' lang='lat' dir='ltr'><strong>quidem</strong></span> <span class='ocrx_word' id='word_1_726' title='bbox 1463 5074 1608 5143; x_wconf 90' lang='lat' dir='ltr'><strong>apud</strong></span> <span class='ocrx_word' id='word_1_727' title='bbox 1639 5073 1981 5129; x_wconf 79' lang='lat' dir='ltr'><strong>Ezechielem</strong></span> <span class='ocrx_word' id='word_1_728' title='bbox 2008 5120 2011 5121; x_wconf 41' lang='grc' dir='ltr'><strong>ν</strong></span> 
     </span>
    </p>
   </div>
   <div class='ocr_carea' id='block_1_99' title="bbox 410 5143 1981 5214">
    <p class='ocr_par' dir='ltr' id='par_1_99' title="bbox 410 5143 1981 5214">
     <span class='ocr_line' id='line_1_99' title="bbox 410 5143 1981 5214; baseline 0.001 -17"><span class='ocrx_word' id='word_1_729' title='bbox 410 5143 479 5214; x_wconf 58' lang='lat' dir='ltr'><strong>de</strong></span> <span class='ocrx_word' id='word_1_730' title='bbox 510 5157 682 5214; x_wconf 15' lang='lat' dir='ltr'><strong>vacca,</strong></span> <span class='ocrx_word' id='word_1_731' title='bbox 727 5144 842 5207; x_wconf 68' lang='lat' dir='ltr'><strong>illa,</strong></span> <span class='ocrx_word' id='word_1_732' title='bbox 868 5159 989 5214; x_wconf 71' lang='lat' dir='ltr'><strong>quae</strong></span> <span class='ocrx_word' id='word_1_733' title='bbox 1015 5144 1223 5213; x_wconf 84' lang='lat' dir='ltr'><strong>peperit</strong></span> <span class='ocrx_word' id='word_1_734' title='bbox 1248 5153 1303 5214; x_wconf 83' lang='lat' dir='ltr'><strong>et</strong></span> <span class='ocrx_word' id='word_1_735' title='bbox 1338 5160 1445 5198; x_wconf 92' lang='lat' dir='ltr'><strong>non</strong></span> <span class='ocrx_word' id='word_1_736' title='bbox 1478 5145 1704 5214; x_wconf 86' lang='lat' dir='ltr'><strong>peperit.</strong></span> <span class='ocrx_word' id='word_1_737' title='bbox 1734 5163 1751 5195; x_wconf 80' lang='grc' dir='ltr'><strong>ι</strong></span> <span class='ocrx_word' id='word_1_738' title='bbox 1790 5144 1894 5198; x_wconf 88' lang='lat' dir='ltr'><strong>Sed</strong></span> <span class='ocrx_word' id='word_1_739' title='bbox 1926 5147 1981 5199; x_wconf 90' lang='lat' dir='ltr'><strong>in</strong></span> 
     </span>
    </p>
   </div>
   <div class='ocr_carea' id='block_1_100' title="bbox 412 5161 1980 5285">
    <p class='ocr_par' dir='ltr' id='par_1_100' title="bbox 412 5161 1980 5285">
     <span class='ocr_line' id='line_1_100' title="bbox 412 5161 1980 5214; baseline 0.004 -21"><span class='ocrx_word' id='word_1_740' title='bbox 412 5161 479 5197; x_wconf 85' lang='lat' dir='ltr'><strong>ne</strong></span> <span class='ocrx_word' id='word_1_741' title='bbox 510 5161 675 5198; x_wconf 87' lang='lat' dir='ltr'><strong>vacca</strong></span> <span class='ocrx_word' id='word_1_742' title='bbox 727 5161 842 5207; x_wconf 80' lang='lat' dir='ltr'><strong>ina,</strong></span> <span class='ocrx_word' id='word_1_743' title='bbox 910 5161 989 5198; x_wconf 66' lang='lat' dir='ltr'><strong>uae</strong></span> <span class='ocrx_word' id='word_1_744' title='bbox 1015 5161 1223 5213; x_wconf 82' lang='lat' dir='ltr'><strong>peperit</strong></span> <span class='ocrx_word' id='word_1_745' title='bbox 1248 5161 1303 5197; x_wconf 83' lang='lat' dir='ltr'><strong>et</strong></span> <span class='ocrx_word' id='word_1_746' title='bbox 1338 5161 1445 5198; x_wconf 92' lang='lat' dir='ltr'><strong>non</strong></span> <span class='ocrx_word' id='word_1_747' title='bbox 1478 5161 1704 5214; x_wconf 86' lang='lat' dir='ltr'><strong>peperit.</strong></span> <span class='ocrx_word' id='word_1_748' title='bbox 1734 5163 1751 5195; x_wconf 80' lang='grc' dir='ltr'><strong>ι</strong></span> <span class='ocrx_word' id='word_1_749' title='bbox 1790 5161 1894 5198; x_wconf 72' lang='grc' dir='ltr'><strong>δρα</strong></span> <span class='ocrx_word' id='word_1_750' title='bbox 1926 5162 1980 5199; x_wconf 84' lang='lat' dir='ltr'><strong>in</strong></span> 
     </span>
     <span class='ocr_line' id='line_1_101' title="bbox 412 5161 1980 5285; baseline 0 -18"><span class='ocrx_word' id='word_1_751' title='bbox 412 5209 722 5285; x_wconf 77' lang='lat' dir='ltr'><strong>Ezechielis</strong></span> <span class='ocrx_word' id='word_1_752' title='bbox 753 5161 1030 5283; x_wconf 50' lang='lat' dir='ltr'><strong>prolatet»</strong></span> <span class='ocrx_word' id='word_1_753' title='bbox 1063 5215 1203 5267; x_wconf 86' lang='lat' dir='ltr'><strong>libro</strong></span> <span class='ocrx_word' id='word_1_754' title='bbox 1244 5213 1358 5267; x_wconf 71' lang='lat' dir='ltr'><strong>lucc</strong></span> <span class='ocrx_word' id='word_1_755' title='bbox 1387 5219 1552 5269; x_wconf 84' lang='lat' dir='ltr'><strong>verba</strong></span> <span class='ocrx_word' id='word_1_756' title='bbox 1583 5229 1852 5283; x_wconf 87' lang='lat' dir='ltr'><strong>nusquam</strong></span> <span class='ocrx_word' id='word_1_757' title='bbox 1879 5230 1980 5285; x_wconf 87' lang='lat' dir='ltr'><strong>ap-</strong></span> 
     </span>
    </p>
   </div>
   <div class='ocr_carea' id='block_1_101' title="bbox 412 5281 1980 5353">
    <p class='ocr_par' dir='ltr' id='par_1_101' title="bbox 412 5281 1980 5353">
     <span class='ocr_line' id='line_1_102' title="bbox 412 5281 1980 5353; baseline 0.001 -16"><span class='ocrx_word' id='word_1_758' title='bbox 412 5292 626 5353; x_wconf 87' lang='lat' dir='ltr'><strong>parent.</strong></span> <span class='ocrx_word' id='word_1_759' title='bbox 652 5281 774 5348; x_wconf 81' lang='lat' dir='ltr'><strong>Quo</strong></span> <span class='ocrx_word' id='word_1_760' title='bbox 823 5281 1049 5353; x_wconf 56' lang='lat' dir='ltr'><strong>tantum,</strong></span> <span class='ocrx_word' id='word_1_761' title='bbox 1083 5295 1141 5337; x_wconf 91' lang='lat' dir='ltr'><strong>ut</strong></span> <span class='ocrx_word' id='word_1_762' title='bbox 1170 5286 1417 5339; x_wconf 84' lang='lat' dir='ltr'><strong>nonnulli</strong></span> <span class='ocrx_word' id='word_1_763' title='bbox 1469 5281 1838 5346; x_wconf 68' lang='lat' dir='ltr'><strong>Ezechielum,</strong></span> <span class='ocrx_word' id='word_1_764' title='bbox 1865 5281 1980 5339; x_wconf 78' lang='lat' dir='ltr'><strong>tra-</strong></span> 
     </span>
    </p>
   </div>
   <div class='ocr_carea' id='block_1_102' title="bbox 409 5351 1978 5425">
    <p class='ocr_par' dir='ltr' id='par_1_102' title="bbox 409 5351 1978 5425">
     <span class='ocr_line' id='line_1_103' title="bbox 409 5351 1978 5425; baseline 0.003 -19"><span class='ocrx_word' id='word_1_765' title='bbox 409 5351 593 5421; x_wconf 68' lang='lat' dir='ltr'><strong>gicum</strong></span> <span class='ocrx_word' id='word_1_766' title='bbox 645 5353 789 5425; x_wconf 82' lang='lat' dir='ltr'><strong>inter</strong></span> <span class='ocrx_word' id='word_1_767' title='bbox 816 5351 1041 5425; x_wconf 47' lang='lat' dir='ltr'><strong>iudicas</strong></span> <span class='ocrx_word' id='word_1_768' title='bbox 1094 5362 1333 5424; x_wconf 83' lang='lat' dir='ltr'><strong>poetam.</strong></span> <span class='ocrx_word' id='word_1_769' title='bbox 1370 5356 1531 5410; x_wconf 85' lang='lat' dir='ltr'><strong>citari</strong></span> <span class='ocrx_word' id='word_1_770' title='bbox 1563 5365 1777 5425; x_wconf 87' lang='lat' dir='ltr'><strong>putent.</strong></span> <span class='ocrx_word' id='word_1_771' title='bbox 1805 5354 1912 5410; x_wconf 88' lang='lat' dir='ltr'><strong>Sed</strong></span> <span class='ocrx_word' id='word_1_772' title='bbox 1946 5371 1978 5411; x_wconf 87' lang='lat' dir='ltr'><strong>e</strong></span> 
     </span>
    </p>
   </div>
   <div class='ocr_carea' id='block_1_103' title="bbox 405 5422 1977 5495">
    <p class='ocr_par' dir='ltr' id='par_1_103' title="bbox 405 5422 1977 5495">
     <span class='ocr_line' id='line_1_104' title="bbox 405 5422 1977 5495; baseline 0.001 -18"><span class='ocrx_word' id='word_1_773' title='bbox 405 5423 771 5491; x_wconf 87' lang='lat' dir='ltr'><strong>sequentibus</strong></span> <span class='ocrx_word' id='word_1_774' title='bbox 813 5422 1139 5479; x_wconf 81' lang='lat' dir='ltr'><strong>Tertulliani</strong></span> <span class='ocrx_word' id='word_1_775' title='bbox 1182 5426 1369 5480; x_wconf 84' lang='lat' dir='ltr'><strong>verbis</strong></span> <span class='ocrx_word' id='word_1_776' title='bbox 1399 5430 1535 5480; x_wconf 88' lang='lat' dir='ltr'><strong>satis</strong></span> <span class='ocrx_word' id='word_1_777' title='bbox 1564 5422 1812 5495; x_wconf 76' lang='lat' dir='ltr'><strong>apparet,</strong></span> <span class='ocrx_word' id='word_1_778' title='bbox 1854 5441 1977 5479; x_wconf 89' lang='lat' dir='ltr'><strong>eum</strong></span> 
     </span>
    </p>
   </div>
   <div class='ocr_carea' id='block_1_104' title="bbox 407 5495 1981 5565">
    <p class='ocr_par' dir='ltr' id='par_1_104' title="bbox 407 5495 1981 5565">
     <span class='ocr_line' id='line_1_105' title="bbox 407 5495 1981 5565; baseline 0.003 -20"><span class='ocrx_word' id='word_1_779' title='bbox 407 5508 518 5565; x_wconf 83' lang='lat' dir='ltr'><strong>non</strong></span> <span class='ocrx_word' id='word_1_780' title='bbox 573 5502 747 5565; x_wconf 76' lang='lat' dir='ltr'><strong>poeta:</strong></span> <span class='ocrx_word' id='word_1_781' title='bbox 794 5497 1055 5565; x_wconf 86' lang='lat' dir='ltr'><strong>cuipiam,</strong></span> <span class='ocrx_word' id='word_1_782' title='bbox 1094 5495 1189 5550; x_wconf 86' lang='lat' dir='ltr'><strong>sed</strong></span> <span class='ocrx_word' id='word_1_783' title='bbox 1239 5497 1451 5550; x_wconf 83' lang='lat' dir='ltr'><strong>auctori</strong></span> <span class='ocrx_word' id='word_1_784' title='bbox 1504 5496 1770 5549; x_wconf 79' lang='lat' dir='ltr'><strong>divinitus</strong></span> <span class='ocrx_word' id='word_1_785' title='bbox 1802 5497 1981 5550; x_wconf 80' lang='lat' dir='ltr'><strong>alllato</strong></span> 
     </span>
    </p>
   </div>
   <div class='ocr_carea' id='block_1_105' title="bbox 404 5562 1987 5636">
    <p class='ocr_par' dir='ltr' id='par_1_105' title="bbox 404 5562 1987 5636">
     <span class='ocr_line' id='line_1_106' title="bbox 404 5562 1987 5636; baseline 0.004 -22"><span class='ocrx_word' id='word_1_786' title='bbox 404 5563 521 5636; x_wconf 59' lang='lat' dir='ltr'><strong>hinc</strong></span> <span class='ocrx_word' id='word_1_787' title='bbox 553 5562 831 5636; x_wconf 57' lang='lat' dir='ltr'><strong>tribucre:</strong></span> <span class='ocrx_word' id='word_1_788' title='bbox 867 5562 1011 5620; x_wconf 82' lang='lat' dir='ltr'><strong>unde</strong></span> <span class='ocrx_word' id='word_1_789' title='bbox 1040 5582 1104 5621; x_wconf 90' lang='lat' dir='ltr'><strong>ea</strong></span> <span class='ocrx_word' id='word_1_790' title='bbox 1138 5568 1389 5621; x_wconf 89' lang='lat' dir='ltr'><strong>nonnulli</strong></span> <span class='ocrx_word' id='word_1_791' title='bbox 1425 5583 1490 5621; x_wconf 73' lang='lat' dir='ltr'><strong>ex</strong></span> <span class='ocrx_word' id='word_1_792' title='bbox 1524 5565 1811 5621; x_wconf 85' lang='lat' dir='ltr'><strong>Ezechiele</strong></span> <span class='ocrx_word' id='word_1_793' title='bbox 1863 5582 1987 5636; x_wconf 80' lang='lat' dir='ltr'><strong>pro-</strong></span> 
     </span>
    </p>
   </div>
   <div class='ocr_carea' id='block_1_106' title="bbox 405 5631 1979 5706">
    <p class='ocr_par' dir='ltr' id='par_1_106' title="bbox 405 5631 1979 5706">
     <span class='ocr_line' id='line_1_107' title="bbox 405 5631 1979 5706; baseline 0 -15"><span class='ocrx_word' id='word_1_794' title='bbox 405 5633 580 5706; x_wconf 62' lang='lat' dir='ltr'><strong>pheta</strong></span> <span class='ocrx_word' id='word_1_795' title='bbox 602 5647 724 5702; x_wconf 88' lang='lat' dir='ltr'><strong>post</strong></span> <span class='ocrx_word' id='word_1_796' title='bbox 756 5631 1081 5706; x_wconf 59' lang='lat' dir='ltr'><strong>Tertulliani</strong></span> <span class='ocrx_word' id='word_1_797' title='bbox 1110 5645 1324 5692; x_wconf 62' lang='lat' dir='ltr'><strong>aetatem</strong></span> <span class='ocrx_word' id='word_1_798' title='bbox 1357 5637 1629 5693; x_wconf 75' lang='lat' dir='ltr'><strong>excidisse</strong></span> <span class='ocrx_word' id='word_1_799' title='bbox 1659 5631 1979 5706; x_wconf 81' lang='lat' dir='ltr'><strong>conjiciunt.</strong></span> 
     </span>
    </p>
   </div>
   <div class='ocr_carea' id='block_1_107' title="bbox 441 5701 1983 5787">
    <p class='ocr_par' dir='ltr' id='par_1_107' title="bbox 441 5701 1983 5787">
     <span class='ocr_line' id='line_1_108' title="bbox 441 5701 1983 5787; baseline 0.005 -31"><span class='ocrx_word' id='word_1_800' title='bbox 441 5701 614 5787; x_wconf 43' lang='lat'>.(85)</span> <span class='ocrx_word' id='word_1_801' title='bbox 643 5702 862 5773; x_wconf 78' lang='grc' dir='ltr'>Αὐτῆς.</span> <span class='ocrx_word' id='word_1_802' title='bbox 908 5704 1001 5762; x_wconf 87' lang='lat' dir='ltr'><strong>Vel</strong></span> <span class='ocrx_word' id='word_1_803' title='bbox 1053 5708 1236 5778; x_wconf 89' lang='lat' dir='ltr'><strong>potius</strong></span> <span class='ocrx_word' id='word_1_804' title='bbox 1272 5708 1461 5779; x_wconf 73' lang='grc' dir='ltr'>αὐτῆς,</span> <span class='ocrx_word' id='word_1_805' title='bbox 1492 5716 1547 5764; x_wconf 89' lang='lat' dir='ltr'><strong>et</strong></span> <span class='ocrx_word' id='word_1_806' title='bbox 1592 5722 1718 5765; x_wconf 77' lang='lat' dir='ltr'><strong>mox</strong></span> <span class='ocrx_word' id='word_1_807' title='bbox 1759 5701 1983 5765; x_wconf 54' lang='lat' dir='ltr'><strong>&#39;iterum</strong></span> 
     </span>
    </p>
   </div>
   <div class='ocr_carea' id='block_1_108' title="bbox 409 5787 615 5838">
    <p class='ocr_par' dir='ltr' id='par_1_108' title="bbox 409 5787 615 5838">
     <span class='ocr_line' id='line_1_109' title="bbox 409 5787 615 5838; baseline 0.015 -14"><span class='ocrx_word' id='word_1_808' title='bbox 409 5787 615 5838; x_wconf 78' lang='grc' dir='ltr'>ιυτους.</span> 
     </span>
    </p>
   </div>
   <div class='ocr_carea' id='block_1_109' title="bbox 2163 4647 3661 4777">
    <p class='ocr_par' dir='ltr' id='par_1_109' title="bbox 2163 4647 3661 4777">
     <span class='ocr_line' id='line_1_110' title="bbox 2163 4647 3661 4777; baseline -0.001 -71"><span class='ocrx_word' id='word_1_809' title='bbox 2163 4653 2274 4777; x_wconf 58' lang='grc' dir='ltr'><strong>(ἷόῗ)</strong></span> <span class='ocrx_word' id='word_1_810' title='bbox 2307 4648 2938 4723; x_wconf 70' lang='grc' dir='ltr'>Συγγεγνμνασμένον.</span> <span class='ocrx_word' id='word_1_811' title='bbox 2956 4647 3254 4720; x_wconf 79' lang='lat' dir='ltr'><strong>Respicere</strong></span> <span class='ocrx_word' id='word_1_812' title='bbox 3282 4649 3501 4706; x_wconf 87' lang='lat' dir='ltr'><strong>videtur</strong></span> <span class='ocrx_word' id='word_1_813' title='bbox 3526 4647 3661 4707; x_wconf 82' lang='lat' dir='ltr'><strong>Heb.</strong></span> 
     </span>
    </p>
   </div>
   <div class='ocr_carea' id='block_1_110' title="bbox 2092 4740 2262 4787">
    <p class='ocr_par' dir='ltr' id='par_1_110' title="bbox 2092 4740 2262 4787">
     <span class='ocr_line' id='line_1_111' title="bbox 2092 4740 2262 4787; baseline 0 -10"><span class='ocrx_word' id='word_1_814' title='bbox 2092 4740 2147 4787; x_wconf 90' lang='lat' dir='ltr'><strong>v,</strong></span> <span class='ocrx_word' id='word_1_815' title='bbox 2178 4740 2262 4777; x_wconf 61' lang='grc' dir='ltr'>ιι.</span> 
     </span>
    </p>
   </div>
   <div class='ocr_carea' id='block_1_111' title="bbox 2163 4789 3634 4862">
    <p class='ocr_par' dir='ltr' id='par_1_111' title="bbox 2163 4789 3634 4862">
     <span class='ocr_line' id='line_1_112' title="bbox 2163 4789 3634 4862; baseline -0.003 -15"><span class='ocrx_word' id='word_1_816' title='bbox 2163 4793 2272 4862; x_wconf 86' lang='grc'><strong>(86)</strong></span> <span class='ocrx_word' id='word_1_817' title='bbox 2305 4794 2544 4861; x_wconf 64' lang='grc' dir='ltr'>Κίρκης.</span> <span class='ocrx_word' id='word_1_818' title='bbox 2576 4791 2817 4861; x_wconf 75' lang='lat' dir='ltr'><strong>ReSpicit</strong></span> <span class='ocrx_word' id='word_1_819' title='bbox 2859 4789 3078 4845; x_wconf 83' lang='lat' dir='ltr'><strong>Homeri</strong></span> <span class='ocrx_word' id='word_1_820' title='bbox 3111 4789 3307 4861; x_wconf 76' lang='lat' dir='ltr'><strong>Odyss.</strong></span> <span class='ocrx_word' id='word_1_821' title='bbox 3337 4792 3398 4843; x_wconf 82' lang='grc' dir='ltr'><strong>Δ.</strong></span> <span class='ocrx_word' id='word_1_822' title='bbox 3431 4807 3485 4846; x_wconf 87' lang='lat' dir='ltr'><strong>v.</strong></span> <span class='ocrx_word' id='word_1_823' title='bbox 3510 4789 3634 4862; x_wconf 72' lang='lat'><strong>235.</strong></span> 
     </span>
    </p>
   </div>
   <div class='ocr_carea' id='block_1_112' title="bbox 2162 4861 3661 4934">
    <p class='ocr_par' dir='ltr' id='par_1_112' title="bbox 2162 4861 3661 4934">
     <span class='ocr_line' id='line_1_113' title="bbox 2162 4861 3661 4934; baseline -0.003 -17"><span class='ocrx_word' id='word_1_824' title='bbox 2162 4861 2276 4934; x_wconf 81' lang='lat'>(87)</span> <span class='ocrx_word' id='word_1_825' title='bbox 2332 4862 2744 4932; x_wconf 67' lang='grc' dir='ltr'>Ἐπιστρέψας.</span> <span class='ocrx_word' id='word_1_826' title='bbox 2804 4862 3077 4934; x_wconf 88' lang='lat' dir='ltr'><strong>Interpres</strong></span> <span class='ocrx_word' id='word_1_827' title='bbox 3125 4863 3286 4934; x_wconf 58' lang='lat' dir='ltr'><strong>~legit</strong></span> <span class='ocrx_word' id='word_1_828' title='bbox 3343 4861 3661 4934; x_wconf 66' lang='grc' dir='ltr'>επιτρέψας,</span> 
     </span>
    </p>
   </div>
   <div class='ocr_carea' id='block_1_113' title="bbox 2097 4930 3664 5004">
    <p class='ocr_par' dir='ltr' id='par_1_113' title="bbox 2097 4930 3664 5004">
     <span class='ocr_line' id='line_1_114' title="bbox 2097 4930 3664 5004; baseline -0.001 -20"><span class='ocrx_word' id='word_1_829' title='bbox 2097 4953 2116 4984; x_wconf 74' lang='grc' dir='ltr'><strong>ι</strong></span> <span class='ocrx_word' id='word_1_830' title='bbox 2141 4930 2304 4988; x_wconf 83' lang='lat' dir='ltr'><strong>vitam</strong></span> <span class='ocrx_word' id='word_1_831' title='bbox 2336 4949 2490 4988; x_wconf 90' lang='lat' dir='ltr'><strong>suam</strong></span> <span class='ocrx_word' id='word_1_832' title='bbox 2527 4930 2772 5004; x_wconf 76' lang='lat' dir='ltr'><strong>permisit</strong></span> <span class='ocrx_word' id='word_1_833' title='bbox 2805 4933 3038 5004; x_wconf 76' lang='lat' dir='ltr'><strong>veritati.</strong></span> <span class='ocrx_word' id='word_1_834' title='bbox 3069 4952 3087 4984; x_wconf 73' lang='grc' dir='ltr'><strong>ι</strong></span> <span class='ocrx_word' id='word_1_835' title='bbox 3122 4930 3365 5004; x_wconf 70' lang='grc' dir='ltr'>Βειῖιιοτί</span> <span class='ocrx_word' id='word_1_836' title='bbox 3400 4930 3581 5004; x_wconf 82' lang='lat' dir='ltr'><strong>tamen</strong></span> <span class='ocrx_word' id='word_1_837' title='bbox 3610 4937 3664 4984; x_wconf 90' lang='lat' dir='ltr'><strong>et</strong></span> 
     </span>
    </p>
   </div>
   <div class='ocr_carea' id='block_1_114' title="bbox 2090 5002 3656 5074">
    <p class='ocr_par' dir='ltr' id='par_1_114' title="bbox 2090 5002 3656 5074">
     <span class='ocr_line' id='line_1_115' title="bbox 2090 5002 3656 5074; baseline -0.001 -19"><span class='ocrx_word' id='word_1_838' title='bbox 2090 5006 2308 5074; x_wconf 77' lang='lat' dir='ltr'><strong>vulgata</strong></span> <span class='ocrx_word' id='word_1_839' title='bbox 2350 5002 2541 5074; x_wconf 71' lang='lat' dir='ltr'><strong>lectio</strong></span> <span class='ocrx_word' id='word_1_840' title='bbox 2568 5012 2768 5074; x_wconf 88' lang='lat' dir='ltr'><strong>potest,</strong></span> <span class='ocrx_word' id='word_1_841' title='bbox 2818 5003 2923 5057; x_wconf 89' lang='lat' dir='ltr'><strong>hoc</strong></span> <span class='ocrx_word' id='word_1_842' title='bbox 2963 5018 3155 5069; x_wconf 89' lang='lat' dir='ltr'><strong>sensu,</strong></span> <span class='ocrx_word' id='word_1_843' title='bbox 3201 5003 3317 5057; x_wconf 70' lang='lat' dir='ltr'><strong>«ad</strong></span> <span class='ocrx_word' id='word_1_844' title='bbox 3370 5002 3656 5057; x_wconf 83' lang='lat' dir='ltr'><strong>veritatem</strong></span> 
     </span>
    </p>
   </div>
   <div class='ocr_carea' id='block_1_115' title="bbox 2089 5073 2726 5129">
    <p class='ocr_par' dir='ltr' id='par_1_115' title="bbox 2089 5073 2726 5129">
     <span class='ocr_line' id='line_1_116' title="bbox 2089 5073 2726 5129; baseline -0.002 0"><span class='ocrx_word' id='word_1_845' title='bbox 2089 5073 2380 5129; x_wconf 88' lang='lat' dir='ltr'><strong>convertit.</strong></span> <span class='ocrx_word' id='word_1_846' title='bbox 2408 5094 2426 5126; x_wconf 84' lang='grc'>›</span> <span class='ocrx_word' id='word_1_847' title='bbox 2464 5073 2726 5128; x_wconf 71' lang='grc' dir='ltr'>διιιιυιιε.</span> 
     </span>
    </p>
   </div>
   <div class='ocr_carea' id='block_1_116' title="bbox 2158 5138 3660 5216">
    <p class='ocr_par' dir='ltr' id='par_1_116' title="bbox 2158 5138 3660 5216">
     <span class='ocr_line' id='line_1_117' title="bbox 2158 5138 3660 5216; baseline -0.003 -16"><span class='ocrx_word' id='word_1_848' title='bbox 2158 5145 2269 5216; x_wconf 90' lang='lat'><strong>(88)</strong></span> <span class='ocrx_word' id='word_1_849' title='bbox 2292 5144 2544 5216; x_wconf 66' lang='lat' dir='ltr'><strong>_‘Ap7;1ir.</strong></span> <span class='ocrx_word' id='word_1_850' title='bbox 2568 5142 2901 5216; x_wconf 79' lang='lat' dir='ltr'><strong>Principium</strong></span> <span class='ocrx_word' id='word_1_851' title='bbox 2932 5143 3160 5216; x_wconf 87' lang='lat' dir='ltr'><strong>dicitur,</strong></span> <span class='ocrx_word' id='word_1_852' title='bbox 3190 5142 3336 5216; x_wconf 83' lang='lat' dir='ltr'><strong>quod</strong></span> <span class='ocrx_word' id='word_1_853' title='bbox 3378 5141 3473 5216; x_wconf 80' lang='lat' dir='ltr'><strong>alii</strong></span> <span class='ocrx_word' id='word_1_854' title='bbox 3502 5138 3660 5216; x_wconf 67' lang='lat' dir='ltr'><strong>fidem</strong></span> 
     </span>
    </p>
   </div>
   <div class='ocr_carea' id='block_1_117' title="bbox 2087 5213 3659 5284">
    <p class='ocr_par' dir='ltr' id='par_1_117' title="bbox 2087 5213 3659 5284">
     <span class='ocr_line' id='line_1_118' title="bbox 2087 5213 3659 5284; baseline -0.005 -14"><span class='ocrx_word' id='word_1_855' title='bbox 2087 5213 2259 5272; x_wconf 68' lang='grc' dir='ltr'><strong>ΐιιιὲἰι.⁷</strong></span> <span class='ocrx_word' id='word_1_856' title='bbox 2290 5213 2527 5270; x_wconf 83' lang='lat' dir='ltr'><strong>Proinde</strong></span> <span class='ocrx_word' id='word_1_857' title='bbox 2573 5214 2648 5276; x_wconf 90' lang='lat' dir='ltr'><strong>id,</strong></span> <span class='ocrx_word' id='word_1_858' title='bbox 2699 5213 2843 5284; x_wconf 90' lang='lat' dir='ltr'><strong>quod</strong></span> <span class='ocrx_word' id='word_1_859' title='bbox 2918 5213 3389 5269; x_wconf 87' lang='lat' dir='ltr'><strong>demonstratione</strong></span> <span class='ocrx_word' id='word_1_860' title='bbox 3435 5213 3659 5284; x_wconf 73' lang='lat' dir='ltr'><strong>indiget,</strong></span> 
     </span>
    </p>
   </div>
   <div class='ocr_carea' id='block_1_118' title="bbox 2086 5283 3659 5358">
    <p class='ocr_par' dir='ltr' id='par_1_118' title="bbox 2086 5283 3659 5358">
     <span class='ocr_line' id='line_1_119' title="bbox 2086 5283 3659 5358; baseline -0.004 -17"><span class='ocrx_word' id='word_1_861' title='bbox 2086 5304 2186 5357; x_wconf 85' lang='lat' dir='ltr'><strong>pro</strong></span> <span class='ocrx_word' id='word_1_862' title='bbox 2212 5287 2483 5358; x_wconf 91' lang='lat' dir='ltr'><strong>principio</strong></span> <span class='ocrx_word' id='word_1_863' title='bbox 2518 5283 2839 5358; x_wconf 30' lang='lat' dir='ltr'><strong>liaberi’non</strong></span> <span class='ocrx_word' id='word_1_864' title='bbox 2872 5284 3054 5358; x_wconf 80' lang='lat' dir='ltr'><strong>debet.</strong></span> <span class='ocrx_word' id='word_1_865' title='bbox 3086 5284 3413 5358; x_wconf 71' lang='lat' dir='ltr'><strong>Aristoteles</strong></span> <span class='ocrx_word' id='word_1_866' title='bbox 3444 5283 3659 5358; x_wconf 70' lang='lat' dir='ltr'><strong>Analyt.</strong></span> 
     </span>
    </p>
   </div>
   <div class='ocr_carea' id='block_1_119' title="bbox 2083 5350 3662 5426">
    <p class='ocr_par' dir='ltr' id='par_1_119' title="bbox 2083 5350 3662 5426">
     <span class='ocr_line' id='line_1_120' title="bbox 2083 5350 3662 5426; baseline -0.004 -15"><span class='ocrx_word' id='word_1_867' title='bbox 2083 5350 2276 5426; x_wconf 61' lang='lat' dir='ltr'><strong>poster.</strong></span> <span class='ocrx_word' id='word_1_868' title='bbox 2312 5350 2410 5413; x_wconf 64' lang='lat' dir='ltr'><strong>lib:</strong></span> <span class='ocrx_word' id='word_1_869' title='bbox 2442 5374 2481 5420; x_wconf 86' lang='grc' dir='ltr'><strong>ι,</strong></span> <span class='ocrx_word' id='word_1_870' title='bbox 2522 5373 2572 5410; x_wconf 92' lang='lat' dir='ltr'><strong>c.</strong></span> <span class='ocrx_word' id='word_1_871' title='bbox 2607 5356 2664 5410; x_wconf 76' lang='lat' dir='ltr'><strong>il</strong></span> <span class='ocrx_word' id='word_1_872' title='bbox 2693 5374 2705 5410; x_wconf 93' lang='lat'><strong>:</strong></span> <span class='ocrx_word' id='word_1_873' title='bbox 2739 5355 2905 5426; x_wconf 58' lang='grc' dir='ltr'>Ἀρχὴ</span> <span class='ocrx_word' id='word_1_874' title='bbox 2934 5358 2979 5409; x_wconf 82' lang='grc' dir='ltr'>δ’</span> <span class='ocrx_word' id='word_1_875' title='bbox 3008 5356 3157 5409; x_wconf 77' lang='grc' dir='ltr'>ἐστὶν</span> <span class='ocrx_word' id='word_1_876' title='bbox 3185 5350 3662 5426; x_wconf 37' lang='grc' dir='ltr'>ἀποδείξεωςΑπρό-</span> 
     </span>
    </p>
   </div>
   <div class='ocr_carea' id='block_1_120' title="bbox 2084 5421 3660 5499">
    <p class='ocr_par' dir='ltr' id='par_1_120' title="bbox 2084 5421 3660 5499">
     <span class='ocr_line' id='line_1_121' title="bbox 2084 5421 3660 5499; baseline -0.004 -16"><span class='ocrx_word' id='word_1_877' title='bbox 2084 5421 2244 5492; x_wconf 69' lang='grc' dir='ltr'>τασις</span> <span class='ocrx_word' id='word_1_878' title='bbox 2260 5428 2463 5498; x_wconf 82' lang='grc' dir='ltr'>ἀμεσος</span> <span class='ocrx_word' id='word_1_879' title='bbox 2481 5445 2495 5459; x_wconf 75' lang='grc'><em>’</em></span> <span class='ocrx_word' id='word_1_880' title='bbox 2518 5426 2722 5499; x_wconf 83' lang='grc' dir='ltr'>άμεσος</span> <span class='ocrx_word' id='word_1_881' title='bbox 2736 5421 2816 5487; x_wconf 79' lang='grc' dir='ltr'>δὲ,</span> <span class='ocrx_word' id='word_1_882' title='bbox 2829 5421 2904 5499; x_wconf 74' lang='grc' dir='ltr'><strong>ἦς’</strong></span> <span class='ocrx_word' id='word_1_883' title='bbox 2926 5426 3001 5497; x_wconf 84' lang='grc' dir='ltr'>μὴ</span> <span class='ocrx_word' id='word_1_884' title='bbox 3025 5426 3158 5498; x_wconf 78' lang='grc' dir='ltr'>ἄλλη</span> <span class='ocrx_word' id='word_1_885' title='bbox 3187 5424 3488 5499; x_wconf 42' lang='grc' dir='ltr'>προτέρα...</span> <span class='ocrx_word' id='word_1_886' title='bbox 3504 5421 3660 5476; x_wconf 77' lang='lat' dir='ltr'><strong>Prin-</strong></span> 
     </span>
    </p>
   </div>
   <div class='ocr_carea' id='block_1_121' title="bbox 2087 5493 3662 5569">
    <p class='ocr_par' dir='ltr' id='par_1_121' title="bbox 2087 5493 3662 5569">
     <span class='ocr_line' id='line_1_122' title="bbox 2087 5493 3662 5569; baseline -0.005 -16"><span class='ocrx_word' id='word_1_887' title='bbox 2087 5493 2502 5569; x_wconf 56' lang='lat' dir='ltr'><strong>cipium_&#39;autem</strong></span> <span class='ocrx_word' id='word_1_888' title='bbox 2529 5493 3020 5552; x_wconf 77' lang='lat' dir='ltr'><strong>demonstrationis</strong></span> <span class='ocrx_word' id='word_1_889' title='bbox 3038 5509 3122 5552; x_wconf 85' lang='lat' dir='ltr'><strong>est</strong></span> <span class='ocrx_word' id='word_1_890' title='bbox 3145 5493 3450 5569; x_wconf 74' lang='lat' dir='ltr'><strong>propositio</strong></span> <span class='ocrx_word' id='word_1_891' title='bbox 3474 5493 3662 5569; x_wconf 76' lang='lat' dir='ltr'><strong>imme-</strong></span> 
     </span>
    </p>
   </div>
   <div class='ocr_carea' id='block_1_122' title="bbox 2087 5563 3656 5636">
    <p class='ocr_par' dir='ltr' id='par_1_122' title="bbox 2087 5563 3656 5636">
     <span class='ocr_line' id='line_1_123' title="bbox 2087 5563 3656 5636; baseline -0.007 -12"><span class='ocrx_word' id='word_1_892' title='bbox 2087 5563 2259 5624; x_wconf 78' lang='lat' dir='ltr'><strong>diata.</strong></span> <span class='ocrx_word' id='word_1_893' title='bbox 2289 5567 2602 5623; x_wconf 89' lang='lat' dir='ltr'><strong>lmmediata</strong></span> <span class='ocrx_word' id='word_1_894' title='bbox 2621 5576 2800 5636; x_wconf 85' lang='lat' dir='ltr'><strong>autem</strong></span> <span class='ocrx_word' id='word_1_895' title='bbox 2820 5579 2926 5631; x_wconf 87' lang='lat' dir='ltr'><strong>est,</strong></span> <span class='ocrx_word' id='word_1_896' title='bbox 2950 5583 3057 5636; x_wconf 87' lang='lat' dir='ltr'><strong>qua</strong></span> <span class='ocrx_word' id='word_1_897' title='bbox 3079 5563 3188 5622; x_wconf 81' lang='lat' dir='ltr'><strong>non</strong></span> <span class='ocrx_word' id='word_1_898' title='bbox 3218 5563 3304 5620; x_wconf 85' lang='lat' dir='ltr'><strong>est</strong></span> <span class='ocrx_word' id='word_1_899' title='bbox 3318 5564 3426 5617; x_wconf 87' lang='lat' dir='ltr'><strong>alia</strong></span> <span class='ocrx_word' id='word_1_900' title='bbox 3456 5563 3656 5636; x_wconf 62' lang='lat' dir='ltr'><strong>priora</strong></span> 
     </span>
    </p>
   </div>
   <div class='ocr_carea' id='block_1_123' title="bbox 2158 5631 3661 5709">
    <p class='ocr_par' dir='ltr' id='par_1_123' title="bbox 2158 5631 3661 5709">
     <span class='ocr_line' id='line_1_124' title="bbox 2158 5631 3661 5709; baseline -0.003 -14"><span class='ocrx_word' id='word_1_901' title='bbox 2158 5640 2270 5709; x_wconf 88' lang='lat'><strong>(89)</strong></span> <span class='ocrx_word' id='word_1_902' title='bbox 2299 5642 2565 5708; x_wconf 81' lang='grc' dir='ltr'>Ἕτερον.</span> <span class='ocrx_word' id='word_1_903' title='bbox 2609 5636 2699 5691; x_wconf 84' lang='lat' dir='ltr'><strong>Sic</strong></span> <span class='ocrx_word' id='word_1_904' title='bbox 2730 5635 2879 5709; x_wconf 77' lang='lat' dir='ltr'><strong>Flor.</strong></span> <span class='ocrx_word' id='word_1_905' title='bbox 2932 5631 3272 5709; x_wconf 56' lang='lat' dir='ltr'><strong>S&#39;ylburg.e_t</strong></span> <span class='ocrx_word' id='word_1_906' title='bbox 3327 5649 3431 5691; x_wconf 84' lang='lat' dir='ltr'><strong>ms.</strong></span> <span class='ocrx_word' id='word_1_907' title='bbox 3458 5631 3661 5690; x_wconf 36' lang='lat' dir='ltr'><strong>‘Pat&#39;is.</strong></span> 
     </span>
    </p>
   </div>
   <div class='ocr_carea' id='block_1_124' title="bbox 2092 5707 3406 5782">
    <p class='ocr_par' dir='ltr' id='par_1_124' title="bbox 2092 5707 3406 5782">
     <span class='ocr_line' id='line_1_125' title="bbox 2092 5707 3406 5782; baseline -0.003 -15"><span class='ocrx_word' id='word_1_908' title='bbox 2092 5707 2197 5767; x_wconf 83' lang='lat' dir='ltr'><strong>Sed</strong></span> <span class='ocrx_word' id='word_1_909' title='bbox 2231 5707 2498 5768; x_wconf 83' lang='lat' dir='ltr'><strong>editiones</strong></span> <span class='ocrx_word' id='word_1_910' title='bbox 2537 5708 2873 5765; x_wconf 84' lang='lat' dir='ltr'><strong>recentiores</strong></span> <span class='ocrx_word' id='word_1_911' title='bbox 2897 5707 3086 5782; x_wconf 77' lang='grc' dir='ltr'>ἑτέρου</span> <span class='ocrx_word' id='word_1_912' title='bbox 3120 5707 3406 5765; x_wconf 72' lang='grc' dir='ltr'>ειυὶῠευι.</span> 
     </span>
    </p>
   </div>
  </div>
