4016 6308
362 254 477 313 553

1588 296 1593 299 -
1636 259 2067 321 STROMATUM
2100 263 2229 321 LIB.
2266 263 2379 323 V11.

3492 265 3600 325 55d

355 358 479 438 νοις
498 371 802 445 ἀνθρώποις
828 374 1209 449 προσέχοιμεν,
1223 372 1304 441 οἷς
1328 377 1420 432 καὶ
1435 380 1920 450 ἀνταποφαίνεσθαι

2033 388 2265 447 mentes,
2289 395 2424 438 voce
2449 356 2661 437 Domini
2686 381 2970 438 erudimur
2998 380 3065 436 ad
3098 376 3428 452 agnitionem
3456 381 3597 436 veri-

356 463 555 537 ἐπίσης
597 464 825 533 ἔξεστιν.
882 467 944 521 Et
972 467 1017 520 δ’
1043 468 1144 523 οὑκ
1173 471 1331 540 ἀρκεῖ
1360 470 1518 542 μόνον
1547 470 1733 536 ἁπλῶς
1759 473 1920 527 είπείι

2033 472 2181 526 tatis.
2203 470 2389 543 Neque
2421 473 2565 529 enim
2589 473 2902 529 hominibus
2923 473 3242 544 simpliciter
3262 472 3598 529 enuntiantiv

353 553 421 612 τὸ
444 556 619 622 δόξαν,
646 557 783 612 ἀλλά
810 558 1187 615 πιστώσασθαι
1214 561 1297 615 δεῖ
1322 562 1384 616 τὸ
1411 561 1618 633 λεχθὲν,
1648 562 1709 616 ού
1735 562 1833 635 τὴν
1870 564 1928 632 ἐξ

357 649 658 725 ἀνθρώπων
677 650 1017 724 ἀναμένομεν
1044 654 1369 726 μαρτυρίαν,
1410 653 1546 708 ἀλλά
1581 657 1647 727 τῇ
1693 654 1784 708 τοῦ
1818 656 1929 709 Κυ-

354 745 474 813 ρίου
502 743 650 812 φωνῇ
678 742 1015 813 πιστούμεθα
1038 742 1099 796 τὸ
1125 743 1484 816 ζητούμενον’
1512 745 1547 817 ἦ
1583 745 1771 799 πασῶν
1803 747 1929 800 ἀπο-

349 832 570 897 δείξεων
607 835 1006 907 ὲχεγγυωτέρα,
1036 835 1235 907 μᾶλλον
1283 838 1340 892 δὲ
1390 838 1424 910 ἦ
1474 840 1612 911 μόνη
1657 838 1927 905 ἀπόδειξις

348 918 487 976 οὖσα
511 924 805 995 τυγχάνει·
850 926 973 980 καθ’
1013 927 1079 998 ἢν
1111 929 1421 1001 ἐπιστήμην
1462 931 1509 983 οἱ
1556 933 1654 1001 μὲν
1694 931 1928 999 ἀπογευ-

351 1016 578 1087 σάμενοι
606 1018 765 1088 μόνον
790 1018 894 1073 τῶν
922 1021 1152 1093 Γραφῶν
1168 1024 1349 1077 πιστοὶ
1379 1062 1394 1088 ,
1426 1023 1476 1077 οἱ
1503 1023 1559 1076 δὲ
1589 1025 1681 1078 καὶ
1709 1041 1923 1097 προσω-

345 1107 494 1179 τέρω
532 1110 881 1182 χωρήσαντες
926 1112 1171 1185 ἀκριϐεῖς
1212 1113 1489 1185 γνώμονες
1531 1116 1630 1186 τῆς
1669 1114 1924 1187 ἀληθείας

345 1198 704 1271 ὑπάρχουσιν,
723 1204 770 1255 οἱ
795 1204 1084 1271 γνωστικοί
1100 1220 1113 1234 ·
1138 1205 1261 1258 ἐπεὶ
1281 1206 1384 1259 κάν
1411 1209 1523 1271 τοῖς
1544 1206 1685 1261 κατὰ
1700 1208 1789 1261 τὸν
1811 1207 1922 1278 βίον

343 1290 533 1361 ἔχουσί
559 1309 614 1345 τι
665 1292 832 1347 πλέον
871 1295 921 1348 οἱ
969 1298 1210 1368 τεχνῖται
1234 1296 1341 1352 τῶν
1375 1297 1616 1365 ἰδιωτῶν,
1650 1299 1743 1352 καλ⁸
1774 1298 1922 1371 παρά

341 1382 448 1447 τάς
492 1383 675 1449 κοινάς
703 1384 910 1450 ἑννοίας
942 1387 1235 1442 ὲκτυποῦσι
1274 1389 1335 1443 τὸ
1377 1389 1604 1461 βέλτιον.
1632 1388 1921 1456 Οὕτωςοῦν

341 1476 439 1529 καὶ
476 1477 657 1547 ἡμεῖς,
687 1477 784 1531 ἀπ’
819 1477 999 1533 αὐτῶν
1028 1480 1156 1553 περὶ
1197 1479 1377 1535 αὐτῶν
1411 1480 1521 1537 τῶν
1560 1482 1791 1555 Γραφῶν
1833 1501 1921 1536 τε·-

339 1567 505 1651 λείως
531 1568 968 1635 ἀποδεικνύντες,
1012 1572 1078 1626 ὲκ
1106 1572 1343 1638 πίστεως
1370 1572 1671 1646 πειθόμεθα
1707 1575 1920 1629 ἀποδει-

338 1659 569 1720 κτικῶς.
597 1661 716 1716 Κάν
733 1661 1045 1736 τολμήσωσι
1072 1669 1437 1738 προφητικαῖς
1448 1667 1912 1740 χρήσασθαιΓρα-

2030 562 2135 618 bus
2164 563 2325 620 ﬁdem
2357 565 2657 622 habeamus
2676 606 2693 631 ,
2731 567 2932 636 quibus
2961 566 3088 621 licet
3116 567 3280 621 etiam
3308 564 3597 621 enuntiare

2028 655 2389 712 contrarium.
2440 654 2497 710 Si
2546 664 2725 712 autem
2777 672 2888 710 non
2941 656 3077 712 satis
3123 663 3207 710 est
3274 653 3598 725 simpliciter

2028 746 2174 817 quod
2202 746 2418 802 videtur
2461 747 2644 803 dicere
2665 790 2681 815 ,
2714 748 2808 803 sed
2847 748 3072 816 insuper
3101 753 3315 817 oportet
3364 745 3598 817 probare

2026 837 2173 909 quod
2215 838 2422 893 dictum
2464 846 2579 904 est,
2613 847 2728 893 tum
2771 855 2880 895 non
2930 846 3315 908 exspectamus
3348 836 3598 892 testimo-

2024 929 2175 985 nium
2209 928 2512 996 hominum,
2550 929 2646 986 sed
2677 945 2811 985 voce
2854 928 3069 984 Domini
3111 928 3404 999 probamus
3448 926 3597 998 quod

2023 1023 2310 1092 quteritur,
2357 1037 2479 1093 qum
2520 1029 2605 1077 est
2651 1021 2824 1091 magis
2862 1021 2967 1077 ﬁde
3010 1020 3173 1091 digna
3200 1034 3362 1091 quam
3389 1020 3596 1090 qumvis

2022 1113 2414 1170 demonstratio
2448 1134 2460 1169 :
2500 1115 2583 1169 vel
2625 1115 2808 1183 potius
2843 1128 2964 1183 quae
2992 1121 3078 1168 est
3109 1113 3225 1168 sola
3255 1111 3597 1167 demonstra-

2020 1208 2120 1272 tio,
2152 1222 2249 1277 per
2269 1221 2432 1277 quam
2460 1205 2746 1261 scientiam
2764 1247 2778 1273 ,
2804 1204 2896 1276 qui
2923 1204 3099 1259 solum
3132 1210 3419 1270 gustavere
3445 1200 3599 1255 Scri-

2020 1306 2231 1369 pturas,
2263 1305 2392 1354 sunt
2426 1298 2632 1353 ﬁdeles.
2664 1295 2769 1363 Qui
2804 1305 2983 1350 autem
3016 1295 3178 1350 etiam
3213 1294 3443 1349 ulterius
3468 1308 3597 1363 pro-

2020 1378 2326 1456 cesserunt,
2354 1396 2483 1447 sunt
2508 1390 2734 1461 perfecti
2768 1388 2977 1443 indices
3001 1385 3279 1453 veritatis,
3315 1385 3353 1439 ii
3385 1385 3596 1441 scilicet

2019 1485 2111 1555 qui
2157 1491 2286 1540 sunt
2314 1483 2549 1555 gnostici
2579 1500 2592 1535 :
2617 1478 3065 1554 quandoquidem
3097 1478 3260 1533 etiam
3288 1477 3344 1532 in
3373 1477 3442 1532 iis
3473 1492 3598 1547 qua:

2019 1576 2087 1631 ad
2119 1577 2282 1631 vitam
2313 1576 2619 1646 pertinent,
2654 1589 2749 1629 eos
2797 1573 2900 1644 qui
2939 1577 3069 1626 sunt
3100 1569 3298 1635 rudes,
3334 1574 3598 1638 superant

2018 1666 2275 1733 artiﬁces,
2313 1675 2368 1722 et
2413 1681 2578 1738 super
2622 1679 2941 1721 communes
2993 1662 3250 1718 notiones
3279 1660 3596 1730 exprimunt

338 1753 473 1822 φαῖς
499 1753 596 1806 καὶ
632 1754 682 1807 οί
711 1754 811 1819 τάς
853 1755 1095 1828 αἱρέσεις
1137 1759 1431 1828 μετιόντες,
1473 1759 1689 1832 πρῶτον
1724 1760 1822 1832 μὲν
1857 1760 1917 1814 οὐ

2020 1755 2076 1810 id
2121 1755 2268 1827 quod
2296 1762 2381 1811 est
2416 1756 2630 1810 melius.
2690 1753 2781 1810 Sic
2823 1768 2954 1825 ergo
2984 1769 3087 1809 nos
3116 1766 3335 1823 quoque
3362 1766 3429 1805 ex
3462 1750 3598 1820 ipsis

340 1845 568 1910 πάσαις,
600 1844 791 1900 ἔπειτα
817 1848 879 1901 οὐ
905 1848 1160 1914 τελείαις,
1191 1849 1312 1904 οὐδὲ
1347 1850 1424 1915 ώς
1450 1849 1512 1903 τὸ
1552 1850 1712 1921 σῶμα
1740 1850 1833 1905 καὶ
1862 1851 1922 1905 τὸ

340 1932 477 2005 ὕφος
501 1936 600 2007 τῆς
639 1939 976 2010 προφητείας
1010 1940 1375 2013 ὑπαγορεύειο
1419 1941 1533 1996 ἀλλ’
1572 1941 1919 2014 ἐκλεγόμενοι

337 2028 410 2081 τά
462 2029 778 2099 ἀμφιϐόλως
834 2032 1118 2104 εἰρημένα,
1160 2035 1241 2097 είς
1290 2035 1389 2099 τὰς
1437 2035 1572 2099 ιδίας
1620 2036 1918 2107 μετάγουσι

338 2119 517 2187 δόξας,
546 2121 733 2192 ὀλίγας
759 2124 1034 2197 σποράδην
1061 2125 1480 2198 ἀπανθιζόμενοι
1519 2128 1703 2196 φωνάς
1722 2145 1736 2158 ·
1774 2129 1833 2183 οὐ
1860 2128 1920 2183 τὺ

342 2213 749 2285 σημαινόμενον
780 2216 875 2270 ἀπ’
905 2216 1083 2271 αὐτῶν
1106 2218 1452 2286 σκοποῦντες,
1476 2219 1591 2276 ἀλλ’
1626 2220 1762 2293 αὐτῇ
1790 2220 1917 2294 ψιλῇ

341 2302 729 2376 ἀποχρώμενοι
751 2309 815 2378 τῇ
846 2306 1008 2373 λέξει.
1028 2308 1222 2379 Σχεδὸν
1244 2311 1353 2383 γὰρ
1379 2310 1436 2365 ὲν
1465 2315 1630 2366 πᾶσιν
1651 2309 1732 2377 οἷς
1754 2330 1920 2386 προσ-

340 2395 600 2468 φέρονται
648 2399 850 2469 ῥητοῖς,
903 2398 1085 2471 εὕροις
1119 2401 1186 2455 ἂν
1211 2402 1408 2466 αὐτοὺς
1443 2402 1519 2466 ὡς
1549 2406 1663 2467 τοῖς
1693 2404 1918 2475 ὀνόμασι

341 2488 531 2557 μόνοις
552 2489 962 2560 προσανέχουσι,
983 2490 1050 2544 τὰ
1073 2491 1444 2562 σημαινόμενα
1467 2491 1913 2556 ὑπαλλάττοντες·

339 2578 454 2633 οὗθ’
503 2580 577 2646 ὡς
619 2579 865 2649 λέγονται
901 2580 1281 2651 γινώσκοντες,
1312 2580 1424 2635 οὔθ’
1455 2581 1531 2647 ὡς
1560 2581 1706 2653 ἔχειν
1745 2581 1919 2653 πεφύ-

342 2687 473 2726 κασι
500 2668 770 2744 χρώμενοι
807 2666 899 2737 αἷς
940 2673 1036 2726 καὶ
1066 2673 1129 2746 δὴ
1170 2673 1487 2745 κομίζουσιν
1527 2673 1800 2743 ἐκλογαῖς.
1851 2674 1918 2728 Ἠ

340 2760 577 2834 ἀλήθεια
601 2761 657 2817 δὲ
693 2762 791 2817 οὐκ
833 2766 890 2819 ὲν
921 2765 997 2835 τῷ
1030 2764 1374 2837 μετατιθέναι
1410 2763 1519 2837 (90)
1548 2764 1616 2818 τά
1658 2765 1919 2836 σημαινό-

347 2870 488 2922 μενα
515 2853 842 2925 εὑρίσκεται·
879 2853 1043 2925 (οὕτω
1063 2856 1160 2926 μὲν
1187 2855 1297 2928 γάρ
1329 2853 1695 2927 ἀνατρέψουσι
1738 2856 1917 2909 πᾶσαν

346 2943 955 3019 ἁληθῆΙδιδασκαλίανο)
994 2946 1108 3002 ἀλλ’
1137 2950 1195 3003 ὲν
1230 2948 1307 3020 τῷ
1335 2946 1729 3018 διασκέψασθαι
1763 2946 1917 3019 τίτῷ

347 3032 538 3104 Κυρίῳ
567 3035 660 3088 καὶ
694 3035 774 3106 τῷ
806 3038 1206 3111 παντοκράτορι
1234 3037 1353 3110 Θεῷ
1381 3038 1603 3103 τελείως
1632 3038 1829 3092 οίκεῖόν
1855 3054 1915 3090 τε

344 3122 442 3176 καὶ
470 3124 698 3196 πρέπον,
722 3128 825 3180 κάν
846 3127 922 3198 τῷ
951 3127 1199 3198 βεϐαιοῦν
1219 3127 1448 3182 ἕκαστον
1468 3127 1577 3181 τῶν
1599 3127 1917 3182 ἀποδεικνυ-

346 3214 525 3284 μένων
547 3217 687 3270 κατά
717 3219 814 3283 τὰς
844 3219 1064 3291 Γραφάς
1088 3220 1146 3287 ἐξ
1176 3219 1354 3275 αὐτῶν
1383 3219 1545 3275 πάλιν
1578 3220 1685 3274 τῶν
1706 3220 1917 3291 ,ὁμοίων

344 3307 387 3361 Γ
392 3307 593 3379 ραφῶν.
621 3308 728 3361 Ob:
748 3309 759 3322 '
777 3307 870 3365 οὖν
896 3312 1243 3384 ἐπιστρέφειν
1278 3313 1372 3367 ἐπὶ
1399 3313 1495 3386 τὴν
1525 3312 1781 3384 ἀλήθειαν
1801 3311 1920 3367 ἑθέ-

344 3392 545 3458 λουσιν,
563 3396 867 3469 αἰδούμενοι
896 3400 1225 3455 καταθέσθαι
1246 3402 1305 3456 τὸ
1330 3404 1429 3474 τῆς
1451 3402 1735 3473 φιλαυτίας
1762 3404 1919 3459 πλεο-

346 3481 595 3556 νέκτημα
617 3503 631 3516 ·
665 3487 775 3542 οὔτ’
809 3488 1022 3561 ἔχουσιν
1068 3493 1216 3558 ὅπως
1253 3492 1542 3548 διαθῶνται
1595 3495 1693 3560 τὰς
1738 3494 1918 3550 αὐτῶν

345 3571 525 3641 δόξας,
549 3574 859 3649 βιαζόμενοι
888 3581 986 3645 τὰς
1013 3583 1232 3653 Γραφάς
1249 3601 1262 3614 ·
1293 3584 1596 3655 φθάσαντες
1631 3584 1684 3638 δὲ
1707 3584 1919 3654 ἐξενεγ-

346 3667 466 3718 κεῖν
519 3668 600 3732 είς
654 3669 781 3732 τοὺς
830 3671 1148 3744 ἀνθρώπους
1200 3674 1448 3748 δόγματα
1499 3674 1687 3748 ψευδῆ,
1736 3677 1919 3749 σχεδὸν

347 3758 587 3824 άπάσαις
626 3766 747 3827 ταῖς
782 3764 1023 3835 Γραφαῖς
1052 3768 1297 3839 ἐναργῶς
1338 3769 1656 3840 μαχόμενοι,
1697 3769 1791 3821 καὶ
1831 3769 1919 3822 ἀεὶ

348 3850 441 3921 ὑφ’
472 3852 629 3923 ἡμῶν
663 3854 771 3908 τῶν
810 3857 1200 3926 ἀντιλεγόντων
1244 3860 1426 3924 αὐτοῖς
1463 3859 1829 3932 ἐλεγχόμενοι,
1860 3861 1920 3913 τὺ

345 3941 531 3997 λοιπὸν
561 3944 640 3999 ἐτι
666 3945 759 4000 καὶ
786 3948 880 4003 νῦν
910 3950 1259 4022 ὑπομένουσι,
1281 3951 1351 4006 τά
1370 3952 1489 4024 μὲν,
1527 3952 1601 4028 μὴ
1634 3953 1917 4025 προΐεσθαι

347 4034 457 4088 τῶν
489 4038 841 4110 προφητικῶν
869 4042 1000 4112 (91),
1035 4043 1103 4097 τά
1130 4044 1207 4108 δὲ,
1235 4046 1381 4116 ἡμᾶς
1410 4044 1627 4108 αὐτοὺς,
1658 4044 1733 4107 ώς
1754 4043 1921 4113 ἀλλης

346 4129 640 4197 γεγονότας
669 4130 883 4201 φύσεως
906 4133 1037 4203 (92),
1067 4134 1141 4208 μὴ
1166 4135 1314 4199 οἴους
1339 4153 1402 4189 τε
1431 4132 1571 4194 εἶναι
1594 4139 1831 4190 συνεῖναι
1850 4136 1921 4190 τά

345 4224 522 4276 οἰκεῖα
551 4222 777 4286 ἐκείνοις
816 4224 1195 4281 διαϐάλλουσιν
1215 4244 1231 4259 ο
1281 4228 1453 4282 ἐνίοτε
1486 4228 1543 4283 δὲ
1570 4228 1667 4283 καὶ
1699 4229 1767 4282 τὰ
1796 4232 1922 4283 ἑαυ-

346 4310 457 4363 τῶν
480 4312 863 4384 διελεγχόμενα
890 4316 1177 4388 ἀρνοῦνται
1212 4318 1475 4391 δόγματα,
1501 4322 1760 4394 ἄντικρυς
1788 4325 1919 4397 ὀμο-

347 4405 527 4475 λογεῖν
570 4405 874 4479 αἰδούμενοι
915 4410 951 4464 ἃ
979 4413 1101 4464 κατ’
1135 4412 1268 4466 ίδίαν
1311 4413 1535 4485 αὑχοῢσι
1578 4416 1922 4480 διδάσκοντες

345 4498 538 4561 οὕτως.
563 4499 718 4553 Οὕτω
737 4499 847 4573 γάρ
866 4501 1009 4556 κατά
1029 4503 1209 4568 πάσας
1232 4504 1378 4560 ἐστιν
1406 4506 1533 4559 ίδεῖν
1558 4507 1657 4571 τὰς
1679 4508 1919 4579 αἱρέσεις

347 4592 601 4657 ἐπιόντας
625 4592 806 4646 αὐτῶν
827 4594 925 4658 τάς
953 4595 1257 4669 μοχθηρίας
1280 4598 1389 4653 τῶν
1425 4599 1728 4671 δογμάτων.
1749 4601 1923 4654 Ἐπει-

343 4682 443 4737 δάν
473 4682 582 4755 γὰρ
609 4684 1023 4756 ἀνατρέπωνται
1048 4690 1184 4761 πρὸς
1197 4693 1230 4761 ὴ
1240 4690 1378 4761 μῶν,
1395 4690 1921 4756 δεικνύντωναὺτοὺς

350 4773 537 4844 σαφῶς
575 4776 1015 4848 ἐναντιουμένους
1053 4782 1175 4843 ταῖς
1209 4778 1473 4850 Γραφαῖς,
1510 4780 1653 4834 δυοῖν
1695 4779 1922 4853 θάτερον

346 4868 457 4922 ὑπὸ
481 4868 590 4922 τῶν
617 4869 974 4941 προεστώτων
1010 4871 1101 4925 τοῦ
1147 4872 1415 4943 δόγματος
1461 4872 1576 4925 ἐστι
1625 4872 1922 4928 θεάσασθαι

567 5054 626 5112 ’Β
669 5048 731 5106 Ρ.
767 5049 872 5105 892
902 5047 1011 5103 ΕΙ).
1044 5046 1341 5116 POTTER,
1380 5048 1482 5105 759
1517 5048 1625 5105 ΕΙ).
1668 5048 1892 5108 PARIS.

352 5203 541 5331 52g”)
569 5204 977 5262 Μετατιθέναι.
1016 5202 1180 5260 Conf.
1216 5219 1383 5275 supra
1419 5203 1621 5260 Strom.
1663 5220 1750 5269 ιιι,
1790 5221 1911 5276 pag.

420 5346 535 5418 (9i)
557 5348 632 5401 Τὰ
643 5344 760 5418 μὲν
770 5346 859 5418 μὴ
876 5343 1330 5418 προΐεσθαι-τῶς
1350 5343 1749 5418 προφητικῶν.
1769 5345 1924 5399 Scri-

576 5400 935 5490 jrpoot's'od'at;
967 5400 1431 5490 quemadmodum
1466 5400 1661 5490 Latine
1699 5430 1923 5490 expres-

354 5484 552 5541 simus.
571 5484 716 5559 Nam
748 5488 861 5559 isti,
894 5488 962 5543 de
986 5484 1199 5559 quibus
1227 5485 1630 5559 agit._haaretic_i
1657 5484 1921 5559 quosdam

354 5570 462 5640 non
514 5557 890 5640 admittebant
932 5554 1394 5640 prophetam—Mi;
1457 5554 1778 5640 προσίεσθαι
1825 5554 1925 5640 τὰς

352 5628 569 5712 Fremit;
606 5634 714 5712 est,
746 5627 892 5710 quod
934 5624 1283 5712 'infrantlic‘it,
1314 5624 1408 5712 ⁹ὅτι
1460 5624 1559 5712 τὰς
1593 5624 1925 5712 προφητείας

355 5698 626 5767 εἱργουσιν
662 5695 870 5753 ἑαυτῶν
916 5699 1014 5770 τῆς
1070 5695 1425 5768 Ἐκκλησίας,
1472 5695 1810 5770 ὑφορώμενοι
1855 5695 1923 5751 δι’

2021 1848 2089 1905 de
2123 1849 2257 1919 ipsis
2296 1845 2600 1918 Scripturis
2628 1844 2867 1918 perfecte
2894 1846 3358 1907 demonstrantes,
3396 1857 3465 1898 ex
3494 1840 3600 1897 ﬁde

2019 1942 2411 2014 persuademus
2450 1941 2902 1999 demonstrative.
2956 1938 3114 2007 Quod
3168 1940 3217 1995 si
3267 1936 3600 2010 propheticis

2020 2051 2237 2108 quoque
2281 2034 2584 2107 Scripturis
2627 2034 2707 2089 uti
2757 2032 2877 2089 ausi
2926 2031 3132 2088 fuerint
3175 2029 3269 2102 qui
3319 2036 3600 2097 sectantur

2026 2128 2284 2192 haereses,
2310 2127 2546 2200 primum
2576 2125 2795 2193 quidem
2823 2138 2932 2179 non
2955 2123 3232 2189 omnibus,
3263 2119 3458 2177 deinde
3486 2134 3599 2179 non

2018 2218 2302 2290 perfectis,
2329 2234 2509 2291 neque
2537 2226 2598 2273 ut
2626 2217 2794 2272 dictat
2818 2231 3023 2287 corpus
3048 2225 3104 2271 et
3124 2222 3446 2271 contextura
3469 2226 3599 2285 pro.-

2020 2314 2244 2385 pbetiaz:
2266 2328 2453 2370 verum
2479 2313 2744 2383 eligentes
2768 2326 2831 2367 ea
2852 2325 2974 2381 quae
2994 2308 3141 2364 dicta
3170 2313 3301 2364 sunt
3317 2306 3594 2378 ambigue,

2017 2406 2315 2461 traducunt
2364 2405 2433 2460 ad
2475 2404 2727 2476 proprias
2775 2401 3100 2474 Opiniones,
3149 2413 3374 2470 paucas.
3429 2412 3597 2454 voces

2019 2495 2253 2567 sparsim
2288 2501 2599 2566 carpentes,
2625 2507 2803 2563 neque
2831 2490 2884 2546 id
2910 2488 3327 2545 considerantes
3355 2483 3503 2556 quod
3526 2498 3596 2539 ex

2018 2589 2155 2659 ipsis
2196 2586 2568 2659 signiﬁcatur,
2613 2584 2709 2641 sed
2742 2585 2860 2656 ipsa
2895 2581 3044 2637 nuda
3085 2578 3327 2636 dictione
3355 2583 3593 2632 utentes.

2017 2678 2153 2733 Nam
2196 2680 2253 2735 in
2291 2679 2546 2734 omnibus
2587 2677 2699 2732 fere
2743 2690 2864 2747 quae
2895 2672 3173 2728 adducunt
3222 2669 3389 2734 locis,
3441 2667 3595 2737 ipsos

2019 2770 2135 2825 sola
2164 2768 2365 2825 intueri
2396 2768 2607 2824 videbis
2640 2767 2892 2827 nomina,
2920 2774 2980 2819 ut
3012 2762 3108 2834 qui
3140 2767 3352 2815 mutent
3379 2756 3593 2827 signiﬁ-

2018 2868 2173 2923 cata,
2222 2875 2399 2930 neque
2449 2856 2904 2929 quemadmodum
2936 2854 3196 2911 dicuntur
3223 2854 3593 2921 cognoscant,

2016 2966 2193 3021 neque
2222 2950 2289 3006 iis
2317 2965 2454 3021 quas
2476 2948 2709 3005 afferunt
2740 2943 3180 3015 allegationibus,
3198 2941 3295 3002 ita,
3319 2945 3385 2993 ut
3403 2953 3592 2995 earum

2017 3048 2216 3096 natura
2253 3039 2528 3110 postulat,
2567 3044 2808 3093 utantur.
2837 3033 3058 3091 Veritas
3084 3038 3261 3091 autem
3295 3045 3404 3085 non
3440 3029 3595 3083 inve-

2020 3136 2170 3192 nitur
2217 3135 2273 3191 in
2332 3133 2689 3190 translatione
2744 3128 3205 3201 significationum
3266 3123 3384 3196 (sic
3444 3122 3591 3179 enim

2012 3218 2240 3286 'omnem
2289 3238 2473 3280 veram
2513 3228 2822 3279 everterent
2869 3214 3256 3289 doctrinam),
3290 3213 3386 3270 sed
3421 3212 3477 3268 in
3526 3226 3596 3267 eo

2019 3310 2167 3383 quod
2200 3310 2325 3382 quis
2352 3309 2667 3366 consideret
2692 3307 2826 3379 quid
2858 3305 3087 3363 Domino
3128 3311 3183 3360 et
3229 3298 3595 3373 omnipotenti

2018 3402 2132 3459 Deo
2154 3400 2395 3472 perfecte
2436 3401 2744 3464 conveniat,
2781 3405 2835 3454 et
2862 3414 2987 3453 eum
3019 3398 3231 3461 deceat,
3269 3404 3325 3451 et
3352 3395 3408 3449 in
3436 3409 3503 3449 eo
3534 3399 3595 3447 ut

2019 3498 2306 3554 conﬁrmet
2334 3493 2762 3568 unumquodque
2794 3508 2860 3549 ex
2895 3492 2962 3546 iis
2995 3506 3116 3562 quae
3144 3491 3596 3545 demonstrantur

2019 3600 2117 3657 per
2140 3583 2475 3657 Scripturas,
2493 3599 2559 3638 ex
2584 3582 2938 3655 ipsisrursus
2968 3580 3239 3635 similibus
3267 3576 3589 3648 Scripturis.

2019 3676 2205 3750 Neque
2245 3691 2376 3747 ergo
2400 3666 2591 3731 volunt
2612 3730 2617 3745 η
2641 3673 2883 3729 converti
2916 3677 2984 3728 ad
3010 3672 3293 3728 veritatem
3316 3708 3331 3732 ,
3364 3676 3424 3721 ut
3453 3683 3595 3739 quos

2020 3768 2223 3839 pudeat
2253 3769 2336 3823 sui
2370 3769 2427 3822 in
2458 3767 2690 3837 seipsos,
2712 3766 2917 3820 amoris
2955 3763 3230 3834 deponere
3274 3759 3594 3833 praerogati-

2018 3877 2143 3921 vam
2171 3877 2185 3914 ι
2221 3875 2397 3930 neque
2429 3860 2610 3934 sciunt
2642 3874 2749 3929 qua
2777 3856 2986 3912 ratione
3018 3855 3229 3925 possint
3258 3868 3388 3908 suas
3416 3850 3591 3907 stabi-

2021 3953 2125 4010 lire
2164 3953 2481 4023 opiniones,
2513 3950 2812 4023 Scripturis
2841 3950 2948 4003 vim
2980 3947 3292 4003 afferentes.
3325 3943 3464 3999 Cum
3494 3958 3592 3997 au-

2018 4052 2131 4101 tem
2178 4043 2246 4100 ad
2275 4043 2413 4101 falsa
2443 4045 2498 4100 in
2525 4045 2721 4123 vulgus
2765 4039 3150 4114 proferendum
3182 4038 3435 4105 dogmata
3465 4048 3594 4106 pro-

2022 4136 2293 4192 cesserint
2314 4176 2329 4201 ,
2379 4151 2503 4209 cum
2532 4136 2786 4192 omnibus
2822 4133 2936 4189 fere
2966 4128 3269 4202 Scripturis
3310 4125 3593 4183 evidenter

2023 4235 2365 4300 pugnantes,
2395 4236 2451 4284 et
2482 4242 2696 4299 semper
2727 4243 2756 4303 a
2786 4226 2944 4282 nobis
2986 4223 3079 4298 qui
3108 4228 3299 4277 contra
3328 4232 3425 4275 eos
3454 4216 3593 4270 dici-

2023 4335 2147 4376 mus
2198 4319 2502 4386 confutati,
2548 4319 2694 4391 quod
2746 4318 3015 4391 reliquum
3049 4320 3169 4377 est,
3219 4324 3367 4367 nunc
3413 4307 3597 4364 adhuc

1956 4450 2000 4504 Β
2025 4408 2247 4484 quoque
2295 4420 2528 4484 pergunt
2567 4427 2626 4467 se
2665 4424 2971 4504 Opponere,
3017 4406 3214 4504 partim
3261 4401 3492 4504 quidem
3523 4414 3607 4461 ex.

2024 4505 2359 4577 propheticis
2400 4506 2582 4576 aliqua
2626 4519 2736 4559 non
2783 4498 3146 4562 admittendo,
3176 4496 3594 4569 partimautem

2017 4613 2143 4662 nos,
2166 4598 2324 4669 quasi
2342 4598 2516 4653 simus
2532 4596 2758 4651 alterius
2775 4601 3002 4654 naturae,
3022 4598 3076 4646 et
3095 4604 3215 4662 qua°
3235 4593 3293 4653 ᾗ
3321 4597 3450 4643 sunt
3468 4584 3592 4641 illoc

2019 4704 2144 4744 rum
2159 4690 2377 4760 propria
2397 4704 2508 4745 non
2530 4688 2805 4759 possimus
2833 4683 3159 4751 intelligere,
3179 4674 3587 4733 calumniando.

2022 4780 2428 4852 Nonnunquam
2460 4789 2641 4835 autem
2669 4776 2833 4834 etiam
2882 4790 3007 4831 cum
3037 4770 3459 4831 convincuntur,
3491 4779 3591 4821 sua

2024 4881 2227 4945 negant
2252 4874 2525 4944 dogmata,
2560 4878 2745 4942 aperte
2774 4867 3026 4931 conﬁteri
3056 4865 3445 4924 erubescentes
3470 4871 3593 4932 qua

2018 5202 2359 5274 ﬂammanti
2390 5200 2795 5274 vouOécEav.Et‘
2812 5200 2999 5274 eadem
3025 5213 3157 5259 voce
3179 5197 3395 5274 ut_itu_r_:
3435 5194 3593 5267 Ἀμέο

2015 5272 2098 5327 λει
2121 5267 2413 5344 πάμπολλα
2435 5273 2830 5344 συγκαττύουσι
2846 5270 3140 5344 ,ψεύσματα
3157 5267 3591 5344 καὶ-πλάσματα,

2017 5345 2105 5467 iga
2133 5338 2215 5415 δὴ’
2240 5344 2475 5412 εὐλόγως
2512 5338 2701 5409 δόξωσι
2736 5343 2811 5414 μὴ
2855 5338 3179 5412 προσίεσθαι
3210 5338 3310 5402 τάς
3351 5338 3593 5414 Γραφάς.

2070 5430 2295 5467 namus.

2070 5430 2295 5469 ElNSlUS.

2091 5485 2203 5567 (Et?)
2261 5485 2489 5567 Ἀςέλης
2515 5481 2859 5567 ,γεγονότας
2880 5481 3201 5567 ﬁdem;
3232 5474 3596 5567 αεῐξίὶοὲέξθ

2021 5545 2221 5626 quibus
2261 5555 2372 5624 agit
2408 5545 3014 5626 auctor,"__somniabant
3044 5566 3105 5607 se
3127 5545 3211 5605 'ah
3259 5548 3384 5604 aliis
3414 5545 3596 5626 homi-

2022 5615 2188 5681 nibus
2232 5615 2482 5696 «natura
2538 5641 2557 5675 ι
2609 5615 2896 5696 distingui,
2949 5623 3180 5696 eiusque
3229 5615 3598 5693 praerogativa

2021 5698 2204 5754 salvos
2242 5694 2358 5753 ﬁeri
2379 5712 2406 5762 ;_
2430 5702 2488 5749 ut
2509 5708 2678 5769 supra
2710 5693 2932 5765 plenius
2959 5693 3166 5751 dictum
3191 5696 3297 5748 est.
