4016 6308
1613 304 2006 363 CLEMENTIS
2041 282 2512 371 ALEXANDRINI

3619 316 3734 376 536

487 430 545 469 se
568 425 818 469 seorsum
844 413 925 471 sic
954 414 1152 473 docere
1180 418 1502 489 gloriantur.
1528 418 1587 479 id
1617 424 1763 479 enim
1795 424 1859 481 in
1874 427 2045 482 omni-

2156 428 2475 501 γενόμενονο
2500 431 2532 505 ἢ
2569 434 2678 507 γάρ
2708 434 2808 508 τῆς
2830 436 3150 504 ἀκολουθίας
3172 437 3280 495 τῶν
3304 436 3581 514 σφετέρων
3607 442 3737 512 δοτ-

486 506 588 561 bus
625 505 926 563 haeresibus
964 508 1148 567 videre
1176 511 1341 578 licet,
1386 513 1435 569 si
1465 514 1707 586 ipsorum
1742 518 2055 590 dogmatum

482 598 609 669 quis
641 607 999 670 persequatur
1027 604 1325 672 nequitias.
1349 605 1483 661 Nam
1514 618 1801 678 postquam
1836 625 1866 665 a
1895 611 2057 667 nobis

481 691 659 747 eversi
686 689 911 753 fuerint,
934 693 1353 752 ostendentibus
1386 697 1536 768 ipsos
1568 708 1751 771 aperte
1778 702 2056 758 adversari

483 776 822 853 Scripturis,
853 784 1087 838 duorum
1124 787 1354 842 alterum
1388 792 1456 843 ab
1488 790 1555 846 iis
1582 792 1675 863 qui
1706 800 1933 848 tuentur
1961 793 2058 848 ali-

481 873 626 942 quod
671 873 865 945 dogma
916 875 1030 931 ﬁeri
1082 877 1392 936 videbimus
1436 899 1450 935 :
1498 891 1592 937 aut
1634 884 1780 938 enim
1829 901 2053 941 suorum

481 964 792 1035 dogmatum
827 970 1310 1039 consequentiam,
1352 980 1447 1026 aut
1476 974 1648 1045 ipsam
1689 978 2051 1048 prophetiam,

481 1054 561 1113 vel
591 1058 771 1127 potius
795 1075 949 1114 suam
983 1060 1224 1131 ipsorum
1254 1079 1405 1133 spem
1453 1066 1784 1136 despiciunt.
1830 1069 2057 1142 Semper

478 1145 623 1200 enim
655 1146 708 1202 id
743 1149 925 1217 potius
954 1160 1200 1219 sumunt,
1232 1155 1378 1224 quod
1410 1156 1493 1212 eis
1526 1158 1704 1213 visum
1738 1159 1900 1215 fuerit
1931 1178 2054 1217 esse

478 1233 811 1301 evidentius,
850 1254 1012 1307 quam
1044 1241 1188 1319 quod
1233 1243 1437 1299 dictum
1483 1255 1567 1303 est
1613 1264 1643 1302 a
1681 1247 1912 1305 Domino
1957 1267 2054 1322 per

480 1325 806 1396 prophetas,
838 1336 893 1382 et
926 1330 996 1384 ab
1031 1329 1353 1402 Evangelio,
1382 1336 1638 1406 quodque
1682 1340 2052 1409 apostolorum

477 1418 791 1474 testimonio
821 1423 1237 1493 comprobatum
1266 1436 1351 1482 est
1378 1435 1432 1481 et
1463 1429 1863 1486 conﬁrmatum.
1913 1433 2051 1488 Cum

479 1507 723 1565 viderent
748 1526 875 1582 ergo
907 1515 1011 1568 sibi
1044 1516 1323 1573 imminere
1355 1520 1682 1591 periculum,
1708 1539 1819 1580 non
1848 1525 1917 1581 de
1944 1542 2054 1581 uno

476 1600 746 1672 dogmate,
793 1604 888 1659 sed
918 1604 989 1662 de
1014 1610 1388 1665 conservanda
1417 1612 1643 1679 haeresi,
1697 1632 1809 1672 non
1840 1619 2054 1673 verita-

477 1699 583 1747 tem
628 1694 875 1752 invenire
922 1695 1072 1768 (nam
1106 1715 1231 1755 cum
1260 1716 1322 1757 ea
1355 1720 1477 1774 quae
1505 1715 1634 1761 sunt
1662 1708 1717 1762 in
1741 1710 1920 1766 medio
1955 1726 2053 1782 po-

475 1785 581 1840 sita
612 1795 668 1841 et
699 1787 753 1842 in
784 1800 1043 1860 promptu
1072 1795 1215 1863 apud
1247 1812 1351 1853 nos
1384 1799 1651 1869 legerunt,
1678 1810 1937 1874 tanquam
1972 1805 2055 1860 vi-

475 1876 546 1931 lia
592 1892 656 1932 ea
704 1886 1188 1957 contempserunt)
1211 1928 1228 1955 ,
1260 1888 1357 1943 sed
1386 1892 1533 1959 quod
1561 1901 1647 1948 est
1680 1909 1969 1951 commune
1997 1896 2051 1952 in

476 1968 579 2027 ﬁde
608 1986 870 2041 superare
897 1979 1294 2035 contendentes
1316 2022 1330 2044 ,
1355 1994 1712 2040 excesserunt
1738 2002 1767 2040 a
1801 1989 2049 2045 veritate.

473 2059 608 2117 Nam
656 2080 781 2119 cum
825 2070 1219 2126 ecclesiasticae
1263 2076 1596 2145 cognitionis
1627 2094 1736 2134 non
1763 2080 2050 2136 didicerint

474 2159 729 2229 mysteria
750 2200 766 2224 ,
792 2176 970 2233 neque
994 2164 1243 2222 veritatis
1288 2172 1630 2241 perceperint
1672 2175 2011 2241 majestatem
2031 2214 2047 2235 .

475 2260 534 2303 ut
565 2251 659 2322 qui
699 2252 753 2307 iu
785 2258 1181 2324 perscrutanda
1214 2275 1394 2315 rerum
1424 2261 1695 2332 profundo
1728 2263 1929 2319 fuerint
1968 2281 2052 2320 so-

472 2343 689 2409 cordes,
722 2355 774 2400 et
805 2347 1097 2417 superﬁcie
1121 2359 1282 2407 tenus
1308 2352 1574 2425 legerint,
1612 2353 1927 2426 Scripturas
1954 2372 2050 2411 va-

470 2433 584 2490 lere
606 2434 920 2505 jusserunt.
958 2436 1109 2495 Inani
1143 2457 1274 2514 ergo
1303 2444 1586 2515 sapientia:
1614 2447 1869 2518 opinione
1894 2448 2044 2510 elati,

472 2537 732 2597 perpetuo
768 2531 1002 2603 litigant,
1040 2544 1225 2602 aperte
1259 2537 1611 2595 ostendentes
1641 2556 1699 2596 se
1733 2540 1912 2612 magis
1944 2557 2044 2595 cu-

469 2631 600 2675 rare
630 2629 690 2674 ut
710 2622 1005 2678 videantur
1030 2626 1362 2698 philosophi,
1394 2645 1559 2701 quam
1581 2642 1642 2686 ut
1664 2632 2049 2703 phiIOSOphen-

471 2718 579 2766 tur.
614 2711 735 2767 Jam
766 2731 898 2771 vero
928 2732 1054 2772 cum
1080 2734 1190 2774 non
1226 2723 1557 2779 necessariis
1580 2740 1764 2781 rerum
1795 2726 2046 2779 nitantur

470 2803 780 2874 principiis,
808 2815 865 2860 et
895 2806 1152 2865 humanis
1182 2811 1314 2865 moti
1344 2813 1699 2883 Opinionibus
1718 2858 1735 2883 ,
1764 2816 1903 2870 nihil
1932 2831 2043 2870 non

466 2896 530 2948 'ut
555 2895 622 2950 ad
649 2896 810 2953 ﬁnem
836 2915 997 2957 suum
1026 2904 1345 2972 perveniant
1374 2908 1689 2973 moliantur,
1705 2908 2044 2965 contendunt

466 2984 808 3060 magis,quia
855 2994 1198 3050 seconvinci
1231 2997 1451 3064 vident,
1512 3002 1775 3057 adversus
1808 3017 1903 3059 eos
1950 3004 2041 3073 qui

2162 518 2367 589 μάτων,
2419 523 2453 595 ἢ
2501 525 2601 596 τῆς
2638 529 2974 599 προφητείας
3016 529 3204 602 αὐτῆς,
3265 530 3464 602 μᾶλλον
3504 531 3564 586 δὲ
3618 533 3736 605 τῆς

2157 611 2363 689 ἑαυτῶν
2411 614 2624 682 ἐλπίδος
2664 621 3128 695 καταφρονοῦσιν·
3180 622 3459 696 αίροῦνται
3508 626 3620 698 (95)
3669 626 3733 681 δὲ

2156 705 2412 762 ἑκάστοτε
2439 709 2500 762 τὸ
2533 710 2692 777 δόξαν
2720 713 2903 778 αὐτοῖς
2930 714 3195 788 ὑπάρχειν
3239 719 3648 790 ἐναργέστερον,
3691 717 3733 789 ἦ

2153 798 2215 852 τδ
2259 800 2395 872 πρὸς
2425 800 2519 855 τοῦ
2563 804 2767 876 Κυρίου
2815 805 2901 861 διὰ
2933 806 3043 862 τῶν
3089 812 3382 883 προφητῶν
3431 811 3735 883 εἰρημένον

2155 891 2251 945 καὶ
2281 893 2383 947 ὑπὸ
2411 893 2504 947 τοῦ
2548 896 2902 967 Εὐαγγελίου,
2947 900 3087 974 πρὸς
3129 902 3209 957 ἔτι
3240 904 3349 974 (94)
3381 904 3436 957 δὲ
3475 904 3571 958 καὶ
3608 902 3735 957 τῶν

2154 984 2463 1040 ἀποστόλων
2493 990 3049 1063 συμμαρτυροῦμενόν
3074 1010 3132 1046 τε
3163 995 3257 1048 καὶ
3303 994 3727 1067 βεϐαιούμενον.

2165 1076 2433 1148 ὐρῶντες
2457 1074 2549 1132 οῦν
2576 1079 2666 1134 τὸν
2706 1081 2949 1136 κίνδυνον
2979 1083 3162 1149 αὐτοῖς
3189 1086 3250 1140 οὐ
3292 1086 3420 1159 περὶ
3463 1086 3586 1148 ἐνὸς
3608 1087 3737 1154 δότ-

2158 1185 2345 1239 ματος,
2379 1171 2512 1225 ἀλλά
2538 1172 2666 1244 περὶ
2697 1174 2758 1227 τὸ
2788 1174 2886 1239 τὰς
2914 1176 3154 1246 αἱρέσεις
3191 1178 3490 1250 διατηρεῖν,
3518 1180 3583 1233 οὐ
3622 1178 3737 1249 τὴν

2154 1261 2410 1333 ἀλήθειαν
2458 1261 2791 1336 ἐξευρίσκειν
2860 1267 3009 1335 (τοῖς
3046 1268 3144 1340 μὲν
3180 1268 3290 1341 γάρ
3338 1270 3396 1324 ἐν
3442 1270 3595 1342 μέσῳ
3625 1272 3736 1325 καὶ

2154 1354 2462 1426 προχείρως
2500 1358 2817 1428 ἐντυχόντες
2849 1361 2978 1431 παρ’
3009 1360 3254 1431 ⁴ί)μῖν,ιῖ›ς
3292 1361 3527 1416 εὐτελῶν
3572 1380 3736 1417 κατε-

2154 1440 2477 1518 φρόνησαν),
2515 1449 2820 1523 ὑπερϐῆναι
2844 1452 2900 1505 δὲ
2926 1453 3328 1530 σπουδάσαντες
3352 1454 3411 1508 τὸ
3424 1456 3602 1509 κοινὸν
3621 1456 3735 1526 τῆς

2152 1542 2409 1608 πίστεως,
2440 1542 2705 1615 ἐξέϐησαν
2733 1544 2831 1616 τὴν
2858 1544 3134 1617 ἀλήθειαν.
3170 1545 3263 1618 Μὴ
3301 1546 3410 1620 γὰρ
3461 1546 3736 1619 μαθόντες

2148 1634 2218 1688 τά
2269 1635 2367 1705 τῆς
2422 1633 2679 1702 γνώσεως
2733 1635 2834 1707 τῆς
2888 1636 3348 1710 ὲκκλησιαστικῆς
3407 1642 3728 1714 μυστήρια,

2157 1725 2289 1796 μηδὲ
2319 1727 2668 1797 χωρήσαντες
2694 1726 2754 1781 τὸ
2797 1728 3077 1800 μεγαλεῖον
3115 1733 3217 1803 τῆς
3243 1732 3519 1803 ἀληθείας,
3560 1734 3735 1805 μέχρι

2154 1813 2248 1868 τοῦ
2287 1814 2484 1886 βάθους
2527 1817 2635 1871 τῶν
2665 1820 3004 1891 πραγμάτων
3036 1822 3318 1878 κατελθεῖν
3358 1825 3735 1899 ἀπορᾳθυμή-

2156 1922 2366 1970 σαντες,
2394 1906 2452 1973 ἐξ
2481 1908 2745 1981 ἐπιπολῆς
2776 1911 3120 1980 ἀναγνόντες,
3162 1916 3592 1989 παρεπέμψαντο
3621 1919 3735 1985 τὰς

2153 1997 2393 2071 Γραφάς.
2438 1999 2574 2054 Ὑπὸ
2598 1999 2914 2071 δοξοσοφίας
2955 2003 3134 2058 τοίνυν
3162 2006 3483 2078 ἐπηρμένοι,
3511 2008 3735 2081 ἐρίζον-

2151 2111 2243 2157 τες
2266 2094 2586 2160 διατελοῦσι,
2615 2096 2762 2168 δῆλοι
2806 2099 3111 2168 γεγονότες,
3146 2099 3222 2163 ὼς
3246 2102 3341 2155 τοῦ
3383 2102 3557 2158 δοκεῖν
3591 2104 3711 2175 (95)

2154 2187 2373 2257 μᾶλλον,
2424 2189 2565 2259 ἥπερ
2593 2188 2688 2242 τοῦ
2741 2188 3046 2260 φιλοσοφεῖν
3090 2192 3472 2264 προνοοῦνται.
3510 2196 3732 2251 Αὐτίκα

2149 2278 2250 2331 οὐκ
2282 2278 2586 2346 ἀναγκαίας
2631 2280 2805 2352 ἀρχὰς
2845 2282 3191 2353 πραγμάτων
3234 2286 3728 2360 καταϐαλλόμενοι,

2148 2368 2325 2436 δόξαις
2346 2387 2405 2423 τε
2425 2369 2792 2442 ἀνθρωπίναις
2815 2373 3180 2444 κεκινημένοι,
3199 2373 3385 2429 ἔπειτα
3407 2377 3731 2445 ἀναγκαίως

2146 2461 2297 2526 τέλος
2342 2462 2648 2517 ἀκολουθεῖν
2693 2465 2876 2529 αὐτοῖς
2919 2462 3353 2537 ἐκποριζὸμενοι,
3400 2468 3722 2538 διαπληκτί-

2147 2552 2330 2618 ζονται
2371 2554 2459 2608 διά
2484 2555 2613 2618 τοὺς
2640 2554 2914 2625 ἐλέγχους,
2960 2556 3097 2628 πρὸς
3133 2558 3259 2622 τοὺς
3298 2558 3397 2628 τὴν
3428 2558 3602 2631 ἀληθῆ
3631 2579 3729 2629 φι-

2146 2646 2397 2716 λοσοφίαν
2430 2644 2995 2719 μεταχειριζομένους
3024 2648 3118 2701 καὶ
3142 2649 3318 2704 πάντα
3352 2650 3547 2722 μᾶλλον
3586 2652 3730 2711 ὐπο-

2148 2736 2391 2807 μένουσι,
2434 2737 2527 2791 καὶ
2560 2737 2738 2790 πάντα
2778 2737 2909 2809 (96),
2944 2739 3099 2808 φασὶ,
3129 2740 3310 2795 κάλων
3343 2742 3573 2807 κινοῦσι,
3612 2743 3729 2796 κᾶν

2144 2831 2358 2886 ἀσεϐεῖν
2378 2831 2463 2887 διά
2486 2832 2545 2886 τὸ
2570 2834 2815 2888 ἀπιστεῖν
2835 2838 2954 2899 ταῖς
2981 2835 3224 2907 Γραφαῖς
3249 2834 3548 2906 μέλλουσιν,
3573 2838 3727 2908 ἥπερ

2147 2923 2661 2995 μετατίθενται,ὑπδ
2701 2926 3135 2998 φιλοτιμίας,τῆς
3164 2927 3446 3000 αἱρέσεως,
3491 2929 3586 2982 καὶ
3617 2928 3724 2999 τῆς

2142 3014 2575 3089 πολυθρυλλήτου
2609 3018 2751 3071 κατὰ
2793 3018 2893 3083 τὰς
2936 3018 3258 3086 Ἑκκλησίας
3290 3019 3467 3073 αὐτῶν
3507 3038 3729 3091 πρωτο-

467 3092 652 3134 veram
687 3090 925 3138 tractant
956 3084 1383 3158 philosophiam,
1420 3100 1473 3147 et
1498 3094 1716 3163 quidvis
1747 3096 1929 3165 potius
1956 3105 2042 3149 to-

2149 3084 2478 3179 καθεδρίαςί
2526 3107 2593 3161 δι’
2655 3110 2723 3179 ἦν
2764 3109 3025 3182 κάκείνην
3082 3084 3179 3181 την
3236 3084 3572 3183 συμποτικὴν
3629 3112 3725 3167 διὰ

469 3173 680 3239 lerant,
733 3180 788 3229 et
834 3190 1086 3242 omnem,
1128 3188 1191 3233 ut
1233 3182 1422 3248 aiunt,
1460 3185 1742 3241 rudentem
1787 3199 2038 3254 movent,

466 3264 685 3320 etiamsi
723 3266 891 3322 futuri
924 3269 1036 3324 sint
1067 3273 1250 3343 impii,
1283 3285 1571 3347 propterea
1606 3276 1751 3347 quod
1782 3295 1890 3334 non
1923 3295 2044 3337 cre-

468 3356 603 3410 dant
658 3354 960 3429 Scripturis
985 3401 1003 3427 ,
1039 3378 1202 3434 quam
1240 3380 1270 3419 a
1302 3375 1466 3421 sectae
1510 3367 1616 3422 sibi
1649 3377 1803 3438 grato
1835 3370 2043 3427 honore

410 3444 421 3452 ’
465 3445 859 3514 traducantur,
888 3459 943 3506 et
971 3467 1002 3506 a
1053 3454 1215 3525 vulgo
1243 3454 1447 3525 jactata
1479 3458 1533 3512 in
1575 3474 1764 3514 eorum
1793 3462 2042 3519 ecclesiis

471 3536 644 3603 prima
670 3537 823 3604 sede,
851 3549 1075 3611 propter
1104 3559 1292 3614 quam,
1325 3547 1475 3602 illum
1507 3564 1725 3620 quoque
1764 3554 2037 3609 convivia—

471 3630 605 3693 lem,
648 3631 702 3687 in
740 3633 833 3688 illa
869 3651 992 3706 quae
1038 3635 1177 3692 falso
1208 3632 1440 3695 nomine
1489 3643 1794 3713 appellatur
1837 3661 2038 3718 agape,

468 3721 703 3790 primum
746 3725 1059 3780 accubitum
1103 3729 1530 3798 amplectuntur.
1576 3730 1707 3799 Qua:
1747 3742 1832 3787 est
1862 3746 2039 3791 autem

468 3819 611 3888 apud
639 3836 740 3877 nos
765 3822 971 3892 agnitio
1000 3824 1274 3889 veritatis,
1308 3834 1366 3877 ut
1402 3840 1466 3880 ex
1498 3827 1565 3882 iis
1593 3844 1715 3899 qua:
1738 3828 1852 3896 jam
1880 3829 2039 3885 ﬁdem

468 3910 859 3977 obtinuerunt,
913 3914 983 3970 iis
1031 3931 1155 3986 quae
1194 3917 1433 3972 nondum
1484 3920 1640 3974 ﬁdem
1686 3922 2043 3977 obtinuerunt

470 4002 603 4059 ﬁdes
634 4005 919 4073 habeatur,
952 4007 1145 4075 eﬂicit;
1179 4026 1301 4080 quzn
1335 4011 1552 4080 quidem
1581 4022 1667 4067 est
1689 4014 1948 4075 essentia,
1979 4023 2042 4071 ut

470 4097 541 4150 ita
569 4097 768 4161 dicam,
800 4098 1307 4159 demonstrationis.
1339 4102 1444 4159 Sed
1477 4107 1679 4169 omnis,
1703 4114 1762 4160 ut
1804 4107 2035 4171 videtur,

469 4186 693 4245 haeresis
742 4190 811 4246 ab
842 4191 995 4248 initio
1039 4192 1203 4249 habet
1236 4210 1399 4251 aures
1429 4212 1550 4267 qua:
1586 4212 1695 4251 non
1729 4198 1959 4255 audiunt
1985 4201 2037 4255 id

471 4285 530 4344 qs
548 4281 694 4352 quod
719 4292 803 4339 est
833 4284 1086 4347 utile,sed
1120 4289 1295 4342 solum
1332 4294 1520 4358 patent
1544 4288 1613 4343 iis
1635 4304 1756 4358 quae
1781 4289 2039 4345 dicuntur

467 4373 535 4429 ad
560 4375 914 4447 voluptatem.
963 4376 1099 4433 Nam
1146 4387 1374 4436 curatus
1424 4380 1614 4451 utique
1655 4389 1803 4437 esset
1843 4397 2035 4438 eorum

610 4538 670 4596 Et
714 4531 773 4588 P.
811 4533 935 4597 895,
970 4532 1080 4591 ED.
1115 4533 1417 4600 POTTER,
1460 4536 1565 4590 760
1600 4535 1708 4617 Ep.
1746 4537 1969 4595 PARIS.

537 4686 649 4761 (95)
685 4688 1017 4761 Αίροῦνται.
1048 4690 1289 4746 ῐι-ειιιαιιιε
1338 4689 1435 4744 lib.
1477 4705 1560 4751 ιιι,
1593 4706 1716 4761 cap.
1746 4690 2025 4748 2.xUnus-

467 4760 699 4831 quisque
727 4760 873 4815 enim
907 4760 1504 4831 ipsorumomnimodo
1532 4760 1823 4831 pervorsus
1848 4771 2043 4819 semet-

468 4829 647 4902 ipsum
680 4829 936 4902 regulam
960 4830 1209 4885 veritatis
1248 4829 1556 4902 depravans
1596 4834 1895 4902 prmdicare
1927 4848 2041 4888 non

466 4899 843 4955 confunditur.
881 4900 1016 4954 Cum
1051 4913 1232 4955 autem
1269 4899 1338 4954 ad
1367 4916 1488 4956 eam
1516 4899 1772 4959 itinerum
1800 4904 2044 4960 traditio-

467 4986 612 5043 nem,
655 4986 776 5038 quae
804 4979 888 5025 est
916 4970 986 5043 ab
1026 4971 1311 5043 apostolis,
1343 4987 1467 5040 quae
1514 4989 1611 5043 per
1659 4976 2041 5031 successiones

465 5042 908 5114 presbyterorum
941 5041 996 5095 in
1025 5041 1648 5114 Ecclesiiscustoditur,
1679 5061 2040 5114 provocamus

464 5128 594 5179 eos;
626 5110 990 5169 adversantur
1022 5110 1330 5172 traditioni,
1359 5113 1604 5169 dicentes
1635 5110 1695 5169 se
1725 5131 1835 5169 non
1861 5115 2037 5170 solum

464 5183 826 5255 presbyteris,
860 5182 953 5237 sed
985 5183 1152 5255 etiam
1187 5184 1452 5255 apostolis
1473 5185 1804 5255 exsistentes
1829 5186 2041 5255 sapien-

465 5252 655 5315 tiores,
693 5254 986 5327 sinceram
1046 5252 1325 5307 invenisse
1382 5254 1683 5327 veritatem.
1745 5252 2040 5327 Apostolus

462 5325 609 5380 enim
642 5322 1005 5378 admiscuissc
1037 5338 1126 5395 ea.
1161 5337 1283 5391 quia:
1327 5334 1455 5378 sunt
1487 5325 1703 5395 legalia,
1738 5322 2040 5383 salvatoris

462 5395 646 5467 verbis
678 5412 690 5446 :
739 5401 794 5448 et
826 5408 935 5467 non
971 5393 1147 5467 solum
1185 5396 1486 5467 apostolos.
1523 5393 1618 5451 sed
1660 5397 1825 5451 etiam
1859 5398 2036 5467 ipsum

461 5462 952 5536 Dominumvmodo
992 5462 1262 5536 quidema
1299 5462 1615 5536 Demiurgo,
1646 5468 1809 5521 modo
1855 5462 2038 5522 autem

464 5550 494 5586 a
528 5532 839 5594 medietate,
888 5533 1163 5587 interdum
1195 5542 1377 5589 autem
1414 5533 1445 5589 ὁ
1488 5532 1801 5592 summitate
1842 5536 2040 5592 fecisse

464 5618 746 5658 sermones
771 5620 786 5657 :
823 5617 882 5656 se
904 5619 1036 5658 vero
1064 5604 1394 5671 indubitate,
1418 5612 1472 5661 et
1500 5607 1951 5672 inrontaminate,
1984 5616 2039 5663 et

464 5672 1095 5747 sincereabscopditum
1123 5674 1267 5730 scire
1295 5678 1639 5747 mysterium.
1673 5696 1693 5730 ι

535 5741 652 5817 (94)
681 5744 835 5813 Πρὸς
861 5743 969 5798 ἔτι.
1007 5742 1100 5800 Vel
1131 5741 1426 5818 coniuncte
1455 5747 1705 5820 προσέτι.

2144 3199 2242 3270 τῆς
2281 3200 2633 3272 ψευδωνύμου
2668 3203 2887 3272 ἀγάπης
2923 3202 3318 3274 πρωτοκλισίαν
3357 3204 3721 3268 ἀσπάζονται.

2151 3288 2218 3345 Ἦ
2247 3294 2378 3364 παρ’
2399 3295 2533 3364 ἡμῖν
2560 3292 2616 3347 δὲ
2642 3294 2738 3365 τῆς
2770 3294 3027 3364 ἀληθείας
3056 3294 3352 3363 ἐπίγνωσις
3377 3297 3442 3349 ἐκ
3471 3295 3579 3349 τῶν
3613 3296 3721 3368 ἤδη

2144 3383 2351 3439 πιστῶν
2375 3388 2485 3449 τοῖς
2501 3384 2653 3440 οὔπω
2674 3388 2885 3449 πιστοῖς
2903 3385 3011 3454 (97)
3028 3387 3375 3459 ἐκπορίξεται
3397 3387 3493 3459 τὴν
3511 3387 3720 3442 πίστινο

2141 3476 2263 3547 ἥτις
2276 3477 2455 3543 οὐσία,
2475 3478 2551 3542 ὡς
2569 3480 2763 3541 εἰπεῖν,
2783 3476 3108 3544 ἀποδείξεως
3123 3477 3465 3533 καθίσταται’
3485 3479 3623 3541 ἀλλ’,
3639 3479 3722 3544 ὡς

2141 3568 2336 3633 ἔοικεν,
2368 3572 2515 3624 πᾶσα
2544 3570 2775 3641 αἵρεσις,
2808 3570 2981 3643 ἀρχὴν
3009 3563 3124 3624 ὦτα
3152 3570 3422 3625 ἀκούοντα
3459 3570 3560 3625 οὐκ
3597 3571 3722 3642 ἔχει

2140 3662 2201 3714 τὸ
2232 3660 2526 3733 σύμφορον,
2558 3663 2716 3733 μόνον
2747 3662 2802 3716 δὲ
2833 3666 2946 3727 τοῖς
2994 3661 3129 3733 πρὸς
3178 3660 3367 3734 ἡδονὴν
3411 3663 3714 3733 ἀνεῳγότα.

2155 3753 2306 3807 Ἐπεὶ
2338 3754 2440 3808 κᾶν
2476 3753 2599 3825 ἰαθῇ
2639 3772 2724 3818 τις
2760 3754 2957 3815 αὐτῶν,
2990 3755 3039 3806 εί
3076 3752 3350 3808 πείθεσθαι
3379 3756 3444 3825 τῇ
3482 3752 3716 3825 ἀληθείᾳ

2149 3843 2308 3913 μόνον
2333 3842 2626 3914 ἠϐουλήθη.
2655 3843 2854 3914 Τριττὴ
2881 3842 2937 3895 δὲ
2972 3840 3235 3913 θεραπεία
3263 3841 3512 3910 οἰήσεως,
3545 3838 3721 3893 κα.θά-

2142 3948 2248 4004 περ
2280 3933 2374 3986 καὶ
2406 3933 2602 3996 παντὸς
2645 3931 2847 3994 πάθους
2866 3948 2879 3962 ·
2912 3930 3145 4003 μάθησίς
3174 3948 3233 3983 τε
3266 3929 3361 3987 τοῦ
3414 3930 3589 3982 αἰτίου
3620 3930 3718 3982 καὶ

2140 4024 2201 4077 τὸ
2236 4025 2352 4088 πῶς
2386 4024 2450 4078 ἂν
2484 4023 2786 4094 ἐξαιρεθείη
2824 4023 3013 4077 τοῦτο·
3048 4024 3141 4078 καὶ
3178 4024 3357 4095 τρίτον
3395 4024 3429 4093 ἡ
3479 4022 3719 4091 ἄσκησις

2139 4115 2238 4185 τῆς
2262 4114 2459 4185 ψυχῆς,
2495 4116 2587 4169 καὶ
2614 4117 2641 4169 ὁ
2671 4114 2891 4185 ἐθισμὸς
2923 4114 3060 4185 πρὸς
3101 4115 3211 4177 τοῖς
3240 4112 3506 4187 κριθεῖσιν
3537 4111 3718 4182 ὀρθῶς

2141 4204 2279 4275 ἔχων
2326 4205 2433 4277 (98)
2468 4204 2780 4259 ἀκολουθεῖν
2820 4204 3097 4259 δύνασθαι.
3148 4203 3234 4266 Ὦς
3278 4201 3389 4274 γάρ
3436 4200 3717 4271 ὀφθαλμὸς

2138 4296 2558 4368 τεταραγμένος,
2592 4296 2734 4351 οῦτω
2761 4297 2854 4351 καὶ
2884 4296 3080 4368 ἡψυχὴ
3108 4298 3222 4361 τοῖς
3249 4293 3399 4367 παρά
3430 4293 3590 4363 φύσιν
3620 4290 3713 4344 θο-

2138 4384 2372 4441 λωθεῖσα
2405 4387 2688 4459 δόγμασιν,
2718 4388 2816 4458 οὐχ
2844 4388 2931 4441 οἷα
2969 4404 3029 4441 τε
3063 4385 3125 4441 τὸ
3164 4384 3280 4456 φῶς
3318 4386 3417 4456 τῆς
3456 4381 3714 4454 ἀληθείας

2211 4692 2346 4765 (95)
2366 4692 2477 4765 Τοῦ
2504 4691 2739 4765 δοκεῖν.
2766 4690 3021 4765 Alligere
3056 4690 3278 4765 videtur
3318 4690 3387 4746 ad
3421 4691 3708 4765 vulgatam

2146 4760 2646 4833 illam'Amphiarai
2674 4763 2816 4833 apud
2847 4760 3168 4833 IEschylum
3197 4760 3576 4833 sententiam}

2253 4835 2335 4887 Οὐ
2492 4831 2694 4903 δοκεῖν
2710 4827 2978 4900 ὄριστος.
2996 4827 3140 4903 ἀλλ’
3164 4827 3317 4903 εἶναι
3350 4830 3530 4886 θέλει.

2198 4898 2328 4974 ’(96)
2364 4898 2588 4974 Πάντα.
2636 4898 2834 4957 Suidas
2872 4922 2898 4974 :7
2928 4901 3113 4974 Πάντα
3152 4901 3331 4974 κάλων
3360 4904 3562 4974 σείεινζ
3609 4920 3710 4956 πα-

2172 4971 2332 5045 ιοὲμία
2355 4974 2447 5027 ἐπῖ
2470 4973 2579 5027 τῶν
2601 4974 2748 5057 πάσῃ
2774 4973 3050 5058 προθυμίᾳ
3078 4973 3394 5045 χρωμένων.
3423 4971 3709 5044 Παρῆκται

2172 5045 2198 5098 ὲ
2234 5044 2341 5097 ἀπδ
2374 5044 2482 5097 τῶν
2512 5043 2590 5116 τά
2606 5046 2827 5116 ἀρμεν-αῇ
2847 5044 3151 5116 χαλωντων.
3184 5062 3203 5093 ι
3238 5042 3467 5116 Omnem
3501 5042 3708 5116 ruden-

2142 5124 2253 5169 tem
2280 5129 2520 5169 movere.
2570 5102 2924 5168 Proverbiu'm
2959 5114 3027 5168 de
3060 5114 3148 5174 iis,
3188 5114 3283 5182 qui
3324 5117 3475 5168 omni
3520 5112 3705 5169 studio

2143 5185 2199 5240 in
2229 5185 2419 5255 aliqua.
2444 5200 2504 5239 re
2531 5185 2833 5255 elaborant.
2882 5182 3053 5255 Dueta
3081 5192 3172 5255 est
3190 5186 3507 5255 metaphora
3540 5183 3706 5255 ab_il-

2142 5255 2233 5316 lis.
2261 5253 2353 5325 qui
2385 5255 2505 5325 vela
2534 5254 2848 5325 demittunt.
2892 5272 2911 5304 ι
2957 5253 3115 5309 Conf.
3144 5253 3323 5310 Julius
3343 5253 3575 5321 Pollux,
3601 5253 3705 5308 Fa-

2140 5323 2387 5382 vorinus.
2422 5324 2594 5378 Index
2622 5323 2857 5381 σείει-ιη.
2894 5333 3001 5378 etc.

2212 5394 2486 5467 (97)]‘079
2508 5396 2671 5448 οὔπω
2706 5394 2964 5467 πιστοῖς.
3010 5390 3286 5467 Scriptum
3326 5403 3414 5453 est
3452 5397 3509 5467 in
3551 5394 3696 5451 Flor.

2138 5463 2251 5531 τοῖς
2284 5463 2427 5520 οὕτω
2470 5469 2701 5529 πιστοῖς.
2752 5463 2860 5519 Sed
2906 5466 3110 5520 rectius
3141 5463 3213 5521 7C.
3253 5471 3368 5532 τοῖς
3406 5465 3558 5521 οὔπω
3609 5482 3702 5519 πι-

2141 5542 2306 5601 στοῖς,
2338 5545 2400 5590 ιιι
2425 5536 2694 5605 interpres
2721 5551 2961 5606 quoque,
2991 5536 3089 5592 uiis
3113 5552 3235 5604 quae
3256 5539 3501 5594 nondum
3517 5536 3700 5593 credi-

2137 5607 2287 5663 bilia.
2302 5626 2320 5657 ι
2352 5607 2615 5661 Susum}.

2209 5677 2321 5752 (98)
2359 5676 2566 5752 Ὀρθῶς
2585 5678 2758 5752 ἔχων.
2784 5675 3008 5752 Rectius
3035 5676 3098 5733 ll.
3124 5678 3298 5752 όρθῶς
3321 5677 3491 5752 ἔχειν1
3521 5695 3541 5727 ι
3562 5686 3708 5752 recte

2138 5748 2394 5804 habere.»
2417 5747 2678 5803 Surena.
2722 5747 2926 5819 Ὀρθῶς
2960 5748 3099 5819 ἔχειν
3139 5747 3302 5806 liabet
3330 5747 3434 5807 ius.
3462 5747 3639 5806 Paris.
