4016 6308
126 356 266 413 541

1434 356 1761 415 STROMA'I‘
1770 356 1864 414 ΗΜ
1904 356 2035 416 LIB.
2070 355 2183 416 VII.

3337 357 3442 417 σιξ

125 473 251 537 τὸς
378 480 443 530 τὰ
474 473 786 544 γνωσθέντα
815 478 1013 529 ποιεῖν’
1043 473 1166 529 οὔτε
1198 475 1294 530 καὶ
1323 456 1531 548 κρίνειν
1561 477 1622 532 τὸ
1649 475 1766 531 δέον

1869 474 1936 531 ad
1952 470 2202 545 magistri
2230 472 2543 544 imaginem,
2557 472 2701 532 Deus
2730 472 2786 531 in
2813 489 2981 532 carne
2996 481 3266 531 versatur.
3289 471 3444 529 Hanc

132 565 415 636 ἰσχύων,
447 567 735 639 ἄμεμπτον
765 568 955 622 ἑαυτὸν
982 568 1299 640 παράσχοιτ’
1330 569 1398 624 ἂν
1440 571 1499 624 ὲν
1528 573 1640 634 τοῖς
1678 568 1771 642 ἔρ-

131 671 293 724 γοις
328 657 663 724 ὲξασθενῶν.
710 657 1042 724 Ἀκολούθως
1072 660 1252 713 τοίνυν
1275 660 1367 715 δύο
1395 660 1471 733 τῷ
1499 661 1646 730 γένει
1673 660 1770 716 καὶ

134 749 434 805 παιδεῖαι
458 750 839 823 παραδίδονται
870 751 1167 823 πρόσφοροι
1196 753 1430 825 ἑκατέρᾳ
1456 752 1561 807 τῶν
1585 754 1768 824 ἁμαρ-

132 838 305 893 τιῶν
331 853 357 871 ο
382 842 452 911 τῇ
490 841 589 912 μὲν
613 842 646 912 ἡ
673 840 873 910 γνῶσίς
900 859 959 895 τε
986 843 1080 895 καὶ
1111 844 1145 914 ή
1184 843 1282 914 τῆς
1318 845 1382 897 ἐκ
1412 843 1518 897 τῶν
1540 843 1769 916 Γραφῶν

135 932 505 1003 μαρτυρίας
531 932 767 1005 ἐναργὴς
797 932 909 1005 (20)
940 934 1235 1002 ἀπόδειξις,
1266 939 1331 1008 τῇ
1359 936 1414 988 δὲ
1444 938 1475 1007 ή
1503 936 1643 990 κατά
1668 936 1770 989 Λό-

64 1038 257 1091 -ηγον
302 1023 576 1097 ἄσκησις,
617 1026 680 1078 ὲκ
702 1026 943 1091 πίστεώς
974 1045 1032 1081 τε
1061 1028 1155 1082 καὶ⁸
1191 1028 1355 1097 φόϐου
1395 1028 1772 1097 παιδαγωγου-

137 1115 347 1188 μένη.
393 1117 600 1187 ’Ἄμφω
630 1116 674 1169 δ’
704 1119 784 1181 είς
812 1118 911 1190 τὴν
940 1119 1148 1172 τελείαν
1177 1120 1394 1191 ἀγάπην
1425 1119 1765 1186 συναύξουσι·

131 1207 331 1272 τέλος
356 1208 475 1281 γὰρ
497 1204 649 1280 οἶμαι
671 1208 764 1262 τοῦ
788 1210 1088 1279 γνωστικοῦ
1112 1210 1172 1264 τό
1197 1228 1260 1281 γε
1295 1209 1527 1265 ἐνταῦθα
1557 1211 1732 1265 διττόν
1751 1229 1765 1242 ·

135 1300 246 1368 ἐφ’
284 1293 379 1355 ὧν
412 1301 536 1373 μὲν,
563 1303 597 1373 ή
635 1300 837 1373 θεωρία
866 1304 899 1374 ἡ
946 1302 1359 1375 ὲπιστημονικὴ,
1400 1303 1484 1374 ἐφ’
1530 1297 1606 1357 ὧν
1642 1304 1696 1357 δὲ
1731 1306 1766 1376 ὴ

135 1390 417 1462 πρᾶξις.
453 1390 553 1462 Εἴη
584 1391 682 1462 μὲν
709 1387 803 1445 οὖν
834 1391 929 1444 καὶ
956 1391 1142 1445 τούσδε
1181 1392 1305 1456 τοὺς
1336 1393 1646 1464 αἱρετικοὺς
1670 1409 1771 1445 κα-

138 1499 222 1536 τα
230 1481 557 1553 μαθόντας,
576 1484 640 1535 ὲκ
652 1482 817 1536 τῶνδε
837 1482 944 1537 τῶν
965 1482 1372 1556 ὑπομνημάτων
1401 1483 1771 1555 σωφρονισθῆ-

138 1572 250 1626 ναί
294 1591 368 1627 τε
398 1573 499 1627 καὶ
532 1573 859 1645 ἐπιστρέψαι
899 1573 993 1627 ἐπὶ
1020 1574 1111 1628 τὸν
1146 1574 1563 1647 παντοκράτορα
1596 1572 1764 1628 Θεόνί

143 1666 205 1718 εί
241 1664 315 1718 δὲ
344 1665 613 1738 καθάπερ
646 1669 695 1719 οί
724 1666 899 1736 κωφοὶ
933 1666 1044 1738 (2i)
1076 1666 1182 1721 τῶν
1212 1667 1409 1736 ὄφεων,
1438 1666 1532 1720 τοῦ
1567 1666 1768 1731 καινῶς

144 1755 271 1826 μὲν
284 1756 626 1828 λεγομένου,
649 1756 1005 1829 ἀρχαιοτάτου
1027 1755 1101 1823 δὲ,
1124 1757 1197 1830 μὴ
1219 1760 1459 1812 ὲπαῖοιεν
1499 1758 1764 1831 ᾄσματος,

145 1846 529 1902 παιδευθεῖεν
558 1844 652 1902 οὖν
678 1850 815 1921 πρὸς
837 1848 930 1903 τοῦ
961 1849 1116 1913 Θεοῦ,
1151 1849 1248 1913 τὰς
1281 1847 1384 1922 πρὸ
1406 1849 1503 1921 τῆς
1533 1850 1771 1923 κρίσεως
1798 1832 1841 1892 Β

148 1940 455 2015 πατρῴας
478 1941 758 2006 νουθεσίας
785 1941 1163 2014 ὑπομένοντες,
1201 1940 1309 1995 ἔστ’
1340 1941 1406 1996 ἂν
1436 1960 1765 2015 καταισχυν-

150 2034 376 2098 θέντες
437 2034 841 2107 μετανοήσωσιν
872 2067 890 2093 ,
957 2030 1092 2085 ἀλλά
1142 2030 1217 2103 μὴ
1264 2033 1344 2096 είς
1381 2031 1478 2104 τὴν
1528 2034 1763 2106 παντελῆ

148 2125 452 2198 φέροντες
485 2125 709 2188 ἑαυτοὺς
746 2122 836 2178 διά
871 2122 972 2194 τῆς
1002 2122 1244 2193 ἀπηνοῦς
1275 2124 1557 2190 ἀπειθείας
1596 2126 1768 2197 ἐμϐά-

144 2214 321 2268 λοιεν
366 2214 585 2284 κρίσινί
624 2212 866 2267 Γίνονται
904 2212 1014 2283 γάρ
1056 2211 1149 2265 καὶ
1195 2212 1414 2283 μερικαί
1456 2230 1603 2278 τινες
1641 2231 1768 2268 παι-

150 2303 338 2368 δεῖαι,
380 2304 449 2367 ἀς
478 2302 729 2366 κολάσεις
761 2300 1135 2372 ὀνομάζουσιν,
1166 2301 1245 2364 εἰς
1274 2299 1340 2363 ἀς
1365 2299 1522 2372 ήμῶν
1554 2303 1602 2354 οἱ
1634 2299 1762 2354 πολ-

152 2393 251 2447 λοὶ
285 2394 409 2448 τῶν
448 2395 507 2447 ἐν
549 2392 955 2467 παραπτώματι
1004 2390 1310 2462 γενομένων
1367 2393 1432 2444 ὲκ
1489 2391 1582 2446 τοῦ
1633 2392 1763 2447 λαοῦ

150 2488 265 2540 τοῦ
296 2487 575 2560 κυριακοῦ
606 2485 1103 2548 κατολισθαίνοντες
1137 2485 1572 2556 περιπίπτουσιν.
1628 2486 1787 2541 Ἀλλί
1818 2492 1824 2499 ’

156 2583 246 2643 ὡς
298 2579 447 2651 πρὸς
490 2578 585 2632 τοῦ
635 2578 955 2632 διδασκάλου
1002 2578 1037 2651 ἢ
1088 2578 1179 2633 τοῦ
1214 2578 1422 2648 πατρὸς
1455 2578 1765 2656 οίῇπαῖδες,

160 2670 360 2734 οὕτως
392 2672 558 2741 ήμεῖς
589 2670 725 2741 πρὸς
757 2670 854 2740 τῆς
873 2670 1147 2741 Προνοίας
1173 2669 1531 2741 κολαζόμεθα.
1559 2666 1689 2736 Θεὸς
1710 2672 1766 2726 δὲ

74 2808 89 2825 ,
155 2764 230 2815 οὔ
265 2765 609 2835 τιμωρεῖται
642 2762 754 2833 (22)
778 2778 793 2791 ·
826 2761 941 2815 ἔστι
976 2761 1084 2834 γάρ
1126 2765 1159 2834 ή
1200 2763 1439 2835 τιμωρία
1467 2764 1639 2817 κακοῦ
1674 2766 1769 2819 ἀν-

159 2856 519 2920 ταπόδοσιςο
568 2855 789 2919 κολάζει
834 2854 1024 2926 μέντοι
1075 2856 1210 2927 πρὸς
1256 2855 1317 2909 τὸ
1363 2857 1631 2928 χρήσιμον
1672 2859 1768 2913 καὶ

159 2949 345 3017 κοινῇ
374 2947 470 2999 καὶ
505 2946 611 3018 ἰδία
632 2947 745 3010 τοῖς
774 2942 1177 3014 κολαζομένοις.
1204 2944 1373 2998 Ταυτὶ
1409 2944 1505 3016 μὲν
1537 2946 1769 3019 ἀποτρέ-

160 3041 279 3111 ψαι
329 3038 655 3110 βουλόμενος
694 3036 795 3107 τῆς
840 3038 919 3101 είς
961 3036 1060 3099 τάς
1100 3034 1341 3107 αἱρέσεις
1386 3037 1768 3108 εὐεμπτωσίας

156 3136 309 3198 τοὺς
342 3129 800 3202 φιλομαθοῦντας,
830 3127 1148 3200 παρεθέμην
1175 3144 1190 3158 ·
1220 3129 1342 3193 τοὺς
1368 3128 1424 3183 δὲ
1451 3130 1547 3201 τῆς
1574 3131 1767 3183 ἐπιπο-

160 3224 483 3294 λαζούσης,
518 3221 629 3275 εἴτε
656 3220 897 3292 ἀμαθίας
930 3220 1038 3273 εἴτε
1072 3220 1420 3293 ἀϐελτηρίας,
1455 3221 1566 3274 εἴτε
1602 3239 1766 3294 καχε-

172 3316 328 3381 ξίας,
362 3314 471 3368 εἴθ’
493 3314 524 3367 ὃ
548 3330 599 3366 τι
625 3312 825 3383 δήποτε
855 3312 961 3383 χρὴ
1005 3310 1186 3364 καλεῖν
1231 3312 1419 3383 αὐτὴν,
1455 3312 1768 3368 ἀποπαῦσαι

166 3408 541 3478 γλιχόμενος,
575 3406 901 3476 μεταπεῖσαι
928 3402 983 3455 δὲ
1027 3403 1123 3457 καί
1153 3408 1520 3475 προσαγαγεῖν
1547 3407 1613 3477 τῇ
1642 3405 1772 3477 άλη-

175 3498 332 3570 θείᾳ,
362 3496 497 3562 τούς
527 3514 594 3566 γε
646 3496 721 3568 μὴ
769 3495 1114 3550 παντάπασιν
1160 3497 1428 3563 ἀνιάτους,
1453 3498 1765 3571 ἐπιχειρῶν,

173 3590 365 3645 τοῖσδε
406 3588 834 3660 συνεχρησάμην
875 3590 989 3653 τοῖς
1017 3587 1213 3657 λόγοις.
1256 3590 1379 3642 Εἰσὶ
1416 3591 1526 3662 γάρ
1564 3590 1613 3643 οἳ
1647 3590 1769 3645 οὐδὲ

175 3684 484 3754 ἀνέχονται
510 3681 610 3753 τήν
638 3681 813 3753 ἀρχὴν
853 3681 1155 3735 ἐπακοῦσαι
1190 3680 1298 3736 τῶν
1339 3682 1475 3754 πρὸς
1513 3682 1609 3755 τήν
1646 3684 1772 3755 ἀλή-

175 3773 345 3830 θειαν
381 3772 828 3846 προτρεπόντων,
872 3771 969 3826 καὶ
1006 3772 1070 3844 δὴ
1113 3773 1373 3846 φλυαρεῖν
1413 3774 1767 3847 ἐπιχειροῦσι,

178 3865 555 3936 βλασφήμους
586 3863 684 3934 τῆς
717 3862 976 3932 ἀληθείας
1011 3863 1370 3934 καταχέοντες
1408 3864 1618 3935 λόγους,
1652 3866 1772 3936 σφί-

181 3976 273 4013 σιν
310 3959 504 4020 αὐτοῖς
530 3955 598 4009 τά
629 3956 863 4027 μέγιστα
899 3956 1008 4009 τῶν
1046 3956 1215 4011 ὄντων
1243 3957 1538 4026 ἐγνωκέναι
1568 3976 1774 4030 συγχω-

185 4050 440 4125 ροῦντες,
471 4048 533 4102 οὑ
554 4046 840 4119 μαθόντες,
860 4048 920 4101 οὐ
946 4047 1300 4121 ζητήσαντες,
1330 4050 1390 4103 οὐ
1421 4050 1769 4118 πονέσαντες,

182 4144 291 4214 οὐχ
322 4139 577 4212 εὑρόντες
604 4138 703 4210 τὴν
746 4138 1063 4193 ἀκολουθίαν
1086 4156 1099 4169 ·
1144 4138 1237 4204 οὓς
1280 4139 1552 4211 ἐλεήσειεν
1584 4142 1651 4195 ἄν
1687 4160 1772 4207 τις

184 4234 221 4306 ἢ
252 4234 546 4306 μισήσειεν
571 4230 671 4303 τῆς
695 4228 950 4300 τοιαύτης
970 4231 1321 4304 διαστροφῆς.
1351 4234 1413 4286 Et
1446 4234 1503 4287 δέ
1527 4250 1610 4297 τις
1645 4233 1776 4288 ἰάσι-

191 4344 299 4398 μος
331 4324 610 4394 τυγχάνει,
658 4322 844 4395 φέρειν
885 4323 1177 4394 δυνάμενος
1216 4325 1292 4390 ὠς
1325 4324 1436 4398 πῦρ
1480 4326 1513 4398 ἢ
1558 4327 1775 4399 σίδηρον

189 4420 301 4489 τῆς
328 4415 590 4489 ἀληθείας
613 4415 711 4487 τὴν
750 4417 1087 4489 παρρησίαν,
1122 4418 1557 4489 ἁποτέμνουσαν,
1599 4420 1777 4473 καίου-

1867 581 1999 637 ergo
2024 565 2368 620 altitudinem
2396 565 2623 621 minime
2659 578 3048 639 assequuntur,
3077 566 3170 637 qui
3200 582 3313 621 non
3349 582 3440 623 se-

1866 666 2113 728 quuntur
2136 654 2306 712 Deum
2324 671 2418 713 eos
2438 657 2760 726 ducentem;
2778 660 2930 715 ducit
2959 670 3137 714 autem
3163 674 3260 730 per
3286 640 3466 714 Serio.

1868 756 2056 818 pturas
2083 746 2343 803 divinitus
2376 748 2688 818 inspiratas.
2712 747 2777 802 Et
2793 764 2914 803 cum
2933 750 3045 804 sint
3066 748 3443 803 innumerabi—

1866 841 1940 895 lia
1973 855 2093 910 quae
2120 838 2257 894 ﬁunt
2278 840 2348 893 ah
2367 839 2700 905 hominibus,
2717 850 2842 897 sunt
2860 841 3048 912 utique
3068 842 3175 896 duo
3197 841 3442 910 cujusvis

1866 931 2074 1003 peccati
2098 931 2385 1002 principia,
2406 933 2676 1003 ignoratio
2699 941 2753 988 ct
2771 933 3116 988 imbecillitas
3136 954 3149 989 :
3167 942 3439 988 estautem

1873 1029 1931 1088 >14
1961 1033 2249 1093 utrumque
2272 1023 2328 1078 in
2371 1031 2561 1078 nostra
2594 1031 2879 1094 potestate,
2928 1040 3052 1079 cum
3075 1040 3177 1080 nec
3208 1025 3442 1080 velimus

1867 1114 2115 1179 discere,
2146 1129 2248 1170 nec
2282 1115 2639 1186 cupiditatem
2669 1116 2972 1172 continere.
2999 1115 3078 1171 Ex
3106 1117 3192 1172 his
3225 1124 3434 1180 autem,

1867 1220 2036 1260 unum
2062 1205 2224 1260 eﬁicit
2252 1214 2313 1260 nt
2338 1221 2448 1260 non
2471 1215 2620 1262 recte
2645 1207 2912 1276 judicent,
2943 1208 3174 1263 alterum
3205 1221 3355 1271 vero,
3379 1212 3444 1261 ut

1866 1311 1977 1351 non
1999 1298 2210 1365 possint
2231 1296 2459 1367 exsequi
2488 1311 2610 1366 qua:
2640 1303 2789 1351 recte
2817 1304 2946 1352 sunt
2966 1297 3234 1368 judicata.
3253 1295 3442 1367 Neque

1865 1389 2010 1443 enim
2062 1388 2109 1443 si
2160 1388 2284 1458 quis
2325 1386 2491 1443 fuerit
2539 1387 2803 1459 deceptus
2853 1390 2909 1444 in
2957 1390 3259 1455 sententia,
3293 1398 3443 1446 recte

1866 1495 2026 1551 agere
2052 1480 2284 1551 poterit,
2321 1479 2485 1535 etiam
2532 1481 2580 1537 si
2611 1482 2683 1536 sit
2725 1482 2860 1537 satis
2892 1492 3087 1553 potens
3129 1491 3187 1537 ut
3214 1489 3339 1553 agat
3374 1497 3442 1536 ea

1865 1587 1987 1644 quae
2031 1572 2234 1628 fuerint
2273 1573 2494 1644 cognita
2538 1588 2553 1626 :
2593 1590 2771 1644 neque
2812 1575 2906 1646 qui
2958 1583 3140 1646 potest
3188 1575 3243 1631 id
3294 1575 3441 1646 quod

1865 1674 2079 1736 oportet
2095 1664 2369 1737 judicare,
2401 1681 2460 1721 se
2482 1665 2553 1720 ab
2580 1669 2729 1721 omni
2758 1667 3185 1738 reprehensione
3203 1667 3439 1723 alienum

1865 1757 2164 1829 praebebit,
2205 1757 2253 1814 si
2282 1758 2350 1813 ad
2380 1774 2468 1814 res
2496 1758 2765 1829 gerendas
2792 1759 2875 1815 sit
2910 1761 3202 1831 impotens.
3232 1759 3441 1815 Conse-

1868 1856 2100 1920 quenter
2146 1864 2276 1920 ergo
2323 1848 2445 1906 dum
2486 1866 2705 1921 quoque
2745 1866 2945 1923 genere
2990 1851 3297 1923 disciplinae
3325 1859 3440 1905 tra-

1867 1940 2075 1997 duntur
2113 1941 2330 2012 utrique
2360 1951 2586 2013 peccato
2618 1943 2781 1998 utiles
2809 1957 2825 1995 :
2857 1943 2936 1998 illi
2974 1944 3190 2014 quidem
3210 1983 3225 2007 ,
3255 1943 3443 2013 cogni-

1867 2033 1964 2097 tio,
1989 2040 2043 2087 et
2074 2048 2142 2088 ex
2172 2030 2581 2103 Scripturarum
2610 2033 3183 2089 testimonioevidens
3214 2033 3443 2089 demon-

1867 2124 2102 2191 stratio;
2170 2124 2303 2180 huic
2362 2140 2533 2189 vero,
2590 2141 2713 2195 quae
2758 2134 2843 2181 est
2895 2125 3196 2181 secundum
3253 2123 3441 2197 Logon

1865 2216 2217 2280 exercitatio,
2268 2231 2389 2287 quae
2410 2233 2509 2288 per
2539 2215 2698 2272 ﬁdem
2727 2224 2780 2273 et
2805 2217 3057 2272 timorem
3109 2216 3438 2274 instituitur.

1866 2308 2133 2363 Crescunt
2174 2316 2354 2364 autem
2388 2310 2549 2365 ambo
2588 2310 2754 2365 simul
2788 2311 2843 2365 in
2872 2308 3170 2380 perfectam
3200 2309 3443 2364 charita-

1869 2409 1997 2456 tem.
2045 2399 2291 2456 Gnostici
2334 2401 2478 2456 enim
2541 2409 2625 2458 est
2653 2402 2741 2457 hic
2764 2403 3020 2474 quidem,
3070 2409 3129 2457 ut
3177 2402 3438 2467 arbitror,

1866 2494 2062 2566 duplex
2095 2494 2220 2550 ﬁnis
2249 2513 2261 2550 :
2289 2495 2345 2548 in
2378 2493 2654 2564 aliquibus
2682 2493 2926 2564 quidem,
2956 2494 3343 2565 contemplatio
3371 2508 3439 2550 ex

1868 2586 2128 2654 scientia;
2166 2586 2223 2640 in
2248 2586 2371 2641 aliis
2393 2602 2553 2651 vero,
2600 2586 2765 2641 actio.
2826 2585 2914 2641 Ac‘
2943 2586 3148 2641 utinam
3189 2583 3302 2640 tieri
3338 2601 3439 2656 po-

1868 2678 2070 2742 tuerit,
2108 2684 2167 2731 ut
2214 2676 2271 2731 hi
2318 2678 2557 2734 hatretici
2584 2718 2600 2744 ,
2651 2678 2702 2734 si
2749 2693 2870 2748 qua:
2916 2677 2972 2732 in
3016 2677 3103 2733 his
3146 2677 3443 2733 traduntur

1868 2768 2278 2824 commentariis
2320 2767 2648 2834 didicerint,
2699 2770 3082 2841 corrigantur,
3129 2777 3183 2825 et
3211 2783 3442 2824 conver-

1868 2868 2054 2915 tantur
2069 2861 2137 2916 ad
2156 2860 2325 2918 Deum
2353 2862 2780 2932 omnipotentem
2807 2876 2821 2913 :
2854 2862 2939 2916 sin
2967 2867 3148 2915 autem
3176 2867 3438 2930 tanquam

1868 2953 2021 3008 surdi
2050 2960 2331 3023 serpentes
2363 2953 2529 3025 (quod
2562 2969 2703 3010 nove
2731 2953 2951 3024 quidem
2982 2951 3208 3017 dicitur,
3231 2959 3318 3006 est
3348 2967 3443 3007 au-

1870 3054 1977 3101 tem
2028 3045 2552 3118 antiquissimum),
2599 3061 2706 3101 non
2739 3045 3034 3101 exaudiant
3063 3045 3373 3108 canticum,
3408 3058 3440 3099 α

1870 3137 1979 3193 Deo
2016 3145 2163 3193 certe
2192 3138 2551 3208 castigentur,
2589 3146 2844 3208 paternas
2880 3136 3276 3193 admonitiones
3319 3152 3443 3207 qua:

1868 3241 1995 3286 ante
2029 3230 2301 3300 judicium
2347 3230 2484 3284 ﬁunt
2532 3230 2801 3301 patienter
2846 3228 3223 3295 sustinentes,
3263 3228 3441 3285 donec

1866 3322 2072 3393 pudore
2102 3322 2277 3379 aﬁ‘ecti
2310 3322 2585 3377 ducantur
2618 3321 2937 3393 paenitentia
2959 3341 2973 3377 :
2999 3338 3107 3376 non
3137 3328 3318 3377 autem
3344 3335 3446 3393 per

1865 3414 2158 3469 immanem
2192 3414 2617 3470 inobedientiam
2667 3414 2880 3484 seipsos
2916 3411 3164 3480 injiciant
3211 3413 3266 3466 in
3312 3428 3440 3482 per-

1866 3504 2069 3560 fectum
2128 3504 2433 3575 judicium!
2490 3504 2631 3559 Sunt
2679 3506 2825 3560 enim
2875 3505 3122 3575 quaedam
3183 3504 3445 3574 partiales

1868 3596 2195 3668 disciplinae,
2213 3613 2352 3667 quas
2371 3605 2571 3651 vocant
2598 3596 3012 3668 castigationes,
3035 3597 3090 3650 in
3114 3610 3253 3666 quas
3281 3595 3440 3649 multi

1867 3703 1935 3744 ex
1962 3688 2169 3745 nostris
2196 3689 2290 3759 qui
2320 3689 2376 3743 in
2405 3688 2605 3742 delicto
2633 3687 2883 3751 fuerunt,
2914 3703 2981 3741 ex
3022 3686 3223 3757 populo
3252 3684 3439 3739 Domi-

1867 3780 1993 3834 nico
2037 3780 2341 3836 dilabentes
2390 3778 2660 3839 incidunt.
2706 3777 2907 3833 Verum
2941 3777 3084 3833 sicut
3116 3791 3146 3831 a
3182 3778 3445 3847 magistro

1870 3872 1955 3927 vel
1980 3879 2133 3942 patre
2163 3871 2356 3942 pueri,
2398 3871 2473 3925 ita
2504 3871 2969 3941 noscastigamur
3002 3885 3031 3924 a
3056 3869 3221 3942 325
3254 3868 3447 3925 Provi-

1870 3962 2074 4019 dentia.
2117 3963 2263 4019 Deus
2289 3971 2471 4020 autem
2500 3978 2610 4017 non
2650 3963 2810 4033 punit
2851 3962 2957 4031 (est
2997 3964 3143 4018 enim
3193 3962 3441 4033 punitio,

1871 4057 2000 4114 mali
2042 4056 2350 4129 redditio),
2393 4057 2626 4128 castigat
2672 4064 2855 4111 autem
2907 4063 2963 4112 et
2993 4057 3359 4113 communiter
3389 4065 3445 4112 et

1872 4148 2128 4217 privatim
2169 4148 2237 4202 ad
2276 4149 2565 4204 utilitatem
2594 4164 2783 4204 eorum
2816 4149 2909 4217 qui
2949 4149 3267 4220 puniuntur.
3317 4147 3446 4204 Haec

1871 4239 2091 4309 quidem
2121 4238 2319 4297 adduxi
2342 4280 2358 4304 ,
2389 4241 2588 4310 partim
2621 4241 2766 4311 quod
2797 4242 2989 4297 vellem
3020 4240 3295 4297 adhortari
3329 4250 3447 4297 stu-

1871 4329 2058 4384 diosos
2102 4344 2170 4383 ne
2211 4328 2371 4386 facile
2414 4331 2770 4400 prolabantur
2815 4331 2873 4385 in
2921 4330 3194 4397 haereses;
3247 4332 3445 4402 partim

1874 4428 2057 4476 autem
2080 4428 2137 4476 ut
2165 4421 2233 4476 ab
2261 4422 2363 4478 hac
2385 4438 2507 4493 quae
2536 4423 2787 4478 consistit
2816 4422 2871 4476 in
2900 4422 3188 4492 superﬁcie
3217 4422 3331 4478 sive
3360 4423 3447 4479 in-

194 4526 305 4564 σαν
336 4507 440 4571 τὰς
464 4506 680 4577 ψευδεῖς
715 4507 871 4572 δόξας
910 4507 1111 4574 αὐτῶν,
1144 4510 1393 4581 ὑπεχέτω
1431 4511 1498 4565 τὰ
1535 4506 1651 4565 ὦτα
1678 4514 1770 4585 τῆς

1879 4514 2070 4583 scitia,
2113 4516 2228 4571 sive
2267 4516 2536 4580 stultitia,
2588 4517 2704 4572 sive
2749 4517 2892 4570 mala
2927 4515 3277 4581 habitudine,
3331 4516 3450 4573 sive

191 4601 402 4673 ψυχῆς.
433 4602 626 4655 Ἔσται
645 4600 700 4654 δὲ
730 4600 905 4666 τοῦτο,
939 4602 1034 4656 ὲάν
1063 4602 1158 4675 μὴ,
1186 4603 1452 4675 ῥᾳθυμεῖν
1484 4606 1775 4676 ἐπειγόμε-

194 4713 305 4759 νοι,
334 4691 743 4749 ἀποδιωθῶνται
766 4693 865 4766 τὴν
896 4693 1175 4766 ἀλήθειαν,
1210 4696 1266 4767 ἢ,
1298 4696 1457 4769 δόξης
1480 4697 1776 4770 ὀριγνώμε-

196 4805 306 4850 νοι,
338 4790 680 4858 καινοτομεῖν
730 4785 1054 4857 βιάζωνται’
1088 4786 1391 4859 ῥᾳθυμοῦσι
1428 4790 1524 4860 μὲν
1560 4791 1670 4862 γὰρ
1701 4793 1775 4854 oi,

199 4879 383 4952 παρὸν
404 4879 506 4944 τάς
530 4878 740 4941 οἰκείας
763 4880 882 4943 ταῖς
914 4877 1086 4943 θείαις
1117 4881 1360 4952 Γραφαῖς
1381 4880 1440 4945 ὲξ
1462 4882 1640 4935 αὐτῶν
1668 4882 1778 4937 τῶν

200 4973 241 5025 Γ
246 4971 438 5044 ραφῶν
470 4970 787 5042 πορίζεσθαι
814 4970 1133 5040 ἀποδείξεις,
1168 4972 1229 5026 τὸ
1260 4973 1519 5044 παράπαν
1546 4974 1641 5027 καὶ
1660 4977 1779 5037 ταῖς

206 5065 423 5135 ἡδοναῖς
458 5062 637 5119 αὐτῶν
658 5062 1080 5135 συναιρούμενον
1114 5064 1483 5136 ἐκλεγόμενοι.
1528 5065 1697 5138 Δόξης
1719 5066 1777 5119 δὲ

320 5249 382 5308 ᾖ
422 5241 485 5296 Ρ.
519 5240 645 5307 895,
679 5241 790 5298 E0.
831 5239 1129 5309 POTTER,
1168 5240 1270 5296 762
1309 5242 1416 5299 ΕΙ).
1459 5242 1685 5301 PARIS.

277 5399 392 5472 (29)
430 5397 924 5472 Ἐναργήςζῐηοτ.
964 5398 1217 5469 ἐνεργής,
1258 5413 1568 5469 perperam.
1613 5398 1774 5455 SYLB.

209 5469 311 5541 list.
343 5469 548 5533 Paris.,
576 5470 824 5541 ὲνεργῆς.

280 5540 492 5623 (21).οι
531 5535 734 5623 amico!)
761 5535 1120 5623 ise-lamin,
1153 5538 1208 5623 5',
1237 5535 1283 5623 6.
1314 5553 1351 5623 τ’
1372 5535 1554 5623 (iugi);
1598 5536 1780 5617 abso};

214 5606 353 5682 κατά
373 5606 481 5682 τὴν
526 5606 783 5682 ὁμοίωσιν
811 5608 904 5682 του
937 5609 1134 5682 δφεως,
1161 5606 1553 5682 ὡσεὶμάσπ-ίδος
1591 5606 1780 5682 κωφῆς

217 5681 305 5734 καὶ
334 5675 676 5769 βυοῦσηςᾲτά
701 5675 815 5734 ὦτα
839 5675 1046 5769 αὐτῆς-ι’
1094 5679 1217 5748 ἥτις
1261 5678 1362 5730 οὑκ
1406 5675 1783 5769 εἰσακούσεται

215 5745 397 5824 φωνὴν
444 5745 783 5824 ὲπᾷίδόντων,
839 5745 1128 5822 φαρμάκου
1170 5766 1226 5802 τε
1290 5745 1781 5821 φαρμακευομένου

396 5822 584 5894 σοφοῦ.

1876 4621 2202 4678 quocunque
2237 4608 2345 4662 alio
2377 4610 2600 4663 nomine
2627 4624 2744 4664 eam
2774 4622 2973 4663 vocare
2994 4615 3275 4677 oporteat,
3303 4605 3451 4663 desi-

1876 4708 2063 4762 stant,
2107 4699 2319 4756 elliccre
2344 4702 2604 4770 cupiens;
2653 4700 2848 4771 partim
2875 4715 3125 4771 quoque,
3174 4707 3233 4753 ut
3276 4714 3305 4752 a
3337 4700 3452 4769 pri-

1876 4792 2020 4848 stina
2053 4792 2322 4846 sententia
2360 4792 2731 4857 deducerem,
2777 4792 3104 4846 adducerem
3150 4798 3331 4845 autem
3381 4789 3451 4844 ad

1876 4884 2157 4937 veritatem
2190 4899 2287 4938 eos
2317 4884 2411 4953 qui
2445 4900 2555 4939 non
2590 4891 2720 4939 sunt
2744 4884 2969 4938 omnino
2994 4882 3450 4947 immedicabiles.

1878 4992 2011 5033 usus
2036 4992 2157 5033 sum
2182 4976 2269 5033 his
2298 4978 2663 5032 sermonibus.
2690 4976 2991 5031 Suntenim
3022 4976 3117 5047 qui
3139 4991 3206 5031 ne
3231 4975 3452 5046 quidem

1880 5068 1937 5124 in
1980 5068 2224 5123 animum
2271 5069 2538 5125 inducunt
2581 5068 2771 5125 audire
2810 5083 2907 5125 eos
2936 5068 3031 5139 qui
3065 5068 3354 5123 hortantur
3381 5067 3451 5123 ad

1951 5397 2064 5469 (22)
2092 5396 2230 5469 Θεός
2266 5394 2336 5450 δὲ
2361 5398 2433 5451 οὺ
2458 5396 2529 5451 τ’.
2562 5394 2733 5469 Favet
2761 5392 3019 5449 Clemens
3038 5389 3139 5448 isti
3171 5392 3456 5469 sententia:

1882 5462 2070 5538 (quam
2106 5462 2461 5533 vehementer
2488 5466 2773 5551 amplerus
2812 5470 2916 5551 est“
2939 5472 3128 5551 postea
3166 5462 3451 5551 Oli-igenes)

1884 5533 2006 5607 qua:
2041 5553 2260 5592 omnem
2299 5551 2517 5607 pmnam
2555 5533 2638 5591 vel
2683 5533 3107 5607 έπανορθῴσεως
3143 5533 3451 5607 velﬁapgé-

1882 5603 2175 5680 δείγματος
2201 5603 2369 5680 catt-sa
2394 5606 2666 5680 inﬂictam
2682 5606 2819 5680 vult.
2852 5603 2985 5671 Vide
3014 5619 3137 5680 pag.
3169 5603 3294 5667 668,
3326 5603 3454 5668 745,

1884 5674 2020 5734 edit.
2052 5678 2255 5742 Paris.,
2287 5677 2416 5732 licet
2442 5691 2565 5748 pag.
2601 5674 2707 5731 536
2734 5682 2944 5748 certam
2971 5674 3135 5748 etiam
3163 5690 3337 5745 pinna:
3366 5688 3454 5728 ra-

1859 5749 2088 5808 'tionem
2118 5755 2398 5824 agnoscat,
2429 5742 2734 5819 τιμῶρησιν
2759 5745 2986 5803 dictam.
3019 5742 3242 5802 Lowr'h.
