4016 6308
623 321 734 382 55:5

1807 325 2197 386 CLEMENTIS
2240 325 2706 392 ALEXANDRINI
3762 353 3844 409 556

618 449 775 505 nant.
811 441 1020 498 hostias
1053 459 1174 499 esse
1219 445 1452 498 mundas
1484 452 1536 500 et
1587 445 1696 501 Deo
1743 459 1998 519 acceptas
2027 451 2168 506 tradi

2301 454 2478 524 ρείων,
2527 455 2740 527 καθαρά
2797 457 2889 510 καὶ
2934 457 3097 513 δεκτά
3150 459 3225 532 τῷ
3278 460 3408 534 Θεῷ
3460 417 3840 546 παραδίδωσινῄ

619 532 930 606 Scriptura,
971 544 1157 607 utpote
1201 539 1343 606 quod
1371 538 1503 607 justi
1544 553 1641 608 per
1666 539 1823 594 Iidem
1867 543 1970 597 iter
2007 543 2189 615 ingre-

617 626 844 682 diantur
872 627 938 682 ad
971 625 1183 682 Patrem
1207 635 1333 692 εξιῶ
1352 628 1567 686 Filium.
1593 629 1714 685 llaec
1746 640 1830 686 est
1851 633 1994 688 enim
2023 633 2192 688 stabi-

615 719 744 774 litas
800 736 990 785 eorum
1037 735 1270 792 quorum
1303 710 1468 776 ﬁssae
1526 731 1654 778 sunt
1705 725 1936 796 ungulae,
1967 727 2061 797 qui
2095 726 2190 784 Dei

614 813 833 884 eloquia
894 814 985 868 diu
1046 822 1323 885 noctuque
1374 809 1704 871 meditantur
1740 827 1795 874 et
1825 820 2103 874 ruminant
2133 821 2189 874 in

615 906 809 960 anima:
872 905 1290 976 disciplinarum
1344 909 1692 978 receptaculo
1743 929 1755 964 :
1811 927 1976 982 quam
2023 913 2187 967 etiam

613 999 920 1069 gnosticam
947 999 1421 1064 exercitationem,
1456 1001 1644 1056 mundi
1671 1002 1921 1058 animalis
1946 1005 2187 1072 rumina-

615 1090 840 1154 tionem,
887 1090 1022 1146 dicit
1074 1091 1162 1146 lex
1227 1093 1538 1163 allegorice.
1578 1093 1711 1159 Quae
1770 1102 1952 1150 autem
2009 1111 2187 1165 neque

615 1191 928 1254 utrumque,
964 1200 1141 1253 neque
1173 1200 1241 1240 ex
1290 1185 1357 1240 iis
1414 1185 1616 1240 habent
1652 1187 1907 1251 alterum,
1951 1189 2187 1243 secernit

611 1286 672 1331 ut
701 1275 1004 1330 immunda.
1047 1276 1125 1330 Ac
1177 1290 1298 1345 quae
1347 1276 1629 1330 ruminant
1688 1275 1927 1346 quidem,
1962 1276 2180 1331 biﬁdam

611 1377 791 1425 autem
817 1384 926 1424 non
952 1369 1157 1424 habent
1180 1369 1463 1440 ungulam,
1520 1370 1714 1440 vulgus
1763 1369 2072 1424 Iudaeorum
2102 1379 2183 1424 ta-

609 1460 717 1515 cite
768 1459 1116 1531 signiﬁcant;
1151 1459 1245 1530 qui
1278 1461 1493 1530 eloquia
1523 1460 1742 1530 quidem
1774 1460 1868 1517 Dei
1903 1461 2102 1518 habent
2129 1463 2183 1516 in

608 1568 725 1618 ore,
754 1553 917 1608 ﬁdem
975 1560 1156 1608 autem
1191 1562 1245 1608 et
1271 1552 1428 1608 basin
1457 1569 1564 1608 non
1604 1553 1825 1617 habent,
1855 1570 1976 1624 qua:
2003 1561 2184 1610 trans-

608 1644 779 1698 mittit
808 1645 874 1698 ad
897 1645 1111 1700 Patrem
1149 1660 1247 1717 per
1286 1642 1505 1710 Filium,
1530 1657 1584 1702 et
1612 1646 1863 1700 innititur
1888 1647 2100 1701 veritati
2130 1659 2180 1702 α.

611 1736 769 1793 Unde
800 1738 966 1794 etiam
997 1737 1266 1808 ejusmodi
1298 1755 1470 1810 genus
1501 1741 1857 1795 animantium
1890 1741 2050 1797 labile
2075 1749 2178 1805 est,

2294 547 2501 622 Γραφὴ,
2527 549 2602 614 ὡς
2627 549 2692 604 ἂν
2719 553 2798 616 είς
2841 553 3058 625 Πατέρα
3101 555 3194 608 καὶ
3240 557 3330 620 εἰς
3373 557 3505 612 Υίὸν
3539 557 3623 614 διὰ
3647 560 3736 632 τῆς
3767 568 3837 618 πί-

2295 657 2462 704 στεως
2504 641 2612 696 τῶν
2663 643 2886 696 δικαίων
2923 644 3021 716 τὴν
3058 647 3286 718 πορείαν
3329 651 3702 721 ποιουμένων·
3727 655 3835 728 αῦτη

2291 732 2398 804 γάρ
2430 734 2462 804 ἡ
2489 733 2597 787 τῶν
2627 733 2980 806 διχηλούντων
3004 737 3307 809 ὲδραιὸτης,
3345 740 3462 793 τῶν
3492 741 3562 795 τά
3592 742 3730 812 λόγια
3760 749 3833 800 τοῦ

2291 824 2424 879 Θεοῦ
2455 825 2668 897 νύκτωρ
2707 827 2800 880 καὶ
2832 827 2950 898 μεθ’
2977 830 3190 903 ἡμέραν
3237 831 3602 902 μελετώντων
3633 835 3731 908 (66)
3761 841 3835 892 καὶ

2290 918 2831 992 ἀναπεμπαζομένων
2879 921 3040 997 ὲν,τῷ
3083 923 3180 994 τῆς
3215 923 3408 996 ψυχῆς
3459 927 3568 982 τῶν
3613 930 3828 1003 μαθημά-

2288 1029 2396 1065 των
2424 1012 2642 1084 δοχείῳ·
2706 1015 2772 1086 ἣν
2814 1015 2906 1067 καὶ
2956 1015 3292 1087 συνάσκησιν
3344 1020 3649 1092 γνωστικὴν
3690 1024 3829 1096 ὑπάρ-
3855 1046 3893 1063 ν

2287 1123 2484 1177 χουσαν
2518 1106 2756 1178 καθαροῦ
2794 1106 3324 1185 μηρυκισμὸν
3378 1112 3408 1164 ὁ
3451 1111 3611 1182 νόμος
3640 1113 3826 1185 ἀλληγο-

2292 1202 2391 1270 ρεῖ.
2431 1199 2571 1253 Ὅσα
2592 1199 2646 1252 δὲ
2675 1201 2807 1272 μήτε
2851 1201 3128 1272 ἑκάτερον,
3166 1203 3308 1273 μήτε
3349 1202 3414 1254 τὸ
3450 1202 3629 1275 ἕτερον
3661 1205 3825 1260 τούτων

2287 1292 2420 1363 ἔχει,
2455 1291 2530 1355 ὼς
2575 1292 2858 1364 ἀκάθαρτα
2896 1293 3162 1364 ἀφορίζει.
3215 1293 3438 1347 Αὐτίκα
3489 1295 3557 1348 τά
3601 1297 3821 1364 ἀνάγοντα..

2289 1383 2650 1456 μηρυκισμὸν,
2697 1384 2769 1456 μὴ
2807 1383 3124 1454 διχηλοῦντα
3169 1383 3249 1448 δὲ,
3303 1386 3436 1448 τοὺς
3473 1385 3734 1451 Ἰουδαίους
3757 1391 3821 1440 αὶ-

2285 1476 2524 1529 νίσσεται
2549 1476 2674 1538 τοὺς
2703 1473 2958 1538 πολλούς’
2985 1475 3033 1528 οἳ
3057 1475 3125 1528 τὰ
3151 1475 3253 1546 μὲν
3289 1475 3451 1545 λόγια
3479 1477 3572 1530 τοῦ
3604 1478 3720 1531 Θεοῦ
3740 1480 3818 1534 ἀνά

2289 1568 2461 1640 στόμα
2502 1568 2702 1639 ἔχουσι,
2736 1567 2833 1638 τὴν
2871 1567 2927 1621 δὲ
2963 1567 3140 1622 πίστιν
3169 1569 3268 1622 καὶ
3309 1567 3415 1640 τὴν
3452 1569 3606 1640 βάσιν
3632 1570 3690 1622 δι’
3716 1571 3814 1623 fini

2286 1661 2423 1733 πρὸς
2451 1659 2543 1714 τὸν
2591 1660 2814 1731 Πατέρα
2845 1659 3328 1731 παραπέμπουσαν
3361 1661 3466 1714 οὐκ
3491 1661 3688 1730 ἔχουσιν
3717 1664 3815 1714 ἐπε-

2289 1753 2601 1826 ρειδομένην
2630 1756 2696 1823 τῇ
2733 1751 2988 1823 ἀληθείᾳο
3021 1752 3142 1806 ὅθεν
3174 1753 3274 1806 καὶ
3310 1753 3592 1825 ὀλισθηρὸν
3617 1756 3672 1807 τὸ
3692 1754 3810 1822 γένος

609 1836 669 1882 ut
690 1844 924 1898 quorum
957 1829 1124 1899 pedes
1160 1830 1382 1885 minime
1427 1841 1557 1886 sunt
1586 1832 1758 1895 biﬁdi,
1801 1847 1975 1902 neque
2002 1833 2169 1902 dupli-

2281 1815 2388 1897 τῶν
2413 1815 3042 1922 ἑοιςδὲωπῗθρειλμάὲων,
3092 1843 3168 1908 ὡς
3219 1844 3290 1897 ἂν
3343 1845 3420 1916 μὴ
3470 1815 3808 1916 summa

608 1921 760 1976 citati
785 1921 908 1977 ﬁdei
941 1923 1271 1977 innituntur.
1318 1941 1336 1972 τ
1364 1921 1535 1977 Nemo
1571 1924 1740 1987 enim,
1768 1945 1785 1975 ι
1809 1925 2002 1994 inquit,
2037 1943 2054 1975 ι
2083 1939 2177 1978 co-

607 2016 823 2086 gnoscit
853 2013 1072 2070 Patrem
1109 2016 1214 2071 nisi
1258 2013 1448 2080 Filius,
1480 2023 1534 2071 et
1580 2016 1670 2071 cui
1705 2015 1875 2073 Filius
1907 2017 2180 2072 revelave-

606 2110 745 2166 ritb.
773 2128 792 2161 ι
825 2108 1035 2164 Rursus
1068 2119 1248 2164 autem
1278 2109 1370 2162 illa
1396 2125 1612 2180 quoque
1640 2118 1832 2164 contra
1869 2119 1995 2165 sunt
2033 2110 2179 2166 simi-

604 2201 732 2258 liter
762 2201 1064 2267 immunda,
1089 2216 1210 2272 quae
1229 2199 1424 2257 biﬁdas
1447 2201 1650 2256 habent
1667 2202 1920 2272 ungulas,
1954 2202 2177 2256 minime

607 2303 792 2351 autem
828 2295 1127 2348 ruminant.
1156 2291 1280 2348 Hazc
1303 2293 1448 2348 enim
1477 2292 1720 2348 indicant
1749 2295 2053 2358 haareticos,
2083 2294 2174 2365 qui

604 2385 988 2460 ingrediuntur
1035 2384 1254 2456 quidem
1287 2385 1343 2438 in
1374 2384 1594 2439 nomine
1631 2384 1811 2439 Patris
1836 2393 1889 2439 et
1915 2383 2059 2448 Filii,
2084 2401 2176 2440 ac-

601 2488 853 2536 curatam
891 2486 1072 2534 autem
1101 2479 1443 2549 eloquiorum
1493 2477 1914 2532 declarationem
1955 2478 2173 2533 subtili-

602 2583 688 2629 ter
710 2571 1033 2642 exprimere,
1067 2581 1120 2626 et
1147 2571 1202 2624 in
1235 2578 1425 2626 tenues
1469 2578 1650 2639 partes
1681 2569 2050 2625 comminuere
2079 2587 2174 2624 ne-

602 2673 830 2738 queunt,
857 2672 911 2719 et
956 2663 1183 2734 iustitiae
1221 2678 1385 2733 opera
1433 2662 1593 2732 paulo
1624 2661 1888 2726 crassius,
1925 2677 2031 2716 non
2082 2678 2174 2716 au-

600 2765 712 2814 tem
744 2756 1057 2812 accuratius
1073 2763 1128 2812 et
1159 2755 1414 2810 subtilius
1445 2753 1729 2818 obeunt,si
1761 2754 1919 2808 modo
1947 2753 2167 2808 obeunt.

600 2851 676 2907 lis
703 2850 795 2922 qui
835 2857 964 2907 sunt
1011 2849 1150 2904 tales
1183 2848 1316 2904 dicit
1347 2845 1610 2902 Dominus
1640 2865 1652 2900 :
1686 2865 1704 2898 ι
1734 2847 1843 2902 Cur
1879 2846 2008 2900 mihi
2043 2845 2173 2900 dici-

600 2944 674 2999 tis
705 2963 718 2998 :
755 2943 1003 3008 Domine,
1045 2941 1293 3008 Domine,
1328 2951 1382 2996 et
1414 2956 1525 2995 non
1562 2940 1742 2995 facitis
1771 2956 1892 3010 quae
1921 2939 2120 2994 dicoci
2145 2959 2164 2990 ›

601 3035 744 3092 Sunt
776 3043 956 3090 autem
1003 3035 1228 3090 omnino
1278 3033 1563 3098 immundi,
1600 3034 1691 3104 qui
1725 3048 1827 3088 nec
1858 3031 2049 3087 biﬁdas
2080 3031 2169 3085 ha-

599 3129 730 3184 bent
759 3127 990 3198 ungulas
1019 3141 1197 3196 neque
1225 3126 1526 3179 ruminant.

609 3218 714 3275 Vos
760 3228 958 3283 autem,
1012 3216 1365 3288 Megarenses,
1412 3214 1952 3298 inquitgjl‘heognis,

1327 3304 1484 3357 neque
1514 3296 1676 3347 term,
1710 3303 1868 3356 neque
1895 3297 2091 3355 quam,

603 3359 784 3430 Neque
807 3357 1103 3414 duodecimi
1130 3358 1277 3422 estis,
1303 3374 1460 3427 neque
1485 3359 1536 3410 in
1564 3359 1788 3420 ratione,
1816 3373 1906 3410 nec
1924 3372 2160 3422 numero,

603 3493 622 3526 ι
657 3473 753 3531 sed
805 3482 1062 3543 tanquam
1095 3471 1296 3542 pulvis,
1330 3488 1489 3541 quem
1537 3470 1754 3542 projicit
1787 3479 1978 3527 ventus
2019 3487 2048 3524 a
2081 3470 2162 3525 fa-

597 3566 681 3620 cie
711 3574 868 3620 terra:
888 3563 938 3629 ιλ,
973 3570 1028 3618 et
1056 3572 1315 3633 tauquam
1349 3564 1494 3618 stilla
1523 3578 1554 3616 a
1586 3564 1721 3618 cado
1748 3575 1790 3615 ο.
1824 3582 1843 3616 ι
1879 3563 1974 3619 llis
2007 3579 2036 3617 a
2057 3579 2159 3618 no-

595 3657 679 3714 bis
724 3657 1106 3728 praetractatis,
1139 3657 1366 3726 locoque
1398 3657 1589 3710 morali
1636 3657 1795 3711 nobis
1852 3657 2162 3712 summatim

593 3750 940 3819 sparsimque
994 3749 1293 3819 descripto,
1337 3755 1397 3801 ut
1430 3763 1620 3804 sumus
1679 3749 1927 3820 polliciti,
1983 3751 2160 3822 iisque

593 3857 714 3914 qua:
763 3842 831 3896 ad
875 3858 1060 3898 veram
1109 3843 1348 3898 excitant
1402 3841 1792 3912 cognitionem,
1823 3841 1911 3896 hic
1950 3851 2004 3898 et
2048 3844 2160 3900 illic

594 3931 859 4002 inspersis
889 3933 1255 4002 dogmatibus,
1289 3940 1347 3985 ut
1373 3947 1400 3986 a
1429 3931 1672 4001 quolibet
1701 3945 1888 3987 eorum
1917 3933 2006 4002 qui
2042 3950 2158 4006 my-

595 4025 778 4080 steriis
812 4040 923 4079 non
953 4032 1081 4078 sunt
1109 4023 1329 4089 initiati,
1357 4039 1466 4078 non
1492 4022 1647 4078 facile
1679 4023 1891 4093 possint
1921 4024 2152 4080 inveniri

591 4125 798 4172 sanctae
826 4117 1170 4181 traditiones,
1207 4115 1582 4187 aggrediamur
1603 4116 1748 4187 quod
1779 4132 1967 4174 sumus
1993 4119 2152 4189 polli-

591 4208 707 4262 citi.
763 4206 902 4262 Sunt
951 4216 1129 4262 autem
1178 4207 1301 4263 libri
1349 4206 1679 4262 Stromatum
1706 4208 1897 4278 utique
1926 4207 2150 4272 similes,

591 4314 702 4354 non
734 4298 842 4356 illis
867 4300 1160 4355 elaboratis
1182 4299 1355 4354 hortis
1386 4300 1442 4354 in
1471 4301 1666 4370 quibus
1701 4309 1829 4355 sunt
1857 4300 2078 4358 arbores
2101 4308 2156 4356 et

2280 1937 2468 1999 ὄντων,
2507 1935 2640 2006 μηδὲ
2669 1938 2733 2006 τῇ
2765 1935 2956 2008 διπλόῃ
2984 1935 3081 2007 τῆς
3123 1935 3367 2001 πίστεως
3401 1939 3804 2010 ἐπερειδομένων·

2285 2028 2507 2090 «Οὐδεὶς
2539 2027 2649 2098 (67)
2699 2026 2824 2098 γὰρ,
2870 2027 3022 2097 φησὶ,
3065 2026 3328 2095 γινώσκει
3381 2029 3474 2082 τὸν
3525 2030 3730 2100 Πατέρα,
3768 2030 3804 2082 ει

2281 2119 2353 2191 μὴ
2383 2120 2412 2172 ὸ
2440 2119 2564 2182 Υἱὸς
2591 2120 2682 2172 καὶ
2709 2111 2752 2186 ᾧ
2781 2118 2844 2172 ἂν
2875 2120 2903 2172 ὁ
2935 2118 3060 2181 Υἱὸς
3085 2119 3441 2194 ἀποκαλύψῃ.
3470 2141 3488 2172 ι
3512 2122 3799 2189 Ἐμπαλίντε

2275 2215 2341 2268 ἂν
2380 2215 2661 2286 ἀκάθαρτα
2700 2213 2899 2284 ὁμοίως
2935 2215 3179 2277 κάκεῖνα,
3221 2214 3571 2284 ὅσασδιχηλεῐ
3598 2215 3701 2285 μὲν,
3723 2232 3800 2284 μη-

2276 2309 2536 2380 ρυκισμὸν
2572 2307 2626 2360 δὲ
2671 2307 2770 2360 ούκ
2812 2307 3020 2375 ἀνάγει.
3051 2306 3220 2359 Ταυτὶ
3251 2305 3364 2378 γάρ
3395 2308 3519 2369 τοὺς
3546 2308 3796 2377 αἱρετικοὺς

2273 2399 2622 2462 ἐνδείκνυται,
2650 2398 2872 2469 ὀνόματι
2905 2398 3002 2470 μὲν
3043 2397 3258 2468 Πατρὸς
3302 2398 3400 2450 καὶ
3435 2396 3559 2450 Υἱοῦ
3589 2395 3795 2465 ἐπισεση-

2272 2489 2452 2553 κότας,
2465 2487 2562 2559 τὴν
2573 2487 2627 2540 δὲ
2637 2487 2743 2540 τῶν
2759 2486 2951 2553 λογίων
2969 2486 3168 2558 ἀκριϐῆ
3189 2488 3490 2558 σαφήνειαν
3502 2485 3791 2555 λεπτουργεῖν

2270 2585 2362 2636 καὶ
2383 2581 2744 2636 καταλεαίνειν
2777 2580 3216 2646 ἐξασθενοῦντας,
3259 2582 3400 2653 πρὸς
3415 2581 3471 2634 δὲ
3493 2580 3582 2634 καὶ
3609 2581 3668 2631 τὰ
3691 2578 3790 2646 ἔργα

2267 2673 2366 2744 τῆς
2395 2669 2734 2742 δικαιοσύνης
2763 2671 3232 2745 ὁλοσχερέστερον,
3261 2673 3386 2744 οὐχὶ
3437 2673 3491 2726 δὲ
3527 2671 3788 2742 ἀκριϐἐπεο

2272 2783 2362 2836 ρον
2395 2766 2840 2838 μετερχομένους,
2870 2765 2922 2817 εἷ
2953 2783 3016 2833 γε
3058 2765 3151 2818 καὶ
3203 2765 3532 2836 μετέλθοιεν.
3571 2761 3784 2822 Τοιούτοις

2266 2862 2406 2914 τισὶν
2433 2861 2460 2912 ὁ
2488 2859 2688 2933 Κύριος
2712 2858 2884 2926 λέγει,
2915 2877 2932 2908 ε
2959 2859 3022 2910 Τί
3047 2875 3112 2929 με
3138 2858 3335 2927 λέγετε
3369 2857 3478 2928 (68)
3511 2854 3680 2926 Κύριε,
3700 2849 3784 2906 Κύ-

2270 2971 2372 3025 ριε,
2406 2953 2498 3006 καὶ
2528 2952 2587 3004 οὐ
2621 2953 2821 3004 ποιεῖτε
2849 2949 2884 3004 ἃ
2908 2950 3082 3019 λέγω;
3111 2969 3127 3001 ι
3172 2949 3497 3021 Ἀκάθαρτοι
3518 2949 3571 3002 δὲ
3601 2947 3780 3017 πάμπαν

2266 3041 2313 3091 οἱ
2346 3039 2419 3109 μὴ
2450 3038 2806 3110 διχηλοῦντες,
2841 3039 2974 3110 μηδὲ
3008 3037 3306 3107 ἀνάγοντες
3332 3036 3670 3110 μηρυκισμόν.

2279 3219 2472 3288 Ὑμεῖς
2504 3217 2614 3290 (69)
2647 3219 2719 3285 δ’,
2756 3214 2800 3275 ὦ
2825 3219 3105 3290 Μεγαρεῖς
3137 3220 3331 3290 (φησιν
3357 3222 3385 3273 ό
3407 3213 3775 3290 Θέογνις),οω

3035 3289 3265 3360 (τρίτοι,
3302 3291 3436 3343 οὔτε
3468 3289 3736 3360 τέταρτοι,⁸

2268 3361 2414 3414 Οὔτε
2449 3356 2824 3423 δυωδέκατοι,
2849 3358 2974 3413 οὔτ’
3006 3356 3283 3429 ἐκλόγῳ,
3315 3361 3437 3414 οὔτ’
3467 3359 3535 3411 ἐν
3565 3356 3771 3423 ἀριθμῷ,

2271 3470 2554 3542 mimae;
2590 3471 2700 3543 (70)
2741 3473 2970 3543 όχνοῦς,
3023 3473 3080 3527 ὃν
3129 3474 3378 3546 ὲκρίπτει
3430 3475 3457 3526 ὁ
3500 3471 3670 3539 ἄνεμος
3692 3461 3770 3516 ἀπ’)

2263 3563 2551 3634 προσώπου
2573 3563 2670 3634 τῆς
2691 3564 2812 3634 γῆς,
2831 3565 2924 3618 καὶ
2938 3564 3012 3628 ὡς
3030 3565 3246 3634 σταγὼν
3261 3565 3369 3620 ἀπὸ
3387 3564 3558 3618 κάδου.
3572 3580 3587 3610 ι
3605 3556 3767 3610 Τούτων

2263 3656 2394 3724 ἡμῖν
2420 3655 2909 3725 προδιηνυσμένων,
2940 3655 3144 3708 καὶτοῦ
3177 3654 3370 3727 ἠθικοῦ
3390 3653 3576 3725 τρόπου
3603 3641 3764 3717 (τυώς

2261 3748 2317 3798 ὲν
2353 3745 2627 3817 κεφαλαίῳ
2671 3748 3070 3819 ὑπογραφέντος
3107 3748 3384 3820 σποράδην
3414 3745 3541 3817 (72),
3567 3741 3632 3802 ὡς
3667 3737 3763 3788 ὑπε-

2261 3840 2524 3910 σχήμεθα,
2549 3842 2640 3894 κει)⁵
2663 3842 3059 3913 διερριμμένως
3091 3843 3161 3896 τά
3189 3843 3415 3915 ζώπυρα
3442 3840 3542 3894 τῶν
3566 3837 3649 3906 τῆς
3665 3830 3762 3896 ἀλη⁴

2260 3930 2384 3995 Θοῦς
2431 3931 2683 4001 γνώσεως
2725 3935 3277 4007 ὲγκατασπειράντων
3317 3935 3566 4004 δόγματα,
3607 3927 3668 3987 ὡς
3703 3919 3758 3990 μὴ

2259 4025 2444 4097 ῥᾳδίαν
2484 4023 2619 4080 εἶναι
2663 4027 2740 4097 τῷ
2780 4027 3120 4099 περιτυχόντι
3160 4028 3270 4082 τῶν
3296 4028 3541 4099 ἀμυήτων
3565 4018 3647 4088 τὴν
3676 4011 3756 4064 τῶν

2255 4117 2426 4185 ἀγίων
2463 4117 2805 4189 παραδόσεων
2856 4118 3089 4190 εὕρεσιν,
3143 4121 3414 4192 μετίωμεν
3444 4115 3528 4168 ἐπὶ
3551 4109 3635 4180 τὴν
3659 4101 3756 4156 ὑπά-

2262 4226 2461 4279 σχεσιν.
2505 4211 2740 4264 Ἐοίκασι
2768 4211 2824 4264 δέ
2851 4229 2966 4275 πως
2997 4215 3044 4266 οἱ
3113 4207 3470 4284 Στρωματεῐς
3534 4205 3587 4257 οὐ
3624 4211 3754 4266 παρα·

2259 4303 2452 4367 δείσοις
2480 4303 2886 4375 ὲξησκημένοις,
2910 4305 3137 4369 ἐκείνοις
3158 4309 3271 4368 τοῖς
3299 4307 3356 4356 ἐν
3383 4296 3604 4368 στοιχείῳ
3627 4291 3754 4343 κάτα·
3796 4286 3810 4294 ’

703 4461 761 4518 ›Ῑ‹
794 4453 1016 4528 P._90l,
1056 4447 1492 4528 ED.POTTER.
1551 4467 1576 4494 ι
1619 4453 1789 4509 Levit.
1828 4469 1888 4518 ιι,
1924 4455 1987 4517 4;
2016 4453 2169 4510 Deut.

2281 4473 2312 4520 τ.
2343 4459 2377 4512 5
2408 4474 2524 4528 seq.
2606 4460 2631 4499 δ
2670 4459 2800 4514 Luc.
2826 4460 2992 4526 x,‘22.
3073 4472 3095 4501 ο
3119 4459 3253 4516 Luc.
3297 4476 3385 4526 vi,
3416 4452 3502 4509 46.
3572 4445 3596 4486 (ι
3632 4435 3743 4496 Psal.

589 4539 632 4592 ι,
673 4526 726 4581 4.
807 4536 829 4564 ο
868 4523 972 4582 lsa.
1004 4542 1093 4592 ιι,
1125 4527 1210 4581 15.

2253 4737 2380 4803 vero
2411 4750 2545 4818 elegi
2574 4756 2781 4802 tantum
2821 4737 3055 4805 exstant.
3093 4737 3230 4805 Vide
3255 4737 3637 4818 Proverbiorurii

627 4685 771 4812 ,(062
802 4684 1216 4742 Μελετώντων.
1250 4678 1489 4751 Respicit
1509 4680 1654 4768 Dsal.
1680 4695 1720 4742 ι,
1749 4679 1784 4731 2
1819 4694 1831 4729 ;
1869 4677 2061 4801 Ἀλλ’νὲ
2091 4681 2149 4731 ὲν

627 4774 663 4812 ω
702 4777 730 4812 ν
767 4777 849 4812 ιιω
891 4755 1092 4812 Κυρίου
1139 4754 1200 4806 τὸ
1245 4752 1454 4812 θέλημα
1477 4767 1662 4812 αυτου,
1695 4749 1787 4802 καὶ
1816 4750 1872 4801 ὲν
1901 4765 1978 4812 τῳ
2066 4767 2150 4812 μῳ

2281 4679 2409 4748 Lpud
2437 4677 2785 4736 Theocritum
2827 4682 2934 4734 tale
2968 4681 3098 4750 quid
3149 4679 3434 4750 reperitur.
3474 4665 3744 4744 Theognidi_9

2281 4764 2380 4803 'ero
2411 4750 2545 4812 elegi
2574 4756 2781 4802 tantum
2821 4759 3055 4805 exstant.
3093 4750 3230 4805 Vide
3255 4745 3637 4812 Proverbiorum
3662 4737 3742 4812 chl-

584 4769 730 4843 “si”!

765 4777 860 4830 μῳ
891 4754 1202 4830 Κυρίου-τό
1245 4748 1454 4830 θέλτξμα
1477 4749 1662 4830 αὑτοῦ,
1695 4749 1787 4802 καὶ
1816 4750 1872 4801 ὲν
1901 4748 1978 4818 τῷ
2003 4748 2150 4820 νόμῳ

587 4821 748 4900 αὑτοῦ
765 4821 1067 4900 ’μελετήσει
1099 4823 1312 4900 ἡμέρας
1322 4821 1657 4900 καὶινλυμκτός.

659 4887 1002 4970 (67)Ὀύδείξ.
1039 4887 1254 4970 L_u'e'._i,
1283 4893 1388 4970 22A:
1418 4893 1603 4970 Obesi;
1622 4887 2150 4970 γινώσκειτίςρστιν

583 4959 769 5056 me
803 4973 851 5056 εξ
888 4959 1265 5056 magna»
1293 4959 1670 5056 καὶεὲἕέῖτιν
1700 4959 2148 5056 631mm“

583 5037 728 5102 Υἱὸς,
748 5024 853 5094 ’καὶ
880 5024 924 5109 ᾧ
946 5024 1044 5109 ἐὰν
1075 5024 1327 5109 βούλῖγὲαι
1353 5035 1380 5086 ό
1405 5024 1528 5109 Tib;
1561 5024 1924 5109 ἀποκαλύψαιξ

623 5097 763 5233 ι’(68)
797 5113 855 5166 Τί
872 5097 948 5181 ﬂe
974 5097 1101 5188 λέγξ.
1148 5097 1277 5186 huc.
1313 5121 1368 5158 γι
1401 5123 1413 5159 :
1440 5105 1503 5155 Τί
1540 5119 1605 5173 με
1633 5097 1844 5155 καλεῖτε
1879 5097 2048 5170 Κύριε
2080 5099 2143 5154 Κ.

681 5182 726 5233 la
757 5198 952 5233 sensus
977 5183 1294 5233 variatione.
1332 5173 1395 5230 Δ.
1432 5173 1691 5228 SvLscnc.

578 5173 726 5236 nulla
747 5173 952 5238 sensus
977 5177 1294 5233 variatione.
1332 5173 1395 5230 Δ.
1432 5173 1691 5228 SvLscnc.

652 5250 762 5322 (69)
808 5251 1020 5322 Ὑμεῖς.
1065 5245 1337 5322 Theocriti
1413 5245 1731 5322 scholiastes
1807 5241 2139 5322 epigramma

578 5311 785 5392 profert
829 5311 896 5392 ab
941 5311 1210 5392 Apollinis
1255 5317 1478 5392 oraculo
1522 5311 1928 5384 Megarensibus
1957 5311 2141 5367 reddi-

579 5387 714 5454 tum,
747 5391 890 5446 unde
920 5387 1032 5446 huic
1057 5388 1164 5443 duo
1182 5397 1307 5444 sunt
1328 5387 1538 5442 hexam.
1564 5402 1577 5438 :

582 5480 780 5556 '1};ng
797 5479 942 5556 6‘,_J_i
963 5481 1266 5556 Μεγαρεῖς,
1293 5481 1430 5556 οὔτε
1453 5481 1655 5556 τρίτοι,
1685 5481 1823 5556 cura
1845 5478 2136 5556 τέταρτοι,

577 5554 724 5608 οὔτε
745 5551 1123 5614 δυωδέκατοι,
1145 5551 1268 5606 οὔτ’
1289 5552 1360 5605 ἐν
1387 5553 1562 5622 λόγῳ,
1585 5551 1708 5604 οὔτ’
1735 5551 1803 5604 ἐν
1825 5551 2064 5619 ἀριθμῷ.

571 5643 642 5714 4t
672 5661 760 5698 vos
792 5661 884 5698 nec
911 5643 1660 5714 recipit,Megarenser,tertius
1686 5644 1836 5708 ordo,

577 5711 699 5785 Non
728 5725 972 5784 quartus,
1000 5711 1158 5781 neque
1181 5711 1618 5784 bissenusnteque
1639 5715 1857 5785 denique
1878 5713 2032 5768 vestri

576 5781 700 5839 Ulla
731 5781 948 5858 usquam
975 5790 1110 5841 ratio
1137 5797 1236 5853 est,
1276 5781 1878 5858 nusquam'nmnerusve,
1909 5785 2129 5842 locusve.

2253 4818 2446 4874 liadas.
2483 4805 2716 4887 gubjicit
2741 4819 2806 4874 iis
2839 4820 3088 4877 Clemens
3119 4823 3228 4876 duo
3254 4822 3369 4874 loca
3397 4832 3463 4887 eg
3490 4811 3638 4868 sacris
3661 4805 3741 4887 hil-

2254 4889 2405 4952 teris,
2434 4885 2664 4959 quorum
2696 4890 2833 4944 alter
2859 4899 2940 4944 est
2972 4889 3075 4945 lsa.
3109 4909 3199 4958 XL,
3238 4891 3303 4944 15
3334 4908 3346 4942 :
3382 4906 3400 4938 ι
3428 4885 3562 4959 Ecce_
3596 4885 3739 4959 genie!

2253 4949 2408 5028 quasi
2441 4949 2582 5014 stilla
2615 4959 2810 5014 situlaa.
2845 4979 2862 5012 ι
2885 4949 3249 5016 Tertullianus
3277 4959 3510 5013 adversus
3531 4949 3734 5003 Judwot:

2258 5029 2373 5082 «Ne
2407 5031 2573 5084 Israel
2627 5029 2807 5084 adhuc
2859 5032 3166 5084 sunerbias.
3217 5028 3377 5084 quod.
3409 5029 3578 5084 gentes
3624 5014 3734 5068 Vell“

2253 5169 2388 5225 Vide
2417 5187 2472 5240 p.
2508 5170 2633 5232 556,
2674 5172 2797 5225 542.
2823 5169 3096 5228 CouIscr.
3266 5238 3288 5240 _
3636 5169 3735 5240 ..ηιί

2317 5213 2633 5313 {impii}:
2826 5213 3200 5314 £3561";me
3253 5238 3439 5295 Strom.
3471 5247 3538 5294 v1,
3565 5241 3608 5296 Ρ.
3636 5213 3728 5274 79⁵ν

2245 5322 2448 5456 n(“(71)
2496 5385 2724 5439 Ἠθικοῦ
2775 5384 3015 5456 τρόπου.
3060 5383 3249 5456 Aptius
3297 5379 3542 5444 interpres
3577 5351 3723 5431 ἢθίκθῦ

2246 5455 2436 5519 τόπου,
2468 5475 2486 5506 ι
2508 5457 2625 5510 loco
2649 5455 2861 5510 morali.
2885 5475 2903 5506 ι
3111 5455 3122 5456 ⁷⁷
3603 5499 3618 5519 με

2316 5497 2432 5620 ῖῗῦ
2469 5497 2930 5620 ﬁesﬁes
2951 5497 3719 5620 ιῠποτνίξφεξῑῖοεηῖῇᾙῗῖῖἔέ

2246 5579 2474 5653 Ριῖοιῖἰις
2495 5579 2923 5662 iactitans:
2947 5579 3006 5652 ὲν
3053 5579 3351 5662 κέῷαλῖαίοις
3388 5579 3672 5662 ὖτφῖρέῗῗῗ

2241 5640 2640 5791 ὲῇῥὲιὲἧνέἔῗ
2678 5640 3003 5725 ιᾙὲῖιῖἲηοῖ
3043 5640 3348 5740 ιῖἆῦξῶἷῖ
3375 5640 3619 5714 ευὺείῖιυίί
3641 5640 3721 5706 P’“

2300 5756 2503 5791 γματα.

2300 5756 2503 5810 γματα.
