4016 6308
272 319 409 379 573

1537 317 1970 378 STROMATUM
2011 321 2139 377 LIB.
2183 317 2317 376 VIII.
2351 327 2356 330 '

3449 321 3554 377 5⁸14

267 441 397 515 τῆς
420 437 596 512 ψυχῆς
625 438 798 505 εἴδους
823 437 919 495 τοῦ
950 435 1345 511 ἐπιθυμητικοῦ
1374 438 1485 512 (25)
1514 441 1674 513 μόνου
1712 441 1860 515 μετέ-

1971 442 2106 522 quid.
2133 451 2364 515 augetur
2393 439 2448 496 et
2479 440 2682 508 alitur;
2715 454 2912 498 rursus
2936 455 3060 496 eum
3093 439 3416 511 rogabimus
3435 479 3451 507 ,
3479 457 3551 497 an

276 550 492 607 κοντα·
539 532 920 606 Ἀριστοτέλης
969 531 1080 604 (24)
1127 530 1185 584 δὲ
1229 531 1328 602 τῆς
1381 534 1616 604 φυσικῆς
1663 552 1722 588 τε
1777 536 1872 589 καὶ

275 626 594 699 Θρεπτικῆς
623 625 801 696 ψυχῆς
829 625 940 696 (25)
977 624 1229 696 μετέχειν
1255 624 1422 679 οἴεται
1453 625 1521 679 τὰ
1545 626 1688 696 φυτά
1706 667 1721 691 ,
1757 627 1872 692 ζῶα

273 717 342 770 δ’
371 716 470 787 ἠδη
500 716 927 789 προσαγορεύειν
955 718 1054 770 οὐκ
1087 717 1247 782 ἀξιοῖ.
1275 717 1348 770 Τὸ
1378 717 1487 791 γάρ
1525 718 1589 790 δὴ
1623 718 1722 789 τῆς
1755 718 1872 771 ἑτέ-

277 825 397 880 ρας
419 808 596 880 ψυχῆς
627 811 727 881 τῆς
748 809 1070 881 αἱσθητικῆς
1103 809 1330 882 μετέχον
1354 811 1510 865 τοῦτο
1539 812 1697 883 μόνον
1729 813 1873 879 ἀξιοῖ

261 899 572 954 καλεῖσθαι
607 899 762 965 ζῶον.
790 900 863 953 Οὐ
893 900 997 972 μὴν
1021 900 1074 954 οἵ
1092 916 1156 969 γε
1187 901 1414 955 Στωϊκοὶ
1440 900 1552 973 (26)
1583 901 1680 973 τὴν
1715 917 1866 971 φυτι-

257 995 394 1066 κὴν
425 994 652 1065 δύναμιν
684 994 785 1066 ἢδη
828 992 1004 1064 ψυχὴν
1045 993 1420 1064 ὀνομάζουσιν.
1463 995 1870 1066 Ἀποφήσαντος

257 1088 344 1141 δὲ
375 1086 472 1141 τοῦ
507 1087 864 1159 προϐαλόντος
893 1083 1032 1140 εἶναι
1059 1086 1174 1151 ζῶα
1207 1086 1300 1140 καὶ
1326 1086 1394 1139 τὰ
1423 1087 1565 1156 φυτὰ
1582 1129 1596 1152 ,
1623 1088 1867 1160 δείξομεν

255 1180 467 1250 ἑαυτῷ
507 1179 785 1252 μαχόμενα
813 1179 1026 1248 λέγειν·
1063 1179 1143 1251 τῷ
1184 1180 1293 1253 γὰρ
1329 1181 1624 1252 τρέφεσθαί
1667 1199 1725 1234 τε
1772 1182 1866 1235 καὶ

259 1268 615 1332 αὐξάνεσθαι
645 1268 706 1320 τὸ
737 1267 873 1331 ζῶον
912 1268 1271 1340 ὁρισάμενος,
1305 1269 1443 1324 ἀλλὰ
1485 1272 1576 1324 καὶ
1604 1271 1664 1324 τὸ
1703 1273 1865 1342 φυτὸν

255 1361 385 1414 οὐκ
414 1355 555 1414 εἶναι
582 1360 717 1425 ζῶον
755 1361 1178 1433 ἀποφηνάμενος
1207 1402 1220 1426 ,
1251 1363 1402 1416 οὐδὲν
1445 1362 1574 1416 ἄλλο
1604 1362 1746 1417 ἔοικε
1779 1364 1866 1417 λέ-

257 1470 435 1522 γειν,
480 1454 514 1524 ἢ
562 1453 736 1507 ὅτιτὸ
776 1454 1106 1525 τρεφόμενόν
1135 1471 1194 1507 τε
1237 1456 1332 1508 καὶ
1363 1455 1720 1527 αὐξανόμενον
1769 1457 1864 1510 καὶ

260 1546 420 1608 ζῶόν
452 1548 570 1598 ἐστι
608 1546 703 1599 καὶ
733 1545 793 1598 ού
823 1543 981 1610 ζῶον.
1027 1545 1092 1597 Τί
1119 1541 1212 1601 οὖν
1256 1545 1501 1616 βούλεται
1534 1547 1746 1618 μαθεῖν,
1785 1550 1863 1602 εἰ-

265 1640 443 1693 πάτω
462 1657 476 1670 ο
510 1637 620 1710 ἆρά
655 1656 719 1709 γε
755 1641 806 1692 εἰ
835 1639 1060 1707 αὔξεται
1089 1640 1183 1693 καὶ
1215 1641 1469 1714 τρέφεται
1495 1641 1556 1695 τὸ
1587 1641 1726 1695 κατὰ
1763 1659 1863 1711 γα-

257 1731 467 1802 στρὸς,
496 1730 531 1802 ἢ
558 1732 606 1783 εἰ
633 1728 942 1801 αἰσθήσεώς
960 1747 1125 1793 τινος,
1150 1730 1182 1801 ἢ
1209 1731 1303 1783 καὶ
1330 1731 1427 1803 τῆς
1451 1731 1570 1785 καθ’
1590 1731 1763 1804 ὁρμὴν
1786 1750 1865 1786 κι-

1974 536 2191 608 plantas
2212 550 2432 606 quoque
2467 539 2525 598 ᾗ
2560 535 2835 590 existimet
2863 533 3120 588 animalia
3149 549 3162 585 :
3197 532 3395 610 deinde
3444 533 3552 590 hoc

1976 644 2100 684 cum
2130 627 2500 692 concesserit,
2549 633 2665 681 tum
2713 634 2927 696 oportet
2972 626 3261 682 ostendere
3303 626 3436 697 quid
3477 627 3553 682 sit

1975 722 2122 794 quod
2169 729 2324 776 utero
2353 727 2598 791 gestatur
2641 726 2696 776 et
2736 720 2921 774 alitur.
2977 718 3132 774 Plato
3161 720 3304 775 enim
3336 720 3552 790 plantas

1974 829 2192 886 quoque
2237 820 2399 868 vocat
2452 811 2741 878 animalia,
2809 819 2871 866 ut
2919 827 3043 882 quae
3093 813 3266 866 solam
3327 813 3551 868 tertiam

1975 905 2167 959 anima:
2201 902 2472 973 speciem,
2505 917 2698 972 nempe
2720 916 2840 957 eam
2873 917 2993 972 quae
3013 903 3384 972 concupiscit,
3417 917 3550 973 par-

1972 997 2221 1067 ticipent.
2258 996 2582 1052 Aristoteles
2609 1001 2790 1050 autem
2828 1002 3017 1050 censet
3057 994 3274 1064 plantas
3313 1000 3368 1049 et
3396 1003 3552 1049 natu-

1971 1087 2105 1142 ralis
2133 1094 2189 1142 et
2217 1086 2509 1142 nutrientis
2552 1083 2752 1139 animm
2794 1098 2916 1140 esse
2946 1084 3273 1155 participes,
3302 1084 3550 1140 animan-

1972 1181 2046 1234 tia
2093 1188 2272 1235 autem
2325 1195 2432 1234 non
2479 1184 2666 1234 censet
2705 1192 2830 1232 esse
2871 1175 3119 1230 vocanda
3154 1195 3167 1230 :
3201 1175 3348 1246 quod
3399 1176 3548 1230 enim

1972 1271 2198 1326 alterius
2225 1272 2449 1336 animae,
2479 1285 2673 1341 nempe
2703 1269 3010 1334 sentientis,
3042 1275 3128 1323 est
3156 1268 3454 1338 particeps,
3491 1268 3548 1324 id

1972 1363 2148 1419 solum
2178 1363 2293 1419 vult
2324 1365 2510 1418 vocari
2554 1363 2776 1417 animal.
2815 1359 2986 1416 Stoici
3023 1367 3206 1415 autem
3238 1361 3548 1417 naturalem

1971 1468 2066 1508 seu
2097 1461 2436 1524 vegetantem
2474 1453 2812 1516 facultatem,
2833 1466 2945 1504 non
2975 1449 3262 1504 nominant
3284 1451 3544 1508 animam.

1971 1544 2125 1611 Quod
2168 1545 2216 1599 si
2261 1546 2308 1600 is
2339 1546 2431 1615 qui
2474 1545 2796 1616 proposuit,
2845 1542 3128 1615 negaverit
3165 1541 3379 1610 plantas
3425 1559 3549 1602 esse

1970 1635 2227 1690 animalia
2253 1675 2267 1698 ,
2318 1635 2672 1690 ostendemus
2722 1647 2844 1688 eum
2893 1646 3082 1688 secum
3123 1629 3423 1700 pugnantia
3460 1630 3549 1687 di-

1969 1739 2093 1781 cere
2119 1743 2132 1779 :
2159 1740 2285 1779 nam
2315 1741 2440 1779 eum
2470 1724 2742 1780 deﬁnierit
2773 1724 2977 1779 animal
3007 1740 3074 1780 ex
3099 1741 3165 1782 eo
3193 1723 3340 1796 quod
3371 1723 3548 1779 alatur

259 1824 494 1892 νήσεως
521 1821 670 1892 αύτῷ
714 1821 996 1892 μέτεστινς
1035 1822 1178 1875 κατὰ
1225 1822 1322 1893 μὲν
1357 1823 1466 1895 γὰρ
1497 1823 1759 1879 Πλάτωνα
1804 1826 1860 1878 τὸ

1966 1824 2018 1872 et
2050 1824 2339 1887 augeatur,
2375 1825 2432 1872 et
2460 1817 2701 1887 plantam
2735 1833 2848 1872 non
2895 1832 3020 1872 esse
3070 1817 3274 1872 animal
3302 1831 3549 1889 pronun-

259 1913 447 1982 φυτὸν
498 1912 740 1984 ἔμψυχόν
781 1929 841 1966 τε
888 1913 981 1966 καὶ
1025 1912 1188 1978 ζῶονο
1233 1913 1377 1968 κατὰ
1411 1916 1467 1969 δὲ
1519 1897 1859 1988 Ἀριστοτέλη

261 2003 419 2070 ζῶον
474 2004 574 2075 μὲν
620 2002 803 2056 οὔπω·
856 2003 1033 2057 λείπει
1076 2003 1183 2076 γὰρ
1227 2005 1377 2076 αὐτῷ
1409 2006 1468 2060 τὺ
1514 2006 1856 2079 αἰσθητικόν

259 2096 523 2168 ἔμψυχον
574 2097 630 2150 δὲ
680 2097 812 2169 ἤδη·
869 2095 987 2149 ἔστι
1033 2097 1164 2165 γοῦν
1215 2097 1363 2168 αύτῷ
1404 2096 1466 2151 τὺ
1513 2097 1650 2164 ζῶον
1705 2099 1862 2154 οὐσία

260 2187 524 2260 ἔμψυχος
553 2188 874 2261 αἰσθητική’
931 2189 1072 2241 κατὰ
1113 2189 1169 2242 δὲ
1215 2191 1342 2253 τοὺς
1386 2191 1658 2255 Στωϊκοὺς
1682 2231 1696 2256 ,
1737 2190 1860 2245 οὔτε

260 2279 523 2350 ἔμψυχον
549 2277 672 2333 οὔτε
701 2277 837 2344 ζῶόν
876 2279 994 2331 ἐστι
1029 2277 1089 2330 τὸ
1130 2278 1296 2348 φυτόν
1319 2295 1332 2307 ο
1366 2277 1607 2350 ἔμψυχος
1633 2281 1742 2351 γὰρ
1771 2280 1862 2333 ού-

264 2373 372 2426 σὶα
399 2373 462 2425 τὸ
487 2371 624 2438 ζῶον
647 2389 659 2401 ⁸
699 2373 746 2424 εἰ
776 2370 956 2425 τοίνυν
991 2370 1230 2442 ἔμψυχον
1263 2372 1323 2425 τὸ
1352 2371 1518 2436 ζῶον,
1550 2374 1582 2444 ἡ
1615 2372 1760 2444 ψυχὴ
1802 2373 1860 2426 δὲ

263 2465 445 2536 φύσις
475 2462 766 2535 αἰσθητικὴ
784 2503 798 2528 ,
827 2462 986 2533 δῆλον
1013 2461 1089 2526 ὡς
1121 2462 1439 2534 αἰσθητικὸν
1478 2463 1576 2534 ἤδη
1604 2464 1664 2516 τὸ
1688 2463 1862 2534 ἔμψυ-

261 2577 395 2630 χον.
427 2559 490 2610 Εἰ
524 2557 622 2628 μὲν
651 2550 746 2610 οὖν
776 2555 1171 2626 ἀντερωτηθεὶς
1201 2556 1230 2608 ό
1253 2554 1523 2627 ζητήσας,
1553 2556 1600 2608 εἰ
1636 2555 1772 2620 ζῶον
1798 2555 1860 2608 τὸ

263 2645 423 2701 κατὰ
450 2645 686 2717 γαστρὸς
722 2643 802 2697 ἔτι
831 2643 990 2699 καλεῖ
1009 2644 1071 2698 τὸ
1099 2643 1237 2709 ζῶον
1257 2688 1271 2713 ,
1305 2646 1399 2699 ἐπὶ
1432 2644 1493 2698 τὺ
1526 2646 1860 2717 τρεφόμενον

261 2747 372 2799 καὶ
442 2738 602 2807 αὔξον
688 2740 802 2812 ἔχει
862 2741 960 2812 τὴν
1039 2741 1357 2812 ἀπόκρισιν·
1432 2741 1479 2793 εἰ
1542 2740 1598 2794 δὲ
1661 2740 1860 2810 φάσκοι

261 2836 426 2890 τοῦτ’
473 2830 613 2889 εἶναι
676 2834 705 2888 ὃ
758 2835 945 2905 ζητεῖ,
1006 2833 1233 2906 πότερον
1289 2817 1603 2904 αἰσθητικὸν
1653 2834 1750 2906 ἤδη
1801 2835 1860 2888 τὸ

261 2930 616 3001 κυούμενον,
675 2927 709 2998 ἢ
767 2928 860 2982 καὶ
924 2927 1044 2982 καθ’
1099 2928 1279 3001 ὁρμήν
1337 2927 1462 2982 τινά
1526 2929 1642 2981 ἐστι
1705 2945 1858 3000 κινη-

260 3022 430 3077 τικὸν
463 3018 655 3074 ἑαυτοῦ
676 3060 691 3084 ,
723 3021 824 3091 ἤδη
858 3019 1043 3089 σαφῶς
1081 3020 1291 3089 γίνεται
1334 3022 1366 3090 ἡ
1399 3020 1736 3094 διερεύνησις
1765 3021 1857 3075 τοῦ

261 3110 635 3182 πράγματος,
696 3108 756 3162 οὐ
820 3108 1087 3180 μενούσης
1143 3109 1224 3162 ἔτι
1283 3110 1382 3180 τῆς
1441 3112 1569 3183 περὶ
1626 3111 1859 3182 τοῦνομα

260 3203 498 3272 ἀπάτης
517 3221 530 3233 ·
567 3202 639 3274 μὴ
661 3203 1085 3275 ἀποκρινόμενος
1115 3204 1172 3258 δὲ
1204 3203 1339 3274 πρὸς
1369 3204 1430 3257 τὸ
1457 3204 1851 3277 άντερωτηθὲν,

266 3295 420 3368 μηδὲ
454 3294 773 3365 βουλόμενος
805 3294 856 3346 τί
891 3294 1021 3347 ποτέ
1053 3296 1197 3348 ἐστιν
1228 3296 1399 3348 εἰπεῖν
1439 3295 1468 3348 ό
1516 3295 1670 3359 νοῶν,
1705 3296 1858 3368 ἥκα-

265 3390 348 3444 τὰ
386 3387 500 3459 (27)
531 3388 675 3452 τινος
708 3387 983 3459 ἐπιφέρων
1025 3385 1349 3458 πράγματος
1383 3388 1443 3441 τὸ
1490 3389 1627 3453 ζῶον
1665 3388 1856 3460 ὄνομα,

260 3485 380 3557 τὴν
415 3483 678 3555 πρότασιν
741 3482 1031 3552 ἐποιήσατο
1088 3479 1324 3535 κελεύων
1373 3482 1418 3535 δ’
1461 3483 1609 3552 ἡμᾶς
1661 3483 1861 3547 αὐτοὺς

352 3688 412 3746 ›Ι‹
454 3681 517 3738 Ρ.
696 3679 804 3734 ED.
845 3678 1147 3746 POTTER,
1191 3679 1292 3734 7'74
1332 3679 1440 3737 ΕΙ).
1483 3679 1707 3737 Ρειιιιδ.

264 3877 407 3924 γος·
451 3851 494 3927 ᾧ
527 3858 685 3931 δόξης
729 3859 824 3930 μὲν
851 3857 1116 3931 λογισμοῦ
1151 3875 1226 3931 τε
1250 3858 1346 3931 κα).
1384 3858 1476 3912 νοῦ
1528 3859 1754 3931 μέτεστι
1799 3859 1859 3910 τὸ

315 3932 483 4004 ηδὲν,
511 3928 813 4004 uiuiﬁcae);
843 3929 900 4004 ᾷὲ
932 3928 1118 4004 ῂδείας
1147 3930 1242 4004 καὶ
1267 3928 1542 4004 ,ἀλγεινῆς
1570 3931 1707 4004 μετὰ
1741 3930 1864 4004 επι-

315 3952 483 4004 ηοεν,
511 3952 812 4001 αισυησεως
843 3952 900 3982 οε
932 3952 1118 4000 ηοειας
1148 3952 1242 3983 και
1283 3952 1537 4000 αΛγεινης
1570 3952 1707 4000 μετα
1741 3952 1858 3981 επι-

263 3952 511 4073 ζυμιῶν.
549 4001 764 4073 Πάσχον
797 3998 904 4071 γάρ
935 4000 1167 4070 διατελεῖ
1209 3999 1408 4073 πάντα.
1459 4018 1477 4049 ι
1509 3999 1719 4073 Quippe
1752 4000 1858 4073 bu-

266 4069 436 4142 mani
479 4069 704 4142 generis
754 4069 1006 4142 naturam
1064 4069 1356 4139 quamdam
1406 4069 1679 4142 cognitam
1733 4070 1858 4142 aliis

266 4140 867 4211 formis-sensibusque
898 4140 1226 4211 miscentes,
1263 4141 1419 4210 quasi
1452 4141 1651 4194 animal
1683 4141 1860 4210 quod-

266 4214 405 4268 dam
452 4213 597 4268 aliud
629 4210 1034 4282 plantaverunt.
1067 4210 1222 4265 Talia
1257 4219 1386 4266 sunt
1415 4211 1730 4266 demestica:
1763 4227 1856 4264 ar-

265 4285 463 4342 bores.
496 4281 723 4353 plantae,
752 4281 962 4336 semina
985 4321 1000 4344 ,
1029 4296 1150 4352 quae
1182 4282 1393 4338 consita
1423 4298 1572 4336 nunc
1603 4283 1858 4350 cultaque

268 4355 350 4409 ab
380 4361 499 4407 arte
534 4354 687 4407 mitia
719 4353 878 4407 nobis
909 4362 1037 4407 sunt
1065 4368 1078 4403 :
1111 4353 1388 4422 quondam
1416 4367 1545 4407 vero
1582 4354 1702 4407 sine
1727 4353 1848 4406 cul-

265 4433 428 4504 tura,
479 4425 734 4504 agrestia.
767 4422 1040 4504 Quidquid
1083 4423 1227 4504 enim
1258 4425 1498 4504 vitalest
1547 4424 1854 4504 particeps,

1963 1911 2148 1977 tiarit,
2180 1911 2316 1966 nihil
2365 1912 2706 1968 aliud'visus
2736 1919 2820 1967 est
2851 1910 3067 1976 dicere,
3119 1927 3280 1982 quam
3315 1909 3460 1982 quod
3491 1909 3548 1966 id

1961 2005 2104 2074 quod
2131 2004 2294 2059 alitur
2323 2012 2376 2060 et
2404 2012 2653 2077 augetur,
2687 2013 2771 2060 est
2793 2013 2847 2059 et
2871 2005 3072 2059 animal
3102 2013 3156 2060 et
3176 2020 3286 2060 non
3315 2005 3542 2061 animal.

1960 2097 2116 2154 Dicat
2155 2113 2286 2168 ergo
2317 2098 2448 2168 quid
2481 2099 2610 2154 velit
2643 2098 2875 2155 discere.
2908 2097 3047 2152 Num
3086 2114 3154 2153 an
3198 2107 3462 2170 augeatur
3491 2107 3548 2155 et

1960 2191 2241 2246 nutriatur
2275 2191 2417 2247 fetus
2448 2191 2543 2262 qui
2577 2199 2662 2247 est
2693 2192 2749 2246 in
2784 2199 2976 2258 utero,
3026 2199 3118 2256 aut
3168 2206 3236 2244 an
3275 2192 3348 2248 sit
3377 2192 3548 2262 parti-

1961 2297 2090 2352 ceps
2123 2296 2317 2338 sensus
2349 2283 2620 2352 alicujus,
2663 2299 2732 2339 an
2772 2284 2937 2339 etiam
2997 2291 3181 2338 motus
3224 2282 3550 2354 appetendi?

1958 2374 2093 2431 Nam
2133 2390 2200 2430 ex
2237 2375 2506 2431 sententia
2535 2376 2757 2446 quidem
2786 2375 3032 2432 Platonis
3053 2415 3068 2441 ,
3095 2377 3282 2446 planta
3311 2383 3396 2431 est
3420 2376 3544 2430 ani-

1959 2475 2106 2521 mata
2155 2475 2208 2522 et
2250 2468 2452 2522 animal
2501 2483 2515 2520 :
2561 2484 2627 2524 ex
2679 2469 2951 2524 sententia
2997 2483 3130 2524 vero
3189 2466 3542 2532 Aristotelis,

1958 2561 2202 2616 nondum
2227 2561 2444 2633 quidem
2479 2570 2563 2616 est
2592 2561 2828 2628 animal;
2870 2561 3024 2617 deest
3055 2561 3200 2616 enim
3230 2559 3279 2616 ei
3309 2560 3395 2616 vis
3416 2574 3546 2616 sen-

1961 2649 2164 2718 tiendi;
2211 2658 2297 2705 est
2342 2659 2525 2705 tamen
2578 2651 2862 2706 animata:
2897 2659 2980 2707 est
3032 2651 3273 2722 quippe,
3320 2657 3380 2704 ut
3427 2649 3547 2720 ipse

1958 2741 2076 2797 vult
2098 2779 2114 2804 ,
2142 2741 2382 2807 animal,
2414 2743 2652 2797 essentia
2689 2743 2934 2819 animata
2965 2741 3239 2798 sentiendi
3273 2748 3546 2810 potestate

1959 2835 2207 2904 praedita.
2265 2833 2344 2888 Ex
2387 2832 2703 2889 Stoicorum
2764 2840 2946 2889 autem
3003 2833 3305 2902 sententia,
3365 2849 3547 2906 neque

1959 2927 2282 2991 animatum,
2310 2941 2489 2999 neque
2524 2927 2730 2981 animal
2759 2934 2845 2982 est
2877 2927 3062 2997 planta
3089 2942 3102 2978 :
3135 2933 3220 2983 est
3250 2927 3395 2982 enim
3425 2927 3547 2982 ani-

1958 3019 2067 3072 mal
2111 3021 2350 3074 auimata
2403 3020 2663 3077 essentia.
2721 3018 2777 3074 Si
2819 3035 2950 3092 ergo
2989 3019 3190 3074 animal
3219 3026 3304 3076 est
3337 3018 3547 3075 anima-

1958 3118 2098 3179 tum,
2131 3114 2314 3167 anima
2343 3121 2522 3168 autem
2551 3121 2636 3168 est
2659 3121 2854 3167 natura
2889 3112 2942 3166 vi
2972 3111 3242 3168 sentiendi
3270 3110 3495 3182 praedita
3525 3128 3542 3166 :
3650 3122 3653 3124 '

1960 3203 2311 3259 manifestum
2340 3210 2424 3260 est
2469 3203 2614 3274 quod
2655 3203 2956 3258 animatum
3002 3211 3086 3258 est
3135 3201 3410 3259 sentiendi
3445 3216 3546 3273 po-

1958 3302 2154 3352 testate
2185 3296 2492 3366 przeditum.
2520 3297 2576 3351 Si
2604 3312 2736 3366 ergo
2770 3296 2818 3351 is
2847 3295 2940 3366 qui
2974 3295 3264 3366 quaesivit,
3297 3293 3546 3349 vicissim

1961 3389 2127 3445 fuerit
2160 3391 2565 3462 interrogatus,
2601 3405 2671 3443 an
2719 3389 2922 3444 animal
2973 3388 3120 3458 quod
3162 3395 3246 3444 est
3290 3387 3346 3441 in
3388 3393 3546 3440 utero

1964 3483 2144 3538 adhuc
2171 3493 2329 3540 vocet
2361 3483 2605 3549 animal,
2657 3496 2722 3539 eo
2756 3481 2903 3554 quod
2952 3482 3131 3535 alatur
3173 3489 3226 3536 et
3255 3487 3544 3551 augeatur,

1965 3863 2163 3913 cuncta
2189 3871 2320 3911 vero
2350 3855 2607 3910 animalia
2642 3871 2811 3910 unum
2845 3855 3070 3919 habent,
3104 3855 3155 3910 id
3185 3863 3269 3910 est
3300 3863 3544 3925 tactum;

1963 3930 2052 3982 cui
2090 3936 2270 3982 autem
2301 3943 2498 3982 sensus
2535 3930 2696 3990 inest,
2722 3927 2772 3982 ei
2811 3927 3064 3996 voluptas
3096 3941 3317 3997 quoque
3350 3941 3413 3980 ac
3445 3928 3548 3997 dog

1961 4000 2067 4062 lor,
2127 4013 2226 4053 uec
2273 4015 2382 4054 non
2430 3997 2733 4065 jucundum
2783 4007 2836 4052 et
2887 3999 3174 4052 molestum
3221 3996 3392 4065 inest;
3448 3996 3548 4052 sed

1963 4071 2170 4140 quibus.
2209 4070 2320 4124 haec
2355 4070 2577 4134 insunt,
2621 4069 2790 4140 etiam
2825 4069 3099 4140 cupiditas
3133 4069 3300 4124 inest.
3340 4088 3359 4121 ι
3398 4067 3547 4124 Idem

1960 4137 2065 4194 liae
2100 4139 2167 4194 de
2199 4155 2260 4193 re
2298 4141 2454 4210 plura
2484 4139 2707 4210 disserit
2738 4139 2832 4194 lib.
2863 4156 2878 4192 ι
2911 4137 2988 4193 De
3017 4139 3237 4208 plantis.

2023 4210 2147 4281 .(25)
2187 4208 2523 4277 Φυσικῆς...
2554 4213 2623 4279 ψ.
2657 4208 3211 4281 Olnnino_legendum
3245 4210 3544 4280 φυτικῆς...

1961 4278 2162 4366 ψρχῆς,
2203 4299 2221 4332 ι
2253 4280 2800 4366 animaanvegetantis.
2838 4299 2856 4331 ι
2897 4278 2997 4366 Sic
3021 4281 3186 4350 paulo
3219 4278 3364 4366 post,
3398 4278 3549 4366 φρτι-

1961 4349 2071 4423 κὴν
2096 4349 2322 4423 δύναμιν
2345 4391 2359 4414 ,
2399 4372 2417 4403 ι
2448 4349 3168 4423 facultatemvegetaiitem.
3205 4349 3234 4402 »⁷
3266 4349 3387 4420 lpse
3412 4349 3547 4423 ’Ari-

1962 4421 2187 4503 steleles
2219 4421 2278 4476 τὸ
2312 4422 2557 4503 φυτικόν,
2596 4440 2614 4474 ι
2635 4421 2962 4503 facultatem
2997 4429 3340 4503 vegetantem
3366 4462 3380 4484 ,
3412 4441 3430 4471 ι
3470 4422 3548 4475 ait

262 4496 401 4568 jure
450 4491 652 4568 animal
703 4491 1100 4568 nominabitur.
1133 4493 1288 4559 Quod
1321 4502 1499 4568 autem
1539 4491 1690 4550 nunc
1723 4491 1860 4568 diei-

1966 4509 2085 4549 esse
2102 4493 2287 4568 Δαἴτιον
2311 4491 2401 4546 τοῦ
2428 4492 2837 4568 τρέφεσθαι-κα).
2868 4491 3266 4568 τούαύξεσθαι,
3285 4507 3546 4568 .«causam

269 4563 407 4620 inus
428 4604 442 4629 ,
470 4565 644 4619 tertia:
678 4566 873 4623 anima:
901 4563 1103 4635 speciei
1135 4571 1216 4619 est
1249 4565 1542 4635 particeps.
1575 4580 1740 4635 quam
1772 4565 1860 4618 in-

271 4643 364 4691 ter
394 4635 751 4706 diaphragma
797 4641 852 4690 et
891 4633 1211 4706 umbilicum
1242 4633 1568 4706 l‘ocavim’us.
1594 4633 1708 4690 'Cui
1741 4635 1860 4705 opi—

271 4711 393 4772 nio,
448 4703 816 4769 ratiofmens
849 4705 1001 4758 nulla
1033 4706 1254 4776 penitus
1292 4706 1452 4762 inest.
1493 4703 1700 4761 Sensus
1728 4703 1860 4760 vero

273 4777 466 4832 suavis
513 4785 567 4832 et
613 4776 790 4832 tristis
831 4791 938 4830 una
988 4792 1112 4831 cum
1144 4776 1538 4846 cupiditatibus
1577 4777 1854 4833 convenit.

273 4846 477 4902 Omnia
512 4847 782 4918 siquidem
814 4846 1078 4918 continue
1108 4848 1333 4917 patitur.
1378 4865 1396 4898 ι

349 4917 467 4989 (23)
512 4915 980 4987 Ἐἐτιθυμητικοῦ.
1009 4915 1152 4989 Lege
1184 4917 1432 4987 φυτικοῦ,
1466 4925 1525 4973 ιιι
1557 4918 1860 4976 ostendunt

349 4988 591 5041 uuentia.
628 4987 852 5041 Lowru.

276 4997 591 5058 sequentia.
628 4997 852 5042 Lowru.
1033 5060 1046 5072 .
1386 5059 1398 5071 ο
1621 5061 1632 5072 _

276 5131 292 5141 _
317 5059 464 5141 .(24)
503 5058 1128 5141 :Apto’to‘EéJnC;Ejus.
1165 5062 1706 5141 sententiamjpsius
1735 5077 1859 5141 γεῖς

272 5129 368 5186 bis
399 5131 588 5203 accipe
619 5129 819 5203 exilib.
855 5147 893 5203 ιι
928 5130 1007 5185 De
1031 5129 1254 5203 anima,
1297 5145 1350 5187 c.
1387 5132 1457 5185 ὃς
1504 5129 1770 5203 Ὑπάρχει
1801 5133 1858 5185 δὲ

275 5151 367 5186 ms
399 5151 588 5200 accipe
619 5151 684 5185 ex
725 5151 819 5184 ιιυ.
855 5151 893 5184 ιι
928 5151 1007 5185 ue
1037 5151 1253 5194 amma,
1297 5151 1350 5187 ιι.
1387 5151 1457 5185 a:
1508 5151 1648 5186 ’nta
1687 5151 1770 5203 χει
1801 5151 1858 5185 οε

273 5203 393 5265 τοῖς
427 5201 541 5274 μὲν-
560 5202 746 5274 φυτοῖς
772 5200 832 5253 τὸ
864 5201 1156 5274 θρεπτικὸν
1190 5201 1380 5274 μόνονς
1411 5204 1616 5274 ἑτέροις
1642 5151 1699 5256 ge
1727 5202 1859 5274 αὐτό

276 5288 339 5344 τε
375 5270 470 5325 καὶ
496 5271 558 5344 τὸ
596 5270 928 5344 αισθῃτικόν.
962 5274 1026 5328 El
1068 5274 1126 5328 δὲ
1157 5270 1218 5344 τὸ
1261 5270 1575 5344 αἰσθητικὸν
1599 5314 1613 5337 ,
1661 5274 1756 5344 καὶ
1798 5272 1859 5326 τὸ

275 5341 563 5429 ὀρεκτικόν
584 5359 597 5372 ’
622 5341 800 5414 ὄρεξις
826 5344 930 5479 gfx;
957 5344 1064 5470 γὰὶ
1097 5343 1362 5414 ἐπιθυμία
1411 5341 1518 5398 ’καὶ
1549 5343 1719 5428 θηυμὺς
1764 5344 1860 5399 καὶ

281 5411 559 5484 βουλησις.
610 5411 691 5468 Τὰ
729 5413 802 5484 δὲ.
857 5432 940 5469 tea
972 5432 1023 5484 τε
1052 5433 1151 5469 ντα
1196 5414 1328 5484 μίαν
1369 5413 1482 5484 ἔχει
1527 5432 1635 5469 των
1666 5413 1855 5484 αἰσθήτ

281 5411 559 5484 βούλησις.
610 5411 691 5468 Τά
729 5413 786 5466 δὲ
826 5411 940 5479 ζῶα
970 5411 1151 5470 πάντα
1196 5411 1328 5485 μίαν
1369 5413 1482 5485 ἔχει
1527 5411 1635 5469 τῶν
1666 5413 1855 5484 αἰσθή-

279 5499 421 5537 σεων
440 5482 562 5568 τὴν
591 5476 845 5568 (1%va
949 5469 1478 5568 ριίσθησιςὶὺπάρχει,
1504 5485 1676 5568 τούτῳ

281 5569 341 5606 τε
365 5553 463 5608 καὶ
485 5553 762 5624 λύπη,καὶ
782 5553 841 5607 τδ
867 5555 966 5623 ἡδύ
992 5572 1050 5608 τε
1077 5553 1171 5610 καὶ
1198 5553 1437 5627 λυπηρόν
1454 5574 1466 5595 -°
1481 5553 1563 5620 οἷς
1585 5553 1856 5619 δὲταῦτα,

282 5624 378 5696 καὶ
406 5625 440 5693 ἡ
466 5624 786 5696 ὲπιϐυμία.ι
809 5626 883 5678 Ac
897 5625 1096 5695 plantis
1118 5625 1335 5696 quidem
1367 5628 1512 5685 inest
1536 5625 1858 5683 ntttritivum

282 5694 507 5766 solum._
548 5695 685 5766 Aliis
712 5709 842 5766 vero
892 5694 946 5751 et
980 5694 1157 5766 ipsum
1201 5697 1344 5752 inest
1385 5706 1441 5752 et
1481 5697 1803 5755 sensitivum
1839 5715 1853 5750 :

281 5763 511 5846 quodﬂsi
539 5764 884 5846 sensitivum,
917 5763 1062 5846 certe
1082 5767 1254 5846 etiam
1286 5768 1429 5846 inest
1463 5768 1814 5846 appetitivum
1840 5787 1852 5822 :

283 5837 558 5910 appetitus
607 5837 753 5894 enim
809 5844 889 5894 est
940 5837 1239 5912 cupiditas,
1292 5840 1406 5907 ira,
1460 5837 1854 5911 ct’voluntas;

638 5551 762 5627 ,καὶ
782 5551 841 5627 τὸ
867 5555 966 5627 ἡδύ
992 5551 1171 5627 τεκαὶ
1198 5551 1437 5627 λυπηρόν
1454 5551 1563 5620 ὀἷς
1585 5551 1858 5627 δὲ’τοιῦταξ
1878 5593 1882 5598 ι

1964 4564 2243 4620 nutriendi
2271 4573 2326 4619 et
2357 4561 2623 4634 augendi,
2653 4583 2671 4614 ι
2705 4562 2880 4634 Ethic.
2909 4563 2978 4615 ad
3014 4561 3328 4634 Nicomedi.
3358 4563 3453 4618 lib.
3494 4578 3544 4624 ι,

1965 4651 2086 4706 cap.
2118 4637 2188 4691 15
2220 4651 2234 4686 ;
2268 4635 2410 4690 idem
2441 4633 2677 4706 φυτικὴν
2724 4633 2954 4703 δύναμιν
2997 4642 3189 4698 vocat,
3237 4633 3314 4687 De
3365 4634 3549 4686 anima

1967 4707 2065 4761 lib.
2104 4721 2168 4761 ιι.
2202 4721 2327 4761 can.
2357 4706 2413 4759 4.
2449 4707 2568 4760 Alia
2598 4705 2844 4761 exempla
2871 4706 3048 4758 mitto.

2053 4748 2065 4760 .
2104 4721 2168 4762 ll.
2202 4721 2327 4762 (κιο.
2357 4720 2413 4759 4.
2449 4720 2568 4760 Alia
2598 4720 2844 4762 exempla
2871 4720 3048 4758 ﬂllllO.

1991 4719 2065 4761 tl).
2104 4721 2168 4770 ιι,
2202 4721 2327 4776 cap.
2357 4719 2413 4759 4.
2449 4719 2568 4760 Alta
2598 4719 2844 4774 exempla
2871 4719 3048 4758 ιιιιιιο.

2037 4777 2151 4847 (26)
2213 4778 2478 4831 Στωϊκοί.
2547 4775 2639 4830 Sic
2691 4776 2853 4847 etiam
2914 4773 3154 4830 Galenus
3203 4774 3297 4847 lib.
3351 4789 3433 4847 tv_
3471 4771 3546 4847 pe

1964 4841 2208 4916 dogmate
2255 4847 2597 4916 Hippocratis
2642 4855 2690 4900 et
2760 4845 3006 4916 Platonis
3045 4860 3063 4898 :
3105 4847 3166 4898 Ol
3218 4842 3446 4916 Στωϊκοὶ
3489 4841 3546 4895 δὲ

1963 4914 2086 4974 οὐδὲ
2111 4920 2288 4991 ψυχὴν
2309 4914 2446 4983 ὅὶζως
2473 4916 2798 4993 ὀνομάζουσι
2830 4915 2929 5040 την
2955 4915 3025 4969 τὰ
3053 4916 3194 4985 φυτά
3214 4914 3541 4968 διοικοῦσαν.

1967 4990 2190 5040 Scilicet
2219 4991 2329 5040 vim
2361 4988 2643 5040 vegetandi
2677 5003 2874 5040 genera
2901 4988 2914 5040 i
2949 4987 3170 5040 nomine
3203 4985 3415 5040 φύσεως
3441 4997 3541 5039 vo-

1967 4985 2329 5046 Scilic'et'vim
2361 4985 2643 5060 vegetandi
2677 4985 2914 5059 generali
2949 4987 3170 5041 nomine
3203 4985 3415 5060 φύσεως
3441 4997 3543 5039 vo-

1966 5063 2196 5124 cabant,
2229 5063 2298 5116 iis
2329 5055 2494 5124 solis,
2522 5074 2644 5130 quae
2678 5055 2884 5130 {notum
2919 5066 3012 5130 aut
3064 5072 3285 5130 sensum
3317 5055 3542 5130 habent,

1963 5133 2160 5257 iuga;
2187 5125 2718 5257 ti‘iabglenteSCConf.
2774 5128 3080 5184 Salmasius
3127 5127 3186 5183 in
3233 5125 3543 5197 Epictetum

1965 5220 2020 5275 Ρ.
2037 5220 2758 5355 (ἒξῗῇτῗὲἒκβουῇόμενος
2805 5271 2862 5355 τ(
2919 5265 3544 5355 ποτέηέστιιίὶεὶεξεῖςιό

1965 5335 2144 5412 νοῶν,
2175 5345 2215 5412 ἢ
2248 5335 2304 5398 ἐι.
2343 5335 2659 5414 Simplicior
2691 5335 2973 5414 structura
3005 5350 3112 5414 est.
3167 5339 3299 5412 μηδὲ
3356 5335 3542 5408 βουλό-

1969 5434 2129 5489 μενος
2159 5415 2213 5469 τε
2243 5416 2374 5469 ποτέ
2409 5412 2718 5489 ἐστι-νοῶν,
2755 5412 2786 5484 ἢ
2822 5429 2901 5476 κ.,
2933 5413 3296 5489 utinterpres
3322 5422 3543 5489 quoque

1964 5479 2152 5550 vertit,
2192 5505 2209 5537 ι
2236 5502 2413 5556 neque
2464 5485 2603 5556 velit
2653 5479 2841 5556 dicere
2858 5555 2876 5556 η
2895 5479 3493 5556 (ιιιὶιὶητιιῇίιιιθιιὶειιι.
3519 5495 3538 5527 ι

1967 5557 2232 5614 Summe.
2273 5551 2510 5625 έΜηδὲ
2551 5555 2672 5625 βυ..
2734 5551 2928 5625 εἰπεῖν,
2982 5555 3010 5606 ὁ
3041 5551 3217 5625 -νοῶν,
3246 5551 3288 5622 ἢ.
3317 5566 3394 5625 κ.,
3435 5563 3538 5625 tua.

1964 5629 2144 5686 Paris.
2177 5628 2360 5683 Malim
2393 5617 2638 5683 scribere
2677 5625 2706 5678 ὃ
2742 5623 2898 5688 νοῶν,
2928 5623 3060 5694 quid
3090 5623 3182 5682 sit.
3203 5617 3353 5691 quod
3379 5617 3543 5694 inte;-

1964 5703 2175 5774 ligens,
2217 5709 2349 5763 etc.,
2412 5712 2553 5774 qua_
2576 5695 2882 5752 mutatione
2920 5697 3088 5762 facta,
3123 5703 3234 5750 tota
3268 5695 3545 5748 sententia

1965 5767 2102 5831 satis
2131 5773 2284 5830 clara
2314 5785 2436 5831 esse
2466 5767 2704 5825 vidc'nr.
