4016 6308
244 301 380 358 δῖῗ

1493 303 1943 363 STROMATUM.
1984 303 2112 364 LIB.
2155 303 2292 366 VIII.
3324 333 3334 349 ‘
3402 321 3470 378 57

239 419 363 472 καὶ
397 417 572 472 πάντα
593 418 792 488 μᾶλλον
819 421 852 493 ἢ
877 420 1034 487 ζῶον.
1073 419 1239 492 ’Δλλη
1263 420 1318 474 δέ
1344 437 1428 484 τις
1456 421 1540 492 εἴη
1567 420 1660 474 τοῦ
1695 418 1808 485 ζώοε

1906 475 1910 485 _
1933 420 2048 491 jam
2083 421 2363 486 didiceris,
2395 421 2485 477 dic
2514 432 2723 493 aperte,
2751 424 2821 481 de
2854 439 3093 498 quonam
3115 443 3348 501 quaeras.
3407 435 3504 493 Sin

235 510 456 582 φύσις·
491 511 739 582 ἐναργῶς
772 512 881 584 γάρ
908 513 1178 568 ἐδείκνυτο
1207 512 1299 566 τοῦ
1331 513 1649 584 πράγματος
1668 513 1832 567 αὑτοῦ

237 600 358 655 τοῦ
411 601 764 674 ζητουμένου,
809 603 950 674 λέγω
979 604 1036 659 δὲ
1072 604 1167 658 τοῦ
1199 603 1439 677 ἐμϐρύου
1462 604 1572 676 (55)
1601 606 1698 677 τῆς
1743 606 1835 675 φύ-

240 710 420 758 σεως,
441 695 698 759 όποίααὶς
717 698 865 752 ἐστιν
885 715 900 728 ·
925 699 1112 770 ἕτερον
1146 698 1388 770 ὑπάρχον
1414 696 1704 769 πρόϐλημα
1721 699 1829 770 (56)

235 785 314 840 τὸ
353 789 481 859 περὶ
536 788 645 844 τῶν
707 791 1119 862 σημαινομένων
1141 791 1206 844 ἐκ
1227 790 1320 844 τοῦ
1365 788 1510 851 ζῶον
1547 790 1826 860 ὀνόματος.

234 881 417 949 Λέγω
445 882 645 945 τοίνυν,
678 884 728 936 εί
773 883 929 938 τοῦτο
953 885 1133 954 λέγεις
1177 883 1323 946 alter
1351 883 1411 938 τὸ
1437 884 1727 955 δυνάμενον
1757 887 1831 938 ai-

236 973 551 1028 σθάνεσθαί
601 993 658 1029 τε
690 975 784 1030 καὶ
819 975 1103 1049 κινηθῆναι
1137 976 1256 1030 καθ’
1292 976 1489 1048 ὁρμὴν,
1522 976 1658 1040 ζῶόν
1681 979 1828 1034 ἐστιν

233 1066 353 1135 οὐχ
386 1065 574 1131 ἁπλῶς
598 1067 660 1121 τὸ
689 1067 1004 1139 κινούμενον
1031 1068 1152 1122 καθ’
1180 1069 1353 1140 ὁρμὴν
1386 1069 1478 1122 καὶ
1514 1068 1830 1140 αισθανόμε-

232 1175 374 1210 νον·
425 1157 646 1213 δύναται
700 1159 808 1232 γὰρ
848 1161 940 1214 καὶ
987 1161 1360 1232 κοιμᾶσθαι,ἢ
1415 1160 1490 1232 μὴ
1541 1163 1827 1233 παρόντων

235 1250 362 1304 τῶν
393 1250 669 1321 αἰσθητῶν
697 1251 772 1324 μὴ
807 1252 1182 1309 αίσθάνεσθαιο
1218 1254 1278 1306 τὸ
1304 1253 1359 1306 δὲ
1393 1253 1686 1324 δυνάμενον
1711 1254 1824 1326 ἦτοι

234 1343 461 1413 δρμᾷν,
521 1343 551 1414 ἢ
607 1344 700 1398 καὶ
749 1344 1096 1399 αἰσθάνεσθαι
1162 1345 1439 1415 πεφυκὸς,
1497 1344 1634 1410 ζώου
1694 1345 1826 1415 γνώ-

243 1452 455 1506 ρισμα.
490 1435 738 1491 Τοιοῦτον
782 1437 889 1510 γάρ
919 1456 969 1491 τι
993 1437 1313 1510 σημαίνεται
1345 1439 1407 1491 ἐκ
1429 1438 1652 1502 τούτων,
1685 1439 1825 1510 πρῶ-

233 1546 334 1598 τρν
354 1530 479 1600 μὲν,
499 1529 621 1583 εἰτὸ
643 1529 938 1601 κυούμενον
969 1530 1088 1584 καθ’
1117 1531 1291 1602 ὁρμὴν
1325 1530 1398 1601 μὴ
1423 1530 1818 1602 αἰσθάνεσθαιῆ

237 1621 520 1674 κινεῖσθαι
540 1619 755 1676 δύναται
770 1623 901 1693 (57),
916 1623 1050 1694 ὅπερ
1068 1623 1346 1694 πρόκειται
1365 1621 1697 1676 σκοπεῖσθαιο
1714 1621 1826 1675 ἓτε-

232 1729 335 1784 ρον
356 1713 441 1774 δὲ,
465 1714 511 1766 εί
535 1712 594 1766 τὸ
623 1713 916 1784 κυούμενον
939 1713 1219 1767 αἰσθέσθαι
1239 1713 1367 1766 ποτὲ
1385 1713 1416 1784 ἢ
1436 1713 1818 1784 κινηθήσεσθαι

227 1804 464 1858 δύναται
495 1804 617 1859 καθ’
643 1806 850 1878 ὁρμήν·
884 1805 1004 1859 καθ’
1034 1804 1062 1858 ὃ
1094 1805 1484 1877 σημαινόμενον
1529 1804 1700 1866 οὐδεὶς
1730 1804 1820 1877 ζηο
1851 1786 1890 1840 Β

225 1899 320 1948 τεί
351 1896 600 1967 ἐναργῶς
625 1897 702 1949 δν.
743 1896 1002 1968 Ἑζήτητο
1020 1897 1097 1962 δὲ,
1130 1897 1356 1969 πότερον
1383 1897 1518 1962 ζῶόν
1550 1900 1695 1952 ἐστιν
1716 1899 1813 1971 ήδη

224 1988 297 2040 τὸ
331 1987 596 2059 ἔμϐρυον,
721 1989 882 2057 φυτὸν
928 1989 1036 2042 ἐτι·
1070 1989 1308 2042 κᾶπειτα
1364 1988 1672 2061 μετελήφθη
1713 1989 1810 2042 τοῦ

226 2077 384 2143 ζώου
438 2078 674 2150 τοῦνομα
711 2082 790 2143 είς
843 2078 1020 2148 λόγον,
1059 2081 1122 2134 ἶν’
1217 2080 1403 2149 σαφές.
1455 2079 1708 2151 Αίσθήσει
1750 2079 1814 2152 δὴ

224 2171 332 2225 καὶ
367 2172 578 2243 κινήσει
612 2173 678 2243 τῇ
738 2170 857 2226 καθ’
891 2171 1064 2244 ὁρμὴν
1097 2171 1348 2244 εὑρόντες
1387 2172 1520 2224 αὐτὸ
1562 2170 1812 2242 διαφέρον

220 2263 330 2316 τοῦ
390 2264 465 2336 μὴ
509 2262 669 2328 ζώου,
714 2263 874 2317 πάλιν
919 2265 1077 2318 τοῦτο
1105 2264 1470 2337 διωρισάμεθα
1502 2265 1608 2318 τῶν
1639 2281 1814 2336 παρα-

219 2357 509 2428 κειμένων
535 2355 681 2427 αὑτῷ
713 2358 1073 2429 πραγμάτων,
1117 2357 1300 2430 ἓτερον
1334 2358 1430 2428 μέν
1464 2351 1602 2411 εἶναι
1633 2359 1810 2428 φάμε-

224 2466 315 2503 νοι
343 2449 408 2501 τὸ
437 2447 661 2517 δυνάμει
694 2449 951 2514 τοιοῦτον,
984 2449 1013 2502 ὃ
1047 2451 1213 2521 μήπω
1262 2450 1360 2520 μὲν
1391 2449 1536 2502 ἔστιν
1572 2449 1812 2504 αἰσθανό-

224 2539 403 2612 μενόν
453 2557 513 2593 τε
563 2541 655 2594 καὶ
704 2535 1040 2612 κινούμενον.
1097 2540 1248 2594 ἔσται
1293 2541 1349 2594 δέ
1382 2558 1508 2594 ποτε
1538 2540 1804 2594 τοιοῦτον·

219 2631 426 2703 ἕτερον
471 2632 527 2686 δὲ
578 2633 637 2686 τὸ
667 2635 786 2687 κατ’
816 2633 1093 2706 ἐνέργειαν
1138 2633 1379 2705 ὑπάρχον
1414 2633 1511 2704 ἤδη
1537 2633 1771 2688 τοιοῦτον
1790 2651 1802 2665 ο

219 2723 428 2776 τούτου
457 2723 515 2777 δὲ
561 2723 621 2777 τὸ
670 2724 769 2796 μὲν
805 2725 904 2796 ἤδη
935 2723 1212 2797 ἐνεργοῦν,
1241 2726 1302 2778 τὸ
1342 2725 1396 2779 δέ
1441 2728 1678 2798 ἐνεργεῖν
1709 2727 1807 2798 μὲν

218 2816 552 2888 δυνάμενον,
578 2813 848 2888 ἡσυχάζον
870 2817 926 2870 δὲ
955 2817 988 2888 ἢ
1017 2815 1356 2888 κοιμώμενον
1375 2833 1388 2846 ·
1420 2817 1576 2870 τοῦτο
1604 2817 1660 2871 δέ
1690 2819 1805 2872 ἐστι

218 2909 291 2962 τὸ
322 2907 672 2980 ζητούμενον.
706 2910 779 2963 Οὐ
807 2909 912 2980 γὰρ
939 2909 1003 2962 ἐκ
1036 2908 1128 2962 τοῦ
1155 2908 1446 2981 τρέφεσθαι
1479 2908 1541 2962 τὸ
1569 2909 1804 2981 ἔμϐρυον

218 2998 374 3066 ζῶον
404 2995 542 3054 εἶναι
574 3000 807 3066 λεκτέον,
846 3001 874 3054 ὃ
925 3000 1021 3072 τῆς
1051 3001 1234 3064 οὐσίας
1283 3001 1430 3054 ἐστὶν
1467 3001 1806 3074 ἀποχωρούν-

221 3109 341 3144 των
393 3091 484 3144 τοῦ
537 3091 896 3163 ζητουμένου,
947 3095 1056 3156 τοῖς
1104 3093 1150 3146 δ’
1201 3091 1372 3157 άλλως
1435 3093 1799 3164 συμϐεϐηκόσι
1827 3126 1867 3185 C

227 3185 608 3255 προσεχόντων
639 3185 728 3238 τὸν
781 3184 923 3239 νοῦν.
958 3184 1126 3256 Κοινὴ
1157 3185 1200 3238 δ’
1231 3186 1322 3239 ἐπὶ
1355 3187 1487 3238 πᾶσι
1516 3189 1628 3250 τοῖς
1660 3187 1800 3259 εὑρί-

229 3277 459 3330 σκεσθαι
508 3277 819 3348 λεγομένοις
845 3278 1100 3332 τέτακται
1141 3280 1174 3349 ὴ
1211 3277 1502 3344 ἀπόδειξις,
1535 3279 1654 3348 ἥτις
1686 3281 1802 3334 ἐστὶ

226 3369 410 3439 λόγος,
445 3369 506 3435 ἐξ
555 3370 757 3441 ἐτέρων
798 3369 982 3443 ’ἐτερόν
1009 3385 1062 3422 τι
1101 3369 1479 3440 πιστούμενος.
1519 3370 1604 3438 Ἐξ
1637 3363 1711 3425 ὧν
1742 3371 1798 3426 δὲ

226 3462 337 3533 χρὴ
363 3460 683 3514 πιστοῦσθαι
717 3461 776 3514 τὸ
807 3461 1154 3533 ζητούμενον,
1181 3460 1554 3532 ὁμολογεῖσθαι
1605 3479 1663 3514 τε
1707 3464 1801 3517 καὶ

226 3552 588 3621 γινώσκεσθαι
633 3553 712 3607 δεῖ
764 3553 841 3626 τῷ
891 3553 1226 3625 μανθάνοντι.
1274 3554 1437 3625 Ἀρχὴ
1482 3554 1540 3608 δὲ
1597 3555 1799 3608 τούτων

225 3647 483 3700 ἁπάντων
511 3646 629 3698 ἐστὶ
669 3645 730 3699 τὸ
786 3646 921 3718 πρὸς
951 3645 1200 3718 αἴσθησίν
1226 3663 1285 3698 τε
1313 3647 1406 3700 καὶ
1441 3646 1622 3716 νόησιν
1651 3647 1800 3719 ἐναρ-

227 3738 341 3806 γές.
397 3739 461 3792 Ἠ
494 3741 594 3809 μὲν
625 3734 716 3792 οὖν
752 3738 940 3811 πρώτη
974 3739 1262 3806 ἀπόδειξις,
1293 3740 1356 3791 ἐκ
1383 3738 1590 3792 τούτων
1624 3739 1798 3794 ἁπάν-

224 3847 333 3885 των
369 3829 676 3898 σύγκειται·
711 3831 744 3901 ἡ
775 3830 818 3882 δ’
849 3831 912 3883 ἐκ
959 3831 1066 3885 τῶν
1104 3830 1204 3900 ήδη
1254 3829 1574 3898 φθασάντων
1609 3830 1800 3884 ἀποδε-

226 3923 452 3993 δεῖχθαι,
491 3923 578 3976 διὰ
615 3922 775 3993 τῆσδε
812 3923 921 3993 (58)
948 3923 1108 3977 πάλιν
1139 3923 1320 3994 ἕτερόν
1356 3940 1408 3976 τι
1444 3924 1794 3994 περαίνουσα,

227 4014 392 4085 πιστὴ
419 4014 518 4086 μὲν
545 4014 692 4068 οὐδὲν
710 4008 870 4086 ἧττόν
896 4016 1010 4068 ἐστι
1037 4015 1135 4086 τῆς
1155 4014 1442 4087 προτέρας·
1473 4016 1534 4068 οὐ
1568 4017 1672 4087 μὴν
1705 4017 1797 4070 καὶ

228 4107 419 4178 πρώτη
455 4105 816 4178 ὀνομάζεσθαι
857 4107 1098 4172 δύναται,
1128 4107 1261 4161 διότι
1295 4105 1415 4178 μηδ’
1453 4107 1516 4160 ἐκ
1567 4105 1795 4179 πρώτων

228 4200 538 4272 περαίνεται
593 4201 929 4272 προτάσεων.
966 4199 1038 4253 Τὸ
1094 4199 1193 4270 μὲν
1245 4195 1338 4254 οὖν
1391 4199 1604 4270 πρῶτον
1655 4195 1795 4263 εἶδος

225 4293 324 4363 τῆς
345 4293 452 4346 τῶν
474 4291 816 4365 ζητουμένων
840 4293 1120 4365 διαφορᾶς,
1147 4293 1312 4364 τριῶν
1336 4293 1522 4356 ὄντων,
1549 4291 1759 4363 ἐδείχθη
1775 4309 1789 4322 ·

225 4386 365 4452 λέγω
415 4385 472 4438 δὲ
504 4384 612 4456 (59)
659 4385 740 4448 τὸ,
774 4386 873 4458 τῆς
911 4385 1100 4449 οὐσίας
1134 4385 1560 4456 γινωσκομένης,
1595 4386 1794 4454 ἀγνοεῖ·

1933 522 2116 568 autem
2163 515 2216 568 in
2264 516 2604 572 excutiendis
2647 519 2966 578 nominibus
2997 525 3260 592 versetis,
3295 524 3504 584 clarum

1931 613 2018 662 est
2041 606 2186 676 quod
2233 609 2413 678 ipsum
2461 622 2662 664 nomen
2713 609 2872 680 fetus,
2907 629 3086 684 neque
3135 623 3222 672 est
3277 617 3499 683 animal,

1930 715 2108 770 neque
2141 700 2350 769 planta,
2389 700 2483 756 sed
2525 715 2748 766 nomen,
2775 710 2831 760 et
2862 720 2986 772 vox,
3013 714 3068 763 et
3095 722 3317 780 corpus,
3349 717 3404 767 et
3445 714 3502 769 id

1929 791 2076 861 quod
2097 802 2200 856 est,
2227 801 2281 848 et
2309 793 2540 863 aliquid,
2561 801 2616 849 et
2637 795 2855 865 quidvis
2882 797 3069 868 potius
3091 815 3255 871 quam
3275 804 3498 861 animal.

1929 883 1995 939 Et
2028 886 2074 940 si
2106 885 2210 942 hoc
2261 888 2615 957 proposuisti,
2670 889 2841 945 habes
2897 895 3333 964 responsionem.
3393 895 3500 954 Sed

1934 993 2116 1048 neque
2148 978 2292 1048 quod
2327 978 2662 1049 signiﬁcatur
2707 995 2775 1036 ex
2813 984 3033 1039 nomine
3068 985 3227 1055 fctus,
3263 992 3348 1043 est
3381 988 3500 1042 ani-

1934 1069 2043 1124 mal
2073 1089 2085 1124 :
2119 1070 2213 1125 sed
2263 1070 2394 1124 illud
2424 1071 2641 1140 quidem
2693 1079 2780 1127 est
2825 1083 2881 1129 et
2925 1075 3330 1146 incorporeum,
3359 1085 3417 1142 >14
3443 1085 3499 1133 et

1926 1159 2216 1216 dicendum
2242 1169 2327 1216 cst
2364 1157 2505 1217 idem
2533 1169 2588 1217 et
2636 1177 2748 1217 rem
2782 1171 2837 1219 ει
2855 1165 3172 1236 cogitatum,
3201 1175 3254 1222 et
3279 1168 3498 1237 quidvis

1927 1255 2108 1324 potius
2142 1270 2306 1325 quam
2347 1255 2570 1310 animal.
2592 1253 2706 1308 Erit
2739 1263 2919 1312 autem
2950 1259 3197 1328 quaedam
3236 1261 3346 1315 alia
3393 1275 3493 1315 na-

1926 1352 2047 1400 tura
2081 1347 2353 1402 animalis.
2399 1347 2599 1417 Aperte
2649 1347 2794 1401 enim
2848 1357 3128 1406 ostensum
3184 1359 3289 1416 est,
3321 1352 3389 1408 de
3434 1369 3495 1410 re

1924 1438 2042 1508 ipsa
2085 1439 2152 1494 de
2200 1455 2307 1510 qua
2351 1441 2638 1510 quaeritur,
2669 1450 2888 1506 natura,
2917 1443 3162 1514 inquam,
3212 1446 3354 1502 fetus
3392 1449 3490 1520 qui

1921 1537 2005 1585 est
2032 1532 2085 1584 in
2113 1538 2290 1595 utero,
2330 1532 2634 1602 cujusmodi
2664 1548 2727 1588 ea
2759 1535 2852 1587 sit.
2882 1533 3000 1589 Alia
3033 1542 3116 1591 est
3141 1553 3262 1606 quze
3289 1555 3494 1610 prope.

1923 1621 2074 1673 nitur
2099 1621 2331 1690 quaestio
2357 1620 2423 1675 de
2449 1620 2769 1692 signiﬁcatis
2796 1623 2961 1693 hujus
2994 1625 3232 1681 nominis
3265 1633 3482 1687 animal.

1924 1709 2055 1765 Dico
2076 1729 2226 1784 ergo,
2253 1714 2298 1768 si
2333 1713 2435 1767 hoc
2486 1712 2623 1768 dicis
2653 1715 2853 1769 animal
2885 1715 3029 1786 quod
3070 1724 3248 1786 potest
3286 1721 3491 1777 sentire

1919 1810 1970 1855 et
1999 1801 2204 1855 moveri
2231 1817 2298 1856 ex
2336 1803 2685 1873 appetitione,
2721 1803 2775 1858 id
2826 1805 3029 1861 animal
3071 1813 3154 1861 est
3202 1823 3308 1861 non
3340 1809 3485 1878 quod

1917 1893 2240 1963 simpliciter
2267 1911 2331 1950 ex
2367 1897 2700 1966 appetitione
2724 1905 2975 1953 movetur
3013 1909 3070 1952 et
3124 1902 3314 1965 sentit,
3359 1917 3484 1956 nam

1915 1991 2092 2054 potest
2121 1987 2282 2039 etiam
2316 1983 2574 2051 dormire,
2610 1994 2704 2040 aut
2751 1987 2798 2041 si
2836 2001 2944 2042 non
3005 1987 3188 2042 adsint
3237 1990 3481 2055 sensilia,

1914 2092 2024 2130 non
2070 2079 2294 2133 sentire.
2329 2076 2484 2144 Quod
2510 2086 2689 2134 autem
2713 2087 2890 2150 potest
2924 2080 3007 2134 vel
3038 2080 3240 2152 impelli
3269 2083 3485 2153 appeti-

1913 2173 2081 2234 tione,
2104 2170 2185 2224 \el
2209 2169 2374 2224 etiam
2401 2172 2625 2236 sentire,
2648 2179 2732 2226 est
2762 2186 2792 2225 a
2827 2179 3019 2227 natura
3059 2173 3245 2228 datum
3266 2176 3482 2246 signum

1911 2279 2021 2334 quo
2059 2264 2257 2318 animal
2286 2265 2662 2335 cognoscitur.
2695 2265 2827 2322 Tale
2861 2266 2990 2338 quid
3021 2269 3163 2323 cnim
3192 2284 3258 2324 ex
3285 2269 3370 2325 bis
3405 2271 3484 2326 si-

1911 2353 2218 2426 gniﬁcatur.
2255 2353 2496 2409 Primum
2539 2355 2778 2426 quidem,
2812 2373 2879 2412 an
2923 2358 3064 2414 fetus
3093 2359 3184 2431 qui
3232 2361 3286 2414 in
3311 2366 3470 2416 utero

1910 2451 2175 2514 gestatur,
2223 2460 2290 2500 ex
2336 2445 2671 2515 appetitione
2719 2462 2829 2501 non
2880 2448 3091 2502 sentire
3134 2454 3228 2502 aut
3277 2449 3480 2507 n-mveri

1906 2538 2104 2607 possit,
2156 2537 2301 2608 quod
2341 2537 2564 2609 quidem
2608 2539 2931 2608 proponitur
2974 2541 3475 2596 considerandum:

1908 2629 2140 2684 alterum
2169 2635 2370 2694 autem,
2399 2644 2467 2682 an
2519 2628 2662 2683 fetus
2688 2629 2780 2699 qui
2803 2640 3050 2700 gestatur
3075 2632 3128 2686 in
3164 2640 3338 2697 utero,
3381 2633 3482 2687 ali-

1906 2723 2126 2796 quando
2168 2723 2372 2779 sentire
2401 2729 2494 2776 aut
2520 2724 2725 2777 moveri
2767 2731 2949 2793 potest
2982 2740 3047 2780 ex
3092 2727 3429 2797 appetitione
3459 2742 3475 2780 :

1907 2821 1964 2875 in
2000 2836 2108 2891 quo
2142 2820 2449 2891 signiﬁcato
2491 2832 2650 2874 nemo
2696 2821 2910 2889 qumrit,
2946 2835 3068 2875 cum
3117 2821 3190 2874 sit
3231 2819 3474 2876 evidens.

1905 2911 2201 2978 Quasitum
2242 2918 2422 2965 autem
2459 2912 2654 2975 fuerat,
2682 2918 2865 2963 utrum
2913 2908 3056 2964 fetus
3089 2909 3204 2978 jam
3251 2910 3324 2964 sit
3357 2911 3478 2964 ani-

1905 3003 2036 3067 mal,
2057 3019 2126 3057 an
2159 3003 2322 3058 etiam
2351 3003 2528 3058 adhuc
2557 3004 2738 3073 planta
2765 3002 2994 3070 ;deinde
3014 3017 3209 3057 nomen
3227 3003 3478 3059 animalis

1903 3096 2218 3151 traductum
2258 3104 2344 3152 est
2393 3097 2462 3152 ad
2516 3096 2911 3160 deﬁnitionem,
2947 3101 3005 3150 ut
3051 3103 3196 3150 esset
3245 3093 3476 3151 manife-

1898 3195 2065 3243 stum.
2099 3187 2233 3244 Cum
2261 3196 2442 3244 autem
2473 3204 2539 3243 ex
2578 3203 2745 3243 sensu
2776 3194 2830 3242 et
2861 3197 3011 3240 motu
3045 3185 3357 3258 appetendi,
3391 3187 3477 3242 in-

1895 3282 2238 3337 venissemus
2269 3280 2445 3350 ipsum
2475 3280 2694 3336 diﬂ'erre
2729 3295 2758 3333 a
2782 3295 2891 3332 non
2923 3278 3169 3342 animali,
3202 3277 3256 3332 id
3280 3293 3475 3334 rursus

1899 3373 2258 3430 distinximus
2312 3391 2343 3428 a
2383 3375 2550 3429 rebus
2597 3374 2648 3429 ei
2700 3371 2972 3442 adjunctis
2997 3413 3012 3437 ,
3045 3370 3289 3425 dicentes
3327 3368 3474 3423 aliud

1898 3465 2120 3537 quidem
2149 3483 2274 3522 esse
2304 3466 2359 3521 id
2391 3466 2536 3537 quod
2571 3473 2846 3536 potestate
2878 3471 2964 3520 est
3003 3463 3132 3526 tale,
3159 3460 3306 3532 quod
3333 3476 3472 3516 non-

1896 3559 2024 3614 dum
2055 3559 2277 3629 quidem
2315 3560 2485 3614 sentit
2512 3568 2566 3614 et
2592 3564 2859 3623 movetur,
2886 3556 2992 3612 erit
3018 3562 3198 3610 autem
3222 3554 3473 3623 aliquan-

1896 3649 2095 3706 dotale
2123 3670 2136 3706 :
2169 3651 2398 3705 alterum
2435 3659 2636 3715 autem,
2671 3649 2820 3721 quod
2876 3656 3004 3702 actu
3041 3647 3158 3717 jam
3205 3653 3287 3701 est
3338 3644 3468 3702 tale.

1895 3741 2068 3812 Hujus
2099 3751 2277 3798 autem
2313 3741 2565 3798 estaliud
2595 3742 2812 3812 quidem
2844 3739 2991 3811 quod
3023 3737 3135 3809 jam
3166 3737 3295 3808 agit,
3322 3735 3470 3792 aliud

1895 3843 2098 3900 autem,
2131 3837 2276 3906 quod
2317 3850 2477 3907 agere
2509 3835 2729 3905 quidem
2767 3839 2968 3904 potest,
2994 3830 3230 3902 quiescit
3287 3836 3466 3883 autem

1895 3928 1978 3983 vel
2007 3926 2248 3983 dormit:
2284 3929 2388 3983 hoc
2415 3939 2501 3985 est
2543 3935 2724 3984 autem
2758 3926 2811 3981 id
2841 3925 2986 3996 quod
3021 3923 3302 3994 quaeritur.
3337 3921 3457 3976 Non

1893 4015 2037 4072 enim
2076 4032 2141 4072 ex
2171 4033 2238 4073 eo
2269 4016 2416 4088 quod
2465 4018 2643 4072 alatur
2695 4015 2859 4079 fetus,
2886 4013 3176 4070 dicendum
3213 4018 3297 4068 est
3345 4025 3468 4067 esse

1895 4112 2118 4175 animal,
2150 4099 2294 4182 quod
2351 4109 2570 4180 quidem
2607 4117 2692 4164 est
2746 4124 2936 4163 eorum
2967 4108 3058 4178 qui
3110 4107 3374 4174 recedunt
3392 4105 3464 4160 ab

1893 4202 2155 4265 essentia,
2193 4202 2261 4257 iis
2291 4209 2472 4256 autem
2501 4215 2621 4270 qua:
2653 4200 2855 4270 alioqui
2908 4198 3165 4255 accidunt
3227 4207 3462 4254 mentem

1869 4297 2170 4352 adhibent.
2223 4293 2283 4349 ln
2333 4294 2590 4350 omnibus
2635 4301 2815 4349 autem
2849 4308 2971 4363 quae
3001 4292 3260 4348 dicuntur
3314 4291 3466 4345 inve-

1895 4387 2025 4452 niri,
2071 4387 2253 4457 posita
2280 4394 2365 4441 est
2395 4385 2816 4449 demonstratio,
2841 4399 2962 4453 qua:
2990 4383 3206 4454 quidem
3239 4389 3321 4437 est
3339 4397 3466 4437 ora-

228 4475 350 4530 σθαί
401 4493 453 4529 τι
512 4477 621 4530 τῶν
672 4477 848 4549 ἔργων
877 4476 910 4548 ἢ
945 4476 1132 4530 παθῶν
1164 4477 1357 4547 αὐτῆς·
1391 4476 1615 4548 δευτέρα
1647 4475 1689 4528 δ’
1719 4471 1787 4547 ἦν

1906 4479 1990 4543 tio,
2025 4494 2148 4548 quae
2180 4478 2375 4549 probat
2404 4475 2552 4530 aliud
2593 4491 2658 4530 ex
2688 4475 2832 4531 aliis.
2861 4473 2938 4528 Ea
2961 4483 3142 4530 autem
3169 4489 3237 4527 ex
3265 4471 3465 4543 quibus

223 4567 452 4640 διαφορά
483 4567 903 4640 προόλημάτων,
934 4569 1018 4638 ἐφ’
1039 4563 1098 4623 οὗ
1138 4569 1205 4622 τὰ
1246 4569 1342 4639 μὲν
1367 4568 1501 4639 ἔργα
1527 4569 1619 4622 καὶ
1646 4567 1788 4640 πάθη

223 4657 559 4730 γινώσκομεν
577 4658 834 4722 ἅπαντες,
865 4657 1164 4728 ἀγνοοῦμεν
1201 4658 1256 4711 δὲ
1286 4658 1382 4729 τὴν
1411 4659 1596 4712 οὐσίαν
1615 4676 1628 4690 ’
1653 4655 1784 4725 οἷον,

225 4751 284 4804 ἐν
314 4750 420 4804 τίνι
453 4750 564 4821 (40)
595 4750 690 4804 τοῦ
727 4750 977 4821 σώματος
1004 4749 1178 4822 μορίῳ
1213 4751 1274 4803 τὸ
1305 4751 1627 4822 ἡγεμονικόν
1664 4753 1780 4807 ἐστι

222 4841 322 4914 τῆς
358 4842 538 4914 ψυχῆς
565 4841 698 4914 (“l-

297 5089 353 5148 νῙς
382 5083 447 5140 Ρ.
483 5021 588 5144 θῗῖ
624 5083 731 5138 ΕΙ).
769 5081 1068 5148 POTTER,
1106 5083 1206 5138 776
1243 5083 1352 5139 ΕΙ).
1396 5082 1612 5139 PARIS.

293 5241 404 5312 (35)
443 5241 551 5296 Τοῦ
582 5241 858 5312 ἐμϐρύου.
892 5240 982 5312 Τῷ
1012 5239 1235 5312 ἐμόρύῳ
1273 5255 1377 5295 ms.
1406 5239 1583 5312 Paris.

295 5309 404 5383 (56)
437 5309 696 5380 Ἕτερον
734 5309 1008 5381 ὑπάρχον
1047 5309 1394 5379 πρόϐλημα.
1457 5310 1615 5383 Haec
1648 5325 1774 5383 cum

226 5381 594 5451 superioribus
621 5383 992 5438 connectenda
1019 5391 1194 5449 erant,
1213 5383 1355 5450 quod
1390 5397 1500 5436 non
1531 5381 1777 5451 animad-

224 5450 388 5524 vertit
411 5453 701 5524 interpres.
739 5452 947 5509 Sensus
974 5470 1028 5508 n.
1061 5459 1176 5524 est,
1199 5453 1558 5522 quaestionem
1593 5450 1661 5505 de
1683 5465 1778 5504 va-

227 5526 319 5578 riis
347 5522 665 5593 signiﬁcatis
692 5525 842 5580 vocis
864 5524 1000 5588 ζῶον
1052 5522 1366 5593 distinctam
1410 5527 1632 5576 omnino
1657 5535 1778 5593 esse

229 5593 294 5664 ab
325 5591 438 5654 illa.
472 5609 580 5664 qua
622 5595 689 5650 de
731 5603 926 5650 natura
973 5593 1247 5659 animalis,
1297 5592 1352 5647 in
1388 5607 1498 5664 quo
1531 5593 1636 5648 sita
1683 5591 1773 5654 sit,

227 5663 577 5730 disceptatur.
611 5664 838 5721 Lowm.

297 5734 402 5802 (37)
441 5737 577 5788 Καθ’
619 5735 810 5804 ὁρμὴν
839 5735 924 5805 μὴ
953 5735 1358 5790 ἀἰσθάνεσθαι
1392 5733 1429 5798 ἣ
1485 5731 1775 5805 κινεῖσθαι

225 5802 480 5860 δύναται.
517 5802 871 5864 Scribendum
905 5807 1025 5878 :M‘r;
1048 5805 1392 5861 αἰσθάνεσθαι
1410 5805 1440 5875 ἢ
1461 5804 1580 5858 καθ’
1601 5802 1776 5874 ὁρμὴν

1896 4567 2161 4639 probatur
2195 4567 2247 4622 id
2277 4565 2423 4638 quod
2446 4567 2729 4638 quaeritur,
2768 4572 2983 4636 oportet
3013 4579 3136 4618 eum
3174 4563 3266 4632 qui
3301 4560 3465 4616 discit

1895 4657 2143 4715 conﬁteri
2170 4668 2225 4714 et
2256 4673 2610 4728 cognoscere.
2643 4656 2852 4712 Horum
2879 4664 3060 4714 autem
3105 4654 3350 4709 omnium
3377 4658 3464 4706 cst

1887 4751 2241 4823 principium,
2269 4752 2322 4806 id
2351 4752 2496 4822 quod
2523 4759 2607 4806 est
2631 4749 2860 4805 evidens
2881 4765 3048 4804 sensu
3078 4755 3132 4803 et
3161 4745 3462 4814 intelligen-

1893 4845 1988 4900 tia.
2023 4845 2202 4915 Atque
2245 4846 2417 4916 prima
2451 4844 2673 4916 quidem
2722 4843 3119 4900 demonstratio
3150 4845 3363 4896 constat
3395 4851 3460 4890 ex

1880 5238 2145 5296 κινεῖσθαι
2163 5237 2382 5308 δύναται
2401 5254 2415 5268 ·
2447 5256 2466 5286 ι
2483 5252 2594 5292 non
2623 5244 2802 5308 potest
2829 5236 3052 5308 sentire,
3072 5246 3163 5291 aut
3180 5238 3459 5308 appetitio-

1881 5325 1951 5365 ne
1973 5311 2196 5366 moveri.
2211 5329 2229 5361 ι
2256 5307 2346 5363 Sic
2367 5313 2529 5378 paulo
2548 5306 2674 5363 ante
2699 5326 2712 5362 :
2741 5306 3100 5378 Αῐσθᾴνεσθαί
3126 5324 3185 5360 τε
3206 5306 3298 5360 καὶ
3315 5325 3461 5377 κινη-
3538 5323 3541 5326 ·

1883 5379 2039 5452 θῆναι
2091 5381 2213 5452 καθ’
2264 5377 2473 5452 όρμίήνλο
2511 5387 2566 5434 et
2599 5377 2784 5452 statim
2819 5392 2832 5428 :
2862 5377 2922 5452 τὸ
2975 5378 3456 5452 κινούμενονῄκαςν

1880 5447 2077 5522 ὁρμὴν,
2102 5451 2196 5505 καὶ
2228 5447 2640 5521 αἰσθανόμενον.
2676 5447 2805 5503 Dein
2829 5448 3038 5519 τόρμᾷν
3071 5448 3106 5519 ἢ
3136 5447 3453 5502 ίκαὶάἰσθάη

1881 5521 2086 5574 νεσθαι.

1959 5613 2071 5683 ('58)
2091 5614 2194 5669 Διὰ
2223 5613 2430 5683 τῆσδε.
2465 5611 2660 5668 Melius
2693 5611 2965 5682 legeretur
2981 5609 3089 5664 τῶν
3117 5610 3196 5664 δέ.
3224 5609 3452 5664 Lowrn.

1952 5707 2064 5778 (59)
2101 5706 2263 5778 Λέγω
2303 5706 2410 5778 δέ,
2452 5704 2670 5777 Repetit
2729 5718 2852 5774 qua:
2911 5704 3164 5776 superius
3218 5702 3454 5769 dixerat,

1879 5795 1932 5850 ι).
1964 5777 2097 5845 775,
2138 5777 2269 5836 edit.
2294 5777 2470 5834 Paris.
