4016 6308
304 301 406 360 581

1531 305 1960 364 STROMATUM
2000 307 2124 368 ΠΒ,
2165 308 2297 367 Vill.

3416 321 3522 379 582

284 419 398 474 εἴτε
425 421 640 476 πιστέον
657 423 817 494 αὐτῇ,
851 425 958 478 εἴτε
1005 425 1098 479 κα)⁸
1126 426 1220 496 μή.
1256 427 1374 479 Ἔτι
1419 427 1469 479 εί
1517 427 1673 480 τοῦτο
1715 428 1814 481 αὐτ

1918 429 2184 491 sionem.
2228 429 2511 496 Quomodo
2565 431 2894 504 respondeat
2940 433 3100 490 etiam
3139 434 3204 490 ad
3235 441 3520 507 rogatum?

286 512 402 566 ἐστι
429 512 492 567 τὸ
513 511 709 583 ἀληθὲς
733 515 795 568 τὸ
823 516 896 588 μὴ
917 517 1111 572 ειδέναι
1143 518 1204 570 τὸ
1238 518 1453 588 ἀληθὲς,
1490 519 1610 572 οὐδὲ
1629 520 1727 591 τὴν
1751 520 1816 591 ἀρ

1949 535 2075 574 nam
2104 522 2311 576 clarum
2333 531 2416 578 est
2443 538 2564 578 eum
2587 524 2654 580 de
2685 527 2788 580 hoc
2807 540 2915 579 non
2944 526 3216 582 sustinere
3245 530 3522 584 assensio-

282 603 386 674 χὴν
410 603 672 673 ἁληθέςτι
703 608 832 677 παρ’
870 608 1078 663 ἐκείνου
1124 609 1341 663 δίδοται.
1385 612 1448 664 Ei
1475 611 1532 664 δὲ
1556 612 1651 664 καὶ
1693 611 1816 665 τοῦτ

1949 627 2094 666 nem.
2145 611 2310 683 Atqui
2351 629 2411 668 se
2439 615 2714 672 sustinere
2757 617 3128 672 assensionem
3180 621 3516 688 pronuntiat.

286 694 764 765 ἀμφισϐητήσιμον
819 698 952 768 ἐρεῖ,
983 699 1044 752 τὸ
1072 701 1283 768 ἀγνοεῖν
1323 700 1571 772 τάληθὲς,
1600 703 1659 756 ἐν
1699 701 1847 772 αὑτῷ

1948 699 2102 766 Quod
2134 702 2413 772 sequendo
2441 704 2488 758 si
2519 713 2766 775 oporteat
2815 721 2915 763 nos
2959 705 3026 762 de
3069 709 3233 764 rebus
3262 711 3518 766 omnibus

281 785 458 856 τούτῳ
492 786 703 841 δίδωσιν
760 785 897 844 εἶναι
924 791 986 844 τὸ
1032 792 1227 864 ἀληθὲς
1269 793 1563 865 γνώριμον,
1595 795 1652 848 ὲν
1678 788 1722 861 ᾧ
1747 794 1813 865 τὴ

1957 793 2231 848 sustinere
2263 795 2656 862 assensionem,
2689 796 2756 851 de
2785 797 2901 866 ipsa
2934 799 3270 855 assensionis
3297 808 3517 856 susten-

278 879 413 948 περὶ
443 879 604 932 αὑτοῦ
633 881 835 952 ἐποχὴν
867 883 1112 952 φαίνεται
1136 884 1208 955 μὴ
1240 883 1468 954 βεϐαιῶν
1517 884 1648 955 (49).
1692 887 1754 938 Ei
1789 885 1845 938 δὲ

274 969 491 1039 αἵρεσίς
516 971 628 1041 (50)
656 973 771 1025 ἐστι
799 973 1115 1044 πρόσκλισις
1143 975 1448 1046 δογμάτων,
1490 974 1546 1046 ἦ,
1578 975 1653 1039 ὣς
1679 993 1841 1040 τινες.

272 1057 597 1127 πρόσκλισις
620 1061 846 1132 δόγμασι
868 1063 1078 1126 πολλοῖς
1107 1064 1425 1119 ἀκολουθίαν
1465 1065 1601 1136 πρὸς
1638 1065 1842 1136 ἄλληλα

272 1150 373 1203 καὶ
405 1150 474 1204 τά
502 1152 796 1223 φαινόμενα
846 1155 1170 1226 περιέχουσα
1204 1156 1336 1228 (51),
1381 1157 1516 1229 πρὸς
1548 1157 1608 1210 τὸ
1652 1154 1710 1212 εὖ
1741 1158 1842 1229 ζῇν

273 1244 641 1298 συντείνουσα·
690 1247 783 1300 καὶ
825 1248 886 1300 τὸ
933 1250 1029 1318 μὲν
1055 1249 1228 1320 δόγμα
1272 1251 1388 1303 ἐστὶ
1433 1252 1733 1322 κατάληψίς
1758 1269 1841 1316 τις

266 1335 486 1408 λογική·
519 1338 815 1408 κατάληψις
849 1340 904 1393 δὲ
933 1341 1044 1407 ἕξις
1075 1343 1165 1395 καὶ
1193 1342 1582 1412 συγκατάθεσις
1601 1344 1840 1414 τῆςδια-

265 1429 444 1492 νοίας·
475 1431 536 1484 οὐ
569 1431 729 1501 μόνον
764 1431 812 1484 οἱ
841 1433 1114 1502 ἐφεκτικοὶ
1143 1434 1275 1507 (52),
1305 1435 1440 1489 ἀλλὰ
1469 1435 1561 1488 καὶ
1591 1437 1698 1498 πᾶς
1717 1435 1840 1504 δογ-

268 1523 507 1591 ματικδς
536 1523 592 1577 έν
623 1541 763 1579 τισιν
791 1525 1006 1596 ἐπέχειν
1031 1527 1239 1590 εἴωθεν,
1281 1528 1396 1598 ἦτοι
1417 1527 1589 1599 -παρά
1616 1527 1838 1598 γνώμης

259 1613 574 1676 ἀσθένειαν,
632 1615 664 1686 ἢ
711 1617 862 1688 παρὰ
916 1617 1252 1689 πραγμάτων
1281 1619 1568 1690 ἀσάφειαν,
1621 1618 1834 1691 ἢπαρὰ

261 1706 367 1776 τὴν
389 1705 498 1760 τῶν
528 1707 699 1775 λόγων
733 1709 1052 1764 ίσοσθενίαν.

1945 883 2090 938 tione
2141 886 2516 941 assensiouem
2560 889 2792 956 primum
2841 890 3252 953 sustinebimus,
3293 892 3434 948 sitne
3465 892 3516 948 ei

1943 975 2294 1040 credendum,
2333 992 2399 1030 an
2431 994 2558 1032 non.
2597 977 2877 1049 Praeterea.
2894 981 2939 1035 si
2979 980 3082 1035 hoc
3111 981 3286 1051 ipsum
3319 1000 3508 1038 verum

1941 1070 2046 1127 est,
2071 1063 2214 1134 quod
2240 1080 2423 1119 verum
2449 1068 2746 1134 nesciatur,
2765 1084 2937 1138 neque
2963 1070 3185 1125 omnino
3208 1071 3320 1125 veri
3352 1072 3516 1142 quid-

1948 1171 2112 1226 quam
2144 1157 2323 1212 abillo
2345 1158 2534 1212 datur:
2566 1159 2612 1213 si
2643 1167 2821 1215 autem
2856 1161 2924 1216 de
2953 1161 3056 1215 hoc
3112 1177 3328 1232 quoque
3368 1165 3514 1220 dicet

1949 1247 2190 1303 dubitari
2219 1265 2402 1319 posse,
2435 1265 2502 1304 an
2537 1257 2594 1314 ›Ῑ‹
2621 1267 2805 1307 verum
2839 1253 3136 1323 ignoretur,
3177 1271 3243 1310 eo
3272 1257 3390 1326 ipso
3419 1258 3512 1314 dat

1939 1353 2125 1394 verum
2154 1342 2410 1410 cognosci
2437 1357 2617 1411 posse,
2647 1343 2792 1412 quod
2819 1359 2973 1398 suam
2991 1342 3059 1398 de
3089 1345 3208 1414 ipso
3233 1349 3510 1404 assensio~

1938 1430 2027 1486 nis
2051 1431 2452 1486 sustentionem
2486 1431 2736 1487 videatur
2769 1448 2876 1486 non
2911 1434 3254 1492 conﬁrmare.
3277 1436 3433 1502 Quod
3461 1439 3508 1492 si

1938 1521 2164 1577 haeresis
2204 1534 2286 1577 est
2313 1522 2625 1592 dogmatum
2676 1522 2979 1592 inclinatio,
3029 1534 3142 1590 aut,
3191 1535 3250 1581 ut
3280 1529 3505 1598 quidam

1936 1613 2144 1678 dicunt,
2177 1612 2460 1667 inclinatio
2497 1628 2616 1682 qua:
2663 1613 2850 1668 multis
2903 1613 3250 1684 dogmatibus
3299 1618 3507 1687 prabet

1935 1706 2380 1778 consequentiam
2408 1707 2548 1762 inter
2578 1721 2637 1761 se
2655 1713 2711 1761 et
2735 1721 2796 1762 ea
2822 1723 2942 1778 quae
2963 1719 3245 1778 apparent,
3277 1709 3506 1766 tendens

256 1797 334 1851 ad
361 1807 510 1854 recte
544 1801 862 1858 vivendum:
902 1789 956 1857 et
984 1804 1176 1874 dogma
1205 1812 1288 1860 cst
1329 1809 1573 1875 quaedam
1601 1819 1720 1875 quae
1766 1803 1823 1856 ﬁt
1861 1801 2072 1856 ratione
2095 1799 2544 1871 comprehensio:
2577 1800 2994 1870 comprehensio
3024 1813 3204 1858 autem
3266 1811 3350 1858 est
3407 1803 3506 1859 ha-

260 1888 416 1946 bitus
443 1899 497 1946 et
523 1893 768 1964 assensio
793 1894 994 1949 animi:
1027 1911 1132 1950 non
1167 1897 1341 1950 solum
1373 1896 1662 1967 ephectici,
1724 1894 1817 1949 sed
1855 1893 2018 1949 etiam
2047 1891 2276 1962 quilibet
2328 1889 2688 1961 dogmaticus,
2737 1891 2792 1945 in
2820 1893 3098 1949 nonnullis
3162 1893 3299 1950 solet
3333 1893 3505 1948 susti-

258 1995 398 2036 nere
427 1985 819 2052 assensionem,
860 1994 954 2041 aut
1000 1996 1220 2059 propter
1250 1991 1448 2046 mentis
1477 1989 1922 2053 imbecillitatem,
1953 1993 2048 2041 aut
2079 2001 2262 2040 rerum
2313 1983 2726 2052 obscuritatem,
2787 1993 2881 2040 aut
2937 1987 3083 2042 vires
3141 1988 3379 2058 aequales
3410 2002 3500 2041 ra-

255 2074 496 2130 tionum.

1720 2186 1947 2246 CAPUT
1988 2183 2078 2240 Vl.

752 2302 830 2358 De
854 2320 1056 2374 genere,
1081 2306 1344 2376 speciebus
1372 2316 1422 2362 et
1448 2306 1780 2377 differentiis,
1806 2315 1856 2360 et
1879 2304 1997 2374 quis
2035 2301 2106 2354 sit
2137 2315 2322 2354 eorum
2349 2315 2476 2353 usus
2500 2299 2555 2353 in
2584 2298 2979 2369 deﬁnitionibus

327 2413 400 2467 Δί
440 2412 549 2466 τῶν
584 2414 881 2493 ζητῄσεων
899 2419 1012 2493 (55)
1053 2421 1254 2491 ἔφοδοι
1276 2422 1374 2476 καὶ
1406 2424 1582 2493 ἁρχαὶ
1621 2422 1750 2491 περὶ

1925 2417 2286 2484 Quaestionum
2308 2415 2691 2493 insinuatioues
2716 2424 2766 2468 et
2790 2414 3048 2484 principia
3076 2414 3218 2468 circa
3239 2416 3348 2472 haec
3363 2427 3413 2472 et
3441 2419 3495 2472 in

607 2487 792 2541 ταῦτα
817 2487 921 2542 καί
939 2487 1009 2543 ἐν
1040 2487 1272 2560 τούτοις
1294 2487 1468 2547 είσίιῖ.

327 2575 669 2646 Προτακτέον
694 2577 755 2649 δὴ
783 2578 875 2632 καὶ
899 2579 1006 2634 τῶν
1033 2582 1196 2652 ὅρων,
1229 2582 1322 2635 καὶ
1347 2582 1454 2636 τῶν
1474 2581 1816 2648 ἀποδείξεων,

246 2665 358 2718 xxi.
385 2665 718 2739 διαιρέσεων,
748 2671 999 2740 ποσαχῶς
1029 2669 1242 2740 λέγεται
1261 2672 1322 2725 τὸ
1357 2670 1706 2742 ζητούμενον·
1753 2673 1821 2726 τά

247 2775 314 2809 τε
346 2757 607 2830 ὁμώνυμα
637 2762 932 2832 χειριστέον
957 2763 1088 2835 (54),
1115 2764 1292 2818 καὶτὰ
1322 2764 1609 2836 συνώνυμα
1640 2765 1821 2836 εὐκρι-

248 2849 368 2912 νκτις
395 2851 618 2906 τακτέον
650 2854 790 2907 κατὰ
832 2854 932 2919 τὰς
978 2857 1268 2927 σημασίας·
1300 2857 1488 2910 ἔπειτα
1539 2857 1817 2928 ζητητέον,

248 2943 302 2992 εἰ
329 2940 439 2996 τῶν
467 2943 601 3013 πρὸς
623 2945 784 3016 ἔτερα
811 2945 1196 3018 θεωρουμένων
1224 2949 1340 3000 ἐστὶ
1359 2948 1418 3001 τὸ
1441 2949 1816 3020 προκείμενον,

245 3033 284 3103 ἢ
321 3033 441 3086 καθ’
465 3035 596 3088 αὐτὸ
617 3035 964 3106 λαμϐάνεταν
995 3039 1086 3091 ἐπὶ
1112 3039 1338 3104 τούτοις,
1363 3041 1411 3092 εί
1436 3039 1569 3101 ἐστι,
1597 3039 1650 3091 τί
1679 3040 1814 3102 ἐστι,

244 3126 306 3176 τί
359 3125 506 3197 αὑτῷ
548 3129 906 3201 συμδέόηκεν⁹
946 3129 978 3201 ἢ
1007 3131 1098 3184 καὶ
1132 3131 1322 3196 οὕτως,
1356 3133 1403 3184 εί
1431 3131 1568 3193 ἐστι,
1597 3131 1812 3198 τίρστι,

243 3216 388 3269 διότι
418 3219 548 3272 ὲστί.
581 3221 724 3292 Πρὸς
770 3223 826 3276 δὲ
854 3224 951 3295 τὴν
988 3225 1189 3278 τούτων
1219 3224 1450 3296 Θεωρίαν
1491 3225 1525 3294 ἠ
1555 3223 1662 3278 τῶν
1691 3223 1794 3277 καθ

243 3301 461 3356 ἕκαστα
491 3307 686 3373 γνῶσις
713 3311 855 3381 καὶή
882 3312 990 3365 τῶν
1015 3313 1238 3366 καθόλου
1271 3313 1658 3367 ωνυποὸάλλει
1675 3313 1810 3384 (55),

244 3394 442 3448 καὶτὰ
474 3397 732 3471 πρότερα,
787 3402 975 3455 καὶτὰ
1030 3405 1122 3456 ἐπὶ
1169 3404 1267 3467 τὰς
1296 3403 1575 3474 διαφορὰς,
1625 3405 1718 3458 καὶ
1754 3404 1811 3456 αἱ

240 3485 542 3558 διαιρέσεις
568 3491 761 3548 αὐτῶν.
789 3493 853 3546 Ἦ
889 3495 986 3565 μὲν
1015 3491 1107 3550 οὖν
1128 3495 1387 3567 ἐπαγωγὴ
1417 3495 1526 3566 (56)
1573 3496 1725 3567 φέρει
1752 3494 1812 3548 τὸ

243 3577 483 3632 καθόλου
504 3581 598 3632 καὶ
615 3581 707 3635 τὸν
740 3583 994 3654 ὁρισμόν,
1014 3587 1068 3637 at
1091 3585 1146 3637 δὲ
1165 3585 1453 3656 διαιρέσεις
1476 3585 1545 3638 τὰ
1577 3585 1688 3656 εῐδη
1717 3587 1810 3639 καὶ

238 3669 314 3722 τδ
339 3670 393 3722 τί
421 3666 488 3742 ἦν
515 3668 650 3726 εἶναι
690 3673 802 3745 (57)
845 3676 939 3728 καὶ
968 3677 1028 3730 τὸ
1057 3677 1272 3748 ἄτομονο
1309 3679 1343 3748 ἡ
1376 3678 1432 3731 δὲ
1468 3678 1666 3749 θεωρία
1713 3677 1808 3731 τοῦ

2577 2485 2658 2539 his
2694 2495 2838 2538 sunt.

1989 2579 2131 2634 Ante
2161 2577 2504 2634 deﬁnitiones
2533 2584 2737 2642 autem,
2771 2577 3291 2639 demonstrationes.
3325 2587 3380 2635 et
3407 2580 3493 2636 di—

1920 2672 2178 2736 visiones,
2209 2671 2359 2741 prius
2391 2669 2700 2740 ponendum
2743 2678 2827 2724 est
2868 2676 3002 2739 quot
3046 2671 3226 2726 modis
3273 2671 3492 2727 dicatur

1921 2762 1994 2829 id,
2030 2761 2174 2832 quod
2203 2762 2499 2831 quaeritur:
2531 2770 2584 2815 et
2626 2761 2913 2814 tractanda
2965 2769 3094 2817 sunt
3138 2762 3486 2833 homonyma,

1918 2860 1974 2910 et
2014 2868 2312 2924 synonyma
2336 2859 2462 2908 sunt
2493 2865 2614 2922 apte
2647 2859 2702 2906 et
2729 2851 2989 2908 distincte
3017 2853 3266 2922 ponenda
3288 2869 3487 2908 secun-

1919 2942 2046 2998 dum
2079 2958 2207 2998 suas
2237 2943 2680 3014 signiﬁcationes.
2707 2941 2910 2997 Deinde
2927 2942 3278 3012 quarendum
3303 2953 3388 3000 est
3416 2959 3484 2999 an

1917 3049 1983 3089 ex
2013 3033 2102 3097 iis,
2149 3049 2270 3104 qua:
2301 3033 2742 3097 considerantur,
2777 3040 2838 3087 ut
2869 3033 3040 3088 relata
3069 3033 3139 3088 ad
3164 3034 3288 3098 alia,
3330 3035 3402 3089 sit
3431 3035 3484 3090 id

1916 3122 2058 3194 quod
2091 3122 2432 3194 proponitur,
2452 3137 2520 3176 an
2539 3137 2634 3192 per
2649 3123 2887 3192 seipsum
2908 3129 3174 3178 sumatur.
3198 3122 3328 3181 Post
3347 3125 3481 3188 haec,

1800 3225 1814 3246 ν
1857 3240 1860 3244 ·
1915 3231 1982 3270 an
2013 3217 2105 3281 sit,
2135 3217 2267 3287 quid
2303 3216 2396 3281 sit,
2427 3215 2559 3286 quid
2582 3217 2630 3270 ei
2659 3215 2904 3270 accidat:
2953 3226 3047 3270 aut
3079 3218 3162 3272 sic
3199 3219 3387 3284 etiam,
3412 3234 3483 3274 an

1915 3309 2006 3373 sit,
2036 3307 2168 3379 quid
2195 3308 2284 3374 sit,
2315 3315 2537 3379 propter
2565 3307 2695 3378 quid
2741 3308 2831 3363 sit.
2864 3307 2945 3362 Ad
2981 3308 3097 3363 hate
3128 3318 3310 3364 autem
3336 3325 3472 3366 cor.-

1913 3399 2220 3470 templanda
2251 3399 2462 3455 confert
2484 3399 2823 3470 singulorum
2855 3398 3093 3470 cognitio
3122 3407 3176 3454 et
3201 3401 3482 3456 universo-

1911 3505 2056 3557 rum,
2094 3501 2146 3546 et
2167 3507 2229 3545 ea
2259 3507 2378 3561 qua:
2401 3500 2529 3546 sunt
2556 3491 2758 3561 priora,
2782 3498 2836 3544 et
2852 3489 3187 3553 diﬂerentiaa,
3216 3499 3269 3545 et
3292 3505 3477 3546 earum

1911 3581 2231 3638 divisiones.
2261 3583 2437 3653 Atque
2489 3583 2732 3637 inductio
2781 3582 3001 3651 quidem
3052 3580 3207 3636 aﬁ‘ert
3235 3581 3289 3636 id
3331 3583 3480 3653 quod

1910 3679 1995 3728 est
2020 3673 2333 3728 universum
2383 3681 2439 3728 et
2489 3671 2890 3728 deﬁnitionem:
2942 3671 3241 3728 divisiones
3272 3683 3475 3743 autem,

240 3762 504 3832 πὶσαχῶς
521 3762 618 3834 τὴν
646 3763 805 3835 λῆψιν
829 3765 921 3819 τοῦ
953 3768 1169 3821 οἰκείουο
1205 3769 1260 3820 ai
1281 3768 1337 3821 δὲ
1355 3767 1698 3840 διαπορήσεις
1715 3767 1813 3831 τὰς

1918 3765 2144 3835 species,
2189 3772 2244 3820 et
2283 3765 2414 3835 quid
2462 3766 2553 3830 sit,
2587 3773 2642 3820 et
2684 3764 3047 3819 individuum.
3075 3762 3476 3836 Contemplatio

238 3853 370 3906 κατ’
409 3855 576 3919 αὐτὰς
619 3857 730 3927 (58)
781 3857 1037 3931 διαφορὰς
1080 3861 1173 3913 κα)⁵
1214 3861 1312 3924 τὰς
1355 3859 1666 3924 ἀποδείξεις,
1712 3860 1808 3914 καὶ

240 3943 424 4006 ἄλως
447 3944 546 4016 τὴν
597 3945 826 4019 θεωρίαν
879 3949 1218 4016 συναύξουσι,
1257 3951 1326 4004 τά
1351 3967 1410 4002 τε
1454 3949 1806 4021 παρεπόμενα

237 4034 405 4105 αὑτῇο
435 4037 499 4088 ἐκ
525 4038 738 4092 πάντων
765 4039 819 4093 δὲ
836 4042 1106 4112 ἐπιστήμη
1131 4059 1189 4094 τε
1218 4040 1542 4114 παρίσταται
1568 4041 1805 4114 καὶάλή-

239 4123 384 4178 θεια.
419 4127 585 4181 Πάλιν
623 4129 682 4182 τὸ
710 4130 1070 4199 κεφαλαιωθὲν
1119 4135 1183 4186 ὲκ
1216 4132 1314 4204 τῆς
1340 4132 1653 4204 διαιρέσεως
1678 4133 1804 4203 ὅρος

236 4219 469 4288 γενεταιο
526 4219 853 4291 λαμϐάνεται
884 4223 992 4294 γὰρ
1038 4225 1131 4278 καὶ
1183 4225 1443 4296 πρότερος
1467 4225 1566 4296 τῆς
1597 4224 1800 4297 διαιρέ-

317 4381 378 4439 ›Ῑ‹
419 4375 482 4431 Ρ.
519 4313 622 4452 9ἵ4
659 4375 765 4430 El).
805 4377 1102 4446 POTTER,
1146 4379 1248 4435 778
1287 4379 1396 4435 ΕΙ).
1437 4378 1664 4436 PARIS.

313 4529 428 4606 (49)
462 4533 557 4602 Μὴ
580 4532 856 4598 βεϐαιῶν.
893 4533 1129 4606 Delenda
1154 4535 1368 4590 videtur
1395 4535 1660 4606 particula
1701 4550 1799 4606 ne-

236 4603 419 4671 gativa
452 4605 546 4674 μή,
578 4615 635 4658 ut
656 4621 849 4660 sensus
881 4606 952 4660 sit
984 4623 997 4658 :
1032 4624 1050 4655 ‹
1084 4603 1196 4660 Hoc
1228 4607 1344 4674 ipso
1372 4603 1620 4660 concedit
1651 4604 1796 4659 veri-

238 4679 409 4727 tatem
443 4690 620 4745 posse
673 4676 949 4744 cognosci,
985 4675 1130 4745 quod
1180 4676 1392 4731 videtur
1443 4676 1798 4735 retentionem

237 4744 580 4800 assensionis
612 4747 860 4802 suadere.
901 4765 921 4798 ι

1046 4854 1175 4894 encs
1194 4837 1441 4893 Laertius
1461 4837 1514 4891 in
1538 4834 1804 4907 prooemio

1063 4919 1268 4980 ypotyp.
1285 4908 1376 4963 lib.
1392 4924 1430 4974 ι,
1447 4905 1641 4963 Suidas
1655 4923 1705 4962 γ.
1719 4905 1808 4957 Δῖ-

257 4991 410 5028 ἳευιι.

257 4991 360 5028 eiut
397 5015 410 5026 .

238 4987 270 5046 τ
309 5004 421 5139 (5;)
462 5068 844 5138 Περιέχουσα.
873 5089 891 5122 ι
928 5069 1244 5126 Continens.
1268 5088 1317 5139 ﬁ»
1351 5067 1616 5124 Hervetus
1667 5084 1792 5139 exp.

1906 3865 2084 3912 autem
2115 3872 2223 3926 qua
2245 3857 2645 3924 consideratur,
2686 3865 2821 3928 quot
2849 3857 3028 3913 modis
3057 3857 3291 3922 dicatur,
3321 3857 3476 3914 all'crt

1903 3950 2328 4021 assumptionem
2345 3950 2464 4020 ejus
2479 3949 2622 4019 quod
2645 3957 2729 4005 est
2754 3950 3031 4020 proprium
3055 3967 3068 4004 :
3102 3949 3471 4008 dubitationes

1905 4032 2106 4106 autem,
2133 4057 2225 4098 eas
2246 4057 2366 4112 quae
2392 4055 2520 4097 sunt
2546 4042 2600 4096 in
2643 4043 2778 4112 ipsis
2808 4039 3146 4096 dill'erentias
3173 4050 3228 4096 et
3247 4041 3474 4096 demou-

1904 4134 2197 4190 strationes
2225 4151 2240 4188 :
2274 4141 2328 4188 et
2361 4133 2563 4203 alioqui
2606 4141 2805 4205 augent
2847 4133 3383 4203 contemplationem,
3417 4143 3472 4189 et

1903 4241 1969 4282 ea
2015 4241 2134 4297 qua:
2181 4225 2352 4296 ipsam
2393 4234 2838 4297 consequuntur:
2873 4241 2936 4282 ex
2983 4225 3241 4282 omnibus
3287 4231 3465 4280 autem

1893 4531 2000 4588 veti
2019 4531 2218 4595 versio,
2248 4551 2266 4601 ς
2291 4530 2572 4586 tractanda
2590 4536 2716 4587 sunt
2736 4529 3090 4601 homonyma:
3119 4549 3137 4582 ι
3165 4530 3259 4586 sed
3280 4533 3460 4591 verius

1895 4603 2209 4674 χωριστέον.
2239 4600 2503 4674 Strenuus.

1965 4668 2577 4740 (55).£vrv:to6d.1.1et.
2607 4668 2668 4723 L.
2703 4669 3094 4724 συνεπιϐάλλει.
3132 4668 3352 4725 Low'rn.

1969 4739 2080 4814 (56)
2125 4739 2440 4814 Ἐπαιχωγή.
2466 4741 2727 4814 inductio
2746 4740 2888 4814 enim
2912 4749 2995 4795 est
3012 4741 3313 4814 argumenti
3341 4756 3459 4811 spe-

1900 4811 2034 4874 cies,
2064 4811 2172 4880 tlua
2202 4828 2266 4866 ex
2304 4811 2672 4880 singularibus
2701 4811 2974 4880 colligitur
2993 4811 3314 4880 universale.

1965 4876 2208 4952 (57)'Kai
2233 4880 2298 4952 τὸ
2328 4876 2492 4952 τίίῆν
2520 4877 2688 4934 εἶναι.
2727 4876 2865 4952 Quid
2899 4881 2969 4936 sit
2998 4893 3106 4952 res,
3148 4878 3210 4952 _id_
3240 4886 3323 4942 est
3369 4895 3458 4935 es-

1905 4948 2184 5008 sentialem
2214 4951 2332 5020 ejus
2373 4948 2764 5006 deﬁnitionem.
2797 4949 2932 5003 Nam
2958 4965 3022 5004 ex
3052 4948 3319 5020 divisione
3366 4965 3454 5005 re-

1901 5037 2046 5091 rum,
2085 5018 2266 5091 partes
2293 5035 2501 5084 earum,
2524 5030 2578 5076 et
2603 5021 2854 5091 essentia:
2879 5020 3140 5091 rationem
3173 5018 3451 5091 discimus.

1903 5089 2056 5172 Unde
2080 5088 2146 5172 et.
2179 5091 2338 5172 paulo
2368 5097 2526 5172 posta,“
2561 5090 2892 5172 deﬁnitionis
2935 5088 3452 5172 demonstrationem

238 5153 270 5192 τ
295 5138 562 5207 ριἀξὺεηε,
597 5141 898 5231 {quodest
923 5139 1247 5211 παρέχουσα.
1267 5138 1454 5196 Posset
1489 5139 1590 5210 legi
1618 5138 1799 5208 περιέ-

1918 5138 2055 5231 tam
2083 5138 2797 5231 Hiv’iéiB'ueiHS'tiil-EJEE
2806 5138 3174 5212 "dissignata
3191 5138 3201 5140 ⁷
3218 5138 3451 5231 {te};

234 5225 416 5277 χουσι,
452 5228 470 5260 ι
511 5211 938 5267 continentibus.
979 5231 997 5263 ι

309 5300 422 5422 (52)
490 5303 834 5371 Ἐφεκτικοί.
896 5303 1172 5384 ,Ἐφεκτοῇ
1226 5301 1388 5357 Forte
1435 5301 1614 5356 verius
1666 5303 1793 5370 ἐφε-

310 5387 394 5422 ικο
421 5411 435 5422 .
469 5369 728 5422 Sannnc-
753 5405 823 5415 -
853 5372 946 5422 Sic
977 5388 1226 5422 sunerms
1259 5371 1508 5422 ιιεθεκτοῖ
1527 5387 1626 5422 nro
1663 5371 1792 5422 μεθ-

233 5369 435 5425 κτικοί.
469 5369 728 5430 SrLsunc.
753 5405 823 5415 —
853 5372 946 5428 Sic
977 5369 1226 5443 superius
1258 5371 1508 5442 μεθεκτοῐ
1527 5387 1626 5442 pro
1662 5369 1792 5442 μεθ-

235 5444 445 5515 εκτικοί
471 5443 666 5498 Strom.
703 5462 740 5506 ι.
776 5461 896 5515 pag.
927 5445 1051 5506 548,
1081 5443 1171 5497 ubi
1201 5443 1486 5515 conf._not.

317 5513 426 5581 (55)
458 5518 526 5568 Αὶ
560 5515 675 5568 τῶν
704 5509 822 5583 ζηέ.
848 5509 1092 5571 7l‘itulum
1123 5515 1299 5583 ipsum
1328 5512 1592 5567 Hervetus
1623 5509 1794 5565 inter-

234 5600 363 5656 pres
392 5585 610 5656 omittit,
640 5597 693 5640 et
737 5587 940 5656 absque
969 5585 1309 5656 separatione
1331 5584 1610 5653 sequentia
1662 5597 1785 5635 cum

234 5653 660 5726 praecedentibus
692 5653 986 5726 connectit.
1029 5653 1281 5709 ὃπου-ιω.

310 5729 418 5802 (54)
441 5725 792 5797 Χεῳιστέον.
824 5726 1135 5799 Χειριστέον
1169 5723 1414 5797 agnoscit
1454 5723 1616 5778 etiam
1647 5721 1781 5778 Iler-

1906 5249 1925 5284 ι
1951 5227 2081 5302 quid
2113 5231 2204 5302 sit,
2247 5249 2266 5282 ι
2302 5231 2516 5287 docere.
2550 5229 2832 5302 Quomodo
2855 5236 3034 5302 autem
3065 5236 3177 5280 tum
3209 5227 3452 5302 deﬁnitio

1899 5297 2318 5371 ex'inductione
2370 5301 2635 5371 procedit,
2683 5310 2741 5354 ut
2795 5298 3059 5371 sententia
3098 5297 3451 5371 praecedente

1897 5370 2134 5426 dicitur?
2173 5370 2327 5425 Hunc
2355 5366 2555 5425 nodum
2607 5371 2854 5425 Clemens
2891 5368 3066 5438 paulo,
3096 5366 3237 5438 infra
3265 5368 3448 5429 solvit,

1898 5443 1989 5496 ubi
2022 5443 2179 5496 docet
2207 5441 2570 5496 deﬁnitionem
2600 5448 2654 5496 et
2686 5436 2990 5510 praecedere
3019 5436 3366 5500 divisionem,
3397 5448 3450 5492 et

1891 5527 2010 5583 eam
2037 5511 2313 5580 subsequi.

1962 5582 2073 5705 (58)
2105 5576 2240 5636 Καθ’
2272 5579 2476 5647 αὑτάς.
2514 5581 2572 5635 In
2603 5579 2749 5634 Flo‘r.
2779 5589 2863 5634 est
2894 5578 3057 5634 etiam
3091 5578 3258 5632 altera
3285 5576 3448 5631 lectio

1998 5653 2010 5673 ‘
2043 5652 2227 5705 αὑτάς.
2269 5651 2510 5705 Priorem
2541 5651 2787 5705 seuuitur
2823 5649 3034 5704 Hcrvetl
3069 5650 3271 5705 versio.
3309 5666 3328 5700 ι
3355 5661 3448 5703 eas

1889 5669 1960 5706 κα

1998 5653 2010 5673 ’
2043 5649 2227 5715 αὑτάς.
2269 5651 2510 5706 Priorem
2541 5651 2787 5720 sequitur
2823 5649 3034 5704 Hcrvetl
3069 5650 3271 5714 versio,
3309 5666 3328 5700 ι
3355 5661 3452 5703 eas

1885 5739 2006 5794 quae
2035 5731 2160 5780 sunt
2191 5725 2243 5778 in
2277 5722 2409 5794 ipsis
2429 5721 2780 5777 differentias.
2835 5743 2852 5776 ι
2891 5721 3149 5777 Ξῖιυυιω.
