4016 6308
519 335 629 398 585

1707 323 2104 383 CLEMENTIS
2141 318 2606 377 ALEXANDRINI

3676 311 3788 370 584

515 454 830 516 ostenditur
877 451 1106 509 scientia
1137 456 1191 504 et
1238 448 1464 503 veritas.
1523 445 1737 501 Rursus
1772 445 1824 498 id
1851 445 1998 515 quod
2045 443 2099 498 in

2230 457 2340 502 rem;
2373 438 2466 491 καὶ
2517 432 3124 508 ὓστεροςόδιορισμός·
3169 433 3434 506 πρότερος
3478 432 3600 502 μὲν,
3658 432 3794 485 ὅταν

518 564 789 609 summam
820 548 1085 618 redigitur
1101 560 1166 600 ex
1184 543 1474 606 divisione,
1499 541 1802 612 appellatur
1821 540 2096 606 deﬁnitio;

520 641 758 701 sumitur
806 639 953 695 enim
992 635 1377 693 determinatio
1429 641 1483 689 et
1529 633 1680 704 prior
1708 621 1998 696 divisione.
2047 638 2101 687 et

520 731 822 804 posterior:
858 729 1010 798 prior
1042 726 1284 798 quidem,
1314 725 1537 795 quando
1563 738 1827 779 concessa
1854 723 1939 778 vel
1975 730 2101 775 tan-

520 828 637 876 tum
666 816 943 891 proposita
971 815 1168 881 fuerit;
1210 814 1482 884 posterior
1515 820 1718 876 autem,
1754 812 1974 882 quando
2004 811 2100 866 de-

523 918 850 975 monstrata,
909 917 964 964 et
1019 924 1114 978 per
1165 921 1412 969 sensum,
1463 921 1530 962 ex
1597 905 1983 976 singularibus,
2046 904 2101 958 in

523 1016 792 1059 summam
849 1001 1126 1071 colligitur
1186 999 1533 1062 universale;
1576 998 1908 1052 inductionis
1956 997 2101 1051 enim

524 1091 851 1167 principium
916 1100 1002 1148 est
1069 1104 1311 1148 sensus:
1367 1089 1490 1144 linis
1557 1097 1772 1150 autem,
1838 1088 1889 1142 id
1957 1087 2104 1158 quod

529 1191 618 1239 est
649 1182 980 1238 universale.
1029 1181 1206 1252 Atque
1243 1179 1487 1235 inductio
1515 1180 1732 1250 quidem
1765 1194 1875 1234 non
1921 1187 2106 1235 osten-

525 1273 608 1333 dit
675 1277 802 1349 quid
881 1276 991 1340 sit,
1055 1275 1151 1331 sed
1215 1274 1360 1345 quod
1420 1273 1510 1337 sit,
1563 1273 1648 1328 vel
1692 1287 1804 1327 non
1869 1273 1987 1330 sit:
2041 1277 2101 1336 ω

2204 528 2528 600 συγχωρηθῇ
2582 526 2615 597 ἢ
2669 526 2930 598 προτεθῇ⁶
2969 525 3194 596 ὕστερος
3228 523 3340 593 (59)
3379 523 3457 586 δὲ,
3488 524 3620 576 ὅταν
3647 524 3794 575 ἀπο-

2200 621 2383 691 δειχθῇ
2404 638 2416 650 ο
2445 621 2538 672 καὶ
2568 617 2710 671 κατὰ
2724 617 2822 688 τὴν
2850 616 3103 686 αἴσθησιν
3130 614 3186 668 δὲ
3217 617 3281 668 ὲκ
3311 613 3406 668 τοῦ
3435 613 3554 668 καθ’
3572 614 3797 668 Exacta.

2203 710 2591 781 κεφαλαιοῦται
2610 709 2672 762 τὸ
2686 708 2934 762 καθόλου·
2957 707 3100 778 ἀρχὴ
3117 706 3227 777 (60)
3244 706 3353 777 γὰρ
3368 705 3466 774 τῆς
3483 704 3799 774 ἐπαγωγῆς

2203 805 2500 878 ἡαῐσθησις
2515 821 2529 833 ·
2550 802 2724 874 πέρας
2751 799 2882 855 δὲτὸ
2902 799 3152 854 καθόλου.
3180 800 3248 852 Ἠ
3273 800 3371 870 μὲν
3395 795 3485 853 οὗν
3516 800 3799 871 ἐπαγωγὴ

2203 897 2266 951 οὐ
2295 898 2355 950 τὸ
2387 896 2438 948 τί
2471 898 2590 948 ἐστι
2615 895 2907 956 δείκνυσιν,
2937 893 3052 947 ἀλλ’
3087 893 3168 946 ὅτι
3197 893 3366 954 ἐστὶν,
3413 893 3446 961 ἦ
3473 895 3574 946 οὐκ
3599 895 3762 946 ἔστιν
3781 912 3795 922 '

2203 989 2236 1058 ἡ
2271 987 2527 1058 διαίρεσις
2559 985 2637 1048 δὲ,
2671 985 2751 1038 ὅτι
2800 985 2916 1037 ἐστὶ
2962 984 3288 1054 παρίστησιν
3322 982 3506 1054 (61),ὅ
3529 1001 3590 1036 τε
3619 983 3800 1052 διορι-

2207 1079 2341 1149 σμὸς
2378 1077 2580 1147 ὁμοίως
2605 1077 2672 1146 τῇ
2689 1075 2951 1147 διαιρέσει
2983 1076 3080 1146 τὴν
3113 1077 3299 1129 οὐσίαν
3343 1077 3436 1128 καί
3470 1075 3533 1128 τὸ
3572 1078 3626 1128 τί
3672 1077 3794 1128 ἐστι

2205 1171 2474 1234 διδάσκει,
2519 1171 2640 1241 οὐχὶ
2679 1169 2737 1222 δὲ
2778 1169 2840 1222 τὸ
2880 1171 2929 1221 εἰ
2974 1169 3151 1222 ἔστιν’
3186 1171 3218 1239 ἡ
3259 1185 3318 1221 τε
3358 1168 3670 1234 ἀπόδειξις,
3725 1169 3798 1222 τά

2204 1264 2353 1335 τρία,
2387 1263 2446 1316 τό
2476 1279 2534 1315 τε
2567 1263 2615 1314 εἰ
2647 1260 2812 1326 ἔστιν,
2844 1262 2940 1315 καὶ
2971 1261 3032 1314 τὸ
3060 1262 3111 1314 τί
3145 1262 3312 1316 ἐστιν.
3342 1264 3436 1315 καὶ
3464 1262 3527 1314 τὸ
3557 1263 3708 1315 διατί
3741 1264 3798 1314 ὲ-

525 1366 727 1425 divisio
756 1378 937 1424 autem
975 1366 1121 1439 quod
1142 1366 1237 1431 sit,
1271 1375 1327 1422 et
1345 1366 1726 1422 determinatio
1755 1365 2006 1422 similiter
2024 1372 2108 1419 at-

2230 1372 2346 1417 mv,
2383 1351 2686 1426 σαφηνίζει.
2719 1354 2839 1408 Εἰσὶ
2881 1354 2938 1407 δὲ
2979 1353 3109 1407 ἔνιοι
3139 1355 3231 1406 καὶ
3265 1353 3366 1424 τῆς
3399 1353 3580 1417 αἰτίας
3607 1357 3798 1426 ἐμπε-

525 1477 636 1534 que
667 1461 888 1525 divisio,
923 1461 1217 1516 essentiam
1243 1459 1422 1522 docet,
1448 1466 1502 1513 et
1523 1459 1654 1529 quid
1683 1459 1775 1523 sit,
1800 1474 1909 1512 non
1928 1467 2106 1518 autem

2230 1450 2472 1502 nexttxo‘t
2503 1450 2637 1520 ὅροι.
2685 1447 2837 1502 Ἐπεὶ
2865 1447 2921 1502 δὲ
2951 1447 3272 1500 ἐπίστασθαί
3304 1449 3483 1513 ἐστιν,
3509 1449 3642 1502 ὅταν
3671 1448 3802 1501 ἴδων-

527 1569 598 1610 an
626 1554 717 1610 sit.
753 1551 1164 1610 Demonstratio
1197 1561 1380 1606 autem
1410 1552 1513 1606 tria
1533 1592 1548 1616 ,
1585 1567 1780 1622 nempe
1809 1567 1877 1605 an
1909 1551 1982 1606 sit
2006 1590 2020 1613 ,
2054 1558 2110 1606 et

2230 1560 2311 1597 ιεν
2342 1542 2442 1614 τὴν
2472 1542 2650 1595 αἰτίαν
2671 1557 2686 1573 ο
2728 1541 2898 1594 αίτίαι
2945 1539 3057 1610 (69)
3089 1539 3144 1592 δὲ
3182 1539 3462 1611 τέσσαρες,
3496 1541 3530 1610 ἡ
3566 1540 3671 1610 ὕλη
3693 1580 3711 1604 ,
3739 1541 3803 1595 τὸ

527 1648 660 1721 quid
711 1647 825 1711 sit,
875 1654 929 1702 et
966 1653 1188 1716 prepter
1233 1645 1362 1715 quid
1395 1648 1465 1700 sit
1499 1645 1694 1715 aperit.
1745 1643 1885 1698 Sunt
1927 1654 2108 1700 autem

2230 1633 2394 1689 ιινοῦν
2445 1632 2591 1704 (6'5),
2627 1631 2689 1684 τὸ
2739 1628 2907 1695 εἶδος,
2951 1631 3014 1683 τὸ
3052 1630 3237 1694 τέλοςο
3269 1632 3551 1703 τετραχῶς
3581 1633 3746 1686 ἔσται
3774 1637 3802 1687 ό

531 1718 806 1797 nonnullae
842 1754 1062 1810 quoque
1102 1738 1446 1794 deﬁnitiones
1491 1755 1611 1809 quae
1653 1753 1876 1794 causam
1925 1737 2104 1793 conti-

2230 1725 2506 1796 ἰιορισμός.
2535 1722 2779 1795 Ληπτέον
2811 1718 2902 1776 οὖν
2935 1721 3149 1794 πρῶτον
3177 1723 3238 1776 τὸ
3270 1723 3424 1791 γένος
3446 1764 3461 1788 ,
3505 1727 3567 1777 ὲν
3683 1729 3808 1778 ἐστι

531 1841 686 1890 nent.
714 1831 985 1899 Quoniam
1009 1840 1190 1887 autem
1219 1831 1363 1887 scire
1387 1838 1490 1894 est,
1523 1829 1742 1900 quando
1774 1845 1994 1886 causam
2023 1829 2108 1884 vi-

2230 1819 2320 1872 ιῶν
2351 1817 2536 1870 έπάνω
2565 1816 2634 1868 τὰ
2655 1814 2960 1884 ἐγγύτατα·
3000 1813 3138 1885 μετὰ
3168 1813 3325 1867 τοῦτο
3343 1855 3357 1877 ,
3403 1815 3501 1886 τὴν
3548 1817 3807 1888 προσεχῆ

535 1925 781 1982 derimus
815 1941 831 1980 :
863 1931 993 1979 sunt
1027 1933 1206 1979 autem
1241 1937 1422 1978 causa:
1460 1929 1731 1992 quatuor,
1770 1922 2028 1984 materia,
2059 1920 2114 1975 id

533 2017 678 2088 quod
721 2022 933 2080 movet,
968 2014 1140 2071 forma
1162 2055 1176 2078 ,
1207 2016 1333 2071 linis
1365 2034 1378 2070 :
1411 2015 1517 2071 erit
1549 2013 1890 2084 quadruplex
1935 2013 2117 2068 deter-

535 2108 786 2163 minatio.
816 2105 1057 2160 Primum
1080 2122 1210 2175 ergo
1243 2105 1567 2161 sumendum
1601 2115 1684 2160 est
1707 2120 1900 2176 genus,
1921 2109 1973 2158 in
2007 2119 2117 2175 quo

537 2206 666 2258 sunt
693 2213 756 2253 ea
787 2214 908 2268 qua:
952 2207 1081 2253 sunt
1126 2199 1372 2266 proxima
1412 2198 1724 2266 supremis:
1761 2204 1946 2266 postea
1991 2212 2119 2266 pro-

537 2292 742 2363 pinqua
765 2288 1092 2345 dill‘ercntia.
1111 2288 1548 2345 Dill'erentiarum
1571 2297 1750 2344 autem
1778 2289 2119 2343 continuatio

537 2384 710 2439 scissa
735 2391 789 2437 et
815 2383 1014 2450 divisa,
1037 2384 1272 2454 complet
1293 2382 1422 2453 quid
1442 2383 1515 2436 sit
1537 2398 1680 2445 esse,
1706 2398 1800 2439 seu
1828 2383 1904 2436 rei
1930 2397 2120 2438 essen-

541 2473 674 2527 tiam
707 2487 772 2528 ac
799 2472 1198 2529 deﬁnitionem.
1226 2471 1344 2527 Non
1372 2488 1596 2528 necesse
1624 2481 1706 2526 est
1738 2480 1916 2526 autem
1940 2472 2120 2526 dicere

541 2581 732 2623 omnes
759 2566 1193 2636 uniuscujusque
1231 2564 1589 2625 dill‘erentias,
1617 2564 1710 2620 sed
1733 2581 1828 2619 eas
1853 2580 1972 2634 qua:
1995 2581 2120 2634 spe-

541 2655 657 2711 cies
685 2657 1046 2710 constituunt.
1088 2653 1430 2710 Geometrica
1465 2656 1728 2709 resolutio
1760 2664 1814 2709 et
1849 2655 2122 2725 composi-

540 2746 622 2803 tio
672 2747 931 2803 divisioni
971 2747 1272 2803 dialecticae
1309 2755 1364 2803 et
1403 2747 1708 2802 deﬁnitioni
1749 2747 1966 2802 similis.
1998 2747 2063 2800 Et
2091 2762 2122 2801 a

2217 1905 2498 1984 διαφοράν.
2543 1910 2606 1964 Ἦ
2635 1910 2692 1963 δὲ
2722 1909 2968 1980 συνέχεια
2998 1907 3105 1961 τῶν
3131 1908 3402 1980 διαφορῶν
3436 1910 3571 1980 (64),
3606 1927 3812 1981 τεμνο-

2221 2005 2355 2076 μένη
2381 2004 2475 2056 καὶ
2513 2000 2970 2073 ἁποδιαιρουμένη
2993 2039 3008 2062 ,
3056 2000 3116 2053 τὸ
3148 2001 3203 2052 τί
3229 1996 3297 2072 ἦν
3325 1997 3463 2056 εἶναι
3506 2003 3808 2073 ὲκπληῴ.

2219 2097 2334 2151 Οὐκ
2363 2097 2574 2165 ἀνάγκη
2603 2095 2660 2147 δὲ
2691 2093 2867 2156 πάσας
2891 2093 3067 2162 λέγειν
3105 2093 3337 2147 ἑκάστου
3367 2077 3463 2158 τάς
3496 2094 3812 2168 διαφορὰς,

2218 2191 2352 2245 ἀλλὰ
2385 2189 2482 2253 τὰς
2506 2186 2892 2250 εἰδοποιούσας.
2948 2187 3012 2240 Ἦ
3039 2187 3386 2258 γεωμετρικὴ
3411 2188 3679 2252 ἀνάλυσις
3716 2190 3815 2242 καὶ

2223 2284 2489 2348 σύνθεσις,
2517 2285 2584 2354 τῇ
2616 2280 2927 2352 διαλεκτικῇ
2957 2279 3215 2351 διαιρέσει
3240 2281 3334 2333 καί
3370 2281 3582 2352 ὁρισμῷ
3621 2282 3778 2335 ἔοικε
3797 2301 3812 2312 σ

2221 2379 2314 2431 καὶ
2343 2377 2451 2431 ἀπὸ
2484 2377 2580 2448 μὲν
2607 2376 2705 2446 τῆς
2731 2374 3068 2447 διαιρέσεως,
3099 2371 3191 2426 ἐπὶ
3216 2372 3287 2426 τὰ
3330 2373 3682 2446 ἁπλούστερα
3718 2378 3815 2428 καὶ

2222 2470 2567 2542 ἀρχικώτερα
2598 2467 2983 2539 άνατρέχομεν.
3020 2467 3092 2520 Τὸ
3131 2466 3261 2533 γοῦν
3295 2467 3448 2536 γένος
3487 2467 3584 2521 τοῦ
3615 2468 3815 2538 ζητου-

2226 2563 2386 2635 μένου
2413 2563 2735 2634 πράγματος
2772 2559 3082 2631 διαιροῦμεν
3125 2561 3204 2624 είς
3247 2561 3622 2631 ἐνυπάρχοντα
3653 2561 3814 2634 αὐτῷ

2223 2656 2340 2726 εἴδη
2363 2672 2374 2685 ·
2411 2649 2522 2708 οἷον
2549 2656 2640 2708 ἐπὶ
2666 2654 2757 2708 τοῦ
2788 2653 3076 2725 ἀνθρώπου
3107 2653 3168 2706 τὸ
3203 2652 3371 2718 ζῶον,
3396 2653 3553 2722 γένος
3588 2653 3648 2706 ὂν
3668 2695 3686 2718 ,
3730 2656 3813 2717 εἰς

2223 2748 2293 2802 τὰ
2317 2749 2686 2820 ἐμφαινόμενα
2717 2745 2830 2818 εἴδη
2869 2745 3202 2817 διαιροῦμεν.
3234 2746 3295 2798 τὸ
3327 2745 3518 2816 θνητὸν
3544 2746 3642 2799 καὶ
3674 2746 3818 2800 ἀθά-

543 2840 813 2898 divisioue
841 2841 1061 2911 quidem
1109 2840 1448 2896 recurrimus
1476 2839 1545 2894 ad
1575 2856 1640 2896 ea
1679 2857 1799 2911 quae
1828 2847 1956 2896 sunt
1993 2840 2120 2896 sim-

2230 2858 2418 2896 νατον·
2464 2842 2558 2894 καὶ
2604 2840 2773 2904 οὓτως
2822 2840 2910 2893 ἀεὶ
2957 2839 3027 2893 τά
3073 2839 3302 2892 σύνθετα
3351 2838 3615 2893 δοκοῦντα
3669 2836 3818 2893 εἶναι

544 2933 800 3003 pliciora,
825 2940 880 2988 et
907 2931 1083 3003 iiiagis
1111 2933 1458 3003 principalia.
1495 2932 1670 3002 Atque
1703 2950 1874 3004 genus
1905 2932 2120 3002 quidem

2230 2935 2356 3005 γένη
2381 2936 2460 2997 εἰς
2483 2932 2552 2986 τὰ
2572 2933 2912 3005 ἁπλούστερα
2933 2932 3046 3004 εἴδη
3076 2931 3378 3002 τέμνοντες,
3406 2932 3500 2984 ἐπὶ
3522 2931 3585 2984 τὺ
3613 2931 3689 3002 μὴ
3719 2933 3820 3003 ζη-

544 3027 626 3082 rei
655 3042 777 3097 qua:
818 3026 1081 3097 quaeritur
1113 3024 1408 3082 dividimus
1464 3025 1519 3079 in
1551 3041 1646 3080 eas
1694 3041 1814 3094 quae
1850 3025 1900 3079 ei
1939 3029 2120 3080 insunt

2230 3027 2320 3081 τού
2330 3044 2487 3098 μενον
2507 3026 2614 3096 (65)
2636 3026 2729 3079 καὶ
2752 3023 3131 3097 μηκέτιτομὴν
3152 3023 3544 3094 ἀποδεχόμενον
3564 3040 3818 3094 παραγι-

546 3120 757 3190 spccies
787 3137 800 3172 :
835 3127 894 3171 ut
926 3117 1161 3187 exempli
1187 3132 1376 3182 causa,
1407 3116 1461 3170 in
1483 3118 1723 3180 homine,
1747 3117 1949 3171 animal
1975 3116 2120 3187 quod

2230 3119 2449 3191 νόμεθα.
2482 3119 2556 3172 Τὸ
2575 3117 2682 3189 γὰρ
2715 3116 2851 3181 ζῶον
2871 3119 2950 3180 εἰς
2980 3115 3039 3169 τὸ
3077 3115 3270 3187 θνητὸν
3302 3117 3396 3168 καὶ
3414 3115 3682 3170 ἀθάνατον
3706 3117 3820 3170 διε-

548 3219 634 3265 est
661 3223 855 3280 genus,
887 3209 1184 3264 dividimus
1225 3209 1278 3262 in
1318 3223 1410 3264 eas
1444 3224 1566 3278 quae
1599 3208 1653 3262 in
1694 3209 1815 3278 ipso
1857 3217 2120 3278 apparent

551 3302 762 3372 species
787 3343 803 3368 ,
852 3317 1048 3370 nempe
1075 3302 1304 3356 mortale
1333 3309 1386 3355 et
1416 3301 1742 3356 immortale.
1777 3300 1839 3355 Et
1869 3304 1950 3356 sic
1975 3317 2123 3356 sem-

553 3409 651 3466 per
673 3408 871 3464 genera
923 3407 1044 3462 qua:
1077 3391 1328 3446 videntur
1355 3407 1478 3447 esse
1504 3392 1805 3462 composita
1826 3431 1842 3456 ,
1873 3400 2123 3447 secantes

555 3485 610 3538 in
659 3481 874 3554 species
928 3481 1322 3552 simpliciores,
1381 3482 1696 3537 accedimus
1738 3482 1810 3535 ad
1872 3482 1924 3536 id
1977 3481 2125 3552 quod

551 3576 836 3647 quzeritur,
869 3584 925 3629 et
951 3590 1060 3628 non
1084 3574 1322 3644 amplius
1350 3574 1582 3642 suscipit
1611 3573 1955 3629 divisionem.
1987 3574 2124 3628 Cum

540 3660 698 3725 Iouim
731 3667 936 3721 animal
965 3666 1317 3721 diviserimus
1348 3666 1402 3720 in
1433 3664 1662 3720 mortale
1691 3673 1746 3720 et
1787 3665 2125 3731 immortale,

553 3759 752 3816 deinde
780 3774 909 3814 vero
936 3760 1165 3814 mortale
1187 3759 1240 3812 in
1271 3751 1532 3815 terrestre
1557 3768 1610 3814 et
1630 3761 1886 3828 aquatile,
1918 3769 1972 3815 et
2008 3777 2130 3813 rur-

554 3867 651 3908 sus
677 3859 936 3908 terrestre
960 3852 1016 3906 in
1055 3853 1278 3906 volucre
1296 3860 1350 3906 et
1379 3851 1630 3921 pedestre
1651 3891 1668 3915 ,
1708 3859 1762 3906 et
1797 3853 1876 3906 sic
1908 3854 2132 3922 propin-

556 3958 719 4013 quam
748 3943 796 3997 ei
820 3941 966 4013 quod
999 3945 1264 4011 quaeritur
1307 3943 1540 4011 speciem
1561 3982 1576 4005 ,
1629 3957 1748 4012 quae
1789 3944 1950 3996 etiam
1982 3958 2133 3996 corl-

2223 3212 2425 3276 λόντες,
2454 3208 2570 3264 εἶτα
2604 3211 2784 3282 μέντοι
2803 3209 2864 3262 τὸ
2893 3207 3085 3281 θνητὸν
3106 3210 3186 3272 εἰς
3209 3209 3271 3260 τὸ
3294 3212 3546 3280 χερσαῖον
3573 3205 3669 3263 καὶ
3695 3209 3814 3262 ἐνυ-

2221 3303 2366 3376 δρον,
2401 3305 2495 3357 καὶ
2525 3302 2685 3355 πάλιν
2709 3301 2770 3354 τὸ
2800 3303 3053 3372 χερσαῖον
3083 3301 3162 3363 εἰς
3192 3300 3252 3352 τὸ
3285 3299 3486 3371 πτηνὸν
3503 3301 3601 3353 καὶ
3623 3300 3824 3364 πεζὸν,

2224 3399 2318 3452 καὶ
2340 3397 2513 3460 οὕτως
2554 3395 2614 3448 τὸ
2647 3394 2911 3466 προσεχὲς
2951 3392 3031 3464 τῷ
3064 3392 3377 3463 ζητουμένῳ
3423 3387 3600 3457 εἶδος,
3651 3393 3681 3444 ὃ
3723 3396 3823 3446 καὶ

2227 3489 2624 3562 περιλαμϐάνει
2650 3488 2711 3541 τὸ
2733 3486 3084 3558 ζητούμενον,
3112 3486 3466 3558 διαιροῦντες,
3503 3485 3822 3557 ἀφιξόμεθα

2225 3582 2514 3652 τέμνοντες
2540 3580 2632 3632 ἐπὶ
2667 3580 2727 3632 τὸ
2761 3578 3129 3632 ἁπλούστατον
3157 3573 3326 3640 εἶδος,
3372 3579 3509 3650 ὅπερ
3550 3579 3683 3633 ἄλλο
3719 3579 3828 3649 μὲν

2227 3673 2399 3735 οὐδὲν,
2445 3673 2602 3744 μόνον
2632 3671 2690 3724 δὲ
2714 3671 2775 3723 τὸ
2795 3669 3126 3742 ζητούμενον
3167 3670 3606 3740 παραλαμϐάνει.
3645 3670 3828 3724 Πάλιν

2230 3765 2340 3837 γὰρ
2370 3766 2431 3818 τὸ
2462 3761 2625 3827 πεζὸν
2659 3764 2738 3826 εἰς
2783 3762 2997 3830 λογικὸν
3041 3763 3136 3815 καὶ
3185 3761 3378 3829 ἄλογον
3422 3760 3822 3832 διαιρούμεθα·

2233 3860 2466 3913 κᾶπειτα
2487 3858 2556 3910 τὰ
2583 3857 2823 3928 προσεχῆ
2853 3855 2962 3930 τῶν
2983 3857 3047 3909 ὲκ
3075 3855 3174 3924 τῆς
3198 3854 3512 3926 διαιρέσεως
3543 3853 3828 3924 λαμϐανο-

2238 3950 2411 4021 μένων
2450 3947 2604 4001 εἰδῶν
2631 3947 2709 4018 τῷ
2746 3931 3014 4019 ἀνθρώπῳ
3045 3945 3418 4016 ἐκλεγόμενοι,
3459 3947 3552 3999 καὶ
3597 3948 3830 3998 ἐπισυν-

557 4033 845 4104 prebendit
878 4033 931 4088 id
961 4034 1106 4104 quod
1137 4035 1402 4104 quaeritur
1427 4073 1442 4097 ,
1483 4035 1832 4089 diviserimus
1852 4074 1866 4097 ,
1895 4035 2120 4090 secandc

2236 4039 2420 4100 θέντες
2451 4039 2530 4100 εἰς
2554 4039 2651 4092 ἕνα
2671 4037 2827 4106 λόγον
2849 4076 2862 4100 ,
2890 4036 2981 4088 τὸν
3014 4037 3137 4108 ὅρον
3166 4036 3260 4090 τοῦ
3310 4035 3597 4107 ἀνθρώπου
3627 4036 3828 4088 ἀποδί-

558 4125 910 4182 deveniemus
932 4127 1001 4182 ad
1046 4127 1506 4198 simplicissimam
1547 4128 1782 4197 speciem
1803 4167 1816 4190 ,
1846 4143 1970 4196 quae
2001 4127 2113 4180 nihi

2234 4132 2420 4202 δόμεν,
2451 4133 2508 4193 ὃς
2539 4132 2652 4184 έστί
2685 4129 2820 4194 ζῶον
2857 4129 3067 4200 θνητὸν,
3120 4133 3393 4200 χερσαῖον,
3436 4128 3620 4191 πεζὸν,
3673 4129 3831 4195 λογι-

559 4219 779 4289 quidem
813 4220 982 4282 aliud,
1008 4219 1104 4274 sed
1132 4221 1186 4274 id
1210 4222 1383 4274 solum
1407 4222 1550 4292 quod
1586 4223 1845 4291 qmeritur
1883 4237 2120 4291 compre-

2239 4223 2353 4275 κόν.
2391 4221 2552 4274 Ὅθεν
2591 4220 2722 4291 ὕλης
2765 4221 2861 4291 μὲν
2883 4220 3036 4286 τάξιν
3087 4221 3273 4291 ἐπέχει
3313 4225 3346 4291 ἡ
3386 4221 3651 4290 διαίρεσις
3675 4260 3690 4279 ,
3746 4221 3832 4290 τῷ

561 4311 768 4368 hendit.
794 4312 1008 4368 Rursus
1039 4315 1184 4368 enim
1220 4315 1472 4384 pedestre
1501 4316 1794 4369 dividimus
1825 4315 1880 4368 in
1912 4315 2120 4369 rationi:

2240 4317 2350 4388 ὅρῳ
2379 4315 2478 4386 τὴν
2504 4313 2783 4384 ἁπλότητα
2807 4314 2904 4366 τοῦ
2929 4313 3192 4384 ὀνόματος
3223 4311 3566 4382 ἀναζητοῦσα
3592 4329 3606 4342 ·
3640 4311 3830 4381 τεκνία

560 4405 832 4475 particeps
860 4413 914 4460 et
947 4422 1144 4476 expers
1169 4407 1417 4462 rationis.
1449 4405 1653 4462 Deinde
1674 4424 1739 4462 ex
1765 4407 1832 4463 iis
1854 4407 2120 4477 speciebus

2241 4426 2335 4461 του
2369 4408 2426 4460 δὲ
2463 4409 2554 4462 καὶ
2595 4405 2925 4479 δημιουργοῦ
2961 4409 2991 4460 ό
3033 4407 3156 4478 ὄρος
3203 4405 3560 4468 ἑπισυντιθείς
3595 4407 3688 4457 καὶ
3725 4422 3832 4458 xa-

561 4513 683 4568 qua:
707 4507 1000 4553 sumuntur
1028 4514 1095 4553 ex
1121 4499 1389 4554 divisione
1409 4539 1424 4564 ,
1458 4500 1722 4571 eligentes
1759 4515 1822 4554 ea
1855 4515 1976 4570 quae
2013 4517 2116 4556 sun

2244 4501 2613 4565 τασκευάζων,
2649 4501 2742 4552 καὶ
2763 4498 2860 4569 τὴν
2889 4498 3087 4566 γνῶσιν
3118 4497 3211 4550 τοῦ
3243 4497 3395 4561 δντος
3433 4498 3724 4568 παριστὰς·
3763 4497 3830 4549 οὐ

561 4591 738 4660 magis
774 4591 1082 4660 propinqua
1114 4592 1340 4656 homini,
1372 4609 1495 4646 cum
1524 4609 1588 4646 ex
1628 4593 1695 4648 iis
1725 4609 1887 4647 unam
1919 4608 2114 4662 eompo

2249 4595 2451 4646 τούτων
2499 4593 2605 4646 τῶν
2648 4593 2984 4664 πραγμάτων
3022 4586 3095 4644 ὧν
3136 4591 3330 4661 ἔχομεν
3374 4589 3666 4652 καθολικὰς
3709 4589 3836 4642 δια-

563 4684 838 4738 suerimus
896 4686 1234 4748 orationem,
1283 4684 1546 4739 ellicimus
1596 4686 1835 4740 hominis
1868 4686 2120 4741 deﬁnitio

2251 4689 2416 4750 νοίας.
2440 4686 2658 4740 Τούτων
2687 4687 2795 4738 τῶν
2820 4685 3066 4740 διανοιῶν
3110 4686 3232 4748 τοὺς
3271 4684 3695 4755 ἑρμηνευτικοὺς
3742 4682 3838 4735 λό-

645 4843 703 4900 Ψ
744 4835 806 4892 Ρ.
994 4837 1100 4892 ED.
1145 4837 1458 4903 POTTER,
1503 4839 1604 4892 779
1645 4838 1751 4894 El).
1796 4838 2025 4896 PABIS.

634 4975 747 5047 (59)
779 4976 1072 5099 ":‘gtepoq.
1099 4973 1258 5029 Conl‘.
1287 4975 1596 5031 Aristotelis
1620 4976 1838 5048 Analyt.
1871 4986 2010 5045 post.
2039 4975 2137 5029 lib.

654 5062 776 5099 can.
836 5065 884 5099 ο.

565 5063 626 5112 ιι,
654 5062 776 5112 cap.
803 5062 884 5099 ιο.

636 5063 984 5240 (ἓθῗοῇἓχιὶ.
1026 5115 1224 5170 Eadem
1256 5115 1416 5170 docet
1442 5117 1766 5172 Aristoteles
1797 5118 2011 5186 Analyt.
2045 5118 2139 5171 lib.

643 5204 766 5240 can.
881 5230 891 5240 .

567 5204 608 5255 ι,
643 5204 766 5255 cap.
805 5204 891 5241 us.

785 5204 905 5310 ’ὂῗί
930 5257 1060 5329 ἐστί
1089 5268 1226 5325 παρ.
1266 5275 1284 5306 ι
1307 5256 1474 5329 Quod
1498 5259 1589 5316 sit.
1631 5278 1650 5307 ι
1685 5266 1792 5314 etc.
1817 5257 2106 5329 Perperam
2129 5276 2141 5311 :

565 5327 622 5383 ω
649 5327 819 5390 enim,
851 5336 910 5380 ut
937 5328 1141 5382 dictum
1162 5336 1267 5390 est,
1289 5327 1448 5384 docet
1477 5329 1739 5383 inductio.
1762 5327 2143 5389 Scribendum,

565 5399 698 5471 vovi
733 5401 894 5471 ἐστι·Δ
918 5399 1022 5471 vel,
1076 5398 1104 5450 ὅ
1138 5415 1191 5451 τι
1225 5399 1374 5451 ἐστί·
1407 5418 1426 5451 ι
1481 5401 1614 5471 quid
1661 5401 1750 5453 sit.
1792 5420 1810 5452 ι
1844 5399 1902 5453 ιιι
1945 5401 2146 5470 quippe

567 5469 762 5522 aﬂerre
790 5467 1134 5531 divisionem,
1165 5485 1288 5522 mox
1315 5471 1408 5525 ait.

637 5538 757 5610 (62);
781 5538 990 5593 Αἰτίαι.
1020 5537 1180 5595 Conf.
1211 5541 1531 5598 Aristoteles
1565 5541 1782 5610 Analyt.
1814 5553 2008 5609 poster.
2043 5541 2141 5595 lib.

565 5609 1117 5698 t‘trtccullg-quodmsic
1159 5611 1594 5698 incipit';_'l:31rel.
1636 5609 2042 5698 δείέπῐσξασθαι
2068 5614 2146 5664 οἰ-

564 5678 921 5754 όμεθα,ῌὸταν
967 5681 1194 5753 εἰδῶμεν
1237 5678 1586 5754 τῆνξάἰτίαν·
1634 5682 1803 5736 αἰτίαι
1845 5683 1903 5735 δὲ
1948 5683 2143 5754 τέσσα-

569 5748 680 5820 ρες.
722 5767 740 5800 ι
765 5748 903 5804 Cum
937 5748 1116 5806 autem
1142 5748 1395 5822 putemu$
1425 5771 1525 5808 nos
1556 5764 1685 5808 tunc
1716 5755 1858 5809 scire
1879 5793 1892 5815 ,
1924 5753 2141 5824 quando

565 5833 788 5875 causam
817 5824 1246 5891 cognoscimus;
1297 5840 1478 5882 causa:
1515 5842 1641 5881 vero
1677 5835 1912 5900 quatuor
1936 5827 2077 5892 sint,
2118 5843 2137 5876 ι

2245 4984 2375 5034 etc.,
2405 4990 2526 5043 quae
2564 4972 2676 5027 fere
2699 4971 2842 5043 κατά
2863 4972 3005 5038 λέξιν
3031 4972 3226 5041 repetit
3248 4971 3524 5028 Clemens.

2318 5041 2441 5116 (65)·
2468 5044 2537 5098 Τὸ
2570 5044 2808 5116 κινοῦν.
2829 5041 2885 5097 Id
2919 5054 3022 5105 est.
3053 5044 3111 5095 τὸ
3137 5045 3434 5116 ποιητικόν.
3465 5046 3528 5100 H.
3557 5045 3832 5103 Susus.

2245 5108 2448 5184 Nempe
2483 5131 2651 5188 causa
2675 5113 3010 5188 eﬂlcienstﬁ
3037 5108 3324 5188 ‘Ft_7tpa).0‘l
3359 5117 3576 5188 ἐκίνησε
3598 5158 3612 5178 ,
3647 5137 3664 5168 ι
3703 5137 3834 5187 quae

2248 5187 2483 5256 primum
2515 5187 2722 5248 movit,
2761 5205 2778 5235 ι
2823 5194 2884 5256 ut
2917 5185 2985 5256 ab
3028 5185 3320 5256 Aristotele
3347 5185 3567 5256 dicitur
3590 5190 3689 5242 loc.
3723 5185 3829 5244 cit.

2321 5257 2431 5327 (64)
2465 5257 2752 5325 Συνέχεια
2783 5253 2900 5308 τῶν
2926 5254 3242 5324 διαφορῶν.
3285 5275 3301 5304 ι
3333 5255 3688 5311 Coacervatio
3718 5261 3834 5312 dif-

2240 5325 2628 5389 ferentiarum,
2670 5348 2686 5379 ι
2716 5327 2874 5395 cujus
2926 5327 3203 5396 specimen
3253 5333 3498 5381 occurrit
3540 5330 3594 5382 in
3634 5330 3835 5384 deﬁni-

2247 5399 2400 5522 Lionc
2426 5399 2664 5452 hominis
2691 5397 2833 5452 intra
2868 5399 3082 5467 posita,
3137 5413 3260 5468 pag.
3317 5397 3420 5451 779
3467 5401 3599 5454 edit.
3647 5399 3832 5458 Paris.

2293 5484 2476 5522 owru.

2293 5484 2476 5528 OWTK.

2317 5539 2426 5610 (65)
2468 5538 2652 5614 Tdyh
2683 5538 2804 5606 ζητ.
2843 5536 3080 5614 Delenda
3109 5545 3194 5614 est
3229 5539 3502 5614 particula
3549 5556 3671 5602 ηερ.
3727 5543 3834 5614 μή.

2246 5625 2443 5665 sensus
2481 5612 2625 5663 enim
2657 5622 2759 5680 est,
2791 5624 2887 5678 per
2915 5609 3186 5678 ejusmodi
3208 5610 3533 5680 divisionem
3558 5609 3839 5680 perveniri

2248 5682 2463 5751 tandem
2484 5682 2575 5732 ἐπὶ
2594 5681 2655 5732 τὸ
2684 5679 3038 5751 ζητούμενον,
3077 5696 3096 5729 ι
3134 5680 3200 5733 ad
3231 5679 3284 5732 id
3337 5681 3486 5750 quod
3522 5679 3793 5751 quaeritur
3817 5723 3834 5744 .

2245 5750 2391 5820 quod
2422 5751 2697 5804 ulterioris
2716 5750 3004 5820 divisionis
3039 5763 3210 5818 capax
3238 5764 3345 5803 non
3372 5759 3492 5814 est;
3523 5750 3828 5808 iutstatiui

2243 5819 2509 5892 SCquitur.
2547 5821 2692 5877 Idem
2725 5819 2974 5876 Lowthio
3003 5836 3222 5891 quoque
3244 5821 3422 5875 visum
3449 5829 3552 5877 est.
