4016 6308
279 357 381 413 585

1504 350 1881 409 STROIIATU
1891 350 1941 404 Μ
1979 348 2106 406 LIB.
2144 349 2282 408 Vill.

3409 351 3521 405 586‘

273 492 406 545 γους
435 468 575 527 εἶναι
601 471 782 543 φαμέν
802 485 825 504 ⁸
858 471 1064 526 τούτων
1086 470 1194 544 γάρ
1217 471 1326 525 τῶν
1347 471 1590 525 διανοιῶν
1608 511 1624 533 ,
1662 470 1757 525 καὶ
1790 470 1848 525 αι

1955 482 2098 529 nem.
2134 482 2257 537 qua:
2282 474 2366 522 est
2399 465 2600 520 animal
2629 465 2879 528 mortale,
2915 471 3193 530 terrestre,
3225 465 3479 535 pedestre
3499 510 3515 529 .

272 564 561 636 διαιρέσεις
585 564 846 632 γίνονται.
877 561 1000 617 Τῶν
1039 563 1098 617 δὲ
1126 562 1441 634 διαιρέσεων
1468 563 1501 633 ἡ
1530 561 1629 633 μέν
1657 578 1742 626 τις
1764 562 1844 624 είς

273 659 389 729 εεδη
415 658 612 728 διαιρεῖ
638 656 700 709 τὸ
730 655 1125 728 διαιρούμενον,
1157 654 1236 719 ὡς
1267 655 1420 724 γένος
1444 672 1457 684 ’
1498 656 1533 726 ἡ
1568 654 1624 707 δέ
1652 671 1735 717 τις
1764 654 1846 717 εἰς

279 750 441 821 μέρη,
466 748 543 813 ὡς
571 748 692 802 ὅλον
712 764 726 778 ·
756 750 789 819 ἡ
814 747 872 802 δὲ
896 749 978 811 είς
1000 746 1071 800 τὰ
1097 746 1496 819 συμϐεϐηκότα.
1540 747 1603 800 Ἠ
1633 745 1731 816 μὲν
1753 741 1847 801 οὖν

271 840 367 896 τοῦ
389 840 511 894 ὅλου
542 843 623 904 εἰς
648 840 717 894 τά
757 838 895 911 μέρη
936 837 1234 910 διαίρεσις,
1262 837 1340 903 ὡς
1380 838 1474 891 ἐπὶ
1504 837 1567 891 τὸ
1598 836 1847 891 πλεῖστον

273 933 418 988 κατά
446 932 671 1005 μέγεθος
713 934 1006 986 ἐπινοεῖται
1027 948 1041 963 ο
1073 932 1106 1002 ή
1144 930 1201 985 δὲ
1242 931 1323 995 είς
1360 930 1429 984 τὰ
1466 929 1847 1002 συμϐεϐηκότα

272 1025 529 1079 οὐδέποτε
565 1025 663 1096 ὅλη
703 1024 926 1080 δύναται
950 1023 1310 1095 διαληφθῆναι
1328 1063 1343 1087 ,
1393 1022 1509 1092 εἴγε
1538 1022 1631 1077 καὶ
1661 1023 1847 1077 οὐσίαν

273 1117 491 1188 ἑκάστῳ
516 1116 598 1170 δεῖ
633 1116 849 1181 πάντως
878 1116 988 1171 τῶν
1015 1116 1185 1170 ὅντων
1214 1115 1499 1188 ὑπάρχειν.
1537 1116 1698 1170 Ὅθεν
1726 1101 1857 1169 άδόέ

274 1223 428 1277 κιμοι
459 1207 625 1278 ἄμφω
651 1201 808 1262 αὗται
850 1207 907 1262 αἱ
937 1206 1248 1279 διαιρέσεις,
1277 1206 1412 1278 μόνη
1433 1205 1491 1260 δὲ
1515 1207 1789 1279 εὐδοκιμεῖ
1811 1209 1844 1277 ή

274 1297 371 1350 τοῦ
394 1297 578 1365 γένους
597 1299 678 1361 είς
698 1298 810 1369 εἴδη
837 1298 997 1371 τομὴ,
1027 1299 1116 1368 ὑφ’
1138 1292 1206 1369 ἦς
1231 1297 1691 1371 χαρακτηρίζεται
1718 1298 1752 1369 ἠ
1787 1314 1847 1350 τε

274 1388 540 1459 ταυτότης
565 1389 598 1459 ἡ
624 1390 768 1443 κατά
788 1388 962 1458 γένος,
985 1389 1019 1459 ἥ
1049 1405 1109 1442 τε
1141 1388 1395 1461 ἑτερότης
1429 1390 1462 1459 ἡ
1498 1388 1637 1442 κατὰ
1675 1388 1849 1452 ίδικὰς

274 1482 558 1554 διαφοράς.
588 1482 660 1534 Τὸ
690 1478 831 1546 εἶδος
857 1483 944 1536 ἀεὶ
981 1481 1039 1535 ἐν
1071 1499 1177 1535 τινι
1221 1480 1378 1552 μέρει
1415 1480 1731 1552 θεωρεῖται·
1785 1480 1845 1532 ού

279 1572 389 1642 μὴν
411 1572 700 1636 ἀνάπαλιν,
725 1572 780 1626 εί
806 1590 860 1626 τι
896 1573 1061 1645 μέρος
1089 1571 1205 1626 ἐστι
1226 1588 1388 1639 τινος,
1420 1571 1577 1626 τοῦτο
1594 1572 1690 1625 καὶ
1712 1567 1849 1634 εἶδος

272 1662 582 1733 γενήσεται·
620 1665 654 1734 η
683 1662 794 1734 γάρ
820 1663 940 1735 χεὶρ
966 1662 1131 1734 μέρος
1157 1662 1255 1733 μέν
1286 1664 1404 1717 ἐστι
1425 1661 1519 1717 τοῦ
1541 1660 1846 1734 ἀνθρώπου,

273 1747 418 1816 εἶδος
438 1752 496 1808 δὲ
529 1754 629 1807 οὐκ
650 1753 817 1807 ἐστιν.
848 1754 957 1808 Καὶ
979 1753 1043 1807 τὸ
1075 1753 1175 1826 μὲν
1215 1754 1370 1821 γένος
1414 1754 1473 1808 ὲν
1509 1755 1620 1819 τοῖς
1654 1753 1849 1809 εἴδεσιν

273 1845 666 1916 ἐνυπάρχειοτὸ
692 1845 800 1917 γάρ
819 1844 958 1911 ζῶον
987 1824 1158 1901 καὶήὲν
1181 1844 1259 1917 τῷ
1283 1844 1557 1918 ἀνθρώπῳ
1572 1846 1667 1900 καὶ
1688 1846 1747 1900 ὲν
1772 1843 1850 1916 τῷ
1887 1824 1926 1880 Β

277 1929 366 1999 βοΐ
389 1948 401 1961 ·
437 1932 497 1985 τὸ
518 1932 574 1985 δὲ
599 1933 740 1997 ὅλον,
775 1934 833 1986 ὲν
862 1936 974 1999 τοῖς
1017 1934 1238 2007 μέρεσιν
1266 1936 1367 1990 οὐκ
1406 1936 1703 2009 ἐνυπάρχει
1725 1954 1739 1967 ·
1786 1938 1849 1991 οὐ

275 2023 388 2092 γὰρ
410 2024 439 2075 ὁ
465 2024 747 2096 ἄνθρωπος
770 2027 829 2080 ὲν
852 2028 963 2089 τοῖς
991 2026 1148 2080 ποσὶν
1175 2028 1430 2100 ὑπάρχει.
1458 2028 1551 2082 Διὸ
1586 2026 1849 2099 κυριώτε-

278 2132 373 2188 ρον
392 2116 453 2169 τὸ
480 2113 617 2180 εἶδος
654 2116 749 2170 τοῦ
783 2117 978 2190 μέρους
995 2134 1010 2150 ”
1039 2120 1134 2172 καὶ
1159 2119 1258 2172 ὅσα
1288 2118 1382 2173 τοῦ
1414 2117 1602 2189 γένους
1628 2136 1853 2191 κατηγο-

276 2208 476 2277 ρεῖται,
501 2205 670 2260 ταῦτα
690 2206 864 2261 πάντα
887 2209 981 2262 καὶ
1011 2207 1105 2261 τοῦ
1130 2207 1304 2273 εἴδους
1329 2209 1847 2282 κατηγορηθήσεται.

278 2299 539 2369 Ἀριστον
558 2298 656 2370 μὲν
681 2294 773 2352 οὖν
795 2303 876 2364 είς
903 2298 996 2353 δύο
1011 2300 1234 2373 θεωρεῖν
1247 2300 1358 2374 (66)
1376 2301 1492 2374 εἴδη
1526 2302 1588 2356 τὸ
1607 2302 1782 2371 γένος·
1802 2304 1850 2355 εί

274 2388 337 2442 δὲ
377 2388 486 2461 μὴ.
520 2392 597 2454 εἰς
623 2391 769 2463 τρία.
799 2390 881 2445 Τὰ
918 2391 1096 2445 τοίνυν
1150 2391 1300 2464 εἴδη,
1345 2392 1704 2466 γενικώτερον
1754 2396 1852 2466 μὲν

272 2482 646 2553 διαιρούμενα,
664 2484 1122 2554 χαρακτηρίζεται
1135 2485 1212 2557 τῷ
1225 2503 1285 2539 τε
1305 2485 1486 2558 ταυτῷ
1506 2488 1600 2540 καὶ
1620 2487 1850 2560 θατέρῳο

276 2572 470 2626 ἔπειτα
495 2575 550 2628 δὲ
567 2575 655 2629 διὰ
690 2577 796 2630 τῶν
830 2577 1060 2646 γενικῶς
1081 2580 1491 2652 σημαινομένων
1508 2580 1855 2653 διαιρούμενα

278 2666 762 2737 χαρακτηρίζεται.
790 2668 1055 2723 Ἕκαστον
1074 2670 1182 2743 γὰρ
1220 2669 1329 2724 τῶν
1371 2671 1527 2725 εἱδῶν
1552 2671 1668 2743 ἦτοι
1699 2672 1855 2726 οὐσία

277 2757 451 2810 ἐστίν’
466 2756 653 2831 ῶσπερ
675 2760 802 2813 ὅταν
825 2759 1091 2833 λέγωμεν,
1116 2762 1235 2816 Τῶν
1256 2762 1425 2818 ὅντων
1445 2762 1513 2817 τά
1541 2764 1641 2835 μὲν
1663 2762 1851 2836 σώμα-

275 2849 352 2902 τά
389 2850 525 2912 ἐστι,
549 2850 617 2903 τὰ
638 2850 694 2904 δὲ
723 2850 1017 2924 ἀσώματαν
1052 2853 1085 2927 ἢ
1115 2854 1298 2919 ποσὸν,
1327 2853 1359 2928 ἦ
1390 2856 1525 2927 πρός
1554 2872 1626 2921 τι,
1656 2855 1688 2923 ἢ
1727 2856 1853 2921 ποῦ,

275 2942 317 3012 ἢ
344 2943 492 3006 πότε,
516 2944 548 3016 ἢ
578 2948 764 3011 ποιεῖν,
791 2947 824 3018 ἢ
852 2948 1099 3019 πάσχειν.
1126 2950 1335 3014 Παντὸς
1358 2942 1419 3003 οὗ
1458 2966 1599 3013 τινος
1615 2946 1708 3004 οὖν
1733 2952 1855 3006 ἐπι-

281 3033 508 3111 στήμων
534 3036 617 3100 τίς
651 3038 788 3104 ἐστι,
823 3037 1014 3092 τούτου
1058 3039 1267 3095 καὶτὸν
1293 3041 1419 3111 ὅρον
1452 3039 1747 3095 ἀποδώσει*
1780 3041 1856 3107 ὡς

277 3126 312 3179 ὅ
344 3143 406 3196 γε
435 3128 509 3200 μὴ
535 3129 827 3201 δυνάμενος
867 3132 1010 3205 λόγῳ
1072 3133 1380 3206 περιλαϐεῖν
1431 3135 1525 3188 καὶ
1573 3134 1855 3207 ὁρίσασθαι

276 3219 478 3283 ὁτιοῦν,
502 3221 690 3276 τούτου
715 3224 1031 3298 ἐπιστήμων
1056 3226 1155 3281 οὐκ
1177 3226 1240 3281 ἄν
1268 3243 1395 3281 ποτε
1426 3227 1532 3300 εἴη.
1551 3228 1643 3281 Ἐκ
1672 3228 1728 3282 δὲ
1753 3227 1852 3299 τῆς

278 3312 377 3365 τοῦ
411 3314 536 3386 ὅρου
567 3315 788 3384 ἀγνοίας
812 3316 905 3372 καὶ
944 3317 1041 3382 τάς
1073 3317 1274 3383 πολλὰς
1305 3318 1740 3393 ἀμφισϐητήσεις
1766 3321 1852 3390 γί-

281 3404 470 3460 νεσθαι
528 3408 621 3460 καὶ
674 3405 773 3472 τάς
821 3408 1056 3473 ἀπάτας,
1080 3409 1385 3481 συμϐαίνει.
1442 3412 1504 3464 Εἰ
1563 3410 1673 3484 γὰρ
1716 3414 1746 3466 ὁ
1793 3410 1854 3464 τὸ

283 3499 517 3568 πρᾶγμα
549 3497 701 3563 εἰδὼς
728 3499 839 3570 ἔχει
869 3500 1012 3554 κατὰ
1037 3501 1271 3555 διάνοιαν
1296 3501 1395 3574 τὴν
1420 3502 1621 3575 εἴδησιν
1646 3503 1809 3557 αὐτοῦ
1837 3543 1852 3566 ,

282 3588 502 3642 δύναται
527 3589 584 3642 δὲ
616 3591 708 3644 καὶ
729 3591 871 3663 λόγῳ
898 3592 1186 3663 σαφηνίσαι
1267 3592 1573 3658 διανοεῖται,
1602 3596 1636 3665 ἡ
1668 3595 1726 3649 δὲ
1756 3595 1854 3665 τῆς

282 3681 519 3746 διανοίας
544 3683 809 3754 ἑρμηνεία
837 3684 961 3753 ὅρος
988 3686 1155 3748 ἐστὶν,
1191 3686 1483 3755 ἀναγκαῖόν
1510 3689 1624 3741 ἐστι
1656 3688 1748 3742 τὸν
1780 3691 1856 3741 εί-

283 3773 412 3826 δότα
437 3774 497 3828 τὸ
523 3777 753 3847 πρᾶγμα
791 3775 1046 3830 δύνασθαι
1072 3777 1236 3833 αὐτοῦ
1276 3780 1369 3833 καὶ
1399 3780 1490 3832 τὸν
1516 3780 1640 3852 ὅρον
1666 3779 1854 3834 ἀποδι-

285 3863 449 3917 δόναι.
476 3864 955 3936 Προσλαμϐάνεται
999 3866 1056 3921 δὲ
1087 3868 1231 3940 ὅροις
1270 3869 1365 3922 καὶ
1396 3869 1429 3939 ἡ
1454 3868 1714 3940 διαφορὰ,
1757 3886 1854 3941 ση-

290 3956 445 4027 μείου
468 3955 620 4021 τάξιν
653 3957 923 4029 ἐπέχουσα
950 3956 1027 4030 τῷ
1064 3960 1193 4030 ὅρῳ.
1228 3958 1317 4030 Τῷ
1346 3958 1476 4028 γοῦν
1509 3959 1604 4014 τοῦ
1649 3960 1856 4033 ἀνθρώ-

287 4066 393 4103 που
414 4050 524 4121 ὅρῳ
539 4049 601 4104 τὸ
614 4051 975 4121 γελαστικὸν
990 4052 1303 4124 προστεθὲν,
1332 4054 1541 4107 ποιεῖτὸ
1561 4053 1698 4107 ὅλοψ
1719 4055 1856 4120 ζῶον

285 4143 502 4213 λογικὸν
520 4184 535 4209 ,
568 4144 756 4216 θνητὸν
780 4185 794 4208 ,
822 4151 1072 4220 χερσαῖον
1091 4187 1106 4210 ,
1137 4147 1328 4213 πεζὸν,
1374 4148 1709 4217 γελαστικόν.
1756 4152 1858 4222 Σησ-

290 4238 418 4309 μεῖα
458 4238 567 4310 γάρ
608 4239 724 4292 ἐστι
767 4239 837 4293 τά
878 4240 1019 4295 κατὰ
1062 4240 1326 4314 διαφορὰν
1366 4243 1747 4315 προσαγόμενα
1779 4243 1857 4313 τῷ

283 4330 400 4403 ὅρῳ
435 4333 650 4389 οἰκείων
698 4339 1066 4409 πραγμάτων
1103 4337 1200 4409 τὴν
1240 4336 1296 4391 δὲ
1334 4335 1493 4407 φύσιν
1541 4337 1720 4390 αὐτῶν
1749 4338 1856 4390 τῶν

286 4425 630 4495 πραγμάτων
662 4426 763 4480 οὐκ
795 4426 1147 4480 ἐνδείκνυται.
1189 4427 1395 4480 Αὐτίκα
1435 4427 1563 4481 ἰδίου
1606 4427 1857 4481 ἀπόδοσιν

1947 559 2178 615 rationis
2210 560 2502 630 particeps.
2548 557 2668 624 Quo
2706 558 2760 613 ﬁt
2807 567 2866 613 ut
2910 558 3153 613 materia:
3183 557 3400 628 quidem
3431 562 3517 615 lo-

1946 665 2072 705 cum
2105 659 2326 722 prtestet
2355 651 2585 715 divisio,
2618 648 2921 704 deﬁnitioni
2964 665 3217 720 quaerens
3253 651 3518 722 simplici-

1945 750 2109 799 tatem
2141 743 2382 799 nominis
2411 742 2677 798 :artiﬁcis
2698 749 2878 797 autem
2907 751 2974 818 et.
2999 742 3212 813 opiﬁcis
3250 744 3518 825 deﬁnitio.

1946 849 2069 904 quae
2096 837 2371 906 componit
2395 844 2449 891 et
2477 837 2768 917 construit,
2802 844 2857 891 et
2881 836 3005 907 ejus
3032 836 3179 906 quod
3218 846 3305 893 est
3332 846 3522 894 osten-

1945 927 2027 981 dit
2083 929 2468 998 cognitionem.
2519 926 2635 982 Non
2679 927 2873 981 barum
2917 934 3097 982 autem
3138 943 3360 994 rerum,
3418 944 3521 987 nec

1947 1017 2191 1073 idearum
2222 1018 2380 1089 331
2409 1026 2535 1075 sunt
2554 1017 2916 1080 deﬁnitiones,
2947 1017 3043 1075 sed
3081 1032 3262 1074 rerum
3286 1034 3520 1089 quarum

1946 1110 2212 1168 habemus
2242 1111 2581 1167 universales
2602 1113 2658 1164 in
2687 1110 2869 1166 animo
2897 1111 3164 1168 notiones.
3192 1109 3395 1166 Harum
3421 1127 3521 1169 no-

1948 1205 2158 1261 tionum
2191 1204 2428 1259 dicimus
2458 1218 2581 1259 esse
2610 1203 2887 1259 orationes
2917 1203 3389 1273 interpretativas;
3421 1203 3520 1261 ba-

1948 1311 2070 1350 rum
2100 1294 2244 1350 enim
2265 1294 2551 1349 notionum
2572 1292 2709 1347 ﬁunt
2736 1292 2897 1348 etiam
2921 1291 3236 1347 divisiones.
3276 1291 3351 1346 Ex
3381 1293 3523 1349 divi-

1951 1383 2200 1441 sionibus
2222 1390 2425 1446 autem,
2445 1397 2552 1436 una
2571 1382 2789 1452 quidem
2810 1387 2867 1446 ᾖ
2884 1381 3077 1436 dividit
3092 1396 3203 1437 rem
3221 1382 3520 1440 divisamin

1950 1476 2185 1548 species,
2217 1484 2277 1530 ut
2308 1490 2479 1546 genus
2512 1493 2524 1530 :
2557 1476 2728 1532 altera
2764 1482 2945 1531 autem
2971 1478 3036 1531 in
3075 1487 3290 1548 partes,
3339 1486 3399 1533 ut
3438 1486 3525 1533 to-

1950 1578 2061 1623 tum
2089 1586 2102 1623 :
2139 1567 2242 1623 alia
2270 1582 2398 1623 vero
2431 1568 2485 1623 in
2515 1566 2843 1624 accidentia.
2889 1569 3066 1639 Atque
3102 1570 3520 1641 totiusquidetn

1952 1660 2005 1716 in
2037 1668 2221 1732 partes
2241 1659 2463 1724 divisio,
2498 1669 2557 1717 ut
2586 1662 2880 1732 plurimum
2912 1662 3294 1721 consideratur
3319 1666 3372 1720 in
3407 1680 3524 1722 ma-

1951 1754 2236 1825 gnitudine
2270 1774 2283 1809 :
2313 1770 2436 1826 qua!
2463 1753 2522 1809 ﬁt
2553 1761 2732 1810 autem
2774 1755 2829 1809 in
2860 1756 3161 1812 accidentia
3186 1798 3202 1821 ,
3243 1773 3522 1830 nunquam

1954 1853 2132 1916 potest
2161 1853 2274 1903 tota
2318 1847 2616 1918 explicari,
2659 1848 2927 1918 siquidem
2959 1858 3174 1919 oportet
3228 1851 3526 1923 unicuique

1954 1940 2161 1994 entium
2196 1939 2420 1993 omnino
2451 1938 2632 1995 inesse
2657 1941 2974 1997 essentiam.
3027 1936 3182 1997 Unde
3225 1944 3390 1998 etiam
3437 1960 3528 2000 re-

1957 2030 2259 2099 probantur
2291 2033 2463 2086 ambae
2484 2031 2567 2086 ha:
2598 2031 2896 2088 divisiones
2928 2051 2940 2085 :
2972 2033 3087 2087 sola
3119 2041 3299 2089 autem
3331 2037 3526 2106 proba-

1956 2131 2043 2177 tur
2069 2122 2267 2179 divisio
2291 2123 2508 2194 generis
2548 2123 2602 2177 in
2630 2122 2863 2193 Species,
2910 2138 2941 2177 a
2986 2139 3093 2194 qua
3121 2123 3351 2179 formam
3393 2127 3526 2181 cha-

1954 2224 2330 2286 racteremque
2363 2215 2561 2286 accipit
2588 2229 2709 2287 quae
2736 2222 2820 2270 est
2853 2217 3151 2271 secundum
3174 2232 3345 2289 genus
3370 2219 3525 2275 iden-

1956 2307 2123 2373 titas,
2169 2317 2220 2363 et
2267 2306 2562 2363 diversitas
2610 2306 2790 2378 quoad
2849 2306 3184 2364 differentias
3240 2310 3528 2381 speciales.

1959 2401 2180 2472 Species
2212 2416 2426 2473 semper
2469 2403 2523 2456 in
2564 2402 2745 2472 aliqua
2777 2409 2931 2473 parte
2973 2402 3387 2471 consideratur,
3416 2421 3526 2461 non

1957 2501 2136 2549 tamen
2181 2502 2371 2550 contra
2419 2495 2465 2550 si
2508 2495 2641 2567 quid
2687 2502 2771 2551 est
2810 2511 2936 2565 pars
2977 2496 3246 2567 alicujus,
3294 2498 3397 2554 hoc
3425 2499 3531 2554 erit

1956 2586 2120 2642 etiam
2148 2587 2360 2656 species
2390 2605 2401 2640 :
2429 2601 2623 2641 manus
2646 2585 2791 2640 enim
2814 2594 2899 2641 est
2927 2600 3055 2656 pars
3084 2587 3300 2656 quidem
3354 2587 3531 2643 homi-

1954 2680 2065 2747 nis,
2092 2695 2199 2734 non
2225 2685 2310 2735 est
2337 2687 2517 2736 autem
2559 2681 2789 2752 species.
2827 2682 2892 2735 Et
2923 2696 3096 2753 genus
3140 2680 3358 2750 quidem
3387 2683 3530 2738 inest
3637 2703 3640 2706 ’

1957 2773 2013 2827 in
2035 2773 2321 2843 speciebus
2355 2793 2367 2827 :
2398 2773 2599 2827 animal
2630 2775 2773 2830 enim
2801 2774 2937 2830 inest
2968 2775 3021 2830 in
3053 2774 3273 2829 homine
3295 2784 3346 2828 et
3370 2773 3524 2829 bove.

1959 2861 2155 2919 Totum
2203 2872 2385 2919 autem
2430 2880 2537 2920 non
2582 2864 2725 2920 inest
2766 2866 2820 2920 in
2866 2864 3131 2935 partibus.
3175 2863 3349 2920 Homo
3381 2865 3527 2921 enim

1959 2967 2066 3007 non
2099 2953 2245 3008 inest
2281 2955 2333 3009 in
2364 2954 2612 3025 pedibus.
2658 2953 2927 3021 Quocirca
2980 2956 3190 3026 species
3237 2961 3324 3010 est
3377 2963 3529 3033 parte

1960 3044 2160 3116 potior.
2210 3043 2275 3099 Et
2322 3060 2661 3116 quaecunque
2696 3046 2763 3100 de
2806 3061 3002 3117 genere
3032 3046 3429 3117 pradicantur,
3462 3062 3526 3102 ea

1883 3172 1925 3228 ϐ
1958 3141 2120 3193 etiam
2147 3140 2330 3195 omnia
2358 3141 2800 3212 praedicabuntur
2834 3142 2900 3199 de
2938 3144 3138 3215 specie.
3182 3145 3360 3216 Atque
3391 3147 3531 3216 opti-

1960 3245 2105 3283 mum
2141 3229 2358 3298 quidem
2405 3228 2570 3284 fuerit
2609 3231 2961 3301 contemplari
3002 3246 3174 3302 genus
3216 3233 3271 3286 in
3314 3232 3531 3287 duabus

1960 3318 2247 3391 speciebus
2282 3339 2295 3374 :
2346 3320 2430 3375 sin
2479 3320 2663 3376 minus
2716 3331 2897 3377 autem
2922 3362 2939 3388 ,
2975 3325 3031 3379 in
3078 3324 3274 3379 tribus.
3308 3321 3529 3396 Species

1959 3428 2089 3483 ergo
2111 3412 2300 3468 divisae
2339 3413 2558 3484 quidem
2605 3416 2944 3485 generalius,
2979 3417 3353 3471 characterem
3384 3418 3531 3471 accia

1962 3504 2116 3574 piunt
2146 3519 2211 3559 ex
2243 3503 2433 3558 eodem
2469 3512 2523 3558 et
2552 3505 2744 3561 altero.
2789 3501 2993 3561 Deinde
3025 3521 3157 3561 vero
3189 3505 3405 3571 divisae,
3436 3523 3531 3576 per

1959 3612 2020 3651 ea
2040 3611 2160 3666 qua:
2188 3596 2514 3665 generaliter
2551 3596 2932 3667 signiﬁcantur
2971 3597 3344 3651 characterem
3390 3598 3535 3652 acci-

1962 3688 2136 3756 piunt.
2174 3685 2524 3757 Unaquaeque
2549 3689 2693 3742 enim
2716 3671 2927 3757 species
2957 3697 3051 3741 aut
3082 3694 3165 3742 est
3188 3686 3527 3743 substantia:

1962 3789 2020 3835 ut
2049 3795 2173 3835 cum
2200 3779 2468 3835 dicimus:
2494 3778 2571 3833 Ex
2600 3779 2666 3835 iis
2700 3795 2821 3850 quae
2855 3787 3003 3844 sunt,
3023 3779 3127 3832 alia
3155 3777 3372 3850 quidem
3403 3785 3533 3834 sunt

1962 3887 2247 3944 corporea,
2274 3873 2381 3926 alia
2413 3887 2542 3928 vero
2575 3874 2896 3944 incorporea
2931 3891 2944 3928 :
2980 3878 3074 3925 aut
3104 3858 3406 3942 quantum,
3436 3878 3532 3925 aut

1961 3967 2103 4038 quod
2139 3965 2372 4023 refertur
2399 3965 2467 4019 ad
2498 3964 2724 4037 aliquid,
2748 3970 2842 4018 aut
2873 3964 2986 4025 ubi,
3015 3970 3108 4018 aut
3132 3963 3384 4037 quando,
3435 3971 3530 4017 aut

1961 4074 2143 4128 agere,
2170 4065 2263 4112 aut
2293 4057 2426 4128 pati.
2454 4056 2843 4127 Cujuscunque
2872 4070 3000 4126 ergo
3030 4055 3108 4110 rei
3148 4055 3307 4111 habet
3333 4054 3533 4125 aliquis

1963 4151 2272 4214 scientiam,
2304 4151 2425 4219 ejus
2449 4150 2612 4206 etiam
2643 4148 2793 4202 dabit
2815 4146 3184 4202 deﬁnitionem
3214 4165 3228 4201 :
3270 4147 3533 4217 quemad-

1963 4246 2182 4299 modum
2215 4243 2308 4313 qui
2347 4257 2455 4298 non
2487 4249 2664 4314 potest
2706 4241 2955 4297 oratione
2982 4239 3443 4312 comprehendere
3478 4246 3535 4293 et

1962 4336 2190 4391 deﬁnire
2214 4334 2503 4407 quidlibet,
2534 4333 2656 4403 ejus
2680 4334 2755 4389 rei
2790 4346 3068 4403 nunquam
3102 4330 3325 4386 habebit
3356 4330 3534 4386 scien-

1962 4429 2113 4481 tiam.
2153 4426 2229 4481 Ex
2267 4426 2608 4497 ignoratione
2634 4433 2814 4481 autem
2842 4422 3208 4487 deﬁnitionis,
3245 4421 3447 4476 accidit
3476 4431 3536 4474 ut

286 4517 453 4587 φασὶν
475 4514 610 4572 εἶναι
640 4518 737 4591 τὴν
755 4519 1014 4592 διαφοράν
1030 4536 1043 4550 ·
1084 4520 1177 4573 καὶ
1200 4519 1332 4573 καθὸ
1355 4518 1462 4573 τῶν
1486 4518 1658 4573 ἄλλων
1685 4519 1853 4573 ἀπάν-

1964 4520 2146 4574 ιηιιιιιε
2167 4519 2536 4576 dubitationes
2556 4518 2799 4573 oriantur
2824 4524 2880 4572 et
2907 4514 3270 4585 deceptiones.
3304 4511 3359 4568 Si
3387 4515 3531 4569 enim

283 4627 397 4664 των
424 4611 663 4684 διαφέρει
686 4612 746 4665 τὸ
771 4611 892 4683 ἔχον
920 4612 1019 4682 τὴν
1049 4610 1309 4683 διαφορὰν
1329 4654 1343 4679 ,
1383 4612 1422 4665 δ
1452 4612 1596 4684 μόνῳ
1620 4611 1855 4684 ὑπάρχει

284 4701 384 4756 καὶ
414 4703 917 4776 ἀντικατηγορείται
948 4701 1039 4756 τοῦ
1084 4703 1402 4775 πράγματος
1439 4704 1497 4756 ἑν
1533 4707 1645 4767 τοῖς
1670 4705 1816 4776 ὅροις
1840 4746 1855 4769 ,

284 4793 503 4869 ἀνάγκῃ
537 4793 598 4846 τὸ
627 4794 842 4866 πρῶτον
870 4794 1025 4863 γένος
1057 4793 1134 4857 ὡς
1159 4794 1399 4865 ἀρχηγὸν
1430 4795 1524 4847 καὶ
1556 4792 1857 4848 ὑποστατὺν

286 4882 401 4955 (6⁷)
434 4883 516 4937 δεῖ
550 4884 1015 4957 παραλαμϐάνειν.
1059 4888 1146 4940 Ἐν
1186 4886 1284 4957 μὲν
1312 4880 1405 4940 οὗν
1447 4888 1560 4948 τοῖς
1588 4883 1857 4956 μακροτέ-

287 4992 404 5047 ροις
428 4975 574 5047 ὅροις
602 4976 664 5028 τὸ
691 4975 890 5047 πλῆθος
927 4977 1035 5030 τῶν
1079 4978 1233 5032 εἰδῶν
1260 4977 1367 5030 τῶν
1393 4976 1857 5049 ἐξευρισκομὲνων

282 5068 376 5122 διὰ
406 5067 514 5120 τῶν
543 5069 673 5122 δέκα
697 5070 1069 5141 κατηγοριῶν
1103 5071 1161 5123 ὲν
1193 5069 1250 5123 δὲ
1280 5073 1392 5133 τοῖς
1421 5069 1722 5139 ἐλαχίστοις
1744 5109 1759 5132 ,
1788 5065 1860 5119 τά

286 5160 671 5232 προηγούμενα
697 5161 805 5215 τῶν
838 5161 1118 5235 προσεχῶν
1150 5161 1304 5215 εἱδῶν
1332 5162 1623 5234 ληφθέντα,
1646 5160 1743 5232 τὴν
1770 5160 1861 5215 οὺ-

282 5254 411 5308 σίαν
440 5257 532 5308 καὶ
561 5255 717 5325 φύσιν
739 5254 1084 5328 διασημαίνει
1105 5252 1198 5307 τοῦ
1226 5255 1576 5325 πράγματοςο
1606 5255 1634 5306 ὁ
1658 5253 1715 5306 δὲ
1736 5251 1862 5306 ἐλά-

282 5361 470 5415 χιστος
495 5347 561 5400 ἐκ
590 5347 756 5419 τριῶν
782 5347 1098 5417 συνέστηκε,
1122 5343 1216 5398 τοῦ
1244 5344 1432 5413 γένους
1459 5346 1553 5399 καὶ
1576 5344 1720 5397 δυεῖν
1747 5344 1857 5397 τῶν

399 5528 457 5587 >11
500 5522 560 5579 P.
602 5453 708 5605 9;]6
744 5521 850 5579 ΕΙ).
889 5520 1195 5587 POTTER,
1240 5519 1481 5577 779-780
1516 5518 1624 5573 ΕΙ).
1668 5517 1880 5580 ΡΑιιιε,

362 5676 474 5757 (ὓβ)
523 5676 785 5747 Θεωρεῖν.
829 5678 1072 5757 ’Θεωρεϊν
1116 5677 1363 5757 agnoscit
1417 5676 1579 5731 etiam
1615 5673 1850 5757 ollerveti

289 5749 491 5812 versio,
524 5768 541 5798 ι
570 5746 924 5817 contemplari
961 5746 1129 5816 genus
1158 5746 1212 5801 in
1238 5748 1449 5801 duabus
1481 5746 1798 5817 speciebus:
1829 5766 1847 5796 ι

289 5827 452 5887 atque
479 5820 549 5873 ita
581 5820 740 5874 estin
770 5816 822 5887 p.
856 5818 1194 5888 pneccdetite
1221 5859 1236 5884 ,
1268 5834 1373 5872 non
1403 5816 1742 5888 aspernanda
1773 5824 1855 5870 ta-

608 5913 880 5971 Pnnoc.
921 5911 1014 5973 Gn
1089 5910 1203 5972 IX.

1961 4613 2054 4682 qui
2090 4627 2202 4666 rem
2233 4611 2415 4673 novit.
2448 4610 2613 4666 habet
2650 4608 2704 4663 in
2736 4608 2920 4663 animo
2950 4607 3070 4676 ejus
3115 4605 3480 4677 cognitionem
3516 4624 3530 4659 :

1961 4710 2141 4774 potest
2165 4711 2347 4758 autem
2377 4703 2501 4775 quis
2524 4701 2771 4756 oratione
2807 4698 3081 4769 explicare
3115 4697 3167 4752 id
3200 4696 3345 4767 quod
3373 4696 3534 4749 habet

1963 4794 2017 4848 in
2045 4794 2230 4848 animo
2259 4812 2272 4848 :
2305 4791 2425 4862 ejus
2458 4799 2636 4847 autem
2673 4788 2819 4861 quod
2851 4789 3034 4844 animo
3063 4789 3333 4859 cogitatur
3359 4786 3533 4857 expli-

1961 4886 2128 4950 catio,
2163 4892 2247 4940 est
2269 4883 2513 4940 deﬁnitio
2541 4902 2553 4938 :
2582 4897 2807 4939 necesse
2829 4895 2959 4953 ergo
2976 4890 3061 4935 est
3085 4889 3144 4934 ut
3170 4877 3261 4949 qui
3288 4892 3402 4933 rem
3431 4892 3534 4932 no-

1962 4977 2055 5038 rit,
2083 4976 2258 5045 possit
2287 4974 2408 5044 ejus
2432 4974 2595 5029 etiam
2628 4974 2760 5028 dare
2787 4970 3181 5027 deﬁnitionem.
3219 4964 3533 5022 Assumitur

1963 5073 2143 5122 autem
2176 5066 2231 5121 in
2260 5066 2670 5123 deﬁnitionibus
2700 5066 2862 5121 etiam
2885 5064 3211 5125 diﬁ‘erentia,
3238 5077 3358 5133 qua:
3387 5060 3529 5130 signi

1963 5159 2143 5213 locum
2168 5159 2377 5214 obtinet
2407 5159 2461 5213 in
2496 5157 2830 5213 deﬁnitione.
2866 5134 3309 5223 liominisitaque
3337 5152 3533 5209 deﬁni-

1969 5250 2103 5305 tioni
2129 5251 2400 5320 adjectum
2420 5291 2436 5314 ,
2467 5252 2518 5304 vi
2544 5249 2756 5305 ridendi
2785 5246 3073 5319 praeditum
3099 5285 3115 5310 ,
3150 5244 3282 5300 facit
3313 5250 3484 5297 totum
3512 5257 3527 5296 :
3567 5310 3572 5315 _

1965 5343 2165 5398 animal
2194 5343 2423 5398 rationis
2451 5342 2743 5413 particeps,
2781 5339 3026 5403 mortale,
3058 5344 3337 5403 terrestre,
3369 5335 3533 5407 pede-

1958 5674 2290 5752 men_est_A.
2318 5675 2491 5752 lectio.
2506 5671 2757 5752 διαιρεῖν.
2773 5742 2785 5752 _
2798 5690 2816 5722 ι
2858 5671 3122 5752 dividere.
3150 5689 3175 5752 ι
3339 5739 3352 5752 θ

1959 5814 2001 5868 L
2030 5745 2119 5802 67)
2155 5744 2547 5802 ’Υποστατόν.
2580 5763 2597 5792 ι
2625 5742 2790 5811 Quod
2812 5744 3041 5816 reliquis
3080 5742 3440 5798 substernitur
3504 5747 3529 5790 ο

2005 5830 2181 5871 owru.

3200 5904 3271 5962 10
