4016 6308
485 322 589 379 587

1635 321 2023 379 CLEMENTIS
2060 322 2524 378 ALEXANDRINI

3615 317 3730 377 333

487 453 619 506 stre,
652 443 702 497 vi
732 441 939 498 ridendi
977 442 1280 513 praeditum.
1310 441 1441 508 Qum
1468 442 1613 498 enim
1655 460 1752 514 per
1792 445 2044 502 diﬁeren-

2149 445 2592 514 ἀναγκαιοτάτων
2643 445 2818 499 εἰδῶν.
2866 443 3080 498 Γίνεται
3119 442 3178 497 δὲ
3201 440 3373 497 ’τοῦτο
3397 442 3487 497 διὰ
3523 454 3726 497 cauto-

487 539 619 591 tiam
653 537 979 592 adhibentur
1009 535 1342 600 deﬁnitioni,
1371 542 1500 588 sunt
1528 535 1680 605 signa
1713 551 1896 591 rerum
1924 553 2049 607 pro-

489 632 750 700 priarum,
793 629 1032 698 ipsarum
1063 635 1241 681 autem
1285 641 1466 680 rerum
1497 635 1747 681 naturam
1775 643 1882 682 non
1910 630 2052 683 indi-

487 731 634 778 cant.
677 721 794 776 Jam
841 735 970 775 vero
1015 719 1204 774 dicunt
1255 718 1614 774 diﬁerentiam
1669 735 1792 775 esse
1846 721 2046 792 proprii

487 815 867 880 redditionem,
902 821 957 868 et
992 811 1292 868 secundum
1336 813 1479 882 quod
1527 811 1705 868 diﬂ’ert
1745 814 1813 868 ab
1839 815 1962 869 aliis
1995 813 2049 869 id

485 907 631 977 quod
660 907 820 960 habet
858 904 1250 969 diﬁ'erentiam,
1280 905 1424 974 quod
1465 905 1565 960 soli
1596 905 1772 968 inest,
1804 913 1857 959 et
1893 905 1959 960 de
1988 920 2048 960 re

487 1006 674 1053 mutuo
720 996 1092 1068 praedicatur:
1133 1012 1356 1052 necesse
1403 1005 1488 1051 est
1538 996 1592 1050 in
1643 996 2047 1052 deﬁnitionibus

487 1093 721 1161 primum
750 1105 922 1160 genus
967 1103 1248 1145 assumere
1301 1095 1359 1141 ιιι
1406 1088 1742 1158 principale,
1803 1096 1856 1144 et
1901 1087 2044 1158 quod

490 1185 776 1239 subsistat.
801 1183 865 1236 Et
888 1185 940 1237 in
964 1182 1297 1253 longioribus
1315 1180 2010 1251 quidemﬁsdeﬁnitionibus
2027 1221 2044 1243 ,

485 1275 774 1330 multitudo
817 1275 1118 1344 specierum
1154 1289 1272 1343 qua:
1310 1274 1661 1329 inveniuntur
1713 1289 1809 1344 per
1856 1274 2043 1328 decem

2148 539 2295 609 μίαν.
2321 539 2504 608 Φαμὲν
2524 534 2637 591 οὖν·
2685 537 3006 610 Ἄνθρωπός
3040 540 3158 592 ἐστι
3193 538 3256 592 τὸ
3297 536 3434 600 ζῶον
3462 533 3726 603 γελαστι-

2145 629 2258 681 κόν·
2283 629 2344 681 τό
2364 647 2422 682 τε
2443 628 2733 701 ἐξαιρέτως
2757 628 3096 701 συμϐεϐηκὸς
3119 627 3197 699 τῷ
3217 625 3522 699 ὁριζομένῳ
3547 642 3730 696 προοι-

2146 721 2532 792 παραληπτὲον
2553 761 2568 786 ,
2617 721 2652 792 ἢ
2693 722 2793 794 τήν
2828 722 2962 774 ίδίαν
2988 722 3186 794 ἀρετὴν
3211 719 3375 773 αὐτοῦ
3399 760 3414 783 ,
3447 717 3483 789 ἢ
3501 719 3563 771 τὸ
3587 718 3729 771 διον

2146 815 2302 885 ἔργον
2330 812 2518 877 αὑτοῦ,
2552 814 2646 867 καὶ
2667 815 2921 869 τοιούτων
2950 814 3112 868 τινῶν
3136 813 3329 869 ἄλλων.
3369 808 3729 882 Ἑξηγητικιδς

2148 903 2240 959 οὖν
2273 909 2300 959 ὁ
2325 907 2449 979 ὄρος
2479 906 2554 961 ὢν
2579 907 2679 978 τῆς
2714 907 2808 961 τοῦ
2835 909 3156 979 πράγματος
3177 907 3383 970 οὐσίας,
3407 904 3730 978 περιλαϐεῖν

2152 1001 2249 1070 μὲν
2279 1001 2520 1073 ἀκριϐῶς
2548 1002 2646 1074 τὴν
2675 1001 2831 1071 φύσιν
2853 1001 2947 1054 τοῦ
2985 1003 3304 1074 πράγματος
3325 1000 3606 1054 ἀδυνατεῖ·
3629 995 3732 1050 διὰ

2148 1089 2205 1142 δὲ
2251 1089 2360 1143 τῶν
2403 1091 2752 1162 κυριωτάτων
2799 1093 2954 1146 εἱδῶν
2985 1091 3084 1164 τήν
3125 1091 3353 1164 δήλωσιν
3385 1089 3486 1159 τῆς
3526 1087 3732 1150 οὐσίας

2149 1185 2414 1247 ποιεῖται,
2441 1184 2532 1237 καὶ
2566 1184 2750 1254 σχεδὸν
2784 1187 2841 1239 ὲν
2874 1185 3119 1256 ποιότητι
3153 1185 3184 1236 ὸ
3224 1185 3349 1256 ὅρος
3390 1183 3490 1254 τήν
3525 1179 3733 1236 οὐσίαν

2148 1291 2279 1344 εχει.

485 1367 899 1436 ριοίιεάίιοοιῐιεηιιι
925 1385 937 1421 :
965 1366 1020 1420 in
1051 1365 1290 1420 minimis
1322 1371 1501 1418 autem
1522 1403 1538 1430 ,
1571 1379 1693 1434 qua:
1745 1380 1810 1418 ex
1843 1365 2162 1435 propinquis
2231 1365 2516 1435 speciebus
2545 1375 2777 1437 sumpta:
2819 1366 3021 1422 fuerint
3052 1366 3411 1438 principaies,
3478 1363 3556 1418 rei
3627 1376 3732 1416 es-

485 1463 716 1513 sentiam
781 1467 835 1513 et
890 1465 1140 1512 naturam
1173 1456 1500 1526 signiﬁcant.
1562 1455 1693 1521 Qua:
1723 1464 1807 1511 est
1832 1465 2009 1510 autem
2071 1456 2294 1511 minima
2319 1496 2335 1522 ,
2393 1467 2610 1513 constat
2650 1474 2716 1514 ex
2754 1458 2965 1522 tribus,
3020 1474 3086 1514 ex
3129 1472 3362 1529 genere,
3402 1467 3459 1511 et
3500 1455 3732 1511 duabus

484 1550 770 1620 speciebus
832 1549 1065 1602 maxime
1127 1547 1474 1602 necessariis.
1511 1545 1625 1600 lloc
1667 1553 1846 1601 autem
1889 1547 1948 1600 ﬁt
1985 1553 2207 1616 propter
2260 1547 2605 1604 brevitatem.
2675 1549 2917 1606 Dicimus
2945 1564 3123 1620 ergo:
3162 1548 3336 1604 Homo
3375 1555 3465 1603 est
3511 1545 3728 1601 animal

483 1645 534 1698 vi
556 1642 766 1699 ridendi
790 1641 1094 1712 przeditum.
1124 1637 1278 1693 Tunc
1300 1633 1689 1693 assumendum
1709 1646 1792 1693 est
1819 1637 1872 1692 id
1900 1638 2044 1709 quod
2085 1639 2353 1709 praecipue
2379 1641 2580 1696 accidit
2605 1641 2654 1697 ei
2683 1642 2827 1712 quod
2863 1641 3139 1707 deﬁnitur,
3197 1651 3290 1696 aut
3319 1642 3539 1713 propria
3595 1639 3728 1708 eius

483 1739 690 1796 virtus,
733 1742 826 1788 aut
859 1732 1133 1802 proprium
1166 1730 1286 1799 ejus
1332 1746 1530 1786 munus
1571 1745 1636 1785 ac
1666 1730 1900 1786 cilicium
1924 1771 1938 1796 ,
1969 1731 2295 1802 aubaliquid
2327 1733 2476 1788 aliud
2504 1733 2794 1802 ejusmodi.
2827 1733 3008 1802 Quare
3039 1751 3161 1790 cum
3208 1735 3454 1790 deﬁnitio
3516 1731 3728 1789 debeat

486 1831 558 1884 rei
582 1825 874 1883 essentiam
894 1837 1187 1893 exponere,
1225 1837 1332 1876 non
1370 1829 1547 1890 potest
1589 1822 1808 1892 quidem
1839 1823 1917 1878 rei
1949 1829 2199 1880 naturam
2230 1832 2483 1880 accurate
2534 1825 2995 1896 comprehendere
3054 1845 3070 1883 :
3105 1843 3202 1898 per
3251 1829 3556 1898 praecipuas
3614 1841 3730 1883 atl-

484 1933 587 1976 tem
640 1917 848 1988 species
884 1916 1124 1971 declarat
1159 1917 1450 1970 essentiam
1481 1931 1494 1968 :
1525 1920 1580 1968 et
1615 1914 1776 1969 habet
1809 1913 2050 1970 deﬁnitio
2088 1914 2479 1985 propemodum
2502 1917 2797 1972 essentiam
2831 1919 2885 1974 in
2912 1919 3194 1990 qualitate.

1877 2028 2107 2085 CAPUT
2168 2029 2277 2085 VII.

1420 2121 1494 2177 De
1519 2122 1694 2176 causis
1727 2121 2006 2176 dubitandi
2037 2123 2144 2178 sive
2172 2139 2442 2178 assensum
2475 2125 2788 2180 sustinendi.

553 2243 683 2310 Qua:
725 2240 962 2297 efﬁciunt
1015 2247 1073 2292 ut
1130 2237 1463 2293 sustineatur
1495 2213 1791 2301 ‘assensio.
1858 2251 2038 2291 causa:

2209 2237 2288 2292 Τά
2322 2238 2576 2310 ποιητικὰ
2616 2239 2716 2310 τῆς
2764 2240 2963 2312 ἐποχῆς
2995 2239 3144 2295 αἴτια
3187 2239 3284 2296 δύο
3315 2239 3432 2294 ἐστὶ
3475 2241 3544 2296 τὰ
3574 2243 3730 2297 ἀνω-

487 2345 614 2393 su-nt
662 2335 782 2390 dua:
819 2347 1104 2403 supremae.
1150 2329 1267 2384 Una
1316 2329 1569 2399 quidem,
1605 2344 1760 2384 mens
1807 2329 2046 2382 humana

483 2443 604 2498 quin
638 2435 722 2481 est
751 2425 1031 2494 multiplex
1060 2430 1113 2478 et
1141 2421 1412 2478 instabilis
1433 2461 1448 2484 ,
1484 2421 1571 2474 cui
1605 2419 1820 2490 quidem
1852 2427 2046 2474 natura

483 2529 567 2575 est
597 2519 821 2574 insitum
871 2523 932 2570 ut
969 2521 1189 2586 generet
1227 2513 1621 2569 dissensionem
1643 2551 1657 2575 ,
1692 2519 1785 2564 aut
1817 2512 2046 2571 aliorum

484 2617 623 2669 inter
647 2628 704 2668 se
725 2610 957 2665 invicem
985 2616 1076 2661 aut
1110 2609 1194 2662 sui
1221 2607 1464 2676 ipsorum
1495 2620 1526 2659 a
1556 2605 1770 2674 seipsis.
1797 2602 2048 2658 Secunda

483 2711 682 2764 autem,
701 2715 765 2755 ea
796 2715 916 2770 qua:
937 2706 1021 2754 est
1053 2698 1107 2752 in
1141 2698 1303 2752 rebus
1333 2693 1723 2765 discrepantia,
1743 2710 1863 2764 qua:
1882 2693 2048 2749 etiam

483 2791 717 2846 maxime
763 2789 924 2846 eﬁieit
970 2796 1027 2843 ut
1071 2789 1405 2844 sustineatur
1451 2785 1720 2842 assensio.
1752 2783 1887 2838 Nam
1920 2799 2046 2838 cum

485 2900 658 2954 neque
686 2883 941 2938 omnibus
970 2881 1104 2935 visis
1139 2879 1412 2948 possimus
1445 2877 1668 2932 credere
1707 2884 1928 2947 propter
1962 2891 2049 2930 re-

484 2976 832 3049 pugnantiam
871 2993 885 3029 :
932 2988 1107 3042 neque
1150 2971 1402 3025 omnibus
1448 2969 1606 3026 ﬁdem
1654 2985 1765 3024 non
1818 2969 2045 3034 habere,

482 3070 628 3139 quod
662 3067 715 3123 id
745 3065 886 3138 quod
929 3065 1062 3120 dicit
1091 3063 1274 3118 omnia
1327 3078 1451 3117 esse
1502 3061 1875 3129 incredibilia,
1921 3075 2046 3114 cum

485 3163 554 3216 sit
591 3176 655 3215 ex
687 3159 960 3220 omnibus,
997 3157 1051 3210 in
1083 3169 1369 3210 numerum
1394 3153 1555 3208 etiam
1604 3153 1842 3207 omnium
1877 3149 2048 3204 ascri-

484 3254 676 3317 batur;
712 3265 886 3319 neque
915 3247 1185 3318 aliquibus
1226 3243 1443 3314 quidem
1499 3242 1743 3306 credere,
1779 3241 2048 3311 aliquibus

482 3358 611 3397 vero
642 3358 749 3396 non
784 3341 1026 3404 credere,
1058 3347 1279 3409 propter
1305 3334 1669 3404 aequalitatem
1697 3349 1710 3384 :
1741 3348 1805 3388 eo
1827 3332 2045 3388 deducti

485 3454 674 3493 sumus
708 3444 764 3491 ut
792 3434 1162 3490 sustineamus
1211 3430 1606 3484 assensionem.
1636 3427 1837 3482 llarum
1868 3437 2047 3484 autem

486 3530 866 3604 principalium
897 3540 1222 3586 causarum,
1256 3529 1478 3593 pr0pter
1507 3535 1644 3591 quas
1676 3523 2046 3576 assensionem

2144 2331 2321 2385 τάτω’
2359 2329 2417 2385 ἓν
2451 2331 2551 2402 μὲν
2600 2332 2662 2384 τὸ
2697 2331 3030 2405 πολύτροπον
3076 2333 3170 2387 καὶ
3218 2334 3446 2388 ἄστατον
3485 2335 3587 2404 τῆς
3621 2338 3730 2389 ἀνα

2146 2418 2421 2493 θρωπίνης
2475 2419 2720 2493 γνώμης,
2770 2423 2907 2493 ὅπερ
2952 2423 3266 2494 γεννητικὸν
3316 2419 3456 2478 εἶναι
3503 2427 3731 2494 πέφυκε

2145 2513 2243 2584 τῆς
2274 2512 2587 2582 διαφωνίας,
2606 2515 2722 2584 ἦτοι
2745 2515 2841 2585 τῆς
2869 2515 2978 2586 (68)
3006 2515 3246 2588 ἀλλήλων
3270 2516 3406 2588 πρὸς
3431 2516 3730 2589 ἀλλήλους,

2147 2600 2180 2670 ἢ
2229 2601 2328 2672 τῆς
2362 2602 2564 2658 ἑαυτῶν
2599 2603 2735 2675 πρὸς
2789 2606 3042 2670 ἑαυτούς·
3091 2607 3342 2680 δεύτερον
3373 2608 3429 2660 δὲ
3451 2611 3485 2679 ή
3523 2611 3584 2662 ὲν
3610 2611 3732 2671 τοῖς

2146 2685 2262 2743 οὖσι
2295 2689 2575 2761 διαφωνία,
2611 2694 2645 2765 ἢ
2679 2694 2774 2748 καὶ
2807 2696 3030 2760 εἰκότως
3061 2698 3393 2770 ὲμποιητική
3410 2697 3733 2770 καθέστηκε

2147 2782 2243 2853 τῆς
2278 2782 2500 2853 ἐποχῆς.
2536 2785 2690 2856 Μήτε
2724 2786 2830 2858 γὰρ
2863 2788 3062 2852 πάσαις
3097 2790 3417 2858 φαντασίαις
3442 2790 3733 2845 πιστεύειν

2147 2872 2463 2943 δυνηθέντες
2485 2873 2570 2927 διὰ
2596 2874 2694 2947 τὴν
2715 2875 2915 2947 μάχην,
2937 2879 3072 2948 μήτε
3107 2879 3309 2943 πάσαις
3337 2879 3591 2935 ἀπιστεῖν
3610 2879 3730 2952 (69)

2147 2963 2233 3018 διὰ
2265 2964 2324 3018 τὸ
2353 2964 2449 3018 καὶ
2480 2965 2576 3038 τήν
2599 2965 2862 3035 λέγουσαν
2919 2971 3097 3034 πάσας
3143 2970 3402 3037 ἀπίστους
3451 2972 3733 3045 ὑπάρχειν

2149 3055 2209 3122 ἐξ
2241 3056 2464 3110 ἁπασῶν
2495 3054 2660 3113 οὖσαν
2696 3061 3240 3134 συμπεριγράφεσθαι
3287 3065 3520 3129 πάσαιςο
3579 3066 3731 3135 μήτε

2147 3149 2259 3201 τιιτ)⁸
2294 3150 2392 3221 μὲν
2408 3151 2830 3217 πιστεύειν,τισὶ
2860 3153 2915 3206 δὲ
2949 3157 3196 3210 ἀπιστεῖν
3220 3155 3306 3209 διὰ
3338 3157 3434 3219 τὴν
3473 3157 3728 3228 ἰσότητα,

2150 3242 2502 3314 κατήχθημεν
2537 3247 2616 3309 είς
2653 3247 2878 3318 ἐποχήν.
2927 3247 3142 3303 Τούτων
3175 3249 3232 3302 δὲ
3264 3249 3445 3305 αὐτῶν
3477 3250 3588 3306 τῶν
3617 3253 3730 3324 ἁρ-

2148 3334 2462 3404 χικωτάτων
2493 3335 2591 3407 τῆς
2626 3337 2826 3408 ἐποχῆς
2845 3337 2904 3390 τὸ
2931 3339 3031 3409 μὲν
3064 3340 3320 3396 ἀϐέϐαιον
3345 3343 3443 3414 τῆς
3481 3342 3729 3408 διανοίας

2147 3427 2460 3498 γεννητικόν
2487 3431 2602 3482 ὲστι
2634 3429 2924 3500 διαφωνίας
2943 3449 2955 3461 ·
2976 3434 3010 3503 ή
3041 3433 3097 3486 δὲ
3130 3433 3414 3504 διαφωνία,
3450 3437 3730 3508 προσεχὲς

2148 3521 2318 3574 αἴτιον
2334 3520 2431 3592 τῆς
2466 3523 2666 3594 ἐποχῆς
2685 3540 2698 3553 ·
2734 3523 2854 3580 ὅθεν
2887 3524 3100 3598 πλήρης
3129 3527 3229 3598 μὲν
3267 3532 3295 3581 ό
3320 3529 3430 3599 βίος
3457 3529 3729 3603 δικαστη-

482 3601 835 3680 sustinemus,
868 3614 1215 3686 cogitationis
1246 3612 1460 3683 quidem
1489 3611 1816 3666 instabilitas
1837 3651 1851 3674 ,
1882 3629 2044 3682 gene-

2153 3611 2280 3683 ρίων
2312 3631 2371 3666 τε
2406 3617 2499 3669 καὶ
2534 3615 2948 3691 βουλευτηρίων,
2967 3619 3060 3672 καὶ
3083 3618 3308 3673 καθόλου
3334 3622 3432 3692 τῆς
3454 3623 3584 3695 περὶ
3607 3601 3731 3694 (τὸ)

482 3725 566 3768 rat
593 3712 987 3766 dissensionem
1029 3726 1041 3760 :
1087 3702 1357 3759 dissensio
1386 3710 1563 3757 autem
1605 3710 1688 3758 est
1734 3693 2043 3758 immediata

2147 3705 2215 3757 τά
2237 3705 2506 3778 λεγόμενα
2538 3707 2718 3778 ἀγαθὰ
2750 3711 2842 3764 καὶ
2869 3711 3013 3765 κακά
3039 3712 3322 3784 αἱρέσεως,
3341 3713 3484 3786 ᾶπερ
3515 3693 3727 3789 ἠπορη-

480 3818 644 3860 causa
677 3807 898 3871 propter
921 3811 1082 3866 quam
1111 3792 1411 3846 sustinetur
1433 3789 1699 3844 assensio.
1728 3788 1863 3842 Hine
1886 3790 2044 3858 plena

2150 3796 2320 3868 μένης
2355 3799 2471 3852 ἐστὶ
2502 3801 2738 3866 διανοίας
2772 3803 2864 3856 καὶ
2897 3803 3032 3875 πρὸς
3072 3804 3166 3874 τὴν
3194 3804 3298 3864 τῶν
3331 3806 3441 3877 (71)
3490 3788 3734 3862 ἀντικει-

481 3893 702 3965 quidem
732 3899 813 3945 est
861 3889 968 3941 vita
1011 3883 1232 3954 judiciis
1267 3889 1319 3936 et
1347 3880 1550 3945 curiis,
1599 3887 1653 3935 et
1695 3880 1751 3933 in
1795 3895 2040 3945 summa,

480 4001 668 4042 eorum
704 3997 823 4054 qua:
857 3980 1114 4033 dicuntur
1147 3976 1288 4029 bona
1320 3981 1374 4029 et
1409 3974 1549 4027 mala
1587 3973 1892 4028 electione:
1922 3991 2043 4044 qua:

481 4073 696 4142 quidem
728 4068 905 4123 dubia:
932 4063 1129 4118 mentis
1157 4073 1210 4117 et
1243 4060 1307 4115 ad
1335 4062 1708 4130 oppositarum
1738 4077 1918 4116 rerum
1961 4065 2044 4118 in-

483 4167 790 4219 ﬁrmitatem
813 4157 1194 4219 claudicantis,
1227 4162 1353 4210 sunt
1379 4163 1719 4224 argumenta.
1771 4153 1912 4209 Sunt
1939 4157 2043 4210 ita-

479 4267 583 4319 que
627 4249 781 4303 libris
813 4247 984 4316 plenze
1028 4243 1401 4307 bibliothecae,
1445 4245 1758 4314 classesque
1804 4254 1857 4298 et
1897 4260 2044 4300 com-

2151 3887 2326 3956 μένων
2359 3893 2697 3962 πραγμάτων
2724 3895 2802 3957 είς
2835 3893 3117 3950 ἀσθένειαν
3143 3896 3250 3968 (7‘2)
3277 3898 3726 3970 μετοκλαξούσης

2146 3981 2454 4052 τεκμήρια·
2485 3982 2710 4055 πλήρεις
2739 3985 2783 4037 δ’
2828 3986 2884 4038 αί
2919 3986 3084 4058 θῆκαι
3120 3988 3227 4043 τῶν
3261 3989 3502 4059 βιϐλίων,
3533 3993 3631 4046 καὶ
3661 3994 3726 4046 αι

2151 4072 2426 4139 συντάξεις
2462 4074 2553 4128 καὶ
2586 4077 2642 4130 αί
2676 4082 3044 4148 πραγματεῖαι
3075 4081 3182 4132 τῶν
3226 4079 3634 4151 διαφωνούντων
3659 4088 3728 4140 ὲν

2149 4165 2258 4227 τοῖς
2293 4165 2558 4236 δόγμασι,
2602 4169 2698 4223 καὶ
2741 4170 3072 4226 πεποιθότων
3112 4174 3335 4239 ἑαυτοὺς
3374 4176 3472 4248 τὴν
3514 4179 3573 4231 ὲν
3604 4180 3724 4242 τοῖς

2151 4249 2300 4307 οὖσιν
2329 4256 2584 4328 ἀλήθειαν
2612 4259 2915 4328 γινώσκειν.

479 4342 838 4397 mentationes
883 4341 952 4394 iis
1019 4339 1111 4410 qui
1182 4339 1238 4392 in
1270 4338 1614 4410 dogmatibus
1649 4339 1792 4394 inter
1839 4356 1897 4396 se
1951 4342 2319 4415 dissentiunt,
2389 4360 2444 4408 et
2502 4354 2604 4410 sibi
2670 4367 3057 4426 persuaserunt
3099 4373 3160 4415 se
3199 4359 3256 4415 in
3309 4359 3476 4418 rebus
3528 4371 3724 4422 tenere

481 4433 785 4486 veritatem.

1903 4525 2134 4584 CAPUT
2174 4530 2308 4589 Vill.

1076 4615 1194 4684 Qua
1219 4616 1455 4672 methodo
1484 4627 1608 4705 tum.
1633 4635 1735 4683 res,
1774 4628 1883 4670 tum
1917 4625 2131 4679 nomina
2155 4625 2224 4678 ad
2246 4638 2414 4684 certas
2437 4630 2633 4687 classes
2659 4634 2836 4690 reduci
2873 4648 3110 4706 possunt.

553 4730 609 4786 ln
639 4747 770 4788 voce
813 4735 919 4788 tria
963 4742 1252 4791 versantur
1287 4754 1299 4790 :
1334 4750 1529 4805 nempe
1565 4744 1618 4788 et
1654 4733 1875 4789 nomina
1925 4753 2044 4808 quae

2221 4745 2356 4818 Τρία
2394 4747 2504 4817 (73)
2541 4750 2658 4802 ἐστὶ
2689 4751 2813 4822 περὶ
2846 4753 2944 4824 τὴν
2987 4755 3202 4827 φωνήν·
3237 4757 3306 4811 τά
3336 4771 3398 4810 τε
3437 4755 3718 4829 ὀνόματα,

479 4837 604 4881 sunt
631 4827 784 4898 signa
815 4842 1004 4883 eorum
1027 4843 1148 4898 qua:
1177 4828 1359 4882 animo
1387 4830 1696 4899 cogitantur
1727 4831 2041 4902 principali-

552 4986 609 5044 »14
653 4979 714 5035 P.
751 4930 856 5064 οἵ]
894 4980 1001 5034 ED.
1041 4979 1340 5045 POTTER,
1383 4980 1479 5035 γει
1527 4980 1636 5037 ED.
1677 4981 1900 5041 PARlS.

549 5113 662 5185 (68)
705 5113 1342 5187 'Hronjcﬁcabuplicem
1386 5117 1782 5174 dissensionem
1817 5123 2039 5187 statuit;

478 5183 684 5249 aliam,
713 5200 818 5252 qua
862 5183 1081 5255 diversi
1107 5183 1354 5255 homines
1399 5188 1540 5242 inter
1586 5205 1644 5244 se
1677 5183 2036 5255 dissentiunti

477 5256 638 5326 aliam
673 5268 789 5326 qua_
810 5255 931 5320 quis
957 5269 986 5306 a
1010 5254 1192 5326 seip_so
1221 5253 1510 5326 discrepat.

550 5325 660 5394 (69)
693 5321 864 5400 Μήτεξ
899 5336 964 5400 et.
1001 5342 1059 5377 α.
1097 5321 1322 5400 Sensus
1351 5321 1435 5380 est
1468 5347 1480 5382 :
1519 5327 1691 5400 Credi
1730 5345 1837 5386 non
1879 5347 2040 5400 posse

477 5394 619 5446 hanc
650 5393 1095 5468 propositionem,
1132 5412 1150 5444 ι
1181 5393 1323 5468 Nihil
1353 5406 1441 5468 est
1461 5398 1809 5453 credendum.
1845 5393 2037 5468 {Quia

475 5470 591 5536 tum
622 5478 690 5516 ne
721 5464 833 5514 haec
857 5464 1074 5536 quidem
1105 5465 1402 5533 pr0positio
1421 5476 1568 5523 esset
1598 5470 1887 5536 credenda,
1911 5464 2034 5526 cum

473 5533 636 5585 etiam
684 5547 746 5586 ea
777 5535 1014 5599 generali
1053 5549 1183 5589 voce
1220 5553 1237 5585 ι
1269 5537 1404 5590 nihil
1441 5557 1458 5589 ι
1491 5533 1890 5594 excluderetur.
1945 5543 2033 5595 Si-

474 5602 588 5654 mili
617 5611 938 5684 argumento
967 5603 1227 5684 πρίει-ειμι
1250 5603 1676 5684 [:yrrhoniorum
1707 5611 1906 5684 ἐποχήν
1938 5628 2034 5669 su-

475 5685 569 5740 pra
600 5665 846 5742 est'usus
882 5688 936 5742 p.
974 5674 1074 5727 7T7
1102 5676 1235 5730 edit.
1269 5665 1444 5732 Paris.

543 5741 653 5809 (70)
697 5741 805 5796 Καὶ
854 5741 1116 5798 καθόλου
1167 5745 1276 5813 τῆς
1329 5763 1392 5800 π.
1447 5748 1609 5815 Vult,
1662 5748 2034 5808 diﬁicultatem

2151 4834 2392 4906 σύμϐολα
2421 4837 2549 4894 ὄντα
2580 4841 2686 4894 τῶν
2715 4843 2996 4914 νοημάτων
3028 4845 3166 4899 κατὰ
3190 4847 3251 4900 τὸ
3281 4849 3718 4921 προηγούμενον,

2144 5122 2567 5208 eligendihquod
2603 5127 3009 5208 optimum_est,
3049 5149 3170 5208 qiue
3190 5135 3403 5208 ubique
3464 5141 3712 5208 gentium

2143 5195 2504 5280 conspicitur,
2552 5195 2673 5280 esse
2720 5195 3082 5280 manifestum
3113 5195 3372 5280 indicium
3397 5246 3412 5275 ,
3464 5195 3611 5280 quod
3651 5212 3707 5265 in

2143 5264 2329 5318 multis
2358 5267 2520 5322 rebus
2544 5269 2824 5323 retinenda
2852 5272 2924 5326 sit
2953 5277 3223 5329 assensio.

2184 5333 2325 5414 .(7l)
2359 5335 2476 5417 ’Καὶ
2505 5337 2667 5417 ,πρὸς
2710 5339 2824 5417 τῆξ·
2869 5340 3004 5417 τῷν.
3049 5346 3160 5417 Τήν
3208 5347 3544 5417 superﬂuum
3596 5358 3703 5406 cst.

2141 5401 2231 5456 Sic
2251 5401 2393 5474 espl.
2420 5427 2431 5459 :
2454 5426 2471 5458 ι
2500 5401 3000 5489 ριιιέειιηίἱιιιιίοἰιι
3032 5401 3228 5489 ιηεήιὶε
3259 5401 3708 5489 (fumantiaque

2139 5489 2475 5599 {{ﬁldli'ggl‘lm
2521 5479 2665 5533 inter
2705 5495 2764 5536 se
2810 5488 3168 5554 repugnantia
3211 5489 3282 5543 ob
3328 5479 3701 5546 inﬁrmitatinn

2159 5561 2168 5574 ⁵
2195 5579 2207 5596 ι
2419 5587 2428 5598 .
2482 5565 2500 5599 ι

2159 5561 2428 5599 ειῖιυαιεει.
2482 5565 2500 5599 ι

2213 5615 2325 5688 (Ῐὲ)
2362 5619 2466 5683 Εἰς
2491 5619 2828 5688 ἀσθένειαν.
2865 5620 3116 5688 υειθείς.
3150 5625 3373 5684 Lowrn.

2214 5685 2326 5757 (75)
2372 5687 2525 5753 Tpla.
2561 5687 2687 5765 llaec
2736 5705 2792 5744 se
2835 5695 2939 5745 tria
2985 5685 3330 5764 seq—nuntur:
3370 5716 3490 5765 res,
3522 5715 3714 5756 concc-

2143 5755 2510 5826 ptus,’roces.
2561 5755 2736 5815 Voces
2766 5755 3162 5833 :epmsentant
3211 5755 3543 5842 conceptus,
3576 5755 3717 5827 cono
