4016 6308
490 335 590 392 59!

1651 326 2044 395 CLEMENTIS
2075 339 2540 397 ALEXANDRINI

3630 340 3753 396 592

494 449 722 519 primam
751 447 1190 519 applicationem.
1239 446 1316 503 Ex
1343 447 1410 503 iis
1433 454 1614 503 autem
1639 464 1763 520 quas
1784 450 2038 505 collocant

2163 451 2299 517 ζῶον
2318 470 2332 484 ·
2358 454 2471 507 ἐστι
2504 454 2615 526 γὰρ
2652 451 2941 525 συνώνυμα
2969 452 3115 527 (8|),
3149 447 3226 509 ὧν
3252 454 3315 510 τὸ
3349 472 3410 509 τι
3438 455 3609 527 ὄνομα
3634 457 3753 527 ἅμ-

493 546 584 593 tnr
614 540 717 595 sub
748 540 935 596 decem
957 542 1426 612 praedicamentis,
1460 526 1565 597 alia
1608 542 1827 614 quidem
1869 558 1966 614 per
2005 560 2065 600 se

491 630 771 698 dicuntur,
798 641 862 688 ut
890 649 1085 689 novem
1110 634 1531 704 praedicamenta
1552 675 1567 701 ,
1600 636 1707 690 alia
1753 642 1935 692 autem
1970 652 2060 692 re-

492 723 603 777 lata
633 724 701 779 ad
729 724 953 795 aliquid.
997 723 1064 780 Et
1094 742 1287 783 rursus
1315 742 1380 783 ex
1417 728 1485 783 iis
1511 743 1632 799 quae
1663 737 1794 785 sunt
1835 729 1938 785 sub
1975 730 2062 786 his

490 816 676 872 decem
705 816 1160 887 prmdicamentis,
1194 818 1298 873 alia
1326 819 1547 890 quidem
1578 827 1709 877 sunt
1732 836 2056 892 synonyma,

490 907 635 963 sicut
681 908 780 963 bos
829 915 885 963 et
925 909 1123 976 homo,
1167 920 1442 979 quatenus
1480 912 1700 999 animal.
1734 910 1873 967 Sunt
1912 912 2058 969 enim

489 1013 811 1071 synonyma,
829 1016 1062 1070 quorum
1092 1002 1377 1058 amborum
1400 1018 1598 1058 nomen
1630 1011 1713 1061 est
1746 1021 2056 1070 commune,

490 1094 549 1144 ut
596 1090 798 1144 animal
838 1106 853 1142 :
906 1100 960 1146 et
1010 1093 1153 1147 ratio
1196 1091 1422 1158 eadem,
1480 1096 1584 1150 hoc
1627 1104 1745 1162 est,
1792 1096 2055 1161 delinitio,

487 1197 702 1252 nempe,
742 1184 981 1238 essentia
1012 1185 1271 1240 animata.
1303 1184 1663 1258 Heteronyma
1690 1178 2056 1255 autem’sunt,

485 1289 607 1343 quae
627 1275 775 1328 circa
807 1274 949 1329 idem
981 1275 1291 1345 subjectum
1328 1287 1458 1333 sunt
1486 1279 1540 1333 in
1569 1280 1800 1337 diversis
1831 1284 2062 1338 nomini-

485 1365 609 1429 bus,
643 1371 704 1420 ut
731 1381 997 1424 ascensus
1019 1373 1076 1423 ct
1101 1368 1402 1424 descensus
1431 1385 1445 1421 :
1487 1375 1545 1433 »Β
1577 1377 1663 1425 est
1691 1373 1835 1426 enim
1868 1373 2055 1429 eadem

484 1456 605 1519 via,
649 1456 765 1511 sive
813 1472 1055 1522 sursum,
1104 1461 1219 1514 sive
1265 1460 1547 1516 deorsum.
1596 1460 1693 1517 Est
1732 1472 1911 1519 autem
1949 1466 2055 1521 alia

484 1549 697 1618 species
731 1550 1239 1621 heteronymorum,
1289 1559 1481 1623 utpote
1524 1567 1735 1624 equus,
1783 1563 1840 1610 et
1883 1557 2052 1628 niger,

483 1653 605 1708 quae
625 1644 680 1694 et
708 1653 906 1695 nomen
950 1646 1006 1694 et
1043 1640 1311 1695 rationem
1357 1642 1581 1708 habent,
1614 1645 1846 1699 alterum
1876 1646 1948 1701 ab
1974 1647 2055 1700 al—

482 1734 599 1784 tero
645 1729 922 1784 diversum
943 1769 959 1794 ,
992 1738 1048 1785 et
1072 1746 1249 1801 neque
1279 1732 1480 1788 habent
1520 1734 1661 1789 idem
1701 1734 2048 1805 subjectum:

2166 549 2285 617 φοίν
2311 546 2508 609 κοινὸν,
2531 546 2594 600 τὸ
2617 544 2755 610 ζῶον
2773 565 2784 576 ·
2817 545 2910 598 καὶ
2928 546 2959 597 6
2980 546 3155 616 λόγος,
3185 548 3214 601 ὁ
3240 544 3425 609 αὐτὸς,
3451 546 3745 600 τουτέστιν

2161 642 2190 693 ὁ
2231 640 2391 712 ὄρος,
2436 638 2713 694 τουτέστιν
2757 637 2915 691 οὐσία
2958 636 3235 709 ἔμψυχος·
3284 636 3607 709 ἑτερώνυμα
3642 638 3746 699 δὲ,

2159 730 2261 786 ὃσα
2309 732 2436 802 περὶ
2478 730 2540 785 τὸ
2583 728 2716 782 αὐτὸ
2755 727 3111 799 ὑποκείμενον
3163 730 3222 781 ἐν
3263 728 3543 800 διαφόροις
3586 728 3750 781 ἐστὶν

2159 821 2417 892 ὀνόμασιν
2438 859 2453 885 ,
2483 814 2594 874 οἷον
2633 818 2895 880 ἀνάϐασις
2920 817 3014 871 καὶ
3044 818 3373 883 κατάϐασιςο
3404 819 3524 881 ὁδὸς
3558 818 3673 890 γὰρ
3706 818 3749 890 ἡ

2160 912 2321 983 αὐτὴ,
2354 913 2474 982 ἦτοι
2506 914 2586 975 είς
2610 909 2671 963 τὸ
2698 909 2830 975 ἀνω,
2854 910 2887 981 ἤ
2921 912 3003 975 είς
3029 909 3091 964 τδ
3118 908 3286 963 κάτω.
3313 909 3388 962 T6
3417 910 3461 963 δ’
3488 909 3622 964 ἀλλο
3652 904 3745 962 εἷ-

2157 1002 2246 1067 δος
2291 1003 2400 1057 τῶν
2450 1002 2805 1073 ὲτερωνύμων
2830 1040 2846 1064 ,
2893 994 3005 1055 οἷον
3053 1000 3221 1062 ἵππος
3259 1000 3355 1053 καὶ
3394 999 3598 1071 μέλας,
3642 999 3753 1052 καὶ

2156 1096 2325 1167 ὁνομα
2351 1094 2445 1150 καὶ
2475 1094 2632 1164 λόγον
2679 1093 2765 1146 ἒτε
2773 1109 2863 1163 ρον
2910 1091 3155 1164 ἀλλήλων
3188 1090 3378 1161 ἔχοντα
3396 1132 3411 1154 ,
3466 1092 3605 1162 μηδὲ
3636 1091 3747 1146 τοῦ

2157 1187 2513 1259 ὑποκειμένου
2568 1184 2959 1240 κοινωνοῦντα·
3013 1184 3178 1263 ἕτερα
3225 1184 3284 1237 δὲ
3328 1182 3548 1237 λεκτέον
3567 1222 3585 1247 ,
3633 1184 3750 1253 οὐχ

2155 1280 2490 1353 ἑτερώνυμα.
2523 1277 2862 1350 Πολυώνυμα
2894 1277 2953 1331 δὲ
2980 1278 3051 1331 τά
3077 1276 3168 1330 τὸν
3203 1277 3300 1346 μὲν
3331 1275 3487 1344 λόγον
3512 1274 3609 1331 τὸν
3641 1276 3752 1327 αὐ-

2153 1372 2245 1425 τὸν
2271 1371 2483 1441 ἔχοντα,
2511 1369 2681 1439 ὄνομα
2707 1368 2764 1422 δὲ
2795 1368 3050 1440 διάφορον
3069 1382 3083 1396 ·
3113 1365 3190 1429 ὡς
3217 1366 3340 1436 ἆορ,
3372 1364 3525 1433 ξίφος
3542 1402 3560 1429 ,
3591 1363 3751 1432 @63-

2161 1480 2324 1534 γανον
2347 1481 2361 1493 ο
2397 1460 2701 1534 παρώνυμα
2728 1459 2773 1512 6‘
2807 1458 2925 1513 ἐστὶ
2960 1457 3033 1511 τὰ
3073 1457 3224 1528 παρά
3264 1473 3318 1509 τι
3358 1456 3545 1527 ἕτερον
3592 1454 3746 1508 ὠνο-

2165 1553 2448 1625 μασμένα,
2502 1552 2579 1616 ὡς
2636 1551 2746 1606 ἀπὸ
2799 1550 2902 1620 τῆς
2952 1549 3203 1621 ἀνδρείας
3250 1548 3281 1600 ὁ
3318 1547 3582 1617 ἀνδρεῖος.
3649 1546 3746 1599 T6

2153 1645 2210 1699 δὲ
2237 1643 2504 1717 ὁμώνυμα
2531 1642 2644 1715 (82)
2664 1682 2679 1707 ,
2710 1642 2790 1713 τῷ
2823 1640 2971 1713 αὐτῷ
2997 1640 3221 1711 ὁνὸματι
3248 1637 3540 1711 χρώμενα,
3571 1636 3746 1706 λόγον

2150 1737 2206 1792 δὲ
2234 1739 2294 1791 οὐ
2319 1737 2410 1792 τὸν
2437 1736 2598 1790 αὐτὸν
2628 1734 2848 1805 ἔχοντα’
2900 1727 3013 1787 οἷον
3062 1730 3445 1802 ἄνθρωπος,τὸ
3486 1746 3548 1783 τε
3590 1728 3746 1793 ζῶον

481 1828 611 1874 sunt
648 1835 711 1875 ea
759 1827 942 1875 autem
990 1822 1220 1877 dicenda
1264 1823 1469 1887 altera,
1524 1839 1634 1879 non
1678 1825 2038 1898 heteronyma.

2153 1829 2247 1882 καὶ
2281 1830 2310 1881 ὁ
2336 1826 2740 1900 γεγραμμένος.
2770 1824 2892 1880 Τῶν
2929 1824 2988 1878 δὲ
3027 1822 3335 1895 ὁμωνύμων
3376 1821 3445 1875 τά
3475 1821 3578 1893 μὲν
3618 1820 3746 1874 ἀπὸ

480 1909 813 1982 Polyonyma
840 1919 1021 1967 autem
1044 1920 1174 1968 sunt
1194 1928 1317 1984 qua:
1345 1913 1590 1969 eamdem
1615 1915 1835 1985 quidem
1856 1916 2056 1972 habent

482 2002 771 2069 rationem,
801 2018 1000 2059 nomen
1033 2012 1214 2059 autem
1239 2006 1540 2067 diversum,
1561 2013 1622 2060 ut
1639 2009 1808 2070 ensis,
1838 2009 2051 2079 spatha,

479 2095 712 2166 gladius.
762 2094 1175 2152 Denominativa
1221 2104 1401 2154 autem
1435 2108 1598 2164 sunt,
1629 2115 1752 2171 quae
1777 2116 1841 2156 ex
1871 2102 2055 2173 aliquo

478 2187 649 2241 altero
707 2193 838 2244 sunt
889 2189 1207 2254 nominata,
1266 2196 1324 2244 ut
1395 2206 1426 2246 a
1485 2190 1807 2249 fortitudine
1874 2194 2050 2250 fortis.

476 2275 813 2350 Homonyma
860 2288 1041 2335 autem
1077 2288 1236 2346 sunt,
1281 2297 1403 2351 quae
1447 2290 1676 2339 utuntur
1714 2284 1903 2341 eodem
1952 2302 2052 2342 no-

478 2370 658 2433 mine,
711 2386 820 2425 non
872 2372 1073 2428 habent
1125 2380 1308 2429 autem
1351 2376 1601 2431 eamdem
1649 2382 1947 2444 rationem,
1991 2388 2053 2433 ut

475 2463 659 2530 homo,
700 2466 795 2536 qui
822 2472 905 2523 est
927 2474 981 2522 et
1010 2468 1234 2534 animal,
1264 2478 1318 2525 et
1349 2471 1511 2526 homo
1531 2472 1728 2543 pictus.
1755 2474 1832 2530 Ex
1862 2474 2054 2531 homo-

474 2554 653 2625 nymis
686 2564 889 2624 autem,
923 2559 1030 2613 alia
1062 2560 1282 2631 quidem
1312 2562 1514 2618 habent
1554 2564 1697 2620 idem
1750 2581 1948 2623 nomen
1981 2584 2048 2623 ex

474 2643 690 2701 fortuna
716 2686 732 2712 ,
766 2654 825 2702 ut
851 2648 989 2720 Ajax
1018 2650 1249 2716 Locrus,
1286 2660 1341 2708 et
1371 2653 1510 2724 Ajax
1543 2654 1907 2725 Salaminius;
1941 2659 2046 2715 alia

472 2743 652 2793 autem
698 2755 763 2795 ex
806 2740 1129 2800 intentione.
1176 2744 1243 2800 Et
1272 2762 1339 2803 ex
1364 2747 1453 2804 his
1479 2787 1495 2812 ,
1546 2748 1654 2803 alia
1694 2751 1915 2822 quidem
1948 2768 2046 2823 per

472 2827 882 2887 similitudinem
906 2868 923 2897 ,
954 2839 1014 2887 ut
1044 2833 1209 2890 homo
1229 2873 1244 2900 ,
1271 2844 1325 2892 et
1355 2837 1448 2907 qui
1478 2846 1561 2893 est
1593 2840 1794 2895 animal
1814 2883 1829 2908 ,
1862 2849 1916 2897 et
1947 2842 2041 2912 qui

2150 1919 2322 1991 τύχης
2351 1920 2647 1991 ὁμιυνυμεί,
2671 1916 2747 1981 ὡς
2777 1915 2914 1979 Αἴας
2940 1915 3053 1987 (85)
3084 1916 3115 1968 ὁ
3140 1914 3349 1986 Λοκρὸς
3380 1914 3523 1967 καὶὸ
3553 1911 3740 1965 Σαλαο

2157 2012 2329 2084 μίνιος
2346 2029 2360 2042 ’
2397 2010 2467 2066 τὰ
2501 2010 2558 2066 δὲ
2586 2010 2694 2064 ἀπὸ
2718 2008 2990 2072 διανοίαςο
3024 2008 3119 2061 καὶ
3145 2007 3349 2062 τούτων
3370 2005 3441 2059 τὰ
3471 2004 3572 2076 μὲν
3601 2003 3741 2059 καθ’

2154 2105 2477 2177 ὁμοιότητα,
2506 2103 2582 2169 ὡς
2613 2102 2899 2175 ἄνθρωπος
2941 2101 3001 2155 τό
3026 2117 3087 2155 τε
3115 2099 3254 2165 ζῶον
3300 2100 3395 2154 καὶ
3419 2100 3451 2152 6
3476 2114 3743 2169 γεγραμ-

2157 2198 2343 2269 μένος’
2371 2196 2440 2251 τά
2466 2196 2523 2250 δὲ
2552 2195 2692 2250 κατά
2719 2194 3011 2265 ἀναλογίαν
3034 2234 3048 2258 ,
3088 2192 3166 2256 ὡς
3192 2192 3350 2256 πόδες
3392 2192 3541 2262 Ἴδης
3573 2191 3699 2259 (δι)
3718 2230 3737 2257 ,

2155 2290 2247 2343 καὶ
2277 2290 2325 2343 οί
2356 2288 2610 2360 ἡμέτεροι
2636 2287 2814 2349 πόδες,
2846 2284 2934 2340 διὰ
2957 2287 3018 2339 τὸ
3046 2284 3343 2356 κατωτέρω
3373 2278 3542 2337 εἶναι*
3569 2283 3639 2337 τά
3672 2283 3741 2337 δὲ

2155 2383 2275 2434 κατ’
2304 2380 2605 2453 ἐνέργειαν,
2628 2380 2704 2443 ώς
2730 2377 2864 2442 ποῦς
2893 2377 3077 2432 πλοίου
3110 2376 3244 2448 (85),
3272 2376 3339 2428 δι’
3367 2371 3429 2432 οὐ
3454 2376 3515 2429 τὸ
3540 2376 3741 2429 πλοῖον

2156 2472 2300 2536 πλεῖ,
2335 2472 2430 2527 καὶ
2462 2471 2598 2536 ποῦς
2624 2472 2653 2524 6
2688 2470 2973 2543 ἡμέτερος,
3008 2469 3073 2523 δι’
3103 2462 3165 2523 οὐ
3200 2466 3515 2540 κινούμεθα.
3554 2468 3741 2536 Λέγε-

2150 2583 2238 2620 ται
2267 2563 2529 2636 ὁμώνυμα
2572 2562 2679 2617 ἁπὸ
2704 2561 2799 2615 τοῦ
2839 2560 3002 2626 αὐτοῦ
3048 2562 3141 2615 καὶ
3172 2560 3310 2633 πρὸς
3341 2560 3400 2613 τὸ
3439 2558 3606 2612 αὐτὸ’
3640 2558 3729 2623 ὡς

2149 2657 2257 2713 ἀπὸ
2275 2656 2368 2709 τοῦ
2392 2655 2576 2727 ίατροῦ
2598 2652 2708 2728 (86)
2728 2654 2789 2707 τὸ
2809 2652 3010 2724 βιϐλίον
3035 2653 3129 2707 καὶ
3146 2652 3207 2706 τὸ
3229 2651 3442 2724 σμιλίον
3475 2651 3731 2724 ἰατρικὰ,

2145 2749 2253 2804 ἀπό
2289 2765 2347 2802 τε
2377 2746 2470 2801 τοῦ
2503 2746 2785 2819 χρωμένου
2830 2744 3046 2817 ἰατροῦ,
3095 2745 3190 2798 καὶ
3232 2744 3371 2816 πρὸς
3414 2743 3505 2799 τὸν
3556 2745 3733 2799 αὐτὸν

2143 2841 2299 2911 λόγον
2327 2840 2417 2895 τὸν
2453 2838 2713 2911 ίατρικὸν.

471 2920 683 2989 pictus;
713 2922 821 2977 alia
882 2932 1062 2981 autem
1094 2941 1189 2995 per
1253 2930 1658 2999 proportionem
1700 2944 1764 2986 ac
1833 2932 2303 2996 convenientiam,
2358 2942 2417 2987 ut
2484 2929 2650 3002 pedes
2694 2926 2829 2994 Idm,
2881 2938 2935 2985 et
2975 2929 3149 2984 nostri
3192 2928 3385 3000 pedes,
3426 2936 3735 2999 propterea

469 3011 615 3080 quod
636 3012 747 3067 sint
774 3013 1035 3083 inferius;
1063 3018 1168 3070 alia
1197 3027 1379 3073 autem
1405 3035 1473 3075 ex
1503 3021 1838 3090 operatione,
1859 3029 1917 3077 ut
1946 3038 2042 3092 pes
2082 3022 2260 3087 navis,
2295 3037 2391 3093 per
2436 3036 2597 3091 quem
2627 3019 2784 3075 navis
2813 3018 3069 3089 navigat,
3104 3026 3160 3075 et
3209 3034 3303 3089 pes
3351 3025 3563 3083 noster,
3626 3032 3734 3089 per

469 3115 630 3170 quem
687 3118 987 3162 movemur.
1044 3106 1312 3164 Dicuntur
1359 3112 1524 3165 etiam
1578 3111 1906 3185 homonyma
1965 3114 2035 3169 ab
2073 3113 2263 3171 eodem
2294 3121 2349 3170 et
2376 3112 2446 3169 ad
2467 3111 2648 3176 idem,
2684 3116 2801 3166 uta
2862 3109 3075 3167 medico
3103 3110 3243 3168 liber
3306 3118 3364 3166 et
3398 3110 3731 3180 scalpellum

469 3192 714 3260 medica,
761 3206 816 3252 et
857 3211 888 3250 α
929 3198 1140 3255 medico
1190 3203 1285 3272 qui
1332 3202 1527 3268 utitur,
1568 3210 1624 3258 et
1653 3202 1722 3257 ad
1769 3204 2037 3260 rationem
2076 3204 2361 3262 medicam.

1910 3336 2139 3393 CAPUT
2181 3338 2274 3394 IX.

1750 3447 1826 3505 De
1844 3450 2061 3506 diversis
2086 3449 2383 3523 generibus.

536 3565 614 3621 Ex
646 3566 856 3633 causis,
914 3566 1033 3621 alia:
1053 3564 1273 3637 quidem
1311 3572 1439 3621 sunt
1468 3579 1589 3634 qua:
1619 3564 1881 3621 dicuntur
1909 3582 2037 3637 pro-

2208 3565 2327 3619 Τῶν
2368 3564 2555 3619 αίτίων
2592 3564 2661 3619 :6
2705 3564 2805 3637 μὲν
2844 3563 3326 3637 προκαταρκτικὼ
3374 3562 3443 3617 τὰ
3477 3563 3535 3617 δὲ
3586 3580 3725 3618 συν-

441 3634 794 3725 ὀοιοι-οῑίοεο,
821 3658 941 3713 aliae
971 3674 1100 3714 vero
1129 3658 1443 3731 synecticre,
1481 3656 1603 3712 alia:
1638 3666 1821 3714 autem
1876 3660 2034 3730 adju-

462 3761 675 3813 vantes,
705 3751 824 3806 alia:
861 3736 980 3806 Sine
1014 3749 1215 3820 quibus
1246 3763 1374 3803 non.
1422 3747 1862 3817 Procatarcticm,
1912 3766 2033 3823 quae

462 3844 638 3915 primo
656 3844 787 3899 dant
809 3845 1156 3900 occasionem
1178 3842 1246 3897 ad
1269 3843 1370 3898 hoc
1397 3850 1456 3898 ut
1476 3844 1680 3913 aliquid
1708 3844 1820 3910 tiat,
1841 3862 2034 3916 quem-

461 3936 752 3993 admodum
803 3935 1153 4008 pulchritudo
1205 3935 1297 3989 dat
1342 3936 1810 3992 incontinentibus
1869 3952 2032 3993 occa-

461 4031 671 4085 sionem
713 4031 956 4092 amoris;
1013 4029 1095 4085 eis
1146 4028 1291 4082 enim
1336 4027 1454 4083 visa
1506 4030 1685 4084 solum
1746 4029 2030 4099 ingenerat

459 4123 801 4178 affectionem
862 4121 1222 4183 amatoriam,
1277 4133 1380 4174 nec
1432 4127 1617 4175 tamen
1688 4122 2025 4178 necessario.

460 4214 776 4285 Synecticaa,
806 4231 927 4287 quae
979 4214 1145 4270 etiam
1194 4227 1292 4282 per
1339 4213 1718 4284 synonyminm
1764 4230 1862 4271 seu
1904 4217 2027 4270 uni-

2139 3658 2349 3713 εκτικά·
2380 3657 2449 3711 τὰ
2470 3657 2528 3711 δὲ
2563 3658 2815 3731 συνεργὰ*
2844 3656 2913 3712 τὰ
2941 3657 3019 3722 δὲ,
3045 3650 3119 3710 ὧν
3144 3657 3243 3712 οὐκ
3270 3658 3421 3712 ἀνευ.
3462 3658 3725 3730 Προκατο

2138 3751 2375 3825 αρκτικά
2422 3752 2523 3823 μὲν
2566 3751 2635 3805 τά
2675 3752 2906 3824 πρώτως
2947 3749 3201 3824 ἀφορμὴν
3241 3750 3597 3823 παρεχόμενα
3631 3753 3723 3815 είς

2136 3842 2197 3896 τὸ
2225 3842 2507 3912 γίγνεσθαί
2541 3860 2614 3906 τι,
2644 3842 2892 3913 καθάπερ
2922 3840 2984 3894 τὸ
3027 3840 3221 3904 κάλλος
3247 3844 3360 3903 τοῖς
3388 3840 3743 3906 ἀκολάστοις

2135 3933 2227 3987 τοῦ
2267 3933 2464 4006 ἔρωτος
2486 3951 2499 3965 ·
2537 3933 2698 4003 ὀφθὲν
2726 3931 2835 4004 γὰρ
2859 3933 3065 3997 αὐτοῖς,
3102 3933 3201 4004 τὴν
3229 3934 3498 4005 ἐρωτικὴν
3521 3932 3714 3988 6:605-

2136 4043 2221 4082 σιν
2262 4028 2480 4098 εμποιεί
2522 4027 2703 4098 μόνον,
2741 4027 2802 4079 οὐ
2836 4024 2941 4097 μὴν
2983 4024 3551 4096 κατηναγκασμένωςο
3587 4043 3719 4080 συν-

2133 4116 2323 4173 εκτικά
2337 4118 2413 4184 δὲ,
2432 4119 2573 4191 ἅπερ
2586 4118 2694 4190 (87)
2708 4116 3037 4187 συνωνύμως
3050 4118 3143 4170 καὶ
3157 4115 3414 4188 αὐτοτελῆ
3431 4116 3680 4170 καλεῖται
3690 4157 3710 4180 ,

2129 4209 2430 4282 ἐπειδήπερ
2446 4211 2732 4282 αὐτάρκως
2748 4208 2815 4263 δι’
2834 4209 2996 4262 αὐτοῦ
3018 4207 3297 4277 ποιητικόν
3313 4210 3430 4261 ἐστι
3450 4208 3545 4261 τοῦ
3561 4210 3711 4262 ἁπο-

460 4318 591 4359 voce
621 4315 908 4368 vocantur,
939 4318 1036 4375 per
1065 4318 1125 4358 se
1159 4300 1415 4373 perfecta:
1452 4305 1893 4376 quandoquidem
1926 4322 2024 4377 per

2148 4303 2471 4376 τελέσματος.
2513 4304 2671 4375 Ἑξῆς
2702 4302 2759 4357 δὲ
2796 4303 2973 4358 πάντα
3011 4300 3079 4355 τά
3118 4300 3268 4355 αἴτια
3299 4302 3391 4355 ἐπὶ
3435 4300 3529 4355 τοῦ
3566 4320 3711 4373 μαν-

456 4410 516 4450 se
541 4403 626 4450 est
654 4397 811 4466 plene
853 4394 1094 4450 elﬁciens
1115 4393 1362 4448 eil‘ectus.
1397 4392 1663 4466 Deinceps
1691 4406 1871 4452 autem
1898 4413 2019 4451 om-

455 4484 605 4542 nium
637 4502 932 4544 causarum
961 4486 1207 4555 exempla
1226 4485 1587 4542 ostendentur
1617 4488 1667 4543 ei
1714 4487 1806 4558 qui
1833 4488 2014 4544 discit.

526 4645 585 4704 ὢ
625 4639 689 4696 Ρ.
730 4583 837 4713 9ἷ9
876 4637 984 4693 ED.
1024 4638 1323 4705 POTTER,
1367 4639 1472 4696 785
1512 4638 1624 4695 ΕΙ).
1666 4638 1891 4697 PARIS.

2131 4394 2384 4461 θάνοντος
2417 4398 2656 4453 δεικτέον
2676 4412 2691 4428 ·
2721 4396 2749 4448 ὁ
2768 4397 2865 4467 μὲν
2893 4395 3076 4467 πατὴρ
3108 4391 3276 4449 αἴτιόν
3305 4395 3421 4448 ἐστι
3458 4411 3708 4468 προκατ-

2125 4489 2386 4561 αρκτικὸν
2447 4490 2547 4561 τῆς
2582 4489 2871 4562 μαθήσεως
2896 4506 2911 4519 ο
2950 4492 2980 4543 ὁ
3017 4488 3335 4553 διδάσκαλος
3362 4488 3422 4542 δὲ
3451 4503 3709 4543 συνεκτι-

525 4795 638 4867 (81)
678 4791 1052 4867 Svrdirupa;
1079 4792 1400 4867 Aristoteles
1430 4794 1572 4867 libro
1606 4795 1858 4867 superius
1877 4794 2024 4851 dicto
2056 4798 2100 4855 D
2127 4805 2287 4867 ctum
2302 4804 2417 4867 est,
2442 4792 2644 4867 animal
2676 4792 2899 4867 dicitur.
2940 4812 2961 4846 ι

451 4860 574 4937 cap.
618 4860 682 4927 ἰ,
727 4871 857 4937 sect.
896 4860 934 4915 2
954 4879 975 4937 Δι
1013 4863 1407 4937 Συνώνυμαάδὲ
1448 4860 1700 4937 λέγεται,
1742 4860 1819 4922 ὧν
1860 4867 1921 4920 τό
1961 4883 2022 4920 τε

450 4933 619 5010 ονομα
639 4933 830 5010 ,κοινὸν
842 4974 857 4996 ,
885 4933 1040 5010 καὶ-ὁ
1080 4933 1485 5010 κατάτοῦνομα
1524 4933 1680 5008 λόγος
1707 4939 1807 5010 τῆς
1835 4937 2023 5010 οὐσίας

447 5007 477 5058 ὁ
508 4997 715 5084 αὐτὸς·
774 4997 885 5057 οἷον
928 5001 1159 5084 ζῶον,.ὁ
1195 5024 1254 5060 τε
1285 4997 1610 5084 ἀνθρωποςξ
1657 4997 1826 5064 ἇιαὶ”ὁ
1872 4997 2019 5080 βοῦςξ

452 5094 471 5128 ι
506 5075 821 5147 Synonyma
844 5086 1022 5152 autem
1041 5076 1335 5152 dicuntur,
1367 5075 1602 5152 quorum
1631 5088 1685 5136 et
1709 5075 1907 5135 nomen
1936 5089 2021 5152 est

446 5145 777 5209 connnnne,
825 5157 879 5200 et
926 5145 994 5201 ad
1039 5148 1173 5203 illud
1220 5145 1420 5210 nomen
1467 5152 1881 5208 accommodata
1924 5149 2022 5204 de-

448 5217 621 5291 finitio
655 5216 994 5291 est_eadem;
1028 5223 1487 5291 quemadmodum
1521 5230 1576 5279 et
1608 5222 1886 5287 homo,'et
1920 5220 2021 5276 bos

444 5286 649 5341 dicitur
674 5286 896 5343 animal.
936 5306 954 5340 ι

517 5356 630 5445 (82)
646 5356 974 5445 Ὀρώνςυμα
994 5358 1323 5445 Aristoteles;
1337 5361 1460 5445 libri
1480 5362 1645 5419 modo
1661 5362 1793 5445 dicti
1813 5375 1948 5445 ουρ..
1962 5360 1987 5412 ί
2002 5398 2018 5420 ο

443 5427 599 5505 initio
640 5447 654 5483 :
691 5427 1000 5505 ξομιῦνυμα
1017 5432 1258 5505 λέγεται,
1289 5427 1363 5488 ὧν
1404 5433 1577 5505 ὄνομα
1607 5432 1767 5505 μόνον
1806 5427 2015 5505 κοίνὸν·

439 5498 549 5574 66%
578 5498 716 5574 κατά
741 5495 977 5574 τοῦνομα
1016 5495 1173 5572 λόγος
1214 5495 1312 5574 τῆς
1363 5495 1551 5567 οὐσίας
1595 5495 1857 5574 21590;;
1903 5495 2014 5553 οἷον

439 5568 573 5633 ζῶον
611 5571 639 5623 ὅ
670 5588 743 5645 ᾗτε
772 5568 1058 5645 ἄνθρωπος
1083 5568 1177 5626 icui.
1216 5568 1278 5627 1:6
1313 5568 1717 5644 γεγραμμένονζ
1755 5590 1772 5621 ι
1813 5568 2013 5624 Homo-

438 5655 597 5710 nyma
652 5639 935 5713 dicuntur,
995 5657 1229 5713 quorum
1268 5639 1467 5697 nomen
1495 5639 1673 5713 solum
1723 5647 1808 5713 est
1844 5653 2012 5713 com-

437 5724 619 5773 mune,
660 5711 725 5764 ad
758 5712 889 5766 illud
920 5710 1050 5768 vero
1084 5727 1283 5766 nomen
1316 5711 1728 5767 accommodata
1761 5710 2009 5763 deﬁnitio

434 5789 518 5834 est
552 5780 770 5835 diversa
810 5801 820 5835 :
852 5781 1312 5852 quemadmodum
1346 5794 1401 5836 et
1436 5781 1617 5849 homo,
1653 5788 1707 5837 et
1739 5779 1884 5855 quod
1920 5780 2005 5849 pi-

2200 4865 2312 4937 (83)
2342 4862 2741 4937 Ala¢._Aja_ces
2761 4865 2871 4919 duo
2895 4878 2927 4919 a
2961 4862 3186 4935 Troiani
3221 4866 3353 4922 belli
3378 4870 3706 4929 auctoribus

2127 4934 2357 4991 multum
2394 4934 2675 4989 celebrati.

2197 5006 2310 5092 (84)
2339 5003 2728 5092 Πέὸςςέίὸης.
2758 5003 2934 5092 Pedes
2962 5003 3069 5061 Idae
3092 5007 3295 5092 montis
3318 5006 3377 5064 ll.
3410 5010 3553 5092 Υζχ.
3600 5011 3693 5074 59,

2125 5075 2354 5148 Πάιζῄτες
2385 5075 2781 5148 ιδ’-ἐσσείοντο
2805 5077 2999 5148 ίεόὸες
3022 5078 3435 5148 πολυπίδακος
3460 5082 3636 5148 Ἴδης.

2198 5146 2311 5219 (85)
2351 5145 2509 5219 [1623c
2534 5146 2768 5219 πλοίου.
2800 5145 3012 5219 ﬁonius
3059 5146 3351 5219 Marcellus
3381 5145 3422 5205 ε’
3467 5165 3486 5199 ι
3539 5145 3695 5206 Remi

2127 5215 2256 5271 sunt
2291 5215 2509 5290 navales
2538 5217 2721 5290 pedes.
2752 5235 2771 5269 ι
2800 5215 3077 5290 vocantur
3107 5218 3243 5271 alius
3279 5237 3300 5270 ι
3339 5221 3528 5290 pedes,
3561 5248 3577 5274 ο
3611 5223 3696 5274 [ιι-ο

2129 5302 2245 5362 nes_
2276 5286 2508 5362 nautici,
2551 5287 2752 5362 quibus
2785 5288 2902 5341 vela
2947 5286 3353 5362 astringuntur;
3384 5290 3541 5346 Unde
3584 5292 3692 5362 Ly-

2126 5357 2370 5428 cophron
2414 5356 2625 5428 ποδωτά
2663 5356 2803 5428 λίναΔ
2835 5367 3011 5412 vocat.
3067 5356 3229 5413 conf.
3291 5359 3566 5416 Meursius
3630 5356 3689 5415 in

2127 5423 2286 5498 istius
2341 5434 2514 5498 poetae
2559 5423 2881 5481 Cassandra:
2930 5445 2980 5482 v.
3018 5428 3086 5483 97
3134 5435 3189 5484 et
3218 5429 3378 5494 1015,
3416 5441 3471 5486 et
3505 5440 3693 5487 noster

2124 5497 2327 5552 ibidem
2344 5497 2669 5551 commenta
2679 5498 2809 5552 rius.

2191 5568 2303 5637 (86)
2328 5565 2483 5637 ςΑπὸ
2525 5566 2631 5620 τοῦ
2674 5566 2895 5636 ἰατροῦ.
2936 5567 3263 5626 Rednndare
3310 5570 3570 5627 videntur
3608 5570 3691 5626 ha:

2117 5635 2299 5711 voces.
2323 5635 2488 5692 Forte
2520 5638 2613 5711 ἐπὶ
2651 5637 2743 5690 τοῦ
2764 5635 2972 5711 iga-poi}
2997 5640 3304 5707 legendum.

2190 5708 2301 5786 (87)
2347 5710 2735 5786 Συιςῳνύμως.
2791 5707 3209 5786 Si_{_lcgendum
3244 5727 3368 5768 esse
3401 5727 3502 5785 pro
3541 5710 3691 5786 vuig.

2116 5777 2425 5849 συνώνυμα,
2455 5777 2624 5849 liquet
2650 5793 2713 5834 ex
2745 5795 2798 5849 p.
2832 5779 2957 5836 554.
