4016 6308
314 339 423 395 593

1521 337 1949 394 STROMATUM
1991 337 2120 392 LIB.
2165 335 2298 392 νιη.

3453 340 3557 394 594

311 458 439 510 κόν·
472 457 505 526 ἡ
546 455 603 508 δὲ
644 455 738 508 τοῦ
789 453 1148 524 μανθάνοντος
1182 452 1342 523 φύσις
1383 455 1644 529 συνεργὸν
1691 456 1858 510 αἴτιον

1991 452 2153 506 Pater
2183 451 2403 522 quidem
2435 459 2519 507 est
2559 466 2724 506 causa
2775 453 3168 522 procatarctica
3207 451 3509 521 diSCiplinm
3538 477 3551 512 :

307 552 336 604 δ
368 549 429 602 δὲ
460 549 649 619 χρόνος
681 546 790 600 τῶν
834 539 909 600 ὧν
942 547 1040 600 οὐκ
1086 547 1213 601 ἀνευ
1264 546 1420 616 λόγον
1463 546 1666 616 ἐπέχει.
1707 546 1884 599 Αἴτιον

306 639 365 693 δὲ
393 640 599 711 κυρίως
626 639 840 708 λέγεται
866 638 927 691 τὸ
955 639 1286 710 παρεκτικόν
1312 655 1457 702 τινος
1489 637 1880 710 ὲνεργητικῶςο

306 730 434 783 ἐπεὶ
465 731 559 784 καὶ
588 729 680 783 τὸν
713 729 928 801 σίδηρον
954 731 1220 801 τμητικὸν
1249 729 1429 800 φαμὲν
1457 724 1596 782 εἶναι
1628 729 1688 781 ού
1727 729 1884 800 μόνον

305 820 368 874 ὲν
413 819 493 886 τῷ
519 820 759 891 τέμνειν,
802 819 939 872 ἀλλά
981 822 1072 873 καὶ
1109 822 1168 875 ὲν
1203 819 1281 890 τῷ
1317 819 1392 891 μὴ
1433 819 1668 891 τέμνειν.
1699 818 1884 883 Οὕτως

303 910 404 968 οὖν
438 915 532 966 καὶ
573 913 634 967 τὸ
672 914 1000 986 παρεκτικδν
1041 915 1206 985 ἄμφω
1248 915 1521 986 σημαίνει,
1559 915 1651 967 καὶ
1691 912 1750 967 τὸ
1781 913 1882 984 ἤδη

303 1005 588 1077 ἐνεργοῦν,
621 1006 714 1058 καὶ.
738 1005 800 1058 τὸ
841 1005 1066 1076 μηδέπω
1105 1005 1226 1076 μὲν,
1258 1005 1483 1076 δυνάμει
1511 1003 1567 1056 δὲ
1609 1003 1881 1075 κεχρημέ-

301 1113 399 1151 νον
424 1095 518 1148 τοῦ
549 1096 860 1168 ἐνεργῆσαι.
891 1099 954 1149 Ol
989 1097 1089 1168 μὲν
1114 1093 1229 1160 οῦν,
1265 1097 1554 1168 σωμάτων,
1581 1097 1630 1149 οί
1651 1095 1717 1159 δ’,
1747 1096 1882 1148 ἀσω-

306 1185 498 1258 μάτων
532 1188 694 1255 φασιν
720 1183 860 1241 εἶναι
888 1187 957 1240 τά
985 1187 1134 1242 αἴτια
1158 1203 1173 1219 ⁶
1209 1187 1259 1240 οἰ
1283 1187 1339 1240 δὲ
1371 1186 1432 1240 τὸ
1463 1188 1561 1257 μὲν
1593 1186 1751 1256 σῶμα
1781 1204 1879 1240 κυ-

300 1277 442 1348 ρίως
489 1277 658 1331 αττιον
701 1277 854 1346 φασὶ,
890 1278 952 1330 τὸ
990 1277 1057 1331 δὲ
1084 1277 1373 1348 ἀσώματον
1429 1279 1878 1350 καταχρηστικῶς

299 1371 402 1425 καὶ
430 1365 541 1423 οἷον
571 1371 853 1435 αἰτιωδῶς.
887 1371 1070 1425 Ἀλλοι
1102 1372 1147 1425 δ’
1186 1373 1420 1444 ἔμπαλιν
1455 1373 1874 1444 άναστρέφουσι,

300 1461 373 1514 τά
405 1463 503 1533 μὲν
523 1463 787 1535 ἀσώματα
808 1464 1011 1536 κυρίως
1041 1466 1190 1520 αῐτια
1215 1465 1480 1534 λέγοντες,
1511 1483 1874 1536 καταχρηστι-

299 1549 417 1613 κῶς
446 1551 503 1604 δὲ
533 1551 600 1604 τά
630 1551 856 1624 σώματα
876 1570 888 1582 ·
920 1547 1032 1607 οἷον
1057 1553 1153 1625 τὴν
1175 1554 1367 1626 τομὴν,
1391 1555 1670 1627 ἐνέργειαν
1689 1551 1872 1621 οὖσαν,

297 1639 591 1712 ἀσώματον
623 1640 782 1708 εἶναι,
810 1645 906 1698 καὶ
941 1645 1120 1698 αἰτίαν
1155 1640 1293 1698 εἶναι
1327 1646 1419 1700 τοῦ
1447 1648 1688 1718 τέμνειν,
1718 1649 1872 1720 ἐνερ-

296 1732 457 1799 γείας
517 1733 681 1804 οῦσης
734 1737 830 1789 καὶ
889 1737 1201 1808 ἀσωμάτου,
1265 1738 1360 1791 καὶ
1408 1739 1501 1792 τοῦ
1556 1737 1868 1809 τέμνεσθαι,

1987 545 2247 615 magister
2288 551 2490 607 autem,
2523 544 2817 614 synectica.
2853 541 2984 612 Ejus
3031 554 3208 598 autem
3250 544 3342 613 qui
3366 543 3551 608 discit,
3653 580 3660 584 -

1986 635 2298 706 ingenium,
2347 644 2432 690 est
2484 647 2651 689 causa
2733 633 3034 703 adjuvans;
3091 640 3307 702 tempus
3372 641 3554 688 autem

1984 729 2193 783 obtinet
2218 724 2486 779 rationem
2514 741 2807 780 causarum
2842 726 2961 780 sine
2992 724 3190 792 quibus
3215 740 3345 779 non.
3375 723 3554 782 Causa

1985 829 2166 874 autem
2201 819 2417 890 proprie
2439 817 2641 872 dicitur
2667 816 2718 870 id
2750 819 2895 887 quod
2936 826 3120 888 aptum
3163 825 3250 871 est
3293 826 3556 888 praestare

1983 913 2221 983 aliquem
2284 910 2536 966 ell‘ectum
2591 929 2604 966 :
2657 911 2800 965 sicut
2855 910 3018 964 etiam
3081 908 3285 965 ferrum
3316 909 3553 966 dicimus

1982 1018 2107 1059 esse
2159 1017 2346 1058 secare
2391 1009 2602 1072 aptum,
2666 1018 2776 1056 non
2828 1003 3016 1068 solum,
3047 1017 3170 1055 cum
3229 1010 3400 1066 secat,
3455 1004 3551 1059 sed

1979 1095 2146 1149 etiam
2176 1109 2301 1149 cum
2335 1109 2445 1148 non
2476 1103 2645 1148 secat.
2675 1093 2767 1147 Sic
2796 1109 2927 1162 ergo
2951 1095 3281 1164 παρεκτικόν
3307 1111 3548 1165 quoque,

1981 1185 2035 1239 id
2069 1192 2174 1249 est,
2202 1168 2464 1254 praestare
2491 1190 2698 1253 aptum,
2732 1183 2893 1237 ambo
2921 1183 3213 1254 signiﬁcat,
3241 1193 3294 1238 et
3321 1184 3373 1238 id
3403 1184 3550 1254 quod

1974 1275 2088 1346 jam
2113 1285 2390 1346 operatur,
2431 1284 2485 1330 et
2513 1274 2657 1344 quod
2709 1274 2951 1330 nondum
3011 1275 3231 1344 quidem
3263 1284 3547 1344 operatur,

1978 1368 2075 1425 sed
2107 1367 2214 1421 vim
2247 1368 2446 1422 habeat
2471 1366 2754 1438 operandi.
2786 1366 2956 1422 Porro
2982 1377 3161 1421 autem
3192 1368 3282 1421 alii
3329 1367 3548 1437 quidem

1977 1455 2167 1511 dicunt
2216 1471 2414 1512 causas
2455 1473 2579 1512 esse
2622 1472 2689 1512 ex
2738 1457 3059 1527 corporibus
3107 1475 3120 1513 :
3180 1458 3272 1512 alii
3325 1473 3548 1514 veroex

1975 1549 2317 1620 incorporeis
2347 1565 2362 1602 :
2397 1549 2489 1605 alii
2521 1556 2704 1604 autem
2730 1550 2920 1604 dicunt
2948 1563 3149 1618 corpus
3171 1549 3390 1619 quidem
3418 1566 3542 1604 esse

1976 1643 2195 1713 proprie
2221 1657 2465 1706 causam,
2489 1642 2872 1711 incorporeum
2907 1647 2964 1703 ἧς
2997 1647 3174 1693 autem
3203 1657 3300 1711 per
3325 1641 3548 1696 abusio-

1973 1749 2096 1788 nem
2123 1742 2177 1789 et
2201 1734 2604 1805 quodammodo
2632 1732 2949 1787 causaliter.
2979 1732 3081 1784 Alii
3111 1740 3292 1786 autem
3322 1747 3549 1788 conver-

293 1824 502 1895 ὁμοίως
528 1829 594 1896 τῇ
638 1843 697 1879 τε
737 1828 980 1900 μαχαίρᾳ
1009 1829 1101 1881 καὶ
1138 1828 1215 1899 τῷ
1249 1829 1580 1900 τεμνομένῳ,
1623 1828 1868 1902 σώμασιν

1974 1835 2093 1880 lunt
2123 1842 2153 1881 e
2183 1826 2483 1889 contrario,
2530 1841 2620 1880 res
2652 1826 3009 1895 incorporeas
3048 1826 3266 1894 quidem
3326 1828 3548 1897 proprie

294 1915 438 1973 οὖσι.
485 1920 558 1973 Τὸ
587 1919 745 1975 τινῶν
779 1923 929 1975 ἐστιν
964 1921 1133 1976 αἴτιον
1157 1922 1370 1991 λέγεται
1403 1922 1630 1994 τριχῶς·
1659 1922 1721 1975 τὸ
1753 1924 1868 1994 μὲν,

291 2012 324 2066 δ
386 2013 534 2064 ἐστιν
588 2013 780 2077 αἴτιον,
835 2007 946 2068 οἷον
995 2015 1023 2067 ὁ
1063 2015 1532 2086 ἀνδριαντοποιός·
1569 2015 1630 2069 τὸ
1685 2017 1763 2082 δὲ,
1812 2012 1873 2071 οῦ

291 2105 447 2158 ιστιν
478 2104 668 2163 αἴτιον,
700 2102 794 2156 τοῦ
827 2102 1070 2171 γίνεσθαι
1110 2105 1202 2159 τὸν
1246 2105 1566 2176 άνδριάντα’
1603 2105 1662 2159 τὺ
1700 2107 1780 2173 δὲ,
1828 2101 1872 2176 ᾧ

290 2192 443 2246 ἐστιν
475 2194 668 2256 αἴτιον,
717 2192 967 2265 ὥσπερὴ
1013 2193 1151 2266 ὓλη’
1194 2194 1270 2266 τῷ
1318 2196 1498 2267 χαλκῷ
1545 2198 1654 2270 γάρ
1702 2201 1871 2263 αἰτιός

290 2285 411 2336 ἑστι
440 2284 530 2337 τοῦ
552 2284 794 2352 γίνεσθαι
825 2287 918 2340 τὸν
945 2287 1256 2356 ἀνδριάντα.
1287 2289 1359 2341 Τὸ
1389 2288 1634 2357 γίνεσθαι
1655 2287 1750 2346 οῦν
1779 2295 1870 2346 καὶ

287 2376 357 2429 τὸ
407 2376 730 2447 τέμνεσθαι,
774 2378 842 2432 τά
880 2374 941 2433 οὗ
983 2381 1132 2434 ἐστιν
1180 2381 1347 2446 αἴτια,
1387 2383 1650 2455 ἐνέργειαι
1689 2381 1866 2448 οὖσαι,

289 2463 575 2536 ἀσώματοι
623 2471 776 2522 εἰσιν.
825 2471 920 2533 Et;
966 2469 1024 2524 δν
1074 2470 1231 2539 λόγον
1279 2475 1769 2545 κατηγορημάτων,
1811 2477 1864 2547 ἢ,

1975 1917 2223 1973 dicentes
2274 1934 2397 1973 esse
2420 1932 2656 1981 causas;
2693 1933 2788 1986 per
2828 1917 3147 1971 abusionem
3189 1926 3369 1972 autem
3417 1934 3544 1974 cor-

1973 2023 2103 2079 pora
2135 2025 2148 2060 :
2177 2018 2257 2072 ut,
2284 2009 2436 2063 verbi
2464 2023 2653 2072 causa,
2687 2010 3007 2072 sectionem,
3027 2023 3150 2062 cum
3178 2011 3249 2064 sit
3276 2012 3544 2079 operatio,

1971 2117 2093 2156 esse
2125 2105 2502 2172 incorpoream
2525 2119 2539 2167 ;
2564 2113 2617 2156 et
2651 2116 2774 2156 esse
2799 2101 3006 2170 pariter
3035 2116 3259 2157 causam
3298 2105 3544 2170 corpori-

1970 2192 2091 2252 bus,
2119 2190 2300 2261 gladio
2325 2191 2545 2262 quidem
2582 2191 2827 2254 secandi,
2859 2191 3005 2260 quod
3038 2199 3124 2246 est
3151 2193 3294 2246 actio
3327 2203 3381 2247 et
3411 2194 3544 2263 quid

1969 2282 2391 2352 incorporeum;
2433 2291 2488 2336 et
2528 2283 2606 2337 rei
2632 2291 2817 2345 sectae,
2849 2289 2907 2335 ut
2937 2292 3181 2338 secetur.
3222 2283 3542 2354 Aliquorum

1968 2383 2153 2430 autem
2179 2390 2344 2429 causa
2371 2375 2576 2429 dicitur
2605 2376 2782 2430 tribus
2815 2375 3007 2430 modis.
3043 2375 3163 2430 Uno
3195 2376 3438 2446 quidem,
3486 2376 3541 2430 id

1967 2467 2111 2536 quod
2160 2474 2245 2522 est
2289 2482 2478 2530 causa,
2534 2475 2594 2520 ut
2626 2468 2961 2533 statuarius;
2992 2467 3102 2521 alio
3126 2476 3330 2531 autem,
3359 2467 3413 2521 id
3444 2484 3543 2522 cu-

289 2557 371 2621 ὦς
396 2575 561 2622 τινες,
596 2559 800 2614 λεκτῶν
831 2559 1017 2631 (λεκτά
1047 2561 1158 2632 (88)
1202 2563 1310 2636 γάρ
1342 2563 1410 2618 τὰ
1437 2567 1868 2637 κατηγορήματα

1969 2557 2054 2626 ius
2097 2571 2264 2612 causa
2289 2565 2395 2621 est,
2429 2565 2488 2612 ut
2536 2557 2629 2610 ﬁat
2659 2564 2873 2625 statua;
2907 2559 3016 2612 alio
3048 2573 3200 2623 vero,
3243 2558 3297 2612 id
3324 2559 3413 2612 cui
3453 2567 3539 2614 est

290 2649 551 2705 καλοῦσιν
585 2651 870 2722 Κλεάνθης
915 2654 1008 2706 καὶ
1047 2654 1440 2727 Ἀρχέδημος·)
1471 2657 1541 2710 τά
1581 2658 1758 2710 αῖτια’
1809 2658 1864 2728 ἦ,

285 2743 433 2814 ὅπερ
470 2744 562 2796 καὶ
597 2743 816 2814 μᾶλλον,
851 2745 920 2798 τά
953 2747 1051 2816 μὲν
1095 2748 1562 2819 κατηγορημάτων
1597 2751 1742 2802 αἴτια
1778 2749 1865 2802 λε·-

284 2834 572 2906 χθήσεται,
605 2830 714 2890 οἷον
740 2836 802 2888 τὸ
822 2837 1100 2906 τέμνεται,
1125 2832 1185 2892 οῦ
1212 2840 1419 2905 πτῶσις
1448 2842 1509 2894 τὸ
1535 2843 1859 2913 τέμνεσθαι·

281 2923 361 2976 τὰ
391 2923 435 2976 δ’
466 2925 810 2997 ἀξιωμάτων,
835 2926 910 2990 ὡς
931 2927 1024 2980 τοῦ
1055 2927 1188 2992 ναῦς
1221 2930 1462 2999 γίνεσθαι
1497 2931 1627 3002 (89),
1655 2927 1717 2986 οῦ
1758 2935 1854 2987 πά-

286 3017 377 3070 λιν
409 3018 442 3086 ή
476 3017 679 3081 πτῶσις
707 3020 820 3071 ἐστι
853 3019 914 3072 τὸ
934 3020 1068 3074 ναῦν
1099 3021 1361 3089 γίνεσθαι.
1406 3024 1776 3098 Ἀριστοτέλης
1807 3027 1861 3079 δὲ

287 3108 663 3181 προσηγορίαν
693 3109 823 3180 (90),
865 3105 977 3166 οἷον
1015 3112 1120 3168 τῶν
1157 3113 1433 3179 τοιούτων,
1467 3116 1657 3181 οἰκίας,
1703 3116 1857 3184 νεὼς,

1963 2663 2152 2714 causa,
2186 2657 2246 2704 ut
2277 2649 2503 2705 materia
2541 2666 2553 2701 :
2582 2650 2678 2704 aeri
2703 2651 2848 2704 enim
2891 2666 3057 2707 causa
3091 2662 3175 2706 εει
3199 2659 3257 2706 ut
3298 2650 3388 2706 ﬁat
3426 2663 3541 2708 sta-

1963 2749 2074 2794 tua.
2112 2740 2256 2795 Fieri
2307 2756 2437 2811 ergo
2475 2749 2530 2796 et
2582 2742 2780 2806 scindi,
2835 2758 2957 2812 qua:
2999 2751 3126 2797 sunt
3152 2759 3335 2798 causa:
3375 2746 3538 2813 cujus

1964 2840 2115 2896 sunt,
2145 2847 2270 2886 cum
2302 2834 2414 2888 sint
2465 2833 2832 2902 operationes,
2883 2841 3012 2888 sunt
3041 2835 3384 2904 incorporea.
3419 2836 3538 2902 Qua

1963 2925 2198 2989 ratione,
2259 2933 2746 2996 categorematum,
2792 2925 2874 2979 vel
2924 2933 2984 2979 ut
3042 2927 3289 2980 nonnulli
3323 2928 3534 2990 dicunt,

1962 3017 2230 3072 dictorum
2274 3018 2692 3089 (categoremata
2715 3020 2858 3072 enim
2886 3017 3072 3081 λεκτά,
3107 3019 3211 3074 hoc
3236 3026 3320 3074 est
3365 3019 3533 3080 dicta,

1966 3117 2164 3164 vocant
2193 3110 2486 3166 Cleanthes
2512 3120 2567 3164 et
2591 3110 2980 3182 Archidemus)
3010 3118 3139 3166 sunt
3159 3125 3339 3166 causa:
3375 3129 3387 3165 :
3427 3111 3533 3174 vel,

585 3177 791 3270 τομῆςέ
825 3205 858 3274 ἡ
885 3203 1094 3269 πτῶσις
1113 3205 1170 3260 δὲ
1199 3177 1488 3278 ἀσώματος
1511 3177 1653 3262 εἶναι.
1675 3177 1864 3280 ὁμολοζ

1969 3203 2110 3274 quod
2136 3203 2317 3274 potius
2365 3202 2656 3258 dicendum
2696 3211 2802 3268 est,
2855 3177 2975 3258 ειιίεὲ
3027 3204 3245 3274 quidem
3279 3203 3536 3258 dicentur

284 3293 486 3358 γεῖται.
522 3291 612 3344 Διὸ
649 3293 741 3344 καὶ
773 3293 834 3346 τὸ
861 3295 1100 3366 σόφισμα
1138 3297 1313 3352 έκεῖνο
1349 3297 1492 3351 οὕτω
1535 3299 1741 3354 λύεται.
1799 3303 1863 3353 Ὃ

283 3382 488 3449 λέγεις,
528 3382 796 3455 διέρχεται
841 3401 933 3439 σου
971 3386 1059 3440 διά
1090 3387 1182 3442 τοῦ
1227 3390 1524 3460 στόματος·
1566 3393 1701 3464 ὅπερ
1733 3393 1865 3462 ἀλη-

284 3472 411 3536 θέςο
453 3473 628 3527 οἰκίαν
673 3474 728 3528 δὲ
765 3475 962 3544 λέγεις,
1005 3478 1152 3530 οἰκία
1192 3480 1300 3551 ἄρα
1338 3480 1425 3534 διά
1468 3480 1564 3534 τοῦ
1599 3483 1863 3552 στόματός

285 3582 384 3617 σου
413 3563 680 3635 διέρχεται
699 3583 712 3596 ·
741 3568 877 3639 ὅπερ
905 3567 1098 3638 ψεῦδος
1117 3587 1130 3599 ·
1167 3569 1288 3624 οὕτε
1314 3571 1422 3642 γάρ
1449 3572 1548 3642 τὴν
1580 3573 1753 3626 οίκίαν
1778 3573 1862 3624 λέ-

283 3673 461 3727 γομεν
497 3657 652 3727 σῶμα
678 3653 864 3722 οὖσαν,
895 3659 1032 3713 ἀ).λά
1061 3660 1157 3732 τὴν
1190 3661 1418 3724 πτῶσιν,
1453 3661 1740 3733 ἀσώματον
1769 3660 1860 3716 οὖ-

283 3765 411 3813 σαν,
438 3745 506 3820 ἦς
530 3749 674 3802 οἰκία
705 3751 979 3820 τυγχάνει.
1007 3753 1115 3805 Καὶ
1134 3752 1227 3805 τὸν
1259 3752 1537 3824 οἰκοδόμον
1562 3754 1862 3825 οἰκοδομεῖν

282 3838 515 3909 λέγομεν
539 3840 679 3894 κατὰ
705 3843 803 3913 τὴν
835 3844 926 3894 ὲπι
953 3844 1013 3894 τὸ
1041 3844 1400 3914 γενησόμενον
1431 3845 1727 3915 ἀναφοράν.
1759 3846 1861 3899 Οὓ-

284 3946 364 3982 τω
400 3931 576 4000 φαμὲν
601 3931 845 4002 χλαμύδα
872 3932 1222 4001 ὑφαίνεσθαι·
1262 3934 1323 3987 τὸ
1353 3934 1462 4005 γάρ
1491 3934 1682 3988 ποιοῦν
1707 3936 1859 4006 ἐνερ-

282 4022 442 4090 γείας
467 4022 757 4094 δηλωτικὸν
790 4024 1042 4096 ὑπάρχει.
1078 4027 1191 4080 Οὐκ
1223 4025 1336 4079 ἐστι
1362 4025 1418 4078 δὲ
1451 4026 1638 4098 ἑτέρου
1677 4027 1774 4098 μὲν
1803 4029 1860 4082 τὸ

281 4114 498 4178 ποιοῦν,
534 4117 720 4187 ἑτέρου
754 4117 811 4170 δὲ
840 4119 903 4172 τὸ
942 4122 1134 4184 αἴτιον,
1164 4121 1297 4174 ἀλλά
1332 4121 1552 4184 ταύτοῦ,
1595 4122 1696 4194 τῆς
1733 4123 1860 4192 χλα-

286 4205 473 4274 μύδος,
523 4209 614 4261 καὶ
647 4208 747 4278 τῆς
781 4210 987 4274 οἰκίας·
1027 4212 1146 4266 καθ’
1173 4214 1203 4266 ὃ
1230 4214 1336 4286 γὰρ
1382 4215 1551 4278 αἴτιος
1578 4214 1671 4268 τοῦ
1711 4216 1856 4283 γίνε-

1964 3313 2144 3351 causa:
2166 3305 2650 3368 categorematum,
2699 3303 2758 3350 ut
2800 3296 2984 3365 hujus,
3021 3297 3314 3360 scinditur,
3375 3297 3533 3365 cujus

1963 3405 2125 3445 casus
2171 3397 2254 3445 est
2304 3389 2479 3444 scindi
2516 3408 2528 3443 :
2574 3389 2695 3443 alia:
2740 3405 2892 3453 vero,
2941 3390 3444 3460 pronuntiatorum,
3478 3397 3536 3444 ut

1963 3482 2148 3551 hujus,
2211 3484 2366 3537 navis
2420 3482 2498 3547 ﬁt,
2549 3483 2710 3552 cujus
2752 3499 2947 3538 rursus
2997 3498 3160 3538 casus
3203 3490 3308 3546 est,
3342 3497 3533 3536 navem

1963 3573 2099 3628 ﬁeri.
2129 3575 2450 3630 Aristoleles
2479 3582 2665 3629 autem
2686 3585 2844 3628 vocat
2867 3576 3311 3645 appellationem,
3340 3588 3534 3641 nempe

1961 3680 2148 3719 eorum
2181 3681 2301 3734 quae
2333 3674 2463 3721 sunt
2506 3667 2800 3736 ejusmodi,
2845 3667 3067 3730 domus,
3118 3665 3323 3734 templi,
3360 3664 3534 3742 ustio-

1963 3759 2070 3820 nis,
2103 3759 2383 3813 sectionis.
2436 3757 2532 3813 Est
2555 3766 2737 3812 autem
2771 3767 2926 3812 extra
2956 3757 3410 3818 controversiam,
3440 3769 3532 3808 ca-

1962 3866 2081 3904 sum
2106 3865 2228 3904 esse
2268 3851 2672 3919 incorporeum,
2703 3851 2962 3919 quocirca
3014 3849 3146 3902 illud
3192 3862 3410 3917 quoque
3449 3862 3532 3901 so-

1961 3940 2175 4010 phisma
2209 3940 2288 3994 sic
2316 3939 2570 3995 solvitur.
2604 3939 2759 4005 Quod
2788 3952 2844 3994 tu
2879 3939 3021 3994 dicis
3065 3937 3265 3990 transit
3315 3951 3410 4005 per
3467 3951 3530 3989 os

1958 4040 2134 4094 tuum,
2153 4031 2296 4101 quod
2310 4031 2531 4101 quidem
2550 4039 2633 4087 est
2654 4047 2841 4086 verum
2871 4047 2882 4083 :
2908 4031 3130 4084 domum
3157 4036 3337 4082 autem
3364 4025 3524 4087 dicis,

1958 4121 2171 4200 domus\
2193 4138 2322 4193 ergo
2349 4123 2544 4178 transit
2567 4138 2664 4193 per
2691 4138 2756 4179 os
2784 4119 3130 4186 tuum.Quod
3157 4117 3378 4189 quidem
3428 4117 3528 4170 fal-

1959 4231 2080 4271 sum
2106 4224 2210 4272 est.
2239 4214 2427 4286 Neque
2453 4216 2596 4271 enim
2625 4214 2847 4270 domum
2878 4214 3111 4269 dicimus
3137 4227 3259 4282 qua:
3295 4222 3378 4266 est
3403 4225 3528 4264 cor-

285 4293 435 4359 σθαι,
461 4297 600 4351 κατὰ
621 4298 779 4354 τοῦτο
800 4301 896 4355 καὶ
922 4304 1196 4371 ποιητικός
1226 4305 1340 4356 ὲστι
1369 4304 1460 4357 τοῦ
1491 4305 1751 4373 γίνεσθαι.
1787 4305 1859 4358 Τὸ

1969 4323 2083 4377 pus,
2122 4308 2215 4363 sed
2242 4323 2429 4364 casum
2471 4308 2565 4378 qui
2595 4319 2680 4362 est
2736 4307 3112 4377 incorporeus,
3163 4319 3326 4374 quem
3366 4303 3528 4357 habet

278 4388 342 4442 δὲ
374 4390 505 4442 αὐτὸ
529 4390 635 4461 ἀρα
665 4395 836 4446 αῐτιον
861 4395 951 4447 καὶ
983 4397 1258 4466 ποιητικὸν
1281 4398 1370 4450 καὶ
1391 4397 1459 4450 δι’
1484 4398 1530 4450 ὅ.
1559 4400 1666 4451 Καὶ
1685 4400 1733 4450 εἰ
1759 4397 1856 4468 μέν

1969 4398 2172 4454 domus.
2197 4398 2356 4469 333
2391 4397 2456 4452 Et
2475 4397 2858 4454 aediﬁcatorem
2879 4399 3114 4452 dicimus
3140 4395 3406 4450 aediﬁcare
3434 4409 3528 4464 per

279 4479 337 4530 τί
363 4479 510 4531 ἐστιν
531 4480 699 4535 αἴτιον
727 4483 823 4536 καὶ
844 4483 1142 4552 ποιητικὸν,
1179 4486 1338 4539 τοῦτο
1371 4487 1587 4548 πάντως
1615 4487 1733 4540 ἐστὶ
1765 4491 1856 4541 καὶ

1969 4504 2078 4543 eam
2117 4492 2434 4546 relationem
2473 4507 2592 4562 qua:
2619 4492 2690 4547 sit
2723 4491 2790 4545 ad
2838 4490 2892 4545 id
2934 4491 3082 4558 quod
3127 4487 3372 4542 futurum
3420 4495 3524 4540 est.

277 4569 350 4622 δι’
379 4571 436 4623 δ’
466 4575 513 4625 εἰ
538 4572 595 4626 δέ
625 4575 677 4627 τί
713 4577 828 4628 ἐστι
852 4575 917 4627 δι’
941 4577 988 4640 ὃ,
1029 4578 1090 4629 οὐ
1124 4579 1338 4642 πάντως
1367 4579 1526 4632 τοῦτο
1547 4581 1637 4632 καὶ
1661 4580 1849 4634 αἴτιον.

1969 4579 2053 4634 Sic
2085 4581 2322 4638 dicimus
2367 4585 2480 4638 texi
2519 4583 2884 4653 chlamydem,
2917 4581 2968 4634 id
2994 4580 3142 4634 enim
3192 4578 3338 4650 quod
3375 4578 3524 4639 facit,

281 4660 464 4714 Πολλά
497 4663 628 4731 γοῦν
654 4666 740 4734 ἐφ’
766 4666 824 4720 ἓν
852 4668 1192 4738 ἀποτέλεσμα
1222 4669 1522 4740 συντρέχει,
1552 4670 1618 4724 δι’
1641 4672 1676 4726 ἆ
1705 4671 1851 4739 γίνε-

1969 4672 2228 4741 signiﬁcat
2255 4675 2647 4745 operationem.
2694 4673 2810 4728 Non
2839 4679 2925 4728 est
2953 4681 3133 4727 autem
3151 4670 3378 4725 alterius
3400 4669 3524 4737 qui-

275 4771 371 4805 ται
412 4753 474 4806 τὸ
516 4754 696 4819 τέλος·
731 4757 846 4811 ἀλλ’
893 4759 993 4811 οὐκ
1035 4759 1150 4813 ἔστι
1198 4761 1375 4815 πάντα
1420 4761 1586 4814 αἰτια.
1632 4765 1705 4816 Οὐ
1743 4764 1851 4835 γάρ

1969 4765 2102 4830 dem,
2136 4766 2190 4821 id
2217 4768 2361 4837 quod
2393 4767 2544 4832 facit,
2571 4767 2798 4822 alterius
2822 4781 2971 4832 vero,
3017 4779 3205 4828 causa,
3245 4762 3338 4817 sed
3380 4762 3527 4830 ejus-

357 4935 415 4992 ΕΒ
460 4929 520 4984 Ρ.
559 4878 666 5006 9Ξο
703 4931 812 4987 El).
852 4931 1150 5000 POTTER,
1193 4936 1298 4993 784
1338 4935 1446 4992 ED.
1487 4937 1709 4994 PABIS.

353 5085 371 5150 (
377 5083 468 5154 88)
491 5083 701 5159 Λεκτά.
720 5084 836 5159 vox
858 5101 888 5159 a
913 5087 1112 5143 Stoicis
1135 5091 1382 5159 usurpari
1400 5092 1580 5146 solita.
1601 5091 1782 5145 Λεκτά
1807 5099 1862 5144 ει

1969 5093 2225 5149 visionem
2277 5092 2546 5148 subsistit.
2583 5114 2601 5146 ι
2636 5093 2838 5149 Ιοιάεω
2894 5094 3056 5147 etiam
3091 5094 3277 5152 λεκτόν
3315 5104 3368 5150 ει
3397 5113 3527 5152 κατ-

278 5157 717 5237 κατηγερήματα
744 5155 1117 5237 distinguit-iu
1152 5155 1356 5237 Zenone
1388 5161 1641 5237 Laertius
1665 5162 1854 5237 lib._7,

1969 5163 2218 5235 ηγόρημα
2283 5163 2600 5237 distinguit.
2651 5165 2810 5237 (Ioni.
2885 5161 3221 5237 Su_idas,__v.
3253 5171 3523 5237 7x671176-

280 5240 397 5306 se}.
434 5225 504 5306 άξ)
541 5225 557 5278 εί
587 5227 695 5279 Καὶ
722 5226 828 5306 τῶν
871 5225 936 5306 εκ
969 5227 1174 5306 τούτων
1212 5231 1590 5306 ὑφισταμένων
1628 5232 1853 5306 λεκτῶν,

1969 5225 2153 5306 pallia:
2199 5243 2253 5290 et
2305 5225 2506 5290 Sexth
2561 5234 2870 5306 Empiricos
2931 5225 3522 5294 Adv.'Hathcmat'iEos

279 5294 628 5375 ἀξιωμάτων,
685 5297 779 5349 καὶ
831 5297 1179 5375 αύτοτελῶν,
1216 5294 1308 5353 καί
1361 5294 1849 5375 κατηγορημάτων,
1956 5294 2172 5375 ῂ.”252.

287 5381 309 5413 ε
353 5362 550 5441 Eorum
587 5381 708 5436 quae
759 5383 824 5420 ex
875 5367 996 5422 istis
1031 5369 1358 5441 subsistunt,
1388 5362 1685 5437 dictorum,
1721 5388 1851 5441 pro-
1956 5362 1974 5375 ³
2027 5419 2133 5441 mm
2192 5419 2302 5441 mn,
2551 5421 2790 5441 λώβην
2869 5421 2954 5441 an
2999 5430 3143 5441 μ’.-
3184 5421 3260 5441 Α,

282 5419 683 5503 ηυηιίιξιοτυῖιι,
715 5445 789 5510 Aet
837 5454 903 5510 ex
940 5454 999 5492 se
1038 5419 1438 5510 iperfectoruni,
1476 5449 1531 5495 ct
1585 5419 1848 5510 praedica-

2023 5419 2136 5510 (8?)
2192 5419 2304 5510 Τοῦ
2339 5420 2512 5504 ,ναῦς
2543 5421 2836 5510 πέτεσθαι.
2869 5421 2960 5476 Sic
2999 5430 3148 5477 recte
3175 5421 3308 5510 edit.
3347 5420 3520 5510 Flor.,

283 5492 614 5560 mentorum.
655 5492 878 5561 ι’Λεκτά
910 5492 1062 5578 (ιριιᾶ
1087 5492 1312 5564 Stoicos
1335 5492 1633 5564 secundum
1653 5492 1846 5565 'Ph‘i—lo-

1969 5492 2120 5572 juod-
2148 5493 2799 5578 posterioresﬁeditliones
2824 5502 3524 5578 .perperamimutay-erunt

283 5588 486 5642 ponum
511 5582 613 5652 _est
647 5562 1036 5652 synonymu'rnr
1059 5582 1181 5652 ταῖς
1220 5562 1480 5652 φωναίςξ
1499 5562 1680 5636 αόέίιξ
1708 5562 1846 5652 qua:

1975 5577 2006 5652 ιι
2034 5562 2308 5652 toﬁ-vani};
2333 5562 2596 5630 γίνεσθαι.
2631 5562 2876 5620 Lowthio
2909 5563 3257 5618 scribendum
3280 5564 3519 5627 videtur,

281 5633 346 5694 ει
383 5644 640 5717 eo__eitata
675 5633 803 5702 sunt
825 5633 887 5717 'p.
920 5649 1044 5704 772.
1071 5633 1320 5706 Laertius
1347 5633 1845 5713 Vianenonevlibiﬁ'ilv,

1969 5633 2013 5684 to
2051 5633 2183 5695 ναῦς
2209 5633 2440 5700 γίνεται.

282 5728 397 5796 seg:
430 5714 520 5796 ϐξ,
557 5717 744 5796 deﬁnit
776 5714 964 5772 λεκτύν
995 5735 1137 5796 esse,
1174 5721 1232 5774 τὸ
1273 5722 1411 5796 κατὰ
1437 5721 1848 5796 φαντασίανλο-

2029 5723 2163 5796 (90)-
2191 5725 2602 5793 Ἀριστοτέλης
2635 5726 2702 5780 δὲ
2752 5725 3184 5796 προσηγορίαν.
3223 5722 3382 5780 Deest
3423 5722 3524 5778 ali-

281 5785 441 5854 γικὴν
479 5785 879 5858 ὑφιστάμενον·
917 5808 935 5840 ‹
977 5793 1122 5862 quod
1181 5785 1478 5848 secundum
1523 5795 1843 5849 rationalem

1969 5785 2105 5867 juid.
2125 5785 2366 5852 'Lov'nl.
