  <div class='ocr_page' id='page_1' title='image "/cluster/home/n/w/nwhite01/storage/ocr_20150623/9/hvd.32044073501322/303.png"; bbox 0 0 4016 6308; ppageno 0'>
   <div class='ocr_carea' id='block_1_1' title="bbox 399 288 611 384">
    <p class='ocr_par' dir='ltr' id='par_1_1' title="bbox 399 288 611 384">
     <span class='ocr_line' id='line_1_1' title="bbox 399 288 611 384; baseline 0 -1"><span class='ocrx_word' id='word_1_1' title='bbox 399 288 405 295; x_wconf 59' lang='grc'><em>’</em></span> <span class='ocrx_word' id='word_1_2' title='bbox 507 329 611 384; x_wconf 77' lang='lat'><strong>595</strong></span> 
     </span>
    </p>
   </div>
   <div class='ocr_carea' id='block_1_2' title="bbox 1665 335 2583 399">
    <p class='ocr_par' dir='ltr' id='par_1_2' title="bbox 1665 335 2583 399">
     <span class='ocr_line' id='line_1_2' title="bbox 1665 335 2583 399; baseline 0.007 -6"><span class='ocrx_word' id='word_1_3' title='bbox 1665 335 2062 395; x_wconf 73' lang='lat' dir='ltr'><strong>CLEMENTIS</strong></span> <span class='ocrx_word' id='word_1_4' title='bbox 2101 338 2583 399; x_wconf 69' lang='lat' dir='ltr'><strong>ALEXANDRI‘NI</strong></span> 
     </span>
    </p>
   </div>
   <div class='ocr_carea' id='block_1_3' title="bbox 3640 352 3761 409">
    <p class='ocr_par' dir='ltr' id='par_1_3' title="bbox 3640 352 3761 409">
     <span class='ocr_line' id='line_1_3' title="bbox 3640 352 3761 409; baseline 0 0"><span class='ocrx_word' id='word_1_5' title='bbox 3640 352 3761 409; x_wconf 75' lang='lat'><strong>596</strong></span> 
     </span>
    </p>
   </div>
   <div class='ocr_carea' id='block_1_4' title="bbox 505 445 2076 548">
    <p class='ocr_par' dir='ltr' id='par_1_4' title="bbox 505 445 2073 524">
     <span class='ocr_line' id='line_1_4' title="bbox 505 445 2073 524; baseline 0.008 -23"><span class='ocrx_word' id='word_1_6' title='bbox 505 445 630 501; x_wconf 91' lang='lat' dir='ltr'><strong>dem</strong></span> <span class='ocrx_word' id='word_1_7' title='bbox 658 454 713 504; x_wconf 89' lang='lat' dir='ltr'><strong>et</strong></span> <span class='ocrx_word' id='word_1_8' title='bbox 741 449 1044 524; x_wconf 82' lang='lat' dir='ltr'><strong>chlamydis</strong></span> <span class='ocrx_word' id='word_1_9' title='bbox 1071 462 1126 508; x_wconf 90' lang='lat' dir='ltr'><strong>et</strong></span> <span class='ocrx_word' id='word_1_10' title='bbox 1149 453 1365 512; x_wconf 84' lang='lat' dir='ltr'><strong>domus.</strong></span> <span class='ocrx_word' id='word_1_11' title='bbox 1403 456 1690 524; x_wconf 85' lang='lat' dir='ltr'><strong>Quatenus</strong></span> <span class='ocrx_word' id='word_1_12' title='bbox 1734 460 1880 519; x_wconf 88' lang='lat' dir='ltr'><strong>enim</strong></span> <span class='ocrx_word' id='word_1_13' title='bbox 1907 475 2073 516; x_wconf 88' lang='lat' dir='ltr'><strong>causa</strong></span> 
     </span>
    </p>
   </div>
   <div class='ocr_carea' id='block_1_5' title="bbox 2173 445 3760 548">
    <p class='ocr_par' dir='ltr' id='par_1_5' title="bbox 2174 462 3760 548">
     <span class='ocr_line' id='line_1_5' title="bbox 2174 462 3760 548; baseline 0.009 -32"><span class='ocrx_word' id='word_1_14' title='bbox 2174 462 2242 517; x_wconf 80' lang='grc' dir='ltr'>ἂν</span> <span class='ocrx_word' id='word_1_15' title='bbox 2297 466 2709 540; x_wconf 83' lang='grc' dir='ltr'>ἐτεκνοκτόνησε</span> <span class='ocrx_word' id='word_1_16' title='bbox 2770 471 3003 545; x_wconf 80' lang='grc' dir='ltr'>Μήδεια,</span> <span class='ocrx_word' id='word_1_17' title='bbox 3064 474 3119 527; x_wconf 72' lang='lat' dir='ltr'><strong>ei</strong></span> <span class='ocrx_word' id='word_1_18' title='bbox 3173 474 3250 547; x_wconf 76' lang='grc' dir='ltr'>μὴ</span> <span class='ocrx_word' id='word_1_19' title='bbox 3297 473 3584 548; x_wconf 74' lang='grc' dir='ltr'>ὠργίσθη·</span> <span class='ocrx_word' id='word_1_20' title='bbox 3637 476 3760 529; x_wconf 69' lang='grc' dir='ltr'><strong>οόδ’</strong></span> 
     </span>
    </p>
   </div>
   <div class='ocr_carea' id='block_1_6' title="bbox 506 540 2081 615">
    <p class='ocr_par' dir='ltr' id='par_1_6' title="bbox 506 540 2081 615">
     <span class='ocr_line' id='line_1_6' title="bbox 506 540 2081 615; baseline 0.01 -23"><span class='ocrx_word' id='word_1_21' title='bbox 506 546 593 594; x_wconf 86' lang='lat' dir='ltr'><strong>est</strong></span> <span class='ocrx_word' id='word_1_22' title='bbox 636 548 695 594; x_wconf 89' lang='lat' dir='ltr'><strong>ut</strong></span> <span class='ocrx_word' id='word_1_23' title='bbox 724 540 838 607; x_wconf 80' lang='lat' dir='ltr'><strong>ﬁat,</strong></span> <span class='ocrx_word' id='word_1_24' title='bbox 890 559 956 598; x_wconf 90' lang='lat' dir='ltr'><strong>ea</strong></span> <span class='ocrx_word' id='word_1_25' title='bbox 984 544 1195 601; x_wconf 88' lang='lat' dir='ltr'><strong>ratione</strong></span> <span class='ocrx_word' id='word_1_26' title='bbox 1221 558 1307 603; x_wconf 88' lang='lat' dir='ltr'><strong>est</strong></span> <span class='ocrx_word' id='word_1_27' title='bbox 1332 549 1496 605; x_wconf 88' lang='lat' dir='ltr'><strong>etiam</strong></span> <span class='ocrx_word' id='word_1_28' title='bbox 1521 548 1784 615; x_wconf 86' lang='lat' dir='ltr'><strong>elliciens,</strong></span> <span class='ocrx_word' id='word_1_29' title='bbox 1822 560 1881 607; x_wconf 91' lang='lat' dir='ltr'><strong>ut</strong></span> <span class='ocrx_word' id='word_1_30' title='bbox 1904 551 2022 606; x_wconf 44' lang='lat' dir='ltr'><strong>&lt;ﬁat</strong></span> <span class='ocrx_word' id='word_1_31' title='bbox 2057 572 2081 608; x_wconf 51' lang='grc' dir='ltr'><strong>εν</strong></span> 
     </span>
    </p>
   </div>
   <div class='ocr_carea' id='block_1_7' title="bbox 503 628 2077 715">
    <p class='ocr_par' dir='ltr' id='par_1_7' title="bbox 503 628 2077 715">
     <span class='ocr_line' id='line_1_7' title="bbox 503 628 2077 715; baseline 0.01 -32"><span class='ocrx_word' id='word_1_32' title='bbox 503 628 696 685; x_wconf 84' lang='lat' dir='ltr'><strong>eadem</strong></span> <span class='ocrx_word' id='word_1_33' title='bbox 726 640 908 687; x_wconf 86' lang='lat' dir='ltr'><strong>autem</strong></span> <span class='ocrx_word' id='word_1_34' title='bbox 935 635 1159 690; x_wconf 84' lang='lat' dir='ltr'><strong>omnino</strong></span> <span class='ocrx_word' id='word_1_35' title='bbox 1194 645 1281 693; x_wconf 86' lang='lat' dir='ltr'><strong>est</strong></span> <span class='ocrx_word' id='word_1_36' title='bbox 1314 653 1482 696; x_wconf 88' lang='lat' dir='ltr'><strong>causa</strong></span> <span class='ocrx_word' id='word_1_37' title='bbox 1505 647 1561 695; x_wconf 91' lang='lat' dir='ltr'><strong>et</strong></span> <span class='ocrx_word' id='word_1_38' title='bbox 1588 640 1847 710; x_wconf 71' lang='lat' dir='ltr'><strong>alliciens,</strong></span> <span class='ocrx_word' id='word_1_39' title='bbox 1880 654 1933 699; x_wconf 89' lang='lat' dir='ltr'><strong>et</strong></span> <span class='ocrx_word' id='word_1_40' title='bbox 1956 660 2077 715; x_wconf 85' lang='lat' dir='ltr'><strong>pro-</strong></span> 
     </span>
    </p>
   </div>
   <div class='ocr_carea' id='block_1_8' title="bbox 504 722 2075 800">
    <p class='ocr_par' dir='ltr' id='par_1_8' title="bbox 504 722 2075 800">
     <span class='ocr_line' id='line_1_8' title="bbox 504 722 2075 800; baseline 0.013 -28"><span class='ocrx_word' id='word_1_41' title='bbox 504 725 627 789; x_wconf 82' lang='lat' dir='ltr'><strong>pter</strong></span> <span class='ocrx_word' id='word_1_42' title='bbox 658 722 824 792; x_wconf 89' lang='lat' dir='ltr'><strong>quod.</strong></span> <span class='ocrx_word' id='word_1_43' title='bbox 854 722 923 776; x_wconf 84' lang='lat' dir='ltr'><strong>Et</strong></span> <span class='ocrx_word' id='word_1_44' title='bbox 971 724 1020 780; x_wconf 87' lang='lat' dir='ltr'><strong>si</strong></span> <span class='ocrx_word' id='word_1_45' title='bbox 1061 726 1269 797; x_wconf 83' lang='lat' dir='ltr'><strong>aliquid</strong></span> <span class='ocrx_word' id='word_1_46' title='bbox 1302 730 1524 800; x_wconf 87' lang='lat' dir='ltr'><strong>quidem</strong></span> <span class='ocrx_word' id='word_1_47' title='bbox 1552 741 1638 788; x_wconf 89' lang='lat' dir='ltr'><strong>est</strong></span> <span class='ocrx_word' id='word_1_48' title='bbox 1669 749 1836 790; x_wconf 91' lang='lat' dir='ltr'><strong>causa</strong></span> <span class='ocrx_word' id='word_1_49' title='bbox 1867 745 1924 791; x_wconf 90' lang='lat' dir='ltr'><strong>et</strong></span> <span class='ocrx_word' id='word_1_50' title='bbox 1962 737 2075 792; x_wconf 75' lang='lat' dir='ltr'><strong>elli-</strong></span> 
     </span>
    </p>
   </div>
   <div class='ocr_carea' id='block_1_9' title="bbox 504 813 2073 899">
    <p class='ocr_par' dir='ltr' id='par_1_9' title="bbox 504 813 2073 899">
     <span class='ocr_line' id='line_1_9' title="bbox 504 813 2073 899; baseline 0.011 -33"><span class='ocrx_word' id='word_1_51' title='bbox 504 813 682 877; x_wconf 84' lang='lat' dir='ltr'><strong>cicns.</strong></span> <span class='ocrx_word' id='word_1_52' title='bbox 741 814 847 871; x_wconf 88' lang='lat' dir='ltr'><strong>hoc</strong></span> <span class='ocrx_word' id='word_1_53' title='bbox 890 832 1113 888; x_wconf 90' lang='lat' dir='ltr'><strong>quoque</strong></span> <span class='ocrx_word' id='word_1_54' title='bbox 1156 827 1243 876; x_wconf 87' lang='lat' dir='ltr'><strong>est</strong></span> <span class='ocrx_word' id='word_1_55' title='bbox 1290 824 1529 879; x_wconf 84' lang='lat' dir='ltr'><strong>omnino</strong></span> <span class='ocrx_word' id='word_1_56' title='bbox 1553 837 1776 896; x_wconf 87' lang='lat' dir='ltr'><strong>propter</strong></span> <span class='ocrx_word' id='word_1_57' title='bbox 1805 830 1949 899; x_wconf 90' lang='lat' dir='ltr'><strong>quod</strong></span> <span class='ocrx_word' id='word_1_58' title='bbox 1986 830 2073 884; x_wconf 86' lang='lat' dir='ltr'><strong>:si</strong></span> 
     </span>
    </p>
   </div>
   <div class='ocr_carea' id='block_1_10' title="bbox 504 904 2074 982">
    <p class='ocr_par' dir='ltr' id='par_1_10' title="bbox 504 904 2074 982">
     <span class='ocr_line' id='line_1_10' title="bbox 504 904 2074 982; baseline 0.011 -24"><span class='ocrx_word' id='word_1_59' title='bbox 504 904 636 972; x_wconf 91' lang='lat' dir='ltr'><strong>quid</strong></span> <span class='ocrx_word' id='word_1_60' title='bbox 668 912 851 961; x_wconf 89' lang='lat' dir='ltr'><strong>autem</strong></span> <span class='ocrx_word' id='word_1_61' title='bbox 887 915 972 965; x_wconf 86' lang='lat' dir='ltr'><strong>est</strong></span> <span class='ocrx_word' id='word_1_62' title='bbox 1005 917 1231 980; x_wconf 91' lang='lat' dir='ltr'><strong>propter</strong></span> <span class='ocrx_word' id='word_1_63' title='bbox 1260 913 1430 982; x_wconf 90' lang='lat' dir='ltr'><strong>quod,</strong></span> <span class='ocrx_word' id='word_1_64' title='bbox 1470 930 1585 971; x_wconf 92' lang='lat' dir='ltr'><strong>non</strong></span> <span class='ocrx_word' id='word_1_65' title='bbox 1635 924 1721 972; x_wconf 86' lang='lat' dir='ltr'><strong>est</strong></span> <span class='ocrx_word' id='word_1_66' title='bbox 1762 917 1818 972; x_wconf 93' lang='lat' dir='ltr'><strong>id</strong></span> <span class='ocrx_word' id='word_1_67' title='bbox 1851 921 2074 975; x_wconf 88' lang='lat' dir='ltr'><strong>omnino</strong></span> 
     </span>
    </p>
   </div>
   <div class='ocr_carea' id='block_1_11' title="bbox 504 997 2073 1071">
    <p class='ocr_par' dir='ltr' id='par_1_11' title="bbox 504 997 2073 1071">
     <span class='ocr_line' id='line_1_11' title="bbox 504 997 2073 1071; baseline 0.014 -27"><span class='ocrx_word' id='word_1_68' title='bbox 504 1007 723 1063; x_wconf 88' lang='lat' dir='ltr'><strong>quoque</strong></span> <span class='ocrx_word' id='word_1_69' title='bbox 754 1010 943 1052; x_wconf 82' lang='lat' dir='ltr'><strong>causa.</strong></span> <span class='ocrx_word' id='word_1_70' title='bbox 996 997 1164 1053; x_wconf 82' lang='lat' dir='ltr'><strong>Multa</strong></span> <span class='ocrx_word' id='word_1_71' title='bbox 1218 1001 1442 1071; x_wconf 78' lang='lat' dir='ltr'><strong>quidem</strong></span> <span class='ocrx_word' id='word_1_72' title='bbox 1466 1011 1614 1060; x_wconf 86' lang='lat' dir='ltr'><strong>certe</strong></span> <span class='ocrx_word' id='word_1_73' title='bbox 1637 1016 1978 1063; x_wconf 83' lang='lat' dir='ltr'><strong>concurrunt</strong></span> <span class='ocrx_word' id='word_1_74' title='bbox 2004 1011 2073 1066; x_wconf 91' lang='lat' dir='ltr'><strong>ad</strong></span> 
     </span>
    </p>
   </div>
   <div class='ocr_carea' id='block_1_12' title="bbox 505 1083 2073 1163">
    <p class='ocr_par' dir='ltr' id='par_1_12' title="bbox 505 1083 2073 1163">
     <span class='ocr_line' id='line_1_12' title="bbox 505 1083 2073 1163; baseline 0.012 -26"><span class='ocrx_word' id='word_1_75' title='bbox 505 1097 676 1137; x_wconf 90' lang='lat' dir='ltr'><strong>unum</strong></span> <span class='ocrx_word' id='word_1_76' title='bbox 723 1083 997 1153; x_wconf 81' lang='lat' dir='ltr'><strong>eﬂ‘ectum,</strong></span> <span class='ocrx_word' id='word_1_77' title='bbox 1058 1096 1278 1158; x_wconf 90' lang='lat' dir='ltr'><strong>propter</strong></span> <span class='ocrx_word' id='word_1_78' title='bbox 1339 1108 1460 1163; x_wconf 72' lang='lat' dir='ltr'><strong>qua:</strong></span> <span class='ocrx_word' id='word_1_79' title='bbox 1535 1094 1593 1150; x_wconf 79' lang='lat' dir='ltr'><strong>lit</strong></span> <span class='ocrx_word' id='word_1_80' title='bbox 1640 1097 1805 1153; x_wconf 84' lang='lat' dir='ltr'><strong>ﬁnis:</strong></span> <span class='ocrx_word' id='word_1_81' title='bbox 1838 1100 1932 1154; x_wconf 89' lang='lat' dir='ltr'><strong>sed</strong></span> <span class='ocrx_word' id='word_1_82' title='bbox 1961 1116 2073 1155; x_wconf 88' lang='lat' dir='ltr'><strong>non</strong></span> 
     </span>
    </p>
   </div>
   <div class='ocr_carea' id='block_1_13' title="bbox 501 1177 2071 1249">
    <p class='ocr_par' dir='ltr' id='par_1_13' title="bbox 501 1177 2071 1249">
     <span class='ocr_line' id='line_1_13' title="bbox 501 1177 2071 1249; baseline 0.013 -21"><span class='ocrx_word' id='word_1_83' title='bbox 501 1182 634 1230; x_wconf 84' lang='lat' dir='ltr'><strong>sunt</strong></span> <span class='ocrx_word' id='word_1_84' title='bbox 655 1177 840 1232; x_wconf 83' lang='lat' dir='ltr'><strong>omnia</strong></span> <span class='ocrx_word' id='word_1_85' title='bbox 874 1193 1074 1236; x_wconf 60' lang='lat' dir='ltr'><strong>causae.</strong></span> <span class='ocrx_word' id='word_1_86' title='bbox 1113 1181 1283 1240; x_wconf 90' lang='lat' dir='ltr'><strong>Filios</strong></span> <span class='ocrx_word' id='word_1_87' title='bbox 1316 1186 1463 1240; x_wconf 90' lang='lat' dir='ltr'><strong>enim</strong></span> <span class='ocrx_word' id='word_1_88' title='bbox 1485 1202 1597 1242; x_wconf 91' lang='lat' dir='ltr'><strong>non</strong></span> <span class='ocrx_word' id='word_1_89' title='bbox 1631 1178 1926 1247; x_wconf 85' lang='lat' dir='ltr'><strong>occidisset</strong></span> <span class='ocrx_word' id='word_1_90' title='bbox 1956 1193 2071 1249; x_wconf 78' lang='lat' dir='ltr'><strong>Me-</strong></span> 
     </span>
    </p>
   </div>
   <div class='ocr_carea' id='block_1_14' title="bbox 503 1267 2075 1348">
    <p class='ocr_par' dir='ltr' id='par_1_14' title="bbox 503 1267 2075 1348">
     <span class='ocr_line' id='line_1_14' title="bbox 503 1267 2075 1348; baseline 0.011 -27"><span class='ocrx_word' id='word_1_91' title='bbox 503 1267 629 1335; x_wconf 85' lang='lat' dir='ltr'><strong>dea,</strong></span> <span class='ocrx_word' id='word_1_92' title='bbox 660 1269 769 1323; x_wconf 89' lang='lat' dir='ltr'><strong>nisi</strong></span> <span class='ocrx_word' id='word_1_93' title='bbox 794 1267 988 1327; x_wconf 84' lang='lat' dir='ltr'><strong>fuisset</strong></span> <span class='ocrx_word' id='word_1_94' title='bbox 1015 1273 1188 1341; x_wconf 82' lang='lat' dir='ltr'><strong>irata;</strong></span> <span class='ocrx_word' id='word_1_95' title='bbox 1215 1291 1398 1347; x_wconf 88' lang='lat' dir='ltr'><strong>neque</strong></span> <span class='ocrx_word' id='word_1_96' title='bbox 1431 1274 1632 1335; x_wconf 76' lang='lat' dir='ltr'><strong>fuisset</strong></span> <span class='ocrx_word' id='word_1_97' title='bbox 1657 1280 1820 1348; x_wconf 87' lang='lat' dir='ltr'><strong>irata,</strong></span> <span class='ocrx_word' id='word_1_98' title='bbox 1854 1285 1962 1340; x_wconf 87' lang='lat' dir='ltr'><strong>nisi</strong></span> <span class='ocrx_word' id='word_1_99' title='bbox 1995 1286 2075 1338; x_wconf 85' lang='lat' dir='ltr'><strong>la-</strong></span> 
     </span>
    </p>
   </div>
   <div class='ocr_carea' id='block_1_15' title="bbox 504 1361 2072 1446">
    <p class='ocr_par' dir='ltr' id='par_1_15' title="bbox 504 1361 2072 1446">
     <span class='ocr_line' id='line_1_15' title="bbox 504 1361 2072 1446; baseline 0.013 -33"><span class='ocrx_word' id='word_1_100' title='bbox 504 1361 755 1415; x_wconf 83' lang='lat' dir='ltr'><strong>borasset</strong></span> <span class='ocrx_word' id='word_1_101' title='bbox 801 1363 1107 1436; x_wconf 83' lang='lat' dir='ltr'><strong>zelotypia;</strong></span> <span class='ocrx_word' id='word_1_102' title='bbox 1162 1382 1337 1438; x_wconf 88' lang='lat' dir='ltr'><strong>neque</strong></span> <span class='ocrx_word' id='word_1_103' title='bbox 1381 1370 1577 1428; x_wconf 80' lang='lat' dir='ltr'><strong>fuisset</strong></span> <span class='ocrx_word' id='word_1_104' title='bbox 1624 1374 1907 1446; x_wconf 72' lang='lat' dir='ltr'><strong>aelotypa,</strong></span> <span class='ocrx_word' id='word_1_105' title='bbox 1962 1378 2072 1434; x_wconf 84' lang='lat' dir='ltr'><strong>nisi</strong></span> 
     </span>
    </p>
   </div>
   <div class='ocr_carea' id='block_1_16' title="bbox 502 1460 2071 1526">
    <p class='ocr_par' dir='ltr' id='par_1_16' title="bbox 502 1460 2071 1526">
     <span class='ocr_line' id='line_1_16' title="bbox 502 1460 2071 1526; baseline 0.013 -23"><span class='ocrx_word' id='word_1_106' title='bbox 502 1460 781 1521; x_wconf 81' lang='lat' dir='ltr'><strong>amasset;</strong></span> <span class='ocrx_word' id='word_1_107' title='bbox 803 1470 981 1526; x_wconf 89' lang='lat' dir='ltr'><strong>neque</strong></span> <span class='ocrx_word' id='word_1_108' title='bbox 1007 1467 1265 1524; x_wconf 81' lang='lat' dir='ltr'><strong>amasset,</strong></span> <span class='ocrx_word' id='word_1_109' title='bbox 1289 1461 1397 1517; x_wconf 89' lang='lat' dir='ltr'><strong>nisi</strong></span> <span class='ocrx_word' id='word_1_110' title='bbox 1423 1460 1591 1520; x_wconf 71' lang='lat' dir='ltr'><strong>Iason</strong></span> <span class='ocrx_word' id='word_1_111' title='bbox 1629 1465 1867 1524; x_wconf 86' lang='lat' dir='ltr'><strong>Colchos</strong></span> <span class='ocrx_word' id='word_1_112' title='bbox 1916 1471 2071 1524; x_wconf 84' lang='lat' dir='ltr'><strong>navi-</strong></span> 
     </span>
    </p>
   </div>
   <div class='ocr_carea' id='block_1_17' title="bbox 502 1545 2073 1631">
    <p class='ocr_par' dir='ltr' id='par_1_17' title="bbox 502 1545 2073 1631">
     <span class='ocr_line' id='line_1_17' title="bbox 502 1545 2073 1631; baseline 0.013 -38"><span class='ocrx_word' id='word_1_113' title='bbox 502 1552 722 1611; x_wconf 74' lang='lat' dir='ltr'><strong>gasset;</strong></span> <span class='ocrx_word' id='word_1_114' title='bbox 753 1559 932 1615; x_wconf 88' lang='lat' dir='ltr'><strong>neque</strong></span> <span class='ocrx_word' id='word_1_115' title='bbox 953 1545 1199 1604; x_wconf 85' lang='lat' dir='ltr'><strong>Colchos.</strong></span> <span class='ocrx_word' id='word_1_116' title='bbox 1221 1552 1551 1623; x_wconf 77' lang='lat' dir='ltr'><strong>navigasset,</strong></span> <span class='ocrx_word' id='word_1_117' title='bbox 1578 1556 1698 1631; x_wconf 25' lang='lat' dir='ltr'><strong>nisi.</strong></span> <span class='ocrx_word' id='word_1_118' title='bbox 1714 1558 1858 1630; x_wconf 78' lang='lat' dir='ltr'><strong>Argo</strong></span> <span class='ocrx_word' id='word_1_119' title='bbox 1882 1558 2073 1616; x_wconf 76' lang='lat' dir='ltr'><strong>fuisset</strong></span> 
     </span>
    </p>
   </div>
   <div class='ocr_carea' id='block_1_18' title="bbox 499 1631 2071 1719">
    <p class='ocr_par' dir='ltr' id='par_1_18' title="bbox 499 1631 2071 1719">
     <span class='ocr_line' id='line_1_18' title="bbox 499 1631 2071 1719; baseline 0.013 -35"><span class='ocrx_word' id='word_1_120' title='bbox 499 1631 813 1719; x_wconf 69' lang='lat' dir='ltr'><strong>aediﬁcata;</strong></span> <span class='ocrx_word' id='word_1_121' title='bbox 854 1648 1033 1706; x_wconf 84' lang='lat' dir='ltr'><strong>neque</strong></span> <span class='ocrx_word' id='word_1_122' title='bbox 1064 1636 1211 1708; x_wconf 79' lang='lat' dir='ltr'><strong>Argo</strong></span> <span class='ocrx_word' id='word_1_123' title='bbox 1245 1638 1439 1697; x_wconf 82' lang='lat' dir='ltr'><strong>fuisset</strong></span> <span class='ocrx_word' id='word_1_124' title='bbox 1471 1642 1760 1712; x_wconf 61' lang='lat' dir='ltr'><strong>aediﬁcata,</strong></span> <span class='ocrx_word' id='word_1_125' title='bbox 1794 1649 1902 1705; x_wconf 85' lang='lat' dir='ltr'><strong>nisi</strong></span> <span class='ocrx_word' id='word_1_126' title='bbox 1927 1650 2071 1719; x_wconf 79' lang='lat' dir='ltr'><strong>ligna</strong></span> 
     </span>
    </p>
   </div>
   <div class='ocr_carea' id='block_1_19' title="bbox 500 1718 2070 1796">
    <p class='ocr_par' dir='ltr' id='par_1_19' title="bbox 500 1718 2070 1796">
     <span class='ocr_line' id='line_1_19' title="bbox 500 1718 2070 1796; baseline 0.013 -21"><span class='ocrx_word' id='word_1_127' title='bbox 500 1718 737 1777; x_wconf 80' lang='lat' dir='ltr'><strong>fuissent</strong></span> <span class='ocrx_word' id='word_1_128' title='bbox 791 1724 963 1780; x_wconf 86' lang='lat' dir='ltr'><strong>scissa</strong></span> <span class='ocrx_word' id='word_1_129' title='bbox 1013 1742 1080 1782; x_wconf 81' lang='lat' dir='ltr'><strong>ex</strong></span> <span class='ocrx_word' id='word_1_130' title='bbox 1110 1726 1280 1783; x_wconf 88' lang='lat' dir='ltr'><strong>Pelio.</strong></span> <span class='ocrx_word' id='word_1_131' title='bbox 1320 1736 1385 1793; x_wconf 53' lang='lat' dir='ltr'><strong>iis</strong></span> <span class='ocrx_word' id='word_1_132' title='bbox 1418 1731 1477 1789; x_wconf 85' lang='lat' dir='ltr'><strong>In</strong></span> <span class='ocrx_word' id='word_1_133' title='bbox 1511 1734 1599 1791; x_wconf 89' lang='lat' dir='ltr'><strong>his</strong></span> <span class='ocrx_word' id='word_1_134' title='bbox 1629 1737 1776 1792; x_wconf 92' lang='lat' dir='ltr'><strong>enim</strong></span> <span class='ocrx_word' id='word_1_135' title='bbox 1817 1718 2070 1796; x_wconf 79' lang='lat' dir='ltr'><strong>omnibus</strong></span> 
     </span>
    </p>
   </div>
   <div class='ocr_carea' id='block_1_20' title="bbox 501 1803 2142 1891">
    <p class='ocr_par' dir='ltr' id='par_1_20' title="bbox 501 1803 2142 1891">
     <span class='ocr_line' id='line_1_20' title="bbox 501 1803 2142 1891; baseline 0.013 -24"><span class='ocrx_word' id='word_1_136' title='bbox 501 1828 628 1868; x_wconf 89' lang='lat' dir='ltr'><strong>cum</strong></span> <span class='ocrx_word' id='word_1_137' title='bbox 657 1816 729 1869; x_wconf 90' lang='lat' dir='ltr'><strong>sit</strong></span> <span class='ocrx_word' id='word_1_138' title='bbox 765 1827 987 1888; x_wconf 78' lang='lat' dir='ltr'><strong>propter</strong></span> <span class='ocrx_word' id='word_1_139' title='bbox 1019 1821 1187 1891; x_wconf 89' lang='lat' dir='ltr'><strong>quod,</strong></span> <span class='ocrx_word' id='word_1_140' title='bbox 1222 1836 1329 1877; x_wconf 91' lang='lat' dir='ltr'><strong>non</strong></span> <span class='ocrx_word' id='word_1_141' title='bbox 1367 1834 1496 1879; x_wconf 87' lang='lat' dir='ltr'><strong>sunt</strong></span> <span class='ocrx_word' id='word_1_142' title='bbox 1537 1827 1718 1883; x_wconf 86' lang='lat' dir='ltr'><strong>omnia</strong></span> <span class='ocrx_word' id='word_1_143' title='bbox 1753 1821 1935 1886; x_wconf 71' lang='lat' dir='ltr'><strong>causa:</strong></span> <span class='ocrx_word' id='word_1_144' title='bbox 1962 1845 2069 1886; x_wconf 70' lang='grc' dir='ltr'>σεε-</span> <span class='ocrx_word' id='word_1_145' title='bbox 2101 1803 2142 1856; x_wconf 76' lang='grc' dir='ltr'>Β</span> 
     </span>
    </p>
   </div>
   <div class='ocr_carea' id='block_1_21' title="bbox 501 1906 2067 1994">
    <p class='ocr_par' dir='ltr' id='par_1_21' title="bbox 501 1906 2067 1994">
     <span class='ocr_line' id='line_1_21' title="bbox 501 1906 2067 1994; baseline 0.013 -34"><span class='ocrx_word' id='word_1_146' title='bbox 501 1906 868 1974; x_wconf 75' lang='lat' dir='ltr'><strong>disliliorum,</strong></span> <span class='ocrx_word' id='word_1_147' title='bbox 901 1911 1005 1967; x_wconf 89' lang='lat' dir='ltr'><strong>sed.</strong></span> <span class='ocrx_word' id='word_1_148' title='bbox 1028 1914 1143 1968; x_wconf 90' lang='lat' dir='ltr'><strong>sola</strong></span> <span class='ocrx_word' id='word_1_149' title='bbox 1175 1914 1384 1974; x_wconf 82' lang='lat' dir='ltr'><strong>Medea.</strong></span> <span class='ocrx_word' id='word_1_150' title='bbox 1429 1918 1794 1985; x_wconf 82' lang='lat' dir='ltr'><strong>Quamobrem</strong></span> <span class='ocrx_word' id='word_1_151' title='bbox 1835 1922 1888 1977; x_wconf 88' lang='lat' dir='ltr'><strong>id</strong></span> <span class='ocrx_word' id='word_1_152' title='bbox 1921 1926 2067 1994; x_wconf 89' lang='lat' dir='ltr'><strong>quod</strong></span> 
     </span>
    </p>
   </div>
   <div class='ocr_carea' id='block_1_22' title="bbox 502 2004 2070 2084">
    <p class='ocr_par' dir='ltr' id='par_1_22' title="bbox 502 2004 2070 2084">
     <span class='ocr_line' id='line_1_22' title="bbox 502 2004 2070 2084; baseline 0.011 -27"><span class='ocrx_word' id='word_1_153' title='bbox 502 2018 613 2057; x_wconf 89' lang='lat' dir='ltr'><strong>non</strong></span> <span class='ocrx_word' id='word_1_154' title='bbox 667 2004 953 2073; x_wconf 84' lang='lat' dir='ltr'><strong>prohibet,</strong></span> <span class='ocrx_word' id='word_1_155' title='bbox 1009 2023 1118 2062; x_wconf 89' lang='lat' dir='ltr'><strong>non</strong></span> <span class='ocrx_word' id='word_1_156' title='bbox 1175 2020 1438 2081; x_wconf 84' lang='lat' dir='ltr'><strong>operatur</strong></span> <span class='ocrx_word' id='word_1_157' title='bbox 1477 2028 1490 2063; x_wconf 92' lang='lat'><strong>:</strong></span> <span class='ocrx_word' id='word_1_158' title='bbox 1535 2014 1795 2084; x_wconf 85' lang='lat' dir='ltr'><strong>quocirca</strong></span> <span class='ocrx_word' id='word_1_159' title='bbox 1833 2031 1948 2072; x_wconf 84' lang='lat' dir='ltr'><strong>non</strong></span> <span class='ocrx_word' id='word_1_160' title='bbox 1986 2028 2070 2074; x_wconf 91' lang='lat' dir='ltr'><strong>est</strong></span> 
     </span>
    </p>
   </div>
   <div class='ocr_carea' id='block_1_23' title="bbox 500 2095 2065 2179">
    <p class='ocr_par' dir='ltr' id='par_1_23' title="bbox 500 2095 2065 2179">
     <span class='ocr_line' id='line_1_23' title="bbox 500 2095 2065 2179; baseline 0.012 -31"><span class='ocrx_word' id='word_1_161' title='bbox 500 2109 672 2150; x_wconf 81' lang='lat' dir='ltr'><strong>causa</strong></span> <span class='ocrx_word' id='word_1_162' title='bbox 703 2095 759 2150; x_wconf 91' lang='lat' dir='ltr'><strong>id</strong></span> <span class='ocrx_word' id='word_1_163' title='bbox 780 2098 927 2167; x_wconf 80' lang='lat' dir='ltr'><strong>quod</strong></span> <span class='ocrx_word' id='word_1_164' title='bbox 956 2115 1064 2153; x_wconf 91' lang='lat' dir='ltr'><strong>non</strong></span> <span class='ocrx_word' id='word_1_165' title='bbox 1089 2101 1341 2172; x_wconf 89' lang='lat' dir='ltr'><strong>impedit,</strong></span> <span class='ocrx_word' id='word_1_166' title='bbox 1372 2104 1470 2160; x_wconf 90' lang='lat' dir='ltr'><strong>sed</strong></span> <span class='ocrx_word' id='word_1_167' title='bbox 1514 2105 1568 2160; x_wconf 90' lang='lat' dir='ltr'><strong>id</strong></span> <span class='ocrx_word' id='word_1_168' title='bbox 1596 2107 1747 2177; x_wconf 90' lang='lat' dir='ltr'><strong>quod</strong></span> <span class='ocrx_word' id='word_1_169' title='bbox 1777 2110 2065 2179; x_wconf 85' lang='lat' dir='ltr'><strong>prohibet:</strong></span> 
     </span>
    </p>
   </div>
   <div class='ocr_carea' id='block_1_24' title="bbox 500 2186 2072 2266">
    <p class='ocr_par' dir='ltr' id='par_1_24' title="bbox 500 2186 2072 2266">
     <span class='ocr_line' id='line_1_24' title="bbox 500 2186 2072 2266; baseline 0.009 -24"><span class='ocrx_word' id='word_1_170' title='bbox 500 2187 558 2242; x_wconf 88' lang='lat' dir='ltr'><strong>in</strong></span> <span class='ocrx_word' id='word_1_171' title='bbox 586 2186 801 2257; x_wconf 74' lang='lat' dir='ltr'><strong>agendo</strong></span> <span class='ocrx_word' id='word_1_172' title='bbox 838 2189 982 2244; x_wconf 90' lang='lat' dir='ltr'><strong>enim</strong></span> <span class='ocrx_word' id='word_1_173' title='bbox 1014 2191 1237 2262; x_wconf 87' lang='lat' dir='ltr'><strong>aliquod</strong></span> <span class='ocrx_word' id='word_1_174' title='bbox 1275 2200 1331 2248; x_wconf 89' lang='lat' dir='ltr'><strong>et</strong></span> <span class='ocrx_word' id='word_1_175' title='bbox 1368 2196 1646 2266; x_wconf 88' lang='lat' dir='ltr'><strong>operando</strong></span> <span class='ocrx_word' id='word_1_176' title='bbox 1671 2212 1837 2254; x_wconf 87' lang='lat' dir='ltr'><strong>causa</strong></span> <span class='ocrx_word' id='word_1_177' title='bbox 1871 2199 2072 2255; x_wconf 81' lang='lat' dir='ltr'><strong>intelli-</strong></span> 
     </span>
    </p>
   </div>
   <div class='ocr_carea' id='block_1_25' title="bbox 501 2275 2073 2358">
    <p class='ocr_par' dir='ltr' id='par_1_25' title="bbox 501 2275 2073 2358">
     <span class='ocr_line' id='line_1_25' title="bbox 501 2275 2073 2358; baseline 0.011 -30"><span class='ocrx_word' id='word_1_178' title='bbox 501 2275 667 2347; x_wconf 69' lang='lat' dir='ltr'><strong>gitur.</strong></span> <span class='ocrx_word' id='word_1_179' title='bbox 706 2275 998 2345; x_wconf 64' lang='lat' dir='ltr'><strong>Praeterea,</strong></span> <span class='ocrx_word' id='word_1_180' title='bbox 1028 2283 1176 2352; x_wconf 88' lang='lat' dir='ltr'><strong>quod</strong></span> <span class='ocrx_word' id='word_1_181' title='bbox 1203 2298 1313 2338; x_wconf 90' lang='lat' dir='ltr'><strong>non</strong></span> <span class='ocrx_word' id='word_1_182' title='bbox 1345 2285 1616 2355; x_wconf 85' lang='lat' dir='ltr'><strong>prohibet,</strong></span> <span class='ocrx_word' id='word_1_183' title='bbox 1647 2297 1959 2358; x_wconf 86' lang='lat' dir='ltr'><strong>separatum</strong></span> <span class='ocrx_word' id='word_1_184' title='bbox 1989 2300 2073 2346; x_wconf 88' lang='lat' dir='ltr'><strong>est</strong></span> 
     </span>
    </p>
   </div>
   <div class='ocr_carea' id='block_1_26' title="bbox 500 2366 2072 2451">
    <p class='ocr_par' dir='ltr' id='par_1_26' title="bbox 500 2366 2072 2451">
     <span class='ocr_line' id='line_1_26' title="bbox 500 2366 2072 2451; baseline 0.01 -31"><span class='ocrx_word' id='word_1_185' title='bbox 500 2366 573 2421; x_wconf 84' lang='lat' dir='ltr'><strong>ab</strong></span> <span class='ocrx_word' id='word_1_186' title='bbox 621 2381 692 2423; x_wconf 89' lang='lat' dir='ltr'><strong>eo</strong></span> <span class='ocrx_word' id='word_1_187' title='bbox 735 2370 884 2438; x_wconf 86' lang='lat' dir='ltr'><strong>quod</strong></span> <span class='ocrx_word' id='word_1_188' title='bbox 931 2370 1012 2436; x_wconf 84' lang='lat' dir='ltr'><strong>ﬁt,</strong></span> <span class='ocrx_word' id='word_1_189' title='bbox 1050 2387 1218 2430; x_wconf 89' lang='lat' dir='ltr'><strong>causa</strong></span> <span class='ocrx_word' id='word_1_190' title='bbox 1247 2384 1428 2430; x_wconf 88' lang='lat' dir='ltr'><strong>autem</strong></span> <span class='ocrx_word' id='word_1_191' title='bbox 1457 2374 1696 2432; x_wconf 82' lang='lat' dir='ltr'><strong>refertur</strong></span> <span class='ocrx_word' id='word_1_192' title='bbox 1734 2379 1802 2433; x_wconf 89' lang='lat' dir='ltr'><strong>ad</strong></span> <span class='ocrx_word' id='word_1_193' title='bbox 1831 2380 1886 2434; x_wconf 94' lang='lat' dir='ltr'><strong>id</strong></span> <span class='ocrx_word' id='word_1_194' title='bbox 1925 2381 2072 2451; x_wconf 85' lang='lat' dir='ltr'><strong>quod</strong></span> 
     </span>
    </p>
   </div>
   <div class='ocr_carea' id='block_1_27' title="bbox 500 2458 2065 2544">
    <p class='ocr_par' dir='ltr' id='par_1_27' title="bbox 500 2458 2065 2544">
     <span class='ocr_line' id='line_1_27' title="bbox 500 2458 2065 2544; baseline 0.012 -34"><span class='ocrx_word' id='word_1_195' title='bbox 500 2458 604 2524; x_wconf 83' lang='lat' dir='ltr'><strong>tit;</strong></span> <span class='ocrx_word' id='word_1_196' title='bbox 655 2475 767 2515; x_wconf 87' lang='lat' dir='ltr'><strong>non</strong></span> <span class='ocrx_word' id='word_1_197' title='bbox 814 2462 918 2517; x_wconf 85' lang='lat' dir='ltr'><strong>erit</strong></span> <span class='ocrx_word' id='word_1_198' title='bbox 958 2477 1087 2535; x_wconf 81' lang='lat' dir='ltr'><strong>ergo</strong></span> <span class='ocrx_word' id='word_1_199' title='bbox 1133 2480 1299 2523; x_wconf 90' lang='lat' dir='ltr'><strong>causa</strong></span> <span class='ocrx_word' id='word_1_200' title='bbox 1352 2468 1409 2522; x_wconf 88' lang='lat' dir='ltr'><strong>id</strong></span> <span class='ocrx_word' id='word_1_201' title='bbox 1448 2470 1597 2541; x_wconf 88' lang='lat' dir='ltr'><strong>quod</strong></span> <span class='ocrx_word' id='word_1_202' title='bbox 1641 2486 1750 2525; x_wconf 92' lang='lat' dir='ltr'><strong>non</strong></span> <span class='ocrx_word' id='word_1_203' title='bbox 1792 2472 2065 2544; x_wconf 84' lang='lat' dir='ltr'><strong>prohibet.</strong></span> 
     </span>
    </p>
   </div>
   <div class='ocr_carea' id='block_1_28' title="bbox 499 2546 2119 2633">
    <p class='ocr_par' dir='ltr' id='par_1_28' title="bbox 499 2546 2119 2633">
     <span class='ocr_line' id='line_1_28' title="bbox 499 2546 2119 2633; baseline 0.009 -29"><span class='ocrx_word' id='word_1_204' title='bbox 499 2547 799 2621; x_wconf 82' lang='lat' dir='ltr'><strong>Propterea</strong></span> <span class='ocrx_word' id='word_1_205' title='bbox 839 2554 1060 2625; x_wconf 79' lang='lat' dir='ltr'><strong>quidem</strong></span> <span class='ocrx_word' id='word_1_206' title='bbox 1088 2564 1238 2612; x_wconf 90' lang='lat' dir='ltr'><strong>certe</strong></span> <span class='ocrx_word' id='word_1_207' title='bbox 1266 2546 1572 2629; x_wconf 79' lang='lat' dir='ltr'><strong>perﬁcitur,</strong></span> <span class='ocrx_word' id='word_1_208' title='bbox 1607 2563 1754 2633; x_wconf 89' lang='lat' dir='ltr'><strong>quod</strong></span> <span class='ocrx_word' id='word_1_209' title='bbox 1794 2579 1903 2620; x_wconf 89' lang='lat' dir='ltr'><strong>non</strong></span> <span class='ocrx_word' id='word_1_210' title='bbox 1931 2564 2073 2620; x_wconf 87' lang='lat' dir='ltr'><strong>adsit</strong></span> <span class='ocrx_word' id='word_1_211' title='bbox 2104 2599 2119 2607; x_wconf 61' lang='grc' dir='ltr'><strong><em>υ</em></strong></span> 
     </span>
    </p>
   </div>
   <div class='ocr_carea' id='block_1_29' title="bbox 503 2644 2073 2721">
    <p class='ocr_par' dir='ltr' id='par_1_29' title="bbox 503 2644 2073 2721">
     <span class='ocr_line' id='line_1_29' title="bbox 503 2644 2073 2721; baseline 0.011 -23"><span class='ocrx_word' id='word_1_212' title='bbox 503 2644 559 2698; x_wconf 88' lang='lat' dir='ltr'><strong>id</strong></span> <span class='ocrx_word' id='word_1_213' title='bbox 586 2645 736 2715; x_wconf 84' lang='lat' dir='ltr'><strong>quod</strong></span> <span class='ocrx_word' id='word_1_214' title='bbox 780 2655 961 2718; x_wconf 81' lang='lat' dir='ltr'><strong>potest</strong></span> <span class='ocrx_word' id='word_1_215' title='bbox 1012 2650 1324 2720; x_wconf 87' lang='lat' dir='ltr'><strong>prohibere.</strong></span> <span class='ocrx_word' id='word_1_216' title='bbox 1374 2654 1622 2721; x_wconf 84' lang='lat' dir='ltr'><strong>Quatuor</strong></span> <span class='ocrx_word' id='word_1_217' title='bbox 1672 2666 1854 2714; x_wconf 85' lang='lat' dir='ltr'><strong>autem</strong></span> <span class='ocrx_word' id='word_1_218' title='bbox 1897 2659 2073 2716; x_wconf 86' lang='lat' dir='ltr'><strong>modis</strong></span> 
     </span>
    </p>
   </div>
   <div class='ocr_carea' id='block_1_30' title="bbox 500 2736 2071 2817">
    <p class='ocr_par' dir='ltr' id='par_1_30' title="bbox 500 2736 2071 2817">
     <span class='ocr_line' id='line_1_30' title="bbox 500 2736 2071 2817; baseline 0.008 -24"><span class='ocrx_word' id='word_1_219' title='bbox 500 2736 707 2793; x_wconf 85' lang='lat' dir='ltr'><strong>dicitur</strong></span> <span class='ocrx_word' id='word_1_220' title='bbox 731 2754 898 2796; x_wconf 91' lang='lat' dir='ltr'><strong>causa</strong></span> <span class='ocrx_word' id='word_1_221' title='bbox 935 2758 949 2795; x_wconf 89' lang='lat'><strong>:</strong></span> <span class='ocrx_word' id='word_1_222' title='bbox 985 2741 1250 2809; x_wconf 87' lang='lat' dir='ltr'><strong>ellieiens,</strong></span> <span class='ocrx_word' id='word_1_223' title='bbox 1282 2756 1341 2801; x_wconf 89' lang='lat' dir='ltr'><strong>ut</strong></span> <span class='ocrx_word' id='word_1_224' title='bbox 1368 2748 1702 2815; x_wconf 84' lang='lat' dir='ltr'><strong>statuarius;</strong></span> <span class='ocrx_word' id='word_1_225' title='bbox 1733 2759 1790 2806; x_wconf 92' lang='lat' dir='ltr'><strong>et</strong></span> <span class='ocrx_word' id='word_1_226' title='bbox 1821 2754 2071 2817; x_wconf 79' lang='lat' dir='ltr'><strong>materia,</strong></span> 
     </span>
    </p>
   </div>
   <div class='ocr_carea' id='block_1_31' title="bbox 504 2830 2074 2907">
    <p class='ocr_par' dir='ltr' id='par_1_31' title="bbox 504 2830 2074 2907">
     <span class='ocr_line' id='line_1_31' title="bbox 504 2830 2074 2907; baseline 0.01 -24"><span class='ocrx_word' id='word_1_227' title='bbox 504 2837 564 2883; x_wconf 90' lang='lat' dir='ltr'><strong>ut</strong></span> <span class='ocrx_word' id='word_1_228' title='bbox 588 2844 701 2898; x_wconf 76' lang='lat' dir='ltr'><strong>:es;</strong></span> <span class='ocrx_word' id='word_1_229' title='bbox 731 2839 787 2886; x_wconf 90' lang='lat' dir='ltr'><strong>et</strong></span> <span class='ocrx_word' id='word_1_230' title='bbox 814 2830 1014 2895; x_wconf 67' lang='lat' dir='ltr'><strong>forma,</strong></span> <span class='ocrx_word' id='word_1_231' title='bbox 1057 2842 1117 2888; x_wconf 92' lang='lat' dir='ltr'><strong>ut</strong></span> <span class='ocrx_word' id='word_1_232' title='bbox 1149 2834 1468 2907; x_wconf 86' lang='lat' dir='ltr'><strong>character;</strong></span> <span class='ocrx_word' id='word_1_233' title='bbox 1511 2847 1567 2896; x_wconf 91' lang='lat' dir='ltr'><strong>et</strong></span> <span class='ocrx_word' id='word_1_234' title='bbox 1612 2840 1756 2906; x_wconf 82' lang='lat' dir='ltr'><strong>linis,</strong></span> <span class='ocrx_word' id='word_1_235' title='bbox 1804 2851 1863 2897; x_wconf 94' lang='lat' dir='ltr'><strong>ut</strong></span> <span class='ocrx_word' id='word_1_236' title='bbox 1900 2842 2074 2897; x_wconf 87' lang='lat' dir='ltr'><strong>honor</strong></span> 
     </span>
    </p>
   </div>
   <div class='ocr_carea' id='block_1_32' title="bbox 499 2923 2075 3002">
    <p class='ocr_par' dir='ltr' id='par_1_32' title="bbox 499 2923 2075 3002">
     <span class='ocr_line' id='line_1_32' title="bbox 499 2923 2075 3002; baseline 0.011 -29"><span class='ocrx_word' id='word_1_237' title='bbox 499 2923 953 2992; x_wconf 66' lang='lat' dir='ltr'><strong>gyinnasiarcbaz.</strong></span> <span class='ocrx_word' id='word_1_238' title='bbox 984 2923 1188 2980; x_wconf 85' lang='lat' dir='ltr'><strong>Eorum</strong></span> <span class='ocrx_word' id='word_1_239' title='bbox 1216 2942 1346 2999; x_wconf 81' lang='lat' dir='ltr'><strong>ergo</strong></span> <span class='ocrx_word' id='word_1_240' title='bbox 1385 2931 1505 2986; x_wconf 90' lang='lat' dir='ltr'><strong>sine</strong></span> <span class='ocrx_word' id='word_1_241' title='bbox 1560 2933 1761 3002; x_wconf 84' lang='lat' dir='ltr'><strong>quibus</strong></span> <span class='ocrx_word' id='word_1_242' title='bbox 1802 2949 1935 2997; x_wconf 89' lang='lat' dir='ltr'><strong>non,</strong></span> <span class='ocrx_word' id='word_1_243' title='bbox 1984 2951 2075 2990; x_wconf 87' lang='lat' dir='ltr'><strong>ra-</strong></span> 
     </span>
    </p>
   </div>
   <div class='ocr_carea' id='block_1_33' title="bbox 500 3010 2075 3086">
    <p class='ocr_par' dir='ltr' id='par_1_33' title="bbox 500 3010 2075 3086">
     <span class='ocr_line' id='line_1_33' title="bbox 500 3010 2075 3086; baseline 0.009 -22"><span class='ocrx_word' id='word_1_244' title='bbox 500 3010 704 3066; x_wconf 82' lang='lat' dir='ltr'><strong>tionem</strong></span> <span class='ocrx_word' id='word_1_245' title='bbox 753 3026 833 3067; x_wconf 69' lang='grc' dir='ltr'>ωε</span> <span class='ocrx_word' id='word_1_246' title='bbox 859 3020 1034 3077; x_wconf 87' lang='lat' dir='ltr'><strong>tenet,</strong></span> <span class='ocrx_word' id='word_1_247' title='bbox 1064 3012 1133 3067; x_wconf 91' lang='lat' dir='ltr'><strong>ad</strong></span> <span class='ocrx_word' id='word_1_248' title='bbox 1191 3014 1294 3069; x_wconf 90' lang='lat' dir='ltr'><strong>hoc</strong></span> <span class='ocrx_word' id='word_1_249' title='bbox 1350 3025 1409 3070; x_wconf 87' lang='lat' dir='ltr'><strong>ut</strong></span> <span class='ocrx_word' id='word_1_250' title='bbox 1465 3018 1559 3073; x_wconf 83' lang='lat' dir='ltr'><strong>ﬁat</strong></span> <span class='ocrx_word' id='word_1_251' title='bbox 1616 3028 1830 3086; x_wconf 82' lang='lat' dir='ltr'><strong>statua,</strong></span> <span class='ocrx_word' id='word_1_252' title='bbox 1884 3029 1939 3078; x_wconf 89' lang='lat' dir='ltr'><strong>et</strong></span> <span class='ocrx_word' id='word_1_253' title='bbox 1990 3030 2075 3078; x_wconf 87' lang='lat' dir='ltr'><strong>est</strong></span> 
     </span>
    </p>
   </div>
   <div class='ocr_carea' id='block_1_34' title="bbox 2174 550 3759 637">
    <p class='ocr_par' dir='ltr' id='par_1_34' title="bbox 2174 550 3759 637">
     <span class='ocr_line' id='line_1_34' title="bbox 2174 550 3759 637; baseline 0.014 -32"><span class='ocrx_word' id='word_1_254' title='bbox 2174 550 2240 606; x_wconf 81' lang='grc' dir='ltr'>ἂν</span> <span class='ocrx_word' id='word_1_255' title='bbox 2275 554 2554 629; x_wconf 79' lang='grc' dir='ltr'><strong>ὠργίσθη,</strong></span> <span class='ocrx_word' id='word_1_256' title='bbox 2596 562 2646 615; x_wconf 88' lang='grc' dir='ltr'><strong>εί</strong></span> <span class='ocrx_word' id='word_1_257' title='bbox 2699 561 2774 635; x_wconf 80' lang='grc' dir='ltr'>μὴ</span> <span class='ocrx_word' id='word_1_258' title='bbox 2815 563 3085 634; x_wconf 77' lang='grc' dir='ltr'>ἐζήλωσεν</span> <span class='ocrx_word' id='word_1_259' title='bbox 3116 581 3132 597; x_wconf 88' lang='grc'><strong>·</strong></span> <span class='ocrx_word' id='word_1_260' title='bbox 3179 565 3302 620; x_wconf 69' lang='grc' dir='ltr'>οὐδὲ</span> <span class='ocrx_word' id='word_1_261' title='bbox 3348 566 3543 632; x_wconf 82' lang='grc' dir='ltr'>τοῦτο,</span> <span class='ocrx_word' id='word_1_262' title='bbox 3574 568 3624 620; x_wconf 75' lang='grc' dir='ltr'>εἰ</span> <span class='ocrx_word' id='word_1_263' title='bbox 3672 568 3759 637; x_wconf 72' lang='grc' dir='ltr'>μὴ</span> 
     </span>
    </p>
   </div>
   <div class='ocr_carea' id='block_1_35' title="bbox 2173 647 3762 727">
    <p class='ocr_par' dir='ltr' id='par_1_35' title="bbox 2173 647 3762 727">
     <span class='ocr_line' id='line_1_35' title="bbox 2173 647 3762 727; baseline 0.009 -28"><span class='ocrx_word' id='word_1_264' title='bbox 2173 647 2388 718; x_wconf 67' lang='grc' dir='ltr'>ἠράσθη</span> <span class='ocrx_word' id='word_1_265' title='bbox 2408 666 2423 679; x_wconf 88' lang='grc'><strong>·</strong></span> <span class='ocrx_word' id='word_1_266' title='bbox 2454 650 2576 705; x_wconf 86' lang='grc' dir='ltr'><strong>ούδέ</strong></span> <span class='ocrx_word' id='word_1_267' title='bbox 2610 652 2785 719; x_wconf 78' lang='grc' dir='ltr'>τοῦτο,</span> <span class='ocrx_word' id='word_1_268' title='bbox 2811 655 2860 707; x_wconf 88' lang='grc' dir='ltr'><strong>εί</strong></span> <span class='ocrx_word' id='word_1_269' title='bbox 2892 655 2967 727; x_wconf 79' lang='grc' dir='ltr'>μὴ</span> <span class='ocrx_word' id='word_1_270' title='bbox 3008 655 3192 712; x_wconf 78' lang='grc' dir='ltr'>Ἰάσων</span> <span class='ocrx_word' id='word_1_271' title='bbox 3215 657 3480 714; x_wconf 72' lang='grc' dir='ltr'><strong>ἔπλευσεν</strong></span> <span class='ocrx_word' id='word_1_272' title='bbox 3507 660 3591 724; x_wconf 82' lang='grc' dir='ltr'><strong>είς</strong></span> <span class='ocrx_word' id='word_1_273' title='bbox 3610 659 3762 713; x_wconf 63' lang='lat' dir='ltr'><strong>Kel-</strong></span> 
     </span>
    </p>
   </div>
   <div class='ocr_carea' id='block_1_36' title="bbox 2175 740 3764 825">
    <p class='ocr_par' dir='ltr' id='par_1_36' title="bbox 2175 740 3764 825">
     <span class='ocr_line' id='line_1_36' title="bbox 2175 740 3764 825; baseline 0.013 -32"><span class='ocrx_word' id='word_1_274' title='bbox 2175 740 2333 809; x_wconf 80' lang='grc' dir='ltr'>χούς’</span> <span class='ocrx_word' id='word_1_275' title='bbox 2366 742 2486 797; x_wconf 81' lang='grc' dir='ltr'>οὐδὲ</span> <span class='ocrx_word' id='word_1_276' title='bbox 2528 744 2706 811; x_wconf 81' lang='grc' dir='ltr'>τοῦτο,</span> <span class='ocrx_word' id='word_1_277' title='bbox 2735 750 2783 800; x_wconf 86' lang='grc' dir='ltr'><strong>εί</strong></span> <span class='ocrx_word' id='word_1_278' title='bbox 2820 748 2894 820; x_wconf 87' lang='grc' dir='ltr'><strong>μὴ</strong></span> <span class='ocrx_word' id='word_1_279' title='bbox 2938 749 3116 822; x_wconf 84' lang='grc' dir='ltr'>Ἀργὼ</span> <span class='ocrx_word' id='word_1_280' title='bbox 3144 753 3591 825; x_wconf 64' lang='grc' dir='ltr'><strong>κατεσκευάσθη⁹</strong></span> <span class='ocrx_word' id='word_1_281' title='bbox 3625 756 3764 815; x_wconf 69' lang='grc' dir='ltr'>οὐδλ</span> 
     </span>
    </p>
   </div>
   <div class='ocr_carea' id='block_1_37' title="bbox 2173 831 3760 921">
    <p class='ocr_par' dir='ltr' id='par_1_37' title="bbox 2173 831 3760 921">
     <span class='ocr_line' id='line_1_37' title="bbox 2173 831 3760 921; baseline 0.014 -39"><span class='ocrx_word' id='word_1_282' title='bbox 2173 831 2350 897; x_wconf 77' lang='grc' dir='ltr'>τοῦτο,</span> <span class='ocrx_word' id='word_1_283' title='bbox 2406 836 2457 888; x_wconf 85' lang='grc' dir='ltr'><strong>εί</strong></span> <span class='ocrx_word' id='word_1_284' title='bbox 2506 836 2579 908; x_wconf 80' lang='grc' dir='ltr'>μὴ</span> <span class='ocrx_word' id='word_1_285' title='bbox 2627 836 2696 891; x_wconf 82' lang='grc' dir='ltr'>τὰ</span> <span class='ocrx_word' id='word_1_286' title='bbox 2748 837 2878 905; x_wconf 81' lang='grc' dir='ltr'>ξύλα</span> <span class='ocrx_word' id='word_1_287' title='bbox 2939 840 3005 894; x_wconf 86' lang='grc' dir='ltr'><strong>ἐκ</strong></span> <span class='ocrx_word' id='word_1_288' title='bbox 3062 841 3156 896; x_wconf 81' lang='grc' dir='ltr'>τοῦ</span> <span class='ocrx_word' id='word_1_289' title='bbox 3209 844 3441 914; x_wconf 81' lang='grc' dir='ltr'>Πηλείου</span> <span class='ocrx_word' id='word_1_290' title='bbox 3506 849 3760 921; x_wconf 80' lang='grc' dir='ltr'>ἐτμήθη.</span> 
     </span>
    </p>
   </div>
   <div class='ocr_carea' id='block_1_38' title="bbox 2187 925 3756 1007">
    <p class='ocr_par' dir='ltr' id='par_1_38' title="bbox 2187 925 3756 1007">
     <span class='ocr_line' id='line_1_38' title="bbox 2187 925 3756 1007; baseline 0.011 -31"><span class='ocrx_word' id='word_1_291' title='bbox 2187 925 2273 977; x_wconf 83' lang='grc' dir='ltr'>Ἑν</span> <span class='ocrx_word' id='word_1_292' title='bbox 2295 926 2503 990; x_wconf 84' lang='grc' dir='ltr'>τούτοις</span> <span class='ocrx_word' id='word_1_293' title='bbox 2525 927 2633 1001; x_wconf 77' lang='grc' dir='ltr'><strong>γάρ</strong></span> <span class='ocrx_word' id='word_1_294' title='bbox 2657 929 2856 985; x_wconf 72' lang='grc' dir='ltr'>ἅπασιν</span> <span class='ocrx_word' id='word_1_295' title='bbox 2866 930 2960 984; x_wconf 82' lang='grc' dir='ltr'>τοῦ</span> <span class='ocrx_word' id='word_1_296' title='bbox 2976 932 3042 985; x_wconf 82' lang='grc' dir='ltr'>δι’</span> <span class='ocrx_word' id='word_1_297' title='bbox 3068 933 3097 987; x_wconf 80' lang='grc' dir='ltr'><strong>ὃ</strong></span> <span class='ocrx_word' id='word_1_298' title='bbox 3122 933 3230 1006; x_wconf 77' lang='grc'><strong>(91)</strong></span> <span class='ocrx_word' id='word_1_299' title='bbox 3254 938 3615 1007; x_wconf 75' lang='grc' dir='ltr'>τυγχάνοντος</span> <span class='ocrx_word' id='word_1_300' title='bbox 3631 979 3649 1001; x_wconf 92' lang='grc'><strong>,</strong></span> <span class='ocrx_word' id='word_1_301' title='bbox 3685 941 3756 993; x_wconf 78' lang='grc' dir='ltr'>οὐ</span> 
     </span>
    </p>
   </div>
   <div class='ocr_carea' id='block_1_39' title="bbox 2175 1017 3761 1103">
    <p class='ocr_par' dir='ltr' id='par_1_39' title="bbox 2175 1017 3761 1103">
     <span class='ocr_line' id='line_1_39' title="bbox 2175 1017 3761 1103; baseline 0.011 -34"><span class='ocrx_word' id='word_1_302' title='bbox 2175 1017 2350 1071; x_wconf 84' lang='grc' dir='ltr'>πάντα</span> <span class='ocrx_word' id='word_1_303' title='bbox 2381 1019 2482 1090; x_wconf 79' lang='grc' dir='ltr'>τῆς</span> <span class='ocrx_word' id='word_1_304' title='bbox 2512 1022 2884 1088; x_wconf 76' lang='grc' dir='ltr'><strong>τεκνοκτονίας</strong></span> <span class='ocrx_word' id='word_1_305' title='bbox 2926 1024 3076 1079; x_wconf 77' lang='grc' dir='ltr'>αἴτια</span> <span class='ocrx_word' id='word_1_306' title='bbox 3115 1029 3399 1097; x_wconf 86' lang='grc' dir='ltr'>τυγχάνει,</span> <span class='ocrx_word' id='word_1_307' title='bbox 3450 1031 3584 1102; x_wconf 75' lang='grc' dir='ltr'>μάνη</span> <span class='ocrx_word' id='word_1_308' title='bbox 3615 1031 3683 1085; x_wconf 82' lang='grc' dir='ltr'><strong>δὲ</strong></span> <span class='ocrx_word' id='word_1_309' title='bbox 3722 1034 3761 1103; x_wconf 74' lang='grc' dir='ltr'><strong>ἡ</strong></span> 
     </span>
    </p>
   </div>
   <div class='ocr_carea' id='block_1_40' title="bbox 2173 1110 3765 1188">
    <p class='ocr_par' dir='ltr' id='par_1_40' title="bbox 2173 1110 3765 1188">
     <span class='ocr_line' id='line_1_40' title="bbox 2173 1110 3765 1188; baseline 0.009 -25"><span class='ocrx_word' id='word_1_310' title='bbox 2173 1110 2382 1183; x_wconf 73' lang='grc' dir='ltr'>Μήδεια</span> <span class='ocrx_word' id='word_1_311' title='bbox 2399 1129 2413 1141; x_wconf 89' lang='grc'><strong>·</strong></span> <span class='ocrx_word' id='word_1_312' title='bbox 2441 1112 2521 1165; x_wconf 78' lang='grc' dir='ltr'><strong>διὸ</strong></span> <span class='ocrx_word' id='word_1_313' title='bbox 2540 1112 2601 1166; x_wconf 79' lang='grc' dir='ltr'>τὸ</span> <span class='ocrx_word' id='word_1_314' title='bbox 2627 1114 2700 1184; x_wconf 87' lang='grc' dir='ltr'><strong>μὴ</strong></span> <span class='ocrx_word' id='word_1_315' title='bbox 2728 1114 2934 1169; x_wconf 80' lang='grc' dir='ltr'>κωλῦον</span> <span class='ocrx_word' id='word_1_316' title='bbox 2958 1116 3315 1188; x_wconf 83' lang='grc' dir='ltr'>άνενέργητόν</span> <span class='ocrx_word' id='word_1_317' title='bbox 3340 1119 3487 1174; x_wconf 85' lang='grc' dir='ltr'>ἐστιν</span> <span class='ocrx_word' id='word_1_318' title='bbox 3502 1138 3515 1151; x_wconf 87' lang='grc'>·</span> <span class='ocrx_word' id='word_1_319' title='bbox 3539 1122 3623 1175; x_wconf 80' lang='grc' dir='ltr'>διὸ</span> <span class='ocrx_word' id='word_1_320' title='bbox 3648 1123 3765 1177; x_wconf 66' lang='grc' dir='ltr'><strong>οὐκ</strong></span> 
     </span>
    </p>
   </div>
   <div class='ocr_carea' id='block_1_41' title="bbox 2174 1199 3765 1280">
    <p class='ocr_par' dir='ltr' id='par_1_41' title="bbox 2174 1199 3765 1280">
     <span class='ocr_line' id='line_1_41' title="bbox 2174 1199 3765 1280; baseline 0.006 -28"><span class='ocrx_word' id='word_1_321' title='bbox 2174 1200 2319 1254; x_wconf 83' lang='grc' dir='ltr'>ἐστιν</span> <span class='ocrx_word' id='word_1_322' title='bbox 2341 1199 2509 1255; x_wconf 76' lang='grc' dir='ltr'>αἴτιον</span> <span class='ocrx_word' id='word_1_323' title='bbox 2528 1202 2590 1256; x_wconf 76' lang='grc' dir='ltr'>τὸ</span> <span class='ocrx_word' id='word_1_324' title='bbox 2616 1202 2689 1274; x_wconf 83' lang='grc' dir='ltr'>μὴ</span> <span class='ocrx_word' id='word_1_325' title='bbox 2719 1203 2924 1257; x_wconf 78' lang='grc' dir='ltr'>κωλῦον</span> <span class='ocrx_word' id='word_1_326' title='bbox 2943 1244 2957 1268; x_wconf 96' lang='grc'><strong>,</strong></span> <span class='ocrx_word' id='word_1_327' title='bbox 2993 1204 3130 1258; x_wconf 80' lang='grc' dir='ltr'>ἀλλὰ</span> <span class='ocrx_word' id='word_1_328' title='bbox 3156 1208 3218 1260; x_wconf 85' lang='grc' dir='ltr'>τὸ</span> <span class='ocrx_word' id='word_1_329' title='bbox 3244 1208 3475 1263; x_wconf 79' lang='grc' dir='ltr'>κωλῦον.</span> <span class='ocrx_word' id='word_1_330' title='bbox 3516 1210 3609 1263; x_wconf 84' lang='grc' dir='ltr'>Ἐν</span> <span class='ocrx_word' id='word_1_331' title='bbox 3636 1210 3765 1280; x_wconf 77' lang='grc' dir='ltr'><strong>γὰρ</strong></span> 
     </span>
    </p>
   </div>
   <div class='ocr_carea' id='block_1_42' title="bbox 2172 1288 3764 1370">
    <p class='ocr_par' dir='ltr' id='par_1_42' title="bbox 2172 1288 3764 1370">
     <span class='ocr_line' id='line_1_42' title="bbox 2172 1288 3764 1370; baseline 0.008 -29"><span class='ocrx_word' id='word_1_332' title='bbox 2172 1288 2250 1359; x_wconf 83' lang='grc' dir='ltr'>τῷ</span> <span class='ocrx_word' id='word_1_333' title='bbox 2285 1290 2528 1362; x_wconf 78' lang='grc' dir='ltr'>ἐνεργεῖν</span> <span class='ocrx_word' id='word_1_334' title='bbox 2558 1293 2652 1346; x_wconf 76' lang='grc' dir='ltr'><strong>καὶ</strong></span> <span class='ocrx_word' id='word_1_335' title='bbox 2680 1293 2810 1364; x_wconf 81' lang='grc' dir='ltr'>δρᾷν</span> <span class='ocrx_word' id='word_1_336' title='bbox 2838 1311 2891 1347; x_wconf 91' lang='grc' dir='ltr'><strong>τι</strong></span> <span class='ocrx_word' id='word_1_337' title='bbox 2916 1294 2977 1347; x_wconf 82' lang='grc' dir='ltr'>τὸ</span> <span class='ocrx_word' id='word_1_338' title='bbox 3003 1293 3172 1348; x_wconf 81' lang='grc' dir='ltr'>αἴτιον</span> <span class='ocrx_word' id='word_1_339' title='bbox 3192 1300 3410 1351; x_wconf 75' lang='grc' dir='ltr'><strong>νοεῖται.</strong></span> <span class='ocrx_word' id='word_1_340' title='bbox 3430 1299 3554 1353; x_wconf 83' lang='grc' dir='ltr'><strong>Ἔτι</strong></span> <span class='ocrx_word' id='word_1_341' title='bbox 3585 1300 3648 1352; x_wconf 77' lang='grc' dir='ltr'>τὸ</span> <span class='ocrx_word' id='word_1_342' title='bbox 3680 1298 3764 1370; x_wconf 77' lang='grc' dir='ltr'>μὴ</span> 
     </span>
    </p>
   </div>
   <div class='ocr_carea' id='block_1_43' title="bbox 2174 1380 3764 1462">
    <p class='ocr_par' dir='ltr' id='par_1_43' title="bbox 2174 1380 3764 1462">
     <span class='ocr_line' id='line_1_43' title="bbox 2174 1380 3764 1462; baseline 0.009 -30"><span class='ocrx_word' id='word_1_343' title='bbox 2174 1380 2380 1434; x_wconf 80' lang='grc' dir='ltr'>κωλῦον</span> <span class='ocrx_word' id='word_1_344' title='bbox 2410 1382 2738 1455; x_wconf 77' lang='grc' dir='ltr'><strong>κεχώρισται</strong></span> <span class='ocrx_word' id='word_1_345' title='bbox 2765 1386 2859 1439; x_wconf 81' lang='grc' dir='ltr'><strong>τοῦ</strong></span> <span class='ocrx_word' id='word_1_346' title='bbox 2900 1386 3183 1457; x_wconf 81' lang='grc' dir='ltr'>γινομένου</span> <span class='ocrx_word' id='word_1_347' title='bbox 3202 1406 3216 1419; x_wconf 77' lang='grc'><em>’</em></span> <span class='ocrx_word' id='word_1_348' title='bbox 3246 1388 3307 1442; x_wconf 79' lang='grc' dir='ltr'><strong>τὸ</strong></span> <span class='ocrx_word' id='word_1_349' title='bbox 3334 1390 3393 1443; x_wconf 78' lang='grc' dir='ltr'>δὲ</span> <span class='ocrx_word' id='word_1_350' title='bbox 3418 1392 3589 1445; x_wconf 84' lang='grc' dir='ltr'>αίτιον</span> <span class='ocrx_word' id='word_1_351' title='bbox 3612 1392 3764 1462; x_wconf 76' lang='grc' dir='ltr'>πρὸς</span> 
     </span>
    </p>
   </div>
   <div class='ocr_carea' id='block_1_44' title="bbox 2171 1472 3761 1553">
    <p class='ocr_par' dir='ltr' id='par_1_44' title="bbox 2171 1472 3761 1553">
     <span class='ocr_line' id='line_1_44' title="bbox 2171 1472 3761 1553; baseline 0.008 -29"><span class='ocrx_word' id='word_1_352' title='bbox 2171 1472 2233 1524; x_wconf 80' lang='grc' dir='ltr'><strong>τὸ</strong></span> <span class='ocrx_word' id='word_1_353' title='bbox 2266 1474 2564 1545; x_wconf 78' lang='grc' dir='ltr'>γινόμενον.</span> <span class='ocrx_word' id='word_1_354' title='bbox 2595 1478 2709 1531; x_wconf 76' lang='grc' dir='ltr'><strong>οὐκ</strong></span> <span class='ocrx_word' id='word_1_355' title='bbox 2730 1477 2794 1532; x_wconf 84' lang='grc' dir='ltr'>ἂν</span> <span class='ocrx_word' id='word_1_356' title='bbox 2818 1474 2909 1533; x_wconf 73' lang='grc' dir='ltr'><strong>οὖν</strong></span> <span class='ocrx_word' id='word_1_357' title='bbox 2931 1480 3016 1553; x_wconf 76' lang='grc' dir='ltr'><strong>εἴη</strong></span> <span class='ocrx_word' id='word_1_358' title='bbox 3059 1480 3229 1535; x_wconf 74' lang='grc' dir='ltr'>αἴτιον</span> <span class='ocrx_word' id='word_1_359' title='bbox 3263 1483 3324 1535; x_wconf 83' lang='grc' dir='ltr'>τὸ</span> <span class='ocrx_word' id='word_1_360' title='bbox 3374 1481 3449 1553; x_wconf 85' lang='grc' dir='ltr'>μὴ</span> <span class='ocrx_word' id='word_1_361' title='bbox 3514 1480 3761 1537; x_wconf 74' lang='grc' dir='ltr'>κωλῦον.</span> 
     </span>
    </p>
   </div>
   <div class='ocr_carea' id='block_1_45' title="bbox 2172 1563 3765 1643">
    <p class='ocr_par' dir='ltr' id='par_1_45' title="bbox 2172 1563 3765 1643">
     <span class='ocr_line' id='line_1_45' title="bbox 2172 1563 3765 1643; baseline 0.006 -26"><span class='ocrx_word' id='word_1_362' title='bbox 2172 1563 2271 1617; x_wconf 75' lang='grc' dir='ltr'><strong>Διά</strong></span> <span class='ocrx_word' id='word_1_363' title='bbox 2290 1566 2448 1621; x_wconf 88' lang='grc' dir='ltr'>τοῦτο</span> <span class='ocrx_word' id='word_1_364' title='bbox 2467 1568 2596 1637; x_wconf 81' lang='grc' dir='ltr'>γοῦν</span> <span class='ocrx_word' id='word_1_365' title='bbox 2617 1564 2969 1635; x_wconf 83' lang='grc' dir='ltr'>ἐπιτελεῖται,</span> <span class='ocrx_word' id='word_1_366' title='bbox 2992 1573 3075 1625; x_wconf 83' lang='grc' dir='ltr'><strong>ὅτι</strong></span> <span class='ocrx_word' id='word_1_367' title='bbox 3099 1571 3161 1625; x_wconf 82' lang='grc' dir='ltr'><strong>τὸ</strong></span> <span class='ocrx_word' id='word_1_368' title='bbox 3185 1573 3480 1643; x_wconf 82' lang='grc' dir='ltr'>δυνάμενον</span> <span class='ocrx_word' id='word_1_369' title='bbox 3516 1575 3765 1626; x_wconf 77' lang='grc' dir='ltr'>κωλύειν</span> 
     </span>
    </p>
   </div>
   <div class='ocr_carea' id='block_1_46' title="bbox 2171 1658 3762 1741">
    <p class='ocr_par' dir='ltr' id='par_1_46' title="bbox 2171 1658 3762 1741">
     <span class='ocr_line' id='line_1_46' title="bbox 2171 1658 3762 1741; baseline 0.006 -30"><span class='ocrx_word' id='word_1_370' title='bbox 2171 1660 2232 1711; x_wconf 81' lang='grc' dir='ltr'>οὐ</span> <span class='ocrx_word' id='word_1_371' title='bbox 2262 1658 2542 1730; x_wconf 87' lang='grc' dir='ltr'>πάρεστιν.</span> <span class='ocrx_word' id='word_1_372' title='bbox 2575 1664 2678 1716; x_wconf 86' lang='grc' dir='ltr'><strong>Τετ</strong></span> <span class='ocrx_word' id='word_1_373' title='bbox 2688 1664 2863 1741; x_wconf 82' lang='grc' dir='ltr'>ραχῶς</span> <span class='ocrx_word' id='word_1_374' title='bbox 2882 1665 2944 1718; x_wconf 82' lang='grc' dir='ltr'>τὸ</span> <span class='ocrx_word' id='word_1_375' title='bbox 2969 1666 3140 1721; x_wconf 76' lang='grc' dir='ltr'>αἴτιον</span> <span class='ocrx_word' id='word_1_376' title='bbox 3162 1665 3401 1734; x_wconf 85' lang='grc' dir='ltr'>λέγεται,</span> <span class='ocrx_word' id='word_1_377' title='bbox 3427 1666 3490 1719; x_wconf 83' lang='grc' dir='ltr'>τὸ</span> <span class='ocrx_word' id='word_1_378' title='bbox 3517 1665 3718 1719; x_wconf 80' lang='grc' dir='ltr'>ποιοῦν</span> <span class='ocrx_word' id='word_1_379' title='bbox 3741 1705 3762 1729; x_wconf 90' lang='grc'><strong>,</strong></span> 
     </span>
    </p>
   </div>
   <div class='ocr_carea' id='block_1_47' title="bbox 2170 1750 3764 1829">
    <p class='ocr_par' dir='ltr' id='par_1_47' title="bbox 2170 1750 3764 1829">
     <span class='ocr_line' id='line_1_47' title="bbox 2170 1750 3764 1829; baseline 0.006 -26"><span class='ocrx_word' id='word_1_380' title='bbox 2170 1750 2249 1814; x_wconf 81' lang='grc' dir='ltr'>ὡς</span> <span class='ocrx_word' id='word_1_381' title='bbox 2271 1754 2300 1805; x_wconf 85' lang='grc' dir='ltr'>ὁ</span> <span class='ocrx_word' id='word_1_382' title='bbox 2320 1751 2757 1824; x_wconf 80' lang='grc' dir='ltr'>ἀνδριαντοποιός</span> <span class='ocrx_word' id='word_1_383' title='bbox 2773 1773 2788 1786; x_wconf 78' lang='grc'><strong>’</strong></span> <span class='ocrx_word' id='word_1_384' title='bbox 2812 1758 2906 1811; x_wconf 76' lang='grc' dir='ltr'><strong>καὶ</strong></span> <span class='ocrx_word' id='word_1_385' title='bbox 2932 1759 2965 1828; x_wconf 79' lang='grc' dir='ltr'><strong>ἠ</strong></span> <span class='ocrx_word' id='word_1_386' title='bbox 2989 1756 3113 1829; x_wconf 74' lang='grc' dir='ltr'>ὕλη,</span> <span class='ocrx_word' id='word_1_387' title='bbox 3142 1758 3219 1821; x_wconf 84' lang='grc' dir='ltr'>ὡς</span> <span class='ocrx_word' id='word_1_388' title='bbox 3244 1760 3273 1811; x_wconf 81' lang='grc' dir='ltr'>ὁ</span> <span class='ocrx_word' id='word_1_389' title='bbox 3294 1757 3494 1829; x_wconf 82' lang='grc' dir='ltr'>χαλκός</span> <span class='ocrx_word' id='word_1_390' title='bbox 3511 1775 3524 1788; x_wconf 72' lang='grc'><strong><em>⁸</em></strong></span> <span class='ocrx_word' id='word_1_391' title='bbox 3568 1760 3665 1812; x_wconf 78' lang='grc' dir='ltr'>καὶ</span> <span class='ocrx_word' id='word_1_392' title='bbox 3694 1757 3764 1812; x_wconf 81' lang='grc' dir='ltr'><strong>τδ</strong></span> 
     </span>
    </p>
   </div>
   <div class='ocr_carea' id='block_1_48' title="bbox 2171 1831 3762 1920">
    <p class='ocr_par' dir='ltr' id='par_1_48' title="bbox 2171 1831 3762 1920">
     <span class='ocr_line' id='line_1_48' title="bbox 2171 1831 3762 1920; baseline 0.006 -26"><span class='ocrx_word' id='word_1_393' title='bbox 2171 1838 2331 1907; x_wconf 82' lang='grc' dir='ltr'>εἶδος,</span> <span class='ocrx_word' id='word_1_394' title='bbox 2359 1831 2492 1908; x_wconf 54' lang='lat' dir='ltr'><strong>dico</strong></span> <span class='ocrx_word' id='word_1_395' title='bbox 2513 1848 2798 1919; x_wconf 81' lang='grc' dir='ltr'>χαρακτήρ</span> <span class='ocrx_word' id='word_1_396' title='bbox 2821 1864 2834 1877; x_wconf 77' lang='grc' dir='ltr'><strong>ο</strong></span> <span class='ocrx_word' id='word_1_397' title='bbox 2878 1849 2972 1902; x_wconf 74' lang='grc' dir='ltr'>καὶ</span> <span class='ocrx_word' id='word_1_398' title='bbox 2991 1849 3052 1902; x_wconf 86' lang='grc' dir='ltr'>τὸ</span> <span class='ocrx_word' id='word_1_399' title='bbox 3071 1849 3221 1912; x_wconf 80' lang='grc' dir='ltr'><strong>τέλος</strong></span> <span class='ocrx_word' id='word_1_400' title='bbox 3248 1889 3263 1914; x_wconf 94' lang='grc'><strong>,</strong></span> <span class='ocrx_word' id='word_1_401' title='bbox 3303 1849 3381 1912; x_wconf 84' lang='grc' dir='ltr'>ὡς</span> <span class='ocrx_word' id='word_1_402' title='bbox 3405 1851 3437 1920; x_wconf 84' lang='grc' dir='ltr'>ἠ</span> <span class='ocrx_word' id='word_1_403' title='bbox 3476 1850 3614 1920; x_wconf 83' lang='grc' dir='ltr'>τιμὴ</span> <span class='ocrx_word' id='word_1_404' title='bbox 3650 1848 3762 1904; x_wconf 73' lang='grc' dir='ltr'>τοῦ</span> 
     </span>
    </p>
   </div>
   <div class='ocr_carea' id='block_1_49' title="bbox 2170 1931 3762 2011">
    <p class='ocr_par' dir='ltr' id='par_1_49' title="bbox 2170 1931 3762 2011">
     <span class='ocr_line' id='line_1_49' title="bbox 2170 1931 3762 2011; baseline 0.006 -25"><span class='ocrx_word' id='word_1_405' title='bbox 2170 1937 2599 2009; x_wconf 86' lang='grc' dir='ltr'>γυμνασιάρχου.</span> <span class='ocrx_word' id='word_1_406' title='bbox 2624 1937 2744 1993; x_wconf 87' lang='grc' dir='ltr'>Τῶν</span> <span class='ocrx_word' id='word_1_407' title='bbox 2767 1931 2841 1993; x_wconf 83' lang='grc' dir='ltr'>ὧν</span> <span class='ocrx_word' id='word_1_408' title='bbox 2863 1940 2964 1993; x_wconf 83' lang='grc' dir='ltr'><strong>οὐκ</strong></span> <span class='ocrx_word' id='word_1_409' title='bbox 2984 1939 3117 1994; x_wconf 87' lang='grc' dir='ltr'>ἄνευ</span> <span class='ocrx_word' id='word_1_410' title='bbox 3143 1940 3301 2009; x_wconf 86' lang='grc' dir='ltr'>λόγον</span> <span class='ocrx_word' id='word_1_411' title='bbox 3318 1943 3348 1994; x_wconf 86' lang='grc' dir='ltr'>ὁ</span> <span class='ocrx_word' id='word_1_412' title='bbox 3384 1940 3587 2011; x_wconf 73' lang='grc' dir='ltr'>χαλκὸς</span> <span class='ocrx_word' id='word_1_413' title='bbox 3612 1941 3762 1995; x_wconf 74' lang='grc' dir='ltr'>ἐπέ-</span> 
     </span>
    </p>
   </div>
   <div class='ocr_carea' id='block_1_50' title="bbox 2169 2028 3765 2103">
    <p class='ocr_par' dir='ltr' id='par_1_50' title="bbox 2169 2028 3765 2103">
     <span class='ocr_line' id='line_1_50' title="bbox 2169 2028 3765 2103; baseline 0.005 -24"><span class='ocrx_word' id='word_1_414' title='bbox 2169 2043 2254 2096; x_wconf 83' lang='grc' dir='ltr'><strong>χει</strong></span> <span class='ocrx_word' id='word_1_415' title='bbox 2285 2028 2423 2100; x_wconf 82' lang='grc' dir='ltr'>πρὸς</span> <span class='ocrx_word' id='word_1_416' title='bbox 2440 2028 2502 2081; x_wconf 78' lang='grc' dir='ltr'><strong>τὸ</strong></span> <span class='ocrx_word' id='word_1_417' title='bbox 2522 2029 2773 2097; x_wconf 82' lang='grc' dir='ltr'>γενέσθαι</span> <span class='ocrx_word' id='word_1_418' title='bbox 2794 2032 2884 2085; x_wconf 85' lang='grc' dir='ltr'><strong>τὸν</strong></span> <span class='ocrx_word' id='word_1_419' title='bbox 2907 2032 3221 2103; x_wconf 80' lang='grc' dir='ltr'>ἀνδριάντα,</span> <span class='ocrx_word' id='word_1_420' title='bbox 3248 2033 3342 2085; x_wconf 75' lang='grc' dir='ltr'><strong>καὶ</strong></span> <span class='ocrx_word' id='word_1_421' title='bbox 3366 2032 3570 2102; x_wconf 81' lang='grc' dir='ltr'>ὁμοίως</span> <span class='ocrx_word' id='word_1_422' title='bbox 3599 2032 3765 2087; x_wconf 78' lang='grc' dir='ltr'>ἐστὶν</span> 
     </span>
    </p>
   </div>
   <div class='ocr_carea' id='block_1_51' title="bbox 2170 2117 3767 2195">
    <p class='ocr_par' dir='ltr' id='par_1_51' title="bbox 2170 2117 3767 2195">
     <span class='ocr_line' id='line_1_51' title="bbox 2170 2117 3767 2195; baseline 0.004 -23"><span class='ocrx_word' id='word_1_423' title='bbox 2170 2120 2359 2173; x_wconf 84' lang='grc' dir='ltr'>αἴτιον.</span> <span class='ocrx_word' id='word_1_424' title='bbox 2393 2120 2509 2175; x_wconf 80' lang='grc' dir='ltr'><strong>Πᾶν</strong></span> <span class='ocrx_word' id='word_1_425' title='bbox 2548 2121 2657 2193; x_wconf 86' lang='grc' dir='ltr'><strong>γὰρ</strong></span> <span class='ocrx_word' id='word_1_426' title='bbox 2696 2117 2758 2177; x_wconf 72' lang='grc' dir='ltr'><strong>οὗ</strong></span> <span class='ocrx_word' id='word_1_427' title='bbox 2789 2124 2957 2195; x_wconf 73' lang='grc' dir='ltr'>χωρὶς</span> <span class='ocrx_word' id='word_1_428' title='bbox 2992 2125 3094 2178; x_wconf 81' lang='grc' dir='ltr'><strong>οὐκ</strong></span> <span class='ocrx_word' id='word_1_429' title='bbox 3127 2123 3473 2195; x_wconf 84' lang='grc' dir='ltr'>ἐνδεχόμενον</span> <span class='ocrx_word' id='word_1_430' title='bbox 3493 2123 3767 2193; x_wconf 73' lang='grc' dir='ltr'>γενέσθαι</span> 
     </span>
    </p>
   </div>
   <div class='ocr_carea' id='block_1_52' title="bbox 2169 2211 3767 2287">
    <p class='ocr_par' dir='ltr' id='par_1_52' title="bbox 2169 2211 3767 2287">
     <span class='ocr_line' id='line_1_52' title="bbox 2169 2211 3767 2287; baseline 0.004 -23"><span class='ocrx_word' id='word_1_431' title='bbox 2169 2211 2231 2264; x_wconf 79' lang='grc' dir='ltr'>τὸ</span> <span class='ocrx_word' id='word_1_432' title='bbox 2261 2212 2635 2284; x_wconf 80' lang='grc' dir='ltr'>ἀποτέλεσμα,</span> <span class='ocrx_word' id='word_1_433' title='bbox 2673 2214 2814 2269; x_wconf 87' lang='grc' dir='ltr'>κατὰ</span> <span class='ocrx_word' id='word_1_434' title='bbox 2852 2216 3096 2287; x_wconf 84' lang='grc' dir='ltr'>ἀνάγκην</span> <span class='ocrx_word' id='word_1_435' title='bbox 3134 2215 3283 2270; x_wconf 73' lang='grc' dir='ltr'>ἐστὶν</span> <span class='ocrx_word' id='word_1_436' title='bbox 3332 2215 3542 2270; x_wconf 80' lang='grc' dir='ltr'>αἴτιον·</span> <span class='ocrx_word' id='word_1_437' title='bbox 3579 2217 3767 2271; x_wconf 74' lang='grc' dir='ltr'>αἴτιον</span> 
     </span>
    </p>
   </div>
   <div class='ocr_carea' id='block_1_53' title="bbox 2169 2298 3764 2379">
    <p class='ocr_par' dir='ltr' id='par_1_53' title="bbox 2169 2298 3764 2379">
     <span class='ocr_line' id='line_1_53' title="bbox 2169 2298 3764 2379; baseline 0.005 -27"><span class='ocrx_word' id='word_1_438' title='bbox 2169 2298 2225 2352; x_wconf 81' lang='grc' dir='ltr'><strong>δὲ</strong></span> <span class='ocrx_word' id='word_1_439' title='bbox 2256 2301 2353 2372; x_wconf 80' lang='grc' dir='ltr'>οὐχ</span> <span class='ocrx_word' id='word_1_440' title='bbox 2381 2302 2595 2367; x_wconf 75' lang='grc' dir='ltr'>ἁπλῶςο</span> <span class='ocrx_word' id='word_1_441' title='bbox 2621 2305 2682 2357; x_wconf 80' lang='grc' dir='ltr'><strong>οὐ</strong></span> <span class='ocrx_word' id='word_1_442' title='bbox 2707 2303 2816 2377; x_wconf 87' lang='grc' dir='ltr'><strong>γάρ</strong></span> <span class='ocrx_word' id='word_1_443' title='bbox 2836 2307 2951 2360; x_wconf 86' lang='grc' dir='ltr'>ἐστι</span> <span class='ocrx_word' id='word_1_444' title='bbox 2981 2307 3295 2361; x_wconf 75' lang='grc' dir='ltr'>συνεκτικὸν</span> <span class='ocrx_word' id='word_1_445' title='bbox 3316 2308 3379 2360; x_wconf 75' lang='grc' dir='ltr'><strong>τὸ</strong></span> <span class='ocrx_word' id='word_1_446' title='bbox 3405 2299 3467 2360; x_wconf 78' lang='grc' dir='ltr'>οὗ</span> <span class='ocrx_word' id='word_1_447' title='bbox 3498 2307 3576 2379; x_wconf 81' lang='grc' dir='ltr'>μὴ</span> <span class='ocrx_word' id='word_1_448' title='bbox 3600 2309 3764 2371; x_wconf 73' lang='grc' dir='ltr'>ἄνευ,</span> 
     </span>
    </p>
   </div>
   <div class='ocr_carea' id='block_1_54' title="bbox 2173 2393 3769 2470">
    <p class='ocr_par' dir='ltr' id='par_1_54' title="bbox 2173 2393 3769 2470">
     <span class='ocr_line' id='line_1_54' title="bbox 2173 2393 3769 2470; baseline 0.006 -26"><span class='ocrx_word' id='word_1_449' title='bbox 2173 2394 2429 2465; x_wconf 82' lang='grc' dir='ltr'>συνεργὸν</span> <span class='ocrx_word' id='word_1_450' title='bbox 2457 2393 2516 2447; x_wconf 80' lang='grc' dir='ltr'><strong>δέ</strong></span> <span class='ocrx_word' id='word_1_451' title='bbox 2537 2411 2551 2426; x_wconf 88' lang='grc'><strong>·</strong></span> <span class='ocrx_word' id='word_1_452' title='bbox 2589 2397 2697 2449; x_wconf 80' lang='grc' dir='ltr'>πᾶν</span> <span class='ocrx_word' id='word_1_453' title='bbox 2723 2396 2780 2450; x_wconf 77' lang='grc' dir='ltr'>δὲ</span> <span class='ocrx_word' id='word_1_454' title='bbox 2801 2397 2863 2450; x_wconf 85' lang='grc' dir='ltr'>τὺ</span> <span class='ocrx_word' id='word_1_455' title='bbox 2892 2397 3171 2469; x_wconf 70' lang='grc' dir='ltr'>ἐνεργοῦν,</span> <span class='ocrx_word' id='word_1_456' title='bbox 3198 2400 3428 2470; x_wconf 77' lang='grc' dir='ltr'>παρέχει</span> <span class='ocrx_word' id='word_1_457' title='bbox 3452 2399 3514 2453; x_wconf 85' lang='grc' dir='ltr'>τὺ</span> <span class='ocrx_word' id='word_1_458' title='bbox 3550 2399 3769 2453; x_wconf 77' lang='grc' dir='ltr'>ἀποτέ-</span> 
     </span>
    </p>
   </div>
   <div class='ocr_carea' id='block_1_55' title="bbox 2170 2482 3755 2560">
    <p class='ocr_par' dir='ltr' id='par_1_55' title="bbox 2170 2482 3755 2560">
     <span class='ocr_line' id='line_1_55' title="bbox 2170 2482 3755 2560; baseline 0.004 -25"><span class='ocrx_word' id='word_1_459' title='bbox 2170 2482 2343 2554; x_wconf 84' lang='grc' dir='ltr'>λεσμα</span> <span class='ocrx_word' id='word_1_460' title='bbox 2365 2485 2479 2553; x_wconf 83' lang='grc' dir='ltr'>μετ’</span> <span class='ocrx_word' id='word_1_461' title='bbox 2506 2484 2939 2559; x_wconf 79' lang='grc' dir='ltr'><strong>ἐπιτηδειότητος</strong></span> <span class='ocrx_word' id='word_1_462' title='bbox 2969 2487 3064 2542; x_wconf 83' lang='grc' dir='ltr'>τοῦ</span> <span class='ocrx_word' id='word_1_463' title='bbox 3100 2489 3427 2560; x_wconf 75' lang='grc' dir='ltr'>πάσχοντος·</span> <span class='ocrx_word' id='word_1_464' title='bbox 3468 2489 3755 2560; x_wconf 77' lang='grc' dir='ltr'>διατίθησι</span> 
     </span>
    </p>
   </div>
   <div class='ocr_carea' id='block_1_56' title="bbox 2175 2575 3764 2652">
    <p class='ocr_par' dir='ltr' id='par_1_56' title="bbox 2175 2575 3764 2652">
     <span class='ocr_line' id='line_1_56' title="bbox 2175 2575 3764 2652; baseline 0.003 -23"><span class='ocrx_word' id='word_1_465' title='bbox 2175 2577 2273 2648; x_wconf 83' lang='grc' dir='ltr'>μὲν</span> <span class='ocrx_word' id='word_1_466' title='bbox 2302 2575 2408 2649; x_wconf 84' lang='grc' dir='ltr'>γὰρ</span> <span class='ocrx_word' id='word_1_467' title='bbox 2430 2578 2677 2633; x_wconf 74' lang='grc' dir='ltr'>τὸαῖτιον</span> <span class='ocrx_word' id='word_1_468' title='bbox 2689 2578 2821 2652; x_wconf 76' lang='grc'><strong>(92)·</strong></span> <span class='ocrx_word' id='word_1_469' title='bbox 2846 2580 3043 2651; x_wconf 83' lang='grc' dir='ltr'>πάσχει</span> <span class='ocrx_word' id='word_1_470' title='bbox 3067 2582 3123 2636; x_wconf 85' lang='grc' dir='ltr'>δὲ</span> <span class='ocrx_word' id='word_1_471' title='bbox 3147 2582 3376 2636; x_wconf 77' lang='grc' dir='ltr'>ἕκαστον</span> <span class='ocrx_word' id='word_1_472' title='bbox 3400 2583 3481 2646; x_wconf 89' lang='grc' dir='ltr'><strong>είς</strong></span> <span class='ocrx_word' id='word_1_473' title='bbox 3503 2582 3533 2634; x_wconf 80' lang='grc' dir='ltr'><strong>ὃ</strong></span> <span class='ocrx_word' id='word_1_474' title='bbox 3572 2582 3764 2651; x_wconf 77' lang='grc' dir='ltr'>πέφυ-</span> 
     </span>
    </p>
   </div>
   <div class='ocr_carea' id='block_1_57' title="bbox 2172 2668 3751 2744">
    <p class='ocr_par' dir='ltr' id='par_1_57' title="bbox 2172 2668 3751 2744">
     <span class='ocr_line' id='line_1_57' title="bbox 2172 2668 3751 2744; baseline 0.003 -23"><span class='ocrx_word' id='word_1_475' title='bbox 2172 2668 2235 2721; x_wconf 85' lang='grc' dir='ltr'><strong>κέ</strong></span> <span class='ocrx_word' id='word_1_476' title='bbox 2267 2686 2342 2731; x_wconf 88' lang='grc' dir='ltr'><strong>τι,</strong></span> <span class='ocrx_word' id='word_1_477' title='bbox 2363 2670 2704 2741; x_wconf 82' lang='grc' dir='ltr'>παρεκτικῆς</span> <span class='ocrx_word' id='word_1_478' title='bbox 2728 2670 2828 2742; x_wconf 79' lang='grc' dir='ltr'>τῆς</span> <span class='ocrx_word' id='word_1_479' title='bbox 2850 2671 3283 2744; x_wconf 72' lang='grc' dir='ltr'>ἐπιτηδειότητος</span> <span class='ocrx_word' id='word_1_480' title='bbox 3300 2671 3487 2744; x_wconf 77' lang='grc' dir='ltr'>οὓσης,</span> <span class='ocrx_word' id='word_1_481' title='bbox 3512 2672 3751 2726; x_wconf 77' lang='grc' dir='ltr'>καὶτῶν</span> 
     </span>
    </p>
   </div>
   <div class='ocr_carea' id='block_1_58' title="bbox 2171 2752 3763 2834">
    <p class='ocr_par' dir='ltr' id='par_1_58' title="bbox 2171 2752 3763 2834">
     <span class='ocr_line' id='line_1_58' title="bbox 2171 2752 3763 2834; baseline 0.004 -22"><span class='ocrx_word' id='word_1_482' title='bbox 2171 2752 2251 2812; x_wconf 81' lang='grc' dir='ltr'>ὧν</span> <span class='ocrx_word' id='word_1_483' title='bbox 2273 2759 2374 2813; x_wconf 86' lang='grc' dir='ltr'><strong>ούκ</strong></span> <span class='ocrx_word' id='word_1_484' title='bbox 2400 2759 2528 2814; x_wconf 76' lang='grc' dir='ltr'>ἄνευ</span> <span class='ocrx_word' id='word_1_485' title='bbox 2550 2760 2707 2830; x_wconf 86' lang='grc' dir='ltr'>λόγον</span> <span class='ocrx_word' id='word_1_486' title='bbox 2729 2761 3031 2832; x_wconf 73' lang='grc' dir='ltr'>ἐπεχούσης</span> <span class='ocrx_word' id='word_1_487' title='bbox 3046 2779 3059 2792; x_wconf 91' lang='grc'><strong>·</strong></span> <span class='ocrx_word' id='word_1_488' title='bbox 3082 2758 3475 2834; x_wconf 72' lang='grc' dir='ltr'>ἄπρακτονιοῦν</span> <span class='ocrx_word' id='word_1_489' title='bbox 3490 2763 3553 2816; x_wconf 80' lang='grc' dir='ltr'>τὸ</span> <span class='ocrx_word' id='word_1_490' title='bbox 3574 2764 3763 2818; x_wconf 81' lang='grc' dir='ltr'>αῐτιον</span> 
     </span>
    </p>
   </div>
   <div class='ocr_carea' id='block_1_59' title="bbox 2172 2849 3761 2924">
    <p class='ocr_par' dir='ltr' id='par_1_59' title="bbox 2172 2849 3761 2924">
     <span class='ocr_line' id='line_1_59' title="bbox 2172 2849 3761 2924; baseline 0.003 -21"><span class='ocrx_word' id='word_1_491' title='bbox 2172 2849 2301 2904; x_wconf 75' lang='grc' dir='ltr'>ἄνευ</span> <span class='ocrx_word' id='word_1_492' title='bbox 2334 2851 2433 2922; x_wconf 78' lang='grc' dir='ltr'><strong>τῆς</strong></span> <span class='ocrx_word' id='word_1_493' title='bbox 2466 2852 2923 2924; x_wconf 83' lang='grc' dir='ltr'>ἐπιτηδειότητος’</span> <span class='ocrx_word' id='word_1_494' title='bbox 2969 2852 3071 2905; x_wconf 76' lang='grc' dir='ltr'>οὒκ</span> <span class='ocrx_word' id='word_1_495' title='bbox 3105 2851 3221 2906; x_wconf 77' lang='grc' dir='ltr'>ἐστι</span> <span class='ocrx_word' id='word_1_496' title='bbox 3263 2852 3321 2906; x_wconf 84' lang='grc' dir='ltr'>δὲ</span> <span class='ocrx_word' id='word_1_497' title='bbox 3381 2853 3565 2918; x_wconf 76' lang='grc' dir='ltr'>αἰτία,</span> <span class='ocrx_word' id='word_1_498' title='bbox 3611 2855 3761 2908; x_wconf 72' lang='grc' dir='ltr'>ἀλλὰ</span> 
     </span>
    </p>
   </div>
   <div class='ocr_carea' id='block_1_60' title="bbox 2174 2942 3762 3017">
    <p class='ocr_par' dir='ltr' id='par_1_60' title="bbox 2174 2942 3762 3017">
     <span class='ocr_line' id='line_1_60' title="bbox 2174 2942 3762 3017; baseline 0.003 -22"><span class='ocrx_word' id='word_1_499' title='bbox 2174 2942 2461 3014; x_wconf 81' lang='grc' dir='ltr'>συνεργός·</span> <span class='ocrx_word' id='word_1_500' title='bbox 2490 2943 2613 2996; x_wconf 76' lang='grc' dir='ltr'>ἐπεὶ</span> <span class='ocrx_word' id='word_1_501' title='bbox 2638 2945 2747 2998; x_wconf 81' lang='grc' dir='ltr'>πᾶν</span> <span class='ocrx_word' id='word_1_502' title='bbox 2773 2945 2940 2999; x_wconf 80' lang='grc' dir='ltr'>αἴτιον</span> <span class='ocrx_word' id='word_1_503' title='bbox 2969 2944 3026 2997; x_wconf 80' lang='grc' dir='ltr'><strong>ἐν</strong></span> <span class='ocrx_word' id='word_1_504' title='bbox 3049 2942 3127 3013; x_wconf 83' lang='grc' dir='ltr'><strong>τῷ</strong></span> <span class='ocrx_word' id='word_1_505' title='bbox 3150 2943 3283 3015; x_wconf 78' lang='grc' dir='ltr'>δρᾷν</span> <span class='ocrx_word' id='word_1_506' title='bbox 3310 2947 3510 2998; x_wconf 86' lang='grc' dir='ltr'>νοεῖται</span> <span class='ocrx_word' id='word_1_507' title='bbox 3527 2963 3542 2975; x_wconf 92' lang='grc'><strong>·</strong></span> <span class='ocrx_word' id='word_1_508' title='bbox 3577 2945 3762 3017; x_wconf 74' lang='grc' dir='ltr'>αὐτὴν</span> 
     </span>
    </p>
   </div>
   <div class='ocr_carea' id='block_1_61' title="bbox 2172 3031 3762 3108">
    <p class='ocr_par' dir='ltr' id='par_1_61' title="bbox 2172 3031 3762 3108">
     <span class='ocr_line' id='line_1_61' title="bbox 2172 3031 3762 3108; baseline 0.002 -22"><span class='ocrx_word' id='word_1_509' title='bbox 2172 3032 2231 3085; x_wconf 79' lang='grc' dir='ltr'>δὲ</span> <span class='ocrx_word' id='word_1_510' title='bbox 2256 3033 2358 3087; x_wconf 81' lang='grc' dir='ltr'><strong>οὐκ</strong></span> <span class='ocrx_word' id='word_1_511' title='bbox 2387 3031 2453 3087; x_wconf 79' lang='grc' dir='ltr'>ἂν</span> <span class='ocrx_word' id='word_1_512' title='bbox 2483 3034 2662 3106; x_wconf 77' lang='grc' dir='ltr'>ποιοίη</span> <span class='ocrx_word' id='word_1_513' title='bbox 2691 3036 2726 3107; x_wconf 75' lang='grc' dir='ltr'>ἡ</span> <span class='ocrx_word' id='word_1_514' title='bbox 2752 3035 2857 3106; x_wconf 62' lang='grc' dir='ltr'><strong>γῆ⁸</strong></span> <span class='ocrx_word' id='word_1_515' title='bbox 2883 3034 3025 3088; x_wconf 81' lang='grc' dir='ltr'>ὥστε</span> <span class='ocrx_word' id='word_1_516' title='bbox 3054 3034 3176 3088; x_wconf 80' lang='grc' dir='ltr'>οὐδὲ</span> <span class='ocrx_word' id='word_1_517' title='bbox 3213 3036 3364 3089; x_wconf 82' lang='grc' dir='ltr'>αίτία</span> <span class='ocrx_word' id='word_1_518' title='bbox 3399 3034 3467 3089; x_wconf 82' lang='grc' dir='ltr'><strong>ἂν</strong></span> <span class='ocrx_word' id='word_1_519' title='bbox 3502 3036 3589 3108; x_wconf 83' lang='grc' dir='ltr'><strong>εῐη</strong></span> <span class='ocrx_word' id='word_1_520' title='bbox 3620 3038 3762 3089; x_wconf 75' lang='grc' dir='ltr'>ἐαυ-</span> 
     </span>
    </p>
   </div>
   <div class='ocr_carea' id='block_1_62' title="bbox 501 3102 2076 3200">
    <p class='ocr_par' dir='ltr' id='par_1_62' title="bbox 501 3102 2073 3186">
     <span class='ocr_line' id='line_1_62' title="bbox 501 3102 2073 3186; baseline 0.008 -28"><span class='ocrx_word' id='word_1_521' title='bbox 501 3102 759 3159; x_wconf 81' lang='lat' dir='ltr'><strong>similiter</strong></span> <span class='ocrx_word' id='word_1_522' title='bbox 811 3118 999 3161; x_wconf 88' lang='lat' dir='ltr'><strong>causa.</strong></span> <span class='ocrx_word' id='word_1_523' title='bbox 1054 3105 1190 3162; x_wconf 83' lang='lat' dir='ltr'><strong>Nam</strong></span> <span class='ocrx_word' id='word_1_524' title='bbox 1222 3110 1489 3181; x_wconf 88' lang='lat' dir='ltr'><strong>quidquid</strong></span> <span class='ocrx_word' id='word_1_525' title='bbox 1516 3119 1602 3168; x_wconf 90' lang='lat' dir='ltr'><strong>est</strong></span> <span class='ocrx_word' id='word_1_526' title='bbox 1629 3113 1749 3169; x_wconf 90' lang='lat' dir='ltr'><strong>sine</strong></span> <span class='ocrx_word' id='word_1_527' title='bbox 1804 3129 1915 3186; x_wconf 88' lang='lat' dir='ltr'><strong>quo</strong></span> <span class='ocrx_word' id='word_1_528' title='bbox 1966 3131 2073 3171; x_wconf 90' lang='lat' dir='ltr'><strong>non</strong></span> 
     </span>
    </p>
   </div>
   <div class='ocr_carea' id='block_1_63' title="bbox 2173 3102 3762 3200">
    <p class='ocr_par' dir='ltr' id='par_1_63' title="bbox 2173 3102 3762 3200">
     <span class='ocr_line' id='line_1_63' title="bbox 2173 3102 3762 3200; baseline 0.003 -23"><span class='ocrx_word' id='word_1_529' title='bbox 2173 3125 2291 3195; x_wconf 84' lang='grc' dir='ltr'>τῆς.</span> <span class='ocrx_word' id='word_1_530' title='bbox 2325 3102 2746 3195; x_wconf 77' lang='grc' dir='ltr'>Καταγέλαστον</span> <span class='ocrx_word' id='word_1_531' title='bbox 2857 3127 2919 3180; x_wconf 80' lang='grc' dir='ltr'>τὸ</span> <span class='ocrx_word' id='word_1_532' title='bbox 2944 3127 3120 3196; x_wconf 87' lang='grc' dir='ltr'>λέγειν</span> <span class='ocrx_word' id='word_1_533' title='bbox 3144 3167 3159 3191; x_wconf 95' lang='grc'><strong>,</strong></span> <span class='ocrx_word' id='word_1_534' title='bbox 3204 3128 3279 3200; x_wconf 75' lang='grc' dir='ltr'>μὴ</span> <span class='ocrx_word' id='word_1_535' title='bbox 3316 3128 3379 3182; x_wconf 82' lang='grc' dir='ltr'><strong>τὸ</strong></span> <span class='ocrx_word' id='word_1_536' title='bbox 3418 3127 3533 3199; x_wconf 82' lang='grc' dir='ltr'>πῦρ</span> <span class='ocrx_word' id='word_1_537' title='bbox 3576 3102 3762 3182; x_wconf 71' lang='grc' dir='ltr'>αἴτιον</span> 
     </span>
    </p>
   </div>
   <div class='ocr_carea' id='block_1_64' title="bbox 503 3194 2066 3272">
    <p class='ocr_par' dir='ltr' id='par_1_64' title="bbox 503 3194 2066 3272">
     <span class='ocr_line' id='line_1_64' title="bbox 503 3194 2066 3272; baseline 0.01 -25"><span class='ocrx_word' id='word_1_538' title='bbox 503 3194 772 3265; x_wconf 78' lang='lat' dir='ltr'><strong>contingit</strong></span> <span class='ocrx_word' id='word_1_539' title='bbox 832 3195 948 3252; x_wconf 70' lang='lat' dir='ltr'><strong>fieri</strong></span> <span class='ocrx_word' id='word_1_540' title='bbox 1003 3197 1252 3254; x_wconf 78' lang='lat' dir='ltr'><strong>eﬂ‘ectum</strong></span> <span class='ocrx_word' id='word_1_541' title='bbox 1274 3241 1290 3266; x_wconf 89' lang='lat'><strong>,</strong></span> <span class='ocrx_word' id='word_1_542' title='bbox 1358 3216 1524 3259; x_wconf 88' lang='lat' dir='ltr'><strong>causa</strong></span> <span class='ocrx_word' id='word_1_543' title='bbox 1593 3211 1680 3259; x_wconf 88' lang='lat' dir='ltr'><strong>est</strong></span> <span class='ocrx_word' id='word_1_544' title='bbox 1730 3207 2066 3272; x_wconf 82' lang='lat' dir='ltr'><strong>necessario,</strong></span> 
     </span>
    </p>
   </div>
   <div class='ocr_carea' id='block_1_65' title="bbox 2175 3212 3763 3290">
    <p class='ocr_par' dir='ltr' id='par_1_65' title="bbox 2175 3212 3763 3290">
     <span class='ocr_line' id='line_1_65' title="bbox 2175 3212 3763 3290; baseline 0.011 -24"><span class='ocrx_word' id='word_1_545' title='bbox 2175 3212 2279 3283; x_wconf 85' lang='grc' dir='ltr'><strong>τῆς</strong></span> <span class='ocrx_word' id='word_1_546' title='bbox 2302 3213 2569 3279; x_wconf 85' lang='grc' dir='ltr'>καύσεως,</span> <span class='ocrx_word' id='word_1_547' title='bbox 2595 3216 2731 3270; x_wconf 79' lang='grc' dir='ltr'>ἀλλὰ</span> <span class='ocrx_word' id='word_1_548' title='bbox 2751 3215 2821 3270; x_wconf 80' lang='grc' dir='ltr'>τὰ</span> <span class='ocrx_word' id='word_1_549' title='bbox 2845 3216 2977 3283; x_wconf 78' lang='grc' dir='ltr'>ξύλα</span> <span class='ocrx_word' id='word_1_550' title='bbox 2996 3234 3010 3246; x_wconf 89' lang='grc'><strong>·</strong></span> <span class='ocrx_word' id='word_1_551' title='bbox 3049 3216 3183 3290; x_wconf 85' lang='grc' dir='ltr'>μηδὲ</span> <span class='ocrx_word' id='word_1_552' title='bbox 3212 3217 3312 3289; x_wconf 82' lang='grc' dir='ltr'>τὴν</span> <span class='ocrx_word' id='word_1_553' title='bbox 3347 3216 3626 3289; x_wconf 78' lang='grc' dir='ltr'>μάχαιραν</span> <span class='ocrx_word' id='word_1_554' title='bbox 3651 3218 3763 3290; x_wconf 79' lang='grc' dir='ltr'><strong>τῆς</strong></span> 
     </span>
    </p>
   </div>
   <div class='ocr_carea' id='block_1_66' title="bbox 503 3290 2076 3381">
    <p class='ocr_par' dir='ltr' id='par_1_66' title="bbox 503 3290 2070 3367">
     <span class='ocr_line' id='line_1_66' title="bbox 503 3290 2070 3367; baseline 0.01 -30"><span class='ocrx_word' id='word_1_555' title='bbox 503 3298 672 3341; x_wconf 84' lang='lat' dir='ltr'><strong>causa</strong></span> <span class='ocrx_word' id='word_1_556' title='bbox 698 3294 882 3343; x_wconf 88' lang='lat' dir='ltr'><strong>autem</strong></span> <span class='ocrx_word' id='word_1_557' title='bbox 922 3302 1033 3343; x_wconf 89' lang='lat' dir='ltr'><strong>non</strong></span> <span class='ocrx_word' id='word_1_558' title='bbox 1067 3290 1341 3358; x_wconf 87' lang='lat' dir='ltr'><strong>absolute,</strong></span> <span class='ocrx_word' id='word_1_559' title='bbox 1371 3308 1482 3349; x_wconf 93' lang='lat' dir='ltr'><strong>non</strong></span> <span class='ocrx_word' id='word_1_560' title='bbox 1508 3301 1594 3349; x_wconf 90' lang='lat' dir='ltr'><strong>est</strong></span> <span class='ocrx_word' id='word_1_561' title='bbox 1616 3293 1762 3349; x_wconf 88' lang='lat' dir='ltr'><strong>enim</strong></span> <span class='ocrx_word' id='word_1_562' title='bbox 1790 3298 2070 3367; x_wconf 83' lang='lat' dir='ltr'><strong>synectica</strong></span> 
     </span>
    </p>
   </div>
   <div class='ocr_carea' id='block_1_67' title="bbox 2173 3290 3761 3381">
    <p class='ocr_par' dir='ltr' id='par_1_67' title="bbox 2174 3306 3761 3381">
     <span class='ocr_line' id='line_1_67' title="bbox 2174 3306 3761 3381; baseline 0.003 -23"><span class='ocrx_word' id='word_1_563' title='bbox 2174 3306 2365 3377; x_wconf 79' lang='grc' dir='ltr'>τομῆς,</span> <span class='ocrx_word' id='word_1_564' title='bbox 2393 3307 2529 3361; x_wconf 82' lang='grc' dir='ltr'>ἀλλὰ</span> <span class='ocrx_word' id='word_1_565' title='bbox 2561 3307 2660 3380; x_wconf 78' lang='grc' dir='ltr'>τὴν</span> <span class='ocrx_word' id='word_1_566' title='bbox 2706 3310 2884 3381; x_wconf 89' lang='grc' dir='ltr'>σάρκα</span> <span class='ocrx_word' id='word_1_567' title='bbox 2901 3325 2914 3339; x_wconf 88' lang='grc'><strong>·</strong></span> <span class='ocrx_word' id='word_1_568' title='bbox 2947 3310 3082 3381; x_wconf 84' lang='grc' dir='ltr'>μηδὲ</span> <span class='ocrx_word' id='word_1_569' title='bbox 3115 3308 3212 3363; x_wconf 80' lang='grc' dir='ltr'>τοῦ</span> <span class='ocrx_word' id='word_1_570' title='bbox 3241 3308 3761 3380; x_wconf 64' lang='grc' dir='ltr'>ωταπαλαισθῆναι</span> 
     </span>
    </p>
   </div>
   <div class='ocr_carea' id='block_1_68' title="bbox 504 3379 2076 3473">
    <p class='ocr_par' dir='ltr' id='par_1_68' title="bbox 504 3379 2073 3460">
     <span class='ocr_line' id='line_1_68' title="bbox 504 3379 2073 3460; baseline 0.008 -27"><span class='ocrx_word' id='word_1_571' title='bbox 504 3392 697 3444; x_wconf 85' lang='lat' dir='ltr'><strong>causa,</strong></span> <span class='ocrx_word' id='word_1_572' title='bbox 744 3379 799 3435; x_wconf 91' lang='lat' dir='ltr'><strong>id</strong></span> <span class='ocrx_word' id='word_1_573' title='bbox 838 3381 958 3438; x_wconf 87' lang='lat' dir='ltr'><strong>sine</strong></span> <span class='ocrx_word' id='word_1_574' title='bbox 1003 3399 1113 3455; x_wconf 92' lang='lat' dir='ltr'><strong>quo</strong></span> <span class='ocrx_word' id='word_1_575' title='bbox 1154 3400 1298 3450; x_wconf 87' lang='lat' dir='ltr'><strong>non,</strong></span> <span class='ocrx_word' id='word_1_576' title='bbox 1352 3385 1449 3442; x_wconf 89' lang='lat' dir='ltr'><strong>sed</strong></span> <span class='ocrx_word' id='word_1_577' title='bbox 1484 3386 1767 3455; x_wconf 74' lang='lat' dir='ltr'><strong>adiuvans.</strong></span> <span class='ocrx_word' id='word_1_578' title='bbox 1798 3386 2073 3460; x_wconf 79' lang='lat' dir='ltr'><strong>Quidquid</strong></span> 
     </span>
    </p>
   </div>
   <div class='ocr_carea' id='block_1_69' title="bbox 2173 3379 3759 3473">
    <p class='ocr_par' dir='ltr' id='par_1_69' title="bbox 2177 3379 3759 3473">
     <span class='ocr_line' id='line_1_69' title="bbox 2177 3379 3759 3473; baseline 0.003 -22"><span class='ocrx_word' id='word_1_579' title='bbox 2177 3396 2287 3468; x_wconf 80' lang='lat'><strong>(95)</strong></span> <span class='ocrx_word' id='word_1_580' title='bbox 2303 3397 2394 3451; x_wconf 83' lang='grc' dir='ltr'><strong>τδν</strong></span> <span class='ocrx_word' id='word_1_581' title='bbox 2416 3379 2651 3471; x_wconf 78' lang='grc' dir='ltr'>ἀθλητὴν</span> <span class='ocrx_word' id='word_1_582' title='bbox 2671 3379 2959 3472; x_wconf 12' lang='grc' dir='ltr'>τὴνήίσχὺν</span> <span class='ocrx_word' id='word_1_583' title='bbox 2976 3379 3072 3455; x_wconf 59' lang='grc' dir='ltr'><strong>τω</strong></span> <span class='ocrx_word' id='word_1_584' title='bbox 3100 3400 3524 3473; x_wconf 76' lang='grc' dir='ltr'>άντιπάλου,τὴν</span> <span class='ocrx_word' id='word_1_585' title='bbox 3552 3402 3759 3455; x_wconf 75' lang='grc' dir='ltr'>ἐαυτοῦ</span> 
     </span>
    </p>
   </div>
   <div class='ocr_carea' id='block_1_70' title="bbox 505 3476 2076 3564">
    <p class='ocr_par' dir='ltr' id='par_1_70' title="bbox 505 3476 2071 3553">
     <span class='ocr_line' id='line_1_70' title="bbox 505 3476 2071 3553; baseline 0.008 -29"><span class='ocrx_word' id='word_1_586' title='bbox 505 3480 687 3526; x_wconf 81' lang='lat' dir='ltr'><strong>autem</strong></span> <span class='ocrx_word' id='word_1_587' title='bbox 727 3484 1016 3543; x_wconf 87' lang='lat' dir='ltr'><strong>operatur,</strong></span> <span class='ocrx_word' id='word_1_588' title='bbox 1066 3477 1323 3534; x_wconf 84' lang='lat' dir='ltr'><strong>ell‘eetum</strong></span> <span class='ocrx_word' id='word_1_589' title='bbox 1368 3476 1545 3534; x_wconf 90' lang='lat' dir='ltr'><strong>reddit</strong></span> <span class='ocrx_word' id='word_1_590' title='bbox 1587 3493 1712 3533; x_wconf 89' lang='lat' dir='ltr'><strong>cum</strong></span> <span class='ocrx_word' id='word_1_591' title='bbox 1756 3480 1876 3550; x_wconf 88' lang='lat' dir='ltr'><strong>ejus</strong></span> <span class='ocrx_word' id='word_1_592' title='bbox 1925 3483 2071 3553; x_wconf 91' lang='lat' dir='ltr'><strong>quod</strong></span> 
     </span>
    </p>
   </div>
   <div class='ocr_carea' id='block_1_71' title="bbox 2173 3476 3756 3564">
    <p class='ocr_par' dir='ltr' id='par_1_71' title="bbox 2175 3486 3756 3564">
     <span class='ocr_line' id='line_1_71' title="bbox 2175 3486 3756 3564; baseline 0.005 -25"><span class='ocrx_word' id='word_1_593' title='bbox 2175 3486 2234 3540; x_wconf 82' lang='grc' dir='ltr'>δὲ</span> <span class='ocrx_word' id='word_1_594' title='bbox 2266 3487 2571 3542; x_wconf 73' lang='grc' dir='ltr'>ἀσθένειαν.</span> <span class='ocrx_word' id='word_1_595' title='bbox 2596 3490 2671 3543; x_wconf 82' lang='grc' dir='ltr'><strong>Τὸ</strong></span> <span class='ocrx_word' id='word_1_596' title='bbox 2699 3492 3009 3545; x_wconf 83' lang='grc' dir='ltr'>συνεκτικὸν</span> <span class='ocrx_word' id='word_1_597' title='bbox 3034 3494 3204 3546; x_wconf 78' lang='grc' dir='ltr'>αἴτιον</span> <span class='ocrx_word' id='word_1_598' title='bbox 3228 3492 3289 3545; x_wconf 77' lang='grc' dir='ltr'>οὐ</span> <span class='ocrx_word' id='word_1_599' title='bbox 3321 3491 3491 3545; x_wconf 77' lang='grc' dir='ltr'>δεῖται</span> <span class='ocrx_word' id='word_1_600' title='bbox 3519 3493 3756 3564; x_wconf 82' lang='grc' dir='ltr'>χρόνου·</span> 
     </span>
    </p>
   </div>
   <div class='ocr_carea' id='block_1_72' title="bbox 503 3563 2076 3661">
    <p class='ocr_par' dir='ltr' id='par_1_72' title="bbox 503 3563 2068 3641">
     <span class='ocr_line' id='line_1_72' title="bbox 503 3563 2068 3641; baseline 0.009 -27"><span class='ocrx_word' id='word_1_601' title='bbox 503 3563 711 3631; x_wconf 76' lang='lat' dir='ltr'><strong>patitur</strong></span> <span class='ocrx_word' id='word_1_602' title='bbox 752 3565 1088 3635; x_wconf 84' lang='lat' dir='ltr'><strong>aptitudine;</strong></span> <span class='ocrx_word' id='word_1_603' title='bbox 1139 3583 1265 3622; x_wconf 90' lang='lat' dir='ltr'><strong>nam</strong></span> <span class='ocrx_word' id='word_1_604' title='bbox 1308 3568 1551 3639; x_wconf 87' lang='lat' dir='ltr'><strong>disponit</strong></span> <span class='ocrx_word' id='word_1_605' title='bbox 1605 3569 1825 3641; x_wconf 89' lang='lat' dir='ltr'><strong>quidem</strong></span> <span class='ocrx_word' id='word_1_606' title='bbox 1881 3588 2068 3641; x_wconf 85' lang='lat' dir='ltr'><strong>causa,</strong></span> 
     </span>
    </p>
   </div>
   <div class='ocr_carea' id='block_1_73' title="bbox 2173 3563 3761 3661">
    <p class='ocr_par' dir='ltr' id='par_1_73' title="bbox 2174 3563 3761 3661">
     <span class='ocr_line' id='line_1_73' title="bbox 2174 3563 3761 3661; baseline 0.003 -24"><span class='ocrx_word' id='word_1_607' title='bbox 2174 3583 2238 3637; x_wconf 80' lang='grc' dir='ltr'><strong>τὸ</strong></span> <span class='ocrx_word' id='word_1_608' title='bbox 2264 3584 2375 3658; x_wconf 81' lang='grc' dir='ltr'>γὰρ</span> <span class='ocrx_word' id='word_1_609' title='bbox 2396 3588 2692 3659; x_wconf 85' lang='grc' dir='ltr'>καυτήριον</span> <span class='ocrx_word' id='word_1_610' title='bbox 2730 3587 2845 3658; x_wconf 76' lang='grc' dir='ltr'>ἃμα</span> <span class='ocrx_word' id='word_1_611' title='bbox 2874 3586 2953 3658; x_wconf 83' lang='grc' dir='ltr'>τῷ</span> <span class='ocrx_word' id='word_1_612' title='bbox 2978 3587 3119 3641; x_wconf 84' lang='grc' dir='ltr'>κατὰ</span> <span class='ocrx_word' id='word_1_613' title='bbox 3157 3588 3256 3658; x_wconf 80' lang='grc' dir='ltr'><strong>τῆς</strong></span> <span class='ocrx_word' id='word_1_614' title='bbox 3295 3589 3499 3661; x_wconf 76' lang='grc' dir='ltr'>σαρκὸς</span> <span class='ocrx_word' id='word_1_615' title='bbox 3529 3590 3761 3660; x_wconf 77' lang='grc' dir='ltr'>ἐπερει-</span> 
     </span>
    </p>
   </div>
   <div class='ocr_carea' id='block_1_74' title="bbox 504 3654 2076 3752">
    <p class='ocr_par' dir='ltr' id='par_1_74' title="bbox 504 3654 2071 3732">
     <span class='ocr_line' id='line_1_74' title="bbox 504 3654 2071 3732; baseline 0.008 -24"><span class='ocrx_word' id='word_1_616' title='bbox 504 3654 711 3723; x_wconf 78' lang='lat' dir='ltr'><strong>patitur</strong></span> <span class='ocrx_word' id='word_1_617' title='bbox 749 3664 930 3714; x_wconf 82' lang='lat' dir='ltr'><strong>autem</strong></span> <span class='ocrx_word' id='word_1_618' title='bbox 964 3675 1132 3715; x_wconf 89' lang='lat' dir='ltr'><strong>unum</strong></span> <span class='ocrx_word' id='word_1_619' title='bbox 1162 3660 1418 3731; x_wconf 84' lang='lat' dir='ltr'><strong>quodque</strong></span> <span class='ocrx_word' id='word_1_620' title='bbox 1447 3669 1610 3732; x_wconf 86' lang='lat' dir='ltr'><strong>prout</strong></span> <span class='ocrx_word' id='word_1_621' title='bbox 1660 3664 1711 3719; x_wconf 89' lang='lat' dir='ltr'><strong>ei</strong></span> <span class='ocrx_word' id='word_1_622' title='bbox 1754 3662 1920 3720; x_wconf 75' lang='lat' dir='ltr'><strong>fuerit</strong></span> <span class='ocrx_word' id='word_1_623' title='bbox 1969 3668 2071 3722; x_wconf 89' lang='lat' dir='ltr'><strong>ali-</strong></span> 
     </span>
    </p>
   </div>
   <div class='ocr_carea' id='block_1_75' title="bbox 2173 3654 3762 3752">
    <p class='ocr_par' dir='ltr' id='par_1_75' title="bbox 2179 3654 3762 3752">
     <span class='ocr_line' id='line_1_75' title="bbox 2179 3654 3762 3752; baseline 0.003 -24"><span class='ocrx_word' id='word_1_624' title='bbox 2179 3654 2371 3746; x_wconf 80' lang='grc' dir='ltr'>σθῆναι</span> <span class='ocrx_word' id='word_1_625' title='bbox 2398 3677 2498 3748; x_wconf 80' lang='grc' dir='ltr'>τὴν</span> <span class='ocrx_word' id='word_1_626' title='bbox 2528 3654 2795 3750; x_wconf 60' lang='grc' dir='ltr'>ἀλγηδόνα</span> <span class='ocrx_word' id='word_1_627' title='bbox 2827 3654 3077 3749; x_wconf 77' lang='grc' dir='ltr'>παρέχει.</span> <span class='ocrx_word' id='word_1_628' title='bbox 3108 3654 3230 3732; x_wconf 81' lang='grc' dir='ltr'>Τῶν</span> <span class='ocrx_word' id='word_1_629' title='bbox 3261 3654 3762 3752; x_wconf 65' lang='grc' dir='ltr'>προκαταρκτικῶ</span> 
     </span>
    </p>
   </div>
   <div class='ocr_carea' id='block_1_76' title="bbox 504 3746 2076 3842">
    <p class='ocr_par' dir='ltr' id='par_1_76' title="bbox 504 3746 2075 3830">
     <span class='ocr_line' id='line_1_76' title="bbox 504 3746 2075 3830; baseline 0.01 -31"><span class='ocrx_word' id='word_1_630' title='bbox 504 3746 636 3815; x_wconf 87' lang='lat' dir='ltr'><strong>quid</strong></span> <span class='ocrx_word' id='word_1_631' title='bbox 668 3763 700 3802; x_wconf 83' lang='lat' dir='ltr'><strong>a</strong></span> <span class='ocrx_word' id='word_1_632' title='bbox 745 3759 946 3805; x_wconf 79' lang='lat' dir='ltr'><strong>natura</strong></span> <span class='ocrx_word' id='word_1_633' title='bbox 995 3751 1245 3817; x_wconf 86' lang='lat' dir='ltr'><strong>insitum,</strong></span> <span class='ocrx_word' id='word_1_634' title='bbox 1282 3767 1411 3808; x_wconf 86' lang='lat' dir='ltr'><strong>nam</strong></span> <span class='ocrx_word' id='word_1_635' title='bbox 1447 3756 1729 3812; x_wconf 82' lang='lat' dir='ltr'><strong>concurrit</strong></span> <span class='ocrx_word' id='word_1_636' title='bbox 1772 3757 1892 3828; x_wconf 89' lang='lat' dir='ltr'><strong>ipsa</strong></span> <span class='ocrx_word' id='word_1_637' title='bbox 1932 3760 2075 3830; x_wconf 83' lang='lat' dir='ltr'><strong>apti-</strong></span> 
     </span>
    </p>
   </div>
   <div class='ocr_carea' id='block_1_77' title="bbox 2173 3746 3765 3842">
    <p class='ocr_par' dir='ltr' id='par_1_77' title="bbox 2175 3746 3765 3842">
     <span class='ocr_line' id='line_1_77' title="bbox 2175 3746 3765 3842; baseline 0.003 -23"><span class='ocrx_word' id='word_1_638' title='bbox 2175 3766 2246 3820; x_wconf 81' lang='grc' dir='ltr'>τὰ</span> <span class='ocrx_word' id='word_1_639' title='bbox 2276 3766 2375 3837; x_wconf 83' lang='grc' dir='ltr'>μὲν</span> <span class='ocrx_word' id='word_1_640' title='bbox 2406 3746 2617 3839; x_wconf 70' lang='grc' dir='ltr'>χρόνου</span> <span class='ocrx_word' id='word_1_641' title='bbox 2641 3746 2811 3824; x_wconf 87' lang='grc' dir='ltr'>δεῖται</span> <span class='ocrx_word' id='word_1_642' title='bbox 2830 3809 2846 3835; x_wconf 95' lang='grc'><strong>,</strong></span> <span class='ocrx_word' id='word_1_643' title='bbox 2878 3746 3039 3842; x_wconf 68' lang='grc' dir='ltr'>άχρις</span> <span class='ocrx_word' id='word_1_644' title='bbox 3082 3769 3150 3823; x_wconf 75' lang='grc' dir='ltr'><strong>ἂν</strong></span> <span class='ocrx_word' id='word_1_645' title='bbox 3200 3746 3427 3842; x_wconf 77' lang='grc' dir='ltr'>γένηται</span> <span class='ocrx_word' id='word_1_646' title='bbox 3456 3746 3521 3824; x_wconf 65' lang='grc' dir='ltr'><strong>το</strong></span> <span class='ocrx_word' id='word_1_647' title='bbox 3553 3772 3765 3825; x_wconf 80' lang='grc' dir='ltr'>ἀποτέ-</span> 
     </span>
    </p>
   </div>
   <div class='ocr_carea' id='block_1_78' title="bbox 504 3839 2076 3932">
    <p class='ocr_par' dir='ltr' id='par_1_78' title="bbox 504 3839 2068 3917">
     <span class='ocr_line' id='line_1_78' title="bbox 504 3839 2068 3917; baseline 0.01 -23"><span class='ocrx_word' id='word_1_648' title='bbox 504 3839 644 3897; x_wconf 89' lang='lat' dir='ltr'><strong>tudo</strong></span> <span class='ocrx_word' id='word_1_649' title='bbox 664 3847 723 3898; x_wconf 87' lang='lat' dir='ltr'><strong>et</strong></span> <span class='ocrx_word' id='word_1_650' title='bbox 746 3856 942 3899; x_wconf 89' lang='lat' dir='ltr'><strong>eorum</strong></span> <span class='ocrx_word' id='word_1_651' title='bbox 970 3844 1092 3901; x_wconf 88' lang='lat' dir='ltr'><strong>sine</strong></span> <span class='ocrx_word' id='word_1_652' title='bbox 1117 3847 1324 3917; x_wconf 87' lang='lat' dir='ltr'><strong>quibus</strong></span> <span class='ocrx_word' id='word_1_653' title='bbox 1347 3861 1480 3912; x_wconf 86' lang='lat' dir='ltr'><strong>non,</strong></span> <span class='ocrx_word' id='word_1_654' title='bbox 1518 3849 1784 3906; x_wconf 90' lang='lat' dir='ltr'><strong>rationem</strong></span> <span class='ocrx_word' id='word_1_655' title='bbox 1839 3852 2068 3909; x_wconf 90' lang='lat' dir='ltr'><strong>obtinet.</strong></span> 
     </span>
    </p>
   </div>
   <div class='ocr_carea' id='block_1_79' title="bbox 2173 3839 3762 3932">
    <p class='ocr_par' dir='ltr' id='par_1_79' title="bbox 2176 3839 3762 3932">
     <span class='ocr_line' id='line_1_79' title="bbox 2176 3839 3762 3932; baseline 0.004 -23"><span class='ocrx_word' id='word_1_656' title='bbox 2176 3855 2349 3928; x_wconf 84' lang='grc' dir='ltr'>λεσμα</span> <span class='ocrx_word' id='word_1_657' title='bbox 2372 3874 2387 3888; x_wconf 73' lang='grc' dir='ltr'><strong>ο</strong></span> <span class='ocrx_word' id='word_1_658' title='bbox 2417 3857 2488 3913; x_wconf 84' lang='grc' dir='ltr'>τὰ</span> <span class='ocrx_word' id='word_1_659' title='bbox 2516 3857 2575 3912; x_wconf 82' lang='grc' dir='ltr'><strong>δέ</strong></span> <span class='ocrx_word' id='word_1_660' title='bbox 2602 3858 2662 3912; x_wconf 81' lang='grc' dir='ltr'>οὐ</span> <span class='ocrx_word' id='word_1_661' title='bbox 2690 3859 2855 3914; x_wconf 85' lang='grc' dir='ltr'>δεῖται</span> <span class='ocrx_word' id='word_1_662' title='bbox 2881 3900 2897 3925; x_wconf 93' lang='grc'><strong>,</strong></span> <span class='ocrx_word' id='word_1_663' title='bbox 3033 3862 3067 3931; x_wconf 79' lang='grc' dir='ltr'>ἡ</span> <span class='ocrx_word' id='word_1_664' title='bbox 3097 3860 3305 3924; x_wconf 82' lang='grc' dir='ltr'>πτῶσις</span> <span class='ocrx_word' id='word_1_665' title='bbox 3321 3839 3429 3914; x_wconf 38' lang='grc' dir='ltr'>’τοῦ</span> <span class='ocrx_word' id='word_1_666' title='bbox 3458 3862 3762 3932; x_wconf 65' lang='grc' dir='ltr'>κατάγμαο</span> 
     </span>
    </p>
   </div>
   <div class='ocr_carea' id='block_1_80' title="bbox 504 3928 2076 4024">
    <p class='ocr_par' dir='ltr' id='par_1_80' title="bbox 504 3928 2073 4009">
     <span class='ocr_line' id='line_1_80' title="bbox 504 3928 2073 4009; baseline 0.007 -22"><span class='ocrx_word' id='word_1_667' title='bbox 504 3928 603 3987; x_wconf 77' lang='lat' dir='ltr'><strong>Est</strong></span> <span class='ocrx_word' id='word_1_668' title='bbox 625 3947 756 4005; x_wconf 70' lang='lat' dir='ltr'><strong>ergo</strong></span> <span class='ocrx_word' id='word_1_669' title='bbox 783 3948 952 3991; x_wconf 87' lang='lat' dir='ltr'><strong>eausa</strong></span> <span class='ocrx_word' id='word_1_670' title='bbox 980 3935 1225 3992; x_wconf 80' lang='lat' dir='ltr'><strong>ineﬂicax</strong></span> <span class='ocrx_word' id='word_1_671' title='bbox 1255 3937 1461 4007; x_wconf 88' lang='lat' dir='ltr'><strong>absque</strong></span> <span class='ocrx_word' id='word_1_672' title='bbox 1486 3939 1830 4009; x_wconf 82' lang='lat' dir='ltr'><strong>aptitudine:</strong></span> <span class='ocrx_word' id='word_1_673' title='bbox 1858 3956 1922 3996; x_wconf 86' lang='lat' dir='ltr'><strong>ea</strong></span> <span class='ocrx_word' id='word_1_674' title='bbox 1942 3948 2073 3998; x_wconf 81' lang='lat' dir='ltr'><strong>vero</strong></span> 
     </span>
    </p>
   </div>
   <div class='ocr_carea' id='block_1_81' title="bbox 2173 3928 3767 4024">
    <p class='ocr_par' dir='ltr' id='par_1_81' title="bbox 2176 3928 3767 4024">
     <span class='ocr_line' id='line_1_81' title="bbox 2176 3928 3767 4024; baseline 0.002 -23"><span class='ocrx_word' id='word_1_675' title='bbox 2176 3964 2286 4012; x_wconf 90' lang='grc' dir='ltr'>τος.</span> <span class='ocrx_word' id='word_1_676' title='bbox 2320 3949 2469 4021; x_wconf 85' lang='grc' dir='ltr'>Μήτι</span> <span class='ocrx_word' id='word_1_677' title='bbox 2498 3949 2561 4003; x_wconf 85' lang='grc' dir='ltr'><strong>οὐ</strong></span> <span class='ocrx_word' id='word_1_678' title='bbox 2602 3948 2745 4004; x_wconf 86' lang='grc' dir='ltr'>κατὰ</span> <span class='ocrx_word' id='word_1_679' title='bbox 2771 3950 3026 4022; x_wconf 88' lang='grc' dir='ltr'>στέρησιν</span> <span class='ocrx_word' id='word_1_680' title='bbox 3056 3928 3255 4023; x_wconf 37' lang='grc' dir='ltr'>’χρόνου</span> <span class='ocrx_word' id='word_1_681' title='bbox 3288 3950 3490 4024; x_wconf 82' lang='grc' dir='ltr'>ἄχρονα</span> <span class='ocrx_word' id='word_1_682' title='bbox 3518 3928 3630 4021; x_wconf 66' lang='grc'><strong>(94)</strong></span> <span class='ocrx_word' id='word_1_683' title='bbox 3648 3928 3767 4005; x_wconf 40' lang='grc' dir='ltr'>’λέ-</span> 
     </span>
    </p>
   </div>
   <div class='ocr_carea' id='block_1_82' title="bbox 504 4028 2076 4111">
    <p class='ocr_par' dir='ltr' id='par_1_82' title="bbox 504 4028 2070 4099">
     <span class='ocr_line' id='line_1_82' title="bbox 504 4028 2070 4099; baseline 0.004 -17"><span class='ocrx_word' id='word_1_684' title='bbox 504 4040 619 4082; x_wconf 89' lang='lat' dir='ltr'><strong>non</strong></span> <span class='ocrx_word' id='word_1_685' title='bbox 669 4033 755 4082; x_wconf 90' lang='lat' dir='ltr'><strong>est</strong></span> <span class='ocrx_word' id='word_1_686' title='bbox 794 4042 995 4093; x_wconf 87' lang='lat' dir='ltr'><strong>causa,</strong></span> <span class='ocrx_word' id='word_1_687' title='bbox 1056 4028 1151 4084; x_wconf 89' lang='lat' dir='ltr'><strong>sed</strong></span> <span class='ocrx_word' id='word_1_688' title='bbox 1187 4028 1362 4084; x_wconf 87' lang='lat' dir='ltr'><strong>solum</strong></span> <span class='ocrx_word' id='word_1_689' title='bbox 1404 4028 1646 4099; x_wconf 87' lang='lat' dir='ltr'><strong>adjuvat.</strong></span> <span class='ocrx_word' id='word_1_690' title='bbox 1699 4028 1890 4085; x_wconf 89' lang='lat' dir='ltr'><strong>Omnis</strong></span> <span class='ocrx_word' id='word_1_691' title='bbox 1925 4035 2070 4088; x_wconf 92' lang='lat' dir='ltr'><strong>enim</strong></span> 
     </span>
    </p>
   </div>
   <div class='ocr_carea' id='block_1_83' title="bbox 2173 4028 3762 4111">
    <p class='ocr_par' dir='ltr' id='par_1_83' title="bbox 2177 4037 3762 4111">
     <span class='ocr_line' id='line_1_83' title="bbox 2177 4037 3762 4111; baseline 0.001 -20"><span class='ocrx_word' id='word_1_692' title='bbox 2177 4054 2334 4107; x_wconf 86' lang='grc' dir='ltr'>γεται</span> <span class='ocrx_word' id='word_1_693' title='bbox 2357 4037 2550 4104; x_wconf 80' lang='grc' dir='ltr'>ταῦτα,</span> <span class='ocrx_word' id='word_1_694' title='bbox 2578 4038 2714 4095; x_wconf 78' lang='grc' dir='ltr'>ἀλλὰ</span> <span class='ocrx_word' id='word_1_695' title='bbox 2735 4038 2879 4093; x_wconf 79' lang='grc' dir='ltr'>κατὰ</span> <span class='ocrx_word' id='word_1_696' title='bbox 2908 4039 3152 4110; x_wconf 79' lang='grc' dir='ltr'>μείωσιν,</span> <span class='ocrx_word' id='word_1_697' title='bbox 3173 4041 3251 4104; x_wconf 87' lang='grc' dir='ltr'>ὼς</span> <span class='ocrx_word' id='word_1_698' title='bbox 3269 4041 3362 4094; x_wconf 78' lang='grc' dir='ltr'>καὶ</span> <span class='ocrx_word' id='word_1_699' title='bbox 3381 4041 3443 4093; x_wconf 79' lang='grc' dir='ltr'><strong>τὸ</strong></span> <span class='ocrx_word' id='word_1_700' title='bbox 3468 4039 3762 4111; x_wconf 79' lang='grc' dir='ltr'>ἐξαίφνης,</span> 
     </span>
    </p>
   </div>
   <div class='ocr_carea' id='block_1_84' title="bbox 504 4122 2076 4204">
    <p class='ocr_par' dir='ltr' id='par_1_84' title="bbox 504 4122 2072 4197">
     <span class='ocr_line' id='line_1_84' title="bbox 504 4122 2072 4197; baseline 0.003 -18"><span class='ocrx_word' id='word_1_701' title='bbox 504 4137 676 4179; x_wconf 85' lang='lat' dir='ltr'><strong>causa</strong></span> <span class='ocrx_word' id='word_1_702' title='bbox 702 4122 1091 4180; x_wconf 85' lang='lat' dir='ltr'><strong>consideratur</strong></span> <span class='ocrx_word' id='word_1_703' title='bbox 1140 4124 1197 4178; x_wconf 92' lang='lat' dir='ltr'><strong>in</strong></span> <span class='ocrx_word' id='word_1_704' title='bbox 1237 4124 1468 4197; x_wconf 75' lang='lat' dir='ltr'><strong>agendo.</strong></span> <span class='ocrx_word' id='word_1_705' title='bbox 1490 4124 1736 4193; x_wconf 88' lang='lat' dir='ltr'><strong>Seipsam</strong></span> <span class='ocrx_word' id='word_1_706' title='bbox 1751 4135 1932 4182; x_wconf 90' lang='lat' dir='ltr'><strong>autem</strong></span> <span class='ocrx_word' id='word_1_707' title='bbox 1962 4144 2072 4184; x_wconf 90' lang='lat' dir='ltr'><strong>non</strong></span> 
     </span>
    </p>
   </div>
   <div class='ocr_carea' id='block_1_85' title="bbox 2173 4122 3764 4204">
    <p class='ocr_par' dir='ltr' id='par_1_85' title="bbox 2182 4130 3764 4204">
     <span class='ocr_line' id='line_1_85' title="bbox 2182 4130 3764 4204; baseline 0.001 -20"><span class='ocrx_word' id='word_1_708' title='bbox 2182 4130 2316 4201; x_wconf 86' lang='grc' dir='ltr'>μηδὲ</span> <span class='ocrx_word' id='word_1_709' title='bbox 2356 4131 2487 4185; x_wconf 80' lang='grc' dir='ltr'>αὐτὸ</span> <span class='ocrx_word' id='word_1_710' title='bbox 2525 4133 2693 4203; x_wconf 72' lang='grc' dir='ltr'>χωρὶς</span> <span class='ocrx_word' id='word_1_711' title='bbox 2737 4130 2928 4204; x_wconf 83' lang='grc' dir='ltr'>χρόνου</span> <span class='ocrx_word' id='word_1_712' title='bbox 2959 4133 3264 4202; x_wconf 83' lang='grc' dir='ltr'>γενόμενον.</span> <span class='ocrx_word' id='word_1_713' title='bbox 3301 4133 3417 4186; x_wconf 80' lang='grc' dir='ltr'><strong>Πᾶν</strong></span> <span class='ocrx_word' id='word_1_714' title='bbox 3457 4134 3631 4187; x_wconf 71' lang='grc' dir='ltr'>αἴτιον</span> <span class='ocrx_word' id='word_1_715' title='bbox 3675 4134 3764 4196; x_wconf 72' lang='grc' dir='ltr'>ὡς</span> 
     </span>
    </p>
   </div>
   <div class='ocr_carea' id='block_1_86' title="bbox 506 4212 2076 4298">
    <p class='ocr_par' dir='ltr' id='par_1_86' title="bbox 506 4212 2069 4288">
     <span class='ocr_line' id='line_1_86' title="bbox 506 4212 2069 4288; baseline 0.006 -22"><span class='ocrx_word' id='word_1_716' title='bbox 506 4212 701 4271; x_wconf 79' lang='lat' dir='ltr'><strong>fecerit</strong></span> <span class='ocrx_word' id='word_1_717' title='bbox 740 4222 887 4270; x_wconf 85' lang='lat' dir='ltr'><strong>terra</strong></span> <span class='ocrx_word' id='word_1_718' title='bbox 925 4235 939 4272; x_wconf 90' lang='lat'>:</span> <span class='ocrx_word' id='word_1_719' title='bbox 974 4229 1149 4287; x_wconf 88' lang='lat' dir='ltr'><strong>quare</strong></span> <span class='ocrx_word' id='word_1_720' title='bbox 1185 4229 1287 4270; x_wconf 89' lang='lat' dir='ltr'><strong>nec</strong></span> <span class='ocrx_word' id='word_1_721' title='bbox 1330 4213 1497 4270; x_wconf 81' lang='lat' dir='ltr'><strong>fuerit</strong></span> <span class='ocrx_word' id='word_1_722' title='bbox 1534 4229 1703 4271; x_wconf 82' lang='lat' dir='ltr'><strong>causa</strong></span> <span class='ocrx_word' id='word_1_723' title='bbox 1746 4218 1832 4271; x_wconf 89' lang='lat' dir='ltr'><strong>sui</strong></span> <span class='ocrx_word' id='word_1_724' title='bbox 1874 4218 2069 4288; x_wconf 88' lang='lat' dir='ltr'><strong>ipsius.</strong></span> 
     </span>
    </p>
   </div>
   <div class='ocr_carea' id='block_1_87' title="bbox 2173 4212 3761 4298">
    <p class='ocr_par' dir='ltr' id='par_1_87' title="bbox 2178 4222 3761 4298">
     <span class='ocr_line' id='line_1_87' title="bbox 2178 4222 3761 4298; baseline 0.004 -23"><span class='ocrx_word' id='word_1_725' title='bbox 2178 4222 2349 4277; x_wconf 73' lang='grc' dir='ltr'>αἴτιον</span> <span class='ocrx_word' id='word_1_726' title='bbox 2380 4226 2587 4298; x_wconf 74' lang='grc' dir='ltr'>διανοίᾳ</span> <span class='ocrx_word' id='word_1_727' title='bbox 2612 4225 2815 4297; x_wconf 80' lang='grc' dir='ltr'>ληπτὸν</span> <span class='ocrx_word' id='word_1_728' title='bbox 2833 4226 3088 4297; x_wconf 89' lang='grc' dir='ltr'>τυγχάνει</span> <span class='ocrx_word' id='word_1_729' title='bbox 3118 4227 3210 4280; x_wconf 80' lang='grc' dir='ltr'><strong>ἐπί</strong></span> <span class='ocrx_word' id='word_1_730' title='bbox 3240 4244 3401 4293; x_wconf 89' lang='grc' dir='ltr'>τινος,</span> <span class='ocrx_word' id='word_1_731' title='bbox 3426 4227 3520 4280; x_wconf 79' lang='grc' dir='ltr'><strong>καὶ</strong></span> <span class='ocrx_word' id='word_1_732' title='bbox 3537 4226 3680 4295; x_wconf 75' lang='grc' dir='ltr'>πρός</span> <span class='ocrx_word' id='word_1_733' title='bbox 3695 4243 3761 4281; x_wconf 79' lang='grc' dir='ltr'><strong>τι</strong></span> 
     </span>
    </p>
   </div>
   <div class='ocr_carea' id='block_1_88' title="bbox 505 4304 2076 4392">
    <p class='ocr_par' dir='ltr' id='par_1_88' title="bbox 505 4304 2070 4377">
     <span class='ocr_line' id='line_1_88' title="bbox 505 4304 2070 4377; baseline 0.004 -17"><span class='ocrx_word' id='word_1_734' title='bbox 505 4304 821 4362; x_wconf 80' lang='lat' dir='ltr'><strong>Ridiculum</strong></span> <span class='ocrx_word' id='word_1_735' title='bbox 848 4315 936 4363; x_wconf 91' lang='lat' dir='ltr'><strong>est</strong></span> <span class='ocrx_word' id='word_1_736' title='bbox 965 4315 1147 4363; x_wconf 89' lang='lat' dir='ltr'><strong>autem</strong></span> <span class='ocrx_word' id='word_1_737' title='bbox 1175 4306 1380 4370; x_wconf 88' lang='lat' dir='ltr'><strong>dicere,</strong></span> <span class='ocrx_word' id='word_1_738' title='bbox 1412 4306 1593 4377; x_wconf 75' lang='lat' dir='ltr'><strong>ignem</strong></span> <span class='ocrx_word' id='word_1_739' title='bbox 1638 4321 1747 4361; x_wconf 90' lang='lat' dir='ltr'><strong>non</strong></span> <span class='ocrx_word' id='word_1_740' title='bbox 1789 4322 1911 4364; x_wconf 87' lang='lat' dir='ltr'><strong>esse</strong></span> <span class='ocrx_word' id='word_1_741' title='bbox 1935 4325 2070 4367; x_wconf 83' lang='lat' dir='ltr'><strong>eau-</strong></span> 
     </span>
    </p>
   </div>
   <div class='ocr_carea' id='block_1_89' title="bbox 2173 4304 3761 4392">
    <p class='ocr_par' dir='ltr' id='par_1_89' title="bbox 2183 4319 3761 4392">
     <span class='ocr_line' id='line_1_89' title="bbox 2183 4319 3761 4392; baseline 0.004 -22"><span class='ocrx_word' id='word_1_742' title='bbox 2183 4320 2411 4371; x_wconf 77' lang='grc' dir='ltr'>νοεῖταιο</span> <span class='ocrx_word' id='word_1_743' title='bbox 2454 4319 2599 4384; x_wconf 77' lang='grc' dir='ltr'>τινος</span> <span class='ocrx_word' id='word_1_744' title='bbox 2651 4321 2832 4392; x_wconf 84' lang='grc' dir='ltr'>μέντοι</span> <span class='ocrx_word' id='word_1_745' title='bbox 2878 4321 3315 4392; x_wconf 80' lang='grc' dir='ltr'>ἀποτελέσματος</span> <span class='ocrx_word' id='word_1_746' title='bbox 3337 4337 3353 4351; x_wconf 75' lang='grc' dir='ltr'><strong>ο</strong></span> <span class='ocrx_word' id='word_1_747' title='bbox 3412 4319 3665 4390; x_wconf 80' lang='grc' dir='ltr'>καθάπερ</span> <span class='ocrx_word' id='word_1_748' title='bbox 3719 4323 3761 4391; x_wconf 80' lang='grc' dir='ltr'><strong>ἠ</strong></span> 
     </span>
    </p>
   </div>
   <div class='ocr_carea' id='block_1_90' title="bbox 504 4397 2076 4485">
    <p class='ocr_par' dir='ltr' id='par_1_90' title="bbox 504 4397 2070 4472">
     <span class='ocr_line' id='line_1_90' title="bbox 504 4397 2070 4472; baseline 0.003 -19"><span class='ocrx_word' id='word_1_749' title='bbox 504 4413 623 4454; x_wconf 80' lang='lat' dir='ltr'><strong>sam</strong></span> <span class='ocrx_word' id='word_1_750' title='bbox 674 4401 934 4467; x_wconf 86' lang='lat' dir='ltr'><strong>ustionis,</strong></span> <span class='ocrx_word' id='word_1_751' title='bbox 961 4400 1059 4456; x_wconf 90' lang='lat' dir='ltr'><strong>sed</strong></span> <span class='ocrx_word' id='word_1_752' title='bbox 1090 4400 1234 4472; x_wconf 69' lang='lat' dir='ltr'><strong>ligna</strong></span> <span class='ocrx_word' id='word_1_753' title='bbox 1266 4418 1280 4454; x_wconf 89' lang='lat'><strong>:</strong></span> <span class='ocrx_word' id='word_1_754' title='bbox 1310 4413 1487 4468; x_wconf 88' lang='lat' dir='ltr'><strong>neque</strong></span> <span class='ocrx_word' id='word_1_755' title='bbox 1512 4397 1750 4468; x_wconf 73' lang='lat' dir='ltr'><strong>gladium</strong></span> <span class='ocrx_word' id='word_1_756' title='bbox 1789 4402 2070 4468; x_wconf 86' lang='lat' dir='ltr'><strong>sectionis,</strong></span> 
     </span>
    </p>
   </div>
   <div class='ocr_carea' id='block_1_91' title="bbox 2173 4397 3765 4485">
    <p class='ocr_par' dir='ltr' id='par_1_91' title="bbox 2184 4409 3765 4485">
     <span class='ocr_line' id='line_1_91' title="bbox 2184 4409 3765 4485; baseline 0.002 -23"><span class='ocrx_word' id='word_1_757' title='bbox 2184 4409 2431 4482; x_wconf 86' lang='grc' dir='ltr'>μάχαιρα</span> <span class='ocrx_word' id='word_1_758' title='bbox 2455 4409 2550 4464; x_wconf 82' lang='grc' dir='ltr'><strong>τοῦ</strong></span> <span class='ocrx_word' id='word_1_759' title='bbox 2575 4411 2795 4484; x_wconf 88' lang='grc' dir='ltr'>τέμνειν</span> <span class='ocrx_word' id='word_1_760' title='bbox 2812 4428 2827 4443; x_wconf 81' lang='grc'>⁶</span> <span class='ocrx_word' id='word_1_761' title='bbox 2852 4413 2990 4485; x_wconf 81' lang='grc' dir='ltr'>πρός</span> <span class='ocrx_word' id='word_1_762' title='bbox 3010 4430 3115 4467; x_wconf 89' lang='grc' dir='ltr'>τινι</span> <span class='ocrx_word' id='word_1_763' title='bbox 3139 4412 3216 4476; x_wconf 80' lang='grc' dir='ltr'><strong>δὲ,</strong></span> <span class='ocrx_word' id='word_1_764' title='bbox 3247 4412 3497 4484; x_wconf 87' lang='grc' dir='ltr'>καθάπερ</span> <span class='ocrx_word' id='word_1_765' title='bbox 3525 4410 3606 4481; x_wconf 81' lang='grc' dir='ltr'>τῷ</span> <span class='ocrx_word' id='word_1_766' title='bbox 3634 4413 3765 4465; x_wconf 79' lang='grc' dir='ltr'>ἐπι-</span> 
     </span>
    </p>
   </div>
   <div class='ocr_carea' id='block_1_92' title="bbox 505 4487 2076 4575">
    <p class='ocr_par' dir='ltr' id='par_1_92' title="bbox 505 4490 2076 4565">
     <span class='ocr_line' id='line_1_92' title="bbox 505 4490 2076 4565; baseline 0.003 -17"><span class='ocrx_word' id='word_1_767' title='bbox 505 4492 605 4548; x_wconf 84' lang='lat' dir='ltr'><strong>sed</strong></span> <span class='ocrx_word' id='word_1_768' title='bbox 656 4507 877 4550; x_wconf 85' lang='lat' dir='ltr'><strong>carnem</strong></span> <span class='ocrx_word' id='word_1_769' title='bbox 905 4512 918 4548; x_wconf 91' lang='lat'><strong>:</strong></span> <span class='ocrx_word' id='word_1_770' title='bbox 976 4507 1153 4565; x_wconf 81' lang='lat' dir='ltr'><strong>neque</strong></span> <span class='ocrx_word' id='word_1_771' title='bbox 1177 4491 1322 4561; x_wconf 89' lang='lat' dir='ltr'><strong>quod</strong></span> <span class='ocrx_word' id='word_1_772' title='bbox 1355 4490 1536 4545; x_wconf 85' lang='lat' dir='ltr'><strong>vietus</strong></span> <span class='ocrx_word' id='word_1_773' title='bbox 1575 4490 1648 4546; x_wconf 90' lang='lat' dir='ltr'><strong>sit</strong></span> <span class='ocrx_word' id='word_1_774' title='bbox 1675 4490 1900 4559; x_wconf 85' lang='lat' dir='ltr'><strong>athleta,</strong></span> <span class='ocrx_word' id='word_1_775' title='bbox 1929 4494 2076 4552; x_wconf 86' lang='lat' dir='ltr'><strong>vires</strong></span> 
     </span>
    </p>
   </div>
   <div class='ocr_carea' id='block_1_93' title="bbox 2173 4487 3764 4575">
    <p class='ocr_par' dir='ltr' id='par_1_93' title="bbox 2180 4500 3764 4575">
     <span class='ocr_line' id='line_1_93' title="bbox 2180 4500 3764 4575; baseline 0 -22"><span class='ocrx_word' id='word_1_776' title='bbox 2180 4500 2405 4572; x_wconf 87' lang='grc' dir='ltr'>τηδειως</span> <span class='ocrx_word' id='word_1_777' title='bbox 2434 4500 2634 4573; x_wconf 77' lang='grc' dir='ltr'>ἔχοντι,</span> <span class='ocrx_word' id='word_1_778' title='bbox 2664 4502 2916 4575; x_wconf 79' lang='grc' dir='ltr'>καθάπερ</span> <span class='ocrx_word' id='word_1_779' title='bbox 2945 4502 3008 4557; x_wconf 82' lang='grc' dir='ltr'><strong>τὸ</strong></span> <span class='ocrx_word' id='word_1_780' title='bbox 3042 4502 3154 4574; x_wconf 78' lang='grc' dir='ltr'>πῦρ</span> <span class='ocrx_word' id='word_1_781' title='bbox 3182 4501 3261 4573; x_wconf 79' lang='grc' dir='ltr'>τῷ</span> <span class='ocrx_word' id='word_1_782' title='bbox 3292 4500 3463 4573; x_wconf 80' lang='grc' dir='ltr'>ξύλῳ·</span> <span class='ocrx_word' id='word_1_783' title='bbox 3506 4500 3599 4553; x_wconf 74' lang='grc' dir='ltr'>τὸν</span> <span class='ocrx_word' id='word_1_784' title='bbox 3625 4500 3764 4553; x_wconf 77' lang='grc' dir='ltr'>ἀδά-</span> 
     </span>
    </p>
   </div>
   <div class='ocr_carea' id='block_1_94' title="bbox 504 4579 2076 4665">
    <p class='ocr_par' dir='ltr' id='par_1_94' title="bbox 504 4579 2075 4655">
     <span class='ocr_line' id='line_1_94' title="bbox 504 4579 2075 4655; baseline 0.003 -19"><span class='ocrx_word' id='word_1_785' title='bbox 504 4581 842 4649; x_wconf 83' lang='lat' dir='ltr'><strong>adversarii,</strong></span> <span class='ocrx_word' id='word_1_786' title='bbox 881 4584 978 4640; x_wconf 88' lang='lat' dir='ltr'><strong>sed</strong></span> <span class='ocrx_word' id='word_1_787' title='bbox 1020 4598 1175 4639; x_wconf 88' lang='lat' dir='ltr'><strong>suam</strong></span> <span class='ocrx_word' id='word_1_788' title='bbox 1221 4579 1669 4636; x_wconf 87' lang='lat' dir='ltr'><strong>imbecillitatem.</strong></span> <span class='ocrx_word' id='word_1_789' title='bbox 1696 4580 1874 4637; x_wconf 84' lang='lat' dir='ltr'><strong>Causa</strong></span> <span class='ocrx_word' id='word_1_790' title='bbox 1914 4599 2075 4655; x_wconf 89' lang='lat' dir='ltr'><strong>syne-</strong></span> 
     </span>
    </p>
   </div>
   <div class='ocr_carea' id='block_1_95' title="bbox 2173 4579 3764 4665">
    <p class='ocr_par' dir='ltr' id='par_1_95' title="bbox 2186 4589 3764 4665">
     <span class='ocr_line' id='line_1_95' title="bbox 2186 4589 3764 4665; baseline 0.003 -23"><span class='ocrx_word' id='word_1_791' title='bbox 2186 4606 2358 4661; x_wconf 85' lang='grc' dir='ltr'>μαντα</span> <span class='ocrx_word' id='word_1_792' title='bbox 2371 4589 2480 4663; x_wconf 83' lang='grc'><strong>(95)</strong></span> <span class='ocrx_word' id='word_1_793' title='bbox 2494 4592 2604 4665; x_wconf 81' lang='grc' dir='ltr'>γὰρ</span> <span class='ocrx_word' id='word_1_794' title='bbox 2622 4593 2685 4647; x_wconf 86' lang='grc' dir='ltr'><strong>οὐ</strong></span> <span class='ocrx_word' id='word_1_795' title='bbox 2710 4592 2922 4648; x_wconf 87' lang='grc' dir='ltr'>καύσει.</span> <span class='ocrx_word' id='word_1_796' title='bbox 2944 4592 3019 4647; x_wconf 83' lang='grc' dir='ltr'><strong>Τὸ</strong></span> <span class='ocrx_word' id='word_1_797' title='bbox 3044 4594 3214 4647; x_wconf 66' lang='grc' dir='ltr'>αἴτιον</span> <span class='ocrx_word' id='word_1_798' title='bbox 3228 4592 3339 4646; x_wconf 87' lang='grc' dir='ltr'>τῶν</span> <span class='ocrx_word' id='word_1_799' title='bbox 3363 4591 3499 4664; x_wconf 85' lang='grc' dir='ltr'>πρός</span> <span class='ocrx_word' id='word_1_800' title='bbox 3516 4607 3591 4643; x_wconf 69' lang='grc' dir='ltr'>τι*</span> <span class='ocrx_word' id='word_1_801' title='bbox 3613 4590 3764 4646; x_wconf 75' lang='grc' dir='ltr'>κατὰ</span> 
     </span>
    </p>
   </div>
   <div class='ocr_carea' id='block_1_96' title="bbox 503 4674 2076 4757">
    <p class='ocr_par' dir='ltr' id='par_1_96' title="bbox 503 4674 2076 4746">
     <span class='ocr_line' id='line_1_96' title="bbox 503 4674 2076 4746; baseline 0.003 -18"><span class='ocrx_word' id='word_1_802' title='bbox 503 4674 648 4731; x_wconf 87' lang='lat' dir='ltr'><strong>ctica</strong></span> <span class='ocrx_word' id='word_1_803' title='bbox 683 4691 794 4732; x_wconf 89' lang='lat' dir='ltr'><strong>non</strong></span> <span class='ocrx_word' id='word_1_804' title='bbox 838 4690 977 4746; x_wconf 90' lang='lat' dir='ltr'><strong>opus</strong></span> <span class='ocrx_word' id='word_1_805' title='bbox 1003 4674 1169 4730; x_wconf 85' lang='lat' dir='ltr'><strong>habet</strong></span> <span class='ocrx_word' id='word_1_806' title='bbox 1195 4682 1476 4743; x_wconf 88' lang='lat' dir='ltr'><strong>tempore:</strong></span> <span class='ocrx_word' id='word_1_807' title='bbox 1516 4688 1641 4728; x_wconf 87' lang='lat' dir='ltr'><strong>nam</strong></span> <span class='ocrx_word' id='word_1_808' title='bbox 1668 4674 1972 4730; x_wconf 89' lang='lat' dir='ltr'><strong>cauterium</strong></span> <span class='ocrx_word' id='word_1_809' title='bbox 1999 4677 2076 4732; x_wconf 90' lang='lat' dir='ltr'><strong>si-</strong></span> 
     </span>
    </p>
   </div>
   <div class='ocr_carea' id='block_1_97' title="bbox 2173 4674 3762 4757">
    <p class='ocr_par' dir='ltr' id='par_1_97' title="bbox 2180 4680 3762 4757">
     <span class='ocr_line' id='line_1_97' title="bbox 2180 4680 3762 4757; baseline 0 -22"><span class='ocrx_word' id='word_1_810' title='bbox 2180 4680 2289 4753; x_wconf 85' lang='grc' dir='ltr'>γὰρ</span> <span class='ocrx_word' id='word_1_811' title='bbox 2312 4682 2411 4754; x_wconf 81' lang='grc' dir='ltr'><strong>τὴν</strong></span> <span class='ocrx_word' id='word_1_812' title='bbox 2439 4683 2574 4755; x_wconf 81' lang='grc' dir='ltr'>πρὸς</span> <span class='ocrx_word' id='word_1_813' title='bbox 2607 4684 2794 4757; x_wconf 73' lang='grc' dir='ltr'>ἕτερον</span> <span class='ocrx_word' id='word_1_814' title='bbox 2822 4688 3021 4739; x_wconf 85' lang='grc' dir='ltr'>νοεῖται</span> <span class='ocrx_word' id='word_1_815' title='bbox 3050 4685 3259 4757; x_wconf 79' lang='grc' dir='ltr'>σχέσιν⁶</span> <span class='ocrx_word' id='word_1_816' title='bbox 3294 4682 3606 4737; x_wconf 76' lang='grc' dir='ltr'>ὦστεδυεῖν</span> <span class='ocrx_word' id='word_1_817' title='bbox 3632 4684 3762 4735; x_wconf 85' lang='grc' dir='ltr'>ἐπι-</span> 
     </span>
    </p>
   </div>
   <div class='ocr_carea' id='block_1_98' title="bbox 504 4765 2076 4846">
    <p class='ocr_par' dir='ltr' id='par_1_98' title="bbox 504 4765 2071 4837">
     <span class='ocr_line' id='line_1_98' title="bbox 504 4765 2071 4837; baseline 0.003 -15"><span class='ocrx_word' id='word_1_818' title='bbox 504 4766 619 4823; x_wconf 89' lang='lat' dir='ltr'><strong>mul</strong></span> <span class='ocrx_word' id='word_1_819' title='bbox 673 4783 738 4826; x_wconf 88' lang='lat' dir='ltr'><strong>ac</strong></span> <span class='ocrx_word' id='word_1_820' title='bbox 780 4768 937 4823; x_wconf 85' lang='lat' dir='ltr'><strong>carni</strong></span> <span class='ocrx_word' id='word_1_821' title='bbox 966 4766 1132 4822; x_wconf 74' lang='lat' dir='ltr'><strong>fuerit</strong></span> <span class='ocrx_word' id='word_1_822' title='bbox 1176 4765 1528 4836; x_wconf 78' lang='lat' dir='ltr'><strong>applicatum,</strong></span> <span class='ocrx_word' id='word_1_823' title='bbox 1573 4766 1778 4837; x_wconf 65' lang='lat' dir='ltr'><strong>prabet</strong></span> <span class='ocrx_word' id='word_1_824' title='bbox 1804 4767 2071 4826; x_wconf 87' lang='lat' dir='ltr'><strong>dolorem.</strong></span> 
     </span>
    </p>
   </div>
   <div class='ocr_carea' id='block_1_99' title="bbox 2173 4765 3762 4846">
    <p class='ocr_par' dir='ltr' id='par_1_99' title="bbox 2182 4771 3762 4846">
     <span class='ocr_line' id='line_1_99' title="bbox 2182 4771 3762 4846; baseline 0 -21"><span class='ocrx_word' id='word_1_825' title='bbox 2182 4771 2464 4844; x_wconf 73' lang='grc' dir='ltr'>ϐάλλομεν,</span> <span class='ocrx_word' id='word_1_826' title='bbox 2484 4774 2584 4829; x_wconf 81' lang='grc' dir='ltr'><strong>ῖνα</strong></span> <span class='ocrx_word' id='word_1_827' title='bbox 2608 4775 2670 4828; x_wconf 77' lang='grc' dir='ltr'>τὸ</span> <span class='ocrx_word' id='word_1_828' title='bbox 2692 4776 2860 4830; x_wconf 74' lang='grc' dir='ltr'>αἴτιον</span> <span class='ocrx_word' id='word_1_829' title='bbox 2879 4774 2954 4840; x_wconf 81' lang='grc' dir='ltr'>ὡς</span> <span class='ocrx_word' id='word_1_830' title='bbox 2968 4774 3138 4829; x_wconf 79' lang='grc' dir='ltr'>αἴτιον</span> <span class='ocrx_word' id='word_1_831' title='bbox 3163 4774 3466 4846; x_wconf 82' lang='grc' dir='ltr'>νοήσωμεν.</span> <span class='ocrx_word' id='word_1_832' title='bbox 3506 4773 3565 4827; x_wconf 85' lang='lat'><strong>&#39;0</strong></span> <span class='ocrx_word' id='word_1_833' title='bbox 3587 4772 3762 4837; x_wconf 76' lang='grc' dir='ltr'>αὐτὸς</span> 
     </span>
    </p>
   </div>
   <div class='ocr_carea' id='block_1_100' title="bbox 580 4862 1940 5001">
    <p class='ocr_par' dir='ltr' id='par_1_100' title="bbox 580 4862 1940 5001">
     <span class='ocr_line' id='line_1_100' title="bbox 580 4862 1940 5001; baseline 0.003 -26"><span class='ocrx_word' id='word_1_834' title='bbox 580 4928 640 4987; x_wconf 77' lang='grc' dir='ltr'><strong>›Ῑ‹</strong></span> <span class='ocrx_word' id='word_1_835' title='bbox 683 4920 743 4978; x_wconf 86' lang='lat' dir='ltr'><strong>P.</strong></span> <span class='ocrx_word' id='word_1_836' title='bbox 786 4862 886 5001; x_wconf 51' lang='grc' dir='ltr'><strong>θέε</strong></span> <span class='ocrx_word' id='word_1_837' title='bbox 931 4919 1039 4975; x_wconf 80' lang='grc' dir='ltr'><strong>ΕΙ).</strong></span> <span class='ocrx_word' id='word_1_838' title='bbox 1081 4917 1379 4985; x_wconf 76' lang='lat' dir='ltr'><strong>POTTER,</strong></span> <span class='ocrx_word' id='word_1_839' title='bbox 1424 4921 1525 4977; x_wconf 85' lang='lat'><strong>785</strong></span> <span class='ocrx_word' id='word_1_840' title='bbox 1565 4919 1674 4975; x_wconf 83' lang='grc' dir='ltr'><strong>ΕΙ).</strong></span> <span class='ocrx_word' id='word_1_841' title='bbox 1715 4921 1940 4979; x_wconf 81' lang='lat' dir='ltr'><strong>PARIS.</strong></span> 
     </span>
    </p>
   </div>
   <div class='ocr_carea' id='block_1_101' title="bbox 580 5076 2078 5161">
    <p class='ocr_par' dir='ltr' id='par_1_101' title="bbox 580 5076 2078 5161">
     <span class='ocr_line' id='line_1_101' title="bbox 580 5076 2078 5161; baseline -0.001 -27"><span class='ocrx_word' id='word_1_842' title='bbox 580 5079 693 5151; x_wconf 75' lang='lat' dir='ltr'><strong>(9i)</strong></span> <span class='ocrx_word' id='word_1_843' title='bbox 731 5078 811 5133; x_wconf 79' lang='grc' dir='ltr'><strong>Δι’</strong></span> <span class='ocrx_word' id='word_1_844' title='bbox 858 5076 1089 5161; x_wconf 58' lang='lat' dir='ltr'><strong>5.“Flor.</strong></span> <span class='ocrx_word' id='word_1_845' title='bbox 1118 5078 1408 5161; x_wconf 70' lang='lat' dir='ltr'><strong>conjuncle</strong></span> <span class='ocrx_word' id='word_1_846' title='bbox 1431 5077 1530 5161; x_wconf 68' lang='grc' dir='ltr'>διό,</span> <span class='ocrx_word' id='word_1_847' title='bbox 1560 5078 1744 5161; x_wconf 64' lang='lat' dir='ltr'><strong>minus</strong></span> <span class='ocrx_word' id='word_1_848' title='bbox 1770 5080 2078 5161; x_wconf 55' lang='lat' dir='ltr'><strong>perspicue.</strong></span> 
     </span>
    </p>
   </div>
   <div class='ocr_carea' id='block_1_102' title="bbox 508 5147 2079 5220">
    <p class='ocr_par' dir='ltr' id='par_1_102' title="bbox 508 5147 2079 5220">
     <span class='ocr_line' id='line_1_102' title="bbox 508 5147 2079 5220; baseline -0.002 -15"><span class='ocrx_word' id='word_1_849' title='bbox 508 5147 611 5206; x_wconf 80' lang='lat' dir='ltr'><strong>llic</strong></span> <span class='ocrx_word' id='word_1_850' title='bbox 649 5147 839 5220; x_wconf 81' lang='lat' dir='ltr'><strong>autem</strong></span> <span class='ocrx_word' id='word_1_851' title='bbox 874 5147 1212 5220; x_wconf 71' lang='lat' dir='ltr'><strong>allusi0__est</strong></span> <span class='ocrx_word' id='word_1_852' title='bbox 1255 5147 1322 5203; x_wconf 90' lang='lat' dir='ltr'><strong>ad</strong></span> <span class='ocrx_word' id='word_1_853' title='bbox 1356 5151 1636 5220; x_wconf 78' lang='lat' dir='ltr'><strong>prologum</strong></span> <span class='ocrx_word' id='word_1_854' title='bbox 1686 5147 2079 5205; x_wconf 41' lang='lat' dir='ltr'><strong>Medea—Euri-</strong></span> 
     </span>
    </p>
   </div>
   <div class='ocr_carea' id='block_1_103' title="bbox 509 5216 2075 5344">
    <p class='ocr_par' dir='ltr' id='par_1_103' title="bbox 509 5216 2075 5344">
     <span class='ocr_line' id='line_1_103' title="bbox 550 5216 2075 5292; baseline 0.001 -18"><span class='ocrx_word' id='word_1_855' title='bbox 550 5220 704 5284; x_wconf 70' lang='lat' dir='ltr'><strong>ideae,</strong></span> <span class='ocrx_word' id='word_1_856' title='bbox 749 5218 841 5289; x_wconf 89' lang='lat' dir='ltr'><strong>qui</strong></span> <span class='ocrx_word' id='word_1_857' title='bbox 872 5216 1015 5286; x_wconf 84' lang='lat' dir='ltr'><strong>apud</strong></span> <span class='ocrx_word' id='word_1_858' title='bbox 1060 5216 1384 5274; x_wconf 83' lang='lat' dir='ltr'><strong>Ciceronem</strong></span> <span class='ocrx_word' id='word_1_859' title='bbox 1409 5216 1627 5291; x_wconf 79' lang='lat' dir='ltr'><strong>quoque</strong></span> <span class='ocrx_word' id='word_1_860' title='bbox 1652 5235 1946 5292; x_wconf 79' lang='lat' dir='ltr'><strong>expressus</strong></span> <span class='ocrx_word' id='word_1_861' title='bbox 1971 5227 2075 5275; x_wconf 84' lang='lat' dir='ltr'><strong>est.</strong></span> 
     </span>
     <span class='ocr_line' id='line_1_104' title="bbox 509 5238 2075 5344; baseline 0 0"><span class='ocrx_word' id='word_1_862' title='bbox 509 5238 815 5344; x_wconf 53' lang='lat' dir='ltr'><strong>ll))isoutatio</strong></span> <span class='ocrx_word' id='word_1_863' title='bbox 842 5287 909 5342; x_wconf 89' lang='lat' dir='ltr'><strong>de</strong></span> <span class='ocrx_word' id='word_1_864' title='bbox 941 5301 1109 5341; x_wconf 86' lang='lat' dir='ltr'><strong>causa</strong></span> <span class='ocrx_word' id='word_1_865' title='bbox 1149 5290 1504 5344; x_wconf 82' lang='lat' dir='ltr'><strong>prohibente.</strong></span> <span class='ocrx_word' id='word_1_866' title='bbox 1535 5307 1701 5344; x_wconf 81' lang='lat' dir='ltr'><strong>supra</strong></span> <span class='ocrx_word' id='word_1_867' title='bbox 1736 5298 1969 5344; x_wconf 84' lang='lat' dir='ltr'><strong>tractata</strong></span> <span class='ocrx_word' id='word_1_868' title='bbox 1998 5289 2075 5344; x_wconf 87' lang='lat' dir='ltr'><strong>la-</strong></span> 
     </span>
    </p>
   </div>
   <div class='ocr_carea' id='block_1_104' title="bbox 2185 5079 3760 5154">
    <p class='ocr_par' dir='ltr' id='par_1_104' title="bbox 2185 5079 3760 5154">
     <span class='ocr_line' id='line_1_105' title="bbox 2185 5079 3760 5154; baseline 0.007 -23"><span class='ocrx_word' id='word_1_869' title='bbox 2185 5079 2307 5154; x_wconf 79' lang='lat' dir='ltr'><strong>pit:</strong></span> <span class='ocrx_word' id='word_1_870' title='bbox 2339 5080 2405 5134; x_wconf 83' lang='lat' dir='ltr'><strong>l°-</strong></span> <span class='ocrx_word' id='word_1_871' title='bbox 2428 5080 2568 5154; x_wconf 67' lang='grc' dir='ltr'>κατὰ</span> <span class='ocrx_word' id='word_1_872' title='bbox 2602 5080 2855 5154; x_wconf 71' lang='grc' dir='ltr'>στέρησιν</span> <span class='ocrx_word' id='word_1_873' title='bbox 2883 5099 2897 5113; x_wconf 74' lang='grc' dir='ltr'><strong>ο</strong></span> <span class='ocrx_word' id='word_1_874' title='bbox 2931 5097 3032 5152; x_wconf 83' lang='lat' dir='ltr'><strong>pro</strong></span> <span class='ocrx_word' id='word_1_875' title='bbox 3057 5098 3117 5138; x_wconf 89' lang='lat' dir='ltr'><strong>re</strong></span> <span class='ocrx_word' id='word_1_876' title='bbox 3142 5098 3264 5154; x_wconf 70' lang='lat' dir='ltr'><strong>qua:</strong></span> <span class='ocrx_word' id='word_1_877' title='bbox 3296 5090 3543 5154; x_wconf 88' lang='lat' dir='ltr'><strong>tempore</strong></span> <span class='ocrx_word' id='word_1_878' title='bbox 3569 5093 3760 5151; x_wconf 78' lang='lat' dir='ltr'><strong>caret;</strong></span> 
     </span>
    </p>
   </div>
   <div class='ocr_carea' id='block_1_105' title="bbox 2186 5099 3760 5224">
    <p class='ocr_par' dir='ltr' id='par_1_105' title="bbox 2186 5099 3760 5224">
     <span class='ocr_line' id='line_1_106' title="bbox 2186 5099 3760 5204; baseline 0.004 -73"><span class='ocrx_word' id='word_1_879' title='bbox 2186 5099 2266 5148; x_wconf 82' lang='lat' dir='ltr'><strong>pu</strong></span> <span class='ocrx_word' id='word_1_880' title='bbox 2294 5099 2307 5133; x_wconf 88' lang='lat'>:</span> <span class='ocrx_word' id='word_1_881' title='bbox 2339 5099 2405 5134; x_wconf 74' lang='grc' dir='ltr'><strong>ιν·</strong></span> <span class='ocrx_word' id='word_1_882' title='bbox 2428 5099 2568 5134; x_wconf 82' lang='grc' dir='ltr'>κατα</span> <span class='ocrx_word' id='word_1_883' title='bbox 2602 5099 2855 5204; x_wconf 63' lang='grc' dir='ltr'>πειρησιν</span> <span class='ocrx_word' id='word_1_884' title='bbox 2883 5099 2897 5113; x_wconf 74' lang='grc' dir='ltr'><strong>ο</strong></span> <span class='ocrx_word' id='word_1_885' title='bbox 2931 5099 3032 5152; x_wconf 84' lang='lat' dir='ltr'><strong>pro</strong></span> <span class='ocrx_word' id='word_1_886' title='bbox 3057 5099 3117 5138; x_wconf 89' lang='lat' dir='ltr'><strong>re</strong></span> <span class='ocrx_word' id='word_1_887' title='bbox 3142 5099 3264 5154; x_wconf 74' lang='lat' dir='ltr'><strong>qua:</strong></span> <span class='ocrx_word' id='word_1_888' title='bbox 3296 5099 3543 5154; x_wconf 83' lang='lat' dir='ltr'><strong>tempore</strong></span> <span class='ocrx_word' id='word_1_889' title='bbox 3569 5099 3760 5151; x_wconf 78' lang='lat' dir='ltr'><strong>caret;</strong></span> 
     </span>
     <span class='ocr_line' id='line_1_107' title="bbox 2186 5150 3760 5224; baseline 0.003 -20"><span class='ocrx_word' id='word_1_890' title='bbox 2186 5150 2496 5217; x_wconf 89' lang='lat' dir='ltr'><strong>cujusmodi</strong></span> <span class='ocrx_word' id='word_1_891' title='bbox 2545 5160 2631 5206; x_wconf 90' lang='lat' dir='ltr'><strong>est</strong></span> <span class='ocrx_word' id='word_1_892' title='bbox 2690 5223 2695 5224; x_wconf 14' lang='grc' dir='ltr'>ί</span> <span class='ocrx_word' id='word_1_893' title='bbox 2728 5169 2849 5216; x_wconf 87' lang='lat' dir='ltr'><strong>eus,</strong></span> <span class='ocrx_word' id='word_1_894' title='bbox 2904 5159 3176 5221; x_wconf 61' lang='lat' dir='ltr'><strong>aeternus;</strong></span> <span class='ocrx_word' id='word_1_895' title='bbox 3208 5153 3268 5207; x_wconf 76' lang='lat'><strong>2&#39;</strong></span> <span class='ocrx_word' id='word_1_896' title='bbox 3312 5154 3455 5224; x_wconf 72' lang='grc' dir='ltr'>κατὰ</span> <span class='ocrx_word' id='word_1_897' title='bbox 3492 5154 3760 5224; x_wconf 83' lang='grc' dir='ltr'>μείωσιν·</span> 
     </span>
    </p>
   </div>
   <div class='ocr_carea' id='block_1_106' title="bbox 2186 5223 3761 5293">
    <p class='ocr_par' dir='ltr' id='par_1_106' title="bbox 2186 5223 3761 5293">
     <span class='ocr_line' id='line_1_108' title="bbox 2186 5223 3761 5293; baseline 0.004 -21"><span class='ocrx_word' id='word_1_898' title='bbox 2186 5235 2287 5293; x_wconf 84' lang='lat' dir='ltr'><strong>pro</strong></span> <span class='ocrx_word' id='word_1_899' title='bbox 2342 5234 2398 5274; x_wconf 91' lang='lat' dir='ltr'><strong>re</strong></span> <span class='ocrx_word' id='word_1_900' title='bbox 2443 5236 2565 5288; x_wconf 68' lang='lat' dir='ltr'><strong>quae</strong></span> <span class='ocrx_word' id='word_1_901' title='bbox 2615 5223 2873 5293; x_wconf 75' lang='lat' dir='ltr'><strong>exiguum</strong></span> <span class='ocrx_word' id='word_1_902' title='bbox 2916 5232 3128 5293; x_wconf 87' lang='lat' dir='ltr'><strong>tempus</strong></span> <span class='ocrx_word' id='word_1_903' title='bbox 3179 5224 3362 5293; x_wconf 87' lang='lat' dir='ltr'><strong>durat.</strong></span> <span class='ocrx_word' id='word_1_904' title='bbox 3418 5223 3539 5289; x_wconf 86' lang='lat' dir='ltr'><strong>Quo</strong></span> <span class='ocrx_word' id='word_1_905' title='bbox 3588 5241 3761 5280; x_wconf 85' lang='lat' dir='ltr'><strong>sensu</strong></span> 
     </span>
    </p>
   </div>
   <div class='ocr_carea' id='block_1_107' title="bbox 556 5287 3760 5412">
    <p class='ocr_par' dir='ltr' id='par_1_107' title="bbox 556 5287 3760 5412">
     <span class='ocr_line' id='line_1_109' title="bbox 556 5287 3760 5412; baseline 0.001 -67"><span class='ocrx_word' id='word_1_906' title='bbox 556 5287 815 5360; x_wconf 85' lang='lat' dir='ltr'><strong>isputatio</strong></span> <span class='ocrx_word' id='word_1_907' title='bbox 842 5287 915 5370; x_wconf 76' lang='lat' dir='ltr'><strong>de</strong></span> <span class='ocrx_word' id='word_1_908' title='bbox 941 5301 1109 5341; x_wconf 87' lang='lat' dir='ltr'><strong>causa</strong></span> <span class='ocrx_word' id='word_1_909' title='bbox 1149 5287 1471 5356; x_wconf 82' lang='lat' dir='ltr'><strong>prohibente</strong></span> <span class='ocrx_word' id='word_1_910' title='bbox 1489 5331 1504 5357; x_wconf 91' lang='lat'><strong>,</strong></span> <span class='ocrx_word' id='word_1_911' title='bbox 1535 5287 1701 5362; x_wconf 78' lang='lat' dir='ltr'><strong>supra</strong></span> <span class='ocrx_word' id='word_1_912' title='bbox 1724 5287 1969 5347; x_wconf 62' lang='lat' dir='ltr'><strong>tractata</strong></span> <span class='ocrx_word' id='word_1_913' title='bbox 1998 5289 2078 5345; x_wconf 85' lang='lat' dir='ltr'><strong>la-</strong></span> <span class='ocrx_word' id='word_1_914' title='bbox 2398 5292 2659 5412; x_wconf 65' lang='lat' dir='ltr'><strong>temgoris</strong></span> <span class='ocrx_word' id='word_1_915' title='bbox 2690 5287 2897 5377; x_wconf 65' lang='lat' dir='ltr'><strong>moram</strong></span> <span class='ocrx_word' id='word_1_916' title='bbox 2918 5287 3236 5379; x_wconf 45' lang='lat' dir='ltr'><strong>notat.&#39;Hoc</strong></span> <span class='ocrx_word' id='word_1_917' title='bbox 3259 5287 3565 5364; x_wconf 81' lang='lat' dir='ltr'><strong>Hesychius</strong></span> <span class='ocrx_word' id='word_1_918' title='bbox 3597 5302 3760 5378; x_wconf 69' lang='lat' dir='ltr'><strong>vocat</strong></span> 
     </span>
     <span class='ocr_line' id='line_1_110' title="bbox 556 5357 3760 5412; baseline 0 0"><span class='ocrx_word' id='word_1_919' title='bbox 556 5375 621 5412; x_wconf 86' lang='lat' dir='ltr'><strong>us</strong></span> <span class='ocrx_word' id='word_1_920' title='bbox 644 5377 699 5412; x_wconf 83' lang='grc' dir='ltr'><strong>ι).</strong></span> <span class='ocrx_word' id='word_1_921' title='bbox 727 5358 853 5412; x_wconf 70' lang='grc'><strong>154.</strong></span> <span class='ocrx_word' id='word_1_922' title='bbox 884 5357 1147 5412; x_wconf 69' lang='lat' dir='ltr'><strong>bunum.</strong></span> <span class='ocrx_word' id='word_1_923' title='bbox 2254 5377 2498 5412; x_wconf 82' lang='grc' dir='ltr'>γοονοτοι</span> <span class='ocrx_word' id='word_1_924' title='bbox 2537 5361 2613 5412; x_wconf 76' lang='grc' dir='ltr'>ἐς.</span> <span class='ocrx_word' id='word_1_925' title='bbox 2669 5379 2951 5412; x_wconf 76' lang='grc' dir='ltr'>συντοιιον.</span> <span class='ocrx_word' id='word_1_926' title='bbox 2988 5380 3122 5412; x_wconf 82' lang='grc' dir='ltr'>τανυ</span> <span class='ocrx_word' id='word_1_927' title='bbox 3150 5380 3164 5394; x_wconf 74' lang='grc' dir='ltr'><strong><em>ο</em></strong></span> <span class='ocrx_word' id='word_1_928' title='bbox 3213 5362 3365 5412; x_wconf 73' lang='grc' dir='ltr'>παρὰ</span> <span class='ocrx_word' id='word_1_929' title='bbox 3399 5364 3461 5412; x_wconf 83' lang='grc' dir='ltr'><strong>τὸ</strong></span> <span class='ocrx_word' id='word_1_930' title='bbox 3491 5364 3565 5412; x_wconf 76' lang='lat' dir='ltr'><strong>wh</strong></span> <span class='ocrx_word' id='word_1_931' title='bbox 3590 5381 3760 5412; x_wconf 77' lang='grc' dir='ltr'>τετρι-</span> 
     </span>
    </p>
   </div>
   <div class='ocr_carea' id='block_1_108' title="bbox 507 5357 3764 5446">
    <p class='ocr_par' dir='ltr' id='par_1_108' title="bbox 507 5357 3764 5446">
     <span class='ocr_line' id='line_1_111' title="bbox 507 5357 3764 5446; baseline 0 -31"><span class='ocrx_word' id='word_1_932' title='bbox 507 5357 699 5446; x_wconf 44' lang='lat' dir='ltr'><strong>tius‘p‘.</strong></span> <span class='ocrx_word' id='word_1_933' title='bbox 727 5358 853 5446; x_wconf 49' lang='lat'><strong>1‘34.</strong></span> <span class='ocrx_word' id='word_1_934' title='bbox 884 5357 1167 5446; x_wconf 44' lang='lat'><strong>52!.8036.‘</strong></span> <span class='ocrx_word' id='word_1_935' title='bbox 1298 5428 1312 5446; x_wconf 32' lang='grc' dir='ltr'><strong>ι</strong></span> <span class='ocrx_word' id='word_1_936' title='bbox 1449 5430 1459 5446; x_wconf 45' lang='lat'><em>‘</em></span> <span class='ocrx_word' id='word_1_937' title='bbox 1558 5431 1580 5446; x_wconf 43' lang='grc' dir='ltr'><strong><em>ν</em></strong></span> <span class='ocrx_word' id='word_1_938' title='bbox 1604 5357 1621 5362; x_wconf 69' lang='grc'>⁷</span> <span class='ocrx_word' id='word_1_939' title='bbox 1772 5430 1834 5446; x_wconf 52' lang='grc' dir='ltr'>ψ</span> <span class='ocrx_word' id='word_1_940' title='bbox 1858 5430 1871 5446; x_wconf 48' lang='grc'><strong>1</strong></span> <span class='ocrx_word' id='word_1_941' title='bbox 2185 5357 2613 5446; x_wconf 51' lang='grc' dir='ltr'>ᾉχρονοτριόὲς,</span> <span class='ocrx_word' id='word_1_942' title='bbox 2669 5361 2953 5446; x_wconf 56' lang='grc' dir='ltr'>σύντομον,</span> <span class='ocrx_word' id='word_1_943' title='bbox 2988 5363 3164 5446; x_wconf 52' lang='grc' dir='ltr'>ταχύς</span> <span class='ocrx_word' id='word_1_944' title='bbox 3213 5357 3461 5446; x_wconf 46' lang='lat' dir='ltr'><strong>napi-“ro</strong></span> <span class='ocrx_word' id='word_1_945' title='bbox 3490 5364 3566 5436; x_wconf 78' lang='grc' dir='ltr'>μὴ</span> <span class='ocrx_word' id='word_1_946' title='bbox 3581 5365 3764 5446; x_wconf 57' lang='grc' dir='ltr'>Ξετρίτ</span> 
     </span>
    </p>
   </div>
   <div class='ocr_carea' id='block_1_109' title="bbox 581 5377 3758 5525">
    <p class='ocr_par' dir='ltr' id='par_1_109' title="bbox 581 5377 3758 5525">
     <span class='ocr_line' id='line_1_112' title="bbox 581 5377 3758 5444; baseline 0.001 -30"><span class='ocrx_word' id='word_1_947' title='bbox 581 5377 621 5414; x_wconf 87' lang='lat' dir='ltr'><strong>Is</strong></span> <span class='ocrx_word' id='word_1_948' title='bbox 683 5398 699 5412; x_wconf 92' lang='lat'><strong>.</strong></span> <span class='ocrx_word' id='word_1_949' title='bbox 727 5377 853 5412; x_wconf 61' lang='grc' dir='ltr'>τοι.</span> <span class='ocrx_word' id='word_1_950' title='bbox 884 5377 1147 5413; x_wconf 69' lang='lat' dir='ltr'><strong>annuus.</strong></span> <span class='ocrx_word' id='word_1_951' title='bbox 2209 5377 2613 5433; x_wconf 71' lang='grc' dir='ltr'>Αχρονοτριοες,</span> <span class='ocrx_word' id='word_1_952' title='bbox 2669 5379 2953 5434; x_wconf 88' lang='grc' dir='ltr'>συντομον,</span> <span class='ocrx_word' id='word_1_953' title='bbox 2988 5377 3122 5434; x_wconf 82' lang='grc' dir='ltr'>ταχυ</span> <span class='ocrx_word' id='word_1_954' title='bbox 3135 5380 3164 5435; x_wconf 48' lang='grc'>,⁸</span> <span class='ocrx_word' id='word_1_955' title='bbox 3213 5377 3365 5435; x_wconf 78' lang='grc' dir='ltr'>παρα</span> <span class='ocrx_word' id='word_1_956' title='bbox 3399 5377 3461 5416; x_wconf 86' lang='grc' dir='ltr'><strong>το</strong></span> <span class='ocrx_word' id='word_1_957' title='bbox 3490 5377 3566 5436; x_wconf 81' lang='grc' dir='ltr'><strong>μη</strong></span> <span class='ocrx_word' id='word_1_958' title='bbox 3590 5377 3758 5444; x_wconf 72' lang='grc' dir='ltr'>τετρι-</span> 
     </span>
     <span class='ocr_line' id='line_1_113' title="bbox 581 5377 3758 5525; baseline 0 0"><span class='ocrx_word' id='word_1_959' title='bbox 581 5377 1467 5525; x_wconf 55' lang='grc' dir='ltr'><strong>(εξξ)η9,ιξιῖέέ²1ξτίῖέ..θέν.ῑτέοητδ</strong></span> <span class='ocrx_word' id='word_1_960' title='bbox 1515 5431 1727 5486; x_wconf 76' lang='grc' dir='ltr'><strong>αττιον·</strong></span> <span class='ocrx_word' id='word_1_961' title='bbox 1772 5430 1907 5487; x_wconf 74' lang='grc' dir='ltr'>νίάε</span> <span class='ocrx_word' id='word_1_962' title='bbox 1952 5446 2073 5500; x_wconf 57' lang='lat' dir='ltr'><strong>quae</strong></span> <span class='ocrx_word' id='word_1_963' title='bbox 2185 5429 2349 5525; x_wconf 57' lang='lat' dir='ltr'><strong>3P9}:</strong></span> <span class='ocrx_word' id='word_1_964' title='bbox 2371 5432 2692 5525; x_wconf 51' lang='lat' dir='ltr'><strong>‘2’..-2€?“i‘£’:</strong></span> <span class='ocrx_word' id='word_1_965' title='bbox 2726 5432 3000 5525; x_wconf 50' lang='lat' dir='ltr'><strong>tam?</strong></span> <span class='ocrx_word' id='word_1_966' title='bbox 3037 5433 3758 5525; x_wconf 48' lang='grc' dir='ltr'><strong>πξλὺγ-,διεῖείέφξευηθξὲ</strong></span> 
     </span>
    </p>
   </div>
   <div class='ocr_carea' id='block_1_110' title="bbox 508 5498 2076 5576">
    <p class='ocr_par' dir='ltr' id='par_1_110' title="bbox 508 5498 1987 5576">
     <span class='ocr_line' id='line_1_114' title="bbox 508 5498 1987 5576; baseline 0.002 -23"><span class='ocrx_word' id='word_1_967' title='bbox 508 5498 684 5576; x_wconf 62' lang='lat' dir='ltr'><strong>paulo</strong></span> <span class='ocrx_word' id='word_1_968' title='bbox 708 5507 833 5576; x_wconf 78' lang='lat' dir='ltr'><strong>post</strong></span> <span class='ocrx_word' id='word_1_969' title='bbox 860 5507 1191 5576; x_wconf 65' lang='lat' dir='ltr'><strong>sequuntur1</strong></span> <span class='ocrx_word' id='word_1_970' title='bbox 1213 5498 1436 5576; x_wconf 55' lang='lat' dir='ltr'><strong>Low-ra.</strong></span> <span class='ocrx_word' id='word_1_971' title='bbox 1698 5569 1754 5576; x_wconf 24' lang='lat'><strong>_‘</strong></span> <span class='ocrx_word' id='word_1_972' title='bbox 1884 5570 1918 5576; x_wconf 90' lang='lat'><em>_</em></span> <span class='ocrx_word' id='word_1_973' title='bbox 1970 5498 1987 5500; x_wconf 69' lang='grc'><strong><em>“</em></strong></span> 
     </span>
    </p>
   </div>
   <div class='ocr_carea' id='block_1_111' title="bbox 2173 5498 3760 5576">
    <p class='ocr_par' dir='ltr' id='par_1_111' title="bbox 2185 5498 3760 5576">
     <span class='ocr_line' id='line_1_115' title="bbox 2185 5498 3760 5576; baseline -0.001 -19"><span class='ocrx_word' id='word_1_974' title='bbox 2185 5516 2351 5576; x_wconf 80' lang='lat' dir='ltr'><strong>sensu</strong></span> <span class='ocrx_word' id='word_1_975' title='bbox 2402 5498 2542 5555; x_wconf 72' lang='grc' dir='ltr'><strong>Μεῶ</strong></span> <span class='ocrx_word' id='word_1_976' title='bbox 2592 5498 2714 5572; x_wconf 64' lang='grc' dir='ltr'>εὶρ.</span> <span class='ocrx_word' id='word_1_977' title='bbox 2748 5498 3003 5573; x_wconf 55' lang='grc' dir='ltr'>ἄχρονον,</span> <span class='ocrx_word' id='word_1_978' title='bbox 3065 5505 3124 5558; x_wconf 75' lang='grc' dir='ltr'><strong>τὸ</strong></span> <span class='ocrx_word' id='word_1_979' title='bbox 3191 5505 3267 5576; x_wconf 81' lang='grc' dir='ltr'>μὴ</span> <span class='ocrx_word' id='word_1_980' title='bbox 3308 5498 3615 5575; x_wconf 64' lang='grc' dir='ltr'>ἀρξάμενον</span> <span class='ocrx_word' id='word_1_981' title='bbox 3662 5504 3760 5556; x_wconf 77' lang='grc' dir='ltr'>ἐπὶ</span> 
     </span>
    </p>
   </div>
   <div class='ocr_carea' id='block_1_112' title="bbox 580 5566 2076 5643">
    <p class='ocr_par' dir='ltr' id='par_1_112' title="bbox 580 5566 2076 5643">
     <span class='ocr_line' id='line_1_116' title="bbox 580 5566 2076 5643; baseline 0.001 -21"><span class='ocrx_word' id='word_1_982' title='bbox 580 5566 692 5638; x_wconf 79' lang='lat'><strong>(93)</strong></span> <span class='ocrx_word' id='word_1_983' title='bbox 712 5566 1313 5643; x_wconf 31' lang='lat' dir='ltr'><strong>‘quqxalawﬂﬁrm.</strong></span> <span class='ocrx_word' id='word_1_984' title='bbox 1373 5570 1480 5643; x_wconf 86' lang='lat' dir='ltr'><strong>Sic_</strong></span> <span class='ocrx_word' id='word_1_985' title='bbox 1501 5578 1651 5643; x_wconf 82' lang='lat' dir='ltr'><strong>recte</strong></span> <span class='ocrx_word' id='word_1_986' title='bbox 1698 5569 1843 5643; x_wconf 83' lang='lat' dir='ltr'><strong>Flor.</strong></span> <span class='ocrx_word' id='word_1_987' title='bbox 1884 5570 2076 5643; x_wconf 76' lang='lat' dir='ltr'><strong>Poste-</strong></span> 
     </span>
    </p>
   </div>
   <div class='ocr_carea' id='block_1_113' title="bbox 2173 5566 2395 5643">
    <p class='ocr_par' dir='ltr' id='par_1_113' title="bbox 2184 5572 2395 5643">
     <span class='ocr_line' id='line_1_117' title="bbox 2184 5572 2395 5643; baseline 0.009 -21"><span class='ocrx_word' id='word_1_988' title='bbox 2184 5572 2395 5643; x_wconf 86' lang='grc' dir='ltr'>χρόνου.</span> 
     </span>
    </p>
   </div>
   <div class='ocr_carea' id='block_1_114' title="bbox 509 5638 2076 5713">
    <p class='ocr_par' dir='ltr' id='par_1_114' title="bbox 509 5638 2074 5713">
     <span class='ocr_line' id='line_1_118' title="bbox 509 5638 2074 5713; baseline 0.002 -24"><span class='ocrx_word' id='word_1_989' title='bbox 509 5639 687 5713; x_wconf 70' lang='lat' dir='ltr'><strong>riqres</strong></span> <span class='ocrx_word' id='word_1_990' title='bbox 737 5638 1011 5696; x_wconf 88' lang='lat' dir='ltr'><strong>editiones</strong></span> <span class='ocrx_word' id='word_1_991' title='bbox 1060 5654 1345 5712; x_wconf 87' lang='lat' dir='ltr'><strong>perperam</strong></span> <span class='ocrx_word' id='word_1_992' title='bbox 1397 5640 1658 5694; x_wconf 82' lang='lat' dir='ltr'><strong>exhibent</strong></span> <span class='ocrx_word' id='word_1_993' title='bbox 1700 5642 1841 5694; x_wconf 77' lang='grc' dir='ltr'>κατὰ</span> <span class='ocrx_word' id='word_1_994' title='bbox 1878 5639 2074 5692; x_wconf 81' lang='grc' dir='ltr'>παλαι-</span> 
     </span>
    </p>
   </div>
   <div class='ocr_carea' id='block_1_115' title="bbox 2173 5638 3762 5713">
    <p class='ocr_par' dir='ltr' id='par_1_115' title="bbox 2184 5638 3762 5713">
     <span class='ocr_line' id='line_1_119' title="bbox 2184 5638 3762 5713; baseline -0.007 -4"><span class='ocrx_word' id='word_1_995' title='bbox 2184 5638 2369 5713; x_wconf 50' lang='grc' dir='ltr'><strong>ξ’(υξ)</strong></span> <span class='ocrx_word' id='word_1_996' title='bbox 2444 5639 2793 5713; x_wconf 51' lang='grc' dir='ltr'><strong>Ἀδάμανταζ</strong></span> <span class='ocrx_word' id='word_1_997' title='bbox 2842 5641 2918 5697; x_wconf 89' lang='lat' dir='ltr'><strong>De</strong></span> <span class='ocrx_word' id='word_1_998' title='bbox 2965 5644 3252 5700; x_wconf 87' lang='lat' dir='ltr'><strong>adamante</strong></span> <span class='ocrx_word' id='word_1_999' title='bbox 3308 5658 3496 5713; x_wconf 87' lang='lat' dir='ltr'><strong>super.</strong></span> <span class='ocrx_word' id='word_1_1000' title='bbox 3551 5643 3762 5700; x_wconf 84' lang='lat' dir='ltr'><strong>dictum</strong></span> 
     </span>
    </p>
   </div>
   <div class='ocr_carea' id='block_1_116' title="bbox 504 5706 2076 5783">
    <p class='ocr_par' dir='ltr' id='par_1_116' title="bbox 504 5706 2042 5783">
     <span class='ocr_line' id='line_1_120' title="bbox 504 5706 2042 5783; baseline 0.016 -25"><span class='ocrx_word' id='word_1_1001' title='bbox 504 5706 745 5783; x_wconf 36' lang='grc' dir='ltr'>σθῆγᾳιη</span> <span class='ocrx_word' id='word_1_1002' title='bbox 762 5781 767 5783; x_wconf 19' lang='grc' dir='ltr'><strong>Δ</strong></span> <span class='ocrx_word' id='word_1_1003' title='bbox 1057 5706 1079 5783; x_wconf 68' lang='lat'>:</span> <span class='ocrx_word' id='word_1_1004' title='bbox 1163 5706 1208 5783; x_wconf 43' lang='grc' dir='ltr'><strong>ἠ</strong></span> <span class='ocrx_word' id='word_1_1005' title='bbox 1251 5780 1260 5783; x_wconf 97' lang='lat'><em>_</em></span> <span class='ocrx_word' id='word_1_1006' title='bbox 1543 5780 1555 5783; x_wconf 92' lang='lat'>_</span> <span class='ocrx_word' id='word_1_1007' title='bbox 2036 5782 2042 5783; x_wconf 61' lang='lat'><strong><em>,</em></strong></span> 
     </span>
    </p>
   </div>
   <div class='ocr_carea' id='block_1_117' title="bbox 2173 5706 2886 5783">
    <p class='ocr_par' dir='ltr' id='par_1_117' title="bbox 2186 5706 2886 5783">
     <span class='ocr_line' id='line_1_121' title="bbox 2186 5706 2886 5783; baseline -0.003 -16"><span class='ocrx_word' id='word_1_1008' title='bbox 2186 5706 2297 5768; x_wconf 71' lang='lat' dir='ltr'><strong>Str.</strong></span> <span class='ocrx_word' id='word_1_1009' title='bbox 2331 5711 2381 5777; x_wconf 89' lang='lat'><strong>7,</strong></span> <span class='ocrx_word' id='word_1_1010' title='bbox 2421 5727 2474 5783; x_wconf 89' lang='lat' dir='ltr'><strong>p.</strong></span> <span class='ocrx_word' id='word_1_1011' title='bbox 2512 5706 2613 5768; x_wconf 69' lang='lat'><strong>759</strong></span> <span class='ocrx_word' id='word_1_1012' title='bbox 2642 5711 2731 5767; x_wconf 87' lang='lat' dir='ltr'><strong>ed.</strong></span> <span class='ocrx_word' id='word_1_1013' title='bbox 2761 5710 2886 5766; x_wconf 84' lang='lat' dir='ltr'><strong>Par.</strong></span> 
     </span>
    </p>
   </div>
   <div class='ocr_carea' id='block_1_118' title="bbox 579 5775 2072 5851">
    <p class='ocr_par' dir='ltr' id='par_1_118' title="bbox 579 5775 2072 5851">
     <span class='ocr_line' id='line_1_122' title="bbox 579 5775 2072 5851; baseline 0.001 -18"><span class='ocrx_word' id='word_1_1014' title='bbox 579 5775 690 5849; x_wconf 69' lang='lat'><strong>(94;</strong></span> <span class='ocrx_word' id='word_1_1015' title='bbox 723 5779 1000 5849; x_wconf 73' lang='grc' dir='ltr'>Ἀχρονα.</span> <span class='ocrx_word' id='word_1_1016' title='bbox 1052 5778 1266 5851; x_wconf 86' lang='lat' dir='ltr'><strong>Duplici</strong></span> <span class='ocrx_word' id='word_1_1017' title='bbox 1316 5794 1481 5836; x_wconf 85' lang='lat' dir='ltr'><strong>sensu</strong></span> <span class='ocrx_word' id='word_1_1018' title='bbox 1543 5780 1681 5835; x_wconf 84' lang='lat' dir='ltr'><strong>hanc</strong></span> <span class='ocrx_word' id='word_1_1019' title='bbox 1717 5795 1902 5835; x_wconf 79' lang='lat' dir='ltr'><strong>vocem</strong></span> <span class='ocrx_word' id='word_1_1020' title='bbox 1933 5782 2072 5835; x_wconf 83' lang='lat' dir='ltr'><strong>acci-</strong></span> 
     </span>
    </p>
   </div>
  </div>
