4016 6308
439 227 541 284 599

438 443 498 489 ut
529 438 579 492 ei
608 454 757 494 mors
785 440 997 495 accidat
1023 459 1039 509 ;
1072 442 1164 512 qui
1195 449 1375 498 autem
1405 444 1475 499 ab
1509 445 1628 516 ipso
1655 453 1738 501 est
1767 446 2008 502 vicissim

437 526 712 583 lethaliler
737 531 1038 594 sauciatus,
1092 548 1216 587 eum
1265 532 1510 589 vicissim
1554 551 1776 591 causam
1817 537 2009 592 habuit

439 634 548 675 non
585 636 682 692 per
729 621 784 676 id
834 638 944 692 quo
994 624 1043 678 ei
1075 622 1178 678 fuit
1200 640 1389 691 causa,
1420 627 1515 682 sed
1548 644 1644 699 per
1675 629 1822 684 aliud
1853 646 1865 681 :
1902 630 2006 700 ipsi

438 711 583 765 enim
633 710 692 766 ﬁt
739 728 907 768 causa
956 717 1183 783 mortis;
1236 733 1346 774 non
1373 727 1554 774 autem
1590 736 1739 777 mors
1778 725 2007 777 mortale

438 803 545 874 ipsi
594 805 793 863 vulnus
854 808 1096 863 vicissim
1154 812 1356 877 intulit,
1406 813 1501 869 sed
1548 814 1664 884 ipse
1707 816 2004 871 sauciatus.

438 895 620 962 Quare
653 896 769 966 ipse
797 897 1016 968 quidem
1043 898 1146 954 fuit
1174 902 1399 959 alterius
1423 920 1611 968 causa,
1637 906 1798 960 aliam
1827 915 2007 963 autem

436 1003 659 1044 causam
700 988 909 1045 habuit.
959 990 1027 1044 Et
1075 993 1177 1063 qui
1213 994 1305 1049 alii
1338 994 1465 1051 fecit
1504 998 1785 1066 injuriam,
1840 1014 2010 1055 causa

438 1082 655 1151 quidem
685 1093 768 1139 est
794 1085 1041 1149 alterius,
1068 1087 1232 1160 33a
1260 1105 1453 1159 nempe
1482 1092 1602 1162 ejus
1640 1095 1728 1149 cui
1765 1093 1907 1148 facta
1928 1102 2010 1150 est

439 1175 660 1247 injuria.
696 1176 805 1232 Lex
838 1185 1023 1233 autem
1053 1197 1174 1251 qua:
1208 1191 1399 1237 contra
1445 1183 1599 1253 jubet
1640 1200 1765 1241 eum
1795 1186 2008 1257 suppli-

440 1271 529 1324 cio
579 1269 740 1335 allici,
776 1286 886 1327 non
917 1270 1134 1340 injuria:
1166 1287 1230 1328 ac
1269 1274 1515 1329 maleﬁcii
1536 1318 1550 1341 ,
1583 1277 1677 1332 sed
1708 1277 1861 1333 alteri
1890 1279 2012 1349 qui-

438 1363 560 1417 dem
609 1363 882 1426 vindictae,
944 1365 1099 1420 alteri
1157 1379 1288 1420 vero
1334 1365 1637 1435 disciplinae.
1695 1383 1862 1424 causa
1904 1378 2007 1424 est.

441 1452 805 1520 Quamobrem
839 1471 946 1510 non
985 1465 1111 1511 sunt
1138 1456 1222 1511 sui
1255 1456 1487 1511 invicem
1514 1473 1696 1515 causa:
1721 1469 1781 1515 ut
1812 1476 2008 1525 causa,

439 1544 535 1601 sed
586 1547 676 1601 illa
717 1564 839 1619 quae
888 1565 1068 1606 causa:
1116 1560 1267 1608 sunt.
1321 1550 1592 1609 Praeterea
1652 1552 1914 1623 quaeritur
1942 1567 2011 1607 an

441 1637 611 1691 multa
673 1655 772 1709 per
819 1655 1175 1712 congressum
1204 1643 1335 1698 ﬁant
1382 1645 1569 1700 multa:
1614 1660 1793 1700 causa?
1826 1632 2007 1701 unius.

438 1728 728 1798 Conjuncti
789 1733 935 1787 enim
994 1734 1242 1791 homines
1299 1752 1481 1793 causae
1537 1748 1664 1794 sunt
1740 1746 1797 1792 ut
1855 1737 2011 1792 navis

439 1820 728 1888 trahatur;
776 1829 986 1880 lverum
1041 1840 1164 1880 cum
1222 1827 1386 1891 aliis,
1453 1829 1562 1885 nisi
1617 1844 1892 1886 coucausa
1941 1830 2012 1884 sit

438 1927 625 1967 causa.
685 1913 790 1968 Alii
852 1923 1032 1971 autem
1085 1918 1307 1987 dicunt,
1368 1921 1412 1974 si
1484 1923 1668 1977 multa:
1718 1928 1776 1987 is
1834 1938 2014 1980 causa:

440 2004 619 2068 ﬁunt,
683 2020 930 2061 seorsum
993 2023 1098 2063 una
1141 2017 1224 2064 est
1266 2012 1429 2067 unius
1481 2028 1682 2076 causa,
1732 2013 1897 2069 veluti
1955 2023 2014 2069 ut

438 2096 562 2166 quis
598 2095 670 2151 sit
704 2096 917 2163 beatus,
960 2101 1105 2170 quod
1154 2117 1321 2156 unum
1370 2111 1473 2167 est,
1509 2117 1690 2159 causa:
1727 2117 1857 2160 sunt
1898 2105 2008 2159 vir-

437 2195 615 2254 tutes,
661 2204 781 2260 qua:
812 2200 940 2246 sunt
988 2182 1205 2261 multa;
1254 2203 1309 2250 et
1358 2194 1476 2264 ejus
1514 2195 1659 2267 quod
1718 2204 1803 2252 est
1860 2196 2008 2252 cale-

438 2277 584 2357 ﬁeri,
615 2288 671 2336 et
699 2281 901 2346 dolere,
927 2286 1111 2340 multae
1140 2294 1268 2341 sunt
1326 2302 1510 2343 causa
1553 2278 1823 2344 similiter.
1862 2287 2011 2344 Nun-

437 2372 567 2442 quid
590 2388 721 2443 ergo
743 2375 925 2431 multa:
951 2377 1179 2434 virtutes
1206 2390 1335 2435 sunt
1369 2396 1475 2435 una
1510 2388 1797 2452 potestate,
1818 2391 1871 2437 et
1893 2396 2014 2453 qua:

437 2463 787 2531 calefaciunt,
822 2477 876 2523 et
903 2468 1089 2526 dolore
1117 2470 1394 2528 alliciunt:
1423 2480 1477 2529 et
1514 2474 1803 2547 multitudo
1843 2474 2015 2529 virtu-

437 2566 554 2611 tum
584 2571 705 2627 quae
730 2566 814 2614 est
842 2577 1010 2615 unum
1038 2578 1256 2633 genere,
1311 2562 1370 2619 iit
1400 2581 1564 2622 causa
1600 2567 1784 2628 unius,
1819 2582 2013 2638 nempe

438 2655 500 2701 ut
550 2650 674 2719 quis
703 2649 776 2705 sit
805 2650 1037 2709 beatus?
1096 2651 1303 2710 Revera
1358 2664 1538 2711 autem
1605 2658 2013 2727 procatarctica:

438 2739 658 2809 quidem
687 2756 865 2798 causae
891 2750 1021 2798 sunt
1049 2745 1212 2802 unius
1238 2746 1422 2818 plures
1479 2756 1532 2803 et
1577 2764 1775 2819 genere
1797 2757 1849 2805 et
1890 2764 2013 2819 spe-

438 2833 556 2889 cie:
586 2841 641 2889 et
663 2851 860 2907 genere
888 2837 1129 2910 quidem,
1168 2846 1226 2893 ut
1256 2841 1549 2908 cujuslibet
1576 2841 1771 2905 morbi,
1823 2857 2010 2897 exem-

437 2925 512 2993 pli
551 2928 750 2994 gratia,
774 2930 946 2999 algor,
982 2930 1268 2994 resolutio,
1300 2932 1475 2992 labor.
1501 2932 1644 2988 mala
1707 2933 2008 3000 concoctio,

437 3017 674 3073 ebrietas
705 3037 718 3073 :
752 3020 935 3090 specie
965 3029 1145 3076 autem
1180 3021 1369 3079 febris.
1425 3023 1781 3080 Continemes
1829 3032 2007 3080 autem

436 3123 638 3173 causae,
671 3126 868 3180 genere
933 3113 1131 3181 solum,
1195 3129 1305 3169 non
1357 3114 1541 3170 itidem
1590 3117 1754 3171 etiam
1803 3117 2003 3187 specie.
2033 3134 2076 3194 ο

437 3197 575 3253 Nam
612 3207 674 3254 ut
703 3200 827 3272 quis
852 3201 978 3256 boni
1011 3203 1082 3257 sit
1133 3202 1338 3268 odoris,
1389 3204 1533 3275 quod
1576 3214 1662 3260 est
1710 3222 1877 3260 unum
1913 3222 2007 3275 ge-

438 3305 593 3355 nere,
626 3291 810 3347 multa:
832 3300 958 3348 sunt
987 3306 1167 3350 causai
1224 3294 1427 3364 specie,
1458 3303 1643 3366 utpote
1679 3298 1828 3358 thus.
1858 3314 2006 3364 rosa,

439 3395 656 3446 crocus,
690 3390 895 3456 styrax,
922 3386 1163 3457 myrrha,
1188 3394 1537 3457 unguentum.
1560 3386 1700 3444 Rosa
1730 3390 1873 3445 enim
1900 3407 2009 3445 non

438 3477 544 3530 erit
576 3475 713 3531 adeo
764 3477 1058 3543 odorifera,
1119 3485 1179 3531 ut
1226 3479 1468 3550 myrrha.
1522 3480 1667 3536 Idem
1723 3492 1902 3539 autem
1952 3486 2011 3541 ﬁt

340 3570 347 3577 λ
439 3582 606 3623 causa
639 3569 1061 3635 contrariorum,
1092 3570 1238 3641 quod
1292 3570 1588 3640 aliquando
1636 3572 1837 3628 accidit
1882 3589 2011 3645 pro-

441 3668 564 3730 pter
591 3659 767 3730 ipsius
789 3675 970 3716 causa:
999 3660 1447 3731 magnitudinem,
1468 3678 1532 3717 ac
1561 3661 1694 3727 vim,
1715 3663 2011 3734 aliquando

439 3758 618 3806 autem
652 3751 722 3806 ob
751 3752 892 3819 ejus,
920 3751 1064 3821 quod
1095 3752 1319 3821 patitur,
1358 3754 1742 3824 aptitudiuem.
1774 3754 1856 3811 0b
1888 3772 2012 3812 ecr-

438 3850 551 3897 tam
576 3842 795 3913 quidem
820 3845 948 3909 vim,
980 3843 1168 3899 eadem
1191 3845 1396 3901 chorda
1419 3856 1689 3909 quatenus
1714 3848 2011 3905 intenditur

440 3941 535 3988 aut
557 3935 868 3998 remittitur.
906 3944 1125 3991 acutum
1166 3946 1260 3992 aut
1291 3953 1509 4009 gravem
1543 3938 1654 3994 edit
1689 3941 2009 4006 sonum;ob

439 4026 797 4097 aptitudinem
825 4036 1006 4085 autem
1031 4045 1219 4085 eorum
1251 4047 1372 4099 qua:
1394 4032 1698 4101 patiuntur,
1745 4031 1851 4085 mel
1884 4032 2009 4104 qui-

437 4117 561 4172 dem
601 4129 765 4172 sanos
793 4116 1081 4173 dulcedine
1138 4120 1320 4186 allicit,
1384 4134 1632 4174 amarore
1694 4128 1876 4175 autem
1912 4136 2008 4178 eos

438 4207 534 4276 qui
562 4205 712 4263 febre
742 4208 1023 4276 laborant;
1055 4218 1107 4265 et
1131 4225 1299 4265 unum
1360 4218 1414 4264 et
1462 4208 1604 4263 idem
1636 4210 1840 4274 viuum,
1871 4212 2009 4267 alios

438 4300 661 4372 quidem
690 4303 797 4359 ciet
826 4303 892 4358 ad
925 4305 1084 4368 iram,
1123 4305 1260 4359 alios
1294 4318 1423 4358 vero
1447 4303 1748 4371 exhilarat;
1784 4313 1838 4361 et
1868 4304 2007 4359 idem

439 4394 522 4449 sol
557 4409 738 4450 ceram
788 4396 1007 4467 quidem
1058 4395 1362 4467 liquefacit,
1398 4380 1575 4449 lutum
1626 4404 1805 4450 autem
1834 4397 2010 4451 exsic-

1547 228 1941 286 CLEMENTlS
1979 230 2447 287 ALEXANDRINI

434 345 636 399 vulnus
662 342 859 401 inﬂixit
908 346 1089 413 letale,
1133 347 1181 404 is
1209 348 1258 403 ei
1308 364 1474 407 causa
1520 361 1602 406 est
1641 353 1855 415 mortis,
1913 359 2007 407 aut

2109 352 2299 407 αἴτιον.
2372 351 2555 405 "suo;
2611 349 2671 405 δέ
2724 367 2887 420 φασιν
2930 388 2946 415 ,

3574 228 3691 286 can

3009 351 3059 404 εί
3114 349 3285 405 πολλὰ
3349 350 3500 406 αἴτια
3556 359 3691 406 κατ’

2122 445 2275 510 ἰδίαν,
2298 443 2524 497 ἕκαστον
2574 442 2691 508 ἐνὸς
2741 442 2912 496 αἴτιον
2953 441 3183 512 γίνεται.
3245 442 3353 498 Τοῦ
3403 445 3536 514 γοῦν
3586 445 3691 497 εὺο

2108 537 2378 608 δαιμονεῖν
2431 535 2547 599 ἐνὸς
2603 534 2754 599 ὄντος
2803 536 2973 590 αῐτιαι
3038 536 3397 607 τυγχάνουσιν
3442 538 3502 591 αἱ
3555 538 3699 609 ἀρε-

2106 627 2230 690 ταὶ,
2281 623 2475 678 πολλαὶ
2519 621 2694 679 οὖσαι·
2743 625 2839 678 καὶ
2886 624 2981 679 τοῦ
3020 624 3406 698 θερμαίνεσθαι
3445 628 3543 681 καὶ
3587 626 3695 680 τοῦ

2107 716 2291 785 ἀλγεῖν
2327 716 2527 787 ὁμοίως
2558 715 2729 769 πολλὰ
2763 716 2832 770 τὰ
2875 717 3044 772 αἴτια.
3095 719 3243 791 Μήτι
3318 715 3415 774 οὖν
3452 723 3511 774 αἱ
3551 720 3698 773 πολ-

2108 808 2197 861 λαὶ
2234 809 2422 879 ἀρεταὶ
2475 807 2573 879 μία
2614 808 2731 861 ἐστὶ
2767 808 2908 863 κατὰ
2937 808 3186 882 δύναμιν,
3222 811 3411 866 καὶτὰ
3455 811 3697 885 θερμαί-

2108 916 2267 953 νοντα
2294 900 2389 953 καὶ
2424 899 2494 953 τὰ
2512 898 2798 968 ἀλγοῦντα·
2851 901 2946 954 καὶ
2992 901 3054 954 τὸ
3087 900 3290 973 πλῆθος
3318 901 3375 955 δὲ
3424 902 3537 955 τῶν
3562 904 3697 974 ἁρε-

2109 991 2236 1053 τῶν,
2266 990 2408 1045 κατὰ
2436 991 2587 1060 γένος
2611 991 2669 1047 ἓν
2702 992 2988 1063 τυγχάνον,
3011 993 3130 1057 ἐνὸς
3160 992 3334 1048 αῐτιον
3354 994 3565 1062 γίνεται
3587 994 3695 1046 τοῦ

2110 1080 2479 1151 εὐδαιμονεῖν;
2509 1079 2599 1153 Τῷ
2638 1080 2752 1135 ὄντι
2785 1080 2841 1135 δὲ
2890 1083 3344 1158 προκαταρκτικὰ
3385 1085 3483 1155 μὲν
3533 1084 3698 1137 αἴτια

2111 1175 2229 1237 ἐνὸς
2257 1172 2464 1242 γίνεται
2486 1173 2722 1239 πλείονα,
2746 1174 2890 1228 κατὰ
2916 1174 3075 1244 γένος
3104 1176 3197 1229 καὶ
3245 1176 3366 1229 κατ’
3392 1172 3552 1240 εἶδος·
3588 1178 3698 1231 καὶ

2112 1266 2252 1322 κατὰ
2307 1266 2461 1334 γένος
2507 1266 2626 1338 μὲν,
2680 1266 2773 1321 τοῦ
2809 1271 2982 1322 νοσεῖν
3034 1267 3305 1331 ὁπωσοῦν,
3344 1263 3456 1325 οἷον
3498 1268 3696 1339 ψύξις,

2111 1359 2346 1423 ἔκλυσις,
2380 1360 2567 1424 κόπος,
2621 1359 2848 1429 ἀπεψία,
2905 1359 3067 1432 μέθη·
3127 1362 3247 1417 κατ’
3281 1356 3424 1426 εἶδος
3449 1362 3531 1426 δὲ,
3588 1360 3698 1415 τοῦ

2113 1450 2366 1523 πυρετοῦ.
2398 1451 2479 1505 Τὰ
2522 1451 2579 1505 δέ
2624 1452 2918 1507 συνεκτικὰ
2960 1453 3109 1507 αἴτια
3147 1453 3286 1507 κατὰ
3309 1454 3463 1523 γένος
3500 1454 3697 1524 μόνον,

2111 1541 2317 1596 οὐκέτι
2353 1541 2408 1596 δέ
2462 1543 2555 1596 καὶ
2588 1543 2707 1596 κατ’
2741 1538 2900 1608 εἶδος.
2967 1544 3074 1599 Τοῦ
3126 1545 3235 1617 γὰρ
3296 1544 3700 1609 εὺωδιάζεσθω.

2112 1635 2253 1690 κατὰ
2274 1635 2429 1705 γένος
2462 1636 2579 1701 ἐνὸς
2628 1636 2799 1701 ὄντος,
2832 1636 3003 1691 πολλὰ
3053 1637 3121 1692 τὰ
3177 1638 3325 1693 αἴτια
3375 1642 3496 1692 κατ’
3523 1636 3698 1703 εἶδος·

2113 1723 2222 1780 οἷον
2255 1726 2568 1792 λιϐανωτὸς,
2602 1728 2775 1799 ῥόδον,
2807 1730 3024 1800 κρόκος,
3059 1729 3281 1803 στύραξ,
3316 1731 3552 1804 σμύρνα,
3581 1731 3696 1801 μύ-

2042 1792 2086 1849 B
2116 1835 2227 1891 ρον-
2260 1818 2322 1871 τὸ
2345 1818 2453 1891 γὰρ
2509 1792 2660 1891 ῥόδον
2694 1792 2795 1874 οὐκ
2844 1792 2911 1875 ἀν
2955 1792 3127 1886 οῦτως
3423 1792 3508 1895 εἵη
3659 1826 3698 1895 ἡ

2117 1912 2346 1985 σμύρνα.
2374 1912 2449 1966 Τὸ
2485 1913 2542 1966 δὲ
2577 1914 2709 1968 αὐτὸ
2763 1913 2871 1967 τῶν
2928 1915 3182 1968 ἐναντίων
3229 1917 3399 1970 αἴτιον
3449 1916 3696 1985 γίνεται·

2114 2005 2244 2058 ποτέ
2275 2004 2370 2075 μέν
2399 2004 2553 2077 παρὰ
2594 2005 2655 2060 τὸ
2689 2006 2916 2077 μέγεθος
2943 2008 3036 2060 τοῦ
3060 2008 3234 2061 αἰτίου
3266 2008 3360 2062 καὶ
3401 2008 3498 2079 τὴν
3527 2008 3702 2062 δύνα-

2117 2112 2228 2165 μιν,
2263 2096 2393 2149 ποτέ
2422 2095 2483 2148 δέ
2511 2097 2663 2168 παρὰ
2692 2096 2791 2167 τὴν
2840 2096 3250 2168 ἐπιτηδειότητα
3297 2098 3392 2152 τοῦ
3442 2099 3699 2170 πάσχον-

2112 2206 2221 2253 τος.
2257 2189 2414 2262 Παρὰ
2469 2190 2566 2261 μὲν
2615 2189 2712 2261 τὴν
2764 2190 2923 2244 ποιὰν
2958 2190 3207 2262 δύναμιν,
3251 2193 3285 2261 ἠ
3325 2191 3463 2262 αὐτὴ
3521 2191 3701 2263 χορδή

2114 2281 2262 2353 παρὰ
2292 2281 2388 2353 τὴν
2420 2283 2670 2337 ἐπίτασιν
2701 2283 2734 2353 ἢ
2763 2283 2860 2355 τὴν
2888 2283 3066 2338 ἄνεσιν
3093 2283 3217 2350 ὀξὺν
3243 2284 3276 2354 ἦ
3315 2283 3482 2355 βαρὺν
3506 2284 3702 2337 ἀποδί-

2110 2371 2241 2426 δωσι
2263 2370 2355 2426 τὸν
2388 2371 2644 2441 φθόγγον·
2696 2373 2846 2445 παρὰ
2876 2371 2933 2426 δὲ
2971 2370 3070 2443 τὴν
3128 2373 3540 2445 ἐπιτηδειότητα
3579 2373 3699 2426 τῶν

2113 2465 2428 2536 πασχόντων
2455 2465 2516 2519 τὸ
2559 2465 2682 2537 μέλι
2712 2465 2972 2534 γλυκάζει
3019 2466 3116 2535 μὲν
3160 2467 3286 2529 τοὺς
3318 2466 3695 2534 ὑγιαίνοντας,

2112 2556 2366 2629 πικρὰζει
2400 2556 2457 2610 δὲ
2501 2558 2629 2622 τοὺς
2677 2556 3062 2630 πυρέσσοντας·
3106 2559 3198 2613 καὶ
3230 2552 3311 2621 εἷς
3343 2558 3439 2612 καὶ
3463 2559 3492 2610 ό
3524 2559 3699 2622 αὐτὸς

2110 2643 2253 2712 οἶνος
2283 2648 2355 2719 (2)
2382 2649 2507 2713 τοὺς
2537 2650 2635 2719 μὲν
2672 2650 2751 2712 είς
2800 2648 2988 2723 ὀργὴν,
3037 2650 3163 2712 τοὺς
3220 2648 3278 2701 δὲ
3311 2650 3392 2712 εἰς
3437 2648 3697 2719 διάχυσιν

2111 2743 2253 2811 ἄγει·
2293 2743 2389 2796 καὶ
2434 2744 2462 2795 ό
2495 2741 2659 2806 αὐτὸς
2689 2741 2839 2811 ἥλιος
2866 2742 3023 2813 τήκει
3072 2741 3171 2811 μὲν
3231 2740 3323 2794 τὸν
3370 2739 3562 2812 κηρὸν,
3599 2738 3700 2810 Er,-

2114 2835 2285 2906 ραίνει
2316 2834 2372 2889 δὲ
2430 2835 2521 2888 τὸν
2577 2834 2767 2905 πηλόν.
2795 2833 2913 2888 Τῶν
2940 2829 3035 2888 οὖν
3079 2833 3266 2887 αἰτίων
3323 2832 3391 2885 τὰ
3423 2832 3523 2903 μέν
3569 2835 3696 2886 ἐστι

2110 2927 2372 2998 πρόδηλα,
2420 2927 2488 2981 τὰ
2538 2926 2594 2981 δὲ
2652 2925 2991 2998 ἐπιλογισμῷ
3045 2925 3449 2996 λαμϐανόμενα·
3504 2925 3577 2978 τὰ
3629 2925 3698 2978 δὲ

2110 3018 2298 3090 ἄδηλα·
2335 3020 2402 3074 τὰ
2438 3006 2496 3073 δὲ
2535 3016 2902 3090 ἀναλογισμῷ.
2938 3018 3049 3073 Καὶ
3095 3018 3203 3071 τῶν
3240 3017 3448 3088 ἀδήλων
3480 3016 3550 3070 τὰ
3582 3017 3694 3087 μὲν

2110 3113 2246 3185 πρὸς
2270 3112 2458 3184 καιρὸν
2478 3111 2668 3184 ἄδηλα,
2692 3109 2831 3165 κατὰ
2853 3110 2955 3183 μὲν
2979 3109 3096 3165 τινὰ
3120 3109 3308 3181 καιρὸν
3328 3109 3695 3180 ἀποκεκρυμ-

2114 3205 2273 3277 μένα,
2304 3203 2446 3258 κατὰ
2477 3202 2533 3258 δὲ
2585 3202 2704 3257 τινὰ
2737 3201 2901 3256 πάλιν
2929 3200 3126 3273 ἔκδηλα
3160 3200 3482 3273 βλεπόμενα·
3511 3203 3583 3253 τὰ
3627 3200 3690 3252 δὲ

2112 3295 2270 3366 φύσει
2306 3295 2497 3365 ἄδηλα,
2523 3294 2592 3349 τὰ
2631 3292 2773 3347 κατὰ
2803 3294 3006 3365 μηδένα
3038 3293 3228 3365 καιρὸν
3256 3292 3497 3365 πρόδηλα
3524 3292 3651 3361 γενέ
3668 3321 3697 3373 -Ϋ

2111 3389 2233 3441 σθαι
2265 3388 2555 3458 δυνάμενα·
2592 3386 2684 3439 καὶ
2728 3384 2834 3438 τῶν
2882 3384 2993 3455 ’μὲν
3039 3384 3198 3453 φύσει
3252 3382 3321 3438 τὰ
3356 3383 3457 3454 μὲν
3510 3401 3688 3438 κατα-

2109 3478 2308 3550 ληπτά·
2344 3480 2486 3551 ἀπερ
2512 3479 2613 3531 οὐκ
2643 3477 2813 3547 ἄδηλά
2842 3494 2986 3540 τινες
3018 3477 3265 3542 ἐκάλουν,
3315 3475 3403 3532 διὰ
3436 3479 3690 3550 σημείων

2108 3570 2533 3637 ἀναλογιστικῶς
2562 3564 2967 3640 λαμϐανόμενα,
3002 3567 3252 3641 καθάπερ
3284 3572 3316 3641 ἡ
3369 3571 3689 3643 συμμετρία

2110 3662 2218 3715 τῶν
2248 3662 2392 3732 λόγῳ
2415 3659 2706 3732 Θεωρητῶν
2738 3662 2920 3733 πόρων
2951 3662 3050 3733 (5)·
3084 3661 3153 3716 τὰ
3201 3662 3259 3715 δὲ
3298 3663 3685 3734 ἀκατάληπτα,

2109 3753 2177 3807 τά
2199 3752 2337 3807 κατά
2373 3752 2574 3824 μηδένα
2605 3754 2806 3826 τρόπον
2839 3755 2942 3808 ὑπὸ
2962 3753 3267 3827 κατάληψιν
3300 3758 3489 3809 πεσεῖν
3517 3755 3684 3809 δυνά-

2114 3863 2270 3916 μενα,
2308 3843 2344 3898 ἃ
2372 3845 2436 3916 δὴ
2466 3848 2557 3900 καὶ
2588 3845 2777 3917 ἄδηλα,
2811 3847 2869 3899 ἐν
2889 3846 2973 3917 τῷ
3004 3844 3259 3911 καθάπαξ
3288 3846 3543 3915 λέγεσθαι
3578 3847 3680 3917 (4).

2108 3938 2220 3992 Καὶ
2252 3936 2321 3991 τὰ
2353 3937 2452 4009 μὲν
2482 3937 2950 4009 προκαταρκτικὰ,
2984 3937 3054 3992 τὰ
3080 3938 3136 3991 δὲ
3178 3938 3491 4002 συνεκτικὰ,
3520 3938 3593 3992 τὰ
3624 3939 3685 3994 δὲ

2109 4030 2377 4092 συναίτια,
2402 4029 2468 4083 τὰ
2488 4028 2543 4082 δέ
2578 4028 2827 4101 συνεργὰ·
2860 4030 2957 4083 καὶ
2984 4028 3053 4082 τὰ
3076 4029 3174 4100 μὲν
3195 4028 3290 4084 τοῦ
3325 4029 3467 4083 κατὰ
3495 4028 3679 4097 φύσιν,

2108 4119 2177 4175 τὰ
2204 4121 2259 4175 δὲ
2307 4121 2399 4175 τοῦ
2435 4121 2586 4193 παρὰ
2618 4120 2799 4191 φύσιν,
2857 4119 2927 4174 τὰ
2955 4120 3012 4174 δὲ
3057 4119 3243 4187 νόσου,
3303 4122 3400 4173 καὶ
3447 4119 3589 4173 κατὰ
3619 4121 3681 4174 τὺ

2110 4212 2447 4284 ῦποϐεϐηκὸς
2481 4212 2578 4284 (5),
2610 4212 2676 4267 τὰ
2709 4213 2806 4285 μὲν
2846 4212 3055 4278 παθῶν,
3107 4211 3254 4266 τὰδὲ
3282 4211 3378 4266 τοῦ
3415 4212 3681 4283 μεγέθους

2107 4306 2306 4371 αὐτῶν,
2335 4305 2403 4359 τὰ
2430 4307 2487 4360 δέ
2517 4306 2723 4378 χρόνων
2754 4307 2848 4360 καί⁵
2879 4305 3103 4377 καιρῶν.
3139 4305 3259 4359 Τῶν
3295 4306 3392 4375 μὲν
3421 4301 3515 4359 οὖν
3540 4322 3680 4376 προ-

2109 4397 2488 4470 καταρκτικῶν
2521 4398 2824 4470 αἰρομένων
2857 4398 3007 4470 μένει
3067 4397 3128 4451 τὸ
3152 4398 3516 4469 ἀποτέλεσμα·
3553 4414 3681 4451 συν-
3736 4436 3739 4439 ς

438 4494 548 4548 ρει.
578 4485 748 4544 Porro
777 4498 959 4545 autem
989 4505 1056 4545 ex
1085 4487 1269 4543 causis
1298 4488 1418 4542 aliae
1440 4485 1658 4557 quidem
1703 4495 1832 4543 sunt
1857 4502 2007 4556 aper-

2109 4494 2322 4547 εκτικὸν
2352 4492 2408 4546 δέ
2441 4494 2587 4546 ἐστιν
2619 4491 2810 4557 αἴτιον,
2859 4485 2920 4546 οὗ
2953 4490 3238 4564 παρόντος,
3280 4491 3431 4562 μένει
3460 4490 3522 4543 τὸ
3550 4491 3681 4543 ἀπο-

437 4580 663 4647 tar,alia3
693 4597 831 4652 quas
857 4580 1144 4653 cogitando
1174 4580 1673 4650 assequimur,aliaa
1702 4580 1950 4635 obscura:
1985 4599 1998 4634 :

437 4673 557 4728 alia!
609 4689 748 4746 quas
797 4674 1126 4744 colligimus.
1190 4671 1267 4725 Ex
1327 4671 1579 4727 obscuris
1636 4678 1840 4738 autem,
1884 4672 2005 4727 alia:

436 4768 656 4837 quidem
688 4776 814 4825 sunt
844 4767 1090 4820 obscura:
1145 4763 1211 4817 ad
1257 4772 1489 4833 tempus.
1531 4772 1593 4817 ut
1645 4779 1767 4835 qua:
1823 4765 2007 4834 aliquo

436 4862 652 4931 quidem
682 4870 923 4931 tempore
959 4859 1154 4913 abdita:
1204 4856 1427 4925 fuerint,
1482 4856 1776 4932 aliquando
1823 4865 2005 4912 autem

582 5042 643 5104 >14
676 5037 741 5094 P.
776 4970 881 5115 9ἕὸ
908 5034 1016 5089 ED.
1046 5032 1343 5100 POTTER,
1375 5033 1608 5092 787-788
1631 5034 1739 5094 ΕΙ).
1771 5034 1996 5092 PARIS.

508 5201 583 5273 (2)
614 5201 821 5273 Οἷνος.Δ
842 5195 1041 5273 Yinu_m
1071 5194 1222 5273 idem
1257 5194 1393 5251 alios
1444 5195 1601 5251 aliter
1614 5194 2007 5273 _allicere._«_l_o-

508 5219 583 5273 (Ζ)
614 5219 808 5321 υινοῒ
854 5219 1041 5249 Vlﬂlllll
1083 5219 1222 5250 ιυεηι
1257 5219 1393 5251 auus
1444 5219 1601 5251 auter
1646 5219 1878 5258 atuccre.
1914 5219 2000 5272 ιιι)-

436 5278 523 5327 cet
546 5274 709 5327 etiam
811 5268 919 5321 hilo
949 5265 1260 5338 {lapilli}?
1307 5263 1650 5338 μετονομαᾷ
1698 5282 1819 5338 ρας,
1876 5266 2000 5321 172,

437 5341 766 5398 Plutarchus
798 5351 917 5407 pag.
950 5336 1073 5401 199,
1106 5336 1234 5402 387,
1261 5346 1316 5393 et
1355 5335 1585 5393 Aristdt.
1614 5335 1875 5407 prdblém.
1914 5338 2000 5400 l7,

438 5421 571 5468 sect.
603 5413 655 5466 '5.
687 5408 754 5463 ﬂ.
784 5410 1046 5463 Susum.

508 5483 584 5550 (5)
616 5478 736 5535 Τῶν
765 5479 928 5546 λόγῳ
955 5480 1118 5547 θεωρ.
1153 5479 1286 5548 πόρ.
1333 5477 1396 5550 Id
1451 5488 1555 5541 est,
1619 5497 1639 5529 ε
1669 5491 1948 5550 purorum,
1982 5495 1998 5526 ι

434 5547 528 5607 seu
558 5572 578 5601 σ
606 5557 902 5609 nieatuum.
927 5568 944 5599 ι
963 5547 1366 5619 βότρυι-ἱαηιιί,
1390 5550 1513 5604 licet
1528 5549 1714 5603 sensui
1736 5547 1876 5601 haud
1895 5548 2004 5619 siut

430 5622 599 5680 ohvii,
643 5638 663 5669 ς
696 5619 906 5675 ratione
950 5641 968 5671 ι
1007 5615 1189 5675 tamen
1234 5615 1718 5685 deprehenduntur
1774 5633 1836 5671 ac
1871 5634 1887 5666 ι
1923 5615 2003 5668 vi-

436 5693 687 5747 dentur.»
749 5688 868 5744 Τῶν
931 5689 1102 5760 λόγων
1166 5689 1453 5761 Θεωρητῶν
1502 5706 1561 5744 π.
1620 5688 1779 5743 habet
1829 5685 1999 5749 Flor.,

2107 4586 2363 4657 τέλεσμα·
2400 4586 2492 4639 καὶ
2525 4586 2834 4658 αἰρομένου,
2884 4587 3113 4657 αἴρεται.
3148 4585 3221 4639 Τὸ
3273 4584 3332 4637 δὲ
3364 4583 3680 4637 συνεκτικὸν

2115 4678 2441 4750 συνωνύμως
2470 4676 2562 4733 καὶ
2589 4678 2870 4742 αὐτοτελὲς
2925 4677 3195 4732 καλοῦσιν·
3237 4676 3423 4747 ἐπειδὴ
3472 4676 3678 4746 αὐτὰρ-

2113 4788 2225 4834 κως
2253 4770 2318 4823 δι’
2338 4770 2502 4824 αὐτου
2536 4769 2610 4841 (6)
2643 4770 2921 4840 ποιητικόν
2949 4770 3063 4822 ἐστι
3093 4768 3188 4822 τοῦ
3218 4767 3675 4837 ἀποτελέσματος.

2111 4864 2174 4916 Ei
2219 4862 2276 4917 δέ
2324 4863 2383 4916 τὸ
2414 4863 2584 4917 αἴτιον
2625 4862 2942 4927 αὐτοτελοῦς
2968 4862 3246 4933 ἐνεργείας
3277 4861 3396 4915 ἐστὶ
3447 4860 3677 4931 δηλωτι-

2108 5190 2254 5262 quod
2280 5188 2556 5262 explicare
2594 5186 2797 5262 frustra
2819 5198 3060 5262 conatus
3088 5195 3174 5243 est
3226 5185 3521 5262 interpres.

2182 5262 2258 5330 (4)
2288 5256 2596 5330 Λέγεσθαι.
2663 5257 2867 5329 Supple
2910 5256 3217 5329 δυνάμενα,
3275 5256 3537 5330 vel—lege
3595 5257 3682 5313 λέ-

2146 5349 2281 5386 εται.

2108 5350 2281 5471 γεῖἕῖ
2297 5400 2710 5471 Ὑποϐεϐηίκός.
2736 5396 3220 5471 Ποῖ-ηνῦπεϐηκός·
3243 5397 3391 5471 quod
3420 5414 3495 5471 ne;
3512 5397 3679 5471 longis.

2108 5468 2248 5544 mus;
2295 5471 2514 5544 quidem
2566 5469 2725 5524 facile
2752 5539 2765 5544 Δ
2788 5468 3100 5544 admiserit.
3137 5468 3420 5544 Begulare
3449 5469 3677 5544 ⁸ὑποδε-

2108 5539 2463 5613 6ηκόςνέιιρτο
2491 5555 2709 5611 quoque
2752 5539 2950 5610 legitur
2978 5556 3100 5611 pag.
3137 5539 3263 5603 ⁸525,
3292 5548 3347 5594 et
3382 5539 3526 5594 infra
3554 5556 3676 5609 pug.

2107 5613 2231 5669 336.
2262 5612 2524 5667 Svuwnc.

2177 5682 2253 5753 (li)
2285 5683 2360 5735 Δι’
2391 5680 2597 5737 αὐτοῦ.
2634 5679 2728 5737 Vel
2763 5682 2944 5752 potius
2984 5680 3050 5733 δι’
3086 5678 3270 5745 αὑτοῦ,
3311 5698 3328 5728 ι
3361 5696 3458 5749 per
3491 5696 3600 5735 se.»
