4016 6308
241 302 339 357 601

1381 296 1814 354 STROMATUM
1856 300 1983 356 LIB.
2029 300 2158 356 Vill.
3399 305 3504 359 GS-2

239 424 352 484 κὸν,
386 418 448 473 τὸ
499 417 762 490 συνεργὸν
802 418 1104 491 ὑπηρεσίαν
1135 419 1416 491 σημαίνει,
1455 423 1548 476 καὶ
1581 422 1677 494 τὴν
1725 423 1814 476 σὺν

1927 421 2122 479 rursus
2153 433 2356 493 aperta‘
2385 423 2678 490 videnlur;
2710 423 2830 478 alia:
2881 431 3062 479 autem
3122 424 3371 480 obscurae
3406 442 3501 479 na-

236 513 408 584 ἑτέρῳ
456 513 816 584 λειτουργίαν.
869 513 931 566 Εἰ
992 512 1092 584 μὲν
1146 509 1239 566 οὖν
1275 515 1442 586 μηδὲν
1495 517 1811 588 παρέχεται,

235 607 354 661 οὐδὲ
385 604 646 677 συνεργὸν
698 603 1038 675 λεχθήσεται·
1070 607 1119 657 εί
1151 605 1208 658 δὲ
1249 607 1566 679 παρέχεται,
1624 610 1840 663 τούτου·

235 700 454 762 πάντως
487 698 696 766 γίνεται
751 698 941 759 αἴτιον,
977 689 1038 750 οὗ
1071 698 1165 751 καὶ
1199 699 1520 770 παρέχεται,
1567 702 1813 756 τουτέστι

231 790 324 844 τοῦ
382 790 450 844 δι’
479 787 642 842 αὑτοῦ
677 787 980 858 γινομένου.
1038 789 1228 842 Ἔστιν
1279 785 1372 842 οὖν
1425 792 1702 862 συνεργὸν,
1753 789 1814 848 οὗ

229 884 500 956 παρόντος
531 882 736 951 ἐγίνετο
767 882 826 935 τὸ
858 882 1225 954 ἀποτέλεσμαο
1273 883 1554 955 προδήλως
1608 887 1683 956 t7)
1717 888 1814 958 μὲν

225 971 321 1030 οὖν
356 975 625 1045 παρόντος
652 975 749 1044 (8),
783 974 992 1046 ἀδήλως
1025 974 1080 1028 δὲ
1113 975 1329 1045 ἀδήλου.
1380 978 1489 1030 Καὶ
1539 976 1600 1030 τὸ
1633 980 1814 1034 συναί-

225 1086 342 1123 τιον
367 1068 425 1122 δὲ
458 1070 522 1120 ὲκ
561 1067 653 1120 τοῦ
687 1067 878 1136 γένους
921 1069 1038 1121 ἐστὶ
1083 1067 1192 1121 τῶν
1235 1068 1446 1132 αἰτίων,
1497 1070 1751 1143 καθάπερ
1785 1073 1814 1125 ὁ

224 1160 643 1233 συστρατιώτης
677 1160 1032 1233 στρατιώτης,
1081 1161 1173 1214 καὶ
1203 1164 1231 1216 ὁ
1257 1162 1558 1234 συνέφηϐος
1591 1164 1810 1237 ἔφηϐος.

225 1255 306 1308 Τὸ
342 1254 443 1325 μὲν
474 1249 567 1307 οὖν
596 1253 857 1324 συνεργὸν
907 1254 1078 1306 αἴτιον
1108 1254 1185 1326 τῷ
1216 1256 1520 1327 συνεκτικῷ
1557 1259 1694 1330 πρὸς
1717 1259 1814 1330 τὴν

224 1347 484 1400 ἐπίτασιν
518 1344 702 1417 βοηθεῖ
731 1343 825 1398 τοῦ
853 1347 946 1398 ὑπ’
975 1346 1138 1399 αὑτοῦ
1173 1349 1482 1419 γινομένου·
1516 1349 1576 1402 τὺ
1607 1349 1662 1402 δὲ
1699 1368 1815 1404 συν-

224 1438 406 1492 αἱτιον
458 1439 556 1490 οὐκ
602 1437 694 1489 ἐπὶ
736 1435 834 1506 τῆς
895 1437 1067 1508 αὐτῆς
1122 1440 1270 1492 ἐστιν
1324 1441 1552 1504 ἐννοίας·
1589 1441 1813 1496 δύναται

221 1531 338 1603 γὰρ
376 1530 646 1584 συναίτιον
679 1530 965 1601 ὑπάρχειν,
1001 1529 1103 1584 κᾶν
1157 1530 1231 1602 μὴ
1278 1533 1592 1585 συνεκτικὸν
1642 1535 1813 1587 αἴτιον

218 1617 257 1694 ᾖ
292 1639 368 1675 τι.
430 1622 652 1674 Νοείται
703 1621 812 1693 γὰρ
866 1623 962 1676 σὺν
1017 1621 1188 1693 ἑτέρῳ
1239 1621 1300 1675 τὸ
1351 1623 1642 1687 συναίτιον,
1703 1625 1812 1677 οὐδ’

221 1713 380 1784 αὐτῷ
409 1713 486 1784 (9)
533 1713 814 1784 δυναμένῳ
845 1716 963 1768 κατ’
991 1714 1125 1768 ίδίαν
1159 1715 1382 1786 ποιῆσαι
1435 1715 1495 1768 τὸ
1549 1717 1812 1770 ἀποτέλε-
1831 1762 1844 1774 .

1916 524 2062 579 tura,
2097 532 2218 586 qua}
2249 517 2398 570 nullo
2430 525 2675 586 tempore
2732 527 2964 585 possunt
2996 532 3120 571 esse
3165 525 3384 586 aperite.
3440 517 3501 570 Et

1914 626 1979 663 ex
2011 609 2098 664 bis
2121 608 2340 678 quidem
2372 625 2493 678 qua:
2521 617 2649 663 sunt
2700 615 2918 671 natura,
2977 608 3098 662 alia:
3125 607 3350 678 quidem
3375 623 3504 678 pos-

1916 710 2043 757 sunt
2069 702 2422 772 deprehendi,
2456 715 2594 773 quas
2653 701 2872 771 quidem
2932 701 3203 754 vocabant
3251 716 3361 755 non
3392 701 3493 755 ob-

1916 807 2128 857 scuras,
2159 802 2217 847 ut
2241 809 2361 863 qua:
2389 809 2484 863 per
2513 794 2668 864 signa
2697 793 3000 862 reputando
3023 809 3086 846 ac
3112 793 3495 846 ratiocinando

1915 885 2266 955 colligantur,
2319 884 2776 954 quemadmodum
2830 884 3148 954 symmetria
3207 883 3498 938 dubiarum

1917 977 2232 1031 orationum
2261 991 2382 1046 quae
2411 976 2616 1030 cadunt
2668 976 2721 1030 in
2775 976 3332 1044 contemplationen'i:
3383 975 3502 1030 alia:

1913 1085 2045 1124 vero
2070 1086 2191 1140 quze
2221 1069 2553 1140 deprehendi
2608 1078 2909 1138 nequeunt,
2947 1084 3067 1138 qua:
3118 1068 3272 1122 nullo
3336 1069 3500 1122 modo

1916 1168 2145 1231 possunt
2193 1160 2388 1216 cadere
2437 1161 2539 1216 sub
2601 1160 3116 1230 deprehensionem,
3163 1175 3284 1228 qua:
3337 1160 3501 1214 etiam

1915 1253 2174 1307 dicuntur
2206 1254 2426 1322 penitus
2485 1253 2754 1307 obscurae.
2810 1251 2875 1306 Et
2934 1253 3055 1306 alia:
3110 1252 3330 1322 quidem
3372 1259 3502 1307 sunt

1915 1345 2349 1416 procatarcticaa,
2403 1345 2523 1400 alia:
2574 1359 2704 1400 vero
2760 1344 3072 1416 synecticze,
3141 1345 3259 1398 alia:
3315 1353 3498 1399 autem

1915 1455 2224 1502 concausa,
2259 1439 2378 1494 alia;
2404 1453 2533 1493 vero
2591 1437 2932 1506 adjuvantes.
2971 1436 3038 1490 Et
3086 1438 3205 1492 alia!
3252 1437 3496 1507 quidem,

1914 1531 2036 1600 ejus
2066 1529 2212 1600 quod
2238 1537 2324 1585 est
2352 1528 2654 1584 secundum
2679 1537 2969 1593 naturam;
3026 1528 3146 1581 alia;
3186 1542 3331 1592 vero,
3378 1527 3499 1596 ejus

1917 1621 2059 1690 quod
2095 1629 2292 1690 praeter
2317 1628 2593 1674 naturam.
2622 1619 2756 1673 Alia:
2810 1627 2990 1673 autem
3018 1619 3193 1673 morbi
3221 1627 3274 1673 et
3303 1635 3502 1674 secun-

1915 1713 2044 1767 dum
2078 1713 2372 1778 accidens;
2406 1713 2526 1766 aliae
2549 1712 2768 1782 quidem
2799 1712 3174 1775 aﬁectionum,
3225 1713 3343 1765 aliae
3373 1727 3502 1766 vero

222 1823 366 1878 σμα,
396 1809 567 1860 αἴτιον
597 1806 656 1860 δν
690 1809 788 1860 σὺν
821 1807 994 1877 αἰτίῳ.
1031 1807 1288 1878 Διαφέρει
1320 1807 1376 1861 δὲ
1406 1807 1501 1860 τοῦ
1533 1810 1810 1863 συναιτίου

1915 1819 2106 1860 earum
2134 1804 2550 1875 magnitudinis,
2605 1805 2725 1858 alia!
2760 1812 2945 1858 autem
2981 1811 3287 1873 temporum
3319 1811 3372 1857 et
3406 1818 3500 1858 oc-

219 1899 288 1951 τὸ
324 1899 587 1970 συνεργὸν
620 1899 677 1952 ἐν
703 1898 781 1970 τῷ
812 1900 872 1952 τὸ
921 1900 1020 1970 μὲν
1073 1899 1342 1953 συναίτιον
1395 1901 1520 1952 κατ’
1573 1900 1705 1954 ἰδίαν
1736 1901 1810 1972 μὴ

220 1991 512 2054 ποιοῦντος
544 1991 604 2044 τὸ
636 1992 983 2062 ἀποτέλεσμα
1022 1993 1305 2062 παρέχειν·
1350 1992 1412 2045 τὸ
1461 1992 1517 2045 δὲ
1552 1993 1813 2062 συνεργὸν

217 2087 283 2138 ὲν
317 2083 396 2156 τῷ
430 2086 550 2138 κατ’
582 2084 717 2138 ίδίαν
754 2086 828 2156 μὴ
863 2087 1055 2150 ποιεῖν,
1081 2085 1253 2154 ἑτέρῳ
1284 2084 1341 2137 δὲ
1370 2085 1811 2156 προσερχόμενον

213 2177 299 2247 τῷ
334 2177 457 2230 κατ’
499 2176 632 2229 ἰδίαν
667 2175 930 2242 ποιοῦντι,
968 2180 1220 2248 συνεργεῖ
1252 2176 1398 2247 αὖτῷ
1429 2177 1566 2247 πρὸς
1597 2177 1656 2230 τὸ
1679 2193 1810 2246 σφ’

215 2269 481 2341 δρότατον
514 2268 759 2338 γίνεσθαι
789 2269 850 2322 τὸ
890 2270 1256 2341 ἀποτέλεσμα.
1287 2270 1536 2323 Μάλιστα
1567 2270 1624 2322 δὲ
1653 2270 1712 2323 τὸ
1745 2273 1812 2324 ὲκ

219 2360 704 2433 προκαταρκτικοῦ
741 2362 1000 2432 συνεργὸν
1057 2363 1339 2431 γεγονέναι
1381 2362 1481 2432 τὴν
1512 2362 1605 2414 τοῦ
1636 2363 1810 2417 αίτίου

214 2452 510 2508 διατείνειν
538 2453 764 2524 δύναμιν
797 2454 1123 2525 παρίστησιν
1155 2454 1283 2525 (l0).

1918 1895 2229 1949 casionum.
2255 1895 2431 1964 Atque
2462 1896 2508 1950 si
2539 1895 2802 1950 tollantur
2851 1893 3072 1964 quidem
3104 1909 3283 1948 causa:
3307 1909 3502 1964 procac

1915 1987 2180 2049 tarcticae,
2218 1993 2399 2042 manet
2447 1995 2631 2042 tamen
2671 1985 2914 2042 effectus.
2978 1985 3264 2056 Synectica
3316 1993 3500 2040 autem

1913 2095 2081 2134 causa
2112 2083 2216 2143 est,
2243 2096 2363 2150 quae
2394 2081 2439 2135 si
2472 2079 2638 2143 adsit,
2673 2088 2856 2134 manet
2904 2077 3172 2145 effectus;
3201 2086 3257 2133 et
3297 2078 3343 2132 si
3393 2078 3500 2132 tol-

1905 2172 2071 2233 latur,
2101 2173 2332 2228 tollitur.
2368 2169 2718 2243 Synecticam
2758 2187 2856 2241 per
2887 2171 3266 2242 synonymiam
3305 2176 3364 2234 ὦ
3391 2186 3489 2240 ap-

1911 2265 2136 2334 pellant,
2166 2267 2332 2320 etiam
2389 2281 2488 2337 per
2547 2281 2606 2321 se
2661 2266 2986 2335 perfectam,
3047 2264 3492 2335 quandoquidem

1909 2363 1995 2411 est
2025 2355 2358 2411 sufﬁcienter
2388 2371 2485 2428 per
2528 2371 2587 2412 se
2619 2355 2866 2410 efﬁciens
2899 2355 3149 2411 effectus.
3214 2354 3272 2408 Si
3318 2361 3500 2408 autem

1906 2463 2072 2502 causa
2111 2464 2205 2517 per
2243 2463 2302 2503 se
2326 2448 2624 2518 perfectam
2660 2448 2935 2518 signiﬁcat
2963 2447 3363 2518 operationem,
3403 2445 3502 2499 ad-

1902 2540 2103 2610 iuvans
2133 2557 2304 2597 causa
2333 2542 2608 2613 signiﬁcat
2631 2542 3019 2607 ministerium,
3051 2547 3105 2595 et
3128 2555 3327 2595 munus
3353 2537 3498 2610 quod

215 2635 343 2689 obit
365 2649 490 2689 cum
532 2635 660 2690 alio.
700 2635 878 2706 Atque
933 2635 979 2690 si
1021 2634 1156 2689 nihil
1209 2633 1428 2704 quidem
1462 2639 1703 2704 praestet,
1731 2649 1800 2689 ne
1841 2633 2054 2691 dicetur
2086 2636 2304 2706 quidem
2331 2638 2634 2707 adjuvans;
2684 2642 2771 2692 sin
2840 2644 3022 2692 autem
3070 2644 3314 2706 praestet,
3377 2636 3504 2705 ejus

218 2725 282 2779 fit
310 2728 538 2780 omnino
575 2743 764 2794 causa,
792 2729 935 2798 quod
960 2729 1122 2782 etiam
1155 2735 1398 2796 prazstat,
1431 2726 1534 2780 hoc
1561 2734 1668 2791 est,
1691 2727 1813 2796 ejus
1851 2729 1997 2798 quod
2025 2730 2083 2783 ﬁt
2113 2746 2208 2800 per
2231 2731 2425 2800 ipsam.
2461 2731 2556 2787 Est
2619 2746 2751 2801 ergo
2799 2745 2966 2786 causa
3017 2729 3308 2798 adjuvans,
3369 2743 3491 2797 qua:

213 2835 353 2874 cum
414 2821 568 2878 adest
628 2821 685 2876 ﬁt
735 2823 984 2885 effectus,
1042 2831 1263 2891 apertus
1321 2821 1541 2891 quidem
1585 2830 1825 2892 aperta,
1869 2823 2141 2878 obscurus
2212 2832 2394 2878 autem
2444 2823 2711 2879 obscurae.
2761 2821 2935 2876 Porro
2987 2828 3166 2876 autem
3226 2832 3500 2873 concausa

211 2933 446 2986 quoque
472 2926 557 2972 est
604 2933 670 2974 ex
726 2934 923 2988 genere
965 2933 1280 2983 causarum,
1342 2917 1800 2988 quemadmodum
1839 2919 2142 2974 commilito
2169 2927 2253 2975 est
2283 2920 2463 2985 miles,
2531 2928 2586 2975 et
2617 2919 2929 2988 coéphebus
2956 2924 3040 2972 est
3069 2915 3346 2987 ephebus;
3415 2921 3498 2968 at-

210 3024 333 3080 que
354 3010 622 3078 adjuvans
651 3011 868 3081 quidem
914 3024 1080 3064 causa
1124 3009 1228 3065 fert
1279 3026 1438 3080 opem
1490 3025 1673 3065 causa:
1718 3013 2030 3082 synecticai,
2059 3012 2128 3066 ad
2159 3013 2525 3068 intentionem
2573 3012 2694 3082 ejus
2743 3011 2888 3080 quod
2940 3014 3010 3065 ab
3070 3010 3188 3080 ipsa
3215 3008 3292 3060 ﬁt.
3354 3007 3495 3062 Con-

210 3119 409 3158 causa:
441 3111 622 3158 autem
678 3120 786 3159 non
820 3114 903 3159 est
953 3105 1142 3160 eadem
1202 3105 1391 3170 notio;
1433 3113 1614 3174 potest
1660 3107 1804 3160 enim
1845 3107 2052 3178 aliquid
2081 3123 2205 3164 esse
2235 3123 2527 3173 concausa,
2553 3108 2656 3163 etsi
2691 3123 2798 3162 non
2838 3107 2910 3162 sit
2978 3120 3146 3161 causa
3195 3105 3494 3176 synectica.

212 3200 552 3270 lntelligitur
588 3201 734 3256 enim
763 3217 1040 3257 concausa
1074 3218 1198 3257 cum
1231 3203 1362 3268 alio,
1416 3203 1561 3273 quod
1599 3220 1693 3274 per
1743 3221 1802 3261 se
1843 3221 1953 3261 non
1999 3215 2180 3278 potest
2207 3207 2458 3264 effectum
2487 3208 2727 3273 efﬁcere,
2755 3216 2814 3262 ut
2844 3223 2965 3278 qua:
2999 3207 3071 3262 sit
3138 3221 3305 3260 causa
3363 3218 3490 3259 cum

211 3310 417 3350 causa.
449 3294 637 3350 Differt
665 3304 846 3352 autem
893 3298 1160 3368 adjuvans
1198 3313 1367 3353 causa
1425 3314 1455 3352 a
1500 3314 1799 3363 concausa,
1834 3301 1980 3372 quod
2048 3318 2322 3360 concausa
2354 3305 2597 3375 quidem,
2643 3304 2692 3359 ei
2742 3304 2888 3374 quod
2928 3317 3177 3358 seorsum
3240 3315 3351 3355 non
3411 3298 3497 3353 ef-

212 3391 360 3453 ﬁcit,
391 3391 626 3460 prmbeat
689 3393 976 3461 effectum;
1038 3396 1302 3464 adjuvans
1358 3405 1539 3450 autem
1592 3412 1839 3452 seorsum
1882 3399 2100 3470 quidem
2154 3416 2262 3455 non
2322 3401 2547 3465 efﬁciat,
2621 3403 2776 3457 alteri
2837 3410 3020 3455 autem
3071 3398 3336 3453 accedens
3376 3412 3497 3466 quae

210 3503 478 3543 seorsum
513 3489 702 3554 efﬁcit,
731 3494 782 3545 ei
812 3490 952 3546 ferat
972 3506 1129 3560 opem
1159 3491 1224 3545 ad
1248 3492 1350 3546 hoc
1385 3500 1442 3546 ut
1493 3492 1566 3546 sit
1631 3492 1856 3549 eﬁ'ectus
1897 3495 2434 3552 vehementissimus.
2484 3496 2717 3552 Maxime
2762 3504 2945 3552 autem
2993 3510 3060 3550 ex
3097 3492 3495 3565 procatarctica

210 3598 397 3638 causa
434 3582 632 3638 factam
693 3599 818 3641 esse
865 3599 1092 3640 causam
1157 3586 1525 3657 adjuvantem.
1571 3586 1639 3641 ad
1688 3588 1797 3643 vim
1837 3591 2430 3647 causaintendendam
2453 3592 2687 3648 confert.

302 3749 363 3806 at
397 3741 458 3798 Ρ.
489 3674 593 3828 θ’ξι
623 3742 732 3798 eo.
758 3740 1057 3799 POTTER.

211 3918 733 4044 aagjoﬂpob‘rjlwc
770 3963 784 3978 .
825 3961 838 3973 .
877 3963 890 3977 .
922 3920 1182 3988 ἀδήλως.
1217 3919 1389 3988 Flor.,
1447 3923 1809 3994 προδήλῳηη.

296 4007 433 4060 ηΑῳ.

300 4063 384 4136 (8)
426 4063 750 4136 Πηρὼ-τος.
789 4061 1149 4136 δοτὶὴθιιᾴυίιη
1182 4062 1470 4136 προδήλου,
1516 4063 1662 4136 quod
1721 4079 1810 4118 re-

213 4131 400 4198 quirit
437 4133 832 4185 sententiarum
864 4134 1160 4203 oppositio.
1197 4131 1375 4203 A'tque
1404 4135 1505 4186 hoc
1535 4131 1697 4188 etiam
1729 4136 1812 4186 vi-

216 4203 318 4276 dit
364 4203 668 4276 interpres._
708 4203 1096 4276 Hapévro;_ex
1157 4204 1416 4276 periocha
1471 4203 1813 4276 przeccdente

216 4272 452 4326 videtur
477 4273 804 4341 irrepsisse;
853 4274 938 4328 vel
991 4272 1420 4344 forte—margini
1475 4272 1813 4344 ascriptum,

217 4351 426 4413 postea
485 4345 541 4398 in
593 4353 804 4398 textum
867 4346 936 4401 ab
982 4346 1240 4416 imperito
1294 4345 1477 4402 scriba
1535 4357 1814 4413 receptum

217 4419 343 4468 est.

1993 3922 2073 3990 (9)
2106 3922 2295 3986 Αὐτῷ.
2322 3920 2470 3976 Flor.
2513 3921 2707 3984 divise,
2755 3916 2821 3975 αὖ
2865 3919 2963 3991 τῷ.
3028 3919 3134 3975 Sed
3191 3936 3489 3990 pronomen

1919 3994 2067 4064 αὐτῷ
2117 3995 2363 4063 agnoscit
2413 3993 2594 4064 etiam
2622 3991 2837 4047 Herveti
2863 3992 3089 4064 _vei‘sio,
3121 4009 3162 4064 _¢
3191 3992 3333 4060 quod
3387 4007 3490 4046 nec

1923 4060 2101 4134 ipsum
2129 4060 2223 4133 p'er
2247 4080 2303 4117 se
2333 4072 2512 4132 potest
2541 4063 2788 4134 effectum
2821 4062 3084 4134 efﬁcere.»
3117 4060 3379 4134 SrLuunc.

1989 4135 2098 4204 (l0)
2130 4132 2537 4200 Παρὶστησιν.
2584 4133 2831 4186 Mancum
2874 4133 3172 4204 essehunc
3221 4132 3485 4202 Στρωμα-

1917 4203 2034 4267 τέα,
2075 4203 2104 4257 e
2154 4206 2496 4273 superiorum
2533 4204 2809 4271 prommiis
2837 4211 2891 4258 et
2911 4203 3138 4272 epilogis
3160 4209 3243 4255 sat
3273 4206 3481 4273 clarum

1921 4286 2024 4329 ρει.
2057 4275 2138 4328 An
2166 4271 2294 4328 vero
2323 4273 2461 4327 idem
2515 4275 2679 4328 etiam
2732 4274 2955 4328 ultimus
2989 4271 3080 4336 sit,
3137 4287 3243 4325 non
3303 4271 3399 4325 abs
3431 4286 3488 4323 re

1921 4346 2277 4399 duhitaveris.
2313 4343 2476 4397 Plura
2509 4345 2654 4397 enim
2695 4344 3036 4413 superiorum
3067 4343 3274 4412 prologi
3306 4340 3490 4413 nobis

1922 4417 2252 4488 pollicentur
2278 4431 2441 4486 quam
2463 4415 2570 4470 huc
2593 4411 2897 4486 usquc'sint
2924 4411 3274 4486 pertractata.
3305 4411 3379 4470 lo.

1541 4989 2038 5016 ..ιι-.-μ’
