4016 6308
266 336 378 390 665

1384 325 1584 381 LIBER
1627 318 1792 391 QUlS
1830 315 2034 374 DlVES
2068 311 2454 373 SALVETUB.

3409 297 3512 353 606

264 453 384 505 ἐστι
412 448 685 520 σωτηρίας
704 464 718 479 ·
751 450 798 500 οἱ
823 446 878 499 δὲ
908 443 1453 517 προσεμπλήσσουσι,
1482 443 1579 507 τὰς
1621 438 1843 510 γνώμας

1962 433 2269 490 stolidiores
2305 427 2566 494 eliiciunt,
2599 423 2830 480 divitum
2857 427 3068 476 mentes
3098 415 3511 474 immodicarum

261 542 374 595 τῶν
397 541 664 594 πλουσίων
680 543 799 601 ταῖς
823 538 1031 609 ἡδοναῖς
1045 535 1151 588 τῶν
1164 535 1415 607 ἀμέτρων
1428 534 1665 588 ἐπαίνων
1689 530 1845 584 ἐπαί-

265 649 454 705 ροντες
473 649 488 662 ⁵
525 632 618 686 καὶ
649 628 902 692 καθάπαξ
931 627 1040 680 τῶν
1059 626 1194 680 ὅλων
1217 627 1559 698 πραγμάτων
1593 623 1730 695 πλὴν
1749 621 1844 676 τοῦ

264 723 522 786 πλούτου,
551 723 618 776 δι’
637 722 694 775 ὀν
718 719 1108 790 θαυμάζονται,
1143 717 1650 790 παρασκευάζοντες
1679 717 1848 786 ὑπερ-

264 818 522 887 φρονεῖν·
555 815 615 867 τὺ
643 813 706 885 δὴ
726 813 816 866 τοῦ
849 812 1032 881 λόγου,
1068 811 1180 881 πῦρ
1211 811 1304 863 ἐπὶ
1327 810 1439 883 πῦρ
1466 808 1846 881 μετοχετεῦον-

260 925 382 970 τες,
437 907 593 976 τύφῳ
640 905 806 974 τῦφον
865 903 1256 966 ὲπαντλοῦντες
1307 903 1401 956 καὶ
1439 902 1602 970 ὄγκον
1633 899 1846 972 πλούτῳ

263 996 775 1069 προσανατιθέντες,
843 994 994 1066 βάρει
1053 994 1212 1063 φύσει
1259 993 1476 1066 φορτίον
1522 991 1845 1065 βαρύτερον,

263 1082 331 1140 οῦ
367 1083 566 1156 μᾶλλον
595 1085 764 1156 ὲχρῆν
795 1086 1050 1155 ἀφαιρεῖν
1081 1084 1176 1137 καὶ
1211 1083 1581 1155 περικόπτειν,
1613 1082 1688 1146 ὡς
1721 1099 1848 1150 σφα-

264 1176 428 1248 λεροῦ
458 1177 764 1247 νοσήματος
797 1174 1316 1248 καὶᾼθανατηφόρου.
1347 1173 1437 1244 Τῷ
1468 1173 1576 1244 γὰρ
1606 1173 1843 1244 ὑψουμέ-

266 1244 348 1339 νιρ
379 1269 473 1323 καὶ
507 1244 924 1339 μεγαλυνομένῴ
955 1244 1364 1338 ἀντίστροφοςή
1398 1265 1534 1337 πρὸς
1572 1265 1633 1318 τὸ
1668 1281 1852 1318 ταπει-

268 1362 362 1414 νὸν
386 1359 656 1431 μεταϐολὴ
689 1361 782 1413 καὶ
811 1359 1040 1422 πτῶσις,
1072 1359 1146 1421 ὼς
1180 1361 1208 1410 ὀ
1237 1357 1378 1421 θεῖος
1408 1357 1648 1412 διδάσκει
1670 1356 1846 1424 λόγος.

283 1453 439 1523 Ἐμοὶ
469 1451 524 1504 δὲ
555 1453 804 1520 φαίνεται
829 1449 1023 1522 μακρῷ
1057 1449 1562 1520 φιλανθρωπότερον
1595 1445 1733 1501 εἶναι
1755 1446 1848 1500 τοῦ

271 1543 601 1615 θεραπεύειν
645 1541 1082 1616 [ἀνελευθέρως]
1135 1543 1262 1605 τοὺς
1317 1541 1681 1604 πλουτοῦντας
1732 1539 1850 1610 [καὶ

272 1635 678 1707 προσεπαινείν]
712 1636 802 1688 ἐπὶ
826 1633 980 1704 κακῷ
1002 1634 1064 1686 τὸ
1097 1633 1444 1704 συναίρεσθαι
1475 1632 1700 1704 [λόγοις,
1731 1631 1849 1704 καὶ]

1946 525 2167 582 laudum
2190 517 2652 577 oblectationibus
2679 515 2823 570 fastu
2848 512 3154 572 ederentes,
3187 509 3349 577 idque
3377 506 3514 559 adeo

1946 622 2292 688 praestantes,
2335 619 2396 665 ut
2427 616 2624 664 caatera
2657 604 2841 661 omnia
2880 603 3041 674 plane
3067 600 3222 654 ﬂocci
3253 599 3514 668 pendant,

1946 714 2145 777 praater
2191 702 2414 756 divitias
2450 697 2600 763 >140b
2642 709 2781 770 quas
2835 693 2891 746 in
2950 692 3156 744 honore
3208 688 3516 750 habentur;

1947 797 2080 867 igni,
2113 803 2171 848 ut
2201 793 2427 853 dicitur.
2465 791 2644 859 ignem
2694 782 2966 847 addendo,
3015 780 3327 849 {astumque
3371 779 3520 833 fastu

1947 883 2299 949 cumulando,
2330 895 2393 934 ac
2416 875 2694 934 thesauris
2752 874 2950 928 molem
2993 871 3336 940 apponendo,
3363 871 3516 939 gravi

1946 980 2215 1036 elemento
2257 974 2480 1046 gravius
2523 968 2759 1040 pondus,
2793 965 2861 1020 de
2905 979 3014 1034 quo
3047 965 3229 1034 potius
3275 963 3525 1018 auferen-

1947 1072 2078 1126 dum
2116 1077 2234 1124 erat
2283 1074 2338 1122 et
2370 1061 2788 1134 amputandum,
2822 1073 2922 1112 ceu
2962 1055 3153 1109 morbo
3209 1054 3522 1124 periculoso

1949 1180 2013 1219 ac
2067 1163 2300 1218 letifero.
2338 1157 2401 1210 Ei
2450 1154 2597 1210 enim
2648 1153 2743 1223 qui
2805 1165 2864 1206 se
2917 1147 3132 1204 extollit
3175 1161 3238 1200 ac
3264 1161 3522 1215 magnum

1950 1255 2101 1317 facit,
2131 1249 2379 1307 vicissim
2429 1245 2677 1302 succedit
2723 1240 2982 1296 tumentis
3015 1237 3183 1292 animi
3228 1238 3282 1290 in
3321 1237 3524 1290 humile

1951 1347 2178 1401 mutatio
2209 1359 2271 1398 ac
2318 1355 2503 1404 casus,
2537 1339 2616 1393 uti
2646 1338 2804 1392 docet
2843 1348 3026 1390 sermo
3052 1332 3310 1388 divinus‘
3351 1347 3363 1381 :
3399 1347 3526 1400 pre-

1951 1439 2183 1509 piusque
2213 1435 2281 1490 ad
2303 1433 2697 1488 humanitatem
2755 1427 3031 1492 existimo,
3091 1439 3254 1494 quam
3305 1424 3526 1494 palpare

1954 1524 2334 1600 [illiberaliter]
2364 1525 2561 1578 divites
2612 1521 2690 1593 [et
2737 1517 2990 1576 laudibus
3029 1518 3280 1590 evehere]
3326 1535 3423 1588 pro
3461 1532 3531 1573 eo

1952 1619 2094 1689 quod
2129 1617 2516 1680 malefecerint,
2542 1613 2790 1686 [monitis
2822 1612 3135 1674 subvenire,
3167 1609 3246 1682 et]
3292 1611 3529 1665 salutem

271 1726 375 1798 τὴν
411 1725 681 1799 σωτηρίαν
735 1726 916 1787 αὐτοῖς
967 1723 1446 1797 [κατεργάζεσθαι]
1497 1726 1712 1779 ἅπαντα
1761 1725 1850 1777 τὸν

1962 1712 2063 1767 illis
2091 1707 2436 1782 [procurare]
2460 1708 2663 1778 quibus
2717 1706 2836 1759 ﬁeri
2893 1711 3069 1774 potest
3099 1703 3328 1768 mediis;
3363 1701 3530 1756 nimi-

270 1787 498 1872 δυ’νατόν
545 1787 776 1890 ’τρόπον’
840 1787 998 1871 τοῦτο
1068 1787 1187 1889 μὲν
1220 1787 1636 1888 ἐξαιτουίμένους
1698 1815 1850 1887 παρά

1962 1821 2072 1860 rum
2105 1805 2275 1859 Deum
2303 1801 2535 1864 orando,
2572 1802 2664 1870 qui
2700 1816 2786 1855 res
2825 1798 3095 1868 ejusmodi
3139 1798 3254 1852 suis
3283 1796 3408 1850 [iliis
3439 1797 3532 1848 tir-

271 1912 435 1975 Θεοῦ,
465 1911 558 1965 τοῦ
599 1901 829 1983 βεϐαίως
856 1911 950 1963 καὶ
993 1911 1164 1982 ήδέως
1185 1913 1298 1972 τοῖς
1323 1908 1519 1963 ἑαυτοῦ
1549 1910 1759 1972 τέκνοις
1783 1907 1851 1961 τὰ

270 2003 499 2056 τοιαῦτα
544 2001 896 2073 προϊεμένου·
949 2002 1106 2055 τοῦτο
1135 2002 1192 2056 δὲ
1224 2000 1313 2054 διὰ
1352 2001 1451 2072 τῆς
1480 1999 1703 2071 χάριτος
1737 1999 1849 2069 (15)

272 2093 372 2147 τοῦ
403 2093 652 2164 Σωτῆρος
703 2092 967 2162 ἰωμένους
1013 2092 1111 2156 τὰς
1155 2092 1332 2162 ψυχὰς
1359 2091 1559 2156 αὐτῶν,
1594 2089 1852 2160 φωτίζον-

273 2199 378 2245 τας
401 2183 496 2236 καὶ
526 2181 898 2252 προσάγοντας
933 2181 1025 2234 ἐπὶ
1056 2179 1152 2251 τὴν
1181 2179 1282 2248 τῆς
1311 2178 1567 2248 ἀληθείας
1625 2177 1815 2247 κτῆσιν
1835 2191 1848 2206 ·

274 2271 348 2349 ἧς
378 2277 408 2330 ὀ
439 2272 615 2347 τυχὼν
657 2274 753 2328 καὶ.
781 2273 963 2346 ἔργοις
1005 2272 1228 2344 ἀγαθοῖς
1256 2271 1723 2345 λαμπρυνόμενος,
1758 2268 1857 2342 μό-

279 2385 374 2432 νος
419 2362 571 2430 οῦτος
617 2365 866 2438 βραϐεῖον
912 2367 1012 2436 τῆς
1055 2365 1272 2420 αίωνίου
1307 2364 1451 2435 ζωῆς
1479 2365 1851 2435 ἀναιρήσεται.

280 2461 466 2510 Δεῖται
493 2457 550 2510 δὲ
583 2457 678 2511 καὶ
709 2458 743 2526 ή
776 2456 909 2526 εὐχὴ
937 2457 1115 2526 ψυχῆς
1157 2453 1430 2527 εὐρῶστου
1465 2455 1557 2508 καὶ¹
1598 2454 1854 2526 λιπαρᾶς,

284 2550 417 2618 ἄχρι
445 2547 543 2617 τῆς
571 2547 804 2618 ἐσχάτης
837 2545 1050 2616 ἡμέρας
1071 2544 1163 2598 τοῦ
1193 2545 1308 2615 βίου
1327 2545 1852 2616 συμμεμετρημένη⁹

283 2641 384 2695 καὶ
431 2638 673 2692 πολιτεία
715 2636 1007 2700 διαθέσεως
1047 2637 1290 2708 χρηστῆς
1337 2637 1430 2690 καὶ
1476 2637 1729 2707 νομίμου,
1764 2638 1859 2691 καὶ

283 2732 491 2794 πάσαις
522 2731 640 2792 ταῖς
673 2727 910 2792 ἐντολαῖς
935 2727 1027 2781 τοῦ
1048 2728 1297 2798 Σωτῆρος
1316 2727 1784 2798 ὲπεκτεινομένης.

361 2910 442 2962 B’.
475 2907 786 2963 Ktvduveda
809 2908 866 2962 δὲ
880 2907 978 2979 οὐχ
1003 2907 1206 2961 ἀπλοῦν
1233 2923 1284 2960 τι
1314 2901 1455 2960 εἶναι
1485 2907 1546 2959 τὺ
1569 2906 1740 2959 αἴτιον
1765 2905 1858 2958 τοῦ

283 3005 390 3072 τῆν
429 3001 700 3072 σωτηρίαν
753 2999 1134 3073 χαλεπωτέραν
1168 3003 1280 3063 τοῖς
1317 2999 1602 3052 πλουτοῦσι
1625 2998 1859 3069 δοκεῖνή

285 3094 404 3156 τοῖς
435 3091 774 3184 ἀχρημάτοις
813 3089 921 3143 τῶν
952 3089 1274 3161 ἀνθρώπων,
1323 3089 1458 3144 ἀλλά
1509 3089 1768 3142 ποικίλον.
1798 3091 1860 3143 Ol
1888 3126 1930 3184 ε

291 3185 394 3256 μὲν
421 3183 530 3254 γὰρ
567 3182 790 3236 αὐτόθεν
817 3183 911 3235 καὶ
939 3182 1244 3253 προχείρως
1273 3181 1603 3245 ἀκούσαντες
1641 3182 1741 3252 τῆς
1767 3181 1860 3235 τοῦ

288 3274 542 3346 Σωτῆρος
568 3271 772 3344 φωνῆς,
802 3274 882 3326 ὅτι
920 3291 938 3324 ι
965 3275 1094 3344 ῥᾷον
1123 3273 1366 3344 κάμηλος
1387 3273 1476 3327 διὰ
1511 3275 1865 3345 τρυπήματος

295 3365 519 3437 ῥαφίδος
563 3364 921 3429 διεκδύσεται,
963 3365 998 3436 ἦ
1041 3365 1290 3429 πλούσιος
1321 3368 1399 3429 εἰς
1435 3367 1535 3436 τὴν
1589 3365 1865 3436 βασιλείαν

288 3457 403 3510 τῶν
429 3457 693 3529 οὐρανῶν,
719 3476 736 3508 ι
774 3458 1102 3526 ἀπογνόντες
1129 3458 1354 3522 ἑαυτοὺς
1387 3457 1462 3519 ὡς
1497 3458 1560 3511 οὑ
1598 3457 1864 3528 βιωσόμε-

290 3568 396 3614 νοι,
425 3549 503 3620 τῷ
532 3550 722 3621 κόσμῳ
759 3549 938 3604 πάντα
982 3550 1350 3624 χαριζόμενοι,
1379 3551 1473 3604 καὶ
1501 3550 1600 3620 τῆς
1634 3549 1867 3604 ἐνταῦθα

291 3641 441 3713 ζωῆς
489 3641 564 3705 ῶς
613 3642 779 3712 μόνης
825 3644 1037 3704 ἑαυτοῖς
1089 3641 1538 3713 ὑπολειπομένης,
1589 3643 1867 3712 ἐκκρεμα-

292 3733 514 3796 σθέντες
536 3733 849 3805 ἀπέστησαν
875 3723 1056 3785 πλέον
1086 3732 1186 3802 τῆς
1214 3734 1331 3786 ἐκεῖ
1357 3732 1500 3796 ὀδοῦ,
1539 3732 1736 3802 μηκέτι
1762 3747 1857 3784 πο.

289 3825 866 3898 λυπραγμονήσαντες,
925 3825 1064 3896 μήτε
1104 3823 1257 3887 τίνας
1308 3824 1436 3887 τοὺς
1499 3823 1787 3886 πλουσίους
1839 3825 1868 3876 ὀ

291 3915 572 3987 Δεσπότης
599 3915 695 3969 καὶ⁵
741 3914 1058 3979 διδάσκαλος
1100 3914 1520 3987 προσαγορεύει,
1555 3916 1692 3986 μήτε
1721 3915 1868 3978 ὅπως

289 4005 359 4058 τὸ
390 4005 648 4061 ἀδύνατον
668 4009 728 4060 ὲν
764 4007 1036 4080 ἀνθρώπῳ
1076 4006 1194 4078 Θεῷ
1225 4005 1336 4078 (14)
1370 4007 1592 4061 δυνατὸν
1637 4007 1865 4074 γίνεται.

296 4097 485 4151 ’Δλλοι
512 4098 569 4152 δὲ
606 4099 763 4153 τοῦτο
798 4100 894 4170 μὲν
922 4099 1165 4170 συνῆκαν
1193 4099 1370 4170 ὀρθῶς
1415 4101 1510 4153 καὶ
1568 4099 1870 4171 προσηκόν-

290 4209 424 4255 τως,
451 4191 560 4244 τῶν
593 4192 649 4245 δὲ
691 4191 866 4264 έργων
889 4193 997 4246 τῶν
1030 4195 1108 4256 εἰς
1137 4193 1235 4265 τὴν
1268 4192 1545 4264 σωτηρίαν
1575 4191 1873 4262 ἀναφερόν-

1951 1898 2114 1952 miter
2149 1910 2212 1950 ac
2243 1892 2478 1962 iucunde
2511 1891 2772 1946 lruendas
2798 1891 3063 1960 elargitur
3092 1907 3104 1942 :
3135 1896 3250 1942 tum
3276 1901 3404 1940 vero
3435 1901 3533 1956 per

1950 1987 2183 2059 gratiam
2228 1984 2529 2040 Salvatoris
2581 1999 2770 2038 eorum
2823 1982 3020 2035 animis
3068 1978 3294 2042 mederi,
3330 1978 3535 2031 illumi-

1952 2080 2136 2136 nando
2167 2089 2220 2134 et
2250 2079 2316 2132 ad
2347 2077 2741 2146 capessendam
2770 2073 3055 2128 veritatem
3101 2086 3202 2126 nos
3245 2071 3326 2125 eis
3363 2070 3534 2125 duces

1954 2173 2272 2229 ollerendo:
2309 2186 2473 2241 quam
2506 2170 2760 2240 quisquis
2793 2167 3024 2236 adeptus
3052 2164 3235 2228 fuerit,
3265 2162 3537 2230 bonisque

1954 2265 2217 2338 operibus
2237 2262 2520 2329 claruerit,
2549 2261 2701 2316 solus
2733 2259 2858 2313 vitae
2886 2266 3106 2312 :eternze
3128 2255 3375 2311 bravium
3402 2268 3537 2324 pra:-

1957 2364 2066 2416 mio
2103 2361 2425 2432 reportabit.
2485 2358 2778 2412 Enimvero
2822 2355 3022 2418 oratio,
3059 2369 3181 2424 quae
3239 2353 3426 2422 utique
3466 2351 3536 2406 ad

1955 2458 2261 2508 extremum
2299 2451 2552 2520 spiritum
2611 2447 2812 2501 durare
2867 2445 3048 2510 debet,
3086 2445 3371 2498 robustum
3418 2442 3541 2495 ani-

1957 2561 2105 2599 mum
2126 2553 2290 2613 atque
2313 2556 2569 2598 serenum
2596 2557 2609 2592 :
2633 2555 2799 2611 porro
2824 2539 2949 2594 vita:
2974 2538 3116 2591 ratio
3137 2551 3199 2590 ac
3221 2534 3538 2605 disciplina,

1959 2638 2184 2708 probam
2217 2642 2479 2694 mentem,
2512 2633 2764 2702 aequique
2808 2629 3027 2700 aczjusti
3059 2638 3324 2692 tenacem,
3347 2633 3542 2695 etqua:

1960 2729 2026 2784 ad
2055 2729 2240 2783 omnia
2268 2725 2573 2780 Salvatoris
2603 2730 2873 2795 przecepta
2894 2720 3240 2781 extendatur,
3275 2718 3535 2788 postulat.

2033 2820 2094 2874 ll.
2138 2819 2300 2875 Forte
2322 2829 2502 2873 autem
2535 2833 2646 2872 non
2676 2832 2844 2871 unum
2875 2815 3004 2885 quid
3027 2815 3257 2884 simplex
3287 2822 3372 2867 est
3394 2811 3540 2882 quod

1962 2912 2116 2975 facit,
2141 2922 2198 2966 ut
2227 2913 2612 2982 opulentorum
2641 2909 2792 2964 salus
2837 2908 3108 2963 dillicilior
3136 2911 3393 2976 appareat
3451 2916 3542 2957 sa—

1963 3006 2078 3060 lute
2137 3019 2455 3075 egenorum,
2517 3003 2614 3058 sed
2668 3000 2874 3056 diversi
2927 3001 3141 3071 generis
3194 2997 3357 3066 hujus
3400 2996 3542 3049 ratio

1963 3097 2253 3152 exstiterit.
2308 3094 2415 3149 Alii
2465 3095 2609 3150 enim
2689 3094 2892 3149 auditis
2956 3093 3153 3162 raptim
3208 3098 3262 3145 et
3317 3090 3542 3160 perluu-

1967 3192 2139 3245 ctorie
2175 3189 2284 3244 illis
2342 3187 2559 3242 Domini
2593 3185 2919 3252 Salvatoris;
2950 3184 3177 3239 vocibus
3207 3202 3220 3236 :
3263 3200 3281 3232 ι
3303 3179 3544 3234 Facilius

1966 3289 2052 3336 est
2103 3282 2372 3335 camelum
2424 3295 2522 3350 per
2581 3278 2828 3333 foramen
2878 3291 3011 3330 acus
3047 3273 3322 3334 transire,
3377 3285 3541 3341 quam

1965 3373 2190 3427 divitem
2225 3374 2432 3428 intrare
2479 3372 2534 3426 in
2592 3385 2819 3440 regnum
2872 3367 3204 3430 ctelorumb,
3234 3385 3252 3417 ι
3297 3365 3540 3417 animum

1970 3465 2376 3535 despondentes
2421 3463 2579 3534 quasi
2611 3463 2777 3516 vitam
2811 3459 3036 3513 minime
3083 3455 3454 3516 consecuturi,
3487 3460 3542 3508 et

1967 3568 2227 3629 tanquam
2272 3573 2513 3627 praesens
2563 3555 2679 3609 haec
2715 3554 2828 3608 vita
2883 3553 3000 3607 sola
3047 3550 3157 3605 illis
3202 3548 3410 3616 reliqua
3444 3547 3539 3608 sit,

1967 3652 2115 3706 illius
2143 3650 2416 3704 desiderio
2461 3647 2738 3718 suspensi,
2768 3644 2984 3714 longius
3020 3656 3049 3694 a
3082 3643 3168 3696 via
3197 3655 3319 3710 qua:
3342 3641 3397 3693 in
3427 3652 3542 3693 eaea

1967 3743 2079 3797 lum
2123 3739 2296 3804 ducit,
2329 3739 2688 3799 diverterunt,
2737 3751 2808 3790 ne
2859 3731 3294 3804 pervestigantes
3322 3727 3544 3799 quidem

1968 3834 2221 3902 serioque
2262 3839 2558 3901 pensantes
2590 3840 2860 3898 quosnam
2895 3823 3157 3878 Dominus
3197 3829 3252 3876 et
3284 3819 3546 3889 magister

1970 3925 2203 3994 appellet
2226 3922 2445 3986 divites,
2476 3937 2539 3976 ac
2566 3935 2668 3974 nec
2693 3915 2969 3988 quomodo
2994 3913 3139 3984 apud
3160 3912 3410 3966 homines
3435 3911 3544 3964 im-

1971 4017 2229 4087 possibile
2287 4015 2398 4070 Deo
2449 4015 2524 4070 sit
2567 4011 2848 4084 possibile.
2881 4008 2988 4062 Alii
3017 4022 3165 4069 vero,
3191 4003 3293 4058 hoc
3321 4002 3541 4075 quidem

1970 4111 2122 4158 recte
2170 4102 2672 4170 convenienterque
2720 4098 3137 4161 intellexerunt;
3168 4093 3431 4164 neglectis
3459 4099 3540 4146 ta-

1972 4209 2096 4248 men
2123 4209 2245 4264 qua:
2277 4193 2345 4248 ad
2395 4193 2626 4248 salutem
2661 4197 2932 4260 spectant,
2969 4187 3248 4257 operibus,
3279 4191 3543 4254 quantum

293 4299 406 4336 των
434 4283 886 4354 ὀλιγωρήσαντες,
916 4285 976 4337 οῦ
1007 4284 1488 4355 παρεσκευάσαντο
1515 4284 1614 4354 τὴν
1649 4283 1859 4336 δέουσαι

1973 4302 2071 4356 par
2102 4293 2220 4340 erat
2251 4295 2570 4356 apparatum
2602 4300 2712 4338 non
2745 4283 3012 4347 iecerunt,
3040 4289 3100 4335 ut
3124 4296 3311 4337 eorum
3345 4294 3468 4349 quae
3488 4278 3544 4332 in

296 4376 653 4446 παρασκευήν
681 4378 759 4440 είς
779 4377 839 4430 τὸ
861 4377 968 4430 τῶν
1001 4374 1369 4446 ὲλπιξομένων
1395 4378 1594 4446 τυχεῖν.
1626 4375 1782 4443 Λέγω
1812 4374 1859 4426 δὲ

1974 4395 2071 4450 spe
2101 4379 2279 4448 posita
2317 4387 2467 4444 sunt,
2497 4386 2780 4447 compotes
2831 4375 3192 4431 edicerentur.
3226 4372 3401 4427 Ambo
3432 4372 3547 4425 haec

294 4467 472 4521 ταῦτα
505 4467 736 4539 ἑκάτερα
759 4468 850 4520 ἐπὶ
877 4467 984 4520 τῶν
1015 4466 1308 4530 πλουσίων,
1343 4468 1438 4520 καὶ
1466 4467 1564 4536 τῆς
1591 4466 1859 4536 δυνάμεως

1975 4469 2123 4524 dicta
2172 4485 2202 4523 a
2247 4485 2334 4524 me
2368 4479 2496 4524 sunt
2526 4468 2595 4523 de
2617 4468 2903 4527 divitibus,
2937 4466 3140 4536 quibus
3184 4473 3316 4519 nota
3364 4472 3447 4519 est
3491 4471 3548 4519 et

294 4559 395 4613 τοῦ
432 4560 680 4632 Σωτῆρος
722 4562 816 4613 καὶ⁹
852 4561 950 4630 τῆς
992 4557 1289 4627 ἐπιφανοῦς
1333 4559 1607 4630 σωτηρίας
1629 4557 1872 4628 ᾐσθημέ-

296 4668 438 4705 νων’
479 4651 586 4704 τῶν
608 4653 848 4722 ἀνοήτων
885 4653 982 4723 τῆς
1007 4651 1262 4720 ἀληθείας
1289 4651 1467 4719 ὀλίγον
1503 4667 1590 4722 μοι
1625 4650 1794 4720 μέλει.

371 4827 445 4879 Γ¹.
466 4828 582 4899 Χρὴ
599 4826 776 4881 τοίνυν
799 4828 922 4891 τοὺς
944 4827 1251 4899 φιλαλήθως
1272 4828 1365 4882 καὶ
1381 4828 1715 4898 φιλαδέλφως
1748 4829 1875 4897 (δια-

297 4919 604 4991 κειμένους)
629 4921 723 4973 καὶ
760 4921 892 4991 μήτε
919 4920 1491 4992 καταθρασυνομένους
1505 4920 1749 4985 αὐθαδῶς
1765 4921 1872 4974 τῶν

299 5011 572 5065 πλουσίων
613 5011 846 5083 κλητῶν,
879 5014 1016 5084 μήτε
1048 5009 1115 5066 αῦ
1149 5013 1309 5066 πάλιν
1346 5013 1743 5076 ὑποπίπτοντας
1771 5014 1870 5066 αῦ-

296 5106 415 5167 τοῖς
461 5104 550 5158 διά
584 5105 792 5158 οἰκείαν
840 5105 1231 5178 φιλοκέρδειαν,
1267 5107 1485 5178 πρῶτον
1545 5107 1643 5177 μὲν
1693 5106 1871 5160 αὐτῶν

302 5196 539 5266 ἐξαιρεῖν
555 5195 632 5266 τῷ
651 5196 792 5267 λόγῳ
805 5197 902 5268 τὴν
923 5196 1084 5268 κενὴν
1101 5197 1212 5267 (15)
1233 5198 1559 5266 ἀπόγνωσιν,
1573 5199 1668 5251 καὶ
1682 5197 1874 5268 δηλοῦν

307 5284 447 5353 μετά
479 5283 578 5354 τῆς
607 5285 832 5356 δεούσης
864 5283 1176 5356 ἐξηγήσεως
1191 5285 1297 5339 τῶν
1321 5286 1515 5355 λογίων
1532 5286 1626 5339 τοῦ
1643 5289 1870 5358 Κυρίου,

301 5375 435 5430 διότι
451 5378 549 5431 οὐκ
572 5379 940 5432 ἀποκέκοπται
958 5379 1136 5432 τέλεον
1151 5380 1332 5442 αὐτοῖς
1359 5381 1393 5450 ή
1414 5380 1747 5450 κληρονομία
1769 5381 1869 5450 τῆς

1970 4563 2150 4617 virtus
2199 4560 2502 4616 Salvatoris
2529 4569 2584 4616 et
2614 4559 2845 4614 illustris
2879 4559 3064 4623 salus;
3095 4557 3162 4612 de
3188 4557 3310 4611 aliis
3354 4569 3545 4625 parum

1973 4670 2127 4717 curo,
2158 4654 2358 4723 quibus
2412 4660 2470 4707 ut
2517 4651 2910 4722 intelligerent,
2945 4649 3192 4704 veritatis
3219 4646 3406 4702 radius
3436 4660 3547 4699 non

1975 4746 2197 4800 all'ulsit.

2045 4832 2136 4886 lll.
2171 4832 2333 4888 Decet
2353 4847 2482 4903 ergo
2512 4831 2681 4902 utqui
2714 4832 2963 4888 veritatis
3003 4831 3342 4899 fratrumque
3364 4841 3549 4881 amore

1976 4933 2284 4991 teneantur,
2310 4925 2510 4994 quippe
2547 4939 2648 4978 nec
2687 4925 2999 4994 petulanter
3052 4926 3341 4992 insurgunt
3379 4920 3433 4972 in
3464 4919 3552 4971 div

1976 5019 2116 5072 vites
2155 5016 2247 5086 qui
2289 5015 2463 5071 vocati
2499 5023 2625 5070 sunt
2663 5013 2722 5084 (ἱ.
2757 5031 2803 5068 e.
2847 5013 3169 5081 Christiani)
3213 5025 3389 5079 neque
3416 5023 3549 5063 vero

1976 5109 2114 5163 lucri
2146 5108 2348 5178 proprii
2405 5122 2574 5163 causa
2625 5123 2846 5162 rursum
2879 5105 2988 5160 illis
3019 5110 3402 5164 assentantur;
3448 5103 3553 5168 pri-

1977 5218 2124 5255 mum
2167 5200 2386 5269 quidem
2433 5216 2499 5255 ex
2533 5215 2724 5254 eorum
2758 5197 2956 5252 animis
2983 5196 3134 5251 verbi
3166 5194 3551 5266 praedicatione

1976 5295 2216 5348 eximant
2264 5294 2481 5345 inanem
2517 5298 2764 5354 metum;
2799 5301 3154 5355 congruaque
3199 5285 3550 5337 oraculorum

1977 5380 2192 5435 Domini
2231 5380 2574 5450 expositione
2617 5378 2824 5462 liquido
2858 5376 3168 5441 ostendant,
3195 5379 3252 5437 ὦ
3284 5389 3393 5428 non
3431 5387 3558 5429 om-

381 5538 439 5596 ὦ
483 5531 544 5587 Ρ.
586 5475 691 5598 θέϐ
733 5532 836 5587 ED.
875 5532 1171 5589 POTTER.
1215 5545 1240 5574 ι
1283 5531 1472 5588 Matth.
1505 5547 1677 5596 nm,
1718 5533 1800 5587 12.

1962 5534 2134 5590 llalth.
2178 5551 2292 5598 xu,
2321 5533 2413 5589 24.
2495 5538 2553 5596 >14
2582 5531 2643 5586 P.
2685 5468 2788 5603 9;?
2826 5529 2934 5586 ΕΙ).
2971 5526 3268 5586 POTTER.

383 5686 492 5764 (Γᾷ)
524 5685 751 5764 ᾼιὰλῆς
778 5687 906 5764 χιάρ.
934 5687 1233 5764 interponit
1259 5702 1385 5752 ms.,
1411 5687 1571 5755 λέγω.
1607 5685 1769 5742 Fert.

382 5757 489 5815 ιιι)
527 5757 660 5818 θεῷ.
708 5758 768 5810 ll.
808 5758 859 5810 in
887 5775 985 5813 lllS.
1025 5758 1094 5812 Ib.

2056 5688 2164 5758 (ιὸ)
2207 5689 2402 5752 Κενήν
2460 5689 2684 5758 Καινήν,
2723 5702 2826 5741 ms.
2862 5687 3023 5741 FELL.
