4016 6308
505 262 611 322 6ὒῖ

1675 269 2079 327 CLEMENTIS.
2106 271 2569 329 ALEXANDRINI

3660 274 3781 329 688

452 421 460 458 τ
502 387 634 439 nino
662 387 913 457 repulsos
936 402 1030 444 eos
1060 388 1129 443 ab
1154 388 1466 444 haereditate
1503 388 1658 459 regni
1681 390 1971 454 caelorum,
2030 391 2075 446 si

2184 391 2456 462 βασιλείας
2484 391 2593 446 τῶν
2632 391 2900 465 οὐρανῶν,
2933 391 3029 451 ἐὰν
3061 391 3410 446 ὑπακούσωσι
3460 393 3575 454 ταῖς
3611 390 3785 441 ἐντο-

452 476 458 548 ξ
502 477 667 533 modo
696 479 844 535 dicto
870 481 1151 537 audientes
1181 481 1290 537 sint
1314 489 1373 536 ut
1399 480 1655 536 mandata
1670 490 2074 552 exsequantur:

455 555 459 564 ’
502 569 702 626 deinde
739 570 1089 634 admoneant,
1135 572 1332 628 timere
1363 587 1459 629 eos
1505 573 1598 628 ubi
1632 574 1819 629 nullus
1849 574 2078 630 timendi

503 660 679 727 locus,
716 678 920 733 eosque
943 664 1039 734 qui
1072 664 1263 729 velint,
1312 664 1597 720 Dominum
1642 665 1856 736 placide
1901 667 2077 721 suscio

500 769 632 826 pere
664 773 680 810 :
712 763 935 826 tumque
950 755 1017 811 ad
1038 757 1153 811 haec
1177 755 1467 814 ostendere
1481 765 1536 813 et
1563 757 1907 814 institutione
1922 766 2076 813 cate-

502 846 713 901 chetica
741 845 936 901 docere
964 863 1062 918 par
1081 849 1208 910 erit,
1230 864 1336 919 qua
1365 864 1558 920 nempe
1580 850 1792 905 ratione
1809 849 2078 921 quibusve

501 938 761 1009 operibus
793 939 997 1009 pariter
1028 939 1420 1010 at'fectibusque
1459 955 1585 1011 spes
1616 942 1814 1005 alatur,
1860 953 1921 997 ut
1956 957 2078 1012 quae

499 1045 602 1085 nec
631 1030 741 1085 illis
769 1031 995 1089 omnino
1027 1040 1221 1102 negata
1245 1031 1338 1096 sit,
1372 1046 1473 1087 nec
1503 1048 1695 1088 rursus
1722 1041 1923 1089 temere
1954 1034 2077 1088 nul-

499 1123 661 1193 loque
702 1123 936 1179 hominis
980 1132 1183 1180 conatu
1231 1125 1506 1180 obveniat.
1559 1124 1665 1181 Sed
1709 1127 1856 1182 sicut
1909 1142 1969 1183 se
2018 1129 2075 1180 in

499 1215 716 1271 athletis
764 1230 852 1270 res
909 1216 1071 1270 habet
1122 1215 1203 1287 (ut
1244 1230 1408 1286 parva
1437 1223 1492 1271 et
1529 1217 1907 1287 corruptibilis
1948 1232 2077 1271 cum

500 1307 715 1377 magnis
740 1315 795 1361 et
824 1306 1328 1378 incorruptibilibus
1348 1308 1741 1380 conferamus),
1767 1309 1841 1363 ita
1857 1323 2078 1379 quoque

499 1397 555 1453 in
590 1399 711 1470 ipso
742 1400 1061 1469 contingere
1109 1399 1312 1470 cogitet
1340 1401 1433 1470 qui
1473 1401 1659 1456 saeculi
1698 1401 1892 1472 opibus
1922 1401 2075 1457 dives

499 1495 600 1543 est.
628 1486 840 1542 Etenim
875 1489 1189 1559 quicunque
1218 1489 1286 1544 de
1316 1491 1544 1545 victoria
1574 1499 1629 1545 et
1657 1505 1859 1546 corona
1889 1490 2078 1561 despe-

501 1579 722 1643 raverit,
757 1580 804 1634 is
831 1594 932 1633 nec
957 1581 1181 1635 omnino
1204 1589 1261 1633 ut
1283 1582 1338 1635 in
1368 1596 1590 1637 arenam
1619 1581 1936 1646 descendat,
1976 1597 2073 1637 no-

2178 484 2314 547 λαίς’
2345 478 2443 537 εἶθ’
2475 482 2953 556 ὑπομνημονεῦσαι
2982 482 3094 554 (l6)
3120 482 3196 547 ὼς
3222 483 3373 546 ἀδεές
3391 482 3591 537 δεδίασι
3614 482 3782 543 δέος,

2178 578 2271 631 καὶ
2298 577 2380 631 ὅτι
2414 576 2768 648 βουλομένους
2797 576 2995 640 αὐτοὺς
3021 576 3051 628 ό
3082 574 3273 646 Σωτὴρ
3312 575 3562 645 ἀσμωως
3606 573 3786 643 δέχε-

2174 684 2284 721 ται·
2313 668 2433 721 τότε
2476 668 2570 722 καὶ
2598 666 3009 739 προσδεικνύναι
3062 667 3158 720 καὶ
3199 668 3574 737 μυπαγωγεῖν
3606 665 3787 726 ὅπως

2177 757 2244 814 ἂν
2264 760 2360 812 καὶ
2385 759 2452 812 δι’
2468 760 2594 813 οἴων
2621 758 2797 831 έργων
2812 776 2872 813 τε
2888 759 2982 812 καὶ⁸
3006 757 3298 813 διαθέσεων
3317 758 3639 829 ἐπαίροιντο
3652 756 3787 826 (17)

2176 850 2245 904 τά
2257 850 2359 921 τῆς
2373 850 2617 917 ἐλπίδος,
2644 850 2721 915 ὡς
2740 849 2851 905 οὔτ’
2874 850 3153 922 ἀμηχάνου
3177 849 3527 921 καθεστώσης
3546 849 3785 912 αὐτοῖς.

2176 939 2300 995 οὔτε
2325 940 2636 995 τούναντίον
2667 940 2790 1010 είκῆ
2812 940 3248 1012 περιγινομένης·
3285 939 3397 993 ἀλλ’
3427 941 3603 1011 ὅνπερ
3633 938 3786 1009 τρό-

2178 1049 2278 1086 πον
2322 1031 2434 1103 ἐχει
2462 1031 2523 1086 τὸ
2563 1031 2671 1088 τῶν
2724 1031 2993 1103 ἀθλητῶν,
3025 1033 3114 1087 ἵνα
3169 1031 3339 1103 μικρά
3385 1032 3481 1085 καὶ
3512 1031 3786 1100 ἐπίκηρα

2180 1124 2436 1195 μεγάλοις
2464 1124 2557 1177 καὶ
2586 1123 2883 1196 ἀφθάρτοις
2912 1123 3335 1196 παραϐάλωμεν,
3365 1125 3517 1177 τουτὶ
3541 1124 3649 1177 καὶ
3682 1124 3785 1191 ἐφ’

2175 1216 2352 1287 ἐαυτῷ
2390 1218 2419 1270 6
2450 1215 2590 1270 κατά
2620 1215 2822 1287 κόσμον
2856 1199 3454 1285 πλουτῶῖλογιζέσθω.
3495 1216 3612 1268 Καὶ
3656 1216 3785 1286 γὰρ

2176 1307 2399 1364 ἐκείνων
2427 1311 2457 1364 6
2487 1296 2587 1380 μὲν
2637 1310 2720 1364 ὅτι
2751 1311 3037 1383 δυνήσεται
3092 1310 3270 1380 νικᾷν,
3326 1308 3422 1362 καὶ
3473 1308 3783 1376 στεφάνων

2173 1402 2461 1474 τυγχάνειν
2512 1402 2839 1467 ἀπελπίσας,
2897 1402 3004 1456 οὐδ’
3065 1400 3199 1465 ὅλως
3250 1402 3344 1455 ἐπὶ
3390 1401 3488 1471 τὴν
3528 1398 3676 1470 ἀθλη
3686 1415 3781 1452 σιν

2175 1495 2557 1567 ἀπεγράψατω
2590 1497 2620 1550 6
2645 1494 2702 1549 δὲ
2734 1494 2937 1565 ταύτην
2979 1495 3076 1565 μὲν
3108 1492 3479 1564 ἐμϐαλόμενος
3503 1494 3573 1562 τῇ
3618 1489 3767 1558 γνὼ-

2178 1601 2252 1655 μῃ
2284 1584 2384 1655 τὴν
2409 1583 2619 1649 ἐλπίδα,
2649 1583 2843 1647 πόνους
2868 1583 2927 1638 δὲ
2963 1584 3058 1638 καὶ
3088 1582 3295 1655 τροφὰς
3337 1582 3434 1636 καὶ
3472 1580 3777 1651 γυμνάσια

500 1681 625 1720 men
658 1665 904 1733 dederit;
972 1669 1065 1738 qui
1115 1684 1245 1723 vero
1294 1667 1434 1724 hanc
1484 1671 1601 1740 ipse
1641 1669 1859 1740 quidem
1889 1671 2075 1726 animo

2184 1676 2256 1748 μὴ
2285 1674 2644 1747 προσιέμενος
2666 1673 3028 1745 προσφόρους,
3058 1672 3437 1742 ἀστεφάνωτος
3459 1673 3773 1740 διεγένετο,

500 1772 652 1826 spem
684 1757 1017 1827 conceperit,
1053 1758 1266 1815 labores
1306 1770 1486 1816 tamen
1516 1768 1570 1816 et
1606 1762 1759 1817 cibos
1784 1768 1838 1817 et
1862 1763 2074 1817 exerci-

2178 1732 2272 1821 ἐωξὶ
2297 1732 2383 1839 δίη
2393 1732 2565 1839 μαρτε
2588 1732 2696 1821 τῶν
2713 1732 2965 1819 ἐλπίδων.
2987 1732 3154 1819 ⁷ὀῦτω
3171 1732 3254 1823 τις
3275 1764 3368 1817 καὶ
3513 1732 3777 1830 ἐπίγειον

500 1848 739 1904 taliones
766 1849 822 1902 in
854 1864 972 1903 eam
1007 1865 1119 1906 rem
1149 1865 1419 1922 congruas
1448 1867 1557 1906 non
1587 1851 1846 1918 admittit,
1870 1868 2073 1907 corona

502 1940 794 1996 indonatus
825 1950 1026 2005 manet,
1051 1956 1115 1996 ac
1143 1957 1266 2011 spes
1296 1945 1447 1998 illum
1466 1943 1727 2000 frustrata
1761 1952 1864 2001 est.
1899 1943 1992 2000 Sic
2020 1955 2071 2002 et

498 2031 750 2102 quisquis
803 2033 1037 2088 terrenis
1067 2035 1261 2103 opibus
1300 2036 1490 2099 afﬂuit,
1538 2044 1728 2091 caveat
1756 2051 1825 2090 ne
1855 2052 1915 2091 se
1959 2036 2076 2107 ipse

500 2126 732 2193 primum
764 2139 795 2177 a
825 2122 1124 2181 Salvatoris
1159 2128 1553 2184 certaminibus
1600 2129 1945 2199 pramiisque
1978 2146 2076 2186 ex-

499 2215 712 2268 clusum
735 2216 919 2279 ducat,
946 2217 1108 2272 modo
1133 2217 1306 2274 fidelis
1334 2220 1586 2284 exsistat,
1613 2236 1677 2274 ac
1700 2220 1898 2276 divinae
1917 2221 2076 2279 boni-

496 2308 628 2363 tatis
681 2309 1111 2379 magnitudinem
1166 2311 1469 2383 intelligat;
1534 2328 1636 2368 nec
1668 2328 1866 2369 rursus
1920 2316 2074 2370 nulla

498 2401 887 2455 exercitatione
926 2402 1187 2471 nulloque
1216 2403 1516 2458 certamine
1554 2403 1751 2472 posito,
1785 2403 1923 2458 citra
1947 2402 2072 2474 pul-

500 2507 681 2547 verem
712 2503 874 2562 atque
905 2494 1162 2549 sudorem
1195 2494 1626 2550 immortalitatis
1658 2510 1718 2550 se
1744 2508 1949 2553 corona
1973 2498 2079 2552 do-

501 2584 739 2639 nandum
766 2593 969 2655 speret,
1004 2585 1099 2640 sed
1122 2600 1180 2640 se
1210 2583 1389 2641 Verbo
1419 2585 1599 2641 tradat
1630 2601 1695 2642 ac
1726 2588 1923 2643 rationi
1951 2596 2076 2642 tan-

500 2688 662 2741 quam
709 2675 975 2744 palatslrae
1027 2676 1308 2746 magistro,
1350 2676 1677 2747 Christoque
1714 2680 2076 2733 certaminum

500 2765 717 2835 praesidi
746 2767 1024 2836 subjiciat.
1071 2767 1241 2822 Cibus
1294 2767 1373 2822 illi
1420 2782 1485 2823 ac
1510 2777 1675 2840 potus
1714 2771 2072 2840 praestitutus,

499 2854 711 2912 Novum
734 2856 949 2913 Domini
982 2856 1389 2913 Testamentum
1409 2860 1896 2928 ;exercitamenta,
1929 2876 2079 2915 man-

500 2949 657 3017 data;
692 2958 921 3007 ornatus
953 2966 1016 3005 ac
1040 2950 1241 3016 cultus,
1270 2950 1425 3006 bonae
1455 2952 1625 3006 animi
1651 2951 1965 3008 affectiones
2011 2967 2077 3006 ae

2176 1858 2635 1931 περιϐεϐλημένος
2679 1857 2993 1929 περιϐολὴν,
3034 1856 3169 1927 μήτε
3206 1855 3306 1925 τὴν
3339 1854 3515 1925 ἀρχὴν
3563 1854 3774 1907 ἑαυτὸν

2173 1950 2350 2005 ἄθλων
2372 1950 2481 2004 τῶν
2513 1950 2761 2020 Σωτῆρος
2788 1946 3195 2019 ἐκκηρυσσέτω,
3230 1945 3418 2008 πιστός
3437 1961 3502 2012 γε
3536 1942 3638 2007 ὢν,
3666 1945 3771 1997 καὶ

2174 2039 2236 2093 τὸ
2271 2040 2551 2111 μεγαλεῖον
2582 2037 2822 2110 συνορῶν
2851 2038 2951 2108 τῆς
2993 2035 3089 2089 τοῦ
3138 2034 3273 2089 Θεοῦ
3303 2033 3726 2106 φιλανθρωπίας
3749 2050 3765 2064 ο

2178 2134 2313 2204 μήτε
2346 2130 2449 2202 μὴν
2481 2126 2637 2195 αὖθις
2668 2128 2971 2199 ἀνάσκητος
2998 2126 3092 2181 καὶ
3144 2123 3508 2194 ἀναγώνιστος
3543 2123 3821 2195 μείνας-,α

2174 2223 2381 2277 ἀκονιτὶ
2405 2220 2692 2292 κάνιδρωτὶ
2718 2220 2826 2273 τῶν
2857 2216 3132 2286 στεφάνων
3157 2214 3259 2286 τῆς
3277 2212 3588 2286 ἀφθαρσίας
3611 2213 3769 2266 ἐλπι-

2175 2316 2313 2382 ζέτω
2339 2314 2679 2388 μεταλαϐεῖν’
2721 2312 2836 2368 ἀλλ’
2868 2311 3030 2365 αὐτὸν
3058 2307 3373 2363 ὑποϐαλέτω
3399 2306 3584 2379 φέρων
3608 2324 3765 2378 γυμ-

2175 2409 2341 2476 ναστῇ
2364 2404 2475 2477 (18)
2510 2405 2607 2475 μὲν
2629 2402 2707 2473 τῷ
2739 2402 2914 2472 Λόγῳ,
2943 2396 3254 2469 ἀγωνοθέτῃ
3284 2396 3341 2451 δέ
3367 2395 3446 2468 τῷ
3489 2395 3722 2465 Χριστῷ
3741 2413 3758 2425 ⁸

2174 2498 2347 2571 τροφὴ
2373 2498 2430 2551 δέ
2453 2494 2601 2566 αὐτῷ
2633 2495 2727 2549 καὶ
2755 2493 2917 2547 ποιὸν
2934 2490 3175 2561 γενέσθω
3198 2488 3532 2559 τεταγμένον
3555 2489 3590 2558 ἡ
3624 2489 3763 2541 Kas-

2174 2591 2240 2663 νὴ
2262 2588 2506 2661 Διαθήκη
2535 2586 2629 2641 τοῦ
2661 2584 2886 2658 Κυρίου’
2919 2582 3193 2655 γυμνάσια
3214 2582 3272 2635 δέ
3299 2578 3532 2643 ἐντολαὶ,
3555 2580 3764 2650 εὐσχη-

2179 2677 2384 2748 μοσύνη
2409 2676 2468 2730 δὲ
2518 2676 2613 2730 καὶ⁵
2658 2675 2862 2745 κόσμος
2913 2674 2971 2727 αί
3017 2670 3184 2727 καλαὶ
3216 2669 3502 2736 διαθέσεις,
3536 2670 3759 2739 ἀγάπη,

2175 2769 2377 2833 πίστις,
2406 2767 2580 2831 ἐλπὶς,
2598 2765 2798 2835 γνῶσις
2821 2764 3094 2835 ἀληθείας,
3118 2758 3452 2835 [ἐπιείκεια,]
3475 2762 3753 2833 πραότης,

2176 2857 2560 2929 εὐσπλαγχνία,
2599 2855 2882 2927 σεμνότης,
2914 2853 3022 2916 ἴνα,
3069 2852 3198 2905 ὅταν
3235 2851 3442 2924 ἐσχάτῃ
3487 2850 3757 2918 σάλπιγγι

2177 2951 2504 3022 ὑποσημήνῃ
2535 2947 2629 3002 τοῦ
2657 2947 2855 3019 δρόμου
2882 2945 2977 2999 καὶ
3003 2944 3103 3015 τῆς
3133 2942 3381 2998 ἐντεῦθεν
3409 2941 3616 3008 ἐξόδου,
3652 2959 3761 2994 κα·-

500 3042 690 3107 dotes;
736 3040 891 3106 ﬁdes,
945 3056 1092 3111 spes,
1133 3041 1394 3106 charitas,
1440 3044 1554 3098 veri
1596 3044 1836 3114 cognitio
1890 3043 2072 3115 [beni-

2176 3041 2352 3113 θάπερ
2381 3042 2445 3093 ἐκ
2484 3038 2696 3092 σταδίου
2719 3036 2812 3090 τοῦ
2848 3036 2964 3106 βίου
2998 3033 3117 3107 μετ’
3138 3033 3347 3103 ἀγαθοῦ
3391 3032 3487 3086 τοῦ
3517 3031 3761 3136 συνειδό-

499 3130 727 3201 gnitas],
766 3131 983 3194 lenitas,
1018 3130 1413 3196 misericordia.
1442 3134 1699 3200 castitas;
1729 3142 1787 3187 ut
1815 3149 1938 3188 cum
1969 3150 2072 3189 no-

500 3222 725 3276 vissima
758 3221 888 3276 tuba
928 3222 1149 3278 ineundi
1178 3237 1374 3280 cursus
1407 3224 1623 3294 signum
1666 3224 1875 3280 dederit
1914 3232 2077 3295 atque

500 3312 631 3366 hinc
668 3312 969 3382 emigrandi
1000 3313 1144 3367 velut
1172 3311 1351 3367 stadio
1383 3326 1431 3380 ι,
1472 3329 1537 3369 ex
1568 3313 1782 3370 mortali
1816 3314 1920 3369 hac
1943 3314 2072 3372 vita.

2172 3146 2266 3194 τος
2289 3128 2366 3201 τῷ
2405 3126 2667 3199 ἀθλοθέτῃ
2687 3127 2942 3197 παραστῇ
2977 3124 3288 3194 νικηφόρος,
3317 3120 3759 3192 ὡμολογημένως

2174 3221 2274 3292 τῆς
2305 3220 2417 3274 ἀνω
2443 3217 2696 3290 πατρίδος
2724 3217 2892 3283 ἄξιος,
2927 3217 3007 3279 εἰς
3052 3215 3118 3286 ἢν
3152 3213 3291 3285 μετά
3330 3211 3611 3281 στεφάνων
3662 3211 3761 3264 καὶ

2177 3313 2544 3386 κηρυγμάτων
2577 3308 2880 3380 ἀγγελικῶν
2909 3306 3290 3378 ἐπανέρχεται.

476 3406 646 3462 bona
684 3407 856 3463 fretus
898 3409 1255 3475 conscientia,
1286 3410 1646 3465 certaminum
1689 3410 1907 3480 praesidi
1937 3410 2110 3465 victor
2152 3415 2528 3480 praesentetur,
2586 3405 2801 3462 caelesti
2822 3403 3007 3473 palam
3041 3400 3241 3473 dignus
3279 3399 3473 3473 patria,
3503 3397 3563 3453 in
3587 3414 3755 3469 quam

500 3501 741 3567 coronis,
766 3503 1191 3574 angelorumque
1219 3504 1492 3572 przeconio
1518 3520 1581 3559 ac
1609 3506 1802 3575 plausu
1833 3506 2069 3561 donatus
2106 3507 2415 3562 revertitur.

570 3597 735 3668 336
745 3596 760 3649 l
770 3596 832 3652 V.
849 3597 949 3653 Det
961 3598 1294 3669 igiturnohis
1308 3597 1643 3666 Salvator,ut
1656 3600 1783 3657 hinc
1796 3602 2074 3658 ordientes

499 3703 829 3755 sermonem,
858 3706 985 3746 vera
1005 3700 1057 3747 et
1081 3692 1477 3756 convenientia,
1500 3706 1729 3763 quaeque
1750 3693 1819 3749 ad
1844 3692 2073 3749 fratrum

501 3782 733 3838 salutem
768 3784 992 3851 faciunt,
1024 3784 1402 3850 conferamus;
1440 3786 1675 3855 primum
1709 3786 1778 3843 de
1807 3802 1904 3857 spe
1933 3786 2071 3856 ipsa,

500 3873 696 3930 deinde
723 3875 792 3931 iis
835 3891 959 3946 quae
984 3878 1052 3931 ad
1074 3893 1223 3947 spem
1246 3879 1583 3933 conducunt.
1615 3875 1709 3935 Ille
1733 3878 1953 3949 quidem
1986 3879 2073 3934 in-

500 3964 813 4034 digentihus
842 3966 1089 4039 largitur,
1111 3968 1377 4039 docetque
1408 3976 1685 4039 rogantes,
1732 3985 1896 4040 porro
1928 3970 2075 4041 igno-

503 4055 737 4109 rantiam
766 4058 947 4122 solvit,
976 4065 1138 4130 atque
1170 4060 1605 4130 desperationem
1632 4061 1890 4127 excutit;
1950 4076 2075 4116 eos-

501 4145 624 4203 dem
650 4162 843 4205 rursus
866 4151 934 4206 de
955 4150 1215 4207 divitibus
1234 4167 1515 4208 sermones
1540 4151 1827 4214 inducens,
1857 4150 1949 4221 qui
1972 4152 2075 4221 ipsi

502 4239 713 4308 seipsos
741 4242 1407 4313 interpretanturtutoque
1434 4249 1729 4313 exponant.
1752 4240 1899 4296 Nihil
1928 4243 2075 4298 enim

2247 3603 2321 3658 A'.
2351 3599 2475 3671 Δοίη
2510 3597 2691 3653 τοίνυν
2729 3596 2861 3668 ἡμῖν
2889 3595 2918 3648 6
2960 3593 3172 3666 Σωτὴρ,
3217 3591 3465 3646 ἐντεῦθεν
3511 3589 3758 3661 ἀρξαμέ-

2176 3708 2286 3756 νοις
2308 3691 2401 3744 τοῦ
2440 3690 2619 3758 λόγου,
2651 3687 2859 3760 τάληθῆ
2894 3687 2988 3740 καὶ
3019 3686 3087 3739 τά
3128 3684 3406 3757 πρέποντα
3427 3684 3522 3736 καὶ
3552 3682 3621 3735 τά
3645 3698 3757 3734 σω-

2175 3785 2338 3855 τήρια
2366 3780 2735 3852 συμϐαλέσθαι
2767 3782 2879 3843 τοῖς
2912 3777 3178 3847 ἀδελφοῖς,
3207 3775 3344 3847 πρός
3378 3792 3437 3828 τε
3461 3773 3560 3845 τὴν
3590 3773 3757 3826 ἐλπί-

2174 3876 2240 3930 δα
2262 3875 2474 3947 πρῶτον
2498 3872 2690 3943 αὐτὴν,
2723 3872 2818 3927 καὶ
2839 3869 3088 3941 δεύτερον
3124 3868 3259 3941 πρὸς
3284 3869 3383 3939 τὴν
3412 3866 3511 3937 τῆς
3538 3865 3757 3927 ἐλπίδος

2173 3967 2556 4039 προσαγωγὴν.
2592 3965 2650 4019 ὐ
2669 3964 2733 4035 δὴ
2756 3961 3039 4034 χαρίζεται
3053 3960 3346 4031 δεομένοις,
3363 3959 3458 4012 καὶ
3470 3957 3757 4019 αίτοῦντας

2173 4057 2431 4111 διδάσκει·
2466 4056 2583 4109 λύει
2622 4072 2685 4108 τε
2718 4056 2817 4125 τὴν
2868 4053 3111 4121 ἄγνοιαν,
3160 4052 3254 4106 καὶ
3297 4050 3396 4120 τὴν
3442 4049 3755 4117 ἀπόγνωσιν

2174 4148 2507 4213 ἀποσείεται,
2545 4150 2672 4211 τοὺς
2722 4148 2917 4209 αὐτοὺς
2946 4145 3106 4199 πάλιν
3135 4143 3368 4212 εἰσάγων
3397 4141 3591 4209 λόγους
3623 4141 3755 4210 περὶ

2174 4238 2284 4293 τῶν
2309 4239 2577 4292 πλουσίων
2605 4236 2812 4291 ἑαυτῶν
2841 4234 3114 4309 ἑρμηνέας
3149 4232 3463 4303 γινομένους
3502 4232 3597 4284 καὶ
3624 4230 3755 4299 ἐξη-

502 4330 583 4385 sic
598 4329 773 4399 juvet,
806 4348 869 4387 ac
898 4335 1015 4404 ipsa
1038 4351 1231 4392 rursus
1248 4335 1438 4390 audire
1458 4334 1644 4401 verba,
1666 4348 1788 4404 quae
1811 4334 1869 4388 in
1892 4332 2073 4390 Evan-

2178 4330 2349 4403 γητάς
2391 4330 2671 4400 ἀσφαλεῖς.
2703 4329 2867 4383 Οὐδὲν
2894 4328 3013 4399 γὰρ
3047 4321 3158 4380 οἷον
3184 4324 3364 4378 αὐτῶν
3392 4318 3548 4386 αὖθις
3577 4320 3754 4375 ἀκοῦ-

500 4423 657 4494 geliis
688 4432 955 4495 exposita,
992 4444 1093 4485 nec
1116 4429 1268 4498 justo
1305 4430 1441 4484 satis
1486 4427 1737 4483 examine
1791 4434 1955 4498 atque
1985 4443 2075 4483 er-

500 4531 626 4571 rore
652 4517 997 4575 auditoribus
1027 4536 1140 4590 prae
1181 4520 1409 4575 infantia
1452 4517 1649 4575 mentis
1691 4528 1940 4589 accepta,
1976 4519 2074 4574 ha-

500 4620 693 4668 ctenus
719 4629 816 4670 vos
848 4617 1264 4671 conturbarunt.
1295 4632 1315 4666 ι
1353 4613 1419 4668 Et
1446 4628 1572 4668 cum
1604 4613 1778 4669 exiret
1816 4615 1872 4669 in
1904 4614 2070 4678 viam,

502 4703 767 4759 accedens
797 4705 1017 4775 quidam
1047 4722 1188 4776 genu
1232 4704 1504 4765 ﬂectebat,
1538 4703 1728 4761 dicens
1756 4723 1770 4760 :
1815 4704 2074 4776 Magister

500 4793 662 4860 bone,
694 4794 825 4865 quid
855 4795 1051 4851 faciam
1083 4802 1141 4848 ut
1162 4800 1220 4858 ἧι
1250 4793 1418 4850 vitam
1447 4799 1705 4849 aeternam
1727 4794 2079 4864 possideam?

498 4884 660 4942 Jews
692 4895 872 4942 autem
904 4888 981 4942 ait
1011 4906 1023 4942 :
1061 4885 1203 4952 Quid
1240 4900 1327 4940 me
1353 4884 1493 4941 dicis
1517 4886 1763 4940 bonum?
1789 4901 1952 4941 nemo
1975 4886 2077 4941 δο-

502 4995 607 5034 nus
633 4979 743 5034 nisi
770 4995 935 5042 unus,
972 4978 1136 5032 Deus.
1169 4975 1446 5048 Praecepta
1468 4979 1613 5033 nosti
1638 4999 1651 5033 :
1672 4977 1752 5034 Ne
1778 4978 2074 5041 adulteres,

501 5086 570 5125 ne
597 5071 845 5135 occidas,
893 5086 963 5126 ne
992 5068 1216 5132 fureris,
1255 5085 1322 5125 ne
1351 5070 1548 5126 falsum
1578 5072 1952 5126 testimonium
1988 5071 2080 5126 di-‘

502 5162 670 5230 xeris,
694 5177 764 5218 ne
793 5161 1039 5216 fraudem
1074 5159 1294 5224 feceris,
1339 5158 1549 5215 honora
1584 5170 1794 5231 patrem
1835 5168 1990 5215 tuum
2022 5169 2078 5216 et

503 5265 729 5311 matrem
758 5262 928 5308 tuam.
961 5251 1030 5305 At
1055 5251 1146 5306 ille
1177 5252 1531 5324 respondens,
1560 5253 1636 5307 ait
1660 5252 1737 5308 illi
1762 5269 1778 5307 :
1803 5251 1927 5308 llaec
1955 5266 2079 5308 om-

578 5416 637 5472 »Β
679 5406 742 5461 Ρ.
781 5343 886 5487 θέε
921 5404 1029 5460 ει).
1069 5402 1365 5460 Pomm.
1477 5419 1503 5448 ι
1540 5404 1717 5463 lCor.
1752 5406 1945 5473 ψει.

510 5632 546 5686 F
577 5562 690 5633 ll6)
760 5563 1326 5632 Ὑπομνημονεῦσαι.
1401 5563 1911 5635 ’Υποκαυμάτωσιν,
1971 5578 2073 5620 ms.

551 5649 669 5686 ELL.

566 5649 669 5685 ΞΜ..

551 5650 669 5687 ειι.

574 5703 684 5774 (17)
725 5702 1102 5772 Ἐπαιζοοιντο.
1150 5704 1465 5776 Ἐπαίροντο
1490 5704 1608 5775 τῆς,
1638 5720 1740 5762 'ns.
1775 5704 1848 5759 lu.

2175 4440 2266 4477 σαι
2295 4422 2404 4501 τῶν
2437 4422 2639 4493 ῥητῶν,
2664 4421 2808 4492 άπερ
2838 4420 2981 4490 ὑμᾶς
3011 4418 3070 4470 ἐν
3100 4419 3216 4479 τοῖς
3245 4414 3596 4485 Εὑαγγελίοις
3621 4412 3754 4484 ἀχρι

2174 4515 2269 4570 νῦν
2312 4515 2696 4587 διετάρασσεν,
2742 4509 3126 4574 ἀϐασανίστως·
3148 4508 3243 4563 καὶ
3292 4504 3754 4578 διημαρτημένως

2174 4607 2281 4660 ὑπὸ
2304 4606 2625 4679 νηπιότητος
2648 4602 3062 4676 ἀκροωμένους·
3096 4620 3117 4654 ι
3168 4597 3619 4672 Ἐκπορευομένῳ
3646 4596 3748 4648 αὑ-

2171 4699 2249 4772 τῷ
2277 4700 2356 4763 είς
2378 4698 2494 4752 ὁδὸν
2545 4695 2858 4769 προσελθών
2883 4712 2969 4759 τις
2998 4691 3331 4762 ἐγονυπέτει,
3362 4690 3552 4759 λέγων·
3585 4686 3745 4740 Διδά-

2176 4790 2341 4847 σκαλε
2388 4789 2582 4859 ἀγαθὲ,
2615 4789 2668 4842 τί
2712 4788 2912 4856 ἀγαθὸν
2943 4786 3181 4856 ποιήσω,
3223 4783 3311 4836 ἵνα
3346 4780 3491 4851 ζωὴν
3533 4777 3752 4833 αἰώνιον

2171 4883 2595 4955 κληρονομήσω;
2635 4882 2694 4935 '0
2714 4880 2772 4934 δέ
2816 4876 3022 4950 Ἰησοῦς
3040 4876 3208 4945 λέγει’
3237 4874 3301 4926 Τί
3326 4889 3393 4943 με
3411 4872 3591 4940 λέγεις
3613 4870 3751 4936 ἀγα-

2172 4974 2294 5038 θόν;
2344 4973 2518 5037 οὐδεὶς
2555 4970 2759 5041 ἀγαθὸς
2790 4972 2840 5023 εί
2873 4970 2947 5041 μὴ
2977 4964 3081 5032 εἷς,
3112 4968 3142 5019 6
3185 4964 3340 5029 Θεός.
3375 4963 3489 5025 Τάς
3532 4960 3753 5019 ἐντολάς

2171 5064 2337 5130 οἶδας·
2373 5065 2466 5136 Μὴ
2496 5063 2808 5135 μοιχεύσῃς,
2859 5061 2933 5133 μὴ
2974 5058 3260 5130 φονεύσῃς,
3302 5056 3377 5127 μὴ
3415 5054 3639 5127 κλέψῃς,
3674 5051 3751 5122 μὴ

2170 5158 2712 5230 ψευδομαρτυρήσῃς,
2740 5155 2813 5225 μὴ
2841 5153 3240 5224 ἀποστερήσῃς,
3265 5150 3402 5220 τίμα
3427 5148 3520 5201 τὸν
3543 5145 3752 5215 πατέρα

2173 5251 2267 5307 καὶ
2297 5250 2395 5322 τὴν
2424 5247 2654 5320 μητέρα.
2702 5249 2762 5301 '0
2789 5247 2847 5301 δέ
2873 5242 3193 5316 ἀποκριθεὶς
3228 5240 3375 5309 λέγει
3396 5237 3572 5309 αὐτῷ·
3608 5236 3751 5289 Πάν⁴

2254 5559 2364 5631 (18)
2392 5557 2798 5630 Γυμναστικῇ.
2831 5554 3220 5631 Ρνξιιρεάειιιία,
3251 5567 3351 5607 nec
3392 5565 3501 5631 non
3533 5555 3586 5602 et
3631 5561 3752 5618 qua

2185 5618 2492 5701 sequuntur
2514 5632 2582 5687 ad
2609 5618 3121 5700 .rem'ago'nisticam
3141 5632 3405 5693 spectant.
3444 5618 3607 5674 FSLL.
