4016 6308
291 296 401 352 609

1373 296 1572 352 LIBER
1616 297 1780 366 QUlS
1818 297 2018 353 DIVES
2059 296 2447 354 SALVETUR;

3437 301 3542 357 610

289 432 358 468 τα
380 412 554 469 ταῦτα
580 412 839 483 ἐφύλαξα.
874 414 933 469 '0
960 414 1018 470 δὲ
1056 415 1261 487 Ἰησοῦς
1285 416 1560 489 ἐμϐλέψας
1584 404 1848 490 ἡγὰπηᾶεε

1970 417 2059 473 nia
2087 417 2394 474 observavi.
2439 415 2598 473 Jesus
2644 424 2825 473 autem
2870 414 3106 474 intuitus
3147 418 3295 484 eum,
3344 418 3536 475 dilexit

287 505 452 561 αὐτὸν
481 507 574 560 καὶ
609 503 780 561 εἶπεν·
819 508 917 562 Ἔν
955 526 1036 562 σοι
1085 510 1319 582 ὕπερεῖο
1361 513 1410 565 εί
1457 510 1631 575 θέλεις
1660 513 1862 577 τέλειος

285 592 451 663 εἶναι,
484 596 733 670 πώλησον
774 599 875 653 ὅσα
901 600 1062 671 ἐχεις,
1117 600 1209 654 καὶ
1237 600 1414 665 διάδος
1459 604 1715 673 πτωχοῖς,
1762 603 1862 658 καὶ

284 689 434 756 ἕξεις
461 689 733 762 θησαυρὸν
756 693 815 745 ἐν
847 691 1080 764 οὐρανῷ·
1103 694 1197 747 καὶ
1218 692 1398 765 δεῦρο,
1427 694 1711 748 ἀκολούθει
1745 712 1857 767 μοι.

291 782 354 837 '0
386 782 469 847 δὲ,
499 784 806 852 στυγνάσας
822 785 914 838 ἐπὶ
944 785 1021 857 τῷ
1052 785 1213 857 λόγῳ,
1253 787 1463 858 ἀπῆλθε
1502 788 1858 859 λυπούμενοςο

276 868 351 945 ἦν
395 873 508 945 γὰρ
534 874 805 940 πλούσιος,
855 875 992 946 ἔχων
1029 879 1283 948 κτήματα
1312 877 1498 931 πολλά.
1528 879 1862 950 Περιὸλεψά-

279 981 452 1035 μενος
479 965 535 1019 δέ
576 967 606 1020 6
658 966 863 1037 Ἰησοῦς
890 967 1034 1037 λέγει
1070 971 1183 1033 τοῖς
1219 968 1485 1040 μαθηταῖς
1519 970 1704 1024 αὑτοῦ·
1736 970 1861 1035 Πῶς

272 1055 559 1121 δυσκόλως
586 1059 635 1110 οἱ
689 1057 758 1112 τὰ
798 1060 1057 1131 χρήματα
1087 1059 1301 1131 ἔχοντες
1333 1061 1726 1117 είσελεύσονται
1782 1065 1861 1127 εἰς

273 1148 383 1219 τὴν
419 1147 694 1218 βασιλείαν
718 1150 810 1204 τοῦ
844 1151 1009 1207 Θεοῦι
1056 1155 1119 1207 Οί
1157 1153 1213 1207 δέ
1248 1153 1485 1226 μαθηταὶ
1530 1154 1862 1225 ἐθαμϐοῦντο

276 1237 378 1289 ἐπὶ
410 1240 523 1299 τοῖς
549 1237 725 1306 λόγοις
746 1240 926 1293 αὑτοῦ.
947 1242 1114 1295 Πάλιν
1151 1242 1209 1295 δὲ
1242 1244 1270 1295 6
1309 1242 1516 1314 Ἰησοῦς
1542 1242 1860 1315 ἀποκριθεὶς

274 1328 431 1397 λέγει
461 1330 661 1394 αὐτοῖς’
689 1333 906 1398 Τεκνία,
933 1334 1048 1400 πῶς
1074 1335 1329 1390 δύσκολόν
1355 1338 1471 1389 ἐστι
1508 1337 1635 1400 τοὺς
1664 1351 1858 1388 πεποι-

276 1419 444 1484 θότας
477 1422 568 1475 ἐπὶ
586 1423 860 1495 χρήμασιν
887 1426 967 1489 είς
990 1426 1088 1498 τὴν
1112 1426 1382 1497 βασιλείαν
1399 1427 1493 1482 τοῦ
1527 1426 1661 1481 Θεοῦ
1688 1427 1859 1480 εἰσελ-

276 1511 426 1565 θείνί
477 1513 853 1587 Εὐκολώτερον
903 1516 989 1571 διὰ
1030 1519 1128 1590 τῆς
1150 1519 1458 1591 τρυμαλιᾶς
1504 1518 1605 1589 τῆς
1638 1517 1859 1590 βελόνης

275 1605 531 1676 κάμηλος
566 1605 927 1661 εἰσελεύσεται
958 1608 992 1680 ἢ
1032 1608 1284 1675 πλούσιος
1316 1612 1396 1675 εἰς
1421 1609 1521 1682 τὴν
1584 1609 1857 1680 βασιλείαν

273 1693 375 1747 τοῦ
403 1694 559 1749 Θεοῦ.
593 1698 657 1751 Oi
680 1697 735 1752 δέ
765 1698 1041 1771 περισσῶς
1068 1700 1477 1773 ἐξεπλήσσοντο,
1507 1702 1602 1755 καὶ
1639 1701 1851 1769 ἔλεγονο

1962 523 2108 571 eum,
2140 515 2195 563 et
2221 507 2400 562 dixit:
2452 506 2633 563 Unum
2664 509 2763 562 tibi
2814 507 2985 564 deest.
3026 507 3083 563 Si
3127 510 3210 565 vis
3256 509 3532 580 perfectus

1960 614 2102 662 esse,
2135 602 2308 657 vende
2341 618 2681 673 quaecunque
2721 602 2912 669 habes,
2948 613 3002 659 et
3033 603 3298 659 distribue
3327 620 3535 675 paupe-

1961 690 2135 755 ribus,
2169 700 2224 746 et
2260 692 2486 748 habebis
2518 694 2834 749 thesaurum
2871 695 2925 748 in
2955 694 3129 760 coelo;
3156 702 3211 749 et
3236 684 3381 759 veni,
3439 711 3533 751 se-

1960 796 2127 850 quere
2156 798 2261 839 me.
2289 782 2392 849 Qui
2422 784 2775 840 contristatus
2810 786 2865 839 in
2891 785 3079 849 verbo,
3102 785 3236 839 abiit
3260 800 3530 855 mmrens;

1960 883 2078 929 erat
2120 876 2264 930 enim
2309 876 2483 941 dives,
2534 876 2740 933 habens
2781 877 2981 930 multas
3015 877 3413 945 possessiones.
3467 879 3535 933 Et

1960 966 2407 1037 circumspiciens
2435 967 2615 1032 Jesus,
2646 969 2721 1022 ait
2744 968 3029 1039 discipulis
3050 970 3197 1025 suis:
3227 968 3402 1035 Quam
3434 970 3539 1025 dif-

1961 1057 2100 1114 ficile
2147 1059 2239 1129 qui
2269 1061 2527 1130 pecunias
2574 1061 2795 1125 habent,
2848 1063 2903 1115 in
2942 1077 3168 1133 regnum
3210 1061 3304 1117 Dei
3336 1062 3535 1117 introi-

1961 1150 2114 1204 bunt.
2138 1149 2399 1220 Discipuli
2428 1159 2605 1208 autem
2630 1152 3089 1222 obstupescebant
3110 1155 3165 1207 in
3192 1154 3369 1208 verbis
3391 1154 3533 1224 ejus.

1958 1240 2027 1295 At
2050 1238 2208 1297 Jesus
2236 1256 2429 1296 rursus
2459 1244 2818 1313 respondens,
2848 1245 2924 1298 ait
2956 1244 3099 1300 illis:
3132 1244 3334 1309 Filioli,
3362 1260 3528 1316 quam

1958 1332 2173 1388 dimcile
2219 1341 2304 1388 est
2333 1334 2672 1389 confidentes
2713 1334 2768 1388 in
2797 1336 3066 1405 pecuniis,
3100 1336 3329 1393 introire
3357 1338 3414 1391 in
3446 1352 3536 1392 re-

1957 1439 2122 1493 gnum
2155 1421 2277 1478 Dei!
2308 1421 2547 1480 Facilius
2578 1432 2662 1479 est
2690 1426 2959 1480 camelum
3004 1442 3101 1496 per
3131 1427 3374 1482 foramen
3399 1440 3533 1482 acus

1957 1514 2190 1586 ingredi,
2226 1530 2390 1586 quam
2419 1516 2638 1571 divitem
2674 1518 2879 1573 intrare
2912 1519 2967 1572 in
3005 1534 3232 1589 regnum
3265 1517 3378 1573 Dei.
3427 1518 3533 1586 Qui

1955 1608 2129 1678 magis
2166 1606 2595 1673 admirabantur,
2642 1618 2805 1680 atque
2842 1608 3098 1664 dicebant
3134 1628 3145 1664 :
3181 1609 3247 1662 Et
3274 1610 3403 1680 quis
3430 1626 3534 1679 po-

1957 1705 2065 1753 test
2088 1699 2273 1755 salvus
2304 1699 2459 1756 ﬁeri?
2489 1699 2554 1753 Et
2585 1700 2805 1757 intuens
2836 1702 2960 1757 illos
2999 1699 3161 1758 Jesus
3195 1702 3272 1755 ait
3307 1721 3320 1756 :
3372 1702 3533 1772 Apud

273 1787 375 1852 Τίς
384 1785 479 1842 οῦν
489 1789 705 1844 δύναται
724 1764 957 1861 meiut
975 1809 988 1858 ;
1005 1792 1063 1845 '0
1078 1791 1154 1856 δὲ,
1176 1794 1200 1845 ἐ
1207 1764 1447 1863 μθλέψας
1458 1764 1661 1857 αὐτοῖς,
1680 1764 1848 1848 εἶπεν·

1954 1788 2205 1846 homines
2233 1791 2567 1861 impossibile
2595 1799 2699 1855 est,
2733 1792 2827 1847 sed
2866 1808 2975 1848 non
3005 1793 3148 1862 apud
3182 1792 3385 1860 Deum;
3415 1764 3536 1848 om-

275 1881 345 1934 ὀ
358 1897 410 1932 τι
422 1882 572 1952 παρὰ
584 1881 680 1935 ἀνθ
689 1881 887 1954 ρώποις
897 1882 1154 1937 ἀδύνατον
1168 1883 1319 1956 παρὰ
1333 1884 1451 1956 Θεῷ
1464 1885 1687 1940 δυνατόν
1707 1903 1719 1916 ’
1729 1887 1856 1940 πάν-

269 1988 342 2024 τα
359 1971 471 2044 γὰρ
483 1973 680 2027 δυνατά
699 1976 813 2028 ἐστι
829 1974 979 2046 παρὰ
991 1975 1069 2046 τῷ
1089 1974 1225 2047 Θεῷ.
1247 1974 1487 2049 Ἠρξατο
1501 1980 1529 2031 6
1545 1978 1750 2050 Πέτρος
1774 1978 1857 2032 λέ-

270 2081 393 2134 γειν
421 2064 589 2137 αὐτῷ·
617 2066 744 2129 Ἴδε,
762 2068 922 2138 ἡμεῖς
939 2068 1230 2139 ἀφήκαμεν
1249 2068 1426 2123 πάντα
1443 2069 1537 2123 καὶ
1560 2070 1855 2143 ἠκολουθή-

269 2157 450 2228 σαμέν
467 2167 567 2210 σοί.
599 2158 939 2229 Ἀποκριθεὶς
965 2159 1020 2213 δὲ
1042 2161 1071 2212 6
1094 2159 1320 2231 Ἰησοῦς,
1343 2160 1507 2229 λέγει’
1534 2162 1705 2234 ’Λμὴν
1726 2163 1853 2235 ὑμῖν

265 2248 438 2317 λέγω,
472 2248 532 2313 ὃς
564 2249 631 2304 ἂν
664 2251 775 2322 ἀφῇ
793 2249 861 2304 τὰ
882 2251 990 2305 ἴδια
1016 2252 1108 2305 καὶ
1123 2254 1321 2320 γονεῖς,
1347 2253 1441 2305 καὶ
1468 2252 1854 2323 ἀδελφοὺς,καὶ

266 2342 535 2412 χρήματα
580 2340 764 2394 ἕνεκεν
819 2341 952 2411 ἐμοῦ
994 2343 1090 2396 καὶ
1137 2341 1323 2396 ἐνεκεν
1368 2341 1462 2396 τοῦ
1519 2344 1851 2414 Εὑαγγελίου

271 2448 399 2503 μου,
436 2431 779 2504 ἀπολήψεται
824 2432 1294 2504 ἐκατομπλασίονα
1323 2433 1418 2489 νῦν
1471 2436 1529 2489 ἐν
1570 2435 1648 2506 τῷ
1676 2435 1853 2508 καιρῷ

266 2522 468 2592 τούτῳ,
486 2523 690 2594 ἀγροὺς
715 2521 810 2576 καὶ
839 2524 1096 2594 χρήματα
1137 2525 1234 2577 καὶ
1264 2524 1443 2588 οἰκίας
1469 2526 1563 2579 καὶ
1590 2525 1851 2596 ἀδελφοὺς

270 2613 415 2684 μετὰ
439 2613 713 2686 διωγμῶν,
739 2604 865 2668 ἐνδέ
881 2613 958 2685 τῷ
988 2614 1268 2686 ἐρχομένῳ
1285 2613 1398 2687 ζωή
1431 2618 1579 2670 ἐστιν
1609 2616 1845 2682 αἰώνιος.

260 2707 468 2760 Πολλοὶ
513 2707 570 2761 δὲ
606 2705 819 2760 ἔσονται
864 2705 1072 2778 πρῶτοι
1112 2705 1350 2778 ἔσχατοι,
1400 2708 1495 2761 καὶ
1541 2708 1591 2762 oi
1632 2708 1849 2781 ἔσχατοι

260 2798 502 2870 πρῶτοι.
536 2817 554 2850 ι

343 2889 417 2943 Ε⁹.
442 2887 626 2942 Ταῦτα
654 2888 753 2960 μὲν
781 2889 840 2943 ἐν
868 2886 946 2960 τῷ
968 2886 1111 2941 κατὰ
1142 2887 1373 2960 Μάρκον
1407 2888 1723 2961 Εὑαγγελίῳ
1755 2890 1850 2959 γέ-

266 2996 533 3052 γραπται·
560 2982 653 3034 καὶ
688 2982 747 3035 ἐν
788 2982 902 3044 τοῖς
926 2978 1105 3042 ἄλλοις
1126 2978 1184 3032 δέ
1225 2980 1389 3035 πᾶσιν
1423 2978 1848 3053 (19)ὁμολογου-

1954 1880 2046 1935 nia
2074 1882 2219 1937 enim
2242 1882 2525 1952 possibilia
2554 1883 2695 1953 apud
2730 1882 2917 1938 Deum.
2943 1883 3122 1955 Coepit
3149 1892 3203 1940 et
3223 1883 3420 1940 Petrus
3451 1884 3534 1939 di-

1953 1985 2110 2027 cere:
2158 1970 2298 2027 Ecce
2337 1987 2439 2028 nos
2473 1971 2782 2029 dimisimus
2809 1974 3014 2039 omnia,
3045 1982 3098 2029 et
3125 1973 3297 2029 secuti
3340 1988 3532 2030 sumus

1954 2073 2027 2120 te.
2057 2063 2413 2135 Respondens
2439 2064 2621 2129 Iesus,
2648 2066 2722 2120 ait
2747 2084 2760 2121 :
2794 2067 2964 2122 Amen
2990 2066 3113 2122 dico
3139 2066 3317 2131 vobis,
3351 2067 3533 2123 omnis

1951 2157 2043 2226 qui
2070 2171 2169 2211 sua
2193 2156 2476 2228 reliquerit
2499 2164 2553 2213 et
2578 2164 2832 2228 parentes
2858 2164 2912 2212 et
2948 2156 3146 2213 fratres
3175 2164 3230 2213 et
3266 2156 3534 2229 pecunias

1951 2255 2173 2319 propter
2197 2263 2286 2304 me
2303 2256 2357 2303 et
2391 2255 2613 2320 propter
2644 2248 3027 2320 Evangelium;
3072 2249 3278 2304 centies
3315 2254 3532 2303 tantum
3600 2248 3601 2255 “

1952 2354 2097 2393 nunc
2135 2340 2191 2394 in
2220 2347 2463 2412 tempore
2493 2341 2598 2396 hoc
2628 2341 2875 2411 recipiet,
2916 2355 3077 2413 agros
3105 2348 3159 2396 et
3187 2340 3450 2410 pecunias
3478 2349 3536 2396 et

1950 2430 2141 2487 domos
2175 2438 2229 2487 et
2256 2431 2458 2488 fratres
2491 2448 2615 2487 cum
2644 2433 3141 2503 persecutionibus,
3168 2440 3223 2489 et
3255 2432 3312 2486 in
3342 2431 3531 2486 futuro

1948 2522 2058 2575 vita
2096 2531 2299 2579 aeterna
2339 2525 2463 2580 erit.
2503 2524 2657 2580 Multi
2699 2532 2881 2580 autem
2908 2532 3070 2581 erunt
3099 2524 3261 2595 primi
3292 2524 3537 2580 κιονίεεὶ-

1950 2612 2045 2677 mi,
2078 2621 2133 2668 et
2157 2615 2439 2671 novissimi
2471 2616 2633 2687 primi
2659 2629 2709 2673 ι.
2751 2634 2770 2668 ι

2023 2875 2084 2930 V.
2118 2878 2243 2935 Hac
2272 2876 2493 2948 quidem
2523 2877 2579 2932 in
2611 2876 2775 2933 Marci
2804 2876 3094 2949 Evangelio
3123 2877 3332 2947 scripta
3366 2883 3534 2945 sunt;

1947 2971 2080 3042 quin
2118 2978 2175 3028 et
2203 2971 2260 3025 in
2296 2971 2523 3041 reliquis
2553 2971 2711 3041 plane
2728 2971 2984 3027 omnibus
3014 2970 3203 3027 eadem
3235 2970 3529 3036 habentur,

271 3072 472 3142 μένως.
495 3070 671 3140 ὀλίγον
704 3072 801 3142 μὲν
832 3070 961 3135 ἴσως
990 3068 1294 3142 ἑκασταχοῦ
1326 3069 1434 3124 τῶν
1465 3070 1725 3143 ῥημάτων
1763 3075 1848 3126 ἐν-

1950 3063 2135 3134 paucis
2152 3061 2376 3119 forsitan
2393 3079 2487 3134 per
2501 3063 2748 3134 singulos
2759 3063 2940 3119 verbis
2960 3063 3290 3126 immutatis,
3303 3061 3397 3123 sed
3411 3077 3538 3132 quae

265 3161 545 3223 αλλάσσει,
582 3160 759 3214 πάντα
806 3160 863 3213 δέ
894 3160 995 3232 τὴν
1026 3158 1195 3231 αὐτὴν
1238 3158 1337 3231 τῆς
1375 3158 1600 3231 γνώμης
1624 3177 1847 3231 συμφω-

261 3249 388 3302 νίαν
423 3248 807 3302 ἐπιδείκνυται.
864 3249 957 3301 Δεῖ
982 3248 1058 3311 δὲ,
1106 3247 1294 3317 σαφῶς
1333 3248 1561 3314 εἰδότας,
1594 3250 1671 3314 ὡς
1696 3250 1845 3306 οὐδὲν

258 3338 630 3411 ἀνθρωπίνως
669 3341 698 3393 6
752 3340 963 3411 Σωτὴρ,
998 3337 1135 3393 ἀλλὰ
1172 3340 1351 3396 πάντα
1398 3338 1519 3412 θεία
1557 3341 1722 3413 σοφία
1751 3343 1845 3396 καὶ

262 3434 510 3504 μυστικῇ
540 3431 781 3485 διδάσκει
812 3434 940 3496 τοὺς
979 3432 1195 3496 ἐαυτοῦ,
1229 3434 1305 3505 μὴ
1338 3434 1612 3506 σαρκίνως
1638 3435 1844 3507 ἀκροᾶ-

260 3524 394 3578 σθαι
417 3524 527 3579 τῶν
572 3524 896 3595 λεγομένων,
928 3523 1064 3578 ἀλλὰ
1088 3524 1180 3579 τὸν
1218 3526 1275 3578 ἐν
1303 3526 1487 3588 αὐτοῖς
1527 3527 1845 3598 κεκρυμμέ-

256 3634 357 3671 νον
374 3615 500 3670 νοῦν
528 3616 666 3688 μετὰ
683 3617 781 3688 τῆς
807 3616 965 3681 ἀξίας
986 3617 1264 3689 ζητήσεως
1278 3617 1371 3671 καὶ
1397 3619 1666 3684 συνέσεως
1690 3621 1845 3692 ἐρευ-

257 3711 366 3781 νᾷν
394 3708 489 3763 καὶ
534 3707 990 3780 καταμανθάνειν.
1021 3709 1131 3762 Καὶ
1174 3708 1284 3779 γὰρ
1309 3708 1379 3763 τὰ
1423 3710 1515 3764 ὑπ’
1549 3709 1715 3764 αὐτοῦ
1745 3710 1841 3765 τοῦ

260 3800 471 3872 Κυρίου
496 3801 753 3856 δοκοῦντα
786 3799 1068 3872 ἡπλῶσθαι
1119 3800 1254 3871 πρὸς
1285 3801 1412 3865 τοὺς
1452 3801 1701 3874 μαθητὰς
1731 3802 1842 3857 τῶν

259 3893 571 3967 ᾑνιγμένῳς
591 3894 965 3966 ὑπειρημένων
986 3892 1137 3947 οὐδὲν
1161 3892 1401 3963 ἥττονος,
1433 3892 1569 3948 ἀλλὰ
1597 3894 1842 3960 πλείονος

262 3985 345 4039 ἔτι
375 3985 470 4038 νῦν
497 3986 597 4058 τῆς
626 3986 961 4050 ἐπιστάσεως
990 3984 1301 4057 εὑρίσκεται
1346 3985 1572 4056 δεόμενα
1609 3985 1698 4039 διὰ
1739 3986 1838 4059 τὴν

261 4075 820 4148 ὑπερϐάλλουσαντῆς
850 4076 1164 4146 φρονήσεως
1192 4076 1252 4130 ἐν
1298 4074 1482 4138 αὐτοῖς
1515 4074 1845 4147 ὑπερϐολήν.

260 4167 512 4223 Ὅπουδέ
538 4169 629 4222 καὶ
656 4168 726 4222 τὰ
750 4166 1077 4239 νομιζόμενα
1101 4167 1194 4220 ὑπ’
1214 4165 1377 4220 αὐτοῦ
1404 4165 1704 4237 διηνοίχθαι
1726 4166 1842 4227 τοῖς

261 4260 400 4327 ἔσω,
428 4262 522 4315 καὶ
545 4261 727 4325 αὐτοῖς
755 4263 870 4323 τοῖς
891 4260 990 4331 τῆς
1009 4258 1285 4331 βασιλείας
1313 4258 1527 4322 τέκνοις
1556 4259 1648 4312 ὑπ’
1673 4255 1838 4310 αὐτοῦ

259 4352 634 4423 καλουμένοις,
667 4348 748 4404 ἐτι
769 4350 960 4422 χρῄζει
996 4348 1275 4422 φροντίδος
1301 4348 1563 4413 πλείονος,
1599 4349 1741 4420 ἦπου
1771 4364 1838 4417 γε

1945 3157 2188 3213 eamdem
2217 3156 2414 3228 ubique
2433 3157 2759 3213 sententiam
2781 3157 3120 3214 contineant.
3148 3154 3315 3212 Decet
3344 3163 3527 3210 autem

1946 3264 2047 3304 nos
2092 3247 2189 3318 qui
2235 3255 2421 3317 aperte
2470 3248 2733 3311 sciamus,
2787 3247 2927 3302 nihil
2970 3245 3307 3302 Salvatorem
3360 3246 3523 3317 quasi

1944 3341 2184 3396 humano
2216 3353 2367 3395 more
2388 3340 2631 3395 locutum
2663 3354 2806 3413 esse,
2840 3339 2936 3396 sed
2975 3338 3160 3394 divina
3192 3339 3536 3410 mysticaque

1943 3432 2208 3504 sapientia
2245 3446 2378 3487 suos
2406 3439 2606 3486 cuncta
2646 3430 2934 3498 docuisse;
2976 3446 3258 3488 sermones
3285 3431 3385 3487 hos
3416 3446 3527 3485 non

1944 3523 2238 3579 carnaliter
2266 3522 2478 3587 audire,
2507 3522 2602 3577 sed
2633 3523 2888 3579 latentem
2909 3523 2968 3577 in
2994 3522 3078 3578 eis
3105 3537 3327 3578 sensum
3358 3522 3523 3593 digna

1943 3614 2361 3684 investigatione
2399 3612 2708 3684 mentisque
2736 3613 2959 3669 solertia
2984 3628 3047 3668 ac
3077 3614 3374 3685 sagacitate
3399 3629 3526 3683 per-

1941 3706 2160 3776 quirere
2177 3713 2232 3761 et
2255 3704 2562 3761 addiscere.
2592 3703 2729 3760 Nam
2759 3720 2885 3759 cum
2925 3712 2980 3760 et
3008 3705 3131 3776 ipsa
3159 3720 3377 3775 quoque
3398 3721 3527 3776 qua:

1941 3800 2012 3855 ab
2038 3799 2158 3871 ipso
2196 3798 2426 3854 Domino
2456 3797 2712 3854 videntur
2730 3796 3018 3868 discipulis
3055 3794 3228 3852 fuisse
3246 3795 3519 3867 exposita,

1940 3907 2051 3946 non
2102 3891 2321 3955 minori,
2353 3889 2451 3946 sed
2503 3889 2699 3959 majori
2736 3889 3034 3945 etiamnum
3078 3888 3525 3945 consideratione

1941 3981 2183 4052 indigere
2220 3987 2539 4044 noscantur,
2592 3994 2756 4050 quam
2794 3994 2916 4049 quae.
2946 3979 3237 4036 obscurius
3257 3994 3322 4035 ac
3371 3980 3522 4037 velut

1939 4073 2224 4143 aenigmate
2243 4072 2387 4128 dicta
2409 4080 2557 4137 sunt,
2588 4071 2660 4128 ob
2679 4069 3165 4142 profundissimam
3195 4070 3252 4126 in
3287 4074 3368 4128 eis
3397 4072 3520 4126 alti-

1940 4165 2185 4220 tudinem
2215 4178 2475 4220 sensuum
2499 4181 2515 4229 ;
2537 4177 2773 4233 cumque
2805 4162 2942 4217 adeo
2964 4161 3128 4217 etiam
3163 4162 3277 4228 illa,
3304 4178 3427 4234 quae
3447 4164 3520 4219 ab

1938 4268 2004 4309 eo
2028 4254 2229 4310 scholae
2248 4252 2569 4309 domesticis
2583 4252 2837 4307 videntur
2850 4252 3160 4321 explanata,
3185 4265 3250 4306 ac
3268 4250 3356 4319 iis,
3374 4268 3519 4323 quos

1941 4347 2010 4402 ab
2034 4362 2100 4402 eo
2141 4345 2284 4403 ﬁlios
2312 4345 2466 4416 regni
2497 4344 2808 4400 invenimus
2835 4349 3082 4408 vocatos,
3108 4341 3305 4412 majori
3338 4344 3521 4400 adhuc

260 4446 335 4500 τὰ
362 4444 589 4511 δόξαντα
636 4443 733 4515 μὲν
762 4441 948 4505 ἁπλῶς
990 4439 1357 4512 ἐξενηνέχθαι,
1407 4441 1500 4494 καὶ
1535 4440 1624 4494 διὰ
1675 4440 1834 4494 τοῦτο

1950 4452 2074 4508 ψυε
2101 4436 2335 4493 habeant
2363 4436 2729 4507 indagatione,
2752 4450 2918 4506 quam
2944 4450 3067 4505 qua:
3104 4433 3358 4491 videntur
3381 4435 3520 4491 sim-

264 4538 404 4610 μηδέ
428 4536 806 4608 διηρωτημένα
850 4534 987 4607 πρὸς
1013 4533 1145 4587 οτῶν
1187 4536 1557 4598 ἀκουσάντων,
1594 4537 1675 4599 είς
1711 4532 1832 4589 ὅλον

259 4628 319 4682 δὲ
346 4628 406 4681 τὸ
429 4627 583 4691 τέλος
609 4626 739 4681 αὐτὸ
764 4626 863 4697 τῆς
882 4625 1178 4709 ὶσωτηρίας
1212 4623 1594 4698 διαφερόντων,
1629 4642 1836 4698 σκοπη-

260 4720 509 4790 σομὲνων
531 4719 586 4772 δέ
617 4719 910 4791 θαυμαστῷ
930 4720 1026 4773 καὶ
1064 4717 1443 4791 ὑπερουρανίῳ
1473 4717 1713 4781 διανοίας
1739 4718 1837 4789 βά-

259 4810 366 4875 θει,
391 4812 493 4865 οὐκ
524 4810 850 4874 ἐπιπολαίως
878 4809 1124 4880 δέχεσθαι
1153 4812 1276 4873 ταῖς
1300 4810 1492 4874 ἀκοαῖς
1533 4809 1832 4882 προσῆκεν,

1936 4529 2149 4599 pliciter
2181 4529 2250 4584 ab
2277 4528 2590 4598 eoprolata,
2619 4542 2740 4597 quae
2756 4526 2985 4596 proinde
3009 4541 3171 4583 nemo
3203 4526 3515 4583 auditorum

1936 4625 2286 4697 interrogavit
2352 4634 2412 4679 ut
2459 4632 2881 4694 exponerentur,
2947 4628 3007 4686 >14
3062 4622 3389 4693 pertinentia
3441 4623 3515 4678 ad

1937 4718 2116 4788 ipsum
2168 4716 2359 4773 salutis
2409 4714 2590 4783 linem,
2622 4714 2983 4784 mirandoque
3033 4729 3097 4768 ac
3135 4715 3513 4784 superccelesti

1937 4809 2134 4864 mentis
2182 4806 2580 4863 consideranda
2633 4803 2937 4876 profundo;
2970 4819 3081 4860 non
3136 4802 3515 4874 perfunctorie

260 4904 398 4959 ἀλλὰ
448 4902 734 4968 καθιέντας
762 4882 853 4957 τὸν
883 4902 1007 4957 νοῦν
1053 4904 1141 4956 ἐπ’
1194 4902 1326 4957 αὐτὸ
1370 4902 1431 4956 τὺ
1484 4901 1708 4975 Πνεῦμα
1737 4902 1834 4957 τοῦ

1950 4913 2052 4953 tunc
2078 4897 2303 4952 auribus
2336 4895 2655 4959 haurienda,
2687 4894 2784 4952 sed
2808 4895 2884 4949 ita
2922 4903 2979 4949 ut
3011 4894 3077 4948 ad
3111 4894 3287 4963 ipsum
3319 4891 3511 4946 Salva-

258 4996 517 5068 Σωτῆρος
550 4997 647 5050 καὶ
671 4994 732 5048 τδ
755 4996 852 5067 τῆς
875 4993 1098 5066 γνώμης
1129 4995 1456 5068 ἀπόρρητον.

338 5175 428 5241 ς’.
474 5172 777 5245 Ἦρὼτηται
812 5173 909 5245 μὲν
938 5173 1047 5245 γὰρ
1076 5172 1242 5244 ἡδέως
1271 5174 1301 5225 6
1331 5172 1533 5245 Κύριος
1551 5172 1710 5245 ἡμῶν
1736 5172 1834 5227 καὶ

260 5263 455 5337 Σωτὴρ
496 5264 755 5336 ἐρώτημα
785 5264 1247 5336 καταλληλότατον
1270 5263 1436 5334 αὐτῷ’
1489 5265 1522 5336 ή
1554 5263 1675 5335 Ζωὴ
1704 5265 1832 5334 περὶ

260 5355 429 5428 ζωῆς,
461 5358 490 5410 6
518 5358 708 5432 Σωτὴρ
754 5357 882 5431 περὶ
915 5357 1205 5430 σωτηρίας,
1249 5357 1280 5409 6
1321 5356 1649 5420 Διδάσκαλος
1704 5357 1833 5429 περὶ

1937 4988 2072 5043 toris
2112 4985 2374 5057 Spiritum
2400 5000 2466 5041 ac
2493 4988 2778 5042 sententia:
2823 4999 3085 5039 arcanum
3119 4984 3362 5038 animum
3412 4981 3511 5037 de-

1937 5080 2240 5134 mittamus.

2008 5169 2097 5225 γι.
2149 5168 2399 5224 Iucunda
2445 5177 2592 5223 certe
2621 5166 2851 5222 Domino
2898 5171 3089 5220 nostro
3141 5178 3206 5218 ac
3238 5160 3506 5217 Salvatori

1937 5264 2119 5320 oblata
2148 5263 2380 5334 quaestio
2415 5269 2520 5325 est,
2546 5261 2646 5330 ipsi
2677 5260 2934 5315 nimirum
2965 5256 3505 5313 convenientissima.

1936 5352 2140 5425 Nempe
2181 5354 2361 5409 oblata
2407 5352 2636 5422 quaestio
2666 5349 2804 5405 Vitae
2850 5347 2917 5405 de
2946 5348 3076 5411 vita,
3109 5344 3378 5401 Salvatori
3437 5341 3510 5401 de

336 5520 395 5578 ᾗ
431 5512 495 5570 Ρ.
537 5453 643 5597 ᾀθ
681 5514 789 5571 ED.
829 5512 1125 5570 POTTER.
1203 5509 1419 5567 aMarc.
1461 5527 1525 5577 Χ,
1560 5510 1649 5578 17,
1687 5510 1773 5577 18,
1806 5526 1848 5566 st

1950 5455 2161 5581 ,Χ

332 5669 701 5744 (19)Πᾶσιν.λ
734 5668 985 5744 Matthzeo
1030 5669 1289 5725 nimirum
1314 5675 1387 5740 _et
1428 5664 1649 5733 Marco;
1694 5679 1820 5721 nam
1857 5664 2095 5723 Joannes
2125 5681 2213 5722 res
2240 5674 2421 5738 gestas
2461 5661 2530 5719 ad
2552 5661 2795 5719 historia
2824 5659 3051 5718 modum
3087 5655 3312 5712 minime
3352 5667 3509 5711 enar-

263 5739 466 5799 randas
494 5742 752 5814 suscepit.
785 5739 945 5796 FELL.
