4016 6308
565 262 666 318 611

1729 260 2122 319 (ΖιΕΜΕΝἸῚΞ
2159 260 2630 316 ALEXANDIIINI

3728 259 3830 314 ﬁli

565 380 766 443 salute,
816 377 1076 450 Magistro
1111 394 1173 432 ac
1211 379 1422 433 doctori
1467 379 1532 434 de
1566 379 1740 448 capite
1783 395 1974 435 eorum
2019 395 2123 450 qua

2240 378 2532 446 κεφαλαίου
2587 377 2694 432 τῶν
2744 377 3140 448 διδασκομένων
3198 377 3505 448 δογμάτων,
3566 378 3830 446 ’Δλὴθεια

563 469 816 541 dogmate
855 471 1229 532 tradebantur,
1257 469 1486 524 Veritati
1539 471 1607 525 de
1640 485 1765 524 vera
1813 472 2135 526 immortali—

564 570 696 626 tate,
721 562 900 618 Verbo
928 567 993 618 de
1021 571 1248 634 paterno
1280 564 1443 618 verbo
1480 571 1642 633 atque
1688 564 1961 627 doctrina,
2005 564 2134 620 Per-

563 652 706 708 fecto
736 653 802 708 de
827 653 1062 724 perfecta
1098 654 1306 724 requie,
1339 653 1746 724 lncorruptibili
1769 655 1837 710 de
1870 655 2022 709 firma
2051 655 2136 710 in-

563 745 933 814 corruptione.
955 743 1028 799 De
1059 744 1166 798 illis
1189 745 1370 799 oblata
1397 746 1476 798 illi
1505 746 1732 814 quaestio
1763 756 1868 810 est,
1899 761 2134 816 quorum

562 837 723 892 etiam
753 851 920 891 causa
948 836 1319 898 descenderat,
1353 837 1553 907 quibus
1593 838 1848 900 instituit,
1885 853 2004 910 qua:
2035 838 2134 892 do-

563 935 668 991 cet,
709 943 829 997 qua:
862 928 1086 997 praebet,
1130 937 1188 981 ut
1219 927 1470 982 osmndat
1518 927 1792 998 Evangelii
1846 944 2135 1000 argumen-

563 1031 675 1074 tum
703 1035 845 1086 esse,
881 1028 940 1074 ut
968 1022 1076 1074 vita
1105 1029 1304 1074 aaterna
1334 1022 1451 1092 ipsa
1478 1022 1771 1076 tribuatur.
1808 1020 2134 1077 Praesciebat

563 1122 744 1168 autem
778 1122 836 1167 ut
877 1113 1040 1175 Deus,
1081 1123 1192 1167 tum
1225 1129 1344 1184 quae
1384 1114 1801 1184 interrogandus
1829 1121 1968 1178 erat,
2015 1121 2131 1166 tum

561 1205 704 1274 quod
728 1221 1050 1276 responsum
1077 1205 1417 1272 interrogans
1457 1213 1600 1260 esset
1629 1218 1972 1275 accepturus.
1997 1203 2132 1271 Quis

561 1298 705 1349 enim
738 1295 790 1349 id
824 1296 1004 1365 potius
1036 1295 1221 1350 fecerit
1243 1311 1403 1363 quam
1437 1297 1697 1364 propheta
1719 1296 2127 1365 prophetarum,

559 1388 847 1455 omnisque
871 1387 1169 1457 prophetici
1214 1386 1439 1455 spiritus
1491 1388 1694 1463 arbiter
1723 1402 1787 1443 ac
1826 1387 2130 1444 Dominus?

560 1476 799 1533 Vocatus
822 1485 1003 1534 autem
1054 1481 1249 1545 bonus,
1290 1495 1317 1532 a
1350 1481 1526 1549 primo
1572 1481 1676 1535 hoc
1703 1481 1868 1536 verbo
1912 1491 2129 1552 sumpta

560 1571 852 1625 occasione
889 1571 1014 1626 inde
1068 1573 1231 1625 etiam
1277 1572 1581 1626 doctrinam
1613 1575 1950 1643 auspicatur,
1991 1590 2124 1629 con-

559 1673 776 1718 vertens
842 1664 1096 1733 discipuli
1148 1667 1386 1719 animum
1436 1668 1489 1721 in
1527 1665 1694 1722 Deum
1752 1667 1977 1732 bonum,
2016 1669 2128 1738 pri-

558 1771 816 1826 tuumque
858 1771 922 1810 ac
961 1758 1134 1811 solum
1167 1758 1289 1812 vitae
1315 1766 1531 1813 aeternae
1560 1759 1924 1828 praebitorem,
1961 1775 2125 1830 quam

559 1851 628 1903 ab
653 1866 719 1904 eo
743 1858 1038 1926 acceptam,
1078 1852 1238 1906 nobis
1263 1850 1474 1906 confert
1515 1850 1707 1906 Filius.

631 1940 743 1997 Vll.
778 1939 963 2011 Itaque
984 1943 1278 1996 maximum
1317 1951 1368 1997 et
1403 1945 1736 2013 praecipuum
1771 1943 2128 2000 documento-

558 2050 679 2088 rum
729 2034 794 2089 ad
837 2035 999 2087 vitam
1033 2036 1416 2104 spectantium,
1445 2034 1513 2088 ab
1543 2035 1698 2089 initio
1727 2037 1909 2090 statim
1942 2038 2126 2093 animo

561 2125 908 2178 inserendum
939 2132 1058 2190 est;
1107 2132 1166 2178 ut
1203 2123 1344 2180 Deus
1374 2133 1610 2181 aeternus
1645 2141 1766 2180 esse
1793 2141 1856 2180 ac
1889 2136 2122 2183 azterno-

560 2231 678 2269 rum
712 2215 887 2279 dator,
925 2225 1283 2284 agnoscatur;
1325 2217 1669 2287 primumque
1694 2232 1758 2272 ac
1788 2233 2122 2288 supremum,

557 2319 609 2363 ct
642 2323 808 2360 unum
841 2323 904 2361 ac
932 2307 1133 2362 bonum
1174 2307 1365 2372 Deum,
1421 2309 1589 2364 Deum
1633 2309 1791 2365 nobis
1823 2325 1918 2379 per
1945 2312 2124 2365 scien-

558 2402 687 2453 tiam
732 2407 786 2454 et
825 2401 1369 2469 comprehensionem
1414 2401 1776 2457 vindicemus.
1821 2401 1934 2456 Hoc
1978 2403 2122 2456 enim

558 2490 834 2545 immobile
857 2491 1349 2560 inconcussumque
1380 2491 1704 2561 principium
1735 2500 1789 2546 et
1825 2493 2125 2561 principale

555 2580 681 2633 vitae
711 2579 1109 2646 fulcimentum,
1145 2578 1259 2643 Dei,
1286 2581 1378 2648 qui
1399 2589 1484 2635 est
1516 2595 1641 2634 vere
1671 2581 1919 2645 scientia,
1951 2591 2005 2638 et
2030 2584 2122 2652 qui

555 2685 620 2724 ea
649 2685 768 2739 quae
792 2680 920 2724 sunt
945 2671 1166 2741 (aeterna
1191 2671 1422 2741 scilicet)
1456 2672 1713 2742 largitur;
1742 2688 1808 2726 ex
1829 2687 1937 2741 quo
1959 2674 2121 2729 etiam

557 2762 679 2816 aliis
713 2763 980 2832 provenit,
1017 2769 1076 2816 ut
1124 2778 1246 2818 esse
1296 2765 1586 2834 accipiant,
1628 2780 1802 2833 eoque
1828 2766 2121 2821 incolumia

556 2854 684 2910 sint.
713 2853 884 2924 Hujus
909 2856 1106 2926 quippe
1131 2856 1396 2926 ignoratio
1420 2873 1568 2912 mors
1594 2867 1710 2925 est;
1730 2859 1968 2928 cognitio
1995 2874 2122 2915 vero

553 2955 608 3000 et
638 2948 983 3002 necessitudo
1011 2955 1174 3017 atque
1203 2947 1271 3000 ad
1296 2964 1419 3002 eum
1448 2948 1669 3003 dilectio
1701 2950 1970 3022 ductaque
1996 2965 2119 3006 cum

553 3053 618 3091 eo
650 3039 969 3101 similitudo,
1005 3040 1118 3094 sola
1150 3039 1258 3093 vita
1291 3042 1524 3097 exsistit.

624 3127 783 3197 337
808 3126 939 3181 Vlll.
974 3125 1129 3184 Hunc
1174 3145 1304 3199 ergo
1339 3132 1572 3200 primum
1607 3133 2011 3202 agnoscendum
2036 3135 2128 3204 ju-

555 3219 646 3274 bet
677 3222 725 3274 ei
758 3221 850 3290 qui
871 3237 1054 3276 veram
1082 3224 1249 3277 vitam
1297 3225 1369 3279 sit
1419 3235 1672 3282 acturus:
1707 3247 1726 3278 ι
1757 3226 1926 3294 Quem
1959 3245 2119 3284 nemo

485 3307 502 3319 ⁸
553 3313 826 3368 novitnisi
859 3311 1052 3378 Filius,
1075 3322 1129 3370 et
1144 3317 1231 3369 cui
1267 3316 1438 3372 Filius
1464 3319 1781 3374 revelaverit
1817 3333 1864 3376 ι.
1905 3340 1924 3374 ι
1961 3321 2121 3376 Exin-

553 3406 621 3459 de
672 3408 1057 3478 cognoscenda
1127 3417 1210 3464 est
1264 3413 1578 3481 magnitudo
1644 3411 1942 3470 Salvatoris
1996 3424 2120 3486 post

552 3496 705 3550 illum
756 3511 1002 3566 novaque
1034 3498 1227 3567 gratia,
1277 3500 1530 3569 quodque
1575 3501 1733 3571 juxta
1773 3502 2115 3575 Apostolum,

558 3604 577 3636 ς
613 3585 699 3640 lex
731 3600 827 3654 per
863 3586 1100 3656 Moysem
1149 3587 1274 3641 data
1310 3596 1424 3655 est;
1457 3592 1629 3661 gratia
1686 3600 1741 3648 et
1780 3595 1982 3652 veritas
2023 3614 2120 3668 per

549 3679 730 3735 Iesum
761 3681 1040 3736 Christum
1070 3682 1206 3737 facta
1229 3691 1313 3739 est
1349 3686 1407 3751 b;
1447 3703 1465 3737 ι
1498 3702 1598 3741 nec
1625 3688 1775 3757 paria
1798 3697 1947 3754 sunt,
1997 3706 2118 3759 qua:

552 3788 650 3842 per
673 3789 888 3827 servum
929 3774 1141 3829 ﬁdelem
1189 3776 1315 3830 data
1364 3785 1512 3844 sunt,
1545 3786 1742 3849 etquae
1766 3795 1796 3833 a
1841 3797 1970 3836 vero
2005 3782 2116 3836 filio

550 3864 749 3916 donata
783 3872 930 3918 sunt.
962 3864 1206 3935 Denique
1245 3867 1292 3922 si
1323 3866 1522 3940 Moysis
1561 3870 1647 3925 lex
1679 3872 1950 3927 sufliciens
2000 3883 2117 3928 erat

550 3963 610 4006 ut
640 3955 805 4008 vitam
834 3965 1154 4024 praestaretc
1178 3977 1192 4025 ;
1219 3959 1421 4014 frustra
1451 3961 1709 4016 nimirum
1729 3961 1976 4018 Salvator
2000 3965 2116 4034 ipse

2239 471 2366 541 περὶ
2397 471 2495 539 τῆς
2516 468 2774 539 ἀληθινῆς
2798 468 3118 534 ἀθανασίας,
3153 472 3180 523 6
3209 470 3378 538 Λόγος
3415 471 3545 541 περὶ
3573 468 3675 522 τοῦ
3716 471 3829 522 Πα-

2234 561 2360 635 τρὸς
2384 562 2565 630 λόγου,
2599 564 2627 615 6
2661 561 2877 625 Τέλειος
2909 563 3034 632 περὶ
3063 564 3159 634 τῆς
3192 563 3401 628 τελείας
3433 564 3829 625 ἀναπαύσεως,

2233 657 2262 707 6
2301 655 2608 724 Ἀφθαρτος
2653 654 2783 726 περὶ
2812 655 2913 724 τῆς
2945 655 3167 725 βεϐαίας
3197 656 3520 728 ἀφθαρσίας.
3565 654 3830 726 ’Πρώτη-

2232 762 2325 799 ται
2368 748 2495 818 περὶ
2541 747 2744 800 τούτων
2790 747 2922 819 περὶ
2947 740 3020 800 ὧν
3053 749 3148 801 καὶ
3196 749 3578 819 κατελήλυθεν,
3617 749 3658 802 ἂ
3701 767 3834 802 παι-

2233 833 2396 900 δεύει,
2421 835 2457 889 ἀ
2487 835 2746 903 διδάσκει,
2777 836 3075 908 διπαρέχει,
3110 838 3196 890 ἵνα
3226 837 3374 911 δείξῃ
3406 837 3504 910 τὴν
3522 839 3618 892 τοῦ
3644 839 3831 907 Εὐαγ-

2233 927 2411 995 γελίου
2445 928 2720 994 ὑπόθεσιν,
2744 929 2825 982 ὅτι
2844 929 2987 992 δόσις
3006 930 3151 982 ἐστὶν
3182 931 3398 984 αἰωνίου
3425 931 3587 1000 ζωῆς.
3625 931 3828 1002 Προεῖ-

2231 1019 2288 1071 δε
2321 1019 2376 1072 δὲ
2404 1020 2479 1084 ὡς
2509 1021 2640 1085 Θεὸς
2673 1023 2768 1075 καὶ
2798 1021 2834 1075 ἃ
2866 1022 3047 1092 μέλλει
3081 1023 3594 1094 διερωτηθήσεσθαι,
3637 1026 3739 1078 καί
3791 1025 3826 1079 ἃ.

2236 1111 2416 1181 μέλλει
2446 1129 2531 1176 τις
2571 1112 2717 1184 αὐτῷ
2748 1114 3162 1185 ἀποκρίνεσθαι.
3199 1115 3294 1178 Τίς
3328 1116 3436 1186 γὰρ
3470 1117 3568 1170 καὶ
3612 1116 3824 1186 μᾶλλον

2231 1200 2264 1270 ἢ
2289 1202 2316 1252 ὁ
2349 1203 2632 1274 προφήτης
2662 1198 2976 1276 προφητῶν,
3011 1205 3105 1258 καὶ
3134 1205 3336 1276 Κύριος
3370 1207 3571 1269 παντὸς
3598 1225 3825 1278 προςη-

2228 1292 2381 1346 τικοῦ
2441 1294 2781 1365 πνεύματος;
2831 1297 3068 1368 Κληθεὶς
3104 1298 3159 1350 δὲ
3219 1298 3438 1366 ἀγαθὸς,
3503 1300 3597 1352 ἀπ’
3651 1301 3821 1353 αὐτοῦ

2230 1381 2446 1454 πρώτου
2471 1385 2566 1439 τοῦ
2594 1387 2835 1458 ῥήματος
2861 1388 3050 1441 τούτου
3083 1389 3144 1442 τὸ
3175 1389 3451 1461 ἐνδόσιμον
3483 1391 3698 1455 λαὸὼν,
3732 1393 3820 1444 ὲν-

2227 1472 2416 1528 τεῦθεν
2441 1476 2534 1528 καὶ
2559 1475 2660 1545 τῆς
2687 1477 3031 1541 διδασκαλίας
3061 1480 3306 1550 ἄρχεται,
3338 1480 3699 1550 ἐπιστρέφων
3729 1481 3820 1533 τὸν

2231 1566 2476 1639 μαθητὴν
2507 1569 2600 1620 ἐπὶ
2636 1569 2724 1622 τὸν
2766 1571 2898 1623 Θεὸν
2929 1571 3017 1625 τὸν
3050 1570 3271 1640 ἀγαθὸν,
3306 1571 3401 1624 καὶ
3433 1570 3657 1644 πρῶτον
3716 1573 3816 1625 καὶ

2234 1657 2393 1728 μόνον
2430 1659 2573 1730 ζωῆς
2606 1662 2824 1715 αἰωνίου
2855 1664 3082 1734 ταμίαν,
3112 1662 3178 1734 ἢν
3207 1663 3237 1715 6
3270 1663 3400 1726 Υἱὸς
3427 1663 3650 1716 δίδωσιν
3682 1665 3815 1734 ἡμῖν

2232 1770 2306 1805 πα
2311 1753 2360 1821 ρ’
2384 1752 2590 1806 ἐκείνου
2617 1752 2813 1807 λαϐὼν.

2299 1937 2371 1988 Z'.
2406 1935 2612 1988 Οὐκοῦν
2661 1935 2724 1988 τὸ
2785 1934 3040 2003 μέγιστον
3101 1934 3193 1988 καὶ
3221 1936 3656 2007 κορυφαιότατον
3709 1937 3814 1990 τῶν

2228 2024 2365 2096 πρὸς
2393 2027 2491 2096 τὴν
2521 2026 2664 2096 ζωὴν
2726 2025 3086 2096 μαθημάτων,
3138 2026 3243 2079 ἀπὸ
3293 2027 3390 2098 τῆς
3435 2028 3615 2100 ἀρχῆς
3651 2029 3813 2092 εὐθὺς

2225 2119 2626 2187 ὲγκαταθέσθαι
2649 2122 2714 2191 τῇ
2746 2119 2890 2190 ψυχῇ
2919 2119 3018 2172 δεῖ’
3047 2120 3247 2188 γνῶναι
3281 2124 3370 2176 τὸν
3399 2121 3535 2175 Θεὸν
3569 2122 3666 2176 τὸν
3686 2122 3812 2175 ald:-

2227 2230 2360 2276 νιον,
2395 2213 2488 2266 καὶ
2516 2213 2716 2284 δοτῆρα
2753 2212 3006 2277 αἰωνίων,
3047 2214 3142 2267 καὶ
3175 2214 3407 2284 πρῶτον,
3441 2215 3538 2267 καὶ
3569 2215 3813 2287 ὑπέρτα-

2224 2322 2337 2369 τον,
2371 2306 2466 2358 καὶ
2496 2305 2611 2366 ἕνα,
2643 2305 2738 2357 καὶ
2770 2303 2968 2374 ἀγαθὸν
3022 2304 3152 2358 Θεὸν
3183 2305 3482 2376 κτήσασθαι
3525 2305 3614 2359 διὰ
3671 2305 3810 2373 γνὼ-

2228 2413 2364 2460 σεως
2393 2396 2486 2448 καὶ
2515 2395 2888 2466 καταλήψεως.
2936 2395 3081 2467 Αὕτη
3123 2397 3231 2470 γὰρ
3252 2398 3520 2469 ἄτρεπτος
3541 2400 3642 2453 καὶ
3676 2401 3810 2454 ἀσά-

2225 2487 2411 2550 λευτος
2441 2486 2605 2559 ἀρχὴ,
2638 2488 2733 2540 καὶ
2763 2488 2968 2558 κρηπὶς
3005 2487 3171 2557 ζωῆς,
3221 2490 3497 2562 ἐπιστήμη
3547 2490 3688 2544 Θεοῦ
3714 2489 3804 2543 τοῦ

2225 2581 2392 2643 ὅντως
2406 2581 2581 2643 ὄντος,
2619 2580 2712 2633 καὶ
2739 2580 2807 2632 τὰ
2826 2581 2974 2642 ὄντα,
2999 2581 3244 2634 τουτέστι
3272 2581 3340 2635 τὰ
3359 2581 3578 2648 αἰώνια,
3607 2582 3808 2654 δωρου-

2231 2673 2413 2744 μένου·
2439 2672 2500 2738 ὲξ
2531 2667 2592 2727 οὗ
2623 2673 2718 2725 καὶ
2742 2672 2802 2726 τὸ
2829 2667 2967 2725 εἶναι
3006 2675 3118 2736 τοῖς
3148 2673 3326 2738 ἄλλοις
3352 2674 3586 2745 ὑπάρχει
3616 2677 3718 2728 καὶ
3746 2675 3804 2729 τὸ

2229 2767 2407 2836 μεῖναι
2430 2764 2752 2836 (20)λα6εῖν.
2787 2764 2852 2818 Ἦ
2879 2765 2974 2836 μὲν
3001 2764 3110 2835 γὰρ
3139 2765 3329 2818 τούτου
3347 2767 3542 2834 ἄγνοια
3572 2767 3802 2830 θάνατός

2225 2861 2391 2921 ἐστιν,
2450 2859 2483 2928 ἡ
2533 2858 2590 2911 δὲ
2649 2858 2940 2926 ἐπίγνωσις
2998 2856 3164 2910 αὺτοῦ
3212 2858 3305 2911 καὶ
3361 2859 3659 2922 οἰκείωσις,
3710 2861 3802 2913 καὶ

2225 2948 2359 3020 πρὸς
2414 2947 2572 3001 αὑτὸν
2618 2947 2806 3016 ἀγάπη
2862 2948 2958 3001 καὶ
3012 2947 3346 3018 ἐξομοίωσις,
3383 2950 3516 3021 μόνη
3554 2950 3698 3021 ζωή.

2240 3130 2322 3182 Η’.
2362 3128 2565 3182 Τοῦτον
2599 3122 2694 3182 οῦν
2755 3125 2984 3198 πρῶτον
3036 3129 3338 3197 ἐπιγνῶναι
3385 3132 3465 3202 τῷ
3508 3132 3800 3207 ζησομένῳ

2220 3224 2318 3294 τὴν
2349 3223 2516 3285 ὅντως
2545 3221 2691 3292 ζωὴν
2718 3221 3165 3292 παρακελεύεται,
3206 3223 3292 3275 «ὃν
3328 3225 3502 3288 οὐδεὶς
3535 3228 3797 3295 ὲπιγινὼο

2222 3331 2362 3376 σκει,
2395 3314 2442 3366 εί
2479 3312 2552 3384 μὴ
2579 3312 2752 3375 ὁΥἱὸς
2780 3314 3123 3385 ἀποκαλύψῃ.
3162 3334 3180 3365 ι
3217 3316 3444 3368 Ἔπειτα
3473 3317 3535 3369 τὸ
3568 3318 3798 3388 μέγεθος

2219 3407 2313 3461 τοῦ
2344 3407 2592 3478 Σωτῆρος
2618 3409 2730 3477 μετ’
2763 3409 2966 3460 ἐκεῖνον
2997 3408 3088 3460 καὶ
3124 3407 3226 3479 τὴν
3250 3409 3542 3480 καινότητα
3567 3410 3670 3479 τῆς
3699 3412 3798 3481 κά’

2223 3517 2366 3570 ριτος
2391 3498 2598 3569 μαθεῖν,
2617 3499 2696 3551 ὅτι
2724 3497 2809 3567 δὴ,
2843 3496 2984 3550 κατὰ
3008 3497 3099 3550 τὸν
3143 3499 3482 3564 Ἀπόστολον,
3513 3518 3533 3550 ι
3576 3503 3605 3554 6
3631 3500 3797 3572 νόμος

2217 3591 2304 3644 διὰ
2337 3591 2611 3653 Μωῦσέως
2637 3591 2811 3661 ἐδόθη,
2833 3592 2866 3660 ὴ
2892 3590 3051 3661 χάρις
3082 3591 3228 3660 καὶὴ
3258 3591 3482 3662 ἀλήθεια
3512 3593 3581 3646 δι’
3616 3594 3795 3665 Ἰησοῦ

2218 3683 2453 3754 Χριστοῦ
2472 3682 2702 3750 ἐγένετοο
2731 3702 2749 3734 ι
2776 3683 2864 3736 καὶ
2893 3683 2992 3735 οὐκ
3015 3683 3103 3735 ῐσα
3132 3682 3202 3734 τὰ
3230 3684 3340 3753 (21)
3372 3685 3458 3738 διά
3489 3684 3678 3739 δούλου
3708 3704 3796 3739 πι-

2220 3775 2344 3827 στοῦ
2396 3774 2644 3845 διδόμενα
2675 3777 2785 3837 τοῖς
2816 3774 2921 3826 ὑπὸ
2968 3773 3062 3828 τοῦ
3093 3777 3316 3844 γνησίου
3357 3776 3486 3829 Υἰοῦ
3511 3777 3792 3848 δωρουμέ-

2216 3883 2345 3930 νοις.
2369 3866 2430 3918 Ei
2462 3865 2590 3934 γοῦν
2621 3866 2802 3929 ίκανὸς
2824 3861 2891 3936 ἦν
2921 3869 2950 3920 6
2983 3868 3256 3930 Μωῡσέως
3293 3868 3456 3938 νόμος
3488 3868 3633 3939 ζωὴν
3667 3869 3791 3923 αῖὼ-

2217 3973 2326 4009 νιον
2357 3959 2672 4027 παρασχεῖν,
2706 3957 2880 4027 μάτην
2909 3957 3006 4028 μὲν
3025 3959 3054 4010 6
3087 3958 3276 4029 Σωτὴρ
3302 3959 3462 4022 αὐτὸς
3493 3944 3793 4031 παραγίνε-

2212 4066 2322 4111 ται,
2345 4050 2439 4104 καὶ
2463 4049 2658 4120 πάσχει
2690 4051 2756 4103 δι’
2783 4051 2928 4120 ἡμᾶς
2949 4051 3056 4103 ἀπὸ
3085 4052 3347 4120 γενέσεως
3383 4052 3543 4123 μέχρι
3574 4052 3670 4106 τοῦ
3693 4071 3790 4124 ar.-

2216 4143 2365 4213 μείου
2401 4143 2498 4213 τὴν
2530 4142 2922 4213 ἀνθρωπότητα
2961 4142 3273 4213 διατρέχων·
3313 4143 3487 4214 μάτην
3521 4143 3631 4215 (22)
3667 4144 3725 4196 δὲ
3759 4145 3789 4196 6

2211 4235 2392 4297 πάσας
2417 4232 2730 4305 πεποιηκὼς
2758 4234 2823 4287 ὲκ
2841 4234 3092 4304 νεότητος
3121 4235 3220 4298 τὰς
3249 4234 3509 4304 νομίμους
3543 4235 3785 4300 ἐντολὰς,

541 4321 826 4389 juventute
858 4325 1174 4395 impleverat
1209 4327 1259 4392 ἀ,
1292 4335 1350 4391 >14
1385 4330 1453 4382 ab
1484 4329 1609 4391 alio,
1655 4329 1730 4382 illi
1769 4333 2106 4400 provolutus.

2227 4326 2360 4396 ταρὰ
2386 4325 2544 4380 ἄλλου
2563 4325 2678 4396 ᾔτει
2703 4325 3010 4395 γονυπετῶν
3039 4325 3137 4397 τὴν
3162 4327 3478 4381 ἀθανασίαν.
3513 4327 3647 4380 Οὐδὲ
3677 4329 3786 4398 γάρ

547 4410 868 4468 immortalis
915 4417 1040 4470 vitae
1087 4425 1407 4486 exposceret
1446 4419 1688 4486 praemia.
1732 4419 1916 4492 Neque
1965 4425 2107 4478 enim

2227 4416 2540 4488 πεπλήρωκε
2576 4416 2733 4487 μόνον
2791 4417 2880 4470 τὸν
2921 4419 3102 4488 νόμον,
3151 4419 3287 4472 ἀλλὰ
3331 4422 3424 4474 καὶ
3468 4420 3629 4484 εὐθὺς
3677 4423 3786 4475 ἀπὸ

546 4507 721 4558 solum
747 4507 916 4578 legem
955 4517 1286 4574 servaverat,
1335 4508 1430 4564 sed
1480 4516 1534 4564 et
1573 4525 1604 4563 a
1637 4512 1808 4582 prima
1838 4523 1997 4570 mtate
2053 4516 2106 4570 in

2227 4479 2434 4579 πρώτης
2489 4479 2703 4578 ἡλικίας
2754 4479 3098 4580 ἀρξάμενοςί
3145 4511 3296 4566 Ἐπεὶ
3328 4513 3420 4566 καὶ
3469 4513 3521 4566 τί
3575 4479 3780 4586 μέγαῆ

543 4611 662 4648 eam
693 4611 802 4650 rem
837 4598 1178 4651 incubuerat.
1219 4595 1358 4662 Quid
1391 4597 1534 4650 enim
1567 4599 1746 4668 magni
1791 4607 1884 4654 aut
1912 4602 2110 4671 egregii

2227 4599 2600 4671 Βπέρλαμπρον
2646 4601 2823 4672 γῆρας
2864 4601 3058 4670 ιίιγονον¹
3094 4605 3546 4676 ἀμαρτημάτων;
3588 4608 3702 4662 ἀλλ’
3734 4608 3787 4662 εἴ

542 4693 646 4750 est,
681 4696 937 4744 senectus
972 4704 1079 4742 non
1111 4688 1185 4740 ita
1215 4688 1534 4742 delictorum
1567 4688 1752 4745 ferax?
1783 4691 1877 4748 sed
1911 4694 1958 4747 si
1985 4693 2110 4762 quis

2227 4710 2294 4755 τις
2315 4695 2372 4746 ὲν
2399 4693 2726 4764 σκιρτήματι
2758 4696 3016 4766 νεοτησίῳ
3041 4697 3134 4748 καὶ
3161 4697 3240 4766 τῷ
3268 4697 3504 4752 καύσωνι
3535 4700 3635 4770 τῆς
3668 4703 3783 4773 ήλυ-

542 4777 860 4832 lasciviente
877 4779 1098 4847 juventa
1139 4793 1203 4830 ac
1238 4779 1414 4833 aetatis
1441 4787 1576 4835 testu
1614 4793 1882 4836 maturum
1913 4798 2024 4853 prae
2051 4799 2109 4839 se

2227 4784 2333 4847 ιίας
2363 4785 2667 4856 παρέχηται
2699 4785 2952 4856 φρόνημα
2977 4787 3237 4852 πεπανὸν,
3271 4790 3364 4842 καὶ
3419 4792 3781 4864 πρεσϐύτερον

541 4885 764 4924 sensum
799 4871 956 4934 ferat,
982 4878 1035 4924 et
1066 4885 1226 4939 quam
1269 4885 1365 4939 pro
1397 4873 1658 4942 temporis
1690 4876 1902 4931 ratione
1925 4876 2109 4933 senior

2227 4876 2302 4929 τοῦ
2334 4876 2550 4948 χρόνου,
2585 4875 2892 4946 θαυμαστὸς
2921 4872 3072 4940 οὗτος
3103 4877 3408 4952 ἀγωνιστὴς
3440 4884 3535 4936 καὶ
3557 4883 3779 4955 διαπρε-

542 4967 834 5029 appareat;
875 4961 963 5014 hic
993 4960 1153 5030 plane
1185 4959 1537 5018 admirandus
1571 4978 1633 5018 ac
1665 4966 1959 5035 praeclarus
2002 4983 2104 5037 pu-

2227 4967 2339 5036 ιτὴς,
2367 4965 2460 5018 καὶ
2484 4964 2580 5037 τὴν
2612 4965 2836 5037 γνώμην
2884 4965 3224 5040 πολιώτερος.
3271 4969 3408 5022 Ἀλλ’
3436 4972 3588 5042 ὅμως
3625 4973 3780 5037 οὗτος

541 5051 635 5120 gil,
667 5059 721 5106 et
755 5051 964 5120 judicio
989 5065 1182 5105 canus.
1236 5049 1336 5104 Hic
1374 5061 1550 5109 tamen
1582 5071 1705 5109 cum
1737 5064 1920 5112 tantus
1957 5063 2123 5119 esset,

2227 5057 2500 5120 ιτοιοῦτος
2539 5057 2780 5129 ἀκριϐῶς
2813 5058 3120 5122 πέπεισται,
3152 5060 3284 5113 διότι
3323 5061 3472 5132 αὐτῷ
3501 5065 3636 5135 πρὸς
3681 5065 3778 5134 μὲν

539 5143 784 5212 apprime
831 5149 1055 5196 noverat
1086 5152 1378 5214 certusque
1404 5156 1541 5212 erat,
1568 5148 1705 5202 nihil
1747 5149 1849 5203 sibi
1881 5148 2102 5219 quidem

2227 5148 2546 5220 ἰικαιοσύνην
2590 5149 2741 5204 οὐδὲν
2785 5150 2941 5214 ἐνδεῖ,
2985 5150 3128 5222 ζωῆς
3157 5152 3214 5206 δὲ
3244 5153 3379 5217 ὅλως
3412 5157 3662 5225 προσδεῖ·
3699 5156 3777 5209 διὸ

537 5234 604 5286 ad
632 5232 902 5301 justitiam
945 5232 1136 5287 deesse
1173 5253 1186 5287 :
1220 5236 1441 5292 omnino
1475 5247 1654 5294 autem
1690 5239 1766 5293 illi
1811 5242 1918 5295 vita
1962 5257 2102 5310 opus

2227 5242 2375 5312 ιὺτὴν
2403 5245 2542 5295 αἰτεῖ
2574 5242 2725 5314 παρὰ
2751 5241 2845 5296 τοῦ
2875 5242 3055 5295 δοῦναι
3107 5243 3267 5312 μόνου
3315 5245 3632 5317 δυναμένου.
3667 5248 3777 5300 Καὶ

533 5332 683 5385 erat;
711 5319 917 5375 idcirco
951 5323 1195 5392 pnestari
1240 5335 1394 5397 rogat
1423 5328 1491 5383 ab
1517 5344 1603 5395 eo,
1642 5331 1736 5400 qui
1780 5331 1931 5386 solus
1970 5331 2102 5386 dare

295 5429 455 5596 .z/
609 5482 667 5538 ,Β
711 5473 771 5530 Ρ.
812 5412 915 5542 9Ξο
953 5476 1060 5535 eo.
1102 5477 1395 5537 eorum.
1475 5497 1494 5520 -
1538 5483 1726 5538 Matth.
1764 5499 1850 5550 XI,
2047 5484 2073 5525 ιο
2111 5486 2123 5539 ς

2227 5502 2268 5539 1.
2307 5487 2478 5548 1,47.
2559 5499 2580 5527 ε
2622 5488 2739 5544 Gal.
2773 5507 2848 5556 tt,
2881 5490 2969 5545 21.
3033 5491 3070 5540 .ἀ
3109 5490 3280 5547 Marc.
3314 5509 3367 5561 ς,
3401 5494 3492 5549 20.

550 4046 846 4110 adveniret,
873 4051 1153 4120 nostrique
1186 4065 1350 4108 causa
1379 4063 1678 4124 pateretur,
1710 4055 1780 4109 ah
1813 4063 1934 4110 ortu
1967 4059 2110 4111 nati-

546 4138 731 4190 vitatis
760 4139 823 4192 ad
849 4148 1043 4195 metam
1073 4159 1246 4213 usque
1272 4160 1494 4202 emenso
1526 4145 1776 4201 humanae
1798 4147 1922 4202 vitae.
1944 4151 2115 4204 curri-

547 4231 690 4283 culo.
735 4229 955 4287 Frustra
979 4251 1217 4306 quoque,
1249 4238 1341 4307 qui
1367 4237 1551 4293 omnia
1597 4237 1730 4307 legis
1771 4242 2024 4296 mandata
2080 4258 2111 4296 a

2211 5331 2344 5402 πρὸς
2376 5332 2473 5403 μὲν
2492 5333 2581 5386 τὸν
2607 5334 2770 5405 νόμον
2797 5334 2918 5402 ἄγει
2947 5333 3276 5404 παρρησίαν,
3308 5335 3402 5388 τοῦ
3432 5336 3566 5390 Θεοῦ
3599 5337 3656 5392 δὲ
3685 5337 3775 5392 τὸν

747 5631 967 5708 μεῖναι,
1003 5633 1162 5708 Forte
1195 5637 1268 5708 μὴ
1301 5632 1457 5708 εἶναι.
1492 5635 1653 5691 Έειι..

2277 5638 2385 5718 (22)
2446 5644 2669 5712 Μάτην.
2726 5644 2884 5701 Conf.
2933 5645 3128 5702 Strom.
3188 5663 3286 5714 vn,
3342 5663 3395 5718 p.
3459 5649 3581 5716 747,
3638 5649 3771 5706 edit.

599 5702 707 5774 (21)
745 5705 869 5757 Ἴσα
903 5706 990 5759 τά.
1037 5706 1158 5772 Ms,
1197 5702 1274 5770 εἰς
1307 5707 1392 5759 τά.
1426 5707 1501 5761 In.

2207 5709 2383 5764 Paris.
