4016 6308
231 349 338 409 013

1329 329 1528 392 LIBER
1569 331 1745 405 01318,
1767 325 1972 386 DlVES
2013 321 2402 382 SALVETUB.

3374 309 3482 366 6M

229 476 360 529 Υίδν
395 470 643 527 ἱκετεύει.
686 469 780 522 Ἕκ
811 466 1044 527 πίστεως
1076 463 1154 526 είς
1177 460 1360 514 πίστιν
1381 456 1797 531 μετατάσσεται.

1920 449 2099 519 possit.
2135 447 2206 501 At
2231 443 2450 516 quidem
2479 439 2546 495 ad
2577 440 2748 510 legem
2773 435 2920 508 quod
2950 441 3180 506 spectat,
3211 431 3372 503 longe
3391 445 3482 486 se-

235 568 328 630 Ὡς
383 562 668 636 σφαλερῶς
705 562 765 613 ὲν
827 559 976 628 νόμῳ
1008 554 1245 608 σαλεύων
1300 553 1394 605 καὶ
1445 547 1797 611 ἐπικινδύνως

223 655 526 727 ναυλοχῶν,
557 657 635 718 είς
666 652 757 706 τὸν
777 649 1006 720 Σωτῆρα
1043 643 1447 719 μεθορμίζεται.

295 966 381 1020 8'.
427 964 487 1022 '0
514 961 646 1035 γοῦν
708 961 914 1035 Ἰησοῦς
962 960 1063 1014 οὐκ
1115 957 1324 1028 ὲλὲγχει
1367 955 1464 1026 μὲν
1509 952 1692 1014 αὐτὸν,
1727 950 1803 1015 ὡς

223 1061 414 1116 πάντα
425 1059 495 1114 τὰ
525 1061 589 1112 ὲκ
614 1057 778 1128 νόμου
817 1056 891 1128 μὴ
921 1051 1346 1124 πεπληρωκότα,
1379 1048 1514 1102 ἀλλά
1544 1048 1638 1100 καὶ
1667 1049 1806 1115 ἀγα·

225 1156 310 1225 πᾷ
340 1154 438 1207 καὶ
471 1147 1025 1222 ὑπερασπάζεταιτῆς
1045 1147 1103 1198 ὲν
1131 1139 1211 1207 οἷς
1239 1141 1438 1214 ἔμαθεν
1474 1139 1798 1202 εὐπειθείας·

225 1243 401 1316 ἀτελῆ
429 1243 488 1297 δὲ
520 1237 658 1296 εἶναι
682 1239 842 1310 φησὶν
871 1239 946 1302 ὡς
985 1236 1120 1307 πρὸς
1147 1236 1245 1306 τὴν
1280 1233 1496 1287 αἰώνιον
1520 1229 1687 1302 ζωὴν,
1729 1230 1802 1294 ὡς

224 1338 291 1388 οὐ
326 1336 508 1389 τέλεια
540 1329 949 1403 πεπληρωκότα⁸
980 1329 1077 1382 καὶ
1100 1327 1261 1398 νόμου
1295 1324 1392 1395 μὲν
1421 1323 1677 1394 ἐργάτην,
1707 1322 1806 1392 ἀρ-

226 1424 331 1496 γδν
363 1428 421 1482 δὲ
452 1426 594 1497 ζωῆς
613 1423 889 1494 ἀληθινῆς.
919 1418 1076 1475 Καλά
1125 1418 1223 1489 μὲν
1265 1417 1510 1469 κάκεῖναο
1542 1413 1626 1476 τίς
1667 1413 1711 1465 δ’
1743 1409 1804 1464 οὗ

228 1535 435 1592 φησιν;
482 1518 546 1571 Ἦ
572 1516 680 1588 γὰρ
717 1534 737 1567 ι
794 1512 980 1585 ἐντολὴ
1030 1511 1160 1581 ἀγία
1211 1528 1230 1561 ι
1273 1508 1402 1579 ἄχρι
1433 1504 1807 1574 παιδαγωγίας

228 1608 382 1675 «ne;
419 1609 554 1682 μετά
584 1606 748 1678 φόϐου
778 1605 871 1660 καὶ
897 1602 1271 1678 προπαιδείας,
1306 1599 1399 1652 ἐπὶ
1433 1597 1531 1669 τὴν
1563 1595 1656 1650 τοῦ
1703 1596 1809 1666 Ἰη-

233 1705 334 1758 σοῦ
360 1701 676 1774 νομοθεσίαν
723 1700 820 1772 τὴν
870 1699 1046 1770 άκραν
1095 1695 1188 1748 καὶ
1235 1692 1396 1764 χάριν
1427 1689 1802 1762 προχωροῦσαδ

233 1801 511 1870 πλήρωμα
541 1797 596 1851 δὲ
619 1796 786 1867 νόμου
818 1788 1049 1865 Χριστὸς
1075 1791 1154 1854 είς
1171 1786 1514 1857 δικαιοσύνην
1541 1785 1702 1840 παντὶ
1729 1783 1806 1855 τῷ

1904 551 2071 594 curus
2093 544 2242 597 erat,
2290 535 2385 590 Dei
2413 541 2596 587 tamen
2640 529 2780 584 Filio
2809 528 3098 599 supplicat.
3157 524 3237 579 Ex
3274 523 3380 578 fide
3423 522 3482 576 in

1902 633 2062 688 ﬁdem
2081 627 2432 684 transfertur.
2469 622 2645 679 Veluti
2677 621 2769 691 qui
2801 636 2911 675 non
2935 628 3050 674 tuto
3070 619 3125 672 in
3155 617 3292 688 legis
3321 614 3481 669 navi.

1904 723 1993 794 gio
2017 722 2317 791 jactaretur
2338 733 2402 772 ac
2429 715 2735 787 periculose
2765 713 3054 768 stationem
3088 710 3378 772 habuerat,
3412 703 3482 759 ad

1907 813 2244 870 Salvatorem
2277 807 2620 863 transmittit.

1975 953 2066 1008 IX.
2098 953 2164 1007 At
2190 966 2319 1007 vero
2339 949 2499 1006 Jesus
2524 964 2628 1003 non
2659 947 2808 1002 illum
2834 946 3134 1015 redarguit,
3167 944 3311 1015 quod
3343 943 3482 1014 legis

1903 1047 2085 1101 omnia
2112 1060 2220 1098 non
2251 1041 2570 1112 impleverit,
2613 1039 2744 1109 quin
2796 1039 2960 1093 etiam
3000 1036 3199 1106 diligit,
3237 1043 3293 1091 et
3331 1034 3480 1106 quod

1906 1140 1996 1204 iis,
2031 1138 2232 1207 quibus
2260 1135 2435 1190 fuerat
2467 1133 2770 1196 institutus,
2797 1137 3020 1186 strenue
3051 1131 3350 1184 obsecutus
3381 1129 3475 1189 sit,

1904 1226 2082 1297 passis
2119 1225 2262 1280 ulnis
2297 1223 2677 1294 amplectitur,
2705 1221 2771 1276 ad
2801 1223 2969 1275 vitam
3001 1227 3180 1273 tamen
3216 1226 3481 1273 aeternam

1905 1317 2048 1389 quod
2077 1318 2288 1381 attinet,
2340 1315 2715 1384 imperfectum
2765 1327 2888 1368 eum
2944 1311 3282 1382 pronuntiat,
3332 1309 3481 1380 quod

1905 1423 1969 1463 ea
1993 1421 2113 1477 quae
2136 1405 2486 1476 perfectionis
2518 1411 2667 1466 sunt,
2710 1417 2817 1456 non
2867 1401 3207 1471 impleverit;
3233 1415 3297 1454 ac
3343 1399 3486 1468 legis

1907 1503 2122 1574 quidem
2157 1499 2468 1570 operarium
2499 1497 2652 1559 dicit,
2699 1512 2889 1551 verum
2926 1497 2980 1550 in
3001 1506 3218 1550 aeternae
3249 1494 3371 1548 vita:
3396 1509 3482 1548 re-

1909 1597 2011 1651 bus
2039 1601 2394 1649 cessatorem.
2419 1590 2565 1644 Bona
2596 1589 2814 1660 quidem
2849 1596 2903 1642 et
2935 1589 3056 1654 illa;
3082 1589 3204 1656 quis
3235 1593 3323 1640 eat
3362 1585 3484 1639 infi-

1907 1688 2045 1743 tias?
2079 1685 2212 1740 Nam
2268 1703 2286 1736 ι
2325 1683 2640 1738 mandatum
2692 1690 2940 1736 sanetum
2972 1682 2998 1709 ⁸
3037 1699 3056 1731 ι
3105 1681 3368 1733 hactenus
3419 1683 3478 1730 ut

1908 1779 2184 1851 pazdagogi
2205 1778 2489 1846 cujusdam
2520 1777 2639 1830 vice
2668 1791 2792 1829 cum
2845 1775 3037 1828 timore
3070 1772 3326 1842 fungatur
3354 1787 3486 1842 prte-

233 1862 567 1945 πιστεύοντυ
607 1862 727 1958 οὐχὶ
757 1887 814 1942 δὲ
844 1862 1062 1946 δούλους
1115 1881 1282 1936 ποιῶν
1314 1881 1388 1943 ώς
1418 1878 1620 1942 δοῦλος,
1670 1876 1803 1930 ἀλλὰ

1920 1875 2110 1942 riu-que
2141 1869 2503 1924 institutionis
2527 1868 2576 1931 ι),
2619 1865 2685 1920 ad
2719 1880 2992 1921 summum
3030 1865 3164 1934 legis
3194 1862 3323 1917 Jesu
3361 1878 3485 1917 ver-

236 1985 335 2037 καὶ
350 1981 498 2045 υίοίις
525 1980 619 2034 καὶ
648 1978 908 2048 ἀδελφοὺς
937 1977 1030 2030 καὶ
1056 1972 1527 2045 συγκληρονόμους
1547 1973 1672 2034 τοὺς
1695 1972 1812 2023 ὲπι-

234 2074 528 2140 τελοῦντας
565 2073 626 2128 τδ
647 2073 858 2144 θέλημα
884 2070 978 2125 τοῦ
1009 2069 1238 2140 Πατρός.

315 2366 374 2418 ι’.
406 2383 427 2418 ι
462 2364 525 2418 Εί
557 2359 731 2427 θέλεις
755 2357 958 2424 τέλειος
979 2355 1250 2429 γενέσθαι·
1294 2375 1312 2408 ι
1349 2357 1448 2411 οὑκ
1475 2355 1582 2426 ἄρα
1611 2370 1696 2408 πω
1723 2351 1814 2407 τέ-

238 2457 384 2520 λειος
414 2451 501 2528 ἦν·
533 2454 682 2509 οὐδὲν
717 2453 827 2525 γὰρ
874 2450 1077 2506 τελείου
1115 2448 1460 2528 τελειότερον.
1501 2447 1610 2501 Καὶ
1653 2445 1812 2509 θείως

241 2548 328 2609 τὸ,
368 2567 387 2600 ι
426 2523 488 2600 fit
519 2545 709 2610 θέλεις,
763 2523 805 2597 »ί
835 2545 896 2598 τὸ
926 2541 1268 2607 αὐτεξούσιον
1285 2523 1395 2610 ’τῆς
1425 2537 1811 2610 προσδιαλεγο·

246 2641 420 2711 μένης
467 2638 614 2708 αὐτῷ
640 2637 816 2708 ψυχῆς
859 2635 1143 2706 ἐδήλωσεν·
1177 2633 1270 2686 tiu
1291 2631 1369 2702 τῷ
1394 2629 1664 2702 ἀνθρώπῳ
1703 2629 1812 2700 γὰρ

235 2729 313 2804 ἦν
346 2733 380 2801 ἡ
411 2731 637 2801 αἵρεσις,
669 2729 744 2792 ὼς
774 2727 1060 2798 ἐλευθέρῳ·
1095 2725 1190 2777 ἐπὶ
1221 2724 1338 2795 Θεῷ
1370 2723 1427 2778 δὲ
1473 2724 1506 2794 ἡ
1535 2723 1697 2786 δόσις,
1738 2723 1814 2786 ὼς

236 2823 456 2895 Κυρίῳ.
508 2822 698 2874 Δίδωσι
729 2821 786 2874 δὲ
821 2817 1159 2890 βουλομένοις
1195 2815 1289 2870 καὶ
1344 2813 1813 2886 ὑπερσπουδακόσι

239 2917 344 2970 καὶ
376 2915 666 2986 δεομένοις,
716 2897 782 2966 ῐνς
820 2910 991 2974 οὕτως
1019 2910 1148 2973 ἴδιος
1180 2907 1360 2962 αὐτῶν
1393 2909 1425 2979 ἡ
1451 2907 1692 2979 σωτηρία
1719 2906 1814 2974 γέ-

247 3027 426 3080 νηται.
478 3009 552 3061 Οὐ
598 3007 708 3078 γὰρ
736 3005 1036 3074 ἀναγκάζει
1077 3005 1105 3055 ὁ
1149 3001 1280 3064 Θεὸς
1325 2998 1436 3070 (βία
1475 2998 1583 3071 γὰρ
1622 2994 1814 3070 ὲχθρδν

245 3102 412 3174 Θεῷ),
470 3100 602 3154 ἀλλά
635 3087 748 3163 τοῖς
785 3097 1003 3170 ζητοῦσι
1055 3094 1284 3167 πορίζει,
1314 3093 1408 3147 καὶ
1449 3095 1562 3156 τοῖς
1605 3088 1814 3144 αἰτοῦσι

1913 1964 2076 2018 ticem
2134 1962 2473 2030 gratiamque
2516 1959 2658 2011 viam
2691 1966 2942 2012 sternens
2975 1974 2988 2010 :
3042 1955 3321 2026 plenitudo
3355 1969 3489 2009 vero

1913 2056 2045 2126 legis
2061 2054 2313 2110 Christus
2333 2053 2398 2106 ad
2426 2051 2697 2122 justitiam
2719 2049 2866 2103 omni
2891 2046 3136 2103 credenti
3161 2057 3182 2085 ο
3208 2064 3222 2113 ;
3252 2063 3358 2100 non
3389 2047 3483 2116 qui

1913 2157 1971 2202 ut
2003 2163 2192 2203 servus
2224 2161 2412 2203 servos
2469 2145 2654 2208 faciat,
2692 2142 2787 2198 sed
2818 2149 2870 2196 et
2926 2141 3066 2196 filios
3106 2148 3160 2195 et
3203 2139 3401 2196 fratres
3431 2147 3488 2195 et

1906 2238 2244 2303 cohreredes,
2278 2237 2457 2292 Patris
2491 2237 2824 2291 voluntatem
2865 2233 3132 2288 facientes
3167 2238 3410 2302 praestet.

1980 2371 2047 2426 Χ.
2081 2391 2099 2424 ι
2143 2369 2199 2426 Si
2231 2371 2314 2426 vis
2352 2369 2625 2442 perfectus
2649 2384 2771 2425 esse
2799 2364 2847 2420 ά.
2885 2386 2904 2420 ι
2935 2365 3184 2421 Nondum
3217 2380 3346 2437 ergo
3370 2381 3489 2435 per-

1915 2461 2088 2517 fectus
2117 2468 2267 2516 erat:
2307 2459 2549 2531 perfecto
2588 2472 2826 2528 namque
2872 2456 3006 2511 nihil
3039 2453 3336 2526 perfectius
3375 2463 3481 2510 est.

1911 2553 2166 2608 Ceterum
2218 2552 2478 2623 praeclare
2527 2550 2660 2604 illud
2695 2556 2857 2619 atque
2884 2548 3068 2602 divine
3099 2567 3112 2601 :
3150 2565 3168 2600 ι
3213 2546 3269 2600 Si
3306 2546 3410 2610 vis,
3460 2565 3480 2599 ι

1913 2639 2276 2714 colloquentis
2336 2643 2536 2696 animae
2609 2642 2838 2696 liberam
2899 2637 3110 2693 arbitrii
3173 2636 3487 2692 facultatem

1913 2734 2190 2790 ostendit:
2222 2735 2276 2788 in
2303 2733 2520 2790 homine
2535 2733 2756 2803 quippe,
2788 2741 3049 2800 tauquam
3087 2731 3282 2794 libero,
3317 2730 3489 2784 libera

1913 2837 2030 2881 erat
2065 2825 2358 2880 voluntatis
2380 2822 2602 2891 electio;
2634 2824 2689 2878 in
2717 2822 2827 2878 Deo
2859 2829 3037 2876 autem
3057 2821 3208 2888 dare,
3229 2832 3486 2891 tanquam

1915 2917 2146 2972 Domino
2186 2923 2348 2988 atque
2400 2917 2628 2971 arbitro.
2677 2914 2778 2968 Dat
2835 2921 3016 2968 autem
3074 2913 3379 2968 volentibus
3436 2919 3490 2966 et

1916 3024 2127 3064 summo
2177 3007 2360 3064 studio
2409 3007 2783 3062 adnitentibus
2812 3011 2866 3060 et
2919 3003 3240 3065 orantibus.
3304 3013 3363 3058 ut
3409 3004 3492 3058 sic

1917 3103 2130 3156 illorum
2161 3100 2378 3171 propria
2412 3101 2639 3154 exsistat
2662 3097 2831 3153 salus.
2855 3094 3041 3167 Neque
3063 3096 3206 3151 enim
3229 3093 3372 3150 Deus
3397 3110 3495 3150 co-

247 3197 503 3266 παρέχει,
547 3194 640 3246 καὶ
681 3194 794 3254 τοῖς
824 3189 1109 3262 κρούουσιν
1139 3186 1361 3255 ἀνοίγει.
1399 3185 1459 3238 Εἰ
1499 3184 1672 3247 θέλεις
1699 3179 1811 3245 οὖν,

1920 3193 1992 3264 git
2022 3193 2126 3261 (vis
2147 3191 2291 3246 enim
2316 3191 2535 3245 inimica
2557 3199 2641 3246 est
2663 3188 2816 3260 Deo),
2848 3189 2942 3243 sed
2987 3188 3359 3258 quaerentibus
3390 3186 3492 3242 tri-

240 3291 294 3345 εί
333 3289 503 3350 ὅντως
530 3286 721 3349 θέλεις,
745 3282 934 3354 καὶμὴ
971 3280 1163 3334 ἑαυτὸν
1203 3279 1494 3349 ἐξαπατᾷς,
1524 3276 1720 3346 κτῆσαι
1756 3275 1816 3328 τὸ

241 3380 446 3434 ἐνδέον.
494 3377 592 3431 Ἕν
617 3395 698 3430 σοι
725 3375 919 3439 λείπει,
940 3373 1001 3426 τὸ
1031 3373 1088 3426 ἓν
1117 3372 1177 3425 τὸ
1208 3371 1387 3442 μένον,
1419 3368 1483 3423 τὸ
1517 3367 1735 3437 ἀγαθὸν,
1758 3365 1819 3418 τὸ

241 3472 353 3544 ἤδη
387 3471 527 3543 ὑπὲρ
557 3469 738 3540 νόμον,
768 3468 906 3539 ὅπερ
934 3466 1095 3537 νόμος
1127 3465 1187 3518 οὐ
1225 3464 1455 3522 δίδωσιν,
1487 3462 1625 3532 ὅπερ
1656 3460 1819 3530 νόμος

239 3565 310 3616 οὐ
350 3566 536 3633 χωρεῖ,
562 3560 590 3614 ὃ
617 3560 724 3614 τῶν
744 3559 961 3623 ζώντων
990 3557 1118 3611 ἴδιόν
1148 3557 1310 3610 ἐστιν.
1354 3553 1566 3625 Ἀμέλει
1586 3551 1616 3604 ό
1643 3551 1819 3605 πάντα

237 3651 422 3706 τάτοῦ
445 3651 606 3722 νόμου
643 3647 934 3720 πληρώσας
954 3649 1017 3700 ὲκ
1041 3647 1287 3715 νεότητος
1315 3644 1408 3697 καὶ
1439 3641 1508 3695 τά
1536 3639 1814 3711 ὑπέρογκα

243 3742 646 3814 φρυαξάμενος,
671 3741 728 3793 ἒν
746 3739 902 3794 τοῦτο
918 3737 1190 3810 πραθῆναι
1215 3737 1326 3798 τοῖς
1346 3734 1486 3797 ὅλοις
1513 3733 1574 3786 οὐ
1604 3729 1820 3803 δεδύνη-

237 3849 366 3896 ται,
405 3833 467 3886 τὺ
494 3831 588 3885 τοῦ
619 3829 871 3901 Σωτῆρος
901 3829 1197 3899 ἐξαίρετον,
1218 3828 1306 3880 ἴνα
1337 3825 1474 3897 λάϐῃ
1520 3822 1663 3896 ζωὴν
1692 3822 1821 3877 uid)-

243 3942 388 3988 νιον,
419 3924 485 3995 ῆν
513 3923 714 3976 ἐπόθει·
744 3920 877 3974 ἀλλά
895 3920 1226 3992 δυσχεράνας
1248 3917 1507 3987 ἀπῆλθεν,
1539 3915 1820 3986 ἀχθεσθεὶς

246 4016 332 4088 τῷ
361 4003 778 4086 παραγγέλματι
809 4012 909 4082 τῆς
955 4010 1119 4083 ζωῆς,
1166 4011 1305 4082 ὑπὲρ
1340 4005 1408 4080 ἧς
1439 4007 1694 4063 ἱκέτευεν.
1742 4007 1818 4060 Οὐ

251 4108 368 4180 γὰρ
410 4105 625 4178 ἀληθῶς
666 4103 811 4176 ζωὴν
855 4103 1066 4174 ἧθελεν,
1100 4102 1176 4165 ὡς
1204 4101 1460 4169 ἔφασκεν,
1497 4097 1632 4153 ἀλλά
1664 4095 1821 4162 δόξαν

252 4199 628 4272 προαιρέσεως
655 4196 865 4266 ἀγαθῆς
908 4195 1073 4265 μόνην
1103 4191 1503 4264 περιεϐάλλετο·
1553 4191 1648 4244 καὶ
1694 4191 1820 4262 περὶ

252 4289 424 4342 πολλά
443 4289 538 4358 μὲν
565 4281 674 4349 οἷός
704 4303 762 4338 τε
797 4281 866 4356 ἦν
917 4283 1289 4355 ἀσχολεῖσθαι,
1321 4281 1385 4334 τδ
1427 4280 1484 4335 δὲ
1521 4284 1600 4345 ἓν,
1632 4281 1695 4334 τὸ
1723 4281 1821 4352 τῆς

253 4381 405 4450 ζωῆς
447 4379 603 4452 ἔργον
652 4378 906 4441 ἀδύνατος
957 4377 1050 4430 καὶ
1103 4375 1416 4447 ἀπρόθυμος
1455 4371 1549 4427 καὶ
1593 4371 1823 4443 ἀσθενὴς

254 4471 517 4525 ἐκτελεῖν.
572 4470 782 4523 Ὀποῖόν
820 4487 873 4522 τι
910 4470 1004 4522 καὶ
1035 4467 1171 4538 πρὸς
1198 4466 1298 4537 τὴν
1335 4464 1566 4536 Μάρθαν
1613 4461 1764 4518 εἶπεν
1794 4465 1823 4518 ό

1919 3282 2056 3345 buit,
2082 3287 2137 3337 et
2163 3281 2474 3352 petentibus
2506 3280 2727 3350 prmbet,
2764 3295 2828 3333 ac
2857 3278 3203 3348 pulsantibus
3241 3277 3416 3348 aperit
3440 3287 3488 3330 ε.

1920 3372 1978 3428 Si
2007 3374 2090 3430 vis
2121 3374 2308 3445 igitur,
2355 3374 2403 3429 si
2447 3389 2576 3428 vere
2626 3373 2730 3436 vis,
2778 3380 2832 3426 et
2883 3372 3116 3442 teipsum
3169 3386 3276 3425 non
3325 3370 3491 3437 fallis,

1919 3467 2052 3520 illud
2071 3481 2325 3538 compara
2357 3483 2465 3538 quo
2495 3465 2764 3520 deficeris.
2798 3463 2974 3519 Unum
3007 3463 3105 3518 tibi
3135 3463 3319 3530 deest;
3359 3461 3494 3516 illud

1919 3575 2089 3613 unum
2119 3559 2265 3629 quod
2287 3567 2493 3620 manet,
2534 3555 2676 3627 quod
2710 3557 2912 3610 bonum
2952 3561 3056 3615 est.
3091 3552 3235 3624 quod
3258 3560 3342 3608 est
3377 3553 3492 3623 jam

1919 3666 2084 3721 supra
2128 3651 2322 3721 legem,
2355 3649 2500 3722 quod
2537 3650 2623 3704 lex
2663 3665 2770 3704 non
2809 3647 2922 3710 dat,
2955 3645 3100 3717 quod
3132 3645 3216 3700 lex
3254 3660 3364 3698 non
3396 3659 3496 3699 ca-

1920 3743 2017 3812 pit,
2053 3742 2198 3811 quod
2227 3741 2523 3796 viventium
2550 3739 2829 3810 proprium
2867 3745 2969 3793 est.
3005 3736 3247 3807 Denique
3274 3735 3365 3806 qui
3411 3742 3498 3791 to-

1919 3842 2028 3889 tam
2053 3835 2224 3906 legem
2257 3850 2288 3888 a
2320 3834 2604 3904 juventute
2650 3832 2988 3902 impleverat,
3019 3837 3073 3886 et
3107 3829 3199 3901 qui
3229 3829 3296 3885 de
3327 3845 3385 3886 se
3413 3829 3496 3884 sic

1923 3940 2120 3996 magna
2147 3936 2307 3995 atque
2339 3923 2572 3995 superba
2591 3923 2804 3978 locutus
2823 3933 2960 3988 erat,
2994 3937 3162 3976 unum
3195 3920 3297 3974 hoc
3323 3920 3500 3975 omni-

1923 4017 2026 4072 bus
2060 4032 2252 4087 parare
2275 4016 2540 4087 nequivit,
2571 4015 2717 4085 quod
2751 4013 3052 4069 Salvatoris
3084 4012 3358 4083 singulare
3387 4018 3496 4074 est,
3539 4076 3548 4092 ἱ

1925 4117 1984 4165 ιιι
2003 4110 2165 4164 vitam
2188 4118 2467 4172 aeternam,
2491 4108 2648 4178 cujus
2671 4123 2791 4162 eum
2816 4105 3146 4162 desiderium
3175 4105 3498 4168 incesserat,

1923 4202 2219 4273 arriperet:
2260 4207 2318 4264 ›Ῑ‹
2371 4199 2465 4256 sed
2499 4199 2674 4256 tristis
2726 4199 2880 4262 abiit,
2913 4199 3036 4252 vita:
3083 4196 3340 4250 mandato
3371 4211 3498 4266 gra-

1923 4303 2103 4359 vatus,
2134 4293 2292 4362 cujus
2330 4292 2504 4363 gratia
2528 4291 2890 4361 supplicatum
2922 4294 3163 4344 venerat.
3204 4285 3322 4343 Non
3353 4287 3499 4342 enim

1925 4401 2053 4440 vere
2086 4385 2249 4440 vitam
2279 4385 2572 4448 ambiebat,
2609 4391 2668 4436 ut
2691 4381 2873 4437 verbis
2901 4380 3245 4451 proferebat;
3272 4378 3368 4434 sed
3399 4377 3499 4432 bo-

1927 4492 2011 4531 na:
2051 4476 2315 4531 duntaxat
2358 4475 2654 4529 voluntatis
2708 4473 2904 4527 famam
2955 4472 3375 4543 aucupabatur:
3437 4485 3503 4524 ac

250 4563 449 4634 Σωτὴρ
479 4563 880 4634 ἀσχολουμένην
920 4560 1089 4614 πολλὰ
1135 4561 1228 4613 καὶ
1275 4558 1701 4630 περιελκομένην
1732 4559 1815 4610 xui

1932 4569 2149 4640 quidem
2185 4570 2330 4623 circa
2377 4567 2545 4621 multa
2589 4567 2856 4622 sollicitus
2885 4580 3008 4620 esse
3057 4571 3290 4634 poterat,
3333 4577 3502 4618 unum

251 4655 668 4726 ταρασσομένην
691 4652 1028 4715 διακονικῶς·
1061 4652 1160 4722 τὴν
1194 4651 1250 4705 δὲ
1290 4651 1525 4722 ἀδελφὴν
1567 4649 1826 4721 αἰτιωμέ-

252 4765 378 4817 νην,
405 4747 484 4798 ὅτι
515 4745 576 4798 τδ
606 4747 900 4817 ὑπηρετεῖν
931 4741 1292 4806 ἀπολιποῦσα,
1322 4744 1438 4805 τοῖς
1471 4741 1626 4794 ποσὶν
1658 4739 1826 4794 αὐτοῦ

255 4837 664 4910 παρακάθηται,
703 4835 1001 4908 μαθητικὴν
1026 4835 1233 4903 ἄγουσα
1274 4834 1489 4906 σχολήν·
1531 4851 1550 4885 ι
1607 4834 1679 4888 Σὺ
1703 4834 1831 4906 περὶ

253 4929 432 4984 πολλά
449 4929 713 5002 ταράσσῃο
746 4929 934 4999 Μαρία
966 4925 1022 4980 δὲ
1046 4926 1145 4998 τὴν
1173 4926 1382 4998 ἀγαθὴν
1423 4924 1613 4997 μερίδα
1657 4925 1831 4990 ἐξελέ-

255 5023 409 5088 ξατο,
443 5023 535 5075 καὶ
563 5023 663 5076 οὐκ
689 5020 1115 5094 ἀφαιρεθήσεται
1148 5019 1241 5074 ἀπ’
1279 5019 1468 5089 αὐτῆς·
1511 5037 1530 5071 ι
1567 5017 1708 5071 οὕτω
1734 5018 1827 5071 καὶ

253 5115 446 5168 τοῦτον
501 5113 736 5177 ἐκέλευε,
778 5113 878 5184 τῆς
933 5110 1458 5182 πολυπραγμοσύνης
1514 5109 1825 5181 ἀφειμένον,

256 5208 341 5260 ἐνὶ
373 5206 798 5280 προσ-τετηκέναι
831 5205 924 5259 καὶ
947 5201 1416 5275 προσκαθέζεσθαι
1437 5207 1502 5276 τῇ
1534 5199 1827 5274 χάριτιτοῦ

256 5299 406 5370 ζωὴν
431 5298 646 5351 αἰώνιον
691 5294 1057 5368 προτιθέντος.

1932 4676 2058 4717 vero
2100 4661 2252 4722 illud,
2278 4674 2418 4730 opus
2447 4657 2578 4712 illud
2613 4657 2805 4713 salutis
2830 4664 2889 4710 ut
2923 4658 3229 4725 perliceret,
3262 4670 3370 4708 non
3403 4668 3502 4706 va-

1934 4750 2114 4816 lebat;
2165 4748 2330 4818 inque
2362 4763 2474 4802 rem
2536 4747 2765 4816 supinus
2806 4753 2860 4800 et
2889 4745 3139 4800 infirmus
3169 4751 3306 4798 erat.
3350 4740 3505 4795 Sicut

1932 4842 2076 4897 enim
2113 4840 2336 4895 Martha:
2370 4837 2508 4894 dixit
2552 4837 2836 4901 Dominus,
2867 4853 2992 4891 cum
3047 4837 3102 4890 in
3144 4834 3332 4889 multis
3358 4840 3506 4888 esset

1934 4931 2172 4987 sollicita
2217 4939 2271 4986 et
2312 4929 2660 4985 ministrandi
2694 4945 2827 4984 cura
2856 4929 3256 4985 distraheretur
3289 4941 3352 4980 ac
3388 4934 3507 4979 tur-

1935 5023 2191 5088 baretur,
2237 5021 2522 5090 sororique
2555 5019 2686 5075 vitio
2725 5019 2879 5074 daret
2912 5019 3080 5090 quod,
3125 5019 3314 5073 relicto
3345 5017 3508 5070 mini-

1937 5110 2127 5175 sterio,
2193 5109 2406 5165 sederet
2460 5109 2526 5164 ad
2578 5107 2742 5178 pedes
2803 5110 2945 5178 ejus,
3006 5108 3290 5177 discipula:
3333 5106 3505 5161 otium

1935 5210 2192 5272 captans:
2225 5220 2243 5252 ι
2299 5199 2380 5255 Tu
2429 5218 2557 5274 erga
2590 5203 2760 5256 multa
2802 5201 3075 5256 turbaris:
3125 5200 3292 5254 Maria
3325 5209 3507 5253 autem

1935 5296 2191 5364 optimam
2213 5301 2418 5365 partem
2443 5294 2626 5364 elegit.
2652 5310 2772 5364 qum
2793 5310 2900 5347 non
2925 5292 3203 5346 auferetur
3222 5292 3293 5346 ab
3320 5306 3380 5346 ea
3405 5289 3422 5330 ί
3445 5311 3456 5344 :
3485 5310 3504 5342 ι

260 5393 339 5446 ita
378 5392 523 5445 hunc
554 5406 792 5462 quoque,
817 5390 1098 5461 negotiosa
1124 5390 1484 5460 occupatione
1507 5389 1736 5455 omissa,
1765 5391 1857 5444 uni
1894 5399 2101 5446 tantum
2135 5391 2413 5446 adhaerere
2453 5391 2630 5460 jubet,
2655 5391 2883 5460 eiusque
2921 5388 3162 5444 assidere
3185 5388 3392 5459 gratia,
3416 5387 3508 5458 qui

261 5484 382 5554 ipse
411 5483 576 5536 vitam
606 5491 864 5538 aeternam
895 5488 1242 5552 pr0poneret.

339 5693 399 5748 »ε
441 5685 503 5741 ιι.
543 5629 640 5756 ειῇ
689 5685 797 5740 eo.
837 5684 1131 5742 porrus.
1245 5697 1270 5756 ᾳ
1313 5683 1469 5740 aom.
1515 5699 1613 5746 vn.
1654 5683 1738 5741 ιε.

269 5765 294 5796 ο
335 5756 523 5813 Ilatth.
561 5755 658 5823 vn,
695 5757 759 5825 7;
800 5756 931 5811 Luc.
989 5756 1169 5830 x|,-9.
1253 5755 1272 5794 ί
1316 5757 1446 5811 Luc.
1486 5774 1536 5821 ιι,
1571 5758 1656 5812 41.

1858 5685 1887 5727 δ
1922 5682 2040 5743 Gal.
2091 5702 2173 5756 ιιι,
2214 5692 2306 5745 24.

2370 5730 2383 5744 .
2421 5697 2443 5729 ε
2486 5684 2644 5745 Rom.
2685 5705 2739 5757 ιι,
2781 5689 2835 5744 4.
2945 5691 2970 5732 ιι
3014 5686 3208 5744 Matth.
3261 5700 3379 5752 xu,
3421 5683 3514 5740 ει.
