4016 6308
551 270 663 328 615

1704 265 2100 323 ΟιΕΜΕΝΤΙδ
2142 262 2613 320 ΑΙᾸΞΧᾹΝΝΠΝΙ

3728 265 3821 319 616

624 407 717 465 XI.
766 408 908 477 Quid
944 425 1073 481 ergo
1098 409 1200 464 fuit
1234 407 1380 480 quod
1420 407 1496 462 illi
1529 405 1711 479 fugam
1748 407 1945 471 suasit,
1979 406 2132 462 fecit-

2307 388 2410 441 IA'.
2446 386 2511 439 Τί
2537 384 2719 438 τοίνυν
2746 379 2816 456 ἦν
2842 382 2905 439 τὸ
2942 384 3393 457 προτρεοξάμενον
3425 382 3585 438 αὐτὸν
3616 385 3708 447 είς
3736 403 3821 452 ςτ-

550 518 659 574 que
691 510 752 558 ut
801 518 861 560 se
914 519 943 556 a
980 503 1276 574 magistro,
1330 516 1360 554 a
1420 500 1843 571 supplicatione,
1894 515 1924 553 a
1960 515 2075 570 spe,
2106 516 2137 553 a

549 598 683 656 vita.
722 611 749 649 a
786 595 1087 659 laboribus,
1122 594 1323 669 quibus
1348 593 1461 664 jam
1490 591 1809 664 perfunctus
1840 600 1977 658 erat,
2007 593 2138 648 sub-

550 687 815 744 duceret?
846 686 1073 757 Nempe,
1120 705 1138 739 ι
1165 686 1343 743 Vende
1391 702 1511 758 quae
1562 686 1790 741 habes.»
1831 683 1972 753 Quid
2006 701 2136 742 vero

552 778 655 836 hoc
691 779 794 834 sibi
828 779 944 831 vult
966 779 990 832 ἲ
1015 777 1170 833 Haud
1202 794 1356 842 sane,
1382 778 1528 848 quod
1557 779 1779 848 quidam
1828 779 1989 833 obvio
2021 786 2137 833 sta-

550 872 647 926 tim
675 886 840 926 sensu
878 872 1176 944 accipiunt,
1211 871 1499 927 facultates
1540 872 1734 941 projici
1772 871 1929 941 jubet
1957 878 2011 925 et
2038 887 2133 940 pe-

549 964 744 1018 cunias
799 978 829 1016 a
886 979 946 1018 se
995 979 1289 1031 amovere;
1344 963 1445 1017 sed
1480 980 1600 1037 qua:
1638 964 1707 1019 de
1754 963 1964 1017 divitiis
1994 979 2132 1017 vana

545 1055 756 1124 judicia
787 1066 917 1111 sunt
944 1056 1129 1111 animo
1161 1056 1556 1121 exterminare,
1597 1071 1726 1126 erga
1751 1071 1845 1110 eas
1874 1054 2131 1110 ell‘renem

548 1148 836 1203 libidinem
880 1164 946 1203 ac
976 1148 1219 1205 avaritiae
1239 1148 1438 1212 labem,
1490 1148 1910 1215 sollicitudines,
1947 1148 2134 1203 saeculi

549 1243 760 1311 spinas,
790 1257 914 1312 quae
945 1242 1215 1299 sull‘ocant
1254 1242 1378 1296 vita:
1404 1257 1609 1297 semen.
1654 1240 1810 1295 Haud
1842 1240 1986 1295 enim
2017 1256 2135 1293 ma-

549 1350 714 1406 gnum
743 1335 1080 1405 dignumque
1106 1335 1483 1397 aemulatione,
1526 1341 1752 1399 temere,
1803 1348 1914 1389 non
1969 1341 2029 1387 ut
2052 1334 2134 1388 vi-

549 1436 660 1480 tam
687 1428 1055 1492 nanciscaris,
1104 1427 1312 1483 divitiis
1345 1442 1573 1482 carere:
1631 1426 1713 1482 sic
1773 1442 2013 1497 namque
2039 1428 2131 1496 qui

546 1519 683 1573 nihil
705 1534 932 1588 prorsus
964 1520 1189 1583 habent,
1216 1520 1334 1583 sed,
1373 1519 1524 1574 omni
1561 1519 1809 1575 destituti
1842 1521 1964 1575 vita:
1989 1522 2133 1576 sola-

548 1612 646 1676 tio,
705 1613 1009 1682 quotidiani
1053 1613 1289 1667 mendici
1341 1628 1438 1683 per
1491 1613 1608 1667 vias
1658 1613 1849 1683 inopes
1902 1614 2133 1684 projecti

548 1715 698 1769 sunt,
724 1721 846 1759 cum
881 1712 937 1760 et
992 1705 1160 1760 Deum
1212 1706 1464 1776 ignorent
1487 1705 1691 1775 Deique
1724 1705 2018 1775 justitiam,
2067 1722 2133 1761 ea

546 1796 815 1852 duntaxat
854 1799 1065 1852 ratione
1090 1797 1237 1867 quod
1268 1805 1513 1853 extrema
1544 1805 1864 1868 premantur
1897 1813 2132 1869 pauper-

546 1896 680 1950 tate,
715 1890 978 1959 omnique
1010 1892 1131 1945 vita:
1166 1890 1415 1959 subsidio
1467 1894 1715 1955 careant,
1752 1906 1817 1946 ac
1859 1892 1942 1947 vel
1971 1892 2133 1946 mini-

547 1982 656 2038 mis
677 1981 1025 2045 deliciantur,
1057 1982 1303 2037 omnium
1357 1982 1662 2065 beatissimi
1689 1992 1877 2039 essent
1903 1998 1967 2038 ac
2000 1984 2130 2038 reli-

547 2073 870 2143 giosissimi,
938 2074 1152 2145 solique
1202 2085 1486 2146 compotes
1539 2076 1665 2131 vita:
1714 2084 1953 2132 aeterna.
2022 2075 2134 2132 Nec

546 2181 687 2221 nova
724 2182 817 2222 res
869 2168 1129 2225 abdicare
1172 2167 1415 2233 divitias,
1450 2175 1505 2223 et
1557 2169 1612 2222 in
1664 2183 1935 2240 pauperes
1968 2178 2133 2239 atque

546 2275 749 2331 egenos
782 2260 1035 2330 elargiri;
1065 2259 1211 2332 quod
1235 2268 1289 2313 et
1333 2260 1489 2313 multi
1535 2267 1662 2315 aute
1699 2258 2001 2316 Salvatoris
2036 2258 2133 2313 ad-

545 2358 769 2406 ventum
805 2351 1196 2421 praestiterunt,
1216 2366 1324 2421 qua
1351 2357 1410 2404 ut
1430 2350 1737 2405 litterarum
1768 2350 1967 2406 studiis
1993 2366 2135 2405 mor-

546 2449 763 2513 tumque
793 2443 1075 2513 sapientiae
1109 2449 1391 2509 vacarent,
1441 2457 1551 2513 qua
1582 2452 1642 2497 ut
1690 2443 1836 2497 inani
1864 2442 2133 2513 jactantia

545 2536 785 2593 nominis
808 2536 1113 2590 claritatem
1173 2550 1237 2591 ac
1286 2527 1531 2606 gloriolae
1576 2551 1769 2590 curam
1822 2545 2127 2608 captarent,

543 2625 902 2697 Anaxagone,
937 2625 1254 2692 Democriti,
1287 2626 1557 2683 Cratetes.

616 2718 782 2791 338
801 2718 915 2773 Xll.
944 2718 1086 2787 Quid
1116 2720 1282 2792 igitur
1303 2728 1362 2773 ut
1392 2736 1592 2776 novum
1626 2720 1828 2793 Deique
1853 2724 2128 2795 proprium

540 2810 716 2881 jubet,
749 2828 813 2867 ac
842 2813 1019 2868 solum
1051 2813 1321 2884 ejusmodi
1352 2823 1411 2869 ut
1444 2813 1719 2870 viviﬁcare
1752 2824 1936 2887 queat,
1984 2817 2131 2888 quod

544 2904 785 2976 antiquis
819 2906 1048 2961 salutem
1106 2922 1214 2960 non
1250 2906 1639 2974 altulit?Quid
1687 2924 1817 2962 vero
1870 2910 2129 2964 eximium

543 2997 673 3068 quid
703 3002 767 3051 ac
801 2998 1079 3069 singulare
1111 3013 1250 3052 nova
1281 3006 1556 3063 creatura,
1594 2997 1689 3053 Dei
1736 2995 1908 3056 Filius
1936 3001 2132 3070 praeci-

2238 481 2363 553 γὴν,
2417 479 2511 532 καὶ
2551 478 2787 549 ποιῆσαν
2825 478 3274 548 ἀπαυτομολῆσαι
3324 475 3420 530 τοῦ
3474 475 3825 537 διδασκάλω,

2236 573 2335 643 τῆς
2367 571 2593 634 ἱκεσίας,
2617 569 2718 640 τῆς
2743 569 2977 634 ἐλπίδος,
3008 570 3109 641 τῆς
3156 569 3320 641 ζωῆς,
3346 569 3455 622 τῶν
3475 585 3825 641 προπεπονη-

2240 665 2445 735 μένων;
2474 682 2492 711 ι
2517 661 2776 732 Πὼλησον
2809 661 2877 715 τὰ
2905 660 3222 733 ὑπάρχοντά
3272 677 3423 713 σου.»
3467 660 3532 711 Τί
3557 660 3620 713 δὲ
3669 659 3831 713 τοῦτό

2236 758 2413 819 ὲστιν;
2444 757 2554 825 Οὐχ
2588 753 2625 808 ἀ
2671 756 2979 827 προχείρως
3030 754 3275 825 δέχονταί
3319 769 3483 816 τινες,
3516 752 3619 825 τὴν
3654 752 3835 823 ὑπάρ-

2235 866 2434 919 χουσαν
2469 849 2657 902 οὐσίαν
2680 848 2983 919 ἀπορρίψω
3035 846 3369 919 προστάσσει
3397 847 3492 901 καὶ
3514 847 3835 917 ἀποστῆναι

2236 941 2345 995 ἀπὸ
2368 941 2477 994 τῶν
2507 941 2821 1014 χρημάτων·
2860 941 2994 994 ἀλλὰ
3029 939 3100 994 τά
3141 941 3385 1010 δόγματα
3442 941 3569 1012 περὶ
3602 941 3831 1013 χρημά-

2234 1053 2341 1088 των
2371 1035 2611 1106 ἐξορίσαι
2641 1036 2738 1106 τῆς
2765 1034 2965 1106 ψυχῆς,
3025 1035 3127 1107 τὴν
3174 1033 3302 1106 περὶ
3334 1033 3471 1087 αὗτά
3502 1035 3710 1087 πτοίαν
3741 1035 3832 1088 καὶ

2235 1129 2408 1194 νόσον,
2443 1129 2541 1194 τὰς
2580 1130 2870 1201 μερίμνας,
2919 1128 3016 1194 τὰς
3052 1126 3294 1192 ἀκάνθας
3336 1127 3430 1181 τοῦ
3484 1127 3631 1198 βίον,
3668 1129 3729 1182 αῖ
3774 1129 3830 1181 τὸ

2238 1224 2457 1295 σπέρμα
2511 1224 2611 1293 τῆς
2657 1222 2801 1293 ζωῆς
2843 1223 3256 1293 συμπνίγουσιν.
3323 1221 3459 1276 υῦτε
3516 1221 3634 1293 γάρ
3684 1221 3828 1293 μέγα

2236 1317 2329 1369 καὶ
2362 1315 2602 1386 ζηλωτὸν
2633 1314 2691 1368 τὸ
2718 1315 2996 1389 metu»;
3033 1316 3263 1387 ἀπορεῖν
3290 1315 3592 1387 χρημάτων
3626 1315 3709 1385 μὴ
3742 1315 3828 1368 ἐπὶ

2234 1409 2379 1480 λόγῳ
2417 1407 2585 1480 ζωῆς·
2622 1408 2765 1462 οὕτω
2818 1408 2918 1480 μὲν
2950 1408 3059 1480 γάρ
3102 1404 3243 1479 ἦσαν
3292 1410 3340 1462 οί
3400 1408 3567 1480 μηδὲν
3607 1409 3827 1479 ἐχοης

2240 1500 2492 1571 μηδαμῆ,
2521 1498 2656 1552 ἀλλά
2687 1490 2883 1570 ἔρημοι
2910 1497 3004 1552 καὶ
3038 1501 3292 1569 μεταίται
3326 1496 3433 1551 τῶν
3462 1498 3551 1568 ἐφ’
3580 1498 3825 1569 ἡμέραν,

2237 1594 2286 1644 οί
2322 1592 2460 1647 κατὰ
2488 1592 2586 1657 τάς
2611 1591 2763 1656 ὀδοὺς
2797 1590 3121 1664 ἐρριμμένοι
3159 1591 3380 1662 πτωχοὶ,
3413 1590 3749 1659 ἀγνοοῦντες
3772 1588 3825 1644 δὲ

2237 1683 2369 1737 Θεὸν
2397 1684 2491 1737 καὶ
2519 1682 2864 1755 δικαιοσύνην
2879 1682 3035 1744 Θεοῦ,
3054 1682 3175 1736 κατ’
3201 1683 3332 1736 αὐτὸ
3356 1683 3519 1755 μόνον
3545 1682 3608 1736 τὸ
3640 1685 3825 1755 ἄκρως

2234 1775 2459 1847 ἀπορεῖν
2516 1775 2610 1828 καὶ
2670 1776 2970 1846 ἀμηχανεῖν
3018 1775 3133 1846 βίου
3194 1776 3288 1829 καὶ
3350 1773 3459 1827 τῶν
3520 1773 3825 1844 ἐλαχίστων

2235 1866 2519 1933 σπανίζειν
2552 1866 2961 1939 μακαριώτατοι
2990 1868 3086 1921 καὶ
3122 1865 3551 1935 θεοφιλέστατοι,
3594 1867 3700 1919 καὶ
3732 1866 3825 1937 μό-

2230 1976 2311 2013 νοι
2332 1959 2477 2033 ζωὴν
2507 1960 2721 2031 ἔχοντες
2742 1960 2977 2014 αἰώνιον.
3010 1959 3147 2014 Οὔτε
3172 1960 3359 2014 καινὸν
3387 1959 3446 2013 τὸ
3474 1959 3822 2013 ἀπείπασθαι

2231 2052 2458 2106 πλοῦτον
2491 2053 2583 2106 καὶ
2608 2052 2934 2124 χαρίσασθαι
2964 2053 3253 2125 πτωχοῖςῆ
3286 2051 3537 2124 πένησιν,
3566 2052 3598 2105 ὃ
3637 2052 3822 2106 πολλοὶ

2232 2146 2458 2217 πρὸτῆς
2483 2144 2575 2199 τοῦ
2609 2145 2861 2218 Σωτῆρος
2910 2145 3138 2199 καθόδου
3196 2149 3584 2217 πεποιήκασιν,
3634 2148 3690 2200 οἱ
3725 2146 3822 2218 μὲν

2230 2237 2332 2309 τῆς
2369 2240 2450 2303 είς
2476 2238 2669 2307 λόγους
2695 2238 2895 2310 σχολῆς
2926 2240 3022 2293 καὶ
3065 2240 3265 2312 νεκρᾶς
3302 2239 3498 2308 σοφίας
3525 2239 3743 2305 ἕνεκεν,
3769 2239 3819 2292 οί

2231 2329 2287 2383 δὲ
2321 2331 2508 2402 φήμης
2541 2329 2704 2402 κενῆς
2761 2331 2856 2386 καὶ
2916 2329 3242 2396 κενοδοξίας,
3313 2330 3684 2404 Ἀναξαγόραι
3728 2333 3819 2385 καὶ

2233 2425 2565 2497 Δημόκριτοι
2593 2426 2688 2479 καὶ
2719 2426 3027 2499 Κράτητες.

2304 2716 2404 2769 IB’.
2446 2715 2510 2769 Τί
2544 2708 2637 2769 οὖν
2670 2715 2746 2777 ὡς
2769 2714 2975 2778 καινὸν,
3002 2714 3131 2769 ἴδιον
3162 2713 3295 2768 Θεοῦ
3317 2714 3700 2787 παραγγέλλει
3725 2714 3818 2769 καὶ

2236 2807 2396 2879 μόνον
2427 2806 2709 2872 ζωοποιδν,
2750 2806 2779 2860 ὃ
2799 2806 2925 2871 τοὺς
2959 2794 3259 2879 προτέρους
3287 2807 3387 2860 οὐκ
3418 2806 3632 2871 ἔσωσες
3673 2808 3741 2860 Τί
3765 2807 3820 2862 δὲ

2232 2899 2506 2973 ἐξαίρετόν
2533 2917 2587 2953 τι
2620 2901 2653 2971 ή
2684 2899 2846 2971 καινὴ
2876 2899 3074 2966 κτίσις,
3105 2901 3135 2953 ὁ
3166 2900 3293 2964 Υἱὸς
3325 2900 3461 2953 Θεοῦ
3497 2900 3701 2972 μηνύει
3731 2900 3820 2955 καὶ

2231 2991 2505 3059 διδάσκει;
2542 2993 2617 3047 Οὐ
2640 2992 2699 3047 τὸ
2733 2991 3079 3075 φαινόμενον,
3103 2992 3239 3064 ὅπερ
3264 2991 3416 3047 ἄλλοι
3449 2994 3815 3064 πεποιήκασι,

543 3090 623 3159 pit
656 3104 721 3145 ae
751 3090 946 3145 docet?
973 3088 1091 3145 Non
1151 3090 1255 3145 hoc
1314 3091 1537 3145 mandat
1568 3090 1713 3161 quod
1758 3092 1812 3146 in
1847 3102 2127 3162 aspectum

2238 3086 2545 3159 παρεγγυᾷ,
2582 3084 2694 3139 ἀλλ’
2725 3086 2913 3157 ἕτερόν
2962 3104 3016 3142 τι
3062 3086 3150 3140 διὰ
3195 3084 3353 3140 τοῦτο
3410 3087 3819 3158 σημαινόμενον

544 3178 712 3243 cadit,
748 3180 893 3251 quod
935 3180 1026 3235 alii
1060 3179 1238 3235 fecere
1262 3221 1277 3243 ,
1330 3179 1427 3235 sed
1459 3181 1605 3234 aliud
1644 3180 1776 3251 quid
1820 3182 2000 3250 majus
2048 3182 2131 3235 di-

543 3272 841 3343 viniusque
868 3280 922 3327 et
954 3271 1275 3343 perfectius,
1335 3272 1479 3342 quod
1529 3272 1623 3325 illo
1652 3272 2031 3343 significatur:
2073 3282 2133 3329 ut

545 3366 788 3419 auinmm
824 3365 1037 3420 scilicet
1095 3363 1459 3434 all'ectumque
1508 3361 1681 3419 vitiis'
1715 3365 2008 3428 nudemus,
2066 3382 2132 3421 ac

545 3472 665 3527 qua:
688 3456 866 3510 aliena
918 3462 1072 3519 sunt,
1127 3453 1396 3508 radicitus
1426 3468 1492 3508 ex
1541 3468 1608 3508 eo
1654 3453 2045 3511 exscindamus
2079 3462 2132 3509 et

544 3547 848 3618 ejiciamus.
898 3545 1011 3602 Hoc
1070 3545 1330 3601 nimirum
1370 3543 1472 3598 viri
1516 3543 1691 3601 fidelis
1720 3546 1998 3616 proprium
2031 3546 2133 3600 do-

548 3646 890 3701 cumentum,
928 3638 1205 3709 dignaque
1263 3635 1549 3691 Salvatore
1603 3635 1874 3690 doctrina.
1910 3635 2133 3707 Antiqui

550 3732 722 3795 enim,
744 3730 1077 3801 contemptis
1106 3729 1495 3790 exterioribus.
1516 3729 1894 3800 possessiones
1914 3729 2132 3799 quidem

546 3822 884 3893 reliquerunt
914 3827 973 3886 ᾖ
1027 3835 1092 3876 ac
1131 3820 1475 3888 amiserunt;
1534 3820 1629 3876 sed
1675 3820 1808 3874 vitia
1848 3821 2016 3875 animi
2069 3836 2134 3877 ac

547 3913 991 3987 perturbationes
1016 3913 1256 3968 arbitror
1287 3920 1341 3968 et
1371 3920 1664 3968 auxerunt.
1709 3910 1942 3983 Superbi
1987 3914 2133 3969 enim

544 4024 611 4064 ex
637 4009 741 4063 hoc
763 4015 817 4063 et
840 4007 966 4061 elati
994 4012 1311 4069 evaserunt,
1343 4004 1524 4059 inanis
1554 4004 1741 4077 gloriae
1778 4006 2017 4081 pleninet
2040 4008 2132 4076 qui

547 4103 883 4174 reliquorqu
918 4108 1237 4169 contemptu
1292 4097 1658 4162 ducerentur,
1703 4098 1862 4169 quasi
1894 4098 1999 4169 ipsi
2031 4098 2128 4152 ali-

542 4196 678 4267 quid
702 4210 869 4265 supra
921 4193 1201 4248 hominem
1255 4193 1576 4262 gessissent.
1630 4191 1916 4259 Quomodo
1973 4192 2135 4264 igitur

546 4289 803 4341 Salvator
832 4285 885 4339 in
927 4292 1193 4340 aeternum
1222 4284 1450 4338 victuris
1483 4285 1823 4355 praeciperet,
1868 4299 1989 4354 quae
2023 4284 2135 4338 sint

547 4378 797 4432 nocitura
844 4376 1130 4446 labemque
1161 4376 1413 4439 allatura,
1439 4374 1587 4445 quod
1624 4376 1820 4430 attinet
1847 4375 1914 4430 ad
1942 4376 2130 4439 vitam,

2237 3178 2422 3250 μεῖζον
2450 3179 2545 3231 καὶ
2580 3176 2852 3250 θειότερον
2882 3180 2976 3232 καὶ
3013 3178 3364 3250 τελειότερον,
3399 3178 3461 3231 τὸ
3500 3178 3606 3250 τὴν
3638 3178 3819 3249 ψυχὴν

2234 3270 2402 3341 αὐτὴν
2422 3270 2516 3323 καὶ
2549 3269 2646 3341 τὴν
2678 3269 2920 3324 διάθεσιν
2968 3269 3258 3343 γυμνῶσαι
3283 3271 3392 3324 τῶν
3421 3270 3532 3325 ἀπὸ
3565 3270 3681 3323 τῶν
3716 3287 3819 3325 παι

2235 3360 2342 3414 θῶν
2364 3363 2460 3415 καὶ
2488 3360 2759 3435 πρόρριζα
2808 3362 2875 3417 τά
2897 3362 3152 3434 ἀλλότρια
3180 3364 3278 3434 τῆς
3306 3361 3533 3434 γνώμης
3564 3364 3820 3434 ἐκτεμεῖν

2234 3455 2331 3507 καὶ⁹
2352 3452 2622 3508 ὲκὸαλεῖν.
2656 3452 2827 3508 Τοῦτο
2845 3454 2954 3526 γάρ
2987 3455 3118 3508 ίδιον
3144 3454 3242 3525 μὲν
3273 3453 3368 3507 τοῦ
3401 3453 3596 3508 πιστοῦ
3623 3453 3688 3507 τὺ
3719 3454 3821 3524 μά-

2234 3548 2406 3620 θημα,
2432 3549 2580 3615 ἄξιον
2612 3548 2669 3602 δὲ
2688 3547 2780 3602 τοῦ
2817 3548 3071 3619 Σλυτῆρος
3096 3548 3157 3601 τὸ
3201 3546 3454 3615 δίδαγμα.
3494 3547 3559 3600 Οί
3600 3546 3713 3620 γάρ
3741 3562 3821 3600 τοι

2234 3641 2497 3713 πρότερον
2532 3641 3048 3712 καταφρονήσαντες
3079 3635 3186 3692 τῶν
3227 3639 3403 3703 ἐκτὸς,
3439 3638 3510 3692 τὰ
3536 3639 3637 3710 μὲν
3687 3640 3820 3709 κτή-

2224 3742 2385 3807 ’ματα
2425 3733 2643 3805 ἀφῆκαν
2689 3733 2785 3788 καὶ
2838 3731 3261 3807 παραπώλεσαν,
3307 3732 3376 3786 τὰ
3422 3731 3482 3786 δὲ
3528 3731 3679 3805 πάθη
3711 3730 3822 3785 τῶν

2233 3826 2420 3899 ψυχῶν
2449 3825 2602 3899 οἶμαι
2642 3827 2723 3879 ὅτι
2765 3826 2861 3879 καὶ
2918 3824 3372 3897 προσεπέτειναν.
3422 3824 3510 3877 Ἑν
3541 3824 3820 3896 ὑπεροψίᾳ

2235 3913 2345 3988 γὰρ
2374 3914 2621 3983 ὲγένοντο
2648 3916 2745 3968 καὶ
2780 3911 3071 3987 ἀλαζονείᾳ
3104 3916 3199 3968 καὶ
3227 3912 3501 3985 κενοδοξία
3526 3914 3623 3968 καὶ
3658 3930 3819 3987 περιο

2236 4008 2493 4079 φρονήσει
2522 4006 2628 4060 τῶν
2657 4006 2829 4061 ἀλλων
2857 4006 3182 4079 ἀνθρώπιον,
3242 4006 3319 4071 ὼς
3372 4006 3527 4060 αὐτοί
3575 4023 3627 4059 τι
3678 4006 3820 4078 ὑπὲρ

2235 4099 2519 4171 ἄνθρωπον
2546 4098 2920 4172 ἐργαζόμενοι.
2975 4099 3099 4164 Πῶς
3134 4098 3202 4154 ἂν
3232 4095 3324 4153 οὖν
3353 4100 3382 4152 ὁ
3417 4098 3609 4171 Σωτὴρ
3639 4098 3818 4169 παρῇ

2234 4210 2316 4246 νει
2346 4194 2458 4256 τοῖς
2490 4192 2577 4245 ἀεὶ
2615 4189 2966 4263 βιωσομένοις
2997 4192 3065 4246 τὰ
3098 4191 3367 4263 βλάψοντα
3420 4193 3516 4245 καὶ
3548 4189 3820 4261 λυμανού-

2238 4300 2373 4354 μενα
2405 4284 2542 4355 πρὸς
2571 4284 2669 4355 τὴν
2695 4282 2839 4355 ζωὴν
2874 4284 2942 4356 ἣν
2986 4283 3418 4353 ὲπαγγέλλεταις
3467 4286 3581 4338 Καὶ
3610 4282 3817 4361 γὰροᾶν

2235 4382 2454 4435 κάκεῖνό
2484 4383 2620 4446 ἐστι,
2655 4381 2878 4435 δύναταί
2905 4399 2987 4446 τις
3015 4379 3524 4452 ἀωφορτισάμενος
3552 4377 3652 4447 τὴν
3682 4375 3817 4444 κτῆ-

545 4483 713 4540 quam
756 4475 945 4524 sancte
975 4466 1299 4538 pollicetur?
1326 4463 1460 4519 Nam
1504 4464 1608 4519 etsi
1639 4464 1773 4520 illud
1817 4464 2132 4539 cnntigerit,

2243 4491 2347 4540 σιν,
2385 4474 2538 4528 οὐδὲν
2576 4470 2739 4547 ἦττον
2781 4473 2864 4527 ἔτι
2912 4473 3010 4545 τὴν
3039 4471 3335 4544 ἐπιθυμίαν
3380 4473 3474 4525 καὶ
3507 4471 3607 4542 τὴν
3636 4467 3818 4541 ὄρεξιν

549 4571 730 4634 potest
758 4562 904 4634 quis,
934 4561 1184 4633 deposito
1216 4560 1535 4615 facultatum
1567 4575 1755 4622 onere,
1773 4557 2131 4615 nihilominus

548 4656 727 4713 adhuc
762 4657 1117 4729 pecuniarum
1144 4654 1497 4726 cupiditatem
1529 4667 1593 4706 ac
1621 4651 1766 4706 sitim
1802 4652 1985 4705 animo
2010 4653 2129 4705 iuo-

549 4750 701 4804 litam
743 4751 1124 4820 vigentemque
1156 4748 1398 4802 habere:
1434 4762 1498 4800 ac
1545 4759 1705 4800 usum
1731 4741 1951 4813 quidem
1981 4743 2133 4812 abje-

549 4846 715 4909 cisse,
750 4844 1044 4912 indigentia
1100 4849 1283 4895 tamen
1323 4838 1599 4908 simulque
1633 4835 1906 4891 desiderio
1934 4836 2132 4907 dilapi-

545 4937 689 4992 dataa
726 4938 802 4990 rei
837 4934 1143 4995 familiaris,
1167 4930 1461 5000 dupliciter
1486 4930 1691 4992 dolere,
1727 4937 1840 4984 tum
1871 4930 2130 4985 nimirum

548 5028 695 5101 quod
743 5027 922 5083 desint
953 5017 1266 5082 necessaria
1300 5024 1545 5087 servitia,
1588 5031 1701 5076 tum
1740 5022 1885 5094 quod
1919 5037 1984 5077 ea
2032 5023 2128 5077 ab-

543 5124 746 5194 jecisse
781 5121 1064 5192 pmniteat.
1107 5117 1250 5172 Fieri
1280 5116 1425 5171 enim
1461 5132 1570 5170 non
1610 5123 1812 5186 potest,
1844 5130 1944 5169 nec
1966 5130 2130 5172 secus

550 5228 790 5284 unquam
832 5210 911 5270 fit,
962 5216 1021 5261 ut
1069 5208 1158 5261 cui
1210 5206 1391 5261 desint
1442 5204 1754 5263 necessaria
1792 5206 1994 5277 quibus
2046 5208 2130 5261 vi—

2234 4567 2341 4620 τῶν
2369 4567 2664 4638 χρημάτων
2702 4566 2846 4637 ἔχειν
2891 4567 3241 4638 ὲντετηκυῖαν
3275 4565 3371 4619 καὶ
3416 4563 3685 4628 συζῶσανσ
3724 4561 3819 4615 καὶ

2235 4657 2332 4729 τὴν
2362 4658 2461 4730 μὲν
2493 4659 2694 4730 χρῆσιν
2725 4657 3179 4728 ἀποϐεϐληκέναι,
3217 4656 3437 4729 ἀπορῶν
3475 4655 3533 4710 δὲ
3576 4656 3694 4726 ἅμα
3724 4653 3818 4707 καὶ

2236 4748 2418 4804 ποθῶν
2449 4750 2593 4821 ᾶπερ
2618 4748 2921 4819 ἐσπάθησε,
2949 4747 3107 4819 διπλῆ
3140 4746 3451 4809 λυπεῖσθαι,
3497 4748 3595 4799 καὶ
3628 4747 3697 4815 τῇ
3718 4743 3818 4811 τῆς

2236 4842 2545 4915 ὑπηρεσίας
2573 4841 2811 4913 ἀπουσίᾳ
2841 4841 2935 4894 καὶ
2962 4842 3027 4912 τῇ
3053 4839 3154 4909 τῆς
3192 4838 3481 4911 μετανοίας
3517 4836 3814 4910 παρουσία.

2248 4934 2560 5004 Ἀνέφικτον
2593 4934 2701 5005 γάρ
2752 4934 2847 4987 καὶ
2883 4933 3183 5004 ἀμήχανον,
3232 4930 3484 5001 δεόμενον
3536 4929 3645 4983 τῶν
3679 4927 3815 4999 πρὸς

2235 5029 2294 5081 τὸ
2321 5027 2584 5099 βιοτεύειν
2607 5026 2918 5096 ἀναγκαίων
2953 5026 3027 5098 μὴ
3065 5023 3441 5081 κατακλᾶσθαι
3467 5024 3567 5094 τὴν
3589 5021 3815 5091 γνώμην

2235 5120 2331 5173 καὶ
2360 5117 2615 5190 ἀσχολίαν
2637 5119 2792 5188 ἄγειν
2811 5118 2917 5171 ἀπὸ
2946 5118 3052 5170 τῶν
3083 5114 3430 5189 κρειττόνων,
3451 5110 3701 5167 ὁπωσοῦν
3722 5110 3816 5163 καὶ

2233 5210 2452 5264 ὁθενοῦν
2485 5209 2655 5263 ταῦτα
2689 5206 3024 5283 πειρώμενον
3054 5205 3384 5279 ἐκπορίζειν.

548 5315 662 5362 tam
696 5313 982 5368 sustentet,
1008 5318 1115 5358 non
1152 5303 1337 5357 animo
1360 5303 1533 5374 frangi
1561 5312 1727 5374 atque
1774 5318 1805 5357 a
1843 5303 2149 5375 potioribus
2188 5307 2482 5362 sollicitata
2532 5315 2713 5363 mente
2769 5313 3051 5369 avocetur,
3080 5302 3211 5357 dum
3265 5301 3462 5375 quovis
3509 5299 3672 5356 modo
3720 5301 3815 5349 aut

550 5402 782 5457 undevis
808 5401 926 5454 hac
965 5414 1158 5469 parare
1184 5405 1436 5452 conatur.

626 5490 765 5545 Xlll.
794 5490 863 5543 At
891 5497 1097 5560 quanto
1130 5491 1306 5545 satius
1367 5487 1701 5560 oppositum,
1757 5496 1817 5542 ut
1847 5504 1942 5559 per
1996 5504 2131 5560 opes

550 5584 855 5643 mediocres
882 5593 935 5639 et
967 5586 1082 5654 ipse
1112 5584 1253 5639 mala
1282 5599 1391 5637 non
1422 5583 1636 5649 toleret,
1659 5587 1712 5637 et
1743 5581 1945 5657 quibus
1968 5598 2133 5657 opor-

629 5749 688 5807 ᾖ
729 5741 788 5800 P.
826 5677 932 5825 οἷς».
975 5742 1083 5798 fil).
1114 5738 1410 5797 POT't‘Ell.

2310 5491 2407 5544 II".
2449 5491 2559 5546 Καὶ
2588 5490 2740 5562 πόσῳ
2790 5487 3203 5562 χρησιμώτερον
3250 5487 3310 5540 τὸ
3341 5487 3602 5551 ἐναντίον,
3653 5484 3816 5539 ἱκανὰ

2239 5584 2577 5659 κεκτημένον
2609 5583 2773 5637 αὐτόν
2827 5599 2885 5636 τε
2915 5582 3045 5654 περὶ
3096 5579 3194 5653 τὴν
3227 5579 3420 5651 κτῆσιν
3456 5578 3534 5653 μὴ
3561 5595 3817 5636 κακοπα-
