4016 6308
267 306 374 363 61⁸1

1349 299 1547 362 UBER
1585 299 1752 381 QUI§
1789 297 1995 362 DWES
2036 295 2420 364 SALV'ETUR.

3390 298 3496 356 618

265 420 404 488 θεῖν,
431 420 528 475 καὶ
577 413 660 485 οἷς
687 379 926 492 καθῆκεν
968 421 1314 494 ἐπικουρεῖν;
1349 420 1446 486 Τίς
1481 421 1590 492 γὰρ
1621 421 1688 475 ἂν
1713 379 1827 480 κοι-

1940 427 2003 474 :et
2030 416 2356 488 suppeditet.
2407 414 2538 484 Qua
2571 416 2718 474 enim
2752 416 2866 488 jam
2903 417 3047 488 apud
3076 417 3332 476 homines
3359 421 3493 474 reli-

261 513 435 567 νωνία
469 511 815 566 καταλίποιτο
859 511 1008 585 παρὰ
1039 511 1364 585 ἀνθρώποις,
1397 514 1446 566 εί
1487 513 1674 585 μηδεὶς
1723 512 1834 583 ἔχει

270 601 439 673 μηδὲν
464 617 479 666 ;
508 600 633 666 Πῶς
664 601 733 655 ἂν
757 601 914 655 τοῦτο
949 602 1010 655 τὸ
1049 601 1225 672 δόγμα
1262 601 1476 666 πολλοῖς
1520 601 1699 666 ἄλλοις
1741 603 1835 659 καὶ

268 692 457 757 καλοῖς
485 692 577 746 τοῦ
616 694 820 765 Κυρίου
846 692 1108 764 δόγμασιν
1132 692 1253 768 οὐχὶ⁵
1279 692 1530 764 φανερῶς
1563 693 1837 749 ἐναντιού-

271 803 438 856 μενον
472 787 779 860 εὑρίσκοιτο
825 787 920 840 καὶ
959 786 1297 858 μαχόμενον;
1353 806 1373 837 ι
1400 787 1665 858 Ποιήσατε
1711 787 1837 840 ἐαυ-

263 877 385 938 ⁸τοῖς
419 875 607 946 φίλους
639 878 706 930 ἐκ
734 875 826 930 τοῦ
864 878 1125 948 μαμμονᾶ
1166 877 1266 947 τῆς
1303 876 1537 942 ἀδικίας,
1571 877 1680 941 ἵνα,
1707 878 1834 932 ὅταν

264 965 552 1038 ἐκλίπητε,
606 966 862 1033 δέξωνται
892 968 1038 1040 ὑμᾶς
1079 970 1158 1034 είς
1201 968 1298 1032 τὰς
1329 967 1579 1032 αἰωνίους
1607 967 1830 1039 σκηνάς.

266 1057 562 1128 Κτήσασθε
609 1058 916 1130 θησαυροὺς
969 1060 1027 1114 ἐν
1083 1058 1333 1131 οὐρανῷ,
1373 1059 1507 1113 ὅπου
1552 1060 1687 1131 μήτε
1736 1059 1834 1132 σὴς

271 1150 414 1220 μήτε
436 1149 636 1222 βρῶσις
659 1151 996 1220 ἀφανίζουσι,
1019 1153 1153 1224 μήτε
1181 1151 1412 1206 κλέπται
1437 1152 1794 1224 διορύσσουσι.
1809 1171 1828 1204 ι

269 1240 399 1306 Πῶς
429 1243 495 1296 ἄν
533 1261 615 1307 τις
659 1245 924 1298 πεινῶντα
953 1245 1162 1318 τρέφοι,
1197 1246 1292 1298 καὶ
1333 1244 1569 1314 διψῶντα
1605 1245 1832 1310 ποτίςοι,

269 1337 371 1391 καὶ
401 1337 606 1407 γυμνὸν
649 1334 929 1399 σκεπάζοι,
969 1336 1064 1390 καὶ
1099 1336 1324 1404 ἀστεγον
1362 1335 1602 1404 συνάγοι,
1650 1334 1687 1390 ἃ.
1723 1337 1834 1399 τοῖς

271 1426 351 1498 μὴ
375 1429 666 1500 ποιήσασιν
697 1427 912 1482 ἀπειλεῖ
941 1427 1054 1499 πῦρ
1086 1428 1181 1482 καὶ
1237 1427 1425 1492 σκότος
1460 1428 1522 1481 τὸ
1550 1427 1832 1497 ἐξώτερον,

267 1519 320 1572 εί
343 1519 559 1573 πάντων
588 1519 750 1583 αὐτὸς
806 1518 1034 1582 ἕκαστος
1075 1518 1263 1588 φθάνοι
1322 1517 1526 1572 τούτων
1556 1517 1832 1588 ύστερῶν;

281 1609 446 1666 Ἀλλὰ
472 1611 577 1683 μὴν
605 1611 768 1676 αύτός
798 1627 858 1664 τε
901 1610 1278 1676 ἐπιξενοῦσθαι
1326 1610 1580 1680 Ζακχαίῳ
1627 1607 1836 1664 κελεύει

267 1704 367 1756 καὶ
395 1702 660 1774 Ματθαίῳ
683 1705 793 1766 τοῖς
827 1700 938 1773 (25)
968 1702 1242 1766 πλουσίοις
1283 1703 1378 1756 καὶ
1410 1701 1684 1766 τελώναις.
1728 1703 1836 1756 Καὶ

263 1793 340 1848 τὰ
367 1795 466 1865 μέν
498 1795 756 1866 χρήματα
788 1795 984 1858 αὐτοὺς
1014 1795 1074 1848 ού
1109 1793 1320 1848 κελεύει
1352 1795 1613 1866 μεθεῖναι,
1648 1793 1745 1866 τὴν
1775 1795 1832 1848 δὲ

263 1885 483 1939 δικαίαν
514 1887 698 1957 κρίσιν
723 1885 952 1950 ἐπιθεὶς,
981 1885 1075 1939 καὶ
1104 1887 1202 1955 τὴν
1256 1886 1437 1941 ἄδικον
1468 1886 1698 1957 ἀφελὼν,
1735 1904 1834 1939 κα·

266 1976 508 2046 ταλέγει·
545 1996 565 2028 ι
592 1978 837 2050 Σήμερον
870 1978 1112 2050 σωτηρία
1133 1977 1209 2048 τῷ
1239 1977 1374 2049 οἴκῳ
1401 1978 1574 2049 τούτῳ
1597 1978 1834 2046 ἐγένετο,

268 2065 461 2121 καθότι
493 2067 589 2119 καὶ
614 2067 774 2132 αὐτὸς
807 2068 922 2134 υίδς
963 2069 1210 2140 Ἀϐραάμ
1269 2069 1473 2122 ἐστιν.)
1538 2068 1694 2123 Οῦτω
1741 2069 1838 2139 τὴν

269 2161 461 2232 χρείαν
483 2160 661 2216 αὐτῶν
691 2162 918 2224 ἐπαινεῖ,
943 2160 1081 2214 ὥστε
1111 2162 1204 2217 καὶ
1235 2161 1370 2231 μετὰ
1394 2161 1494 2232 τῆς
1525 2160 1839 2233 προσθήκης

268 2253 476 2324 ταύτης
518 2253 616 2325 τὴν
649 2253 929 2308 κοινωνίαν
981 2252 1282 2316 ἐπιτάσσει,
1339 2253 1574 2316 ποτίζειν
1629 2253 1720 2306 τὸν
1766 2253 1842 2306 δι-

268 2345 476 2415 ψῶντα,
500 2346 663 2418 ἄρτον
694 2345 890 2400 διδόναι
923 2344 1000 2416 τῷ
1027 2345 1300 2410 πεινῶντι,
1357 2345 1710 2416 ὑποδέχεσθαι
1751 2346 1841 2399 τὸν

270 2436 522 2504 ἄστεγον,
567 2435 925 2506 ἀμφιεννύναι
957 2435 1048 2491 τὸν
1075 2435 1298 2508 γυμνόν.
1331 2436 1394 2488 Εἰ
1441 2436 1498 2489 δὲ
1526 2435 1625 2500 τὰς
1654 2435 1842 2507 χρείας

269 2527 371 2598 οὐχ
410 2521 522 2581 οἷόν
565 2545 626 2581 τε
671 2527 979 2600 ἐκπληροῦν
1009 2526 1211 2591 ταύτας
1259 2526 1336 2598 μὴ
1384 2527 1492 2583 ἀπὸ
1521 2528 1838 2600 χρημάτων,

269 2618 381 2674 τῶν
409 2619 466 2673 δὲ
501 2618 800 2691 χρημάτων
840 2620 1170 2688 ἀφίστασθαι
1208 2620 1441 2686 κελεύει,
1473 2620 1523 2675 τί
1561 2620 1624 2675 ἂν
1661 2620 1844 2690 ἕτερον

269 2709 360 2780 εἴη
394 2709 562 2764 ποιῶν
605 2711 634 2764 ό
683 2712 904 2784 Κύριος,
947 2713 980 2784 ἢ
1017 2712 1085 2768 τὰ
1117 2713 1257 2768 αὐτὰ
1291 2713 1495 2769 διδόναι
1533 2730 1592 2767 τε
1628 2715 1723 2768 καὶ
1769 2713 1844 2785 μὴ

265 2800 470 2856 διδόναι
512 2802 810 2875 παραινῶν,
850 2803 1072 2875 τρέφειν
1115 2822 1176 2859 τε
1207 2807 1302 2860 καὶ
1334 2805 1412 2877 μὴ
1438 2804 1681 2879 τρέφειν,
1714 2804 1847 2860 ὐπο-

269 2890 522 2962 δέχεσθαι
578 2895 674 2949 καὶ
713 2893 1041 2960 ἀποκλείειν,
1077 2901 1350 2952 κοινωνεῖν
1385 2899 1481 2952 καὶ
1539 2897 1617 2970 μὴ
1653 2914 1844 2951 κοινω-

272 2987 426 3051 νεῖν;
461 2985 599 3057 ὅπερ
621 2986 874 3043 ἁπάντων
933 2988 1288 3058 ἀλογώτατον.

1935 523 2042 580 qua
2073 505 2501 564 communicatio
2523 506 2614 570 sit,
2649 507 2696 560 si
2727 521 2886 562 nemo
2932 506 3229 576 quidquam
3261 507 3498 562 habeat?

1936 600 2219 668 Quomodo
2247 614 2377 655 vero
2405 599 2600 669 dogma
2642 599 2746 654 hoc
2797 615 2906 656 non
2930 607 3114 669 aperte
3141 607 3346 671 pugnet
3370 613 3496 654 cum

1933 693 2123 748 multis
2147 692 2266 751 aliis
2289 706 2352 746 ac
2377 691 2653 761 praeclaris
2672 733 2688 759 ,
2720 707 2842 762 qua:
2887 691 3148 748 Dominus
3197 691 3380 748 sanxit
3407 705 3499 746 ra-

1934 794 2098 856 taque
2128 787 2336 840 voluit?
2366 804 2384 837 ι
2414 785 2600 842 Facite
2643 785 2799 839 vobis
2861 785 3068 839 amicos
3092 784 3158 839 de
3187 798 3496 839 mammona

1933 878 2256 947 iniquitatis,
2296 885 2374 945 ut,
2426 891 2551 932 cum
2593 876 2923 940 defeceritis,
2985 876 3250 946 recipiant
3300 891 3398 931 vos
3440 876 3496 930 in

1933 978 2135 1025 aeterna
2167 969 2519 1024 tabernacula
2543 981 2591 1024 ε.
2611 967 2807 1024 Parate
2830 970 3118 1025 thesauros
3145 970 3200 1022 in
3221 970 3379 1036 coelo,
3404 969 3498 1025 ubi

1933 1078 2109 1132 neque
2140 1076 2321 1133 aerugo
2343 1076 2519 1131 neque
2548 1063 2691 1118 tinea
2715 1061 3106 1124 demoliuntur,
3134 1077 3311 1132 neque
3347 1061 3498 1117 fures

1934 1153 2196 1209 effodiunt
2250 1154 2298 1209 δ.
2333 1173 2350 1206 ι
2411 1153 2657 1221 Quanam
2714 1154 2838 1224 quis
2894 1155 3105 1209 ratione
3168 1156 3497 1210 esurientem

1933 1246 2067 1311 alat,
2101 1245 2306 1314 sitienti
2331 1253 2515 1316 potum
2549 1246 2710 1308 dcte,
2769 1245 2974 1300 nudum
3025 1252 3298 1315 contegat,
3343 1261 3500 1316 pere-

1935 1337 2149 1408 grinum
2189 1337 2428 1408 colligat,
2462 1353 2584 1409 qua?
2615 1338 2722 1392 nisi
2761 1339 2885 1408 quis
2929 1336 3114 1402 faciat,
3147 1338 3324 1406 ignem
3347 1352 3498 1394 com-

1936 1430 2188 1484 minatur.
2224 1439 2278 1484 et
2326 1430 2578 1485 tenebras
2629 1429 2947 1493 exteriores,
3017 1429 3064 1485 si
3113 1429 3345 1499 quisque
3379 1429 3498 1498 ipse

1935 1522 2084 1591 prior
2111 1523 2305 1576 horum
2357 1523 2600 1577 omnium
2656 1537 2858 1592 egenus
2908 1521 3216 1582 exstiterit?
3259 1521 3400 1585 Quin
3443 1529 3498 1577 et

1936 1614 2053 1684 ipse
2079 1616 2256 1684 excipi
2274 1630 2332 1670 se
2353 1614 2588 1684 hospitio
2615 1629 2646 1667 a
2676 1613 2934 1669 Zacchaeo
2954 1614 3110 1682 jubet
3143 1622 3197 1668 et
3225 1614 3492 1679 Matthaeo,

1935 1706 2028 1776 qui
2064 1706 2262 1762 divites
2319 1712 2508 1762 essent
2535 1714 2589 1761 et
2635 1707 2910 1776 publicani
2950 1705 2998 1758 ά.
3049 1707 3127 1761 Ac
3155 1706 3372 1776 quidem
3414 1706 3496 1761 die

1937 1799 2153 1853 mittere
2170 1814 2266 1854 eos
2295 1800 2555 1869 pecunias
2583 1812 2692 1851 non
2740 1797 2930 1867 jubet;
2965 1797 3059 1852 sed
3108 1797 3323 1867 adjecto
3347 1797 3499 1866 justo

1930 1889 2140 1956 judicio
2167 1890 2458 1961 ablatoquc
2484 1890 2711 1958 injusto,
2774 1889 3052 1959 subjungit
3083 1909 3095 1943 :
3154 1909 3172 1941 ι
3206 1888 3378 1945 Hodie
3409 1905 3499 1946 sa-

1937 1981 2023 2036 lus
2077 1981 2203 2035 huic
2253 1981 2438 2036 domui
2494 1981 2637 2035 facta
2674 1990 2778 2045 est,
2811 1996 2876 2036 eo
2906 1980 3052 2050 quod
3103 1990 3156 2038 et
3206 1981 3324 2051 ipse
3357 1982 3500 2036 filius

1935 2071 2220 2128 Abraham
2259 2071 2349 2128 Sic
2401 2088 2531 2129 vero
2578 2073 2762 2129 laudat
2821 2076 3173 2144 pecuniarum
3205 2092 3390 2139 usum,
3441 2084 3502 2130 ut

1938 2183 2062 2223 cum
2114 2167 2216 2222 hac
2254 2165 2560 2237 adjectione
2605 2169 3150 2224 communicationem
3200 2170 3501 2240 praecipiat,

1938 2267 2123 2329 potum
2153 2261 2284 2315 dare
2312 2259 2538 2324 sitienti,
2591 2260 2852 2316 esurienti
2880 2277 3075 2331 panem
3116 2262 3374 2331 praebere,
3404 2276 3501 2332 pe-

1943 2353 2213 2423 regrinum
2237 2351 2542 2421 suscipere,
2587 2353 2791 2408 nudum
2843 2354 3061 2410 vestire.
3103 2354 3257 2420 Quod
3303 2354 3348 2408 si
3392 2355 3506 2412 haec

1941 2459 2100 2499 nemo
2131 2445 2318 2499 munia
2350 2445 2554 2514 absque
2578 2446 2827 2516 pecuniis
2848 2447 3065 2515 explere
3097 2453 3297 2516 potest,
3323 2446 3506 2517 jubet-

1941 2552 2046 2606 que
2069 2545 2129 2591 ut
2155 2537 2391 2591 divortio
2421 2537 2564 2592 facto
2593 2539 2716 2595 illas
2747 2539 3150 2608 relinquamus;
3180 2538 3311 2609 quid
3333 2538 3502 2604 aliud,

1943 2643 2148 2697 quaeso,
2181 2627 2309 2682 facit
2332 2627 2616 2691 Dominus,
2650 2644 2814 2700 quam
2849 2639 2906 2683 ut
2927 2630 3114 2685 eadem
3168 2630 3298 2686 dare
3321 2637 3376 2686 et
3397 2645 3506 2684 non

1943 2718 2074 2773 dare
2099 2718 2307 2788 jubeat,
2345 2720 2489 2775 alere
2533 2728 2586 2775 et
2633 2736 2741 2774 non
2771 2721 2937 2786 alere,
2994 2722 3273 2791 suscipere
3313 2729 3368 2776 et
3395 2737 3504 2776 non

1945 2809 2245 2880 suscipere,
2261 2810 2665 2867 communicare
2689 2820 2740 2866 et
2762 2827 2872 2867 non
2893 2812 3334 2868 communicare?
3350 2812 3506 2880 Quod

1943 2901 2186 2956 omnium
2219 2901 2644 2957 insulsissimum
2674 2909 2778 2959 est.

343 3170 442 3226 IA'.
479 3171 591 3226 Οὐκ
633 3172 748 3243 ἄρα
795 3155 1162 3246 ἀπρῤιπτέον
1219 3175 1286 3229 τὰ
1348 3175 1445 3230 καὶ
1497 3177 1623 3240 τσὺς
1674 3172 1841 3238 πέλας

2013 3163 2154 3220 XIV.
2185 3162 2302 3218 Non
2331 3178 2462 3234 ergo
2490 3163 2810 3235 abjiciendae
2845 3171 2974 3221 sunt
3009 3179 3141 3234 opes
3164 3206 3179 3232 ,
3218 3143 3338 3235 quae
3370 3170 3425 3220 et
3452 3162 3508 3220 in

270 3259 587 3330 ὠφελοῦντα
618 3266 893 3336 χρήματα·
933 3267 1188 3337 κτήματα
1221 3267 1329 3340 γάρ
1353 3270 1467 3322 ἐστι
1487 3270 1658 3341 κτητὰ
1690 3271 1841 3334 ὄντα,

272 3356 372 3408 καὶ
408 3357 666 3428 χρήματα
713 3357 962 3427 χρήσιμα
1007 3357 1135 3412 ὄντα
1171 3361 1266 3414 καὶ
1301 3361 1381 3424 είς
1413 3361 1608 3432 χρῆσιν
1640 3360 1848 3433 ἀνθρώ-

274 3464 397 3502 πων
436 3449 931 3520 παρεσκευασμένα
986 3451 1091 3506 ὑπὸ
1124 3451 1218 3505 τοῦ
1279 3452 1434 3506 Θεοῦ⁶
1475 3453 1512 3510 ἃ.
1550 3454 1614 3528 δὴ
1669 3454 1846 3528 παρά-

273 3555 456 3592 κειται
500 3540 595 3593 καὶ
643 3539 1006 3612 ὑποϐέϐληται
1056 3541 1304 3614 καθάπερ
1339 3540 1438 3614 ὕλη
1499 3561 1582 3609 τις
1623 3546 1718 3599 καὶ
1750 3545 1845 3616 δρ-

272 3646 419 3698 γανα
464 3631 600 3702 πρὸς
635 3631 831 3702 χρῆσιν
869 3631 1078 3703 ἀγαθὴν
1120 3635 1232 3698 τοῖς
1280 3633 1444 3687 εἰδόσι
1496 3635 1556 3689 τὸ
1591 3634 1840 3707 ὄργανον.

288 3722 418 3775 Ἐὰν
437 3725 539 3793 χρῇ
561 3724 840 3792 τεχνικῶς,
880 3724 1123 3794 τεχνικόν
1161 3727 1328 3778 ἐστιν’
1356 3725 1449 3779 ἐὰν
1486 3727 1718 3798 ὑστερῇς
1749 3729 1845 3798 τῆς

273 3813 496 3884 τέχνης,
518 3813 777 3868 ἀπολαύει
805 3814 904 3884 τῆς
944 3814 1042 3884 σῆς
1075 3814 1428 3879 ἀπαιδευσίας
1460 3816 1570 3888 (24)
1602 3816 1660 3869 ὃν
1693 3818 1846 3871 ἀναί-

276 3923 412 3959 τιον.
445 3906 692 3960 Τοιοῦτον
727 3909 822 3961 καὶ
850 3908 878 3959 ὁ
911 3907 1138 3971 πλοῦτος
1169 3907 1399 3978 ὄργανόν
1438 3911 1571 3964 ἐστι.
1611 3909 1845 3965 Δύνασαι

277 3996 515 4068 χρῆσθαι
549 3997 770 4063 δικαίως
789 3998 968 4069 αύτῷ;
1014 4000 1148 4068 πρὸς
1167 4000 1508 4072 δικαιοσύνην
1537 4003 1849 4073 καθυπηρε-

277 4091 384 4142 τεῖ.
441 4089 664 4153 Ἀδίκως
714 4107 797 4154 τις
858 4089 1003 4160 αὐτῷ
1061 4091 1300 4162 χρῆται;
1355 4091 1516 4145 πάλιν
1571 4091 1847 4164 ὑπηρέτης

277 4177 493 4242 ἀδικίας
527 4179 855 4251 εὑρίσκεται.
892 4181 1105 4249 Πέφυκε
1135 4181 1243 4253 γάρ
1281 4183 1593 4253 ὑπηρετεῖν,
1615 4184 1726 4237 ἀλλ’
1749 4183 1848 4236 οὐκ

277 4271 490 4340 ἄρχειν.
519 4271 592 4323 Ub
623 4270 727 4342 χρὴ
759 4271 937 4324 τοίνυν
955 4271 1016 4324 τὸ
1053 4271 1110 4338 ἐξ
1143 4273 1305 4326 αὑτοῦ
1344 4273 1418 4344 μὴ
1453 4272 1574 4343 ἔχον
1603 4275 1750 4346 ,μήτε
1788 4274 1848 4326 τὸ

278 4361 490 4430 ἀγαθὸν
537 4363 673 4434 μήτε
691 4364 752 4421 τὸ
789 4363 986 4428 κακὸν,
1021 4365 1257 4417 ἀναίτιον
1296 4365 1375 4429 ὅν,
1423 4364 1718 4418 αἰτιᾶσθαι·
1751 4364 1846 4418 ἀλ-

279 4453 353 4507 λά
387 4453 451 4506 τὸ
483 4454 778 4525 δυνάμενον
831 4456 926 4507 καὶ¹
972 4455 1149 4520 καλῶς
1192 4455 1401 4520 τούτοις
1456 4457 1691 4529 χρῆσθαι
1751 4457 1846 4509 καὶ

277 4544 491 4609 κακῶς,
526 4546 618 4614 ἀφ’
657 4540 732 4600 ὧν
766 4547 830 4600 ἂν
868 4548 1054 4618 ἕληται
1107 4548 1229 4603 καθ’
1263 4549 1414 4602 αὑτό·
1451 4550 1610 4603 τοῦτο
1640 4549 1698 4602 δέ
1733 4552 1847 4602 ἐστι

281 4633 411 4698 νοῦς
450 4635 732 4707 ἀνθρώπου
786 4638 880 4691 καὶ
921 4640 1223 4710 κριτήριον,
1293 4639 1572 4712 ἐλεύθερον
1620 4639 1741 4711 ἔχον
1793 4641 1850 4693 ἐν

283 4725 465 4796 ἑαυτῷ
497 4729 590 4781 καὶ
642 4728 702 4780 τὸ
733 4728 1073 4796 αὐτεξούσιον
1123 4731 1220 4801 τῆς
1279 4733 1712 4804 μεταχειρήσεως
1743 4731 1850 4784 τῶν

281 4817 570 4874 δοθέντων.
626 4821 787 4874 Ὥστε
851 4822 1029 4892 μὴτά
1083 4825 1340 4895 κτήματά
1399 4843 1483 4890 τις
1549 4824 1851 4894 ἀφανιζέτω

287 4911 492 4982 μᾶλλον
523 4911 557 4984 ἢ
594 4913 665 4966 τά
689 4913 834 4984 πάθη
866 4915 962 4984 τῆς
999 4915 1198 4985 ψυχῆς,
1250 4917 1318 4970 τά
1359 4918 1432 4990 μὴ
1467 4918 1851 4991 συγχωροῦντα

282 5005 385 5077 τὴν
417 5006 624 5076 ἀμείνω
655 5007 849 5078 χρῆσιν
881 5005 986 5058 τῶν
1019 5007 1386 5078 ὑπαρχόντων
1437 5009 1543 5073 ἵνα,
1575 5009 1733 5073 καλὸς
1753 5009 1849 5062 καὶ

283 5097 490 5164 ἀγαθὸς
520 5097 828 5168 γενόμενος,
849 5098 944 5150 καὶ
971 5096 1178 5161 τούτοις
1213 5101 1323 5162 τοῖς
1353 5100 1595 5171 χρήμασι
1617 5098 1850 5171 χρῆσθαι

284 5189 486 5260 δυνηθῇ
519 5189 717 5254 καλῶς.
752 5190 826 5243 Τὸ
851 5184 942 5244 οῦν
972 5189 1344 5258 ἀποτάξασθαι
1375 5193 1510 5247 πᾶσι
1531 5195 1644 5266 τοῖς
1676 5191 1852 5264 ὑπάρ-

282 5297 445 5353 χουσι
471 5283 568 5336 καὶ
606 5282 850 5354 πωλῆσαι
893 5282 1071 5338 πάντα
1097 5283 1168 5338 τὰ
1191 5284 1522 5356 ὑπάρχοντα,
1553 5283 1741 5339 τοῦτον
1763 5284 1853 5339 τὸν

283 5521 379 5562 xu
401 5545 417 5568 ,
453 5504 509 5560 5.

361 5659 472 5729 (‘25)
509 5658 656 5729 Τοῖς.
681 5656 842 5710 Addit
864 5653 1222 5729 Combelisius
1263 5660 1452 5708 contra
1479 5650 1634 5708 fidem
1667 5665 1848 5707 exem-

291 5723 483 5802 plaris,
515 5723 922 5782 συνδειπνεῖται.
947 5723 1108 5779 Ὲειι..

536 5845 776 5906 Ρηιιοι
835 5834 952 5896 Gn.
999 5840 1110 5902 1X.

1946 3258 2175 3330 proximi
2229 3257 2424 3314 cedant
2485 3257 2774 3313 utilitatem
2817 3277 2830 3313 :
2879 3257 3076 3314 etenim
3133 3258 3509 3327 possessiones

1945 3351 2224 3416 dicuntur,
2251 3339 2380 3420 quia
2413 3364 2600 3404 earum
2630 3363 2696 3404 ea
2725 3348 2937 3404 indoles
2971 3357 3055 3404 est
3099 3357 3158 3403 ut
3185 3349 3509 3420 possidean-

1945 3451 2068 3511 tur;
2126 3443 2348 3512 insuper
2400 3457 2530 3511 opes
2584 3440 2925 3512 appellantur
2975 3445 3032 3504 ἧι
3069 3441 3196 3510 quia
3237 3455 3396 3511 Opem
3431 3439 3511 3496 fe-

1945 3544 2095 3600 runt,
2127 3543 2182 3591 et
2205 3534 2460 3589 humanis
2488 3534 2682 3589 usibus
2709 3541 2836 3589 sunt
2865 3548 2894 3586 a
2934 3531 3043 3588 Deo
3067 3532 3507 3588 accommodatae.

1943 3628 2115 3684 Porro
2143 3628 2344 3684 divitiae
2401 3641 2464 3681 ac
2518 3642 2650 3697 opes
2693 3636 2893 3696 praesto
2943 3633 3071 3681 sunt
3120 3625 3513 3696 subjacentque

1944 3718 2093 3774 velut
2127 3715 2353 3772 materia
2387 3715 2634 3784 quaedam
2662 3721 2716 3768 et
2746 3713 3190 3776 instrumentum,
3225 3711 3351 3766 boni
3379 3726 3510 3767 usus

1945 3805 2234 3880 prmstandi
2268 3820 2456 3868 causa,
2485 3805 2572 3860 his
2619 3803 2713 3874 qui
2765 3803 2875 3856 vim
2916 3801 3264 3858 instrumenti
3310 3801 3508 3857 sciant.

1949 3899 2007 3954 Si
2037 3913 2104 3954 ex
2135 3897 2272 3952 artis
2317 3895 2622 3951 rationibus
2649 3894 2845 3960 utaris,
2875 3893 3158 3962 artificiale
3179 3900 3294 3955 est;
3326 3891 3371 3948 si
3397 3899 3513 3948 arte

1947 4007 2158 4054 careas,
2219 3990 2499 4061 imperitiae
2543 3998 2646 4044 tua:
2681 3989 2856 4043 labem
2910 3988 3203 4052 contrahit,
3256 4002 3381 4040 cum
3441 3987 3514 4041 sit

1947 4086 2126 4157 ipsum
2159 4085 2229 4139 ab
2265 4083 2413 4138 omni
2460 4082 2702 4140 immune
2736 4081 2914 4150 culpa.
2955 4081 3114 4137 Tales
3142 4081 3345 4136 divitia:
3372 4095 3510 4151 quo~

1945 4193 2051 4249 que
2088 4184 2244 4240 sunt;
2275 4175 2694 4230 instrumentum
2725 4181 2872 4228 sunt.
2906 4171 3067 4228 Potes
3091 4173 3199 4228 illis
3222 4172 3323 4236 uti,
3343 4171 3511 4241 justi-

1947 4272 2022 4324 tia
2051 4269 2282 4326 comite?
2319 4267 2388 4322 ad
2415 4266 2683 4338 justitiam
2711 4266 2975 4320 ministrae
3005 4273 3152 4322 sunt.
3181 4264 3361 4319 Utitur
3387 4264 3511 4335 quis

1946 4364 2082 4432 illis,
2105 4377 2167 4418 ea
2197 4376 2306 4416 non
2332 4359 2568 4415 comite?
2588 4359 2850 4415 ministra:
2897 4373 3090 4414 rursus
3117 4358 3254 4412 ﬁunt
3278 4356 3505 4426 injusti-

1947 4458 2052 4510 tize.
2079 4454 2291 4508 Divitiis
2318 4453 2464 4508 enim
2509 4467 2576 4507 ex
2608 4451 2789 4507 indole
2820 4458 2903 4506 est
2962 4458 3020 4504 ut
3050 4450 3369 4514 inserviant,
3402 4465 3508 4502 non

1878 4528 1924 4584 θ
1952 4556 2009 4602 ut
2035 4545 2258 4618 praesint
2288 4553 2383 4598 aut
2415 4544 2704 4614 imperent.
2737 4542 2870 4598 Cum
2897 4543 3059 4613 igitur
3079 4557 3207 4611 opes
3239 4555 3304 4595 ex
3332 4554 3391 4594 se
3413 4554 3514 4592 ne-

1949 4654 2056 4711 que
2083 4639 2284 4694 bonum
2319 4650 2495 4704 neque
2524 4635 2725 4688 malum
2763 4635 3018 4692 habeant.
3053 4642 3216 4703 atque
3239 4631 3388 4686 omni
3417 4644 3510 4684 va-

1952 4737 2077 4786 cent
2107 4727 2355 4790 crimine,
2408 4724 2552 4780 haud
2609 4724 2742 4794 ipsae
2793 4722 3164 4792 vituperandae
3202 4727 3365 4785 sunt;
3417 4719 3508 4774 sed

1951 4821 2097 4895 quod
2138 4835 2238 4876 suo
2266 4818 2556 4880 arbitratu,
2586 4825 2639 4871 et
2662 4831 2692 4870 a
2723 4831 2780 4871 se
2831 4815 2939 4870 illis
2971 4814 3107 4870 bene
3149 4824 3241 4868 aut
3271 4811 3412 4866 male
3433 4812 3510 4865 uti

1953 4920 2163 4986 potest;
2192 4926 2346 4967 mens
2377 4909 2586 4964 scilicet
2636 4907 2874 4962 humana
2927 4921 2991 4961 ac
3031 4905 3225 4975 judicii
3258 4903 3508 4966 facultas,

1952 5009 2042 5063 cui
2069 5008 2295 5062 liberum
2340 5003 2412 5060 sit
2461 5018 2568 5073 qua
2595 5004 2808 5057 ratione
2831 5000 2911 5055 uti
2955 5000 3083 5054 velit
3113 4998 3220 5053 illis
3259 4995 3325 5050 ad
3352 5009 3513 5049 usum

1954 5099 2252 5155 concessis.
2278 5095 2448 5151 Nemo
2476 5095 2644 5166 igitur
2670 5093 2889 5149 divitias
2909 5099 2964 5148 et
2992 5106 3148 5160 opes,
3184 5095 3237 5143 et
3264 5102 3372 5142 non
3397 5102 3516 5140 ma-

1955 5191 2038 5260 gis
2076 5188 2301 5244 affectus
2334 5201 2397 5241 ac
2455 5184 2894 5256 perturbationes
2932 5182 3198 5244 destruat,
3249 5192 3345 5248 per
3379 5192 3514 5247 quas

1955 5294 2063 5335 non
2091 5280 2251 5334 liceat
2281 5280 2356 5334 uti
2388 5277 2738 5333 facultatibus
2770 5276 2824 5331 in
2873 5275 3076 5329 bonum
3124 5269 3377 5334 virtutis;
3408 5284 3515 5340 quo

381 5431 544 5512 ἦεν.
587 5376 692 5512 θέὃ
728 5431 836 5488 ED.
876 5433 1168 5490 POTT-Ell.
1276 5449 1301 5476 ι
1343 5434 1475 5490 Luc.
1516 5453 1642 5501 xvr,
1677 5435 1731 5490 9.
1834 5434 1841 5475 1

1940 5433 2088 5489 latth.
2121 5451 2196 5503 νι,
2235 5435 2322 5490 19.
2440 5441 2460 5468 ε
2500 5431 2688 5485 Matth.
2723 5447 2846 5495 xxv,
2883 5425 3002 5484 55..
3093 5427 3120 5466 ἀ
3159 5425 3293 5481 Luc.
3319 5441 3378 5493 ν,
3405 5426 3513 5494 29;

2024 5655 2134 5727 (24)
2198 5656 2624 5722 Ἀπαιδευσίας.
2679 5655 2972 5720 ’Δπουσίας
3006 5667 3110 5709 ms.
3141 5647 3314 5710 Fati.-

3150 5829 3234 5885 ‘20
