4016 6308
695 275 808 329 619

1847 277 2234 335 CLEMENTIS
2272 280 2732 338 ALEXANDRINI
3740 289 3810 347 620

691 391 952 446 nimirum
988 389 1166 446 bonus
1199 390 1322 460 quis
1351 403 1415 445 ac
1465 389 1669 460 probus
1719 389 1965 456 effectus,
2006 393 2090 448 his
2119 409 2254 464 quo-

2226 424 2254 436 π-
2281 405 2327 464 Α
2355 396 2551 466 τρόπον
2576 393 2875 459 ἐκδεκτέον,
2903 391 2980 456 ὡς
3013 393 3104 446 ἐπὶ
3141 393 3249 448 τῶν
3281 395 3512 468 ψυχικῶν
3537 398 3689 452 παθῶν
3711 406 3812 476 sipa-

688 498 796 552 que
831 481 1034 538 divitiis
1061 496 1123 535 ac
1153 481 1398 550 pecuniis
1419 483 1585 551 probe
1607 497 1783 552 exque
1805 483 2016 539 honesti
2038 485 2248 541 ratione

2355 489 2532 559 μένων
2567 489 2696 559 (25).

688 574 767 628 uti
796 573 988 644 possit.
1019 570 1174 637 Quod
1222 571 1388 641 igitur
1432 572 1646 627 cunctis
1690 571 1886 641 opibus
1937 572 2250 629 renuntiare
2283 574 2557 644 jubemur,
2619 585 2673 633 et
2702 583 2762 632 ut
2813 594 2932 648 qua:
2997 580 3052 634 in
3084 594 3252 635 censu
3294 586 3440 642 sunt,
3481 579 3641 632 omnia
3678 583 3816 636 venda-

687 682 848 733 mus;
880 665 934 719 in
978 663 1124 718 hunc
1163 662 1384 717 modum
1423 662 1836 732 intelligendum
1883 670 1988 730 est,
2058 670 2119 718 ut
2183 663 2251 720 de
2311 665 2598 722 affectibus
2641 668 2806 722 animi
2855 684 2920 724 ac
2951 667 3442 740 perturbationibus
3498 669 3674 724 dictum
3713 673 3817 727 acci-

683 757 882 826 piatur.

752 850 916 921 339
962 845 1081 902 XV.
1132 847 1245 917 Ego
1311 853 1458 900 certe
1506 844 1639 900 illud
1696 846 1859 900 etiam
1921 845 2243 901 addiderim.

607 978 611 981 -
681 939 1136 1010 Quandoquidem
1169 940 1273 993 alia
1303 939 1520 1006 quidem
1546 945 1700 992 extra
1748 937 2003 1000 animam,
2034 937 2138 991 alia
2161 937 2248 990 in-

680 1045 770 1091 tus
816 1037 980 1104 inque
1031 1034 1212 1088 anima
1261 1041 1422 1095 sunt;
1482 1045 1546 1084 ac
1589 1028 1856 1098 siquidem
1924 1029 2104 1083 anima
2138 1028 2245 1084 illis

678 1129 817 1183 bene
847 1129 1182 1196 honesteque
1216 1131 1418 1186 utatur,
1451 1123 1540 1176 illa
1567 1137 1783 1192 quoque
1824 1122 1965 1174 bona
1989 1121 2244 1176 honesta-

677 1234 785 1288 que
821 1217 1104 1281 videntur;
1140 1215 1223 1270 sin
1254 1220 1433 1267 autem
1462 1213 1622 1277 male,
1652 1213 1830 1278 mala;
1862 1199 2010 1276 num',
2034 1227 2239 1282 quaeso,

677 1308 772 1379 qui
831 1305 1119 1360 facultates
1162 1304 1472 1358 abalienare
1497 1301 1670 1371 jubet,
1729 1301 1829 1356 has
1877 1301 2050 1372 magis
2078 1317 2242 1371 repu-

676 1402 812 1464 diat,
842 1399 1042 1469 quibus
1071 1396 1300 1451 sublatis
1325 1394 1503 1448 adhuc
1534 1393 1664 1447 vitia
1698 1401 1918 1448 manent
1940 1408 2003 1446 ac
2026 1403 2242 1462 pertur-

675 1493 967 1557 bationes;
999 1505 1069 1544 an
1119 1503 1249 1543 vero
1304 1486 1451 1548 illas,
1507 1485 1706 1555 quibus
1758 1485 2054 1554 peremptis
2111 1485 2243 1554 ipsae

675 1601 893 1657 quoque
921 1584 1082 1638 utiles
1112 1581 1314 1636 divitiae
1376 1579 1540 1633 fiant?
1571 1577 1850 1648 Siquidem
1902 1578 2066 1645 igitur
2092 1579 2242 1649 abje-

675 1680 779 1734 ctis
802 1677 926 1748 quis
948 1673 1228 1732 saecularis
1257 1672 1431 1728 fastus
1483 1670 1710 1732 divitiis,
1760 1670 2018 1724 vitiorum
2065 1669 2242 1726 adhuc

2424 847 2524 899 IE’.
2570 844 2710 914 Ἐγὼ
2740 845 2869 915 γοῦν
2897 847 3114 900 κάκεῖνο
3172 847 3395 917 φήσαιμ’
3444 847 3522 900 ἀν.
3584 849 3753 924 Ἐπειδὴ
3772 853 3819 907 τὰ

2356 936 2454 1006 μὲν
2482 936 2630 1000 ἐντός
2659 937 2773 989 ἐστι
2802 937 2903 1006 τῆς
2945 937 3142 1007 ψυχῆς,
3186 936 3256 990 τὰ
3285 937 3340 990 δὲ
3373 938 3537 1000 ἐκτός·
3585 941 3670 992 κᾶν
3706 941 3818 1016 μὲνὴ

2349 1027 2493 1099 ψυχὴ
2525 1029 2718 1098 χρῆται
2775 1028 2973 1091 καλῶς,
3005 1028 3142 1082 καλά
3173 1029 3265 1082 καὶ
3298 1029 3466 1082 ταῦτα
3493 1030 3650 1083 δοκεῖ·
3695 1033 3764 1086 ἐὰν
3783 1035 3820 1090 δε

2349 1120 2616 1192 πονηρῶς,
2651 1121 2876 1192 πονηρά·
2913 1123 2941 1175 ό
2969 1122 3201 1176 κελεύων
3239 1121 3605 1193 ἀπαλλοτριοῦν
3630 1124 3684 1177 τὰ
3701 1126 3820 1196 ὑπάρ-

2347 1230 2523 1283 χοντα,
2536 1214 2759 1285 πότερον
2788 1214 2960 1267 ταῦτα
2989 1218 3352 1286 παραιτεῖται,
3399 1209 3471 1267 ὧν
3513 1217 3816 1286 ἀναιρεθέντων

2349 1307 2428 1359 ἔτι
2454 1306 2522 1360 τὰ
2553 1308 2699 1377 πάθη
2737 1308 2904 1379 μένει·
2958 1308 2991 1380 ἢ
3027 1310 3208 1361 ἐκεῖνα
3241 1307 3454 1378 μᾶλλον,
3498 1302 3565 1362 ὧν
3590 1311 3819 1380 ἀναιρεθέν-

2344 1415 2452 1452 των
2483 1401 2577 1453 καὶ
2597 1400 2662 1452 τά
2701 1403 2951 1472 κτήματα
2983 1403 3227 1472 χρήσιμα
3281 1399 3516 1468 γίνεται;
3557 1402 3613 1454 Εἰ
3649 1402 3817 1455 τοίνυνὸ

2345 1491 2649 1545 ἀποϐαλὼν.
2686 1493 2784 1563 τὴν
2847 1491 3114 1564 κοσμικὴν
3182 1493 3493 1564 περιουσίαν
3544 1492 3614 1546 ἔτι
3660 1493 3817 1562 δύναται

2345 1583 2592 1637 πλουτεῖν
2617 1585 2724 1639 τῶν
2753 1585 2960 1650 παθῶν,
2990 1586 3083 1638 καὶ
3106 1584 3205 1655 τῆς
3233 1584 3364 1656 ὕλης
3397 1586 3467 1656 μὴ
3492 1584 3728 1656 παρούσης
3769 1585 3814 1654 (ἡ

2343 1677 2450 1747 γάρ
2479 1693 2560 1729 τοι
2589 1675 2826 1739 διάθεσις
2854 1676 2915 1728 τὸ
2946 1675 3116 1747 αὐτῆς
3143 1677 3357 1747 ἐνεργεῖ
3385 1677 3476 1730 καὶ
3523 1676 3604 1731 τὸν
3631 1675 3815 1746 λογισμὸν

676 1787 739 1825 ac
779 1769 1066 1823 affectuum
1098 1773 1278 1836 segete
1314 1762 1466 1817 dives
1488 1775 1611 1816 esse
1641 1767 1840 1830 potest,
1887 1759 2101 1814 tametsi
2129 1769 2239 1816 ter-

2229 1791 2239 1800 -
2270 1787 2316 1848 B
2343 1767 2519 1838 ἄγχει,
2547 1767 2641 1820 καὶ
2687 1767 2861 1832 πιέζει
2908 1768 3004 1821 καὶ
3055 1767 3373 1840 φλεγμαίνει
3410 1771 3524 1832 ταῖς
3575 1767 3815 1839 συντρόφοις

675 1877 808 1917 rena
858 1859 1163 1917 substantia
1209 1857 1258 1912 ei
1298 1870 1408 1910 non
1458 1854 1694 1924 suppetit
1745 1851 2036 1920 (cupiditas
2091 1853 2236 1908 enim

674 1955 820 2028 quod
848 1969 1004 2010 suum
1035 1961 1120 2007 est
1141 1951 1270 2022 agit,
1305 1949 1655 2022 animumque
1674 1947 1822 2001 velut
1850 1943 2108 2014 praefocat
2141 1958 2238 1998 an-

673 2051 858 2120 gitque
905 2051 959 2100 et
996 2042 1213 2114 premit,
1255 2039 1598 2106 alumnisque
1629 2051 1692 2090 ac
1721 2034 1922 2089 inolitis
1953 2032 2239 2088 desideriis

674 2135 966 2202 accendit),
1002 2133 1138 2188 nihil
1165 2131 1323 2201 plane
1344 2129 1392 2184 ei
1421 2127 1643 2198 profuit,
1697 2123 1840 2195 quod
1870 2139 2073 2194 egenus
2098 2123 2238 2178 divi-

672 2233 764 2288 tiis
791 2229 968 2286 factus
997 2232 1101 2289 est,
1133 2223 1226 2292 qui
1257 2221 1407 2276 vitiis
1439 2230 1492 2274 et
1515 2218 1796 2273 affectibus
1826 2217 1976 2274 dives
2007 2217 2098 2272 sit.
2117 2215 2237 2270 Non

672 2326 817 2381 enim
853 2337 916 2378 ea
947 2318 1148 2390 abiecit
1203 2331 1324 2386 qua:
1378 2312 1684 2384 abjicienda
1735 2321 1925 2378 erant;
1975 2309 2071 2366 sed
2117 2325 2237 2381 quae

672 2414 967 2487 promiscui
994 2426 1158 2466 usus:
1209 2422 1274 2462 ac
1314 2405 1419 2461 sibi
1463 2403 1682 2474 quidem
1711 2403 1932 2458 servitia
1986 2401 2233 2467 abstulit,

673 2510 914 2563 innatam
945 2518 1073 2558 vero
1115 2498 1360 2555 libidinis
1381 2497 1607 2566 vitiique
1649 2493 1932 2550 materiam
1975 2493 2235 2548 exteriori

671 2599 896 2673 penuria
921 2593 1223 2651 succendit.
1249 2589 1687 2645 Renuntiandum
1718 2601 1848 2658 ergo
1883 2585 2233 2640 facultatibus

669 2709 789 2763 quae
814 2689 989 2746 noxiae
1022 2687 1152 2753 sint,
1183 2699 1294 2739 non
1338 2683 1407 2738 iis
1449 2682 1615 2737 rebus
1641 2696 1762 2752 quae
1795 2679 1840 2735 si
1867 2679 1989 2750 quis
2023 2685 2232 2734 rectum

665 2800 827 2843 usum
851 2781 1161 2844 attenderit,
1187 2777 1495 2835 conducere
1534 2773 1697 2830 etiam
1743 2773 1979 2843 possint.
2011 2771 2233 2826 Condu-

665 2887 798 2934 cunt
819 2892 948 2933 vero
1007 2889 1128 2946 quae
1182 2867 1473 2942 prudentia
1503 2866 1701 2922 comite
1743 2874 1798 2920 et
1845 2863 2139 2920 sobrietate
2167 2876 2231 2917 ac

664 2972 866 3042 pietate
922 2967 1331 3037 dispensantur.
1376 2959 1547 3015 Porro
1594 2974 1658 3014 ea
1708 2957 2077 3014 submovenda
2111 2972 2231 3026 quae

665 3037 827 3117 noxia
852 3037 868 3112 ξ
896 3072 1016 3129 quae
1044 3064 1223 3111 autem
1273 3053 1405 3108 foris
1455 3057 1603 3115 sunt,
1636 3066 1700 3106 ea
1725 3050 1860 3104 nihil
1886 3049 2070 3104 damni
2105 3049 2229 3105 aﬁ'e-

2341 1857 2696 1928 ὲπιθυμίαις)·
2731 1858 2880 1912 οὐδὲν
2909 1855 3000 1912 οὖν
3027 1857 3302 1932 προῦργου
3329 1859 3539 1928 γέγονεν
3567 1859 3689 1930 αὐτῷ
3714 1875 3812 1910 πτω-

2340 1949 2516 2020 χεύειν
2545 1950 2860 2021 χρημάτων,
2894 1951 3208 2004 πλουτοῦντι
3237 1951 3348 2005 τῶν
3370 1952 3562 2006 παθῶν.
3591 1952 3656 2004 Ού
3677 1948 3814 2022 me

2337 2041 2618 2112 ἀπόϐλητα
2650 2041 2936 2109 ἀπέϐαλεν,
2979 2042 3113 2096 ἀλλά
3144 2043 3212 2098 τὰ
3245 2043 3524 2114 ἀδιάφορα·
3549 2041 3730 2097 καὶτῶν
3749 2041 3814 2112 μὲν

2339 2133 2683 2204 ὑπηρετικῶν
2738 2133 2923 2188 ἑαυτὸν
2985 2135 3329 2208 περιέκοψεν,
3391 2134 3628 2199 ἐξέκαυσε
3665 2133 3710 2185 δὲ
3747 2133 3812 2200 τὴν

2339 2223 2470 2295 ὓλην
2495 2226 2592 2297 τῆς
2621 2225 2817 2289 κακίας
2848 2225 2946 2298 τὴν
2995 2226 3230 2298 ἔμφυτον
3257 2231 3325 2299 τῇ
3357 2227 3460 2281 τῶν
3487 2227 3627 2290 ἐκτὸς
3651 2225 3810 2295 ἀπορίᾳ.

2350 2318 2702 2371 Ἀποτακτέον
2760 2314 2853 2372 οῦν
2902 2322 3014 2383 τοῖς
3071 2320 3376 2392 ὑπάρχουσι
3429 2322 3534 2383 τοῖς
3576 2317 3810 2389 βλαϐεροῖς,

2335 2409 2453 2480 οὐχὶ
2482 2414 2611 2474 τοῖς,
2639 2410 2733 2464 ἐὰν
2765 2412 3053 2483 ὲπιστῆταί
3102 2429 3186 2476 τις
3216 2413 3319 2484 τὴν
3347 2412 3504 2484 ὀρθὴν
3555 2411 3729 2483 χρῆσιν,
3750 2407 3812 2460 καὶ

2336 2503 2660 2571 συνωφελείν
2703 2503 3036 2574 δυναμένοις.
3085 2503 3296 2572 Ὠφελεῖ
3318 2505 3374 2557 δὲ
3401 2496 3474 2557 τά
3500 2503 3621 2575 μετά
3668 2500 3809 2571 φρονή-

2336 2611 2472 2659 σεως
2503 2595 2596 2648 καὶ⁹
2625 2595 2974 2667 σωφροσύνης
3024 2596 3114 2649 καὶ
3151 2596 3430 2660 εὐσεϐείας
3455 2592 3804 2665 οἰκονομούμενοι

2347 2686 2626 2740 Ἀπωστέα
2655 2687 2711 2739 δὲ
2731 2689 2824 2740 καὶ
2853 2687 3010 2758 ὲπιζή
3022 2704 3136 2758 μια·
3165 2687 3236 2741 τά
3265 2689 3323 2742 δὲ
3371 2687 3521 2751 ὲκτδς
3547 2688 3600 2740 οὐ
3629 2685 3807 2756 βλάπτει.

2333 2778 2516 2842 Οὕτως
2549 2775 2641 2832 οῦν
2669 2777 2697 2830 ὁ
2721 2779 2922 2851 Κύριος
2950 2781 3046 2833 καὶ
3086 2780 3184 2850 τὴν
3212 2780 3323 2833 τῶν
3352 2778 3503 2843 ἐκτὸς
3524 2778 3684 2851 χρείαν
3709 2771 3809 2828 elad-

2330 2885 2438 2938 γει,
2471 2869 2704 2923 κελεύων
2736 2870 3030 2925 ἀποθέσθαι
3060 2872 3119 2925 οὐ
3153 2871 3219 2925 τὰ
3249 2871 3493 2942 βιωτικὰ,
3519 2870 3636 2924 ἀλλά
3657 2864 3806 2921 τάταὶ-

2330 2975 2441 3022 τοις
2471 2959 2653 3023 κακῶς
2687 2960 2961 3032 χρώμενα·
3003 2961 3175 3016 ταῦτα
3202 2960 3250 3015 δ’
3281 2957 3348 3032 ἦν
3374 2960 3441 3016 τὰ
3468 2962 3560 3033 τῆς
3585 2958 3726 3030 ψυχῆς
3741 2955 3805 3026 ἀρ’

2332 3051 2509 3122 ῥωστή
2519 3069 2660 3122 ματα
2681 3053 2775 3106 καὶ
2794 3052 2862 3107 τά
2881 3053 3047 3126 πάθη.

663 3165 814 3214 runt.
876 3154 967 3209 Sic
997 3153 1162 3225 igitur
1230 3149 1494 3204 Dominus
1544 3147 1708 3203 etiam
1763 3148 2094 3203 exteriorum
2136 3161 2297 3200 usum
2336 3145 2618 3214 insinuat,
2673 3149 2873 3220 jubens
2921 3167 3124 3222 ponere
3175 3167 3293 3208 non
3349 3167 3450 3219 ea,
3508 3148 3681 3222 quibus
3712 3141 3807 3198 .viJa

664 3254 1048 3313 sustentatur;
1079 3249 1136 3308 ᾖ
1171 3241 1267 3299 scd
1301 3256 1422 3312 qua:
1457 3241 1565 3296 illis
1610 3241 1752 3294 male
1788 3245 2030 3304 utantur,
2062 3237 2411 3308 aegritudines
2440 3240 2606 3294 animi
2639 3241 2878 3313 vitiaque
2903 3260 3000 3300 seu
3029 3243 3278 3299 affectus.

732 3345 872 3402 XVI.
906 3343 1111 3398 Horum
1142 3340 1297 3412 copia
1329 3340 1446 3410 ipsa
1477 3338 1694 3408 quidem
1738 3342 2053 3406 suppetens,
2089 3349 2226 3389 cun-
2254 3337 2302 3400 C

2220 3363 2226 3375 '
2254 3337 2302 3400 C
2400 3336 2514 3406 IG’.
2562 3337 2618 3392 '0
2644 3337 2846 3392 τούτων
2875 3339 3119 3405 πλοῦτος,
3154 3339 3346 3412 παρὼν
3380 3339 3494 3410 μὲν,
3525 3337 3671 3390 ἅπασι
3694 3333 3806 3386 θανα-

662 3442 768 3499 ctis
789 3441 1071 3497 mortifera
1119 3444 1242 3500 est;
1292 3446 1347 3491 et
1386 3435 1428 3490 si
1461 3439 1667 3505 pereat,
1708 3428 1902 3484 salutis
1933 3441 2101 3483 causa
2122 3434 2225 3483 est.

660 3534 743 3590 Ab
766 3550 830 3591 ea
860 3532 1138 3595 mundam,
1170 3529 1275 3584 hoc
1311 3537 1415 3591 est,
1447 3536 1737 3596 pauperem
1776 3519 2084 3588 nudamque
2105 3518 2227 3571 ani-

660 3643 803 3681 mam
828 3633 1087 3697 praestare
1117 3620 1293 3683 decet,
1321 3618 1507 3686 sicque
1532 3615 1645 3685 jam
1672 3613 2009 3667 Salvatorem
2040 3609 2228 3666 audire

659 3721 967 3776 dlcentem:
1007 3733 1026 3766 ‹
1063 3712 1223 3778 Veni,
1259 3723 1486 3780 sequere
1515 3721 1600 3761 me
1649 3717 1731 3760 ι.»
1775 3703 1875 3758 Via
1919 3703 2060 3759 enim
2111 3707 2228 3774 ipse

658 3822 791 3868 tunc
832 3811 909 3875 fit,
944 3809 1165 3863 habenti
1193 3819 1290 3860 cor
1329 3814 1566 3874 purum:
1610 3799 1666 3852 in
1717 3798 1986 3866 impuram
2045 3803 2225 3851 autem

657 3905 917 3966 animam,
954 3901 1048 3956 Dei
1080 3899 1255 3971 gratia
1297 3909 1410 3950 non
1437 3889 1603 3948 subit.
1654 3889 1870 3958 lmpura
1928 3893 2110 3942 autem
2143 3893 2226 3941 est

656 4012 778 4068 qua:
801 3993 1088 4050 desideriis
1116 3992 1293 4052 dives,
1345 3985 1642 4054 multisque
1699 3981 1998 4044 amoribus,
2051 3980 2227 4050 iisque

657 4083 1029 4150 sacularibus,
1043 4085 1149 4141 feta
1172 4089 1256 4138 est
1291 4087 1454 4148 atque
1493 4074 1748 4149 parturit.
1793 4071 1928 4126 Nam
1977 4072 2068 4142 qui
2100 4087 2226 4141 pos-

656 4179 996 4237 sessionibus
1014 4176 1280 4248 locuples,
1308 4183 1611 4239 aurumque
1651 4174 1705 4221 et
1745 4173 2028 4238 argentum
2045 4171 2106 4219 et
2133 4163 2228 4218 do-

655 4288 772 4329 mos
804 4280 1060 4343 tanquam
1089 4267 1184 4322 Dei
1211 4265 1354 4320 dona
1409 4261 1592 4324 habet,
1623 4257 1842 4327 Deoque
1885 4255 2128 4325 largitori
2166 4256 2220 4309 in

654 4363 931 4420 hominum
958 4362 1186 4420 salutem
1215 4372 1282 4412 ex
1312 4355 1393 4410 eis
1423 4351 1774 4422 obsequitur;
1829 4347 2086 4416 novitque
2111 4346 2224 4402 fra-

651 4467 798 4512 trum
827 4456 1010 4528 potius
1031 4466 1218 4514 causa,
1265 4461 1429 4517 quam
1472 4445 1529 4498 in
1577 4441 1664 4498 sui
1703 4438 1930 4509 gratiam
1963 4439 2076 4493 haec
2105 4453 2136 4492 a
2162 4454 2222 4495 se

650 4546 954 4619 possideri;
987 4543 1279 4610 animoque
1311 4549 1473 4606 quam
1508 4547 1608 4602 pro
1634 4531 1848 4584 illorum
1873 4529 2221 4598 possessione

2327 3430 2581 3524 τηφόρος,
2628 3431 2994 3504 ἀπολλύμενος
3045 3433 3121 3497 δὲ,
3159 3434 3445 3505 σωτήριος·
3500 3423 3556 3484 οὗ
3599 3429 3666 3481 δεῖ
3688 3423 3807 3479 καθα·

2331 3515 2611 3594 ρεύούσαν,
2668 3526 2910 3578 τουτέστι
2966 3526 3356 3596 πτωχεύουσαν
3407 3526 3496 3579 καὶ
3547 3519 3718 3592 γυμνὴν
3741 3515 3808 3585 τὴν

2324 3613 2499 3686 ψυχὴν
2533 3616 2961 3687 παρασχόμενον,
3000 3618 3172 3680 οὕτως
3202 3619 3307 3690 ἥδη
3331 3618 3425 3672 τοῦ
3454 3617 3675 3686 Σωτῆρος
3695 3604 3809 3663 ἀκοῦ-

2328 3723 2417 3762 σαι
2474 3708 2739 3776 λέγοντος·
2801 3728 2820 3761 ε
2848 3709 3036 3780 Δεῦρο,
3071 3710 3354 3764 ἀκολούθει
3406 3727 3538 3781 μοι.»
3582 3703 3704 3764 Ὁδὸς
3734 3697 3808 3766 γὰρ

2326 3799 2486 3863 αὐτὸς
2512 3799 2610 3871 ἤδη
2657 3800 2736 3870 τῷ
2768 3800 2992 3872 καθαρῷ
3046 3801 3144 3872 τὴν
3193 3802 3420 3873 καρδίαν
3449 3800 3654 3870 γίνεται·
3697 3786 3808 3851 είςδὲ

2326 3893 2632 3967 ἀκάθαρτον
2659 3894 2833 3966 ψυχὴν
2861 3893 2994 3947 Θεοῦ
3019 3894 3176 3966 χάρις
3208 3895 3272 3947 οὐ
3293 3891 3664 3965 παρεισδύεται.
3697 3878 3808 3936 Ἀκά-

2327 3986 2523 4058 θαρτος
2549 3987 2604 4040 δὲ
2633 3988 2666 4058 ἡ
2689 3987 2988 4040 πλουτοῦσα
3009 3986 3116 4041 τῶν
3147 3988 3470 4060 ἐπιθυμιῶν,
3501 3987 3586 4040 καὶ
3613 3980 3810 4036 ὠδίνουσα

2323 4077 2536 4142 πολλοῖς
2568 4078 2729 4150 ἔρωσι
2769 4079 2861 4132 καὶ
2891 4082 3189 4150 κοσμικοῖς.
3239 4081 3298 4134 '0
3336 4080 3432 4152 μὲν
3458 4078 3559 4148 γὰρ
3587 4075 3699 4144 ἔχων
3723 4066 3810 4133 κτή⁶

2327 4187 2471 4241 ματα
2512 4173 2605 4224 καὶ
2637 4171 2834 4242 χρυσὸν
2865 4170 2959 4224 καὶ
2989 4171 3227 4243 ἄργυρον
3246 4213 3262 4238 ,
3317 4171 3408 4224 καὶ
3434 4169 3596 4231 οἰκίας
3623 4165 3685 4226 ὡς
3713 4152 3808 4211 Θεοῧ

2321 4262 2547 4334 δωρεάς·
2580 4264 2673 4316 καὶ
2703 4262 2780 4334 τῷ
2828 4280 2889 4317 τε
2917 4263 3108 4316 διδόντι
3149 4264 3269 4335 Θεῷ
3301 4262 3609 4334 λειτουργῶν
3643 4254 3716 4310 ἀπ’
3741 4249 3809 4304 αὖ·

2321 4352 2429 4406 τῶν
2455 4354 2535 4416 είς
2569 4352 2868 4425 ἀνθρώπων
2903 4356 3194 4426 σωτηρίαν·
3256 4357 3350 4410 καὶ
3391 4352 3555 4416 εἰδὼς,
3591 4351 3660 4403 ὅτι
3683 4339 3806 4397 ταῦτα

2321 4441 2583 4518 κέκτηται
2615 4445 2701 4500 διὰ
2732 4447 2858 4510 τοὺς
2917 4448 3175 4517 ἀδελφοὺς
3214 4447 3471 4520 μᾶλλονῆ
3521 4442 3701 4498 ἑαυτόν·
3742 4431 3809 4486 καὶ

2322 4538 2583 4610 κρείττων
2612 4539 2870 4611 ὑπάρχων
2921 4541 3019 4611 τῆς
3048 4539 3292 4610 κτήσεως
3320 4539 3512 4601 αὐτῶν,
3571 4532 3634 4606 μὴ
3673 4524 3808 4583 δοῦλος

649 4638 1015 4710 praestantior,
1051 4649 1162 4688 non
1200 4638 1261 4683 ut
1297 4639 1490 4682 servus
1514 4624 1712 4690 hisque
1741 4619 2105 4689 mancipatus,
2155 4637 2219 4678 ea

2323 4623 2398 4682 ὧν
2433 4630 2714 4701 κέκτηται,
2762 4631 2897 4703 μηδὲ
2948 4632 3005 4684 ὲν
3042 4634 3104 4701 τῇ
3138 4632 3283 4702 ψυχῇ
3331 4629 3497 4685 ταῦτα
3543 4619 3805 4712 περιφέρωνὶ

651 4731 929 4804 possidet;
1009 4738 1187 4794 neque
1215 4720 1401 4774 animo
1426 4713 1764 4776 circumfert,
1807 4727 1909 4766 nec
1935 4713 2014 4767 eis
2050 4714 2218 4768 vitam

2248 4717 2294 4771 D
2326 4723 2459 4793 μηδὲ
2493 4725 2550 4776 ἐν
2584 4723 2792 4786 τούτοις
2819 4722 3013 4796 ὁρίζων
3053 4727 3146 4778 καὶ
3176 4724 3521 4796 περιγράφων
3550 4717 3638 4787 τὴν
3663 4715 3806 4804 ἑαυτου

649 4799 805 4878 suam
834 4818 1023 4875 definit
1046 4829 1109 4868 ac
1129 4807 1547 4868 circumscribit,
1573 4805 1664 4859 sed
1693 4814 1746 4858 et
1776 4802 1988 4859 honesti
2011 4803 2216 4874 aliquid

2323 4813 2485 4885 ζωὴν,
2530 4815 2664 4868 ἀλλά
2694 4833 2747 4868 τι
2779 4815 2874 4867 καὶ
2909 4815 3068 4868 καλὸν
3123 4815 3280 4887 ἔργον
3337 4816 3428 4869 καὶ
3475 4813 3603 4866 θεῖον
3639 4804 3708 4858 ἀεὶ
3727 4799 3808 4852 δια-

648 4913 833 4986 operis
860 4921 1022 4978 atque
1039 4903 1213 4958 divini
1251 4900 1305 4953 in
1335 4897 1540 4951 laboris
1571 4902 1780 4964 partem
1812 4909 2026 4964 semper
2057 4910 2217 4950 assu«

2321 4907 2518 4960 πονῶν·
2553 4908 2654 4962 κᾶν
2687 4908 3120 4981 ἀποστερηθῆναι
3166 4909 3260 4981 δέῃ
3296 4907 3422 4961 ποτὲ
3456 4903 3658 4960 τούτων,
3691 4887 3808 4986 δυνξ⁸

647 4980 770 5070 mit,
805 5002 925 5058 etsi
959 4993 1178 5068 quando
1227 5004 1452 5046 necesse
1503 4986 1668 5042 fuerit
1707 4987 1815 5042 illis
1849 4988 2070 5057 privari,
2098 4989 2215 5057 pla-

2324 5019 2480 5072 μενος
2511 5002 2635 5074 ἵλεῳ
2654 5006 2718 5074 τῇ
2751 4980 2964 5072 γνώμῃ,
2985 5002 3077 5053 καὶ
3093 4980 3405 5071 ἀπαλλαγὴν
3439 4995 3601 5051 αὐτῶν
3623 4980 3809 5053 ἐνεγκεῖν

647 5098 774 5153 cido
797 5094 981 5148 animo
1004 5087 1230 5158 parique
1263 5080 1537 5135 hilaritate
1561 5094 1750 5135 eorum
1779 5079 2050 5149 jacturam
2075 5079 2214 5134 ferre

2321 5093 2380 5158 ἐξ
2412 5094 2548 5159 ἱ’σὀυ,
2597 5095 2846 5165 καθάπερ
2879 5094 2972 5147 καὶ
3005 5093 3101 5164 τὴν
3150 5090 3480 5164 περιουσίαν·
3532 5079 3810 5165 05104696.-

647 5195 830 5261 potest
859 5197 925 5238 ac
951 5175 1371 5234 abundantiam:
1407 5173 1496 5228 hic
1519 5172 1609 5227 ille
1659 5181 1742 5228 est
1769 5171 1861 5242 qui
1907 5187 1937 5226 a
1984 5163 2214 5226 Domino

2319 5186 2674 5258 καριξόμενος
2705 5159 2827 5240 ὑπὸ-
2855 5186 2949 5238 τοῦ
2981 5159 3333 5256 Κύρίουίκαὶ
3368 5179 3568 5250 πτωχὸς
3599 5171 3664 5242 τῷ
3688 5159 3811 5220 πνεῧ⁴

645 5260 839 5335 beatus
875 5268 1226 5342 praedicatur,
1248 5271 1300 5319 et
1333 5278 1538 5335 pauper
1559 5262 1752 5333 spiritu
1785 5270 2012 5316 vocatur
2041 5261 2091 5326 δ,
2118 5275 2216 5316 ex-

2321 5299 2447 5351 ματι
2481 5281 2830 5351 καλούμενος,
2855 5279 3183 5353 κληρονόμος
3209 5278 3425 5347 ἕτοιμος
3462 5264 3664 5344 οὐρανοῦ
3690 5260 3809 5333 βασισ

647 5369 864 5440 peditus
889 5363 1062 5417 haeres
1095 5356 1251 5428 regni
1281 5356 1571 5420 calorum,
1619 5371 1728 5410 non
1774 5355 1865 5426 qui
1894 5355 2209 5411 divitiarum

1900 5355 2209 5411 [Ῑίνίιίπυω
2317 5374 2483 5442 λείας,
2513 5375 2574 5430 ού
2607 5374 2854 5439 πλούσιος
2887 5373 3047 5444 ζῆσαι
3079 5371 3154 5443 μὴ
3180 5371 3486 5442 δυνάμενος.

646 5461 936 5531 impatiens
965 5469 1152 5531 earum
1183 5453 1333 5508 cultu
1364 5452 1544 5506 vivere
1571 5465 1675 5504 non
1708 5455 1906 5519 potest.

720 5583 780 5642 Es
823 5577 887 5634 Ρ.
927 5519 1033 5652 9Ξ4
1068 5574 1176 5630 ED.
1214 5569 1512 5627 POTTER.
1555 5581 1582 5610 ι
1623 5569 1786 5624 Marc.
1827 5586 1881 5636 κ,
1911 5568 2002 5624 21.
2078 5568 2106 5608 δ
2145 5565 2337 5623 Matth.
2374 5581 2429 5632 v,
2459 5565 2514 5619 5.

715 5737 825 5800 (25)
856 5731 1214 5804 Εζρημέι·ων.
1266 5727 1454 5783 Scribe
1490 5725 1792 5798 εἰρημένον.
