4016 6308
311 303 408 360 62!

1405 303 1605 360 LIBER
1645 304 1804 373 QUIS
1842 303 2044 361 DIVES
2083 305 2464 362 SALVETUR.

3411 317 3519 372 623

380 422 474 477 IZ'.
520 421 578 475 '0
612 421 671 474 δὲ
727 423 784 475 ὲν
813 424 877 493 τῇ
899 420 1042 493 ψυχῇ
1092 421 1183 474 τὸν
1240 421 1465 478 πλοῦτον
1518 424 1719 498 φέρων,
1770 426 1857 478 καὶ

2031 423 2192 480 XVII.
2227 424 2296 479 At
2322 423 2415 495 qui
2445 423 2550 480 fert
2577 438 2708 494 opes
2738 423 2795 478 in
2822 425 3022 493 animo,
3047 437 3102 482 et
3130 427 3249 507 loco
3280 427 3517 500 Spiritus

304 514 426 568 ἀντὶ
450 512 582 567 Θεοῦ
608 513 921 585 Πνεύματος
941 516 998 568 ὲν
1043 517 1107 586 τῇ
1142 514 1334 586 καρδίᾳ
1387 515 1581 587 χρυσὸν
1613 518 1790 588 φέρων
1827 517 1860 587 ἢ

303 601 493 679 ἀγρόν,
526 607 618 660 καὶ
640 606 739 680 τὴν
779 607 968 677 κτῆσιν
1003 608 1238 680 ἄμετρον
1275 609 1361 662 ἀεὶ
1399 609 1585 673 ποιῶν,
1613 611 1706 664 καὶ
1735 610 1862 664 ἑκά-

303 715 461 753 στοτε
492 700 553 753 τδ
580 699 762 753 πλεῖον
792 699 1021 770 βλέπων,
1043 700 1191 754 κάτω
1222 700 1486 765 νενευκὼς
1516 702 1607 754 καὶ
1635 705 1746 768 τοῖς
1768 703 1862 757 τοῦ

303 793 507 863 κόσμου
539 792 825 865 θηράτροις
877 793 1266 864 πεπεδημένος,
1317 794 1388 864 γῆ
1430 793 1504 846 ῶν
1532 794 1622 847 καὶ
1653 797 1732 858 είς
1760 797 1863 866 γῆν

301 884 750 955 ἀπελευσόμενος,
816 884 976 938 πόθεν
1031 885 1249 938 δύναται
1306 885 1581 955 βασιλείας
1619 887 1862 958 οὐρανῶν

301 975 637 1046 ἐπιθυμῆσαι
693 975 787 1029 καὶ
842 975 1140 1052 φροντίσαι,
1176 975 1457 1045 ἄνθρωπος
1505 976 1564 1029 οὐ
1616 976 1858 1048 καρδίαν,

302 1067 440 1120 ἀλλὰ
473 1066 638 1138 ἀγρὸν
688 1066 721 1136 ἢ
772 1066 1030 1137 μέταλλον
1064 1065 1264 1137 φορῶν,
1308 1068 1365 1119 ἐν
1401 1066 1607 1130 τούτοις
1636 1067 1862 1139 εὑρεθη-

303 1152 530 1223 σόμενος
560 1152 865 1222 ἐπάναγκες
898 1156 954 1206 ὲν
991 1149 1071 1218 οἷς
1094 1154 1266 1207 εἵλετο
1293 1171 1308 1220 ;
1347 1155 1518 1207 ’Ὀπου
1550 1156 1657 1228 γάρ
1685 1159 1712 1209 6
1740 1157 1860 1221 νοῦς

300 1244 396 1296 τοῦ
435 1243 736 1317 ἀνθρώπου,
787 1233 902 1323 ἐκεῖ
940 1247 1032 1298 καὶ
1062 1248 1090 1299 6
1129 1245 1396 1317 θησαυρὸς
1426 1246 1610 1299 αὐτοῦ.
1648 1247 1859 1318 Θησαυ-

305 1337 433 1406 ροὺς
463 1336 523 1407 δή
557 1353 618 1404 γε
641 1337 668 1388 6
697 1336 897 1408 Κύριος
952 1332 1057 1390 οἶδε
1089 1337 1314 1401 διττούς·
1364 1337 1454 1390 τὸν
1505 1339 1602 1409 μὲν
1639 1338 1854 1408 ἀγαθὸν,

317 1429 374 1482 Ὀ
408 1429 511 1501 γὰρ
549 1448 567 1478 ι
589 1428 786 1498 ἀγαθὸς
821 1429 1102 1499 ἄνθρωπος
1132 1431 1193 1483 ἐκ
1217 1429 1308 1483 τοῦ
1340 1429 1544 1498 ἀγαθοῦ
1589 1430 1856 1502 θησαυροῦ

300 1521 401 1592 τῆς
430 1521 651 1592 καρδίας
677 1522 936 1595 προφέρει
966 1521 1026 1574 τὸ
1080 1521 1330 1590 ἀγαθόν’»
1379 1521 1469 1575 τὸν
1501 1521 1556 1575 δι
1607 1523 1864 1594 πονηρὸν,

313 1614 371 1667 Ὀ
408 1613 515 1686 γὰρ
548 1633 565 1664 ι
599 1613 764 1677 κακὸς
791 1616 854 1667 ἐκ
874 1613 966 1666 τοῦ
992 1613 1162 1667 κακοῦ
1189 1613 1459 1685 θησαυροῦ
1512 1616 1773 1687 προφέρει
1799 1615 1858 1668 τὸ

299 1705 487 1760 κακόν·
519 1707 600 1759 ὅτι
639 1710 703 1760 ὲκ
746 1705 838 1760 τοῦ
886 1705 1320 1780 περισσεύματος
1370 1707 1468 1778 τῆς
1521 1707 1748 1780 καρδίας
1796 1707 1856 1760 τὸ

1965 515 2059 572 Dei
2090 517 2193 572 fert
2221 532 2411 572 aurum
2469 517 2524 571 in
2552 515 2715 571 corde
2761 518 2874 572 sive
2918 533 3127 588 agrum,
3163 523 3420 593 nulloque
3448 525 3521 581 iis

1963 608 2204 664 adhibito
2242 608 2400 662 modo
2429 607 2628 678 prmdia
2671 617 2720 664 et
2759 612 3128 679 possessiones
3177 628 3390 684 semper
3421 631 3519 670 au-

1961 711 2069 768 get.
2093 717 2154 755 ac
2182 701 2423 771 quotidie
2451 702 2557 754 alia
2581 701 2842 771 pluraque
2871 705 3051 759 animo
3085 708 3306 776 cogitat,
3326 709 3381 762 in
3409 716 3519 764 ter-

1963 810 2076 848 ram
2108 810 2311 863 pronus
2341 809 2701 863 cernuusque,
2747 810 2810 848 ac
2859 798 3045 851 mundi
3096 799 3303 868 laqueis
3336 800 3517 856 irreti-

1963 895 2068 951 tus,
2096 887 2187 956 qui
2215 893 2357 942 terra
2381 887 2452 941 sit
2494 894 2548 942 et
2581 888 2637 940 in
2675 895 2872 942 terram
2905 905 3224 947 reversurus
3252 893 3342 957 sit,
3374 893 3518 948 unde

1963 980 2008 1036 is
2047 979 2200 1050 regni
2227 979 2488 1033 caelorum
2514 977 2782 1034 desiderio
2814 980 3139 1034 accendatur
3165 997 3228 1036 ac
3249 983 3368 1050 ejus
3382 1000 3514 1040 cura

1960 1071 2094 1125 allici
2121 1071 2325 1140 possit;
2354 1069 2513 1123 homo
2542 1071 2770 1134 scilicet,
2803 1072 2894 1140 qui
2929 1089 3035 1126 non
3067 1089 3181 1137 cor,
3209 1075 3300 1129 sed
3327 1091 3516 1146 agrum

1960 1172 2053 1216 aut
2073 1162 2346 1216 metallum
2378 1168 2546 1230 gerat,
2581 1176 2740 1230 quem
2784 1162 2942 1230 plane
2996 1179 3217 1220 necesse
3243 1166 3312 1221 sit
3339 1167 3392 1220 in
3448 1167 3516 1222 iis

1959 1252 2307 1324 deprehendi,
2353 1266 2585 1322 quorum
2641 1266 2823 1308 amore
2872 1262 3064 1324 captus
3119 1255 3516 1314 exsistit?Ubi

1957 1346 2099 1400 enim
2129 1355 2211 1400 est
2240 1359 2395 1401 mens
2419 1342 2680 1409 hominis,
2729 1346 2802 1401 ibi
2831 1352 2886 1402 et
2914 1346 3204 1404 thesaurus
3259 1351 3379 1418 ejus
3410 1359 3513 1406 est.

1959 1436 2230 1506 Duplicem
2260 1435 2745 1508 porrothesaurum
2775 1440 2923 1494 novit
2953 1438 3210 1494 Dominus
3241 1457 3254 1492 :
3285 1439 3516 1494 alterum

1957 1528 2155 1581 bonum
2182 1545 2196 1593 ;
2232 1547 2250 1577 ‹
2281 1527 2457 1584 bonus
2481 1527 2624 1584 enim
2656 1529 2816 1582 homo
2848 1528 2914 1583 de
2942 1530 3084 1584 bono
3102 1529 3361 1584 thesauro
3390 1544 3516 1584 cor-

1957 1616 2040 1672 dis
2063 1618 2143 1670 sui
2182 1617 2389 1687 profert
2414 1619 2650 1686 bonum;
2691 1637 2709 1669 ›
2768 1619 2998 1672 alterum
3029 1619 3256 1684 malum,
3289 1640 3307 1671 ί
3338 1622 3516 1676 malus

1956 1709 2100 1761 enim
2131 1707 2197 1762 de
2221 1708 2362 1762 malo
2390 1708 2643 1763 thesauro
2702 1708 2905 1778 profert
2962 1709 3202 1777 malum;
3245 1727 3312 1766 ex
3350 1712 3520 1768 abun-

302 1797 478 1868 στόμα
507 1798 706 1851 λαλεῖ.»
765 1800 972 1871 Ὥσπερ
1017 1795 1109 1853 οῦν
1159 1797 1427 1869 θησαυρὸς
1458 1799 1556 1870 οὐχ
1603 1795 1686 1864 εἷς
1731 1799 1857 1870 παρ’

1959 1799 2141 1852 dantia
2180 1799 2321 1853 enim
2353 1800 2533 1854 cordis
2558 1816 2619 1856 os
2655 1802 2898 1871 loquitur
2931 1814 3011 1857 α.»
3055 1801 3514 1868 Quemadmodum

299 1888 476 1958 αὐτῷ,
536 1889 668 1943 καθὸ
724 1890 816 1943 καὶ
866 1891 992 1962 παρ’
1029 1893 1188 1962 ἡμῖν,
1244 1893 1272 1946 6
1313 1891 1372 1944 τὸ
1402 1890 1658 1961 αἰφνίδιον
1718 1892 1858 1962 μέγα

302 1978 491 2051 κέρδος
508 1981 565 2032 ὲν
592 1978 801 2052 εὑρέσει
828 1979 1021 2044 διδούς·
1060 1980 1194 2033 ἀλλά
1228 1981 1321 2034 καὶ
1359 1981 1603 2053 δεύτερος
1633 1983 1661 2035 6
1693 1981 1861 2052 ἀκερ-

301 2067 397 2139 δὴς
424 2071 518 2122 καὶ
545 2067 740 2139 ἄζηλος
765 2070 858 2123 καὶ
885 2070 1179 2142 δύσκτητος
1213 2073 1305 2126 καὶ
1356 2072 1660 2143 ἐπιζήμιος·
1717 2073 1858 2126 οὕτω

303 2162 397 2214 καὶ
420 2160 643 2225 πλοῦτος
672 2163 701 2215 6
755 2161 854 2234 μέν
888 2180 970 2228 τις
1017 2162 1257 2232 ἀγαθῶν,
1311 2166 1340 2218 6
1378 2163 1434 2217 δὲ
1480 2164 1680 2219 κακῶν·
1713 2165 1856 2232 εἴγε

296 2253 388 2306 τὸν
412 2251 634 2305 πλοῦτον
688 2255 782 2306 καὶ
831 2252 921 2307 τὸν
963 2254 1232 2326 θησαυρὸν
1290 2256 1388 2308 οὐκ
1441 2256 1856 2327 ἀπηρτημένως

299 2341 458 2412 ἴσμεν
486 2341 725 2413 ἀλλήλων
756 2345 822 2415 τῇ
850 2341 1026 2413 φύσει.
1060 2345 1170 2397 Καὶ
1189 2347 1216 2398 6
1242 2345 1338 2415 μέν
1370 2361 1452 2409 τις
1485 2344 1710 2408 πλοῦτος
1730 2363 1860 2416 κτη-

298 2433 388 2496 to;
421 2432 486 2486 ἂν
525 2432 609 2503 εἴη
650 2434 746 2487 καὶ
799 2434 1140 2506 περίδλητος,
1180 2438 1209 2489 6
1259 2435 1314 2488 δὲ
1340 2437 1570 2507 ἄκτητος
1603 2438 1695 2490 καὶ
1721 2437 1857 2490 ἀπό-

299 2523 512 2596 ϐλητος.
549 2526 652 2579 Τὸν
686 2525 844 2580 αὐτὸν
874 2527 929 2580 δὲ
956 2527 1154 2600 τρόπον
1173 2528 1264 2581 καὶ
1284 2529 1522 2598 πτωχεία
1552 2527 1857 2600 μακαριστὴ

303 2618 400 2688 μὲν
427 2620 460 2688 ἠ
493 2619 850 2689 πνευματική·
895 2618 973 2671 διδ
1013 2621 1106 2673 καὶ
1132 2618 1464 2690 προσέθηκεν
1491 2621 1519 2672 6
1546 2619 1851 2683 Ματθαῖος·

304 2729 321 2760 ι
351 2711 621 2782 Μακάριοι
649 2712 698 2764 oi
729 2711 983 2781 πτωχοί.»
1018 2710 1168 2775 Πῶς;
1217 2731 1235 2762 ι
1265 2710 1355 2781 Τῷ
1384 2709 1704 2780 πνεύματι.»
1745 2709 1857 2764 Καὶ

300 2803 480 2879 πάλιν·
544 2821 562 2854 ι
591 2803 862 2875 Μακάριοι
894 2805 942 2856 οἱ
973 2803 1264 2865 πεινῶντες
1303 2803 1396 2856 καὶ
1454 2803 1712 2872 διψῶντες
1756 2801 1856 2874 τὴν

297 2894 638 2966 δικαιοσύνην
674 2894 765 2948 τοῦ
822 2894 1010 2949 Θεοῦ.»
1054 2895 1259 2948 Οὐκοῦν
1316 2896 1484 2950 ἄθλιοι
1528 2896 1578 2948 οἱ
1627 2893 1857 2948 ἐναντίοι

298 2990 523 3060 πτωχοὶ,
555 2988 688 3042 Θεοῦ
733 2988 831 3060 μὲν
861 2990 1096 3061 ἄμοιροι,
1154 2989 1497 3061 ἀμσιρότεροι
1541 2987 1596 3042 δὲ
1626 2988 1725 3057 τῆς
1759 2987 1855 3040 ἀν-

295 3081 572 3154 θρωπίνης
606 3085 868 3156 κτήσεως,
891 3083 1142 3152 ἄγευστοι
1173 3083 1228 3135 δὲ
1248 3079 1585 3152 δικαιοσύνης
1628 3078 1783 3132 Θεοῦ.

1961 1888 2125 1959 igitur
2153 1887 2439 1944 thesaurus
2469 1905 2578 1943 non
2625 1907 2764 1945 unus
2807 1890 2948 1959 apud
2997 1907 3142 1956 eum,
3184 1895 3327 1948 velut
3356 1896 3516 1950 etiam

1959 1997 2018 2036 se
2055 1997 2144 2037 res
2196 1982 2250 2035 in
2299 1981 2456 2036 nobis
2504 1981 2685 2048 habet,
2715 1999 2822 2052 quo
2863 1984 3070 2039 scilicet
3120 1985 3400 2055 inepinato
3433 1987 3518 2042 in-

1957 2079 2138 2135 vento,
2166 2072 2355 2142 ingens
2387 2073 2596 2126 lucrum
2638 2073 2930 2128 oﬂ'endenti
2986 2083 3302 2144 praestatur;
3335 2077 3427 2131 sed
3462 2086 3518 2132 et

1957 2164 2096 2217 alius
2125 2168 2208 2217 est
2226 2161 2428 2216 nullius
2457 2159 2650 2232 frugis,
2681 2162 2926 2231 nihilque
2960 2165 3313 2232 expetendus,
3338 2163 3518 2218 infau-

1958 2259 2054 2308 stae
2077 2251 2438 2322 possessionis
2468 2258 2629 2320 atque
2655 2250 2984 2307 damnosus:
3046 2252 3125 2307 sic
3156 2261 3281 2308 sunt
3303 2268 3518 2325 quoque

1957 2346 2243 2408 bonorum,
2271 2343 2447 2412 deque
2499 2343 2762 2396 malorum
2809 2359 3026 2412 genere,
3081 2343 3310 2410 divitiae;
3344 2345 3519 2417 siqui-

1957 2437 2077 2493 dem
2117 2437 2336 2491 divitias
2361 2441 2413 2490 ει
2439 2435 2750 2489 thesaurum
2785 2435 2927 2489 haud
2959 2435 3098 2488 inter
3126 2451 3184 2490 se
3212 2443 3406 2491 natura
3433 2438 3519 2492 di-

1955 2526 2081 2581 rimi
2111 2526 2332 2582 scimus.
2364 2523 2442 2580 Ac
2471 2525 2684 2594 quidem
2719 2533 2874 2578 erant
2918 2524 3120 2579 divitia:
3157 2528 3348 2580 merito
3392 2543 3516 2598 pos-

1957 2619 2194 2675 sidenda
2222 2633 2284 2674 ac
2315 2614 2700 2686 amplexandae,
2726 2617 2959 2686 itemque
2991 2633 3057 2672 ne
3089 2617 3264 2688 dignae
3297 2621 3516 2688 quidem

1957 2727 2076 2782 qua:
2121 2711 2503 2780 possideantur
2558 2723 2620 2762 ac
2671 2709 3007 2778 respuenda.
3046 2709 3125 2761 Ad
3174 2715 3231 2771 ὦ
3266 2711 3515 2767 eumdem

1957 2802 2177 2857 modum
2232 2800 2396 2855 etiam
2445 2808 2735 2870 paupertas
2774 2800 3035 2868 spiritalis
3083 2802 3301 2870 quidem
3362 2803 3516 2858 beata

1958 2891 2331 2963 praedicanda;
2387 2890 2530 2944 unde
2584 2896 2637 2942 et
2694 2888 2893 2957 adjecit
2933 2889 3260 2946 Mattlueus:
3319 2891 3514 2947 «Beati

1959 2997 2224 3056 pauperes
2255 2982 2339 3033 1).»
2373 2979 2491 3046 Quo
2535 2979 2592 3033 id
2638 2979 2832 3031 modo?
2885 2978 3148 3033 Nimirum
3207 2999 3226 3030 ι
3253 2997 3518 3056 pauperes

1960 3055 2212 3146 Spiritu».
2239 3073 2316 3127 Ac
2345 3085 2573 3126 rursus:
2610 3086 2627 3122 ι
2667 3069 2814 3126 Beati
2853 3071 2942 3142 qui
2973 3073 3221 3127 esuriunt
3249 3082 3301 3128 et
3326 3055 3518 3129 sitiunt

292 3175 559 3244 justitiam
615 3175 710 3232 Dei
739 3188 818 3232 ο.»
879 3177 1047 3257 Igitur
1083 3177 1267 3232 miseri
1290 3191 1553 3246 pauperes
1590 3175 1874 3229 contraria:
1900 3171 2120 3236 indolis,
2151 3169 2244 3240 qui
2301 3166 2396 3223 Dei
2417 3174 2663 3238 expertes
2710 3167 2986 3239 magisque
3026 3177 3276 3238 expertes
3325 3169 3519 3226 huma-

295 3285 486 3324 narum
537 3270 872 3336 facultatum,
912 3272 1007 3328 Dei
1036 3273 1303 3343 justitiam
1347 3287 1417 3326 ne
1461 3271 1679 3342 quidem
1707 3269 2042 3325 delibarunt.

365 3368 469 3420 IH’.
507 3368 664 3421 Ὥστε
695 3370 820 3433 τοὺς
843 3369 1126 3433 πλουσίους
1159 3367 1550 3440 μαθηματικῶς
1566 3366 1676 3439 (26)
1695 3368 1847 3420 ἀκου-

2016 3362 2179 3434 340
2205 3359 2390 3416 XVIII.
2432 3359 2634 3416 Divites
2681 3375 2810 3431 ergo
2850 3359 2943 3429 qui
2974 3358 3188 3416 diliicile
3234 3361 3516 3415 intrabunt

294 3455 468 3522 στέθν,
499 3457 624 3520 τοὺς
653 3457 919 3522 δυσκόλως
949 3458 1415 3529 είσελευσομένους
1455 3460 1534 3521 είς
1574 3456 1672 3526 τὴν
1703 3456 1852 3526 βασι-

291 3547 465 3614 λείαν,
497 3548 569 3619 μὴ
601 3549 802 3614 σκαιῶς
824 3550 956 3621 μηδὲ
984 3551 1255 3621 ἀγροίκως
1306 3549 1438 3621 μηδὲ
1469 3547 1761 3618 σαρκικῶς.
1788 3548 1851 3600 Ei

292 3640 404 3712 γὰρ
437 3640 578 3694 οὓτω
597 3641 866 3705 λέλεκται,
904 3643 1022 3695 οὐδὲ
1051 3643 1143 3696 ἐπὶ
1179 3646 1290 3708 τοῖς
1344 3642 1496 3706 ὲκτὸς
1527 3643 1560 3714 ἡ
1593 3640 1849 3712 σωτηρία,

291 3731 418 3784 οὔτε
449 3734 496 3785 εί
524 3733 693 3786 πολλά
717 3733 839 3787 οὐτε
883 3737 931 3788 εί
968 3735 1124 3803 ὀλίγα
1166 3734 1356 3801 ταῦτα,
1415 3735 1448 3806 ἢ
1487 3731 1656 3804 μικρά
1687 3733 1719 3803 ἢ
1754 3749 1851 3802 με-

291 3824 454 3892 γάλα,
487 3825 521 3896 ἢ
553 3823 734 3892 ἔνδοξα
761 3827 794 3897 ἢ
819 3825 999 3891 ἄδοξα,
1036 3827 1068 3900 ἢ
1103 3826 1414 3897 εὐδόκιμαῆ
1458 3825 1707 3895 ἀδόκιμα·
1739 3822 1851 3876 ἀλλ’

293 3914 391 3967 ἐπὶ
405 3917 468 3986 τῇ
484 3916 582 3985 τῆς
600 3915 776 3988 ψυχῆς
793 3917 980 3988 ἀρετῇ,
999 3918 1198 3981 πίστει,
1217 3917 1309 3969 καὶ
1331 3915 1522 3978 ἐλπίδι,
1536 3915 1628 3968 καὶ
1644 3914 1850 3985 ἀγάπῃ,

294 4007 392 4060 καὶ
423 4007 758 4078 φιλαδελφίᾳ,
775 4010 870 4062 καὶ
908 4009 1126 4078 γνώσει,
1158 4009 1250 4062 καὶ
1279 4007 1561 4079 πραότητι,
1603 4006 1696 4059 καὶ
1721 4007 1852 4059 ἀτυ-

293 4099 416 4168 φία,
451 4099 546 4151 καὶ
570 4099 815 4170 ἀληθείᾳ,
847 4093 924 4153 ὧν
950 4095 1107 4153 ἆθλον
1135 4102 1168 4170 ἡ
1190 4097 1446 4170 σωτηρία.
1479 4097 1609 4150 Οὐδὲ
1636 4095 1743 4166 γὰρ
1767 4094 1854 4149 διὰ

292 4189 487 4252 κάλλος
517 4188 763 4260 σώματος
791 4188 1011 4260 ζήσεταί
1041 4189 1198 4259 τις,ἢ
1226 4185 1530 4241 τούναντίον
1550 4184 1849 4238 ἀπολεῖται·

293 4279 410 4332 ἀλλ’
438 4281 466 4332 6
490 4279 586 4349 μὲν
617 4279 696 4350 τῷ
723 4279 924 4332 δοθέντι
958 4279 1187 4351 σώματι,
1217 4279 1396 4348 ἁγνῶς
1429 4280 1522 4332 καὶ⁹
1550 4277 1690 4332 κατά
1722 4277 1852 4330 Θεὸν

294 4363 592 4436 χρώμενος,
647 4363 885 4437 ζήσεται·
936 4369 964 4420 6
1011 4367 1068 4420 δὲ
1123 4367 1355 4438 φθείρων
1405 4367 1496 4420 τὸν
1537 4366 1663 4420 ναὸν
1718 4366 1852 4420 Θεοῦ

293 4455 648 4528 φθαρήσεται.
674 4456 903 4510 Δύναται
922 4455 978 4510 δέ
1008 4475 1090 4520 τις
1119 4458 1212 4511 καὶ
1239 4457 1461 4528 αἰσχρὸς
1490 4456 1849 4526 ἀσελγαίνειν,
1885 4501 1892 4518 η

293 4548 391 4601 καὶ
414 4548 573 4612 καλὸς
603 4553 913 4623 σωφρονεῖν.
954 4550 1084 4604 Οὐδὲ
1134 4550 1284 4620 ἰσχὺς
1331 4550 1425 4602 καὶ
1480 4551 1724 4621 σώματος
1755 4551 1851 4621 μέ-

292 4639 453 4708 γεθος
472 4641 738 4705 ζωοποιεῖ,
769 4641 889 4695 οὐδὲ
915 4642 1023 4695 τῶν
1059 4641 1232 4714 μελῶν
1259 4641 1405 4695 οὐδὲν
1433 4642 1706 4696 ἀπολλύει·
1737 4643 1850 4696 ἀλλ’

291 4733 330 4802 ή
358 4731 564 4814 τούτοις
617 4733 762 4804 ψυχὴ
812 4734 1065 4806 χρωμένη
1110 4734 1210 4817 τὴν
1237 4735 1414 4786 αἰτίαν
1465 4735 1550 4802 ἐφ’
1584 4734 1847 4805 ἑκατέραν
1880 4715 1926 4773 θ

293 4824 608 4896 παρέχεται.
649 4826 915 4898 ’Υπόφερε
941 4824 1090 4895 γοῦν,
1113 4826 1263 4897 φησὶ,
1283 4827 1570 4896 παιόμενος
1598 4827 1659 4880 τὸ
1682 4828 1848 4899 πρόσ-

291 4935 460 4970 ωπον·
507 4919 640 4990 ὅπερ
666 4918 884 4973 δύναται
912 4921 1005 4972 καὶ
1035 4919 1250 4990 ίσχυρός
1275 4937 1360 4982 τις
1383 4917 1458 4972 ὢν
1487 4919 1578 4972 καὶ
1609 4919 1848 4973 εὐεκτῶν

291 5008 614 5073 ἐπακοῦσαι,
665 5011 759 5064 καὶ
806 5010 966 5063 πάλιν
1002 5009 1284 5074 ἀσθενικός
1340 5027 1424 5073 τις
1474 5008 1549 5062 ὢν
1604 5009 1845 5081 ἀκρασίᾳ

291 5101 516 5173 γνώμης
552 5102 881 5174 παραϐῆναι.
937 5099 1090 5155 Οῦτω
1123 5103 1215 5156 καὶ
1273 5102 1475 5174 ἄπορός
1512 5120 1595 5166 τις
1637 5099 1704 5156 αὖ
1755 5103 1851 5156 καὶ

291 5195 446 5257 ἄὸιος
469 5194 713 5265 εὑρεθείη
750 5196 866 5248 ποτ’
901 5194 967 5248 ἂν
997 5193 1208 5266 μεθύων
1231 5197 1351 5257 ταῖς
1382 5193 1714 5264 ἐπιθυμίαις,
1755 5181 1858 5248 καὶί

292 5287 533 5356 χρήμασι
577 5285 848 5351 πλούσιος,
903 5287 1085 5357 νήφων
1141 5268 1236 5338 καί.
1290 5285 1582 5356 πτωχεύων
1624 5285 1847 5356 ἡδονῶν,

293 5377 672 5447 πεπεισμένος,
727 5378 963 5444 συνετὸς,
1017 5377 1271 5450 καθαρὸς,
1324 5376 1736 5447 κεκολασμένος.
1785 5376 1849 5430 EI

1953 3457 2009 3511 in
2056 3469 2280 3526 regnum
2330 3453 2592 3507 caelorum
2641 3447 2894 3506 subtilius
2936 3466 2999 3504 ac
3047 3451 3258 3506 erudite
3317 3452 3520 3506 intelli-

1952 3548 2141 3620 gendi,
2173 3563 2280 3602 non
2306 3561 2472 3615 pravo
2502 3560 2664 3600 sensu
2700 3543 3066 3613 rusticiusque
3095 3558 3159 3597 ac
3190 3543 3396 3597 carnali
3431 3543 3518 3596 in-

1952 3633 2189 3696 tellectu.
2228 3636 2347 3693 Non
2385 3638 2527 3693 enim
2563 3638 2636 3690 ita
2664 3636 2867 3690 dictum
2893 3643 3014 3698 est,
3044 3650 3144 3690 nec
3183 3635 3237 3689 in
3275 3636 3354 3689 eis
3393 3651 3514 3706 quae

1953 3730 2088 3787 foris
2133 3737 2261 3786 sunt
2295 3728 2445 3784 salus
2493 3727 2672 3796 posita
2724 3735 2840 3790 est,
2893 3725 3009 3780 sive
3046 3725 3136 3778 illa
3189 3725 3358 3779 multa
3403 3725 3518 3781 sive

1952 3839 2124 3894 pauca
2153 3823 2282 3888 sint,
2308 3821 2423 3877 sive
2451 3834 2614 3889 parva
2644 3821 2757 3873 sive
2782 3833 2997 3888 magna,
3039 3817 3154 3873 sive
3184 3817 3340 3873 laude
3368 3819 3517 3872 clara

1953 3918 2066 3974 sive
2113 3915 2380 3978 obscura,
2430 3913 2542 3968 sive
2586 3909 2807 3981 probata
2842 3909 2952 3964 sive
2999 3909 3265 3979 reproba;
3310 3911 3407 3965 sed
3460 3912 3516 3966 in

1923 3990 2118 4064 Ianimi
2160 4009 2396 4071 virtute,
2463 4005 2599 4070 fide,
2657 4017 2752 4072 spe
2807 4011 2860 4057 et
2921 4001 3216 4066 charitate,
3252 3998 3516 4059 fraterno

1954 4116 2166 4164 amore,
2198 4108 2252 4156 et
2282 4098 2505 4155 scientia
2527 4137 2541 4160 ,
2578 4103 2632 4152 et
2661 4093 3109 4160 mansuetudine,
3144 4103 3197 4149 et
3227 4094 3513 4162 modestia,

1952 4199 2006 4248 et
2056 4192 2316 4254 veritate,
2369 4203 2600 4258 quorum
2646 4185 2927 4256 przemium
2977 4186 3126 4242 salus
3177 4193 3280 4240 est.
3331 4184 3518 4256 Neque

1952 4282 2096 4339 enim
2129 4281 2268 4336 vivet
2287 4278 2556 4350 quispiam
2600 4277 2744 4348 quod
2775 4277 3004 4348 pulchro
3035 4278 3106 4332 sit
3138 4291 3388 4345 corpore,
3421 4283 3515 4330 aut

1952 4381 2166 4436 contra,
2210 4370 2438 4442 peribit;
2471 4369 2563 4424 sed
2593 4369 2686 4438 qui
2737 4375 2885 4422 caste
2912 4382 3084 4436 exque
3113 4367 3312 4421 divinis
3342 4367 3514 4420 ratio-

1952 4464 2115 4519 nibus
2163 4463 2336 4517 utitur
2365 4476 2628 4516 concesso
2677 4474 2922 4530 corpore,
2974 4459 3022 4514 is
3054 4459 3229 4524 vivet;
3263 4453 3356 4528 qui
3386 4472 3515 4512 vero

1952 4553 2046 4610 Dei
2083 4556 2342 4624 templum
2376 4551 2698 4621 corrumpit,
2729 4549 3138 4620 disperdeturd.
3171 4548 3352 4604 Potest
3385 4562 3516 4602 vero

1954 4650 2077 4717 quis
2105 4647 2265 4702 etiam
2295 4645 2555 4702 deformis
2581 4644 2858 4714 indulgere
2887 4641 3095 4696 libidini
3119 4683 3134 4707 ,
3160 4649 3214 4697 et
3255 4641 3346 4711 qui
3391 4639 3514 4710 pul-

1951 4740 2080 4794 cher
2109 4738 2212 4802 sit,
2244 4738 2462 4794 studere
2489 4736 2745 4816 castitati.
2795 4733 2984 4804 Neque
3017 4734 3184 4788 robur
3231 4732 3512 4801 molesque

1953 4845 2016 4885 ac
2039 4829 2336 4898 proceritas
2359 4827 2604 4897 corporis
2626 4827 2788 4880 vitam
2815 4825 3064 4888 afferunt,
3089 4838 3191 4879 nec
3213 4822 3512 4878 membrum

1954 4919 2173 4989 aliquod
2201 4920 2294 4974 dat
2330 4918 2664 4988 perniciem;
2713 4914 2808 4971 sed
2853 4930 3074 4970 causam
3124 4915 3181 4970 in
3223 4923 3512 4983 utrumque

1949 5009 2182 5080 praabet,
2211 5025 2330 5079 quae
2360 5008 2446 5062 his
2479 5005 2657 5061 anima
2692 5006 2884 5061 utitur.
2921 5004 3142 5060 Sustine
3164 5043 3179 5069 ,
3225 5003 3435 5073 inquit,
3461 5002 3512 5059 si

1949 5101 2072 5171 quis
2107 5109 2161 5155 te
2183 5101 2241 5154 in
2277 5098 2468 5155 faciem
2517 5099 2675 5154 caedit
2709 5110 2764 5164 e;
2811 5097 2899 5153 cui
2931 5105 2984 5151 et
3013 5095 3273 5150 robustus
3297 5102 3350 5149 et
3377 5109 3508 5164 pro-

1951 5207 2107 5263 spera
2129 5200 2286 5248 utens
2314 5190 2624 5246 valetudine
2667 5188 2928 5243 obaudire
2965 5192 3168 5256 potest;
3217 5195 3271 5240 et
3318 5192 3510 5240 contra

1950 5285 2075 5355 quis
2117 5284 2388 5348 infirmus,
2429 5283 2626 5339 mentis
2659 5281 2953 5353 petulantia
2991 5278 3110 5348 ejus
3136 5284 3511 5348 transgressor

1950 5391 2091 5431 esse.
2131 5372 2222 5429 Sic
2253 5382 2309 5429 et
2351 5389 2544 5430 rursus
2573 5389 2776 5445 egenus
2806 5370 3026 5442 quidam
3057 5376 3110 5422 et
3142 5368 3318 5438 inops,
3355 5365 3511 5437 cupi-

366 5531 546 5606 >B_P.‘
568 5474 672 5606 9ῖὸ
707 5531 816 5606 ξιξ.
855 5532 1198 5606 ξΟΤΤΕΒε-
1227 5529 1478 5606 Iyatth.
1517 5528 1688 5606 ηιμ-ξι
1711 5547 1727 5596 ;
1753 5543 1857 5594 ιιι,

1955 5531 2093 5598 tu.
2190 5528 2588 5596 t'Matth.v,1’i.
2664 5539 2686 5568 ε
2727 5526 2860 5582 lbid.
2885 5526 2939 5582 6.
3034 5522 3061 5563 ιι
3101 5491 3509 5590 ἰοοτ.,ιιι,Π.

365 5609 391 5638 ⁸
432 5599 620 5661 Matth.
645 5621 698 5669 ν,
731 5603 834 5670 39;
863 5603 994 5661 Luc.
1029 5623 1103 5668 vr,
1138 5603 1237 5670 29;
1269 5600 1314 5656 11
1341 5599 1469 5656 Cor.
1501 5616 1578 5666 ιι,
1603 5599 1698 5654 20.

363 5758 473 5832 (26)
535 5757 971 5831 Μαθηματικῶς.
1038 5757 1200 5814 Forte
1266 5753 1664 5827 πνευματικῶς,
1729 5759 1822 5808 aut

1955 5751 2065 5825 ιελη
2075 5750 2264 5824 μένως.
2293 5747 2459 5807 FELL.
