4016 6308
649 272 756 330 C23

1800 271 2184 328 CLEMENTIS
2228 271 2693 329 ALEXANDRINI
2831 283 2833 286 '
3711 284 3783 342 624

646 394 910 452 dltatibus
953 395 1135 452 ebrius
1159 393 1461 457 exstiterit,
1508 395 1706 465 quique
1745 395 1951 451 divitiis
1984 395 2204 462 adluat,

2196 437 2204 461 ,
2237 404 2276 463 Α
2309 398 2487 452 τοίνυν
2543 394 2656 450 ἐστὶ
2697 395 2759 451 τὸ
2800 395 3092 469 ζησόμενον
3156 395 3384 468 μάλιστα
3435 399 3523 453 καὶ
3563 402 3782 478 πρῶτονή

649 490 867 546 sobrius
893 497 947 545 et
974 503 1175 560 egenus
1211 488 1548 558 voluptatum
1584 507 1596 542 :
1631 503 1824 558 nempe
1871 489 2204 560 obsequendi

649 582 850 649 animo,
879 579 1121 642 sedulus,
1151 578 1406 634 cordatus
1429 617 1443 640 ,
1481 577 1717 635 mundus
1738 620 1752 643 ,
1785 580 2103 650 castigatus.
2147 580 2205 636 Si

649 673 814 744 igitur
843 669 987 743 quod
1013 670 1352 741 potissimum
1381 670 1726 740 primumque
1753 671 1917 725 vitam
1942 681 2026 727 est
2053 671 2207 727 babi-

647 773 866 829 turum,
910 763 1090 816 anima
1123 769 1244 825 est,
1275 762 1432 832 eique
1463 761 1627 816 vitam
1672 770 1925 832 prmstat,
1967 778 2086 834 quat
2128 764 2202 818 illi

645 858 818 912 virtus
864 856 1022 926 quasi
1078 855 1393 911 adnascitur
1433 861 1594 923 atque
1641 869 1822 909 comes
1864 864 1979 919 est,
2013 855 2199 910 vitium

647 957 824 1003 autem
857 949 1021 1003 vitam
1073 948 1318 1017 perimit;
1369 953 1552 1016 aperte
1596 953 1840 1010 constat,
1872 948 2045 1018 ipsam
2084 955 2200 1002 tum

645 1056 832 1098 eorum
863 1054 1085 1110 egenam
1131 1054 1250 1109 quae
1295 1038 1418 1108 quis
1455 1037 1658 1092 divitiis
1697 1039 2013 1103 labefactat,
2050 1039 2203 1095 inco-

644 1133 844 1187 lumem
868 1131 1016 1197 fore;
1049 1139 1161 1184 tum
1185 1130 1252 1185 iis
1280 1128 1580 1183 afﬂuentem
1607 1144 1726 1200 qua:
1752 1145 1816 1185 ex
1845 1130 2050 1186 divitiis
2076 1147 2201 1202 pro-

645 1225 784 1281 clive
804 1224 1128 1287 inolescunt,
1159 1220 1379 1276 interitu
1412 1220 1776 1290 mergendam.
1798 1219 1907 1275 Nec
1931 1221 2042 1291 jam
2071 1221 2199 1276 alibi

2309 487 2475 559 ψυχὴ,
2505 487 2600 541 καὶ
2629 487 2757 559 περὶ
2803 487 3005 558 ταύτην
3037 485 3204 558 ἀρετὴ
3235 487 3333 558 μὲν
3381 489 3605 560 φυομένη
3648 492 3782 557 σὼζει,

2307 580 2472 633 κακία
2503 578 2558 632 δὲ
2616 578 2849 633 θανατοῖ·
2899 577 3053 648 δῆλον
3104 577 3202 650 ἥδη
3235 578 3438 648 σαφῶς,
3479 579 3554 632 ὅτι
3591 582 3699 654 αὐτὴ
3718 586 3786 637 ιισί

2309 671 2656 742 πτωχεύουσα
2681 663 2755 724 ὧν
2785 671 2849 724 ἂν
2876 685 2958 735 τις
2989 669 3092 724 ὑπὸ
3130 669 3355 724 πλούτου
3371 669 3490 742 (27)
3537 671 3783 745 διαφθείρει,

2312 761 2559 826 σώζεται,
2579 762 2672 815 καὶ
2702 761 2999 815 πλουτοῦσα
3031 747 3253 825 τούτων,
3298 754 3371 814 ὧν
3402 761 3643 832 ἐπιτρίϐει
3669 765 3765 816 πλοῦ

2306 871 2417 917 τος,
2451 851 2790 906 θανατοῦται.
2831 853 2941 905 Καὶ
2973 852 3166 923 μηκέτι
3215 851 3464 924 ζητῶμεν
3501 851 3696 923 ἀλλαχοῦ
3719 854 3787 926 τὴν

2309 945 2485 998 αἰτίαν
2512 944 2606 997 τοῦ
2637 943 2822 1008 τέλους
2850 944 2987 1015 πλὴν
3015 946 3073 997 ὲν
3099 947 3165 1016 τῇ
3195 945 3294 1016 τῆς
3339 944 3511 1015 ψυχῆς
3533 927 3788 1001 καταστάσει

2304 1040 2398 1093 καὶ
2424 1038 2658 1092 διαθέσει
2697 1037 2831 1108 πρός
2874 1053 2933 1090 τε
2977 1037 3074 1107 τὴν
3116 1035 3362 1108 ὑπακοὴν
3391 1035 3518 1088 Θεοῦ
3563 1035 3642 1089 καὶ
3669 1036 3790 1091 καθα.-

2307 1131 2524 1202 ρότητα,
2549 1131 2684 1202 πρός
2711 1147 2768 1183 τε
2799 1128 3108 1202 παράϐασιν
3137 1127 3363 1182 ἐντολῶν
3389 1127 3482 1182 καὶ
3509 1128 3679 1191 κακίας
3704 1126 3790 1181 cul-

2304 1222 2486 1295 λογήν.

644 1333 805 1390 quam
835 1318 888 1372 in
923 1318 1113 1372 animaa
1137 1317 1252 1386 ipso
1281 1321 1424 1372 statu
1456 1325 1509 1370 et
1557 1314 1858 1379 aﬂectione,
1923 1323 1982 1370 ut
2012 1315 2121 1371 Deo
2167 1318 2498 1389 obsequatur
2551 1317 2914 1388 mundamque
2959 1332 3018 1372 se
3059 1315 3333 1386 praebeat,
3377 1325 3430 1370 et
3468 1324 3524 1368 ut
3578 1323 3788 1386 transgre-

644 1412 840 1468 diendo
872 1411 1143 1473 mandata,
1169 1410 1355 1464 vitium
1397 1424 1460 1464 ac
1493 1410 1752 1463 malitiam
1800 1411 2036 1478 colligat,
2071 1426 2290 1467 causam
2322 1429 2630 1485 quaeramus
2661 1430 2759 1469 cur
2784 1413 2899 1468 haec
2929 1414 3002 1468 ita
3033 1413 3289 1483 utrinque
3317 1411 3575 1466 eveniant.

711 1505 852 1561 XIX.
895 1505 1034 1562 Vere
1063 1505 1228 1576 igitur
1257 1505 1532 1574 probeque
1576 1504 1727 1560 dives
1759 1515 1875 1573 est,
1907 1506 1998 1576 qui
2034 1506 2202 1563 fretus

641 1599 936 1656 virtutibus
978 1603 1061 1652 est
1105 1607 1158 1651 et
1186 1598 1377 1666 quavis
1430 1595 1646 1651 fortuna
1695 1605 1880 1652 sancte
1906 1605 1959 1652 et
1989 1598 2092 1654 fide
2123 1598 2201 1652 uti

642 1697 820 1762 potest
854 1705 867 1742 :
904 1688 1041 1744 falso
1072 1697 1250 1742 autem
1282 1687 1455 1751 dives,
1489 1689 1580 1758 qui
1613 1704 1776 1745 carne
1807 1689 1958 1745 dives
1986 1697 2090 1754 est,
2126 1691 2204 1745 vi-

643 1790 862 1851 tamque
895 1779 1168 1834 transtulit
1212 1779 1277 1833 ad
1326 1779 1645 1834 exteriorem
1687 1780 2044 1836 substantiam
2084 1798 2204 1852 quae

645 1873 882 1944 prmterit
927 1879 1088 1942 atque
1129 1871 1348 1933 interit,
1400 1885 1464 1925 ac
1511 1871 1836 1942 quandoque
1877 1873 1932 1927 in
1980 1874 2203 1929 alterius

645 1979 866 2020 censum
913 1961 1146 2025 transit,
1217 1969 1271 2016 et
1319 1962 1385 2016 ad
1432 1970 1733 2018 extremum
1793 1964 1997 2020 nullius
2047 1965 2204 2035 plane

645 2054 880 2110 exsistit.
929 2058 986 2116 >14
1043 2050 1254 2107 Rursus
1303 2051 1490 2106 eadem
1547 2052 1757 2108 ratione
1797 2062 1881 2109 est
1929 2062 1984 2110 et
2045 2070 2204 2110 verus

645 2161 850 2216 pauper
874 2185 889 2209 ,
923 2153 977 2198 et
1006 2144 1226 2213 spurius
1272 2144 1412 2198 alius
1452 2143 1681 2215 falsique
1721 2146 1957 2201 nominis
2003 2161 2206 2217 pauper

645 2236 897 2292 exsistit:
933 2249 1163 2304 quorum
1213 2250 1406 2305 nempe
1449 2235 1588 2292 alius
1641 2251 1846 2306 pauper
1877 2239 2069 2307 spiritu
2116 2238 2202 2304 ﬁt,

646 2328 787 2398 quod
821 2334 904 2380 est
931 2326 1208 2396 proprium
1229 2369 1243 2393 ,
1269 2326 1409 2381 alius
1435 2327 1678 2382 saeculari
1704 2327 1867 2390 fastu,
1897 2328 2040 2397 quod
2070 2329 2204 2384 alie-

645 2436 795 2474 num.
824 2418 1006 2472 Mundi
1040 2417 1205 2488 igitur
1233 2417 1376 2473 fastu
1403 2419 1646 2490 pauperi,
1673 2435 1736 2474 ac
1757 2421 1846 2489 qui
1880 2422 2031 2477 dives
2059 2422 2206 2479 vitiis

646 2509 739 2572 sit,
766 2523 874 2562 non
896 2508 989 2578 qui
1017 2508 1210 2577 spiritu
1234 2523 1459 2578 pauper,
1479 2518 1531 2562 et
1552 2511 1848 2566 secundum
1867 2512 2032 2567 Deum
2056 2512 2205 2568 dives

645 2602 894 2666 exsistat,
915 2601 1142 2666 Recede,
1167 2602 1262 2668 ait,
1279 2602 1347 2656 ab
1370 2601 1477 2664 his,
1497 2617 1632 2672 quas
1654 2603 1706 2657 in
1730 2605 1913 2659 animo
1936 2605 2202 2676 possides,

647 2694 839 2749 alienis
873 2693 1243 2754 facultatibus,
1267 2701 1326 2748 ut
1354 2695 1556 2749 mundo
1582 2695 1744 2751 corde
1769 2695 2001 2752 evadens
2022 2696 2205 2753 videas

648 2786 814 2840 Deum
839 2803 855 2853 ;
889 2784 1032 2856 quod
1060 2792 1114 2838 et
1144 2785 1247 2838 alia
1278 2785 1562 2840 verborum
1601 2785 1774 2842 forma
1807 2798 1889 2843 est
1909 2827 1923 2851 ,
1953 2794 2011 2842 ut
2041 2789 2207 2844 intres

647 2878 702 2933 in
728 2892 953 2950 regnum
987 2876 1267 2932 caelorum.
1298 2876 1542 2942 Quonam
1571 2894 1702 2933 vero
1728 2879 1888 2933 modo
1912 2879 1980 2934 ab
2014 2881 2093 2936 eis
2121 2895 2208 2937 re-

646 2968 926 3024 cesseris?
959 2966 1269 3022 Vendendo.
1310 2967 1449 3033 Quid
1503 2970 1674 3040 ergo?
1719 2969 1796 3024 lta
1835 2972 2090 3026 nimirum
2147 2981 2208 3029 ut

2377 1511 2475 1564 19'.
2537 1511 2593 1565 '0
2643 1511 2739 1582 μὲν
2765 1511 2871 1582 ἄρα
2928 1509 3138 1580 ἀληθῶς
3191 1509 3286 1562 καὶ
3328 1508 3501 1572 καλῶς
3531 1509 3788 1562 ὲστινότῶν

2306 1601 2513 1673 ἀρετῶν
2541 1601 2815 1666 πλούσιος,
2839 1602 2932 1654 καὶ
2961 1601 3108 1672 πάσῃ
3143 1599 3283 1672 τύχῃ
3326 1599 3550 1671 χρῆσθαι
3578 1599 3708 1663 ὁσίως
3727 1599 3789 1653 καὶ

2307 1690 2510 1754 πιστῶς
2539 1690 2847 1760 δυνάμενος·
2869 1692 2896 1743 ὁ
2918 1689 2972 1742 δὲ
2994 1689 3160 1752 νόθως
3188 1688 3458 1752 πλούσιος,
3477 1691 3503 1742 ὁ
3525 1688 3646 1741 κατὰ
3666 1689 3789 1760 σάρκα

2309 1780 2577 1845 πλούσιος,
2595 1782 2688 1835 καὶ
2707 1783 2804 1853 τὴν
2836 1780 2979 1852 ζωὴν
3001 1783 3080 1845 είς
3103 1781 3202 1852 τὴν
3235 1780 3340 1844 ἔξω
3373 1779 3555 1850 κτῆσιν
3577 1796 3789 1852 μετενηνο-

2306 1873 2416 1944 χὼς
2444 1873 2541 1946 τὴν
2571 1873 2982 1944 παρερχομένην
3015 1873 3108 1926 καὶ
3136 1871 3514 1943 φθειρομένην,
3549 1871 3629 1925 καὶ
3657 1870 3786 1924 ἄλλοτε

2307 1961 2464 2014 ἄλλου
2485 1961 2790 2032 γινομένην,
2809 1960 2899 2013 καὶ
2917 1963 2974 2014 ὲν
2993 1960 3070 2031 τῷ
3099 1960 3238 2013 τέλει
3259 1961 3480 2031 μηδενὸς
3508 1959 3789 2032 μηδαμῆἩὰι

2307 2050 2389 2106 λιν
2409 2047 2472 2105 αὖ
2493 2053 2586 2105 καὶ
2604 2053 2742 2106 κατὰ
2771 2053 2858 2106 τὸν
2879 2052 3034 2106 αὑτὸν
3059 2053 3257 2126 τρόπον
3278 2053 3372 2106 καὶ
3403 2053 3605 2123 γνήσιος
3619 2049 3785 2120 πτωχὸς.

2308 2145 2401 2197 καὶ
2435 2144 2584 2207 νόθος
2609 2144 2765 2208 ἄλλος
2809 2145 3020 2214 πτωχὸς
3041 2145 3134 2198 καὶ
3155 2144 3516 2216 ψευδώνυμος·
3546 2146 3571 2197 ὁ
3597 2144 3676 2214 μὲν
3693 2143 3788 2195 κατὰ

2310 2233 2526 2306 πνεῦμα
2550 2236 2778 2306 πτωχὸς,
2812 2237 2872 2289 τὸ
2901 2236 3048 2299 ῖδιον,
3073 2238 3122 2290 ,ὁ
3171 2237 3230 2289 δὲ
3276 2233 3416 2290 κατά
3441 2235 3638 2307 κόσμον,
3664 2234 3710 2286 τδ
3727 2233 3788 2286 ἁλ-

2307 2327 2533 2396 λότριον.
2565 2327 2655 2398 Τῷ
2684 2327 2747 2399 δὴ
2799 2327 2937 2381 κατὰ
2985 2328 3190 2400 κόσμον
3241 2327 3441 2399 πτωχῷ
3492 2328 3575 2380 καὶ
3617 2325 3786 2393 πλουσίῳ

2310 2418 2448 2472 κατὰ
2467 2418 2532 2471 τὰ
2551 2418 2717 2489 πάθη,
2734 2419 2899 2490 ό(27’)
2919 2419 3058 2472 κατὰ
3081 2399 3301 2491 μα
3319 2422 3380 2473 οὑ
3400 2401 3592 2490 πτωχός
3605 2418 3678 2470 καί
3693 2415 3786 2468 κατά

2309 2510 2441 2564 Θεὸν
2473 2509 2743 2575 πλούσιος,
2781 2510 3091 2583 Ἀπόστηθι,
3126 2513 3280 2582 φησὶ,
3307 2512 3413 2565 τῶν
3440 2511 3732 2583 ὑπαρχόντων
3749 2511 3786 2560 ὲν

2309 2604 2375 2672 τῇ
2404 2600 2547 2672 ψυχῇ
2581 2618 2672 2654 σου
2696 2600 2986 2672 κτημάτων
3008 2601 3327 2674 ἀλλοτρίων,
3366 2602 3469 2664 ἵνα,
3516 2599 3708 2671 καθαρὸς

2310 2693 2505 2764 καρδίᾳ
2533 2693 2838 2764 γενόμενος,
2873 2693 2987 2765 ἴδῃς
3012 2693 3100 2746 τὸν
3119 2693 3272 2747 Θεόνο
3301 2695 3432 2764 ὅπερ
3459 2693 3543 2746 καλ⁵
3568 2690 3625 2744 δι’
3650 2689 3784 2759 ἐτέρας

2312 2783 2494 2854 φωνῆς
2522 2784 2687 2848 ἐστιν,
2712 2783 2965 2837 εἰσελθεῖν
2999 2784 3078 2847 είς
3121 2784 3221 2855 τὴν
3260 2783 3524 2853 βασιλείαν
3562 2781 3651 2834 τῶν
3673 2779 3785 2849 οὐρα·

2309 2875 2435 2929 νῶν.
2471 2877 2579 2930 Καὶ
2607 2875 2722 2940 πῶς
2762 2876 2936 2929 αὐτῶν
2955 2877 3233 2947 ἀποστῇςς
3288 2877 3557 2948 Πωλήσας.
3605 2873 3658 2926 Τί
3698 2866 3783 2935 σῦνς

2311 2969 2564 3040 χρήματα
2593 2968 2710 3022 ἀντὶ
2747 2968 3037 3040 κτημάτων
3086 2967 3260 3041 λάϐῃς
3279 3011 3294 3035 ,
3345 2967 3589 3022 ἀντίδοσιν
3620 2960 3784 3018 πλούτου

649 3057 972 3128 praediorum
1003 3057 1179 3126 pretio
1207 3057 1489 3126 pecuniam
1538 3058 1806 3130 recipias?
1837 3059 2038 3132 Nempe
2075 3077 2206 3134 opes
2234 3125 2235 3132 γ

2195 3080 2206 3119 ι
2234 3099 2276 3157 C
2311 3060 2840 3157 npocnotchtpsvog,
2863 3060 3228 3157 ἐξαργυρίσας
3255 3062 3355 3157 την
3383 3059 3600 3157 φανερὰν
3625 3055 3781 3157 οὐσίανς

647 3150 842 3218 opibus
872 3147 1278 3212 commutando,
1298 3147 1527 3203 conflata
1548 3163 1668 3220 quas
1689 3151 1743 3206 in
1765 3154 1952 3210 oculos
1979 3155 2208 3210 incurrit

649 3240 992 3297 substantia?
1011 3239 1382 3310 Nequaquam.
1403 3239 1509 3297 Sed
1541 3243 1612 3298 ita
1633 3251 1693 3298 ut
1719 3243 1839 3300 loco
1861 3261 2068 3311 earum,
2090 3263 2209 3317 quae

649 3333 834 3388 animo
863 3341 988 3387 ante
1019 3332 1254 3398 inerant,
1289 3347 1447 3403 quem
1478 3349 1599 3389 esse
1623 3335 1830 3390 salvum
1860 3337 2037 3407 cupis,
2073 3339 2208 3396 alias

648 3426 868 3482 divitias
913 3425 1134 3482 deiﬁcas
1160 3426 1388 3495 vitaeque
1416 3433 1629 3484 aaternte
1661 3428 1905 3499 pararias
1933 3431 2015 3501 (ex
2041 3431 2209 3488 divini

647 3519 856 3575 scilicet
884 3518 1096 3574 ratione
1125 3518 1366 3573 mandati
1400 3527 1682 3576 consertos
1729 3521 1896 3576 animi
1939 3521 2203 3595 affectus)

650 3609 890 3677 inferas;
925 3625 1022 3682 pro
1050 3609 1249 3681 quibus
1279 3611 1383 3666 erit
1412 3611 1509 3667 tibi
1566 3627 1775 3669 merces
1821 3627 1883 3668 ac
1914 3625 2208 3686 perpetuus

648 3705 824 3760 honor
853 3711 906 3760 et
931 3703 1080 3760 salus
1109 3710 1420 3774 aeternaque
1451 3704 1807 3776 ineorruptiu.
1831 3706 1890 3760 ιη
1921 3707 2067 3764 hunc
2093 3725 2209 3764 mo-

649 3797 777 3850 dum
809 3803 958 3851 recte
979 3795 1166 3851 vendis
1193 3810 1312 3866 qua:
1338 3796 1603 3866 possides,
1626 3798 1794 3852 multa
1822 3799 1910 3853 illa
1939 3810 1993 3855 et
2018 3817 2209 3872 super-

649 3889 755 3944 ﬂua
781 3929 796 3954 ,
829 3896 882 3944 et
923 3903 1043 3959 quae
1073 3888 1168 3943 tibi
1205 3889 1400 3944 cmlum
1429 3889 1746 3956 occludunt,
1774 3907 1895 3946 cum
1926 3892 2033 3950 illis
2058 3909 2211 3950 com-

648 3987 885 4043 mutaus,
922 3995 1040 4050 quae
1067 3980 1297 4036 salutem
1341 3979 1535 4036 afferre
1569 3983 1801 4052 possint.
1841 3983 1937 4038 Illa
1969 3985 2207 4042 habeant

647 4071 854 4126 carnali
881 4072 988 4125 ritu
1012 4086 1277 4142 pauperes
1302 4078 1356 4128 et
1381 4071 1474 4143 qui
1504 4071 1590 4128 his
1627 4073 1905 4144 indigeant
1937 4091 1951 4126 :
1990 4082 2046 4130 tu
2081 4091 2208 4132 vero

653 4162 988 4234 spiritalibus
1017 4178 1203 4218 eorum
1225 4163 1345 4218 loco
1377 4164 1608 4235 receptis
1631 4163 1854 4230 divitiis,
1887 4164 2206 4222 thesaurum

651 4254 707 4309 in
739 4254 892 4310 caelis
921 4255 1143 4311 habeas.

721 4344 837 4399 XX.
879 4344 1005 4400 Haec
1037 4361 1134 4417 per
1175 4346 1547 4416 metaphoram
1584 4345 1729 4400 dicta
1760 4360 1868 4400 non
1899 4345 2206 4419 intelligens

2310 3152 2590 3222 Οὐδαμῶς.
2634 3151 2790 3204 Ἀλλὰ
2819 3152 2937 3205 ἀντὶ
2986 3151 3094 3205 τῶν
3140 3155 3420 3224 προτέρων
3463 3146 3784 3220 ἐνυπαρχόντων

2307 3246 2371 3314 τῇ
2404 3242 2570 3314 ψυχῇ,
2599 3244 2664 3312 ἣν
2695 3243 2863 3297 σῶσαι
2919 3243 3130 3307 ποθεῖς,
3192 3244 3619 3315 ἀντεισαγόμενος
3653 3241 3784 3305 ἕτερον

2310 3335 2534 3389 πλοῦτον
2593 3335 2834 3388 θεοποιὸν
2873 3336 2964 3389 καὶ
3018 3334 3161 3406 ζωῆς
3213 3336 3444 3408 χορηγὸν
3483 3332 3685 3393 αἰωνίου,
3719 3326 3786 3388 τὰς

2309 3427 2447 3482 κατά
2497 3427 2596 3499 τὴν
2641 3427 2857 3497 ἐντολὴν
2889 3425 2981 3480 τοῦ
3027 3426 3161 3480 Θεοῦ
3213 3427 3495 3490 διαθέσεις-⁸
3526 3423 3625 3479 ἀνθ’
3649 3414 3707 3476 ὧν
3730 3434 3783 3471 σοι

2309 3519 2588 3591 περιέσται
2619 3518 2806 3590 μισθὸς
2837 3519 2929 3571 καὶ
2980 3517 3112 3590 τιμὴ
3143 3517 3418 3590 διηνεκὴς,
3459 3516 3545 3571 καὶ
3590 3509 3784 3582 σωτηρίαν

2308 3610 2403 3664 καὶ
2429 3609 2643 3674 αίώνιος
2675 3608 2966 3682 ἀφθαρσία.
2996 3608 3149 3663 Οὕτω
3179 3609 3362 3672 καλῶς
3389 3608 3572 3670 πωλεῖς
3593 3604 3650 3658 τὰ
3672 3601 3787 3671 ὑπάρ-

2306 3719 2488 3773 χοντα,
2526 3701 2593 3755 τὰ
2616 3700 2785 3755 πολλὰ
2814 3701 2907 3754 καὶ
2953 3700 3208 3772 περισσὰ,
3262 3703 3356 3756 καὶ
3411 3693 3713 3754 ἀποκλείοντα
3733 3706 3785 3742 σοι

2306 3794 2431 3857 τοὺς
2462 3793 2740 3866 οὐρανοὺς,
2787 3791 3412 3865 ἀντικαταλλασσόμενος
3457 3789 3616 3845 αὐτῶν
3637 3784 3693 3840 τά
3714 3779 3785 3834 σῶ-

2309 3903 2395 3940 σαι
2423 3887 2712 3958 δυνάμενα.
2757 3885 2968 3938 Ἐκεῖνα
2994 3885 3268 3956 ἐχέτωσαν
3313 3886 3361 3939 οῑ
3391 3881 3618 3956 σαρκικοί
3640 3870 3785 3942 πτωχοὶ

2307 3979 2619 4033 καὶτούτων
2652 3979 2911 4050 δεόμενον
2955 3978 3018 4030 σὺ
3047 3977 3103 4031 δὲ
3159 3978 3253 4032 τὸν
3296 3969 3631 4049 πνευματικὸν
3671 3962 3787 4022 πλοῦ·

2306 4088 2398 4125 τον
2457 4070 2756 4126 ἀντιλαϐὼν
2815 4069 2958 4142 ἔχοις
3011 4068 3078 4123 ἂν
3137 4069 3241 4141 ἥδη
3285 4067 3538 4140 θησαυρὸν
3581 4066 3630 4117 ἐν
3670 4059 3788 4128 οὐρα·

2305 4166 2434 4225 νοῖς.

2377 4342 2462 4395 K’.
2501 4337 2686 4394 Ταῦτα
2717 4338 2790 4411 μὴ
2820 4337 3018 4403 συνιεὶς
3050 4337 3193 4392 κατά
3233 4336 3429 4408 τρόπον
3451 4334 3478 4386 ὁ
3508 4322 3785 4411 πολυχρήματ

650 4434 740 4489 ille
767 4435 952 4490 multis
976 4408 1223 4504 pecuniis
1250 4408 1490 4505 locuples
1513 4442 1566 4490 et
1595 4435 1757 4488 homo
1785 4434 2006 4504 legalis;
2035 4408 2210 4510 neque

2198 4456 2210 4495 ι
2240 4437 2282 4492 D
2310 4450 2399 4497 τος
2424 4434 2518 4486 καὶ
2567 4408 2788 4504 ἔννομος
2813 4429 3114 4502 ἄνθρωπος,
3157 4429 3292 4502 μηδὲ
3320 4429 3462 4490 ὅπως
3488 4425 3514 4477 ὁ
3545 4419 3680 4480 αὐτὸς
3720 4408 3784 4510 καί

651 4535 709 4582 ut
744 4528 915 4598 possit
946 4528 1088 4583 idem
1116 4537 1170 4584 et
1199 4542 1401 4598 pauper
1451 4541 1572 4582 esse
1613 4533 1668 4581 et
1709 4525 1881 4590 dives,
1913 4536 1966 4583 et
2009 4528 2208 4588 habere

650 4621 908 4691 pecunias
937 4627 991 4674 et
1023 4635 1133 4674 non
1163 4619 1396 4682 habere,
1429 4633 1640 4671 necnon
1671 4615 1749 4670 uti
1772 4617 1971 4672 saeculo
2002 4626 2056 4672 et
2097 4635 2208 4676 non

650 4713 752 4777 uti,
774 4713 906 4767 abiit
937 4711 1110 4767 tristis
1132 4716 1186 4765 et
1211 4723 1467 4772 moerens,
1484 4707 1674 4762 relicta
1691 4707 1815 4762 vita:
1843 4715 1989 4764 sorte
2006 4752 2020 4775 ,
2044 4725 2207 4780 quam

651 4803 992 4859 solummodo
1032 4814 1230 4870 cupere
1250 4838 1264 4863 ,
1309 4813 1373 4851 ac
1402 4812 1508 4851 non
1537 4797 1701 4862 etiam
1732 4799 1948 4870 assequi
1995 4801 2208 4872 potuit;

649 4896 741 4966 qui
783 4895 886 4950 sibi
935 4893 1193 4948 nimirum
1227 4889 1371 4961 quod
1410 4889 1637 4944 arduum
1685 4899 1838 4958 erat,
1869 4892 2205 4964 impossibile

647 4985 966 5042 reddiderit.
984 4983 1230 5037 Arduum
1258 4996 1490 5051 namque
1513 4996 1576 5036 ac
1596 4981 1808 5039 difﬁcile
1833 4999 1941 5040 non
1970 4987 2206 5042 circum-

648 5079 772 5135 duci
810 5079 1050 5132 animum
1083 5082 1137 5130 et
1176 5070 1530 5139 labefactari,
1572 5073 1901 5132 alllttentium
1939 5077 2205 5134 bonorum

648 5170 946 5240 ﬂoridaque
968 5165 1151 5236 specie
1172 5163 1445 5236 prrestigio
1471 5181 1650 5238 prope.
1671 5168 2047 5240 obrepentium
2071 5187 2205 5228 con-

649 5265 837 5333 spicuo
877 5274 1045 5314 censu
1077 5272 1141 5311 ac
1189 5256 1429 5323 divitiis;
1481 5274 1592 5313 non
1641 5267 1823 5315 tamen
1865 5260 2203 5331 impossibile

647 5367 772 5408 cum
803 5351 890 5406 his
918 5350 1081 5424 etiam
1114 5348 1355 5405 nancisci
1383 5350 1633 5418 salutem,
1659 5351 1706 5408 si
1735 5352 1859 5422 quis
1889 5353 1956 5408 ab
1992 5352 2059 5407 iis
2083 5353 2204 5424 opi-

722 5475 782 5534 ›Ῑ‹
824 5469 884 5523 Ρ.
926 5412 1030 5544 οἶδ
1066 5465 1174 5520 Et).
1211 5464 1506 5521 eorum.

718 5583 831 5694 $27)
864 5583 1154 5636 Πλούτου.
1187 5580 1388 5634 Τούτου
1423 5594 1527 5636 ms.
1559 5577 1725 5633 FELL.

741 5653 853 5694 97'l
885 5651 1054 5694 Vni-tit
1094 5653 1360 5694 inform-pc
1407 5651 1562 5694 mani
1616 5649 1833 5694 lenisset
1859 5650 1884 5694 ὃ

741 5646 853 5719 27³)
885 5651 1054 5708 Vertit
1093 5653 1360 5720 interpres
1407 5651 1564 5721 quasi
1615 5649 1833 5720 legisset
1859 5650 1917 5711 ὃς
1971 5646 2198 5715 (subau-

741 5723 846 5778 ndo
882 5724 1042 5788 ὲστι).
1102 5722 1368 5788 Klotzius,
1425 5724 1481 5777 in
1529 5720 1763 5776 editione
1795 5734 1890 5773 sua
1943 5715 2200 5788 Lipsiana

725 5705 738 5724 κ

651 5720 846 5778 diendo
882 5724 1042 5795 ἐστι).
1102 5722 1368 5790 Klotzius,
1425 5720 1481 5777 in
1529 5720 1763 5776 editione
1795 5734 1890 5773 sua

2307 4526 2520 4596 πτωχὸς
2570 4501 2790 4579 δύναται
2841 4501 2980 4577 εἶναι
3029 4524 3124 4578 καὶ
3163 4501 3441 4584 πλούσιος,
3494 4515 3579 4570 καὶ
3608 4512 3720 4580 ἔχειν
3738 4501 3784 4596 si

2308 4595 2562 4689 χρήματα
2590 4618 2683 4672 καὶ
2713 4617 2785 4690 μὴ
2814 4616 2977 4688 ἔχειν,
3018 4616 3108 4668 καὶ
3139 4615 3370 4686 χρῆσθαι
3400 4611 3473 4684 τῷ
3525 4607 3682 4676 κόσμῳ
3720 4595 3783 4690 καὶ

2313 4687 2673 4781 μηχρῆσθαι,
2709 4687 2916 4779 ἀπῆλθε
2961 4707 3183 4777 στυγνὸς
3235 4705 3327 4760 καὶ
3369 4700 3612 4772 κατηφὴς,
3660 4687 3784 4781 λιπὼν

2608 4802 2706 4872 τῆς
2737 4778 2901 4872 ζωῆς,
2951 4796 3018 4873 ἦς
3051 4799 3332 4872 ἐπιθυμεῖν
3379 4797 3544 4869 μόνον,
3593 4778 3782 4848 (GKV-31‘

2310 4892 2406 4945 ml.
2436 4895 2615 4964 τυχεῖν
2668 4892 2917 4962 ἠδύνατο,
2949 4893 3010 4945 τὸ
3039 4892 3291 4946 δύσκολον
3335 4889 3551 4958 ποιήσοις
3588 4876 3783 4964 “is”???

2310 4985 2469 5049 αὐτὸς
2491 4958 2982 5056 έάυτῷίΔύσκολον
3011 4983 3119 5055 γὰρ
3145 4980 3212 5055 ἦν
3241 4983 3312 5054 μὴ
3337 4972 3671 5052 περιάγεσθαιν
3687 4958 3782 5034 μηδὲ

2312 5075 2771 5148 καταστρέφεσθαι
2829 5074 2927 5146 τὴν
2995 5074 3168 5145 ψυχὴν
3222 5074 3327 5127 ἀπὸ
3383 5068 3485 5123 τῶν
3543 5057 3784 5148 προσύντθξν

2311 5167 2490 5237 ἁδρῶν
2624 5140 3137 5238 προδήλῳ’πλοοτῷ’
3163 5165 3255 5218 καὶ
3282 5158 3517 5231 ἀνθηρῶν
3543 5140 3783 5223 γοητευμάσ

2308 5275 2436 5312 των’
2471 5259 2568 5312 οὐκ
2595 5257 2853 5313 ἀδύνατον
2881 5260 2939 5313 δὲ
2990 5258 3084 5311 καὶ
3126 5258 3183 5310 ὲν
3208 5253 3377 5324 τούτῳ
3407 5244 3634 5304 λαϐέσθαι

2315 5351 2451 5423 ρίαςν
2485 5352 2538 5405 ετ
2564 5368 2648 5415 τις
2673 5352 2860 5407 ἑαυτὸν
2909 5351 3016 5406 ἀπὸ
3062 5347 3155 5404 τοῦ
3201 5322 3450 5419 αίσθητοῦ
3503 5334 3692 5393 πλούτου
3714 5322 3778 5376 ἐπὶ

2309 5574 2591 5648 an._i85‘2,
2624 5576 2944 5648 particulam
2979 5576 3039 5648 ου
3073 5541 3383 5648 repudiavit,
3407 5572 3474 5626 ita
3528 5559 3642 5648 vi}

2306 5617 2533 5717 ἆζέῡὶῖἕ
2542 5617 3634 5717 ἓτῶἂὶέῒοὶῖξιὶ.Ἑξξτῗτὲἶιὶϊέἑῖιὶειὶιίι,
3658 5617 3775 5697 φησι,

2305 5715 2609 5786 subjectum
2636 5717 2846 5773 evadat.
2883 5715 3036 5771 Eon.
3073 5715 3307 5770 ΡΑτιιοι..
