4016 6308
579 293 684 349 627
1724 294 2112 352 CLEMENTIS
2148 294 2611 352 ALEXANDRINI
3375 349 3380 352 .
3650 305 3732 362 628

576 417 841 478 ravimus,
873 415 1146 471 veteribus
1174 417 1545 487 spiritualibus
1585 417 1740 488 quasi
1783 417 2127 476 facultatibus

2231 439 2340 486 νον,
2374 421 2469 476 καὶ
2513 421 2648 492 πρὸς
2692 422 2905 494 ἐκείνην
2938 421 3124 494 ὥσπερ
3170 421 3466 494 κάτοπτρον
3501 425 3734 496 neptim:

575 505 853 576 animique
899 506 1310 576 agritudinibus
1339 517 1501 578 atque
1533 509 1679 565 vitiis
1710 511 1986 581 projectis,
2016 526 2127 565 ma-

2236 514 2331 565 καὶ
2383 512 2708 583 ρυθμίζοντα
2757 513 2854 584 τὴν
2905 511 3100 586 ψυχὴν,
3131 514 3224 566 καὶ
3258 512 3432 566 πάντα
3456 513 3538 568 διά
3565 515 3734 569 πάντων

572 596 730 668 gistri
761 599 986 668 vestigia
1029 607 1361 669 sequuntur;
1397 600 1447 655 id
1478 615 1605 655 vero
1632 601 1743 671 jam
1794 601 1900 670 illis
1933 617 2127 657 conne-

2234 603 2433 675 ὁμοίως
2463 603 2794 660 διατεθέντα.

572 699 706 757 ctat,
757 693 849 762 qui
899 693 1053 748 cmlis
1087 695 1395 750 ascribendi
1443 703 1591 752 sunt.
1657 694 1745 751 Sic
1791 696 1936 752 enim
1985 710 2172 752 revera
2211 707 2498 769 praestatur
2548 707 2609 754 ut
2658 698 2990 755 Salvatorem
3041 684 3323 770 sequatur,
3387 698 3478 769 qui
3522 699 3646 756 illius
3685 701 3735 756 ab

572 787 722 840 omni
753 787 1046 844 immunem
1077 805 1220 844 noxa
1248 791 1414 845 vitam
1444 791 1588 846 colat
1630 805 1694 845 ac
1733 791 2139 862 perfectionem,
2182 793 2383 864 quique
2411 795 2468 849 in
2496 795 2643 850 illam
2681 795 2826 850 velut
2852 793 3132 865 speculum
3195 791 3496 848 contuendo
3545 792 3736 848 animum

569 891 824 952 perornet
868 893 1285 957 componatque,
1334 901 1398 940 ac
1448 887 1504 941 in
1551 887 1804 943 omnibus
1849 903 2007 958 pares
2063 889 2142 944 illi
2182 905 2362 946 mores
2391 906 2618 961 prorsus
2644 891 2856 946 induat.

645 983 702 1041 >33
745 977 913 1033 XXII.
961 999 979 1030 ι
1012 980 1370 1051 Respondens
1399 991 1576 1038 autem
1609 982 1788 1048 Jesus,
1817 985 1929 1039 ait:
1961 984 2133 1039 Amen

569 1069 693 1125 dico
737 1073 913 1137 vobis,
942 1075 1035 1143 qui
1091 1075 1369 1145 reliquerit
1419 1077 1658 1147 propria,
1698 1085 1750 1132 et
1789 1087 2038 1148 parentes
2080 1087 2134 1135 et

569 1161 768 1219 fratres
815 1174 868 1218 et
921 1168 1180 1236 pecunias
1210 1179 1430 1239 propter
1454 1185 1539 1225 me
1567 1177 1620 1223 et
1647 1179 1866 1241 pr0pter
1892 1170 2135 1242 Evange-

568 1254 728 1321 lium,
765 1256 990 1326 recipiet
1018 1259 1222 1314 centies
1251 1266 1460 1313 tantum
1483 1273 1531 1315 α.
1563 1280 1582 1313 ι
1615 1261 1684 1315 At
1705 1277 1878 1332 neque
1907 1262 2010 1316 hoc
2039 1278 2134 1318 vos

569 1349 771 1412 turbet,
804 1365 904 1404 nec
937 1351 1081 1420 quod
1121 1353 1298 1424 adhuc
1323 1353 1637 1410 durioribus
1666 1355 1848 1410 verbis
1878 1355 1984 1410 alio
2014 1356 2133 1411 loco

567 1440 776 1495 editum
809 1451 933 1498 est:
975 1462 993 1493 ι
1021 1442 1122 1508 Qui
1159 1461 1267 1502 non
1311 1445 1425 1500 odit
1475 1453 1680 1516 patrem
1722 1454 1777 1502 et
1807 1455 2033 1502 matrem
2077 1454 2131 1502 et

567 1531 730 1596 ﬁlios,
763 1531 940 1586 adhuc
987 1542 1166 1588 autem
1213 1543 1265 1589 et
1305 1535 1537 1588 animam
1589 1550 1765 1599 suam,
1797 1550 1905 1589 non
1954 1543 2133 1605 potest

567 1641 690 1682 esse
719 1641 872 1686 meus
896 1625 1193 1696 discipulus
1209 1629 1256 1680 b.
1287 1647 1306 1679 ι
1341 1627 1456 1682 Non
1484 1628 1627 1682 enim
1659 1629 1912 1698 praecepit
1944 1627 2128 1682 odium

563 1725 618 1773 et
646 1717 937 1774 divortium
991 1733 1022 1771 a
1074 1718 1412 1775 charissimis
1445 1719 1587 1776 Deus
1615 1720 1788 1790 pacis,
1822 1720 1915 1790 qui
1947 1729 1998 1774 et
2028 1702 2148 1773 ini;

2301 989 2428 1042 KB'.
2474 1007 2493 1039 ι
2527 988 2865 1061 Ἀποκριθεὶς
2889 988 2945 1042 δὲ
2973 990 3001 1041 ὁ
3046 986 3250 1060 Ἰησοῦς
3283 983 3463 1040 εἶπεν·
3495 987 3644 1057 ’Δμὴν
3667 987 3738 1040 λέ-

2233 1099 2316 1151 γω
2348 1083 2496 1152 ὑμῖν,
2517 1081 2575 1146 ὃς
2601 1081 2665 1136 ἂν
2687 1084 2798 1153 ἀφῇ
2831 1083 2898 1136 τά
2932 1083 3057 1146 ἴδια,
3086 1081 3179 1134 καὶ
3201 1084 3376 1149 γονεῖς
3395 1082 3484 1133 καὶ
3510 1079 3738 1147 ἀδελφοὺς,

2233 1172 2324 1225 καί⁵
2356 1174 2611 1244 χρήματα
2643 1173 2825 1226 ἕνεκεν
2856 1172 2987 1244 ἐμοῦ
3010 1174 3103 1226 καὶ
3125 1171 3310 1224 ἐνεκεν
3329 1171 3418 1223 τοῦ
3442 1171 3738 1238 Εὑαγγεὶίου,

2233 1265 2568 1336 ἀπολήψεται
2598 1265 3082 1336 ἐκατομπλασίονα.
3103 1283 3122 1316 ι
3143 1263 3300 1317 Ἀλλά
3329 1263 3459 1335 μηδέ
3482 1261 3609 1315 τοῦθ’
3629 1264 3739 1332 ὑμᾶς

2235 1356 2663 1427 ἐπιταρασσέτω,
2693 1357 2826 1428 μηδὲ
2850 1356 2908 1409 τὸ
2939 1355 3018 1409 ἔτι
3045 1355 3404 1428 σκληρότερον
3425 1353 3632 1425 ἀλλαχοῦ
3651 1357 3738 1416 ταῖς

2237 1451 2438 1518 φωναῖς
2469 1449 2901 1521 ἐξενηνεγμένον,
2921 1469 2938 1500 ι
2957 1450 3051 1514 Ὃς
3074 1449 3134 1502 ού
3167 1451 3314 1519 μισεί
3341 1447 3543 1515 πατέρα
3569 1448 3647 1500 καὶ
3660 1465 3738 1517 μη-

2233 1541 2386 1612 τέρα,
2422 1543 2516 1596 καὶ¹
2542 1543 2753 1607 παῖδας,
2788 1542 3009 1614 προσέτι
3042 1541 3098 1594 δέ
3132 1543 3226 1595 καὶ
3257 1541 3355 1611 τὴν
3377 1538 3546 1610 ψυχὴν
3572 1539 3737 1602 ἐαυτοῦ,

2235 1633 2366 1704 ἐμὸς
2399 1633 2640 1706 μαθητὴς
2667 1629 2804 1688 εἶναι
2833 1635 2892 1687 οὐ
2926 1633 3166 1688 δύναται.
3194 1654 3213 1685 ι
3254 1634 3329 1687 Οὐ
3362 1634 3468 1706 γὰρ
3496 1634 3736 1704 εἰσηγεῖται

2236 1727 2391 1794 μῖσος
2421 1726 2513 1780 καὶ
2545 1725 2783 1779 διάλυσιν
2811 1725 2918 1780 ἀπὸ
2947 1725 3054 1778 τῶν
3083 1725 3352 1795 φιλτάτων
3380 1728 3408 1778 ο
3436 1725 3529 1795 τῆς
3568 1726 3739 1796 εἰρήνης

570 1809 743 1864 unicos
786 1810 1011 1881 diligere
1052 1810 1258 1880 jubeat.
1308 1811 1462 1876 Quod
1513 1811 1557 1866 si
1604 1811 1808 1866 inimici
1874 1811 2127 1880 diligendi

2232 1817 2380 1881 Θεὸς,
2412 1818 2440 1870 ὃ
2467 1831 2526 1886 γε
2558 1819 2652 1872 καὶ
2682 1819 2806 1881 τοὺς
2830 1817 3057 1889 ἐχθροὺς
3089 1818 3309 1889 ἀγαπᾷν
3334 1817 3609 1888 παραινῶν.
3631 1816 3738 1869 Είδέ

567 1909 713 1968 sunt,
749 1901 865 1970 pari
914 1903 1077 1956 etiam
1128 1904 1338 1957 ratione
1386 1903 1452 1958 ab
1503 1903 1585 1959 eis
1632 1903 1996 1970 ascendendo,
2037 1906 2128 1974 qui

565 2001 694 2049 sunt
722 2008 920 2064 genere
951 1993 1416 2063 coujunctissimi;
1449 2001 1541 2048 aut
1568 1995 1614 2050 si
1643 1994 1766 2050 odio
1797 1995 2028 2050 habendi
2051 1994 2130 2048 af-

566 2081 701 2138 ﬁnes
732 2090 786 2137 et
816 2084 1053 2152 cognati,
1077 2085 1270 2154 potiori
1301 2083 1512 2138 ratione
1531 2085 1857 2154 rejiciendos
1881 2087 2130 2142 inimicos

565 2173 946 2229 descendendo
991 2175 1376 2247 ratioedocet.
1409 2175 1645 2232 Proinde
1677 2178 1783 2231 alia
1813 2178 1973 2232 aliam
2006 2192 2131 2233 sen-

563 2265 788 2319 tentiam
814 2263 1017 2334 liquido
1047 2265 1297 2322 destruit.
1330 2267 1399 2321 At
1421 2283 1529 2322 non
1560 2267 1787 2324 invicem
1818 2269 2127 2333 destruunt,

565 2371 741 2426 neque
770 2355 880 2409 ulla
909 2372 968 2410 re
997 2356 1375 2423 adversantur,
1413 2365 1506 2412 aut
1526 2359 1609 2413 vel
1632 2373 1800 2428 prope
1821 2359 2125 2414 destruunt.

565 2444 643 2504 Ex
693 2448 882 2504 eodem
934 2449 1132 2519 quippe
1169 2448 1365 2504 affectu
1401 2459 1453 2505 et
1491 2451 1692 2515 animo,
1724 2449 2018 2521 eademque
2046 2465 2131 2504 re-

564 2538 689 2607 gula
721 2546 928 2609 patrem
947 2537 1073 2595 odio
1102 2541 1295 2595 habeat
1322 2541 1552 2595 amando
1583 2541 1886 2604 inimicum,
1916 2543 2006 2611 qui
2031 2556 2130 2596 nec

567 2633 847 2687 inimicum
901 2635 1218 2698 ulciscatur,
1269 2651 1446 2704 neque
1486 2642 1692 2705 patrem
1741 2635 1864 2704 plus
1911 2633 2130 2689 Christo

566 2733 831 2781 vereatur.
859 2724 917 2780 In
944 2727 1036 2780 illo
1065 2727 1281 2796 quidem
1315 2727 1478 2782 verbo
1502 2727 1685 2782 odium
1717 2735 1926 2782 resecat
1956 2734 2009 2781 et
2034 2742 2128 2781 vo-

564 2818 825 2874 luntatem
869 2817 1136 2873 inferendi
1183 2819 1342 2884 mala,
1374 2819 1429 2873 in
1479 2819 1582 2874 hoc
1624 2834 1752 2874 vero
1799 2819 2022 2872 nimiam
2075 2819 2129 2873 in

564 2909 885 2979 conjunctos
915 2909 1291 2972 reverentiam,
1325 2909 1453 2964 dum
1491 2910 1605 2964 haec
1635 2909 1794 2964 saluti
1829 2908 2044 2964 olliciat.
2073 2909 2127 2962 Si

564 3015 691 3071 ergo
727 2999 960 3056 inﬁdelis
984 2999 1216 3070 cuipiam
1247 3009 1400 3071 pater
1427 3009 1521 3054 aut
1553 3001 1694 3055 ﬁlius
1722 3009 1814 3053 aut
1845 2998 2012 3053 frater
2037 3013 2130 3052 ex-

566 3091 787 3155 stiterit,
820 3098 982 3161 atque
1009 3091 1200 3146 horum
1235 3093 1462 3162 quilibet
1485 3093 1606 3148 ﬁdei
1635 3093 1864 3162 vitaeque
1889 3092 1942 3145 in
1975 3090 2129 3145 cmlis

2228 1909 2352 1969 τοὺς
2372 1907 2597 1980 ἐχθροὺς
2613 1909 2943 1980 ἀγαπητέον,
2961 1909 3222 1978 ἀνάλογον
3245 1911 3339 1964 ἀπ’
3360 1909 3567 1962 ἐκείνων
3582 1909 3738 1961 ἀνιόντι

2229 2001 2323 2053 καὶ
2357 2001 2480 2063 τοὺς
2512 1999 2794 2068 ἐγγυτάτω
2823 1999 3041 2068 γένουςο
3070 1999 3102 2067 ἦ
3133 2001 3180 2053 εί
3219 2000 3473 2071 μισητέον
3502 2000 3611 2062 τοὺς
3637 1998 3738 2068 πρὸς

2229 2091 2478 2160 αἵματος,
2521 2090 2652 2143 πολὺ
2709 2090 2909 2160 μᾶλλον
2963 2090 3088 2153 τοὺς
3136 2089 3364 2163 ἐχθροὺς
3405 2087 3737 2143 ἀποϐάλλεσθαι

2229 2164 2481 2236 κατιὼνό
2507 2181 2662 2250 λόγος
2692 2182 3120 2236 διδάσκει.Ὥστε
3152 2181 3414 2254 ἀλλήλους
3451 2180 3738 2251 ἀναιροῦντες

2229 2274 2512 2345 ἐλέγχοιντ’
2545 2272 2610 2326 ἂν
2640 2275 2687 2326 οἱ
2714 2274 2878 2343 λόγοι.
2897 2274 3034 2326 Ἀλλ’
3068 2274 3172 2328 οὐδ’
3199 2273 3522 2347 ἀναιροῦσιν,
3551 2273 3641 2326 οὐδ’
3668 2273 3736 2338 ὲγο

2228 2365 2359 2435 γύς·
2393 2365 2500 2418 ἀπὸ
2533 2365 2640 2436 γὰρ
2674 2365 2774 2435 τῆς
2807 2365 2974 2436 αὐτῆς
3001 2363 3224 2436 γνώμης
3259 2367 3354 2419 καὶ
3384 2363 3642 2426 διαθέσεως
3666 2364 3735 2415 καὶ

2229 2458 2322 2510 ἐπὶ
2359 2455 2434 2527 τῷ
2464 2455 2611 2527 αὐτῷ
2641 2457 2751 2528 ὅρῳ
2780 2456 2988 2528 πατέρα
3016 2455 3198 2528 μισοίη
3234 2473 3316 2520 τις
3347 2455 3411 2508 ἂν
3443 2455 3610 2527 ἐχθρὸν
3633 2455 3736 2521 ἀγα-

2229 2548 2364 2612 πῶν,
2400 2550 2428 2601 ὀ
2461 2549 2598 2619 μήτε
2631 2547 2821 2619 ἐχθρὸν
2852 2547 3210 2618 ἀμυνόμενος,
3246 2549 3382 2619 μήτε
3420 2548 3609 2618 πατέρα
3634 2547 3733 2616 Χρι-

2230 2637 2358 2691 στοῦ
2391 2637 2553 2690 πλέον
2585 2636 2914 2708 αἰδούμενος.
2934 2637 3022 2691 Ἐν
3055 2637 3249 2709 ἐκείνῳ
3283 2639 3380 2709 μὲν
3411 2638 3510 2709 γάρ
3545 2636 3734 2707 τῷλόγῳ

2231 2733 2384 2799 μῖσος
2415 2729 2668 2783 ἐκκόπτει
2701 2730 2796 2783 καὶ
2828 2729 3166 2793 κακοποιίαν,
3193 2731 3255 2784 ἐν
3279 2730 3444 2800 τούτῳ
3461 2731 3512 2784 δέ
3530 2729 3612 2800 τὴν
3632 2728 3732 2798 πρὸς

2227 2821 2292 2874 τὰ
2339 2819 2611 2892 σύντροφα
2642 2820 2938 2884 δυσωπίαν,
2972 2821 3021 2873 εί
3066 2819 3294 2890 βλάπτοι
3323 2821 3455 2893 πρὸς
3493 2817 3725 2888 σωτηρίαν.

2228 2912 2289 2964 El
2323 2911 2451 2980 γοῦν
2484 2911 2637 2977 ἄθεος
2669 2914 2752 2984 εἴη
2786 2914 2890 2966 τινὶ
2919 2913 3117 2986 πατὴρ,
3143 2913 3176 2985 ἢ
3212 2915 3346 2978 υίὸς,
3371 2913 3403 2984 ἢ
3433 2911 3646 2980 ἀδελφὸς,
3663 2909 3731 2961 καί

2228 3003 2452 3077 κώλυμα
2484 3006 2583 3076 τῆς
2611 3007 2845 3070 πίστεως
2873 3008 3104 3077 γένοιτο,
3141 3011 3238 3063 καὶ
3269 3007 3515 3080 ἐμπόδιον
3543 3006 3626 3075 τῆς
3649 3002 3734 3058 ἀνω

2229 3094 2392 3167 ζωῆς.
2428 3097 2599 3169 τούτῳ
2635 3099 2708 3170 μὴ
2739 3099 3117 3172 συμφερέσθω,
3156 3100 3295 3172 μηδὲ
3325 3099 3606 3170 ὁμονοείτω,
3631 3093 3731 3148 ἀλλὰ

565 3182 959 3252 consequendze
1008 3183 1451 3255 impedimentum
1498 3184 1841 3254 praestiterit;
1891 3182 2016 3236 huic
2057 3197 2124 3236 ne

2229 3185 2322 3258 τὴν
2346 3187 2608 3261 σαρκικὴν
2632 3189 2935 3262 οἰκειότητα
2962 3189 3048 3244 διὰ
3077 3189 3174 3261 τὴν
3199 3187 3557 3261 πνευματικὴν
3577 3183 3729 3256 ἔχθραν

565 3277 891 3336 consentiat.
926 3283 1020 3330 aut
1067 3291 1190 3330 cum
1243 3277 1336 3331 illo
1385 3275 1732 3331 concordiam
1786 3275 2001 3335 habeat,
2035 3275 2128 3330 sed

563 3367 826 3436 spiritalis
859 3365 1156 3422 inimicitiae
1177 3382 1342 3424 causa
1370 3367 1642 3428 carnalem
1672 3364 2128 3421 necessitudinem

564 3459 758 3516 diluat.

633 3549 823 3608 XXIII.
864 3549 998 3608 Rem
1033 3553 1333 3609 arbitrator
1360 3553 1474 3609 litis
1503 3568 1624 3609 esse
1651 3553 2125 3610 contestationem.

565 3640 702 3698 Hinc
753 3644 971 3716 quidem
1022 3647 1268 3702 videatur
1297 3655 1480 3702 astans
1510 3654 1664 3718 pater
1705 3647 1883 3702 dicere
1916 3665 1928 3700 :
1965 3663 1983 3696 ι
2016 3646 2129 3715 Ego

562 3745 617 3793 te
660 3739 1044 3808 proseminavi,
1090 3740 1368 3806 enutrivi;
1404 3755 1630 3810 sequere
1676 3755 1780 3803 me,
1821 3738 2129 3808 pariterque

561 3828 748 3905 inique
795 3843 911 3908 age,
945 3845 1045 3886 nec
1075 3829 1280 3886 Christi
1328 3830 1430 3900 legi
1477 3830 1793 3900 obsequere,
1826 3849 1845 3880 ι
1881 3844 1944 3882 ac
1971 3827 2128 3898 quid-

562 3920 691 3991 quid
711 3923 856 3978 aliud
883 3924 963 3979 vir
984 3923 1333 3994 blasphemus
1355 3930 1407 3978 et
1431 3931 1677 3978 mortuus
1696 3929 1885 3975 natura
1907 3921 2124 3978 dixerit.

562 4013 792 4070 Aliunde
827 4032 956 4072 vero
984 4017 1110 4071 audi
1141 4015 1476 4071 Salvatorem
1509 4036 1522 4070 :
1561 4033 1578 4065 ι
1609 4016 1721 4085 Ego
1751 4022 1803 4068 te
1836 4029 2125 4084 regenera-

561 4109 636 4172 vi,
665 4110 758 4178 qui
799 4111 935 4165 male
965 4128 995 4165 a
1029 4110 1233 4167 mundo
1270 4110 1463 4166 mortis
1495 4107 1709 4163 victima
1754 4105 1950 4162 fuisses
1976 4107 2127 4177 geni-

563 4207 651 4255 tus
676 4221 687 4255 :
716 4203 769 4256 in
799 4203 1104 4258 libertatem
1135 4203 1368 4266 asserui,
1400 4200 1610 4263 sanavi,
1637 4197 1858 4253 redemi.
1891 4198 2003 4268 Ego
2029 4199 2124 4254 Dei

557 4287 686 4351 boni
722 4293 892 4362 patris
924 4293 1020 4348 tibi
1052 4294 1258 4348 vultum
1289 4291 1570 4347 ostendam
1606 4307 1618 4342 :
1653 4288 1761 4342 noli
1793 4298 1996 4364 patrem
2026 4305 2122 4344 vo-

558 4394 685 4436 care
713 4399 876 4454 super
907 4393 1106 4439 terram
1140 4402 1154 4440 :
1192 4382 1392 4436 mortui
1443 4380 1706 4450 sepeliant
1740 4387 1982 4433 mortuos
2021 4400 2033 4434 :
2066 4389 2124 4434 tu

2229 3278 2548 3337 διαλυσάτω.

2296 3555 2347 3607 Κ
2363 3553 2432 3606 I".
2473 3553 2711 3626 Νόμισον
2733 3549 2868 3610 εἶναι
2890 3554 2950 3609 τὸ
2977 3557 3207 3629 πρᾶγμα
3232 3553 3572 3610 διαδικασίαν.
3587 3550 3634 3602 '0
3655 3546 3729 3618 μὲν

2228 3646 2407 3716 πατήρ
2449 3661 2531 3698 σοι
2557 3645 2778 3699 δοκείτω
2806 3644 3089 3720 παρεστὼς
3121 3647 3303 3716 λέγειν
3321 3665 3334 3677 ·
3359 3665 3376 3699 ι
3399 3644 3526 3713 Ἐγὼ
3553 3641 3728 3709 ἔσπειρα

2227 3737 2322 3792 καὶ
2365 3736 2593 3810 ἔθρεψα·
2641 3736 2919 3792 ἀκολούθει
2969 3756 3079 3809 μοι,
3125 3739 3221 3792 καὶ
3273 3732 3647 3801 συναδίκει,καὶ
3673 3727 3727 3800 μὴ

2228 3829 2412 3884 πείθου
2433 3829 2508 3901 τῷ
2523 3829 2753 3903 Χριστοῦ
2775 3832 2940 3901 νόμῳ·
2963 3849 2980 3882 ι
3003 3831 3094 3884 καὶ
3113 3831 3211 3884 ὅσα
3229 3831 3295 3885 ἀν
3318 3831 3453 3884 εἴποι
3473 3829 3727 3899 βλάσφημος

2227 3920 2322 3974 ἄνθ
2331 3938 2507 3992 ρωπος
2530 3921 2624 3974 καὶ
2645 3933 2834 3992 νεκρος
2856 3924 2919 3991 τῇ
2943 3921 3116 3989 φύσει.
3136 3923 3255 3976 Ἐτέ
3264 3922 3426 3995 ρωθεν
3443 3922 3494 3974 δὲ
3507 3921 3645 3975 ἄκουε
3658 3909 3727 3966 τοῦ

2227 4015 2476 4086 Σωτῆρος
2496 4031 2507 4044 ·
2539 4032 2557 4065 ι
2581 4013 2720 4082 Ἐγώ
2750 4031 2810 4066 σε
2843 4014 3191 4086 ἀνεγέννησα,
3229 4015 3410 4079 κακῶς
3443 4015 3537 4068 ὑπὸ
3563 4012 3726 4079 κόσμου

2227 4109 2360 4180 πρὸς
2381 4107 2602 4161 θάνατον
2621 4107 3000 4176 γεγενημένον’
3020 4107 3383 4182 ἠλευθέρωσα,
3401 4107 3630 4177 ίασάμην,
3645 4101 3728 4154 ἐλυ-

2225 4197 2538 4270 τρωσάμην.
2555 4197 2696 4265 Ἐγώ
2719 4213 2797 4251 σοι
2817 4197 2974 4261 δείξω
2994 4197 3126 4251 Θεοῦ
3152 4201 3353 4270 πατρὸς
3367 4195 3553 4267 ἀγαθοῦ
3570 4192 3729 4262 πρόσω-

2226 4305 2325 4342 πον
2345 4305 2357 4318 ·
2390 4288 2463 4360 μὴ
2484 4289 2635 4343 κάλει
2663 4286 2869 4358 σεαυτῷ
2891 4289 3102 4361 πατέρα
3125 4291 3216 4343 ἐπὶ
3243 4292 3340 4362 γῆς
3356 4307 3368 4320 ·
3392 4291 3439 4343 οἱ
3460 4287 3617 4359 νεκροὶ
3635 4282 3728 4342 τοῦς

2225 4382 2450 4452 νεκροὺς
2496 4379 2880 4433 θαπτέτωσαν
2925 4380 2990 4432 σὺ
3031 4379 3086 4432 δέ
3134 4397 3222 4451 μοι
3271 4378 3556 4435 ἀκολούθει·
3588 4372 3728 4436 ἀνάξω

555 4487 687 4530 vero
713 4490 798 4530 me
824 4491 1077 4546 sequere;
1107 4474 1390 4530 sublimem
1405 4471 1548 4523 enim
1578 4469 1772 4526 ducam
1803 4469 1859 4524 in
1883 4471 2120 4540 requiem

2229 4470 2334 4542 γάρ
2366 4488 2423 4523 σε
2455 4472 2534 4534 είς
2561 4471 2861 4524 ἀνάπαυσιν
2885 4471 3134 4542 ἀρρήτων
3166 4473 3261 4525 καὶ
3282 4472 3507 4526 ἀλέκτων
3532 4464 3724 4535 ἀγαθῶν,

559 4581 906 4632 arcanorum,
939 4575 992 4628 et
1024 4583 1145 4636 quae
1175 4579 1334 4620 nemo
1373 4561 1554 4631 eloqui
1601 4569 1781 4631 queat,
1818 4562 2122 4630 bonorum;

558 4677 678 4737 qua:
709 4661 901 4715 oculus
931 4674 1041 4712 non
1072 4657 1228 4720 vidit,
1265 4669 1367 4710 nec
1395 4654 1545 4708 auris
1580 4653 1784 4715 audiat,
1815 4669 1916 4715 nec
1944 4655 1997 4708 in
2031 4669 2126 4710 cor

559 4751 797 4807 hominis
839 4750 1266 4809 ascenderuntc,
1315 4746 1369 4799 in
1416 4761 1536 4816 qum
1585 4745 1896 4801 desiderant
1950 4747 2126 4818 angeli

556 4847 894 4918 prospicere.
927 4851 981 4898 et
1031 4841 1216 4895 videre
1258 4853 1380 4918 quae
1427 4839 1748 4912 praeparavit
1799 4837 1940 4894 Deus
1986 4839 2127 4893 bona

556 4940 764 4996 sanctis
785 4949 952 5005 seque
975 4931 1328 5002 diligentibus
1353 4930 1476 4987 ﬁliis
1491 4931 1539 4986 ἀ.
1561 4930 1671 5003 Ego
1693 4931 1952 4988 nutritius
1975 4940 2123 4998 tuus,

553 5031 650 5104 qui
679 5027 945 5096 meipsum
977 5037 1168 5092 panem
1196 5020 1483 5092 praebeam,
1505 5037 1662 5091 quem
1685 5021 1776 5092 qui
1801 5019 2118 5091 gustaverit,

555 5133 718 5176 nemo
747 5115 925 5168 adhuc
954 5112 1144 5168 mortis
1180 5111 1477 5184 periculum
1508 5112 1701 5180 faciet;
1753 5111 1846 5183 qui
1896 5108 2118 5164 fundam

555 5206 802 5289 quotidie
842 5210 1028 5276 potum
1075 5204 1516 5264 immortalitatis.
1551 5205 1662 5278 Ego
1696 5204 1954 5277 magister
1979 5201 2120 5256 caelo

556 5299 808 5355 celsioris
833 5297 1094 5354 doctrina).
1124 5313 1188 5353 ac
1213 5299 1532 5371 disciplinae.
1571 5297 1676 5353 Pro
1710 5305 1764 5352 te
1791 5310 1916 5350 cum
1945 5299 2120 5348 morte

521 5418 526 5424 -
555 5401 832 5450 certamen
861 5392 1141 5461 desudavi,
1169 5409 1232 5449 ac
1259 5394 1416 5466 cujus
1446 5408 1573 5449 reus
1599 5404 1772 5461 paenae
1793 5403 1914 5443 eras
1934 5386 2004 5441 ob
2025 5399 2121 5454 pa-

553 5490 692 5538 trata
724 5483 920 5542 delicta
956 5483 1172 5558 Deoque
1208 5493 1460 5558 negatam
1492 5482 1648 5538 ﬁdem
1679 5488 1734 5536 et
1765 5477 2119 5533 incredulita-

507 5642 511 5645 _
553 5577 624 5636 tis
658 5576 885 5643 crimen,
915 5592 1014 5650 ego
1047 5579 1270 5638 exsolvi.
1305 5597 1324 5630 ι
1361 5576 1465 5643 Qui
1494 5576 1594 5630 hos
1625 5573 1877 5648 utrinque
1911 5583 2122 5631 sermo-

2227 4561 2261 4614 ἃ
2294 4561 2366 4633 μὴ
2400 4561 2672 4634 ὀφθαλμὸς
2693 4558 2819 4627 εἶδε,
2849 4563 2985 4633 μήτε
3016 4557 3108 4625 οῦς
3130 4563 3349 4633 ἤκουσε,
3376 4564 3503 4633 μήτε
3530 4560 3609 4614 ἐπὶ
3630 4571 3727 4624 καρ-

2223 4652 2340 4706 δίαν
2386 4651 2685 4725 ἀνθρὼπων
2732 4651 2919 4722 ἀνέϐη,
2952 4654 3032 4717 είς
3083 4653 3119 4707 ἀ
3165 4654 3508 4726 ἐπιθυμοῦσιν
3553 4645 3726 4718 ἄγγελοι

2227 4744 2560 4816 παρακύψαι,
2593 4745 2687 4798 καὶ
2735 4745 2861 4798 ἰδεῖν
2917 4744 3060 4817 ἆπερ
3105 4746 3394 4818 ἡτοίμασεν
3431 4747 3457 4798 ὁ
3493 4743 3605 4801 Θεὸς
3642 4738 3726 4796 τοῖς

2225 4838 2400 4906 ἁγίοις
2443 4836 2622 4906 ἀγαθά
2669 4839 2763 4891 καὶ
2807 4840 2917 4901 τοῖς
2947 4836 3187 4907 φιλοῦσιν
3223 4837 3377 4891 αὑτὸν
3398 4836 3602 4895 τέκνοις.
3617 4823 3725 4892 Ἕγώ

2227 4947 2317 4981 σου
2344 4930 2595 5000 τροφεὺς,
2630 4929 2792 5002 ἄρτον
2805 4930 3038 5000 ἐμαυτὸν
3055 4929 3244 4995 διδοὺς,
3265 4922 3323 4983 οῦ
3345 4925 3638 4998 γευσάμενος
3655 4916 3724 4970 οὒ·

2225 5021 2336 5083 δεὶς
2355 5019 2432 5072 ἔτι
2460 5023 2651 5092 πεῖραν
2674 5019 2902 5074 θανάτου
2921 5020 3208 5092 λαμϐάνει,
3236 5022 3328 5073 καὶ
3350 5019 3489 5089 πόμα
3511 5011 3612 5068 καθ’
3626 5005 3725 5078 ἠμέ-

2228 5130 2328 5182 ραν
2372 5111 2604 5175 ἐνδιδοὺς
2641 5111 2954 5176 ἀθανασίας,
2974 5112 3112 5182 Ἐγὼ
3141 5111 3443 5173 διδάσκαλος
3473 5108 3721 5176 ὑπερθυρ³’

2224 5204 2351 5257 νίων
2383 5201 2794 5274 παιδευμάτωνο
2833 5206 2973 5276 ὑπὲρ
3004 5205 3098 5258 σοῦ
3133 5206 3266 5276 πρὸς
3300 5203 3388 5258 τὸν
3416 5200 3614 5254 θάνατον
3636 5191 3723 5258 διη-

2225 5295 2542 5366 γωνισάμην
2575 5297 2668 5350 καὶ
2699 5297 2789 5350 τὸν
2823 5298 2912 5351 σὺν
2945 5297 3156 5362 ἐξέτισα
3190 5297 3425 5360 θάνατον,
3452 5291 3505 5345 ὃν
3540 5282 3721 5355 ὤφειλες

2226 5383 2320 5436 ἐπὶ
2335 5385 2445 5446 τοῖς
2465 5369 2790 5456 π’ραημαρτη
2799 5385 2982 5455 μένοις
3003 5386 3096 5438 καὶ
3119 5389 3183 5457 τῇ
3210 5385 3340 5456 πρὸς
3353 5381 3474 5436 Θεὸν
3492 5371 3715 5441 animi?"

2227 5473 2442 5530 Τούτων
2469 5473 2572 5528 τῶν
2601 5475 2770 5545 λόγων
2791 5475 3127 5549 ἑκατέρωθεν
3146 5475 3438 5548 διακούσας,
3459 5469 3578 5538 ὑπὲρ
3596 5474 3719 5515 σεαυ⁶

2227 5566 2320 5621 τοῦ
2349 5566 2588 5633 δίκασον,
2621 5568 2714 5643 κα)
2744 5567 2842 5638 τὴν
2868 5568 3048 5648 ψῆφον
3081 5569 3265 5641 ἔνεγκε
3295 5569 3356 5638 τῇ
3383 5558 3554 5617 σαυτοῦ
3581 5567 3718 5628 σωτη-

632 5735 690 5798 bis
737 5730 795 5786 Ρ.
839 5668 942 5814 9;8
980 5731 1091 5790 ΕΙ).
1131 5730 1428 5790 POTTER.
1472 5744 1496 5776 ι
1537 5729 1702 5787 Marc.
1731 5744 1802 5796 ι,
1846 5726 1916 5784 29
2013 5725 2040 5768 δ
2077 5723 2127 5817 L‘

2249 5737 2359 5791 xiv,
2389 5722 2479 5780 26.
2558 5733 2578 5762 ε
2615 5720 2790 5780 lCor.
2832 5739 2894 5791 II,
2947 5726 3000 5781 9.
3077 5725 3104 5766 ἀ
3145 5727 3162 5782 I
3194 5724 3302 5780 Pet.
3339 5737 3376 5788 ι,
3406 5717 3481 5775 ιε.
