4016 6308
301 297 415 354 629

1397 287 1600 345 LIBER
1638 286 1800 356 Ουιὸ
1833 286 2034 344 DIVES
2073 281 2462 342 SALVETUR.

3441 269 3545 325 630

300 415 423 490 ρίξι.
449 411 567 468 Κᾶν
598 410 824 482 ἀδελφὸς
851 410 1015 481 ὃμοια
1041 407 1197 482 λέγῃ,
1221 407 1322 463 κᾶν
1355 407 1563 472 τέκνον,
1595 406 1697 461 κᾶν
1721 405 1876 476 γυνὴ,

1994 419 2079 460 nes
2125 401 2338 463 audias,
2370 413 2469 470 pro
2502 404 2553 453 te
2583 397 2697 466 ipse
2730 401 2849 450 esto
2871 390 3062 478 judex,
3083 362 3256 458 linque
3296 393 3403 441 tua:
3434 400 3546 442 rem

299 503 409 559 κᾶν
443 504 709 567 ὁστισοῦν,
739 502 844 574 πρὸ
889 502 1104 556 πάντων
1147 503 1204 554 ὲν
1250 501 1334 555 σοὶ
1380 497 1612 572 Χριστὸς
1651 499 1680 551 6
1716 498 1878 550 νικῶν

300 596 450 652 ἔστω
470 613 487 630 ⁶
518 597 657 670 ὑπὲρ
689 597 785 650 σοῦ
819 595 927 668 γὰρ
956 594 1300 664 ἀγωνίζεται.

378 863 508 916 ΚΔ’.
543 862 775 917 Δύνασαι
805 862 898 916 καὶ
928 860 1037 915 τῶν
1086 860 1382 935 χρημάτων
1433 858 1758 932 ἐπίπροσθεν
1808 855 1883 914 εί-

302 973 418 1009 ναι.
442 956 681 1028 Φράσον·
722 973 741 1006 ‹
764 955 870 1008 Ναὶ
900 954 1000 1007 οὐκ
1029 954 1232 1024 ἀπάγει
1270 971 1336 1025 με
1363 955 1596 1026 Χριστὸς
1621 955 1721 1026 τῆς
1753 957 1884 1027 κτή-

303 1060 474 1109 σεως,
504 1046 532 1097 6
564 1044 766 1116 Κύριος
805 1044 866 1098 ού
901 1044 1099 1115 φθονεῖ.
1123 1063 1141 1095 ι
1191 1043 1327 1097 Ἀλλ’
1365 1046 1498 1116 ὁρᾷς
1531 1046 1758 1100 σεαυτὸν
1789 1048 1886 1118 ἡτ-

304 1135 555 1208 τώμενον
585 1137 675 1190 ὑπ’
711 1136 888 1192 αὐτῶν
920 1136 1014 1190 καὶ
1051 1119 1521 1208 ἀνατρεπόμενονς
1567 1137 1764 1206 Ἀφες,
1806 1137 1886 1210 ρί-

305 1227 434 1299 ψον,
481 1230 724 1301 μίσησον,
772 1228 1062 1294 ἀπόταξαι,
1107 1230 1266 1300 φύγε.
1311 1228 1471 1284 (Κᾶν
1511 1230 1540 1282 6
1580 1229 1751 1297 δεξιός
1790 1248 1883 1284 σου

308 1320 590 1391 ὀφθαλμὸς
615 1321 941 1394 σκανδαλίζῃ
960 1339 1047 1392 σε,
1070 1341 1089 1374 ι
1124 1323 1332 1394 ταχέως
1351 1343 1368 1376 ‹
1394 1324 1621 1395 ἔκκοψον
1653 1325 1835 1380 αὐτόν.
1861 1346 1881 1380 ›

309 1410 685 1484 Αίρετώτερον
736 1411 1124 1484 ὲτεροφθάλμῳ
1175 1411 1435 1482 βασιλεία⁴
1466 1413 1634 1478 Θεοῦ,
1685 1414 1718 1484 ἢ
1768 1414 1886 1468 ὁλο-

308 1503 502 1574 κλήρῳ
529 1503 592 1556 τὸ
641 1501 772 1575 πῦρ.
799 1503 917 1558 Κᾶν
965 1504 1107 1574 χεὶρ,
1141 1502 1244 1557 κᾶν
1295 1503 1460 1569 ποῦς,
1493 1503 1598 1558 κᾶν
1628 1505 1661 1576 ἡ
1707 1503 1885 1576 ψυχὴ,

315 1594 549 1666 μίσησον
605 1593 794 1666 αὑτήν.
846 1594 943 1646 Ἂν
989 1594 1095 1664 γὰρ
1152 1593 1386 1649 ἐνταῦθα
1434 1594 1701 1666 ἀπόληται
1748 1595 1889 1668 ὑπὲρ

310 1684 571 1776 Χριστοῦ,
593 1686 710 1740 ἐκεῖ
734 1683 968 1758 ζωογονή
977 1703 1151 1745 σεται.

385 1857 518 1911 KE’.
553 1856 770 1930 Ταύτης
806 1858 863 1911 δὲ
905 1859 1106 1930 ὁμοίως
1158 1858 1340 1930 ἔχεται
1386 1861 1485 1931 τῆς
1535 1859 1759 1931 γνώμης
1794 1861 1888 1913 καὶ

311 1947 377 2002 τὸ
405 1947 696 2017 ἑπόμενον·
737 1967 755 2000 ι
787 1947 901 2001 Νῦν
944 1945 1110 2020 ἐν’τῷ
1143 1949 1322 2022 καιρῷ
1352 1950 1526 2021 τούτῳ
1563 1951 1766 2020 ἀγροὺς
1796 1951 1890 2004 καὶ

313 2039 574 2110 χρήματα
619 2039 712 2091 καὶ
764 2039 942 2104 οίκίας
989 2041 1083 2094 καὶ
1123 2041 1386 2111 ἀδελφοὺς
1427 2043 1500 2114 μὴ
1552 2042 1697 2114 ἔχειν
1754 2043 1891 2115 μετὰ

313 2129 591 2200 διωγμῶν.
616 2149 634 2180 ‹
676 2127 812 2183 Οῦτε
845 2131 954 2203 γὰρ
997 2133 1380 2204 ἀχρημάτους,
1423 2132 1548 2187 οὔτε
1577 2134 1887 2199 ἀνεστίους,

313 2216 444 2272 οὗτε
473 2219 801 2288 άναδέλφους
831 2222 923 2274 ἐπὶ
955 2221 1051 2293 τὴν
1075 2220 1218 2294 ζωὴν
1248 2223 1420 2288 καλεῖ,
1451 2225 1574 2278 ἐπεὶ
1605 2224 1699 2278 καὶ
1729 2223 1892 2278 πλου-

316 2310 469 2374 σίους
511 2309 803 2382 κέκληκεν·
840 2311 953 2366 ἀλλ’
998 2312 1057 2366 δν
1087 2313 1285 2385 τρόπον
1335 2315 1759 2387 προειρήκαμεν,
1798 2315 1891 2369 καὶ

317 2400 580 2470 ἀδελφοὺς
631 2404 750 2456 κατ’
793 2403 977 2470 αὐτὸν,
1023 2403 1212 2477 ῶσπερ
1245 2406 1449 2478 Πέτρον
1468 2409 1584 2478 μετ’
1622 2407 1889 2478 Ἀνδρέου,

319 2491 416 2545 καὶ
455 2492 706 2546 Ἰάκωὸον
742 2493 880 2565 μετὰ
915 2496 1159 2550 Ἰωάννου
1191 2497 1316 2561 τοὺς
1358 2498 1639 2551 Ζεϐεδαίου
1676 2498 1890 2562 παῖδας,

317 2582 438 2636 ἀλλ’
478 2583 834 2654 ὁμονοοῦντας
882 2585 1129 2658 ἀλλήλοις
1164 2605 1225 2641 τε
1282 2589 1376 2642 καὶ
1425 2587 1465 2642 Χ
1479 2589 1666 2662 ριστῶ.
1716 2591 1789 2644 T6
1836 2592 1893 2645 δὲ

325 2691 345 2723 σ
372 2672 513 2742 μετὰ
540 2672 793 2744 διωγμῶν
817 2694 836 2726 ›
873 2674 1043 2730 ταῦτα
1073 2677 1278 2731 ἕκαστα
1305 2677 1447 2748 ἔχειν
1478 2679 1890 2751 ἀποδοκιμάζει.

321 2766 572 2837 Διωγμὺς
611 2767 669 2821 δὲ
696 2769 724 2821 6
758 2767 857 2838 μέν
887 2785 971 2832 τις
1003 2769 1199 2834 ἔξωθεν
1231 2770 1602 2841 περιγίνεται,
1647 2770 1756 2824 τῶν
1798 2773 1894 2826 ἀν-

320 2850 616 2925 θρώπωνῆ
651 2854 719 2908 δι’
761 2855 977 2928 ἔχθραν,
1009 2857 1043 2928 ἢ
1088 2857 1177 2911 διά
1211 2857 1424 2926 φθόνον,
1452 2859 1484 2931 ἢ
1519 2859 1608 2913 διὰ
1647 2861 1896 2934 φιλοκέρ-

318 2945 492 3012 δειαν,
535 2945 570 3018 ἢ
616 2947 735 3001 κατ’
791 2949 1070 3020 ἐνέργειαν
1133 2949 1439 3022 διαϐολικὴν
1495 2953 1621 3016 τοὺς
1673 2955 1896 3018 πιστοὺς

319 3037 678 3092 ἐλαυνόντωνο
704 3039 734 3091 6
760 3039 816 3092 δὲ
845 3039 1224 3111 χαλεπώτατος
1253 3041 1462 3094 ἔνδοθέν
1485 3044 1599 3096 ἐστι
1637 3043 1893 3114 διωγμὸς,

1948 473 1952 513 ί
1980 493 2174 552 salutis
2202 492 2343 548 ferto
2383 488 2728 546 sententiam.
2766 473 2903 539 Etsi
2937 481 3103 535 frater
3131 478 3330 535 similia
3359 478 3550 546 loqua-

1979 597 2090 651 tur,
2119 592 2174 641 et
2194 585 2242 640 si
2271 583 2432 645 ﬁlius,
2460 590 2514 637 et
2533 580 2580 635 si
2613 592 2769 643 uxor,
2796 582 2849 631 et
2879 574 2926 628 si
2953 571 3130 643 quivis
3147 570 3308 634 alius,
3338 576 3465 623 ante
3485 573 3542 632 ὦ

1979 692 2170 734 omnes
2197 675 2448 732 Christus
2481 672 2535 726 in
2569 677 2624 726 te
2653 670 2869 734 vincat;
2897 665 3096 738 quippe
3125 663 3283 734 cujus
3315 662 3404 716 ille
3424 675 3550 733 gra-

1982 767 2056 821 tia
2088 767 2144 820 in
2179 778 2397 818 arenam
2428 758 2741 816 descendat.

2052 855 2240 912 XXIV.
2274 855 2434 909 Potes
2458 861 2510 907 et
2538 849 2782 923 pecuniis
2808 861 3100 919 opponere.
3127 843 3334 899 Dicito:
3361 860 3380 894 (
3407 840 3551 896 Sane

1985 966 2092 1006 non
2132 955 2275 1004 vetat
2320 945 2571 1002 Christus
2602 958 2670 997 ne
2704 940 3084 1012 possessiones
3132 936 3394 1000 habeam,
3440 948 3548 988 non

1985 1039 2189 1096 invidet
2219 1036 2502 1092 Dominus.
2525 1053 2543 1085 ι
2583 1031 2652 1086 At
2681 1029 2835 1085 vides
2869 1028 3084 1081 illarum
3135 1033 3189 1079 te
3232 1023 3381 1078 vinci
3425 1021 3552 1076 libi-

1985 1132 2132 1195 dine,
2169 1137 2224 1186 et
2262 1144 2292 1182 a
2325 1125 2524 1182 utentis
2571 1131 2717 1179 statu
2747 1137 2808 1177 ea
2857 1131 2910 1176 te
2954 1115 3260 1174 dimoveri?
3308 1113 3550 1178 Dimitte,

1986 1222 2213 1294 projice,
2243 1217 2368 1274 odio
2410 1216 2570 1282 habe,
2599 1210 2942 1274 abrenuntia,
2991 1207 3135 1278 fuge.
3189 1222 3208 1257 ι
3236 1203 3302 1258 Ει
3345 1203 3391 1258 si
3421 1203 3553 1256 dex-

1986 1324 2071 1370 ter
2111 1312 2304 1369 oculus
2345 1307 2680 1365 scandalizat
2729 1313 2801 1371 te,
2840 1321 2858 1355 l
2902 1316 3062 1372 quam
3113 1299 3349 1370 primum
3381 1309 3554 1350 (erue

1987 1418 2111 1460 eum
2156 1415 2204 1458 ι.
2255 1421 2275 1456 ι
2319 1399 2510 1454 Melius
2555 1403 2639 1453 est
2685 1410 2810 1450 cum
2853 1393 3090 1447 unoculo
3137 1399 3366 1460 regnum
3418 1383 3554 1450 Dei,

1988 1511 2152 1566 quam
2182 1495 2390 1563 integro
2420 1489 2582 1562 ignis.
2612 1485 2740 1543 Sive
2769 1485 2841 1541 sit
2877 1499 3094 1566 manus,
3125 1481 3243 1537 sive
3281 1492 3399 1549 pes,
3441 1475 3558 1532 sive

1989 1587 2209 1651 anima,
2262 1559 2404 1638 habe
2448 1559 2605 1636 'odio.
2657 1577 2716 1632 Si
2789 1576 2934 1633 enim
2964 1559 3077 1629 'hic
3125 1570 3333 1628 Christi
3389 1581 3559 1623 causa

1988 1679 2156 1735 etiam
2220 1682 2438 1748 pereat,
2485 1673 2670 1730 futuro
2714 1686 2828 1726 αξνο
2861 1668 2930 1723 ad
2983 1667 3149 1722 vitam
3197 1661 3559 1733 reparandam

1916 1795 1963 1855 Β
1990 1781 2266 1840 exspecta.

2056 1859 2218 1932 342
2248 1856 2415 1914 XXV.
2469 1855 2626 1911 Hunc
2679 1868 2901 1912 sensum
2940 1851 3143 1907 habent
3193 1853 3246 1901 et
3298 1859 3420 1916 qua:
3465 1857 3555 1897 se-

1988 1961 2274 2022 quuntur:
2317 1966 2335 1999 ι
2363 1946 2540 2010 Nunc,
2590 1947 2648 2000 in
2695 1953 2940 2014 tempore
2992 1941 3116 2004 hoc,
3165 1951 3348 2009 agros,
3395 1949 3561 2004 pecu-

1988 2043 2158 2107 niam,
2191 2040 2383 2096 domos
2424 2049 2478 2095 et
2510 2037 2706 2094 fratres
2737 2052 2843 2090 non
2896 2034 3097 2088 habere
3127 2045 3251 2086 cum
3300 2041 3576 2098 persecu-g

1988 2135 2230 2191 tionibus
2253 2133 2304 2188 δ.
2329 2152 2348 2186 ι
2403 2131 2589 2203 Neque
2627 2130 2772 2186 enim
2819 2132 2978 2182 vocat
3011 2124 3080 2179 ad
3127 2123 3293 2178 vitam
3326 2119 3422 2189 qui
3457 2133 3557 2190 pe-

1989 2229 2152 2284 cunia
2200 2233 2440 2288 careant,
2471 2224 2566 2295 qui
2598 2224 2717 2278 sine
2768 2225 2882 2276 lare
2916 2225 2970 2274 et
3004 2223 3170 2280 tecto,
3219 2212 3313 2282 qui
3362 2211 3562 2265 fratres

1991 2320 2172 2376 nullos
2210 2318 2478 2381 habeant,
2511 2330 2636 2370 cum
2669 2311 2948 2369 vocaverit
2978 2310 3142 2364 etiam
3173 2305 3403 2371 divites;
3442 2302 3560 2368 sed,

1993 2421 2052 2466 ut
2079 2426 2243 2481 supra
2277 2409 2538 2472 diximus,
2571 2405 2767 2461 fratres
2803 2417 3019 2474 quoque
3051 2400 3197 2455 illius
3227 2397 3404 2453 cultos
3445 2409 3563 2448 mo-

1992 2504 2166 2567 ribus,
2196 2501 2360 2558 veluti
2398 2499 2620 2556 Petrum
2647 2505 2702 2554 et
2729 2495 3024 2559 Andream,
3057 2506 3269 2547 necnon
3297 2486 3562 2542 Iacobum

1993 2603 2046 2651 et
2079 2594 2343 2650 Joannem
2387 2592 2636 2650 Zebedaei
2681 2590 2858 2656 ﬁlios;
2906 2601 3097 2642 verum
3143 2583 3282 2638 inter
3328 2596 3388 2636 se
3425 2594 3562 2635 con-

1993 2685 2188 2742 cordes
2212 2700 2266 2741 et
2293 2699 2418 2739 cum
2448 2682 2684 2739 Christo.
2714 2680 2982 2736 Caeterum
3010 2674 3224 2747 singula
3251 2671 3366 2726 haec
3399 2688 3418 2722 ι
3439 2683 3563 2726 cum

1995 2775 2512 2848 persecutionibusr
2561 2773 2764 2828 habere
2813 2785 2925 2826 non
2972 2767 3188 2840 prohat.
3243 2760 3564 2818 Persecutio

1996 2883 2125 2923 vero
2157 2867 2263 2922 alia
2308 2867 2528 2938 quidem
2573 2865 2880 2920 forinsecus
2926 2860 3187 2930 obtingit,
3229 2870 3566 2928 persequen-

1995 2960 2142 3016 tibus
2167 2959 2482 3014 hominibus
2517 2957 2704 3012 ﬁdeles
2732 2965 2784 3011 et
2808 2955 2894 3010 vel
2923 2951 3224 3008 inimicitiae
3261 2963 3452 3013 causa,
3477 2947 3563 3002 vel

1997 3051 2246 3115 invidiae,
2287 3051 2374 3105 vel
2406 3049 2582 3116 lucri,
2631 3047 2715 3103 vel
2769 3043 3120 3116 suggestione
3163 3037 3564 3097 diabolica.~At

317 3132 384 3199 ιε
408 3132 576 3239 αύτῆς
611 3133 960 3239 εκάστῳῆτῆς
988 3133 1163 3205 ψυχῆς
1195 3135 1669 3206 προπεμπόμενος,
1703 3135 1894 3207 λυμαι-

2000 3145 2323 3216 gravissima
2366 3141 2677 3214 persecutio
2707 3145 2811 3204 est,
2854 3151 2975 3208 quae
3017 3136 3191 3189 oritur
3235 3131 3565 3188 intrinsecus

319 3223 556 3296 νομένης
603 3224 706 3278 ὑπὸ
735 3223 1040 3295 ἐπιθυμιῶν
1075 3225 1250 3279 ἀθέων
1281 3225 1372 3279 καὶ
1400 3226 1602 3297 ἡδονῶν
1638 3227 1896 3280 ποικίλων

319 3318 421 3373 καὶ
453 3316 668 3387 φαύλων
701 3316 926 3371 ἐλπίδων
958 3318 1054 3372 καὶ
1082 3318 1331 3391 φθαρτῶν
1362 3319 1892 3395 ὀνειροπολημάτωνο

318 3409 456 3464 ὅταν
488 3408 574 3462 ἀεὶ
603 3408 710 3463 τῶν
744 3408 1002 3464 πλειόνων
1033 3411 1356 3483 ὀρεγομένη,
1389 3412 1484 3464 καὶ
1512 3411 1762 3465 λυσσῶσα
1793 3413 1897 3466 ὑπὸ

320 3497 536 3569 ἀγρίων
582 3497 821 3569 ἐρώτων,
855 3500 948 3554 καὶ
995 3501 1294 3574 φλεγομένη
1352 3501 1602 3575 καθάπερ
1651 3503 1897 3576 κέντροις

319 3587 359 3660 ἢ
397 3588 578 3660 μύωψι
623 3593 734 3655 τοῖς
765 3593 1144 3663 προκειμένοις
1173 3595 1307 3666 αὐτῇ
1355 3595 1602 3660 πάθεσιν,
1637 3592 1898 3667 ὲξαιμάσ-

324 3700 492 3755 σηται
522 3684 657 3755 πρὸς
691 3686 927 3751 σπουδὰς
963 3687 1250 3758 μανιώδεις
1288 3689 1383 3741 καὶ
1415 3687 1558 3759 ζωῆς
1587 3688 1897 3756 ἀπόγνωσιν

321 3777 423 3830 καὶ
455 3775 586 3829 Θεοῦ
618 3779 1038 3850 καταφρόνησιν.
1073 3773 1242 3845 Οὗτος
1269 3783 1298 3834 6
1326 3781 1562 3851 διωγμὸς
1604 3780 1898 3852 βαρύτερος

321 3868 424 3923 καὶ
453 3868 848 3942 χαλεπώτερος,
875 3870 1080 3924 ἔνδοθεν
1123 3870 1459 3943 ὁρμώμενος,
1492 3871 1578 3924 ἀεὶ
1613 3870 1804 3936 συνὼν,
1840 3871 1899 3926 ὃν

322 3959 453 4014 οὐδὲ
485 3962 740 4030 ἐκφυγεῖν
769 3963 796 4016 6
823 3962 1149 4033 διωκόμενος
1175 3962 1428 4019 δύναται·
1453 3965 1544 4018 τὸν
1569 3964 1678 4037 γὰρ
1709 3965 1899 4036 ἐχθρὸν

323 4051 389 4102 ὲν
420 4049 596 4122 ἑαυτῷ
635 4051 886 4122 περιάγει
919 4051 1210 4122 πανταχοῦ.
1250 4051 1404 4105 Οὕτω
1442 4053 1534 4107 καὶ
1569 4053 1830 4125 πύρωσις,
1865 4057 1898 4128 ἡ

327 4140 434 4215 μὲν
461 4142 657 4209 ἔξωθεν
688 4143 1102 4216 προσπίπτουσα
1129 4143 1450 4215 δοκιμασίαν
1482 4146 1897 4216 κατεργάζεται,

321 4235 363 4306 ἡ
389 4235 448 4288 δὲ
477 4233 687 4289 ἔνδοθεν
733 4235 957 4290 θάνατον
987 4234 1394 4307 διαπράττεται.
1446 4235 1556 4288 Καὶ
1590 4236 1842 4308 πόλεμος,
1872 4239 1902 4290 6

331 4326 435 4398 μὲν
465 4327 702 4391 ἐπακτὸς
743 4327 937 4400 ῥᾳδίως
990 4328 1336 4392 καταλύεται,
1368 4330 1396 4381 6
1441 4328 1496 4381 δὲ
1535 4329 1594 4382 ὲν
1637 4332 1702 4401 τῇ
1753 4329 1899 4401 ψυχῇ

332 4417 501 4490 μέχρι
532 4417 759 4472 θανάτου
798 4422 1246 4491 παραμετρεῖται.
1281 4421 1432 4474 Μετὰ
1459 4419 1696 4491 διωγμοῦ
1724 4422 1899 4476 τοιού-

1997 3253 2066 3293 ex
2110 3237 2228 3308 ipsa
2282 3234 2551 3306 cujusque
2591 3232 2801 3295 anima,
2845 3228 3137 3299 depravata
3189 3223 3373 3295 impiis
3419 3221 3568 3278 desi-

1997 3329 2168 3384 deriis
2205 3327 2482 3396 variisque
2510 3321 2905 3394 voluptatibus,
2934 3333 3147 3376 necnon
3182 3315 3430 3383 improba
3469 3328 3565 3385 spe

1998 3418 2365 3488 inanibusque
2393 3415 2710 3481 insomniis;
2743 3427 2864 3484 quae
2893 3412 3050 3484 plura
3092 3424 3305 3479 semper
3330 3405 3566 3461 habendi

1997 3511 2297 3582 cupiditate
2327 3517 2381 3565 ct
2420 3508 2609 3564 ferinis
2640 3505 2919 3563 amoribus
2948 3502 3161 3568 rabida,
3195 3507 3565 3568 aestuansque,

1999 3604 2232 3674 objectis
2277 3603 2423 3658 velut
2475 3599 2714 3658 stimulis
2762 3595 3094 3666 aculeisque,
3147 3589 3453 3653 affectibus,
3502 3601 3569 3643 ac

1998 3693 2341 3759 libidinibus,
2368 3697 2685 3748 cruentetur
2713 3687 2780 3742 ad
2812 3685 3020 3741 furiosa
3050 3681 3254 3748 studia,
3281 3679 3348 3734 ad
3381 3678 3570 3749 despe-

2000 3781 2228 3837 randam
2289 3766 2520 3836 salutem'
2581 3776 2784 3848 Deique
2846 3773 3194 3846 spretionem.
3248 3767 3568 3824 Persecutio

1998 3877 2115 3931 haec
2143 3873 2362 3946 gravior
2387 3880 2472 3928 est
2491 3881 2547 3926 et
2571 3870 2839 3935 acerbior,
2865 3883 2931 3924 ex
2960 3866 3142 3921 animo
3171 3865 3292 3936 ipso
3313 3875 3568 3934 prorum-

2000 3983 2155 4040 pens,
2202 3979 2526 4038 semperque
2559 3977 2822 4034 praesens,
2869 3975 3033 4031 quam
3073 3972 3173 4014 nec
3220 3955 3426 4014 evitare
3465 3968 3566 4023 po-

1999 4067 2108 4115 test
2152 4057 2246 4129 qui
2291 4057 2384 4112 illa
2428 4056 2748 4128 appetitur:
2784 4053 2983 4125 quippe
3005 4051 3099 4122 qui
3155 4050 3366 4105 hostem
3415 4045 3567 4102 omni
3607 4091 3612 4096 .

2000 4151 2122 4205 loco
2163 4150 2220 4204 in
2260 4164 2320 4205 se
2352 4149 2470 4220 ipse
2510 4145 2880 4203 circumferat.
2931 4142 3193 4198 Similiter
3236 4141 3400 4196 etiam
3447 4153 3569 4210 qua:

2002 4241 2343 4302 extrinsecus
2371 4239 2675 4306 adhibetur,
2709 4222 2954 4293 incensio
2991 4250 3055 4288 ac
3091 4233 3342 4298 tentatio,
3371 4231 3570 4302 proba-

2002 4329 2202 4383 tionem
2254 4335 2551 4400 Operatur;
2607 4342 2729 4398 qua:
2783 4341 2913 4382 vero
2978 4323 3310 4378 intrinsecus
3369 4321 3566 4382 oritur,

2004 4421 2233 4474 mortem
2284 4413 2512 4474 inducit.
2566 4412 2777 4467 Bellum
2827 4425 3044 4482 quoque
3093 4407 3458 4463 accidentario
3504 4422 3569 4460 ac

329 4526 426 4563 του
464 4509 692 4563 πλοῦτον
736 4510 827 4564 ἐὰν
862 4510 988 4583 ἔχῃς
1036 4511 1128 4564 τὸν
1182 4511 1454 4582 αἰσθητὸν,
1491 4511 1591 4564 κᾶν
1641 4511 1894 4580 ἀδελφοὺς

2005 4505 2152 4561 velut
2189 4521 2322 4563 casu
2355 4511 2580 4561 externo
2612 4509 2803 4575 agente
2832 4500 3144 4563 conﬂatum,
3185 4498 3343 4554 facile
3369 4497 3570 4553 dissol-

331 4603 459 4665 τοὺς
489 4602 626 4672 πρὸς
677 4602 901 4673 αἵματος
930 4604 1023 4656 καὶ
1052 4601 1117 4656 τά
1161 4601 1294 4657 ἄλλα
1341 4602 1588 4673 ἐνέχυρα,
1637 4602 1901 4660 κατάλιπε

333 4693 433 4764 τὴν
479 4692 681 4746 τούτων
742 4695 1088 4765 παγκτησίαν
1138 4693 1236 4765 τὴν
1287 4695 1380 4746 ἐπὶ
1446 4692 1618 4764 κακῷ,
1676 4695 1900 4768 εἰρήνην

340 4784 551 4855 σεαυτῷ
594 4786 919 4856 παράσχες,
955 4785 1342 4857 ἐλευθερώθητι
1385 4785 1622 4858 διωγμοῦ
1671 4771 1900 4861 μακροῦ,

340 4876 720 4949 ἀποστράφηθι
760 4877 894 4948 πρὸς
921 4879 981 4931 τὸ
1011 4879 1340 4949 Εὐαγγέλιον
1373 4879 1464 4932 ἀπ’
1501 4877 1742 4942 ἐκείνων,
1779 4877 1900 4935 ἑλοῦ

338 4968 432 5024 τὸν
472 4969 698 5042 Σωτῆρα
751 4971 856 5043 πρὸ
907 4967 1141 5039 πάντων,
1187 4972 1277 5026 τὸν
1320 4970 1420 5042 τῆς
1473 4971 1573 5042 σῆς
1609 4972 1902 5044 συνήγορον

331 5062 430 5116 καὶ
467 5061 813 5134 παράκλητον
856 5061 1061 5133 ψυχῆς,
1105 5063 1194 5116 τὸν
1235 5062 1334 5134 τῆς
1366 5062 1593 5135 ἀπείρου
1640 5062 1903 5136 πρύτανιν

335 5151 504 5223 ζωῆς.
545 5172 563 5204 ι
600 5154 680 5207 Τὰ
725 5153 833 5226 γὰρ
895 5153 1198 5225 βλεπόμενα
1251 5154 1591 5228 πρόσκαιρα·
1625 5153 1692 5207 τὰ
1723 5153 1778 5210 δὲ
1825 5152 1904 5226 μὴ

339 5245 646 5316 βλεπόμενα
675 5245 884 5300 αίώνια.
911 5265 930 5298 ι
966 5246 1076 5299 Καὶ
1114 5245 1173 5298 ὲν
1208 5244 1306 5316 μὲν
1334 5244 1410 5316 τῷ
1456 5245 1684 5317 παρόντι
1727 5247 1904 5318 χρόνῳ

336 5335 602 5409 ὠκύμορα
629 5337 724 5390 καὶ
748 5335 998 5402 ἀϐέϐαια,
1025 5338 1082 5391 ὲν
1108 5335 1184 5408 τῷ
1208 5337 1484 5408 ἐρχομένῳ
1509 5335 1568 5390 δὲ
1591 5336 1702 5407 ζωή
1755 5338 1903 5391 ἐστιν

335 5426 576 5493 αἰώνιος.

333 5519 405 5576 Et
442 5521 499 5576 in
543 5520 798 5592 praesenti
845 5521 1060 5594 quidem
1113 5527 1178 5587 ᾖ(
1219 5527 1464 5592 tempore
1506 5519 1714 5576 caduca
1773 5528 1902 5578 sunt

332 5624 424 5676 est
452 5617 588 5674 vita.
651 5657 698 5703 ά

361 5798 418 5847 v,
474 5785 560 5839 18.

2004 4598 2194 4665 vitur;
2231 4597 2378 4669 quod
2429 4602 2610 4652 autem
2661 4595 2767 4666 ipsi
2811 4595 2995 4648 animo
3028 4591 3191 4656 inest,
3237 4589 3306 4647 ad
3339 4597 3568 4644 mortem

2005 4706 2180 4763 usque
2221 4688 2553 4746 extenditur.
2583 4687 2720 4743 Cum
2753 4687 2845 4741 tali
2881 4685 3046 4756 igitur
3094 4680 3473 4754 persecutione
3519 4679 3567 4733 si

2006 4783 2255 4839 carnales
2282 4782 2502 4838 divitias
2531 4782 2756 4847 habeas,
2781 4780 2829 4836 si
2867 4778 3064 4833 fratres
3102 4773 3349 4831 carnales
3376 4779 3430 4827 et
3464 4770 3570 4824 alia

2006 4873 2263 4944 pignora;
2295 4886 2510 4927 omnem
2541 4872 2683 4925 hanc
2710 4868 3114 4949 possessionem
3143 4875 3474 4931 censumque
3512 4859 3570 4914 in

2007 4965 2212 5020 malum
2238 4964 2523 5020 cedentem
2569 4963 2839 5032 relinque,
2871 4958 2970 5015 tibi
3000 4957 3116 5028 ipse
3143 4969 3330 5025 pacem
3366 4952 3567 5024 praebe,

2007 5058 2218 5129 prolixa
2262 5057 2496 5112 liberare
2544 5055 2946 5126 persecutione,
2987 5049 3053 5103 ad
3103 5043 3455 5115 Evangelium
3503 5043 3572 5097 ab

2008 5150 2118 5206 illis
2165 5154 2514 5214 convertere,
2563 5161 2674 5220 pra:
2718 5143 2972 5200 omnibus
3019 5138 3355 5194 Salvatorem
3408 5137 3570 5207 elige,

2007 5249 2115 5296 ture
2141 5247 2429 5311 patronum
2464 5252 2529 5293 ac
2550 5237 2804 5292 solatium
2822 5233 3034 5294 animae,
3057 5227 3378 5297 nullumque
3410 5226 3572 5281 ﬁnem

2009 5332 2278 5388 habitura:
2308 5329 2654 5402 praebitorem
2683 5328 2828 5382 vitae.
2859 5343 2879 5377 ι
2919 5323 3051 5390 Quae
3095 5320 3242 5378 enim
3295 5318 3571 5381 videntur,

2006 5422 2326 5496 temporalia
2342 5429 2495 5487 sunt;
2513 5434 2635 5492 qua:
2651 5426 2832 5474 autem
2855 5432 2965 5472 nou
2982 5413 3255 5480 videntur,
3269 5419 3475 5468 aeterna
3487 5422 3532 5464 ο.
3548 5429 3568 5463 ι

1961 5521 2218 5593 nullaque
2275 5519 2533 5575 ﬁrmitate
2581 5515 2747 5583 fulta;
2787 5514 2845 5568 in
2895 5511 3079 5567 futuro
3133 5517 3315 5564 autem
3373 5512 3577 5561 aeterna

413 5638 424 5671 ι
452 5638 588 5674 vna.

413 5710 573 5798 ἥκῃ.
614 5657 722 5788 οἷο
759 5710 866 5770 ED.
906 5711 1201 5771 POTTER.
1277 5716 1335 5777 ᾖ
1376 5709 1438 5768 r.
1480 5638 1584 5798 aio
1617 5710 1726 5769 ED.
1769 5711 1894 5772 PO'l

1994 5710 2068 5770 LR.
2144 5723 2170 5754 ι
2205 5709 2395 5770 Matth.
2424 5725 2479 5777 ν,
2512 5706 2604 5765 29.
2712 5707 2740 5748 ι)
2780 5698 3208 5782 Μοισοχιιμὸο.
3305 5705 3327 5733 ε
3371 5689 3417 5745 ιι
3454 5692 3578 5748 Cor.
