4016 6308
537 263 648 338 σει

1695 263 2086 338 CLEMENTIS
2118 279 2574 337 suamnam:

3668 287 3758 345 632

605 399 796 458 XXVI.
837 421 856 454 ι
886 401 1060 457 Erunt
1106 401 1267 473 primi
1301 402 1619 466 novissimi,
1674 412 1728 458 et
1780 403 2100 470 novissimi,

2272 407 2413 472 KQ".
2439 425 2456 456 ι
2492 406 2739 458 Ἔσονται
2763 407 2810 459 οἱ
2841 404 3042 478 πρῶτοι
3074 403 3326 477 ἔσχατοι,
3362 406 3462 458 καὶ
3489 406 3541 457 οἱ
3570 405 3756 477 ἔσχατοι

534 497 696 570 primi
720 507 769 548 ⁸.
797 515 814 547 ›
856 494 1019 549 Multa
1050 494 1138 548 hic
1171 495 1324 548 locus
1362 493 1523 548 habet
1554 493 1938 550 rcconditioris
1969 509 2094 549 sen-

538 603 656 654 sus,
686 594 740 642 et
769 602 888 657 qua:
914 594 1104 657 egeant
1135 585 1525 655 explicatione;
1562 601 1668 638 non
1697 594 1874 639 tamen
1908 584 1974 640 de
2006 585 2097 640 Illo

540 678 1008 749 inprazsentiarum
1035 677 1261 731 vertitur
1282 676 1528 746 quaestio.
1550 673 1669 730 Non
1695 675 1838 730 enim
1864 676 1931 730 ad
1951 676 2098 732 solos

539 767 735 823 divites
782 773 1010 836 spectat,
1042 766 1138 821 sed
1185 765 1253 820 ad
1286 781 1478 821 omnes
1518 766 1676 837 plane
1723 766 1969 823 homines
2006 768 2098 838 qui

538 858 663 916 ﬁdei
703 857 871 913 semel
905 873 1105 912 nomen
1157 856 1376 914 dedere.
1406 859 1596 927 Itaque
1634 857 1760 912 huic
1802 858 1961 912 modo
2007 874 2101 913 su-

538 951 924 1021 persedeamus
970 949 1236 1018 quasito:
1271 950 1416 1020 quod
1447 959 1626 1004 autem
1673 948 1973 1018 subjectum
2015 963 2102 1002 ar-

539 1051 798 1115 gumento
825 1049 910 1097 est
944 1041 1017 1095 ita
1050 1042 1484 1095 demonstratum
1536 1041 1792 1106 arbitror,
1837 1049 1895 1094 ut
1942 1041 2104 1095 satis-

543 1135 745 1188 factum
795 1134 866 1190 sit
912 1133 1053 1187 data:
1103 1132 1265 1200 ﬁdei;
1317 1131 1462 1203 quod
1510 1147 1704 1202 nempe
1739 1130 1985 1186 Salvator
2035 1131 2104 1186 ad

540 1227 689 1296 ipsas
717 1225 936 1280 divitias
964 1225 1108 1295 quod
1139 1225 1332 1280 attinet
1361 1226 1624 1295 longeque
1663 1225 1939 1295 copiosam
1974 1224 2104 1279 sub-

541 1315 821 1380 stantiam,
850 1315 1043 1368 divites
1076 1315 1226 1368 nullo
1260 1312 1419 1368 modo
1450 1315 1747 1369 excluserit
1775 1321 1868 1368 aut
1904 1313 1985 1368 eis
2018 1329 2106 1368 sa-

541 1407 708 1461 lutem
751 1407 1138 1470 intercluserit,
1171 1405 1216 1462 si
1247 1405 1409 1461 modo
1455 1407 1666 1475 possint
1701 1420 1765 1460 ac
1800 1407 1968 1460 velint
2018 1405 2105 1460 di-

545 1497 686 1553 vinis
733 1498 993 1552 inclinare
1044 1496 1348 1562 mandatis,
1401 1497 1673 1566 vitamque
1733 1503 1885 1554 suam
1944 1497 2106 1554 rebus

545 1590 911 1658 temporaneis
946 1589 1258 1658 praeferant,
1291 1602 1501 1642 necnon
1551 1587 1673 1642 ﬁxis
1715 1587 1771 1641 in
1819 1587 2107 1642 Dominum

544 1679 860 1743 luminibus,
890 1679 1010 1748 ejus
1045 1687 1103 1734 ut
1134 1679 1260 1733 boni
1293 1678 1677 1750 gubernatoris
1711 1686 1904 1732 nutum
1952 1677 2107 1732 avida

544 1772 954 1841 exspectatione
1003 1770 1316 1834 attendant,
1361 1769 1490 1839 quid
1539 1769 1687 1832 velit,
1719 1769 1849 1840 quid
1891 1769 2106 1839 jubcatn

545 1863 672 1933 quid
707 1863 943 1928 mandet,
970 1878 1132 1932 quam
1166 1863 1283 1917 suis
1317 1863 1498 1916 nautis
1527 1861 1620 1916 dat
1655 1871 1960 1928 tesseram;
2002 1878 2111 1932 quo

545 1953 762 2007 tandem
791 1959 845 2007 et
875 1953 1016 2008 unde
1041 1969 1260 2007 cursum
1293 1951 1652 2021 navigationis
1682 1951 1940 2007 intendat.
1968 1950 2113 2017 Quid

545 2044 689 2099 enim
737 2054 926 2112 peccat
973 2045 1176 2114 aliquis
1229 2051 1322 2097 aut
1371 2049 1567 2107 nocet,
1607 2041 1752 2112 quod
1791 2050 1915 2098 ante
1954 2043 2114 2099 ﬁdem

547 2143 856 2206 susceptam
893 2135 1133 2189 animum
1173 2135 1437 2190 adhibens
1466 2149 1706 2206 ususque
1747 2135 2110 2205 parcimonia,

544 2235 762 2297 quanta:
789 2226 1058 2281 sufﬁciant
1093 2227 1159 2280 ad
1189 2226 1476 2281 honestam
1507 2226 1634 2280 vita:
1664 2226 2113 2282 sustentationem

545 2318 654 2377 sibi
688 2317 975 2374 facultates
1023 2319 1272 2389 paravit?
1325 2329 1451 2385 aut,
1500 2317 1647 2389 quod
1685 2317 1846 2373 etiam
1883 2331 1914 2372 a
1957 2317 2114 2388 culpa

547 2409 810 2465 remotius
839 2417 942 2475 est,
973 2410 1018 2465 si
1051 2410 1234 2464 statim
1265 2425 1295 2464 a
1324 2407 1433 2466 Deo
1463 2410 1735 2481 praebente
1766 2411 2028 2476 animam,
2058 2411 2115 2466 in

547 2500 769 2555 domum
801 2501 1069 2569 ejusmodi
1097 2502 1376 2555 hominum
1407 2516 1687 2572 genusque
1715 2502 1996 2572 c0piosum
2032 2502 2116 2556 in-

549 2589 745 2646 ductus
770 2601 872 2656 est,
917 2598 1112 2660 potens
1151 2592 1358 2647 scilicet
1400 2591 1630 2661 pecunia
1659 2599 1714 2647 et
1740 2592 1950 2647 divitiis
1976 2606 2115 2662 prae—

549 2685 737 2739 stans?
765 2682 822 2738 Si
861 2684 1006 2739 enim
1059 2683 1266 2753 ejectus
1309 2686 1414 2739 vita
1448 2693 1552 2749 est,
1591 2684 1733 2758 quod
1769 2699 1876 2738 non
1925 2691 2116 2755 sponte

550 2789 646 2831 sua
694 2774 835 2830 inter
879 2775 1096 2830 divitias
1131 2783 1292 2830 natus
1324 2783 1434 2839 est,
1462 2759 1719 2845 injuriam
1752 2785 1904 2831 certe
1944 2790 1974 2828 a
2006 2773 2117 2829 Deo

551 2865 807 2922 Creatorc
853 2866 1075 2936 patitur,
1120 2867 1450 2936 temporaria
1492 2865 1710 2937 quidem
1756 2866 2117 2937 prosperitate

551 2958 808 3022 donatus,
835 2957 940 3011 vita
969 2964 1148 3011 autem
1171 2965 1370 3011 aeterna
1401 2957 1667 3028 privatus.
1693 2957 1965 3022 Quorsum
1990 2973 2117 3012 vero

554 3064 780 3120 prorsus
823 3063 960 3118 opus
1007 3057 1122 3103 erat
1168 3064 1298 3119 opes
1332 3065 1361 3104 e
1392 3060 1536 3104 terra
1569 3050 1853 3120 pullulare,
1887 3049 1934 3105 si
1965 3064 2141 3109 mor-.

2199 496 2424 568 πρῶτοι.
2452 516 2469 547 ι
2507 496 2674 550 Τοῦτο
2708 497 2969 568 πολύχουν
3015 497 3112 569 μέν
3145 499 3271 551 ἐστι
3319 496 3471 551 κατά
3523 497 3615 567 τὴν
3643 499 3756 554 ὑπό.

2201 605 2348 643 νοιαν
2380 589 2474 642 καὶ
2501 589 2591 641 τὸν
2627 589 2890 660 σοφισμὸν
2935 589 3068 661 (9.8),
3098 591 3156 642 οὑ
3197 588 3316 660 μὴν
3351 587 3414 641 ἕν
3448 605 3514 657 γε
3542 589 3616 659 τῷ
3643 608 3759 662 παρ-

2199 679 2310 732 όντι
2356 677 2453 750 τὴν
2498 677 2721 750 ζήτησιν
2751 678 2986 731 ἀπαιτεῖ.
3005 679 3078 732 Οὑ
3108 679 3219 750 γάρ
3262 678 3435 748 μόνον
3468 679 3618 748 ῥέπει
3646 682 3757 752 πρὸς

2201 770 2326 832 τοὺς
2371 767 2797 839 πολυκτήμονας,
2831 767 2941 821 ἀλλ’
2984 767 3166 831 ἁπλῶς
3199 768 3354 838 πρὸς
3411 767 3654 832 ἅπαντας
3681 773 3758 823 ἁν-

2204 857 2482 930 Θρώπους,
2509 859 2632 922 τοὺς
2667 859 2848 912 πίστει
2879 857 3131 924 καθάπαξ
3156 859 3404 923 ἑαυτοὺς
3434 859 3757 926 ἐπιδιδόντας.

2205 951 2366 1004 Ὥστε
2398 949 2555 1004 τοῦτο
2591 951 2688 1021 μὲν
2726 951 3030 1005 ἀνακείσθω
3067 950 3132 1005 τά
3176 948 3283 1004 νῦν
3306 968 3321 980 ο
3361 951 3427 1004 τὸ
3455 951 3513 1004 δέ
3543 969 3604 1019 γε
3651 971 3762 1024 προ-

2203 1042 2452 1112 κείμενον
2481 1044 2613 1113 ἡμῖν
2645 1039 2794 1115 οἶμαι
2830 1044 2994 1115 μηδέν
3023 1062 3075 1098 τι
3105 1043 3471 1117 ἐνδεέστερον
3501 1044 3596 1115 τῆς
3617 1045 3761 1115 ἐπαγ-

2202 1132 2388 1202 γελίας
2425 1133 2708 1204 δεδεῖχθαι,
2743 1135 2823 1188 ὃτι
2859 1136 2983 1198 τοὺς
3025 1134 3322 1198 πλουσίους
3370 1134 3564 1188 οὑδένα
3590 1133 3759 1206 τρόπον

2203 1225 2231 1277 ό
2262 1225 2452 1297 Σωτὴρ
2490 1228 2606 1278 κατ’
2638 1225 2797 1280 αὑτόν
2847 1241 2911 1295 γε
2954 1226 3046 1280 τὸν
3093 1225 3337 1280 πλοῦτον
3371 1227 3468 1279 καὶ
3497 1225 3593 1296 τὴν
3629 1243 3757 1296 περιρ

2205 1314 2364 1386 ϐολὴν
2404 1316 2502 1386 τῆς
2549 1317 2793 1388 κτήσεως
2835 1316 3251 1382 ἀποκέκλεικεν,
3301 1316 3418 1370 οὐδ’
3449 1314 3629 1381 αὑτοῖς
3654 1317 3764 1372 ἀπο-

2205 1405 2536 1476 τετάφρευκε
2565 1405 2661 1477 τὴν
2701 1407 2995 1479 σωτηρίαν,
3035 1407 3088 1460 εῖ
3124 1425 3188 1476 γε
3225 1407 3491 1461 δύναιντο
3533 1410 3620 1462 καὶ
3660 1406 3759 1479 βού-

2205 1496 2377 1549 λοιντο
2425 1496 2754 1551 ὑποκύπτειν
2776 1497 2871 1569 τὴν
2903 1498 3108 1552 ἑαυτῶν
3159 1498 3338 1570 ζωὴν,
3373 1497 3472 1551 τοῦ
3517 1498 3642 1552 Θεοῦ
3667 1502 3759 1564 ταῖς

2207 1585 2470 1652 ἐντολαῖς,
2503 1587 2597 1640 καὶ
2627 1585 2731 1640 τῶν
2762 1588 3108 1660 προσκαίρων
3157 1587 3489 1660 προτιμῷεν
3549 1587 3634 1642 καὶ
3661 1589 3757 1660 βλέ-

2209 1690 2360 1726 ποιεν
2407 1674 2542 1745 πρὸς
2596 1675 2685 1728 τὸν
2734 1675 2935 1748 Κύριον
2980 1678 3161 1732 ἀτενεῖ
3210 1678 3297 1750 τῷ
3342 1675 3640 1750 βλέμματι,
3676 1697 3757 1733 κα-

2140 1789 2182 1844 B
2211 1764 2384 1837 θάπερ
2413 1767 2493 1830 είς
2530 1766 2731 1836 ἀγαθοῦ
2774 1769 3104 1842 κυϐερνήτου
3143 1771 3337 1842 νεῦμα
3372 1772 3693 1843 δεδορκότες,
3717 1772 3758 1825 τί

2215 1853 2480 1924 βούλεται,
2506 1856 2559 1909 τί
2590 1859 2936 1928 προστάσσει,
2969 1859 3022 1914 τί
3058 1862 3349 1931 σημαίνει,
3381 1863 3436 1914 τί
3467 1863 3637 1915 δίδωσι
3669 1864 3756 1926 τοῖς

2211 1945 2375 2000 αὑτοῦ
2400 1946 2620 2013 ναύταις
2649 1947 2710 2002 τὸ
2739 1949 3008 2022 σύνθημα,
3039 1949 3142 2004 ποῦ
3175 1953 3281 2006 καὶ
3311 1940 3479 2005 πόθεν
3515 1950 3600 2005 τὸν
3624 1952 3758 2022 ὅρμον

2213 2038 2624 2109 ἐπαγγέλλεται.
2655 2041 2720 2095 Τί
2771 2041 2879 2112 γάρ
2911 2041 3085 2096 ἀδικεῖ
3135 2060 3246 2107 τις,
3277 2043 3331 2096 εἰ
3381 2042 3652 2114 προσέχων
3680 2040 3754 2110 τὴν

2211 2129 2455 2202 γνώμην,
2485 2130 2578 2183 xui.
2607 2130 2917 2203 φειδόμενος
2950 2132 3054 2206 πρὸ
3084 2133 3184 2205 τῆς
3215 2133 3496 2196 πίστεως,
3533 2133 3637 2203 βίον
3663 2131 3755 2184 lxa-

2212 2220 2302 2274 νὸν
2333 2221 2677 2290 συνελέξατο;
2710 2223 2743 2294 ἢ
2776 2224 2869 2277 καὶ
2893 2224 2954 2278 τὸ
2979 2225 3170 2278 τούτου
3208 2223 3418 2295 μᾶλλον
3445 2223 3752 2294 ἀνέγκλητον,

2214 2314 2261 2365 εἰ
2297 2312 2458 2377 εὐθὺς
2502 2313 2605 2367 ὑπὸ
2649 2313 2744 2367 τοῦ
2792 2314 2926 2369 Θεοῦ
2987 2315 3086 2387 τὴν
3142 2315 3332 2387 ψυχὴν
3379 2315 3625 2387 νέμοντος
3640 2352 3654 2376 ν
3693 2314 3754 2376 εις

2213 2399 2356 2458 οἶκον
2405 2405 2658 2459 τοιούτων
2706 2405 3004 2478 ἀνθρώπων
3054 2406 3366 2479 είσῳκίσθη
3419 2407 3570 2476 γένος
3611 2406 3740 2476 ἀμφι·

2213 2495 2406 2564 λαφὲς,
2454 2499 2565 2561 τοῖς
2597 2498 2869 2568 χρήμασιν
2905 2497 3084 2570 ίσχύον
3115 2501 3215 2553 κα)⁹
3261 2499 3346 2570 τῷ
3396 2498 3602 2568 πλούτῳ
3644 2513 3750 2568 κρα-

2213 2587 2364 2653 τοῦν;
2400 2588 2462 2640 Εί
2507 2586 2613 2660 γὰρ
2645 2587 2732 2643 διά
2776 2588 2873 2661 τὴν
2918 2589 3175 2644 ἀκούσιον
3227 2593 3291 2644 ὲν
3332 2590 3544 2660 πλούτῳ
3581 2587 3750 2657 γένεσιν

2215 2677 2518 2746 ἀπελήλατο
2569 2677 2745 2749 ζωῆς,
2787 2679 3053 2734 ἀδικεῖται
3090 2681 3298 2752 μᾶλλον
3332 2681 3439 2735 ὑπὸ
3487 2679 3575 2732 τοῦ
3615 2693 3752 2747 rem-

2220 2767 2379 2839 μένου
2424 2766 2581 2830 Θεοῦ,
2617 2768 2949 2840 προσκαίρου
2995 2769 3091 2841 μὲν
3137 2771 3483 2842 ἡδυπαθείας
3530 2764 3749 2837 κατηξιω-

2221 2861 2410 2930 μένος,
2450 2859 2622 2912 ἀϊδίου
2664 2855 2722 2912 δὲ
2763 2859 2908 2931 ζωῆς
2946 2861 3421 2933 ἀπεστερημένος.
3453 2862 3516 2915 Τί
3557 2861 3607 2913 δὲ
3644 2858 3747 2918 ὅλως

2216 2950 2442 3005 πλοῦτον
2488 2951 2654 3024 ἐχρῆν
2686 2951 2750 3005 ὲκ
2797 2951 2903 3022 γῆς
2949 2953 3231 3008 ἀνατεῖλαί
3281 2971 3436 3017 ποτε,
3457 2955 3518 3023 ,εἰ
3556 2950 3747 3022 χορηγὸς

2219 3041 2313 3094 καὶ
2345 3040 2599 3112 πρόξενος
2629 3042 2744 3094 ἐστι
2779 3039 3036 3108 θανάτου;
3085 3043 3228 3097 Ἀλλ’
3264 3047 3314 3098 εί
3343 3043 3555 3097 δύναταί
3591 3058 3661 3104 τις
3683 3041 3746 3092 ὲν-

554 3151 660 3196 tem
697 3141 996 3211 important
1033 3140 1260 3211 ejusque
1295 3149 1548 3196 anctores
1581 3141 1886 3197 exsistunt?
1915 3140 1971 3195 Si
1997 3142 2116 3211 quis

2221 3130 2420 3203 δοτέρω
2449 3131 2555 3184 τῶν
2589 3133 2937 3207 ὑπαρχόντων
2962 3134 3237 3206 κάμπτειν
3272 3135 3372 3207 τῆς
3404 3133 3648 3202 ἐξουσίας,
3675 3129 3743 3183 καὶ

553 3243 759 3298 tamen,
789 3232 988 3302 quibus
1015 3231 1184 3288 fultus
1215 3233 1422 3288 divitiis
1451 3241 1554 3297 est,
1583 3233 1650 3288 de
1691 3233 1932 3304 potentia
1965 3234 2124 3289 dece-

551 3325 684 3380 dere
729 3325 1080 3394 ani‘mumque
1130 3323 1346 3380 flectere
1394 3332 1609 3394 potest;
1663 3334 1719 3378 et
1762 3323 2004 3381 modeste
2038 3339 2126 3380 sa-

554 3433 685 3488 pere
718 3427 880 3488 atque
904 3417 1130 3472 sobrius
1161 3433 1308 3484 esse,
1349 3417 1627 3488 Deumque
1668 3427 1834 3471 unum
1885 3433 2126 3488 qumrere

554 3525 618 3565 ac
660 3509 829 3566 Deum
883 3511 1176 3578 anhelare,
1221 3520 1276 3565 et
1327 3526 1450 3564 cum
1503 3510 1613 3565 Deo
1660 3511 2125 3565 conversationem

554 3601 755 3657 habere
781 3622 792 3656 :
821 3600 910 3656 hic
937 3617 1142 3672 pauper
1170 3612 1364 3673 praesto
1395 3602 1668 3658 mandatis
1707 3609 1822 3667 est,
1862 3602 2018 3667 liber,
2050 3602 2128 3655 in-

553 3693 752 3758 victus,
800 3693 948 3748 nulla
1001 3693 1255 3749 laborans
1313 3694 1664 3765 aegritudine,
1720 3693 1870 3748 nullo
1915 3708 1981 3748 ex
2032 3707 2129 3762 pc-

520 3824 521 3827 η
555 3784 732 3840 cuni’is
759 3785 1004 3841 vulnere.
1059 3783 1154 3839 Sin
1200 3788 1401 3849 minus,
1440 3809 1458 3837 ι
1490 3784 1704 3840 facilius
1742 3783 1984 3838 camelus
2033 3799 2129 3854 per

558 3891 714 3932 acum
745 3878 1101 3948 ingredietur,
1132 3893 1294 3945 quam
1339 3878 1490 3932 dives
1520 3875 1788 3947 ejusmodi
1819 3875 2044 3930 intrabit
2072 3876 2129 3930 in

557 3983 784 4038 regnum
812 3970 1072 4025 cmlorum
1096 3969 1144 4022 ιι.
1189 3989 1207 4022 ι
1261 3968 1433 4023 Porro
1461 3969 1623 4024 etiam
1654 3968 1818 4022 altius
1849 3967 2128 4039 quidpiam

559 4060 822 4132 signiﬁcet
875 4062 1138 4127 camelos,
1183 4077 1280 4133 per
1325 4068 1530 4114 arctam
1589 4073 1654 4112 ac
1709 4066 2129 4129 coangustatam

557 4152 701 4207 viam
745 4163 1087 4212 antevertens
1139 4151 1566 4222 divitem;quod
1601 4151 1898 4207 Salvatoris
1925 4160 2130 4223 myste-

558 4243 699 4300 rium
749 4247 806 4302 in
872 4246 1226 4318 Expositione
1277 4243 1668 4316 principiorum
1735 4252 1788 4296 et
1850 4243 2130 4314 theologia?

556 4338 874 4395 condiscere
898 4339 1044 4394 licet.

627 4428 838 4484 XXVII.
871 4429 1071 4485 Verum
1105 4438 1441 4495 exponamus
1483 4423 1718 4493 primum
1763 4425 1831 4480 dc
1876 4424 2130 4495 parabola

559 4521 704 4591 quod
738 4521 886 4576 illius
921 4519 1278 4588 conspicuum
1306 4523 1420 4578 est,
1467 4523 1521 4569 et
1565 4515 1725 4584 cujus
1754 4517 1927 4587 gratia
1985 4517 2129 4571 dicta

559 4611 684 4666 fuit.
712 4611 914 4667 Doceat
945 4609 1245 4677 locupletes
1273 4605 1419 4658 haud
1451 4607 1828 4678 negligendam
1872 4608 2124 4675 salutem,

560 4701 719 4774 quasi
762 4702 882 4772 ejus
923 4699 1034 4769 jam
1081 4712 1207 4767 spes
1246 4695 1424 4750 omnis
1470 4695 1578 4752 illis
1627 4697 1842 4752 sublata
1877 4699 1984 4765 sit;
2030 4714 2129 4755 nec

563 4810 692 4850 vero
741 4808 935 4848 rursus
980 4805 1110 4858 opes
1159 4789 1351 4858 pelago
1399 4791 1722 4860 mergendas
1766 4801 1860 4846 aut
1920 4792 2125 4863 impro-

564 4885 793 4950 bandas,
839 4880 996 4952 quasi
1038 4883 1096 4941 iis
1128 4879 1252 4931 vitaz
1280 4877 1600 4936 insidiantes
1626 4889 1680 4937 et
1709 4882 1959 4940 inimicas
1988 4902 2000 4938 :
2033 4885 2129 4941 sed

561 4975 910 5037 discendum,
936 4967 1209 5040 quomodo
1241 4985 1417 5041 quave
1453 4973 1665 5031 ratione
1702 4974 1810 5030 illis
1838 4975 2121 5042 utendum,

562 5076 617 5122 et
649 5074 709 5120 ut
743 5064 854 5117 vita
901 5059 1264 5131 comparando
1297 5062 1385 5118 sit.
1417 5063 1551 5120 Nam
1586 5067 1712 5139 quia
1749 5084 1860 5124 non
1901 5069 2126 5124 omnino

565 5157 706 5228 perit
736 5155 882 5223 quis,
910 5151 1109 5208 timens
1132 5153 1256 5224 quia
1282 5154 1431 5213 dives
1451 5158 1541 5225 sit,
1562 5173 1667 5216 nec
1696 5162 1919 5216 omnino
1943 5161 2126 5218 salvus

564 5257 669 5313 est,
694 5259 758 5301 ea
787 5242 986 5299 fiducia
1015 5259 1082 5300 ac
1113 5263 1227 5320 spe,
1255 5264 1359 5322 qua
1386 5265 1445 5306 se
1473 5253 1680 5310 salvum
1713 5251 1828 5309 fore
1862 5252 2086 5308 conﬁdit
2113 5272 2130 5306 -.

2225 3221 2416 3293 μέτρια
2449 3224 2682 3294 φρονεῖν,
2715 3223 2808 3278 καὶ
2849 3229 3163 3297 σωφρονεῖν,
3212 3228 3313 3281 καὶ
3351 3227 3480 3279 Θεὸν
3512 3224 3650 3296 μόνον
3673 3220 3744 3290 ζη-

2221 3312 2352 3381 τεῖν,
2386 3315 2478 3368 καὶ
2512 3314 2644 3368 Θεὸν
2678 3316 2956 3382 ἀναπνεῖν,
2988 3317 3081 3372 καὶ
3118 3317 3242 3390 Θεῷ
3286 3312 3740 3389 συμπολιτεύεσθαι,

2224 3407 2434 3476 πτωχὸς
2463 3399 2618 3471 οὗτος
2649 3408 2958 3480 παρέστηκε
3003 3413 3124 3473 ταῖς
3173 3409 3452 3474 ἐντολαῖς,
3491 3405 3738 3474 ἐλεύθερος,

2224 3498 2506 3569 ἀήττητος,
2532 3498 2739 3566 ἄνοσος,
2766 3501 3005 3573 ἄτρωτος
3035 3501 3139 3554 ὑπὸ
3165 3519 3278 3575 χρη
3287 3502 3490 3573 μάτων.
3515 3498 3573 3550 Εἰ
3598 3496 3645 3548 δὲ
3666 3492 3740 3564 μὴ»

2230 3610 2248 3642 ι
2282 3589 2471 3643 θᾶττον
2495 3591 2737 3663 κάμηλος
2765 3591 3100 3665 διὰ,βελὸνης
3137 3592 3529 3654 εἰσελεύσεται,
3553 3588 3584 3659 ἢ
3609 3589 3633 3640 ό
3655 3601 3739 3638 τοι·

2225 3680 2380 3745 οῦτος
2417 3680 2667 3745 πλούσιος
2722 3683 2814 3736 ἐπὶ
2844 3684 2943 3756 τὴν
2982 3682 3259 3754 βασιλείαν
3306 3683 3400 3736 τοῦ
3445 3679 3569 3734 Θεοῦ
3606 3691 3740 3747 παρε-

2226 3769 2494 3824 λεύσεται.
2527 3787 2546 3821 ›
2593 3770 2909 3841 Σημαινέτω
2961 3771 3056 3842 μὲν
3103 3767 3197 3824 οὖν
3231 3789 3283 3825 τι
3323 3769 3418 3822 καλ⁸
3464 3762 3737 3836 ὑψηλότερον

2228 3861 2563 3933 ἡκάμηλος,
2607 3860 2694 3915 διά
2734 3863 2923 3934 στενῆς
2953 3851 3071 3915 ὁδοῦ
3114 3862 3211 3916 καὶ
3254 3859 3597 3931 τεθλιμμένης
3637 3848 3738 3920 φθά-

2229 3969 2392 4006 νουσα
2418 3953 2508 4007 τὸν
2538 3952 2808 4019 πλούσιον,
2841 3954 2975 4026 ὅπερ
3002 3955 3060 4006 ὲν
3095 3955 3162 4026 τῇ
3203 3952 3386 4025 ἀρχῶν
3411 3949 3516 4018 (29)
3543 3943 3624 3998 καὶ
3647 3939 3735 3992 θεο-

2228 4043 2415 4113 λογίας
2462 4043 2717 4117 ὲξηγὴοιη
2769 4046 3064 4119 μυστήριον
3114 4044 3212 4099 τοῦ
3261 4043 3505 4116 Σωτῆρος
3549 4033 3735 4105 ὑπάρχει

2233 4138 2440 4210 μαθεῖν.

2303 4423 2426 4476 ΚΖ’.
2455 4421 2528 4475 Ού
2557 4422 2662 4496 μὴν
2697 4421 2832 4476 ἀλλά
2870 4421 2930 4475 τό
2956 4439 3018 4490 γε
3057 4422 3376 4493 φαινόμενον
3416 4411 3624 4486 πρῶτον»
3659 4399 3730 4458 καὶ

2230 4512 2295 4565 δι’
2331 4513 2360 4565 ὃ
2405 4512 2682 4579 λέλεκται,
2725 4513 2824 4586 τῆς
2878 4513 3194 4586 παραδολῆς
3241 4507 3561 4585 παρεχέσθω.
3604 4498 3726 4553 Διδα-

2233 4605 2407 4659 σκέτω
2429 4607 2554 4669 τοὺς
2586 4604 2946 4678 εὐποροῦντας
2968 4606 3042 4671 ὡς
3076 4608 3176 4660 οὑκ
3213 4602 3499 4678 ἀμελητέον
3525 4595 3613 4664 τῆς
3631 4593 3727 4644 Em"

2227 4697 2336 4751 τῶν
2367 4697 2654 4770 σωτηρίας,
2681 4698 2755 4762 ὡς
2779 4697 2880 4768 1ἤδη
2907 4694 3494 4769 προκατεγνωσμένους,
3517 4684 3620 4746 οὑδὲ
3652 4695 3726 4732 κα-

2229 4790 2606 4845 ταποντιστέον
2636 4789 2745 4862 (50)
2778 4787 2844 4844 αὖ
2880 4791 3040 4848 πάλιν
3069 4790 3159 4844 τὸν
3190 4789 3433 4852 πλοῦτον,
3461 4782 3570 4836 οὔτε
3595 4789 3725 4830 κατα-

2228 4880 2506 4935 δικαστέον
2552 4881 2626 4945 ὡς
2677 4881 2775 4952 τῆς
2812 4881 2956 4953 ζωῆς
3009 4881 3291 4935 ἐπίϐουλον
3339 4879 3425 4933 καὶ
3485 4869 3719 4938 πολέμιον·

2226 4972 2361 5027 ἀλλά
2405 4971 2672 5044 μαθητέον
2724 4972 2843 5032 τίνα
2874 4973 3070 5044 τρόπον
3106 4973 3197 5028 καὶ
3249 4972 3360 5035 πῶς
3406 4963 3594 5030 πλούτῳ
3617 4968 3716 5026 χρηο

2227 5063 2398 5131 στέον,
2425 5067 2517 5118 καὶ
2557 5065 2653 5137 τὴν
2684 5065 2826 5140 ζωὴν
2862 5066 3105 5140 κτητέον.
3151 5063 3360 5136 Ἐπειδὴ
3411 5059 3508 5129 γὰρ
3550 5051 3649 5105 οὔτε
3672 5045 3720 5140 ἐκ

2227 5156 2425 5220 παντὸς
2469 5136 2758 5212 ἀπόλλυταί
2786 5136 2911 5225 «τις,
2951 5136 3032 5214 ότι
3065 5160 3283 5214 πλουτεῖ
3310 5151 3500 5215 δεδιὼς,
3536 5141 3637 5199 οὔτε
3669 5136 3718 5186 ἐκ

2228 5248 2426 5313 παντὸς
2481 5247 2710 5316 σώζεται
2755 5250 2974 5327 θαρρῶν
3005 5254 3099 5309 καὶ
3129 5249 3391 5308 πιστεύων
3427 5243 3499 5307 ὡς
3525 5231 3716 5326 σωθήσεέ

675 5410 734 5469 »Β
774 5402 835 5460 Ρ.
877 5331 973 5491 9f!
1021 5405 1128 5463 ΕΙ).
1173 5406 1468 5466 POTTER.
1579 5422 1606 5452 α
1646 5407 1812 5465 Marc.
1846 5425 1898 5475 x,
1927 5408 2017 5464 51.
2097 5409 2122 5450 δ
2161 5404 2295 5463 Ibid.
2326 5404 2417 5461 25.

608 5561 1099 5644 ,,(98),Σρφισμόν.
1127 5565 1234 5623 Seu
1259 5565 1617 5638 σαφηνισμόν,
1646 5584 1666 5618 ι
1684 5564 2122 5636 explicationem,

565 5631 1028 5691 dilucidationem.
1054 5655 1072 5689 ι

636 5703 744 5774 (29)
780 5705 885 5759 Καὶ
914 5709 1069 5761 θεολ,
1093 5705 1269 5779 Hujus
1297 5705 1419 5764 libri
1448 5706 1650 5763 mentio
1672 5703 1900 5762 habetur
1926 5703 2123 5760 Strom.

2230 5579 2271 5629 ι,
2297 5562 2348 5617 5.
2384 5561 2545 5617 Εειι..
3486 5621 3497 5633 ο
3631 5607 3641 5622 .

2301 5633 2431 5706 (50),
2460 5637 2992 5706 Καταποντιστέον.
3042 5635 3279 5706 Respicit
3316 5607 3704 5706 Cratetisgdllhllo'

2237 5693 2724 5776 sophi'historiam,
2756 5720 2916 5779 quam
2945 5705 3065 5764 vide
3095 5693 3398 5777 in'Diogenc
3421 5693 3617 5750 Laertia.
