4016 6308
231 348 350 404 6'53

1333 347 1538 404 LIBER
1580 347 1743 416 QUIS
1783 349 1986 405 DIVES
2027 347 2414 406 SALVETUR.

3381 352 3486 408 635

230 480 372 518 ται*
422 461 556 538 φέρε
603 466 864 521 σκεπτέον
906 466 973 538 ἧν
1007 484 1128 522 τινα
1166 484 1266 540 την
1321 468 1512 524 ἐλπίδα
1565 471 1748 534 αὐτοῖς
1787 473 1815 524 6

1923 487 2014 544 age
2057 473 2488 536 consideremus,
2523 487 2684 544 quam
2723 473 2832 529 illis
2877 489 3026 544 spem
3060 472 3309 529 Salvator
3349 487 3488 544 pra:-

235 556 436 628 Σωτὴρ
495 557 822 628 ὑπογράφει,
875 559 970 612 καὶ
1003 558 1120 625 πῶς
1153 559 1220 614 ἂν
1261 560 1320 614 τὸ
1369 560 1468 631 μὲν
1504 560 1822 616 ἀνέλπιστον

236 644 506 715 ἐχέγγυον
553 645 782 714 γένοιτο,
814 647 875 700 τὸ
919 647 976 700 δέ
1023 647 1277 704 ἐλπισθὲν
1330 651 1410 714 είς
1463 649 1656 719 κτῆσιν
1696 649 1822 720 ἀιρί⁴

237 753 414 791 κοιτο.
452 737 616 809 Φησὶν
662 733 753 792 οὖν
783 739 810 792 6
856 739 1192 806 διδάσκαλος,
1235 739 1382 812 τίςή
1440 741 1668 814 μεγίστη
1714 741 1823 796 τῶν

240 828 498 894 ἐντολῶν,
544 829 924 902 ἡρωτημένοςο
960 851 978 882 ι
1013 827 1338 906 Ἀγαπήσεις
1363 834 1457 887 τὸν
1487 833 1690 906 Κύριον
1730 835 1823 889 τὸν

236 921 382 977 Θεόν
415 937 507 977 σου
553 923 611 990 ἐξ
645 924 772 995 ὅλης
808 923 908 995 τῆς
949 924 1128 997 ψυχῆς
1161 943 1277 992 σου,
1329 928 1424 981 καὶ
1462 927 1520 994 ἐξ
1552 929 1680 998 ὅλης
1723 929 1824 1000 τῆς

234 1013 528 1085 δυνάμεώς
557 1031 668 1068 σου,
693 1035 712 1066 ι
749 1014 964 1088 Ταύτης
1004 1016 1174 1088 μείζω
1208 1017 1475 1089 μηδεμίαν
1500 1019 1715 1091 ἐντολὴν
1748 1014 1825 1072 εἷ-

235 1117 364 1154 ναιο
386 1103 482 1156 καὶ
506 1101 646 1173 μάλα
676 1105 928 1168 εἰκότως·
955 1105 1051 1158 καλ⁸
1079 1105 1187 1178 γάρ
1213 1107 1306 1160 καὶ
1328 1110 1456 1180 περὶ
1482 1108 1576 1162 τοῦ
1605 1108 1821 1181 πρώτου

239 1192 344 1245 καὶ
369 1191 497 1264 περὶ
518 1193 608 1246 τοῦ
642 1194 899 1266 μεγίστου
931 1197 1327 1269 παρήγγελται,
1353 1200 1518 1254 αὐτοῦ
1548 1200 1640 1254 τοῦ
1662 1199 1819 1267 Θεοῦ,

240 1281 465 1356 Πατρὸς
487 1285 664 1356 ἡμῶν,
691 1286 758 1338 δι’
789 1278 850 1340 οὗ
890 1289 984 1342 καὶ
1006 1289 1200 1358 γέγονε
1240 1291 1335 1344 καὶ
1363 1289 1478 1345 ἐστι
1521 1292 1590 1346 τά
1621 1293 1817 1359 πάντα,

242 1375 344 1427 καὶ
373 1376 455 1438 εἰς
501 1375 561 1429 ὃν
592 1375 663 1430 τά
714 1379 994 1450 σωζόμενα
1048 1381 1210 1435 πάλιν
1255 1383 1634 1455 ἐπανέρχεται.
1687 1385 1822 1439 Ὑπὸ

240 1465 443 1521 τούτου
465 1468 642 1522 τοίνυν
679 1473 1168 1545 προαγαπηθέντας
1197 1477 1292 1529 καὶ
1321 1474 1412 1528 τοῦ
1442 1475 1693 1545 γενέσθαι
1730 1494 1823 1530 τυ-

241 1563 443 1633 χόντας
469 1564 567 1636 ούχ
601 1565 745 1620 ὅσιον
791 1566 972 1621 ἄλλοτι
1013 1567 1381 1642 πρεσϐύτερον
1429 1569 1580 1640 ἀγειν
1612 1570 1706 1624 καὶ
1738 1587 1820 1624 τι-

246 1651 550 1726 μιὼτερονο
591 1655 901 1723 ἐκτίνοντας
948 1659 1114 1731 μόνην
1141 1661 1240 1733 τὴν
1285 1661 1443 1733 χάριν
1477 1660 1679 1733 ταύτην
1729 1680 1819 1734 μι-

243 1744 389 1816 κρὰν
414 1747 507 1800 ἐπὶ
542 1748 834 1819 μεγίστοις,
861 1749 985 1806 ἄλλο
1005 1751 1063 1805 δὲ
1098 1753 1380 1823 μηδοτιοῦν
1407 1752 1631 1825 ἔχοντας
1667 1754 1820 1808 ἀνεν-

245 1835 362 1890 δεεῖ
399 1839 498 1892 καὶ
526 1841 714 1913 τελείῳ
746 1841 864 1913 Θεῴ
895 1842 1032 1914 πρὸς
1060 1845 1292 1916 ἀμοιϐὴν
1316 1846 1607 1918 ¹ἐπινοῆσαι
1626 1863 1639 1876 ·
1672 1845 1820 1918 αὐτῷ

243 1925 304 1979 δὲ
335 1927 416 2000 τῷ
448 1930 663 2001 ἀγαπᾷν
692 1931 784 1985 τὸν
813 1933 1032 2004 Πατέρα
1072 1936 1151 1998 είς
1181 1935 1386 1989 οἰκείαν
1423 1938 1578 2007 ἰσχὺν
1609 1937 1702 1991 καὶ
1730 1936 1821 1991 δύ-

243 2036 434 2090 ναμιν,
463 2023 788 2096 ἀφθαρσίαν,
828 2025 1243 2098 νομιζομένους.
1269 2029 1433 2084 Ὅσον
1477 2030 1584 2102 γὰρ
1633 2032 1821 2103 ἀγαπᾷ

242 2127 335 2175 τις
357 2109 451 2165 τδν
493 2112 645 2179 Θεὸν,
684 2114 922 2186 τοσούτῳ
947 2118 1042 2171 καὶ
1073 2117 1236 2172 πλέον
1272 2119 1534 2194 ἐνδοτέρω
1564 2121 1657 2175 τοῦ
1683 2121 1818 2175 Θεοῦ

245 2202 610 2276 παραδύεται.

317 2387 455 2440 KH’.
489 2387 756 2456 Δευτέραν
786 2388 844 2443 δέ
884 2388 1055 2455 τάξει,
1087 2390 1373 2446 καὶιούδέν
1404 2408 1457 2447 τι
1493 2395 1820 2468 μικροτέραν

242 2477 453 2550 ταύτης
483 2472 622 2533 εἶναι
653 2478 819 2549 λέγει,
850 2480 910 2534 τὸ
929 2499 948 2534 ι
985 2483 1315 2554 Ἀγαπήσεις
1346 2484 1438 2538 τὸν
1471 2485 1694 2557 πλησίον
1727 2505 1820 2541 σου

235 2569 324 2634 ὡς
350 2572 594 2626 σεαυτόν·
638 2591 657 2624 ι
693 2573 887 2627 οὐκοῦν
920 2573 1010 2628 τὸν
1049 2575 1180 2630 Θεὸν
1213 2577 1354 2647 ὑπὲρ
1399 2579 1640 2632 σεαυτόν.
1684 2581 1822 2634 Πυν-

238 2660 544 2733 θανομένου
576 2663 633 2717 δέ
663 2665 757 2718 τοῦ
788 2667 1328 2738 προσδιαλεγομένου,
1368 2689 1388 2723 ι
1427 2672 1522 2736 Τίς
1565 2673 1680 2728 ἐστί
1721 2692 1821 2746 μου

238 2751 513 2824 πλησίον;
559 2773 579 2806 ι
617 2755 677 2808 ού
708 2755 800 2810 τὸν
835 2757 995 2812 αὐτὸν
1033 2759 1231 2830 τρόπον
1281 2762 1552 2828 Ἰουδαίοις
1583 2767 1822 2838 προωρί-

239 2861 386 2898 σατο
417 2845 506 2898 τὺν
539 2846 674 2918 πρὸς
715 2848 963 2919 αἵματος,
984 2851 1106 2905 οὐδὲ
1149 2852 1241 2908 τὸν
1283 2854 1528 2928 πολίτην,
1564 2861 1684 2914 ούδέ
1735 2862 1824 2916 τὸν

237 2937 610 3009 προσήλυτον,
656 2939 777 2994 οὐδὲ
808 2942 899 2994 τὸν
931 2943 1134 3014 ὁμοίως
1185 2951 1670 3022 περιτετμημένον,
1703 2955 1824 3008 ούδέ

237 3029 342 3084 τὸν
385 3028 465 3082 ἐνὶ
487 3030 580 3084 καὶ⁸
610 3031 790 3103 ταύτῷ
815 3033 964 3105 νόμῳ
995 3035 1294 3108 χρώμενονο
1330 3041 1464 3094 ἀλλά
1496 3042 1697 3098 ἀνωθεν
1727 3062 1824 3098 κα-

1922 565 2161 632 scribat;
2201 573 2254 620 et
2285 580 2390 635 qua
2421 566 2548 620 item
2581 565 2793 620 ratione
2819 565 2965 636 quod
2994 573 3148 621 extra
3177 580 3327 636 spem
3367 565 3484 621 fore

1921 657 2158 722 videtur,
2192 658 2436 729 pignoris
2468 657 2588 712 loco
2617 656 2728 721 fiat,
2768 658 3022 728 quodque
3051 657 3142 711 illa
3172 657 3386 722 nititur,
3430 658 3485 714 in

1922 748 2263 820 adeptionem
2293 749 2506 804 evadat.
2535 748 2624 802 Ait
2667 747 2834 819 igitur
2866 748 3144 819 magister,
3178 748 3486 818 interroga-

1921 849 2030 905 tus,
2056 839 2200 910 quod
2226 840 2298 894 sit
2329 839 2626 893 maximum
2659 839 3059 902 mandatorum,
3097 857 3116 889 ι
3144 836 3345 909 Diliges
3387 837 3488 895 Do-

1922 933 2129 987 minum
2157 930 2325 986 Deum
2358 938 2427 986 ex
2458 938 2567 986 tota
2594 927 2783 984 ‘anima
2813 937 2927 994 tua,
2955 937 3010 985 et
3050 947 3114 986 ex
3148 937 3259 987 tota
3286 931 3486 986 virtute

1922 1029 2014 1077 tua
2037 1034 2084 1077 ι.
2105 1041 2123 1074 ι
2158 1020 2271 1076 Hoc
2301 1023 2512 1076 nullum
2543 1036 2665 1076 esse
2693 1019 2872 1089 majus
2904 1020 3253 1088 mandatum;
3285 1029 3338 1076 et
3361 1022 3487 1091 jure

1920 1112 2140 1183 quidem
2172 1111 2378 1183 optimo
2405 1131 2419 1167 :
2452 1125 2578 1166 nam
2608 1117 2662 1166 et
2692 1110 2759 1164 de
2791 1093 2988 1181 primo.
3017 1110 3363 1180 maximoque
3400 1111 3483 1184 la-

1920 1215 2034 1262 tum
2066 1207 2381 1261 mandatum
2424 1211 2542 1269 est,
2589 1202 2656 1258 de
2689 1202 2808 1274 ipso
2848 1201 3104 1257 nimirum
3151 1201 3281 1268 Deo,
3323 1201 3487 1258 Patre

1917 1311 2129 1369 nostro,
2155 1316 2252 1373 per
2278 1315 2441 1372 quem
2464 1297 2605 1354 facta
2635 1304 2764 1354 sunt
2786 1304 2949 1366 atque
2971 1295 3247 1352 exsistunt
3277 1296 3483 1362 omnia,

1918 1402 1973 1450 et
2000 1395 2069 1450 ad
2096 1409 2256 1465 quem
2287 1406 2482 1448 rursus
2512 1396 2862 1446 revertuntur
2885 1404 3006 1460 quae
3037 1388 3173 1442 ﬁunt
3204 1389 3375 1444 salva.
3398 1388 3485 1443 Ab

1918 1487 2024 1543 hoc
2071 1487 2236 1559 igitur
2276 1495 2402 1541 ante
2452 1485 2684 1541 dilectos
2738 1492 2793 1539 et
2830 1483 3105 1546 conditos,
3143 1480 3300 1538 nefas
3337 1481 3484 1536 aliud

1918 1579 2136 1651 quidvis
2165 1579 2446 1650 antiquius
2488 1577 2688 1633 ducere
2717 1591 2780 1630 ac
2820 1574 3194 1646 praestantius,
3225 1588 3390 1644 quam
3427 1582 3488 1628 ut

1917 1673 2058 1729 hanc
2101 1674 2366 1729 duntaxat
2392 1672 2642 1742 exiguam
2672 1669 2901 1741 gratiam
2943 1668 3305 1722 maximorum
3354 1682 3481 1720 mu—

1920 1779 2109 1822 nerum
2127 1772 2278 1836 grata
2295 1763 2412 1820 vice
2440 1763 2765 1824 referamus,
2795 1775 2921 1816 cum
2953 1758 3086 1820 nihil
3105 1756 3252 1812 aliud
3270 1756 3487 1828 excogi-

1921 1857 2025 1910 tari
2054 1854 2248 1926 possit,
2276 1852 2421 1924 quod
2448 1851 2654 1907 nullius
2686 1851 2865 1922 egenti
2894 1864 2958 1903 ac
2987 1847 3228 1918 perfecto
3265 1844 3377 1901 Deo
3406 1862 3489 1901 re-

1919 1949 2081 2018 pendi
2110 1963 2141 2002 a
2171 1947 2329 2002 nobis
2357 1946 2559 2016 possit;
2607 1944 2834 2015 ipsaque
2871 1956 2934 1997 ea
2980 1940 3192 1995 ratione
3227 1954 3337 2010 qua
3385 1937 3491 1993 Pa-

1919 2043 2058 2092 trem
2087 2035 2387 2107 diligimus,
2427 2042 2628 2104 quanta
2672 2033 2850 2088 virtus
2890 2047 2954 2086 ac
2988 2030 3221 2087 facultas
3255 2039 3370 2094 est,
3404 2028 3489 2084 in-

1919 2126 2291 2197 corruptionis
2344 2141 2546 2181 munus
2601 2137 3023 2194 consequamur.
3075 2115 3292 2187 Quanto
3343 2121 3490 2176 enim

1919 2217 2042 2286 quis
2069 2216 2302 2287 amplius
2333 2214 2501 2270 Deum
2533 2214 2728 2286 diligit,
2758 2220 2909 2268 tanto
2943 2211 2999 2266 in
3028 2209 3197 2266 Deum
3234 2209 3484 2267 intimius

1921 2309 2073 2380 quasi
2106 2307 2374 2379 pervadit.

1987 2401 2147 2472 3&3
2183 2397 2420 2454 XXVIII.
2449 2398 2694 2454 Alterum
2723 2405 2904 2479 autem
2941 2396 3155 2461 ordine,
3196 2413 3299 2454 nec
3326 2398 3490 2469 quid-

1920 2508 2081 2563 quam
2112 2493 2294 2563 priore
2340 2491 2522 2547 minus
2551 2491 2627 2545 ait
2669 2505 2790 2546 esse
2821 2489 3174 2544 mandatum:
3217 2507 3237 2541 ι
3288 2487 3489 2561 Diliges

1919 2585 2224 2655 proximum
2249 2591 2404 2637 tuum
2431 2583 2573 2637 sicut
2603 2580 2836 2650 teipsum
2866 2581 2915 2634 b.
2964 2598 2983 2631 ›
3022 2577 3162 2650 Ergo
3201 2578 3369 2634 Deum
3394 2595 3491 2635 su—

1921 2691 2019 2745 pra
2071 2675 2325 2744 teipsum.
2374 2672 2738 2728 Percontante
2791 2678 2971 2725 autem
3013 2685 3100 2733 eo,
3146 2685 3382 2740 quocum
3412 2670 3492 2725 illi

1922 2783 2132 2824 sermo:
2169 2786 2188 2819 ι
2215 2766 2278 2820 Et
2296 2767 2419 2837 quis
2447 2773 2531 2821 cst
2554 2780 2706 2820 meus
2735 2764 3012 2834 proximus
3034 2763 3098 2816 οἳ
3125 2781 3144 2814 ι
3178 2777 3286 2817 non
3301 2762 3490 2818 eodem

1923 2861 2104 2925 modo,
2132 2877 2240 2931 quo
2268 2857 2460 2924 Judaei,
2512 2856 2757 2913 deﬁnivit
2785 2856 3116 2927 proximum,
3159 2853 3214 2908 id
3249 2861 3332 2910 est
3361 2868 3494 2909 con-

1924 2952 2309 3022 sanguineum,
2360 2952 2556 3014 civem,
2607 2949 2966 3020 proselytum,
2992 2953 3085 3001 aut
3115 2946 3210 3017 qui
3241 2945 3492 3001 similiter

1923 3043 2278 3100 circumcisus
2307 3042 2399 3107 sit,
2433 3042 2513 3097 vel
2534 3057 2641 3096 una
2661 3040 2960 3110 eademque
2992 3038 3108 3108 lege
3137 3039 3309 3092 utitur
3338 3054 3355 3106 ;
3395 3037 3492 3093 sed

236 3117 574 3218 ταϐαίνοντα
601 3121 707 3176 ἀπὸ
765 3123 1120 3199 Ἰερουσαλὴμ
1160 3129 1280 3198 ἄγει
1313 3130 1388 3202 τῷ
1418 3131 1559 3203 λόγῳ
1591 3134 1712 3188 τινά
1746 3139 1824 3200 είς

1927 3133 2198 3188 hominem
2230 3131 2460 3199 inducit,
2486 3133 2580 3204 qui
2613 3131 2803 3202 procul
2831 3130 2899 3185 ab
2925 3127 3226 3186 Jerusalem
3261 3127 3490 3184 descen-

251 3213 495 3286 Ίεριχὼ,
520 3217 613 3270 καὶ
631 3216 816 3270 τοῦτον
830 3217 1095 3274 δείκνυσιν
1117 3221 1222 3274 ὑπὸ
1241 3221 1450 3296 λῃστῶν
1471 3242 1828 3299 συγκεκεντη-

245 3304 438 3376 μένον,
455 3307 782 3379 ἐρριμμένον
799 3308 1070 3380 ἡμίθνητα
1096 3313 1187 3366 ἐπὶ
1219 3315 1318 3384 τῆς
1346 3316 1486 3381 ὁδοῦ,
1510 3318 1614 3371 ὑπὸ
1641 3319 1827 3391 ἱερέως

240 3397 703 3468 παροδευόμενον,
746 3400 850 3453 ὑπὸ
900 3403 1126 3456 Λευΐτου
1180 3406 1588 3478 παρορώμενον,
1624 3411 1728 3464 ὑπὸ
1769 3411 1827 3464 δὲ

239 3486 346 3541 τοῦ
384 3489 690 3560 Σαμαρίτου
721 3491 816 3544 τοῦ
846 3490 1287 3566 ἐξωνειδισμένου
1323 3499 1417 3552 καὶ
1448 3500 1827 3573 ἀφωρισμένου

239 3579 693 3651 κατελεούμενον’
737 3583 796 3648 ὃς
818 3584 938 3656 ούχὶ
966 3585 1108 3640 κατά
1139 3587 1327 3660 τύχην,
1360 3589 1434 3653 ὡς
1467 3593 1662 3646 ἐκεῖνοι
1692 3607 1830 3666 παρ-

216 3671 414 3742 ιῆλθον
438 3711 454 3737 ,
511 3673 625 3726 ἀλλ’
678 3669 814 3748 ἧκεν
869 3678 1276 3748 ἐσκευασμένος
1335 3673 1409 3734 ὧν
1450 3682 1478 3734 6
1511 3682 1829 3736 κινδυνεύων

241 3764 444 3830 ἐδεῖτο,
479 3759 608 3830 οἷον,
642 3765 839 3832 ἔλαιον,
887 3768 1232 3840 ἐπιδέσμους,
1266 3770 1482 3840 κτῆνος,
1534 3773 1721 3842 μισθὸν
1754 3773 1831 3845 τῷ

242 3855 528 3927 πανδοχεῖ,
552 3859 640 3912 τὸν
658 3859 756 3929 μὲν
778 3859 877 3931 ἤδη
893 3860 1186 3931 διδόμενον,
1204 3861 1292 3914 τὸν
1306 3861 1364 3915 δέ
1393 3866 1830 3936 προσυπισχνού-

247 3961 439 4018 μενον.
481 3967 499 3999 ι
536 3948 653 4013 Τίς,
688 3948 812 4020 ἔφη,
876 3951 1081 4006 τούτων
1138 3953 1325 4021 γέγονε
1383 3953 1606 4025 πλησίον
1637 3955 1713 4027 τῷ
1763 3957 1832 4012 τά

243 4037 408 4094 δεινά
455 4038 710 4108 παθόντι;
771 4060 788 4094 ι
825 4041 931 4096 Τοῦ
981 4042 1039 4096 δὲ
1079 4043 1529 4116 ἀποκρινομένου,
1581 4064 1602 4099 ι
1655 4047 1711 4101 '0
1741 4047 1831 4102 τὸν

244 4130 404 4185 ἔλεον
431 4132 567 4204 πρὸς
598 4131 759 4186 αὐτὸν
785 4132 1211 4206 ἐπιδειξάμενος·
1245 4137 1354 4189 Καὶ
1388 4136 1453 4192 σὺ
1496 4139 1694 4202 τοίνυν,
1731 4153 1831 4191 πο-

248 4222 652 4296 ρευθεὶς,;οὖτω
673 4225 837 4291 ποίει,
854 4226 1062 4299 »ὠςτῆς
1077 4228 1297 4300 ἀγάπης
1317 4227 1712 4302 βλαστανούσης
1737 4231 1829 4284 εύ-

243 4316 460 4371 ποιίαν.

324 4409 460 4463 ΚΘθ.
503 4408 590 4463 Ἑν
617 4408 952 4481 ἀμφοτέραις
975 4411 1070 4482 μὲν
1090 4409 1182 4466 οὖν
1202 4411 1320 4477 ταῖς
1349 4413 1586 4476 ἐντολαῖς
1613 4413 1831 4484 ἀγάπην

1927 3224 2018 3278 dat
2052 3225 2106 3278 in
2132 3223 2348 3280 Jericho
2378 3245 2391 3279 :
2426 3224 2679 3293 huncque
2708 3221 2943 3278 ostendit
2967 3236 2999 3274 a
3031 3219 3334 3276 latronibus
3361 3233 3492 3274 con-
3560 3223 3566 3230 ‘

1928 3316 2132 3372 fossum
2150 3357 2164 3380 ,
2191 3317 2488 3386 projectum
2539 3313 2858 3370 semivivum
2893 3311 2947 3366 in
2973 3311 3093 3379 via;
3124 3325 3284 3382 quem
3312 3325 3494 3368 sacer-

1926 3407 2024 3464 dos
2047 3415 2347 3478 praetereat,
2378 3407 2564 3461 levites
2597 3404 2896 3475 despiciat;
2932 3402 3312 3458 Samaritanus
3361 3417 3492 3458 vero

1929 3498 2164 3569 (spretus
2192 3499 2280 3553 ille
2308 3515 2371 3552 ac
2402 3494 2738 3568 segregatus)
2771 3487 3146 3548 misericordia
3175 3490 3487 3561 impertiat:

1927 3589 2073 3642 venit
2097 3596 2276 3643 autem
2297 3603 2403 3642 non
2435 3602 2564 3641 casu
2598 3591 2656 3638 ut
2689 3584 2764 3638 illi
2804 3597 2964 3638 secus
2988 3580 3167 3635 locum
3195 3579 3491 3646 transiens,

1929 3679 2021 3734 sed
2051 3679 2160 3734 illis
2190 3679 2484 3734 instructus
2515 3693 2636 3749 quae
2664 3676 2745 3732 sic
2787 3672 3029 3730 versanti
3062 3672 3117 3726 in
3147 3671 3392 3744 periculo
3428 3686 3495 3729 ac

1928 3771 2195 3825 laboranti
2225 3787 2364 3842 opus
2391 3778 2566 3833 erant,
2592 3778 2720 3840 puta
2753 3771 2892 3850 oleo,
2922 3766 3244 3839 alligaturis,
3272 3765 3493 3837 jumen-

1928 3874 2011 3933 to;
2041 3866 2132 3936 qui
2166 3866 2468 3921 mercedem
2499 3864 2796 3919 stabulario
2819 3862 3014 3932 partim
3040 3862 3264 3926 tribuat,
3294 3859 3494 3931 partim

1929 3974 1988 4015 se
2013 3959 2262 4013 daturum
2294 3957 2633 4028 polliceatur.
2674 3973 2692 4004 ι
2736 3953 2876 4019 Quis
2907 3953 3126 4016 horum,
3163 3951 3358 4022 inquit,
3391 3949 3495 4006 fuit

1928 4049 2211 4120 proximus
2265 4049 2406 4118 ejus,
2456 4046 2550 4118 qui
2587 4045 2706 4100 dira
2743 4060 2939 4114 passus
2966 4046 3086 4102 est?
3118 4063 3137 4098 ι
3174 4042 3378 4114 Illoque
3407 4058 3497 4097 re-

1929 4141 2229 4212 spondente
2254 4181 2269 4202 ,
2314 4159 2332 4191 ι
2363 4139 2464 4206 Qui
2494 4139 2624 4194 fecit
2652 4138 3082 4198 misericordiam
3112 4139 3168 4193 in
3209 4137 3383 4201 illum,
3428 4133 3498 4190 Et

1928 4242 2010 4298 tu,
2043 4233 2248 4304 inquit,
2280 4233 2435 4298 vade,
2461 4241 2515 4288 et
2547 4232 2632 4288 fac
2678 4233 2930 4288 similiter
2950 4231 2978 4272 ἀ
3005 4249 3020 4299 ;
3059 4250 3078 4284 ι
3129 4228 3274 4300 quod
3301 4227 3496 4283 videli-

1929 4333 2013 4381 cet
2041 4324 2280 4380 charitas
2311 4324 2678 4380 beneﬁcentiae
2706 4340 2906 4396 parens
2937 4324 3029 4381 sit.

1999 4411 2192 4474 XXIX.
2220 4415 2280 4471 In
2304 4425 2536 4488 utroque
2565 4417 2732 4490 igitur
2754 4415 3009 4471 mandato
3047 4413 3367 4468 charitatem
3398 4411 3497 4466 do—

244 4502 576 4572 εἰσηγεῖται·
608 4499 756 4568 τάξει
787 4501 832 4555 δ’
862 4501 1029 4575 αὐτὴν
1051 4503 1292 4578 διῄρηκε.
1327 4505 1437 4570 Καὶ
1468 4507 1598 4561 ὅπου
1631 4508 1728 4580 μὲν
1755 4509 1823 4562 τά

1925 4518 2177 4567 cumento
2201 4510 2387 4576 tradit,
2422 4510 2613 4565 ordine
2645 4520 2828 4565 tamen
2861 4509 3022 4563 ambo
3054 4507 3170 4562 haec
3192 4505 3446 4562 distinxit
3475 4521 3492 4559 :

248 4595 503 4665 πρωτεῖα
536 4593 630 4664 τῆς
663 4593 881 4665 ἀγάπης
924 4593 1152 4649 ἀνάπτει
1195 4594 1272 4667 τῷ
1317 4597 1454 4670 Θεῷ,
1489 4598 1622 4653 ὅπου
1652 4599 1708 4654 δὲ
1758 4600 1824 4654 τὰ

1927 4605 2240 4675 primasque
2262 4602 2546 4658 charitatis
2572 4611 2757 4673 partes
2786 4601 2895 4657 Deo
2943 4599 3189 4667 ascribit,
3224 4597 3496 4655 secundas

247 4686 536 4756 δευτερεῖα
585 4685 738 4757 νέμει
786 4684 863 4756 τῷ
897 4685 1140 4758 πλησίον.
1197 4689 1294 4752 Τίς
1354 4687 1399 4743 δ’
1438 4689 1502 4744 ἂν
1556 4691 1712 4756 ἄλλος
1742 4691 1824 4762 εἴη

1927 4711 2055 4752 vero
2077 4695 2323 4768 proximo
2355 4694 2566 4750 tribuit.
2597 4693 2732 4760 Quis
2777 4708 2907 4749 vero
2958 4693 3098 4749 alius
3137 4691 3299 4747 fixerit
3329 4702 3493 4759 quam

250 4776 400 4849 πλὴν
449 4776 658 4842 αύτὸςό
707 4777 932 4850 Σωτήρς
989 4779 1132 4850 ἢτίς
1168 4779 1365 4852 μᾶλλον
1412 4779 1557 4854 ἡμᾶς
1603 4783 1824 4857 ἐλεήσας

1930 4788 2047 4857 ipse
2073 4783 2361 4840 Salvator?
2392 4790 2485 4837 aut
2520 4782 2644 4853 quis
2673 4783 2764 4836 illo
2797 4783 3058 4851 majorem
3091 4779 3248 4834 nobis
3281 4775 3494 4831 miseri-

252 4868 496 4935 ἐκείνου,
547 4870 673 4934 τοὺς
704 4868 808 4922 ὑπὸ
839 4869 946 4923 τῶν
979 4873 1431 4945 κοσμοκρατόρων
1481 4874 1574 4928 τοῦ
1610 4876 1824 4943 σκότους

1931 4877 2171 4935 cordiam
2191 4883 2248 4941 ᾖ
2267 4875 2550 4947 impendit,
2584 4890 2614 4928 a
2641 4873 2828 4929 mundi
2851 4873 3059 4929 scilicet
3087 4868 3392 4926 rectoribus
3415 4878 3496 4922 te-

253 4960 444 5030 ὀλίγου
488 4961 959 5032 τεθανατωμένους
1001 4965 1113 5026 τοῖς
1158 4964 1370 5030 πολλοῖς
1399 4967 1693 5040 τραύμασι,
1730 4971 1824 5039 φό-

1927 4970 2219 5025 nebrarum
2267 4967 2359 5024 vix
2388 4983 2496 5023 non
2547 4966 2735 5020 multis
2780 4962 3118 5028 vulneribus,
3167 4958 3490 5022 terroribus,

255 5052 398 5118 σοις,
433 5053 775 5125 ἐπιθυμίαις,
796 5057 1005 5128 ὀργαῑς,
1035 5051 1254 5123 λύπαις,
1289 5058 1543 5125 ἀπάταις,
1577 5061 1824 5133 ἡδοναῖς;

1928 5061 2235 5128 desideriis,
2269 5059 2569 5124 furoribus,
2596 5057 2948 5120 maeroribus,
2984 5053 3290 5118 fraudibus,
3338 5051 3495 5104 volu-

254 5141 477 5196 Τούτων
504 5141 561 5197 δέ
582 5143 688 5198 τῶν
713 5147 1039 5216 τραυμάτων
1070 5148 1228 5218 μόνος
1261 5147 1442 5222 ἰατρὸς
1480 5149 1703 5222 Ἰησοῦς,
1736 5153 1826 5206 ἐκ·

256 5232 480 5288 κόπτων
524 5235 694 5308 ἄρδην
733 5236 801 5291 τά
833 5237 978 5309 πάθη
1021 5239 1306 5314 πρόρριζα³
1341 5242 1438 5314 οὐχ
1481 5241 1667 5315 ὥσπερ
1692 5243 1720 5297 6
1752 5245 1832 5299 νό-

260 5343 364 5390 μος
388 5325 518 5396 ψιλά
544 5327 612 5382 τά
636 5327 1069 5402 ἀποτελέσματα,
1103 5332 1228 5397 τοὺς
1258 5334 1502 5406 καρποὺς
1533 5332 1640 5388 τῶν
1669 5353 1831 5408 πονη-

1928 5154 2165 5225 ptatibus
2210 5152 2450 5208 enecatis
2488 5162 2649 5221 atque
2702 5145 3019 5205 exstinctis?
3077 5143 3282 5198 Horum
3331 5155 3496 5213 porro

1932 5245 2218 5300 vulnerum
2245 5243 2488 5299 medicus
2515 5241 2665 5297 solus
2693 5247 2775 5295 est
2794 5237 2974 5301 Iesus,
3005 5235 3099 5304 qui
3125 5231 3390 5289 radicitus
3413 5232 3496 5287 vi-

1935 5337 2010 5392 tia
2045 5352 2271 5408 prorsus
2319 5333 2624 5402 exscindat,
2655 5349 2766 5388 non
2822 5332 2966 5386 sicut
2994 5328 3078 5383 lex
3130 5325 3279 5382 nuda
3305 5323 3498 5381 ell‘ecta

262 5421 375 5492 ρῶν
402 5420 604 5490 φυτῶν,
638 5420 775 5477 ἀλλά
802 5423 902 5495 τὴν
955 5421 1144 5496 ἀξίνην
1175 5424 1272 5496 τὴν
1320 5424 1512 5479 ἐαυτοῦ
1557 5423 1690 5497 πρὸς
1733 5427 1824 5492 τὰς

1935 5427 2244 5501 (pravarum
2277 5427 2487 5484 fructus
2536 5422 2890 5498 plantarum),
2921 5420 3017 5478 sed
3057 5419 3150 5491 qui
3193 5419 3312 5490 ipse
3341 5431 3499 5475 suam

264 5512 418 5586 ῥίζας
445 5513 544 5585 τῆς
576 5513 772 5591 κακίας
791 5517 1171 5588 προσαγαγών.
1193 5511 1359 5583 Οὗτος
1386 5521 1415 5573 6
1439 5519 1530 5574 τὸν
1561 5514 1700 5574 οἶνον
1719 5517 1824 5591 (51)

1936 5519 2171 5577 securim
2200 5520 2422 5577 malitiae
2457 5517 2735 5575 radicibus
2766 5512 3085 5571 admoverit.
3131 5510 3233 5566 llic
3263 5515 3369 5574 est,
3404 5507 3499 5580 qui

263 5634 484 5763 35,13;
489 5675 505 5693 ⁸
543 5578 650 5719 θέε
697 5636 808 5694 ED'
838 5635 1131 5697 poTTER°
1232 5654 1258 5684 ⁸
1300 5641 1490 5699 Mauh-
1543 5655 1662 5711 ιιι,
1729 5641 1818 5713 56.
1861 5611 1979 5712 37,
2029 5641 2117 5702 38.
2195 5645 2222 5688 δ
2268 5642 2458 5702 Matth.
2488 5656 2626 5712 χιιι,
2667 5639 2754 5698 59.
2833 5647 2858 5676 ο
2886 5633 3024 5694 Luc.
3057 5629 3235 5701 x,29.
3263 5627 3334 5725 κά
3362 5621 3499 5683 Ibid.

343 5825 456 5900 (3|)
495 5821 689 5885 Οἶνον.
728 5825 971 5902 Respicit
1001 5826 1133 5885 Luc.
1161 5844 1216 5897 κ,
1251 5828 1338 5886 54.
