  <div class='ocr_page' id='page_1' title='image "/cluster/home/n/w/nwhite01/storage/ocr_20150623/9/hvd.32044073501322/323.png"; bbox 0 0 4016 6308; ppageno 0'>
   <div class='ocr_carea' id='block_1_1' title="bbox 634 265 740 321">
    <p class='ocr_par' dir='ltr' id='par_1_1' title="bbox 634 265 740 321">
     <span class='ocr_line' id='line_1_1' title="bbox 634 265 740 321; baseline 0.028 -3"><span class='ocrx_word' id='word_1_1' title='bbox 634 265 740 321; x_wconf 75' lang='lat'><strong>635</strong></span> 
     </span>
    </p>
   </div>
   <div class='ocr_carea' id='block_1_2' title="bbox 1785 255 3779 319">
    <p class='ocr_par' dir='ltr' id='par_1_2' title="bbox 1785 255 3779 319">
     <span class='ocr_line' id='line_1_2' title="bbox 1785 255 3779 319; baseline -0.006 -3"><span class='ocrx_word' id='word_1_2' title='bbox 1785 257 2174 316; x_wconf 82' lang='lat' dir='ltr'><strong>CLEMENTIS</strong></span> <span class='ocrx_word' id='word_1_3' title='bbox 2207 255 2666 312; x_wconf 79' lang='lat' dir='ltr'><strong>ALEXANDRINI</strong></span> <span class='ocrx_word' id='word_1_4' title='bbox 3703 261 3779 319; x_wconf 65' lang='grc' dir='ltr'><strong>εδδ</strong></span> 
     </span>
    </p>
   </div>
   <div class='ocr_carea' id='block_1_3' title="bbox 629 373 2179 454">
    <p class='ocr_par' dir='ltr' id='par_1_3' title="bbox 629 381 2179 454">
     <span class='ocr_line' id='line_1_3' title="bbox 629 381 2179 454; baseline -0.003 -16"><span class='ocrx_word' id='word_1_5' title='bbox 629 383 819 438; x_wconf 88' lang='lat' dir='ltr'><strong>vinum</strong></span> <span class='ocrx_word' id='word_1_6' title='bbox 845 381 1183 454; x_wconf 85' lang='lat' dir='ltr'><strong>(sanguinem</strong></span> <span class='ocrx_word' id='word_1_7' title='bbox 1213 381 1338 438; x_wconf 93' lang='lat' dir='ltr'><strong>vitis</strong></span> <span class='ocrx_word' id='word_1_8' title='bbox 1363 381 1650 452; x_wconf 75' lang='lat' dir='ltr'><strong>Davidicae)</strong></span> <span class='ocrx_word' id='word_1_9' title='bbox 1681 383 1879 439; x_wconf 85' lang='lat' dir='ltr'><strong>sauciis</strong></span> <span class='ocrx_word' id='word_1_10' title='bbox 1907 382 2179 436; x_wconf 79' lang='lat' dir='ltr'><strong>animabus</strong></span> 
     </span>
    </p>
   </div>
   <div class='ocr_carea' id='block_1_4' title="bbox 2253 373 3778 454">
    <p class='ocr_par' dir='ltr' id='par_1_4' title="bbox 2253 373 3778 451">
     <span class='ocr_line' id='line_1_4' title="bbox 2253 373 3778 451; baseline 0.001 -20"><span class='ocrx_word' id='word_1_11' title='bbox 2253 420 2262 440; x_wconf 44' lang='grc' dir='ltr'>ι</span> <span class='ocrx_word' id='word_1_12' title='bbox 2290 378 2368 451; x_wconf 77' lang='grc' dir='ltr'><strong>(τὸ</strong></span> <span class='ocrx_word' id='word_1_13' title='bbox 2399 373 2536 448; x_wconf 74' lang='grc' dir='ltr'>αἷμα</span> <span class='ocrx_word' id='word_1_14' title='bbox 2567 379 2662 448; x_wconf 79' lang='grc' dir='ltr'>τῆς</span> <span class='ocrx_word' id='word_1_15' title='bbox 2693 375 2934 448; x_wconf 83' lang='grc' dir='ltr'><strong>ἀμπέλου</strong></span> <span class='ocrx_word' id='word_1_16' title='bbox 2975 375 3072 446; x_wconf 83' lang='grc' dir='ltr'>τῆς</span> <span class='ocrx_word' id='word_1_17' title='bbox 3119 374 3298 439; x_wconf 75' lang='grc' dir='ltr'>Δαόὶδ)</span> <span class='ocrx_word' id='word_1_18' title='bbox 3333 375 3520 446; x_wconf 86' lang='grc' dir='ltr'>ἐκχέας</span> <span class='ocrx_word' id='word_1_19' title='bbox 3556 378 3684 448; x_wconf 79' lang='grc' dir='ltr'>ἡμῶν</span> <span class='ocrx_word' id='word_1_20' title='bbox 3710 385 3778 438; x_wconf 76' lang='grc' dir='ltr'>ἐπὶ</span> 
     </span>
    </p>
   </div>
   <div class='ocr_carea' id='block_1_5' title="bbox 631 473 2186 545">
    <p class='ocr_par' dir='ltr' id='par_1_5' title="bbox 631 473 2186 545">
     <span class='ocr_line' id='line_1_5' title="bbox 631 473 2186 545; baseline -0.003 -15"><span class='ocrx_word' id='word_1_21' title='bbox 631 475 868 542; x_wconf 77' lang='lat' dir='ltr'><strong>infudit;</strong></span> <span class='ocrx_word' id='word_1_22' title='bbox 907 475 1000 544; x_wconf 88' lang='lat' dir='ltr'><strong>qui</strong></span> <span class='ocrx_word' id='word_1_23' title='bbox 1028 490 1096 529; x_wconf 76' lang='lat' dir='ltr'><strong>ex</strong></span> <span class='ocrx_word' id='word_1_24' title='bbox 1127 474 1428 529; x_wconf 83' lang='lat' dir='ltr'><strong>visceribus</strong></span> <span class='ocrx_word' id='word_1_25' title='bbox 1457 473 1690 545; x_wconf 75' lang='lat' dir='ltr'><strong>Spiritus</strong></span> <span class='ocrx_word' id='word_1_26' title='bbox 1721 476 1897 530; x_wconf 93' lang='lat' dir='ltr'><strong>oleum</strong></span> <span class='ocrx_word' id='word_1_27' title='bbox 1920 473 2186 536; x_wconf 85' lang='lat' dir='ltr'><strong>adhibuit,</strong></span> 
     </span>
    </p>
   </div>
   <div class='ocr_carea' id='block_1_6' title="bbox 629 563 2190 635">
    <p class='ocr_par' dir='ltr' id='par_1_6' title="bbox 629 563 2190 635">
     <span class='ocr_line' id='line_1_6' title="bbox 629 563 2190 635; baseline -0.003 -13"><span class='ocrx_word' id='word_1_28' title='bbox 629 566 1122 634; x_wconf 88' lang='lat' dir='ltr'><strong>abundantiorique</strong></span> <span class='ocrx_word' id='word_1_29' title='bbox 1150 563 1399 635; x_wconf 79' lang='lat' dir='ltr'><strong>largitate</strong></span> <span class='ocrx_word' id='word_1_30' title='bbox 1428 565 1635 622; x_wconf 83' lang='lat' dir='ltr'><strong>tribuit.</strong></span> <span class='ocrx_word' id='word_1_31' title='bbox 1675 565 1774 620; x_wconf 84' lang='lat' dir='ltr'><strong>Hic</strong></span> <span class='ocrx_word' id='word_1_32' title='bbox 1806 573 1890 620; x_wconf 90' lang='lat' dir='ltr'><strong>est</strong></span> <span class='ocrx_word' id='word_1_33' title='bbox 1918 565 2010 630; x_wconf 89' lang='lat' dir='ltr'><strong>qui</strong></span> <span class='ocrx_word' id='word_1_34' title='bbox 2043 565 2190 618; x_wconf 86' lang='lat' dir='ltr'><strong>sani-</strong></span> 
     </span>
    </p>
   </div>
   <div class='ocr_carea' id='block_1_7' title="bbox 627 653 2187 724">
    <p class='ocr_par' dir='ltr' id='par_1_7' title="bbox 627 653 2187 724">
     <span class='ocr_line' id='line_1_7' title="bbox 627 653 2187 724; baseline -0.003 -13"><span class='ocrx_word' id='word_1_35' title='bbox 627 657 758 712; x_wconf 70' lang='lat' dir='ltr'><strong>tatis</strong></span> <span class='ocrx_word' id='word_1_36' title='bbox 791 655 1086 724; x_wconf 85' lang='lat' dir='ltr'><strong>salutisque</strong></span> <span class='ocrx_word' id='word_1_37' title='bbox 1112 655 1444 723; x_wconf 90' lang='lat' dir='ltr'><strong>alligaturas,</strong></span> <span class='ocrx_word' id='word_1_38' title='bbox 1469 655 1804 720; x_wconf 89' lang='lat' dir='ltr'><strong>charitatem,</strong></span> <span class='ocrx_word' id='word_1_39' title='bbox 1839 653 2014 718; x_wconf 88' lang='lat' dir='ltr'><strong>fidem,</strong></span> <span class='ocrx_word' id='word_1_40' title='bbox 2039 669 2187 724; x_wconf 85' lang='lat' dir='ltr'><strong>spem</strong></span> 
     </span>
    </p>
   </div>
   <div class='ocr_carea' id='block_1_8' title="bbox 633 745 2186 817">
    <p class='ocr_par' dir='ltr' id='par_1_8' title="bbox 633 745 2186 817">
     <span class='ocr_line' id='line_1_8' title="bbox 633 745 2186 817; baseline -0.001 -17"><span class='ocrx_word' id='word_1_41' title='bbox 633 747 947 802; x_wconf 88' lang='lat' dir='ltr'><strong>insolubiles</strong></span> <span class='ocrx_word' id='word_1_42' title='bbox 979 745 1175 801; x_wconf 76' lang='lat' dir='ltr'><strong>effecit.</strong></span> <span class='ocrx_word' id='word_1_43' title='bbox 1201 745 1298 800; x_wconf 84' lang='lat' dir='ltr'><strong>Hic</strong></span> <span class='ocrx_word' id='word_1_44' title='bbox 1326 753 1408 801; x_wconf 88' lang='lat' dir='ltr'><strong>est</strong></span> <span class='ocrx_word' id='word_1_45' title='bbox 1435 747 1526 816; x_wconf 90' lang='lat' dir='ltr'><strong>qui</strong></span> <span class='ocrx_word' id='word_1_46' title='bbox 1543 747 1762 817; x_wconf 80' lang='lat' dir='ltr'><strong>angelos</strong></span> <span class='ocrx_word' id='word_1_47' title='bbox 1783 753 1836 801; x_wconf 91' lang='lat' dir='ltr'><strong>et</strong></span> <span class='ocrx_word' id='word_1_48' title='bbox 1852 745 2186 816; x_wconf 90' lang='lat' dir='ltr'><strong>principatus</strong></span> 
     </span>
    </p>
   </div>
   <div class='ocr_carea' id='block_1_9' title="bbox 629 836 2185 909">
    <p class='ocr_par' dir='ltr' id='par_1_9' title="bbox 629 836 2185 909">
     <span class='ocr_line' id='line_1_9' title="bbox 629 836 2185 909; baseline -0.002 -14"><span class='ocrx_word' id='word_1_49' title='bbox 629 848 684 895; x_wconf 86' lang='lat' dir='ltr'><strong>et</strong></span> <span class='ocrx_word' id='word_1_50' title='bbox 739 845 1053 909; x_wconf 90' lang='lat' dir='ltr'><strong>potestates,</strong></span> <span class='ocrx_word' id='word_1_51' title='bbox 1097 846 1156 891; x_wconf 88' lang='lat' dir='ltr'><strong>ut</strong></span> <span class='ocrx_word' id='word_1_52' title='bbox 1183 838 1338 892; x_wconf 90' lang='lat' dir='ltr'><strong>nobis</strong></span> <span class='ocrx_word' id='word_1_53' title='bbox 1379 838 1678 893; x_wconf 90' lang='lat' dir='ltr'><strong>ministerio</strong></span> <span class='ocrx_word' id='word_1_54' title='bbox 1705 837 2018 908; x_wconf 87' lang='lat' dir='ltr'><strong>fungantur,</strong></span> <span class='ocrx_word' id='word_1_55' title='bbox 2082 836 2185 892; x_wconf 91' lang='lat' dir='ltr'><strong>sub</strong></span> 
     </span>
    </p>
   </div>
   <div class='ocr_carea' id='block_1_10' title="bbox 629 927 2186 1000">
    <p class='ocr_par' dir='ltr' id='par_1_10' title="bbox 629 927 2186 1000">
     <span class='ocr_line' id='line_1_10' title="bbox 629 927 2186 1000; baseline -0.001 -16"><span class='ocrx_word' id='word_1_56' title='bbox 629 945 823 1000; x_wconf 85' lang='lat' dir='ltr'><strong>magna</strong></span> <span class='ocrx_word' id='word_1_57' title='bbox 863 929 1107 985; x_wconf 87' lang='lat' dir='ltr'><strong>mercede</strong></span> <span class='ocrx_word' id='word_1_58' title='bbox 1142 929 1401 996; x_wconf 83' lang='lat' dir='ltr'><strong>subjecit;</strong></span> <span class='ocrx_word' id='word_1_59' title='bbox 1425 945 1548 983; x_wconf 88' lang='lat' dir='ltr'><strong>nam</strong></span> <span class='ocrx_word' id='word_1_60' title='bbox 1572 937 1625 984; x_wconf 91' lang='lat' dir='ltr'><strong>et</strong></span> <span class='ocrx_word' id='word_1_61' title='bbox 1661 929 1763 999; x_wconf 88' lang='lat' dir='ltr'><strong>ipsi</strong></span> <span class='ocrx_word' id='word_1_62' title='bbox 1809 927 2186 983; x_wconf 89' lang='lat' dir='ltr'><strong>liberabuntur</strong></span> 
     </span>
    </p>
   </div>
   <div class='ocr_carea' id='block_1_11' title="bbox 631 1017 2181 1090">
    <p class='ocr_par' dir='ltr' id='par_1_11' title="bbox 631 1017 2181 1090">
     <span class='ocr_line' id='line_1_11' title="bbox 631 1017 2181 1090; baseline -0.002 -15"><span class='ocrx_word' id='word_1_63' title='bbox 631 1037 662 1075; x_wconf 90' lang='lat' dir='ltr'><strong>a</strong></span> <span class='ocrx_word' id='word_1_64' title='bbox 691 1020 876 1074; x_wconf 89' lang='lat' dir='ltr'><strong>mundi</strong></span> <span class='ocrx_word' id='word_1_65' title='bbox 905 1020 1142 1075; x_wconf 80' lang='lat' dir='ltr'><strong>vanitate</strong></span> <span class='ocrx_word' id='word_1_66' title='bbox 1170 1020 1225 1073; x_wconf 91' lang='lat' dir='ltr'><strong>in</strong></span> <span class='ocrx_word' id='word_1_67' title='bbox 1255 1020 1582 1075; x_wconf 86' lang='lat' dir='ltr'><strong>revelatione</strong></span> <span class='ocrx_word' id='word_1_68' title='bbox 1606 1020 1788 1090; x_wconf 57' lang='lat' dir='ltr'><strong>gloria;</strong></span> <span class='ocrx_word' id='word_1_69' title='bbox 1809 1019 2041 1074; x_wconf 89' lang='lat' dir='ltr'><strong>filiorum</strong></span> <span class='ocrx_word' id='word_1_70' title='bbox 2066 1017 2181 1073; x_wconf 88' lang='lat' dir='ltr'><strong>Dei.</strong></span> 
     </span>
    </p>
   </div>
   <div class='ocr_carea' id='block_1_12' title="bbox 630 1111 2186 1183">
    <p class='ocr_par' dir='ltr' id='par_1_12' title="bbox 630 1111 2186 1183">
     <span class='ocr_line' id='line_1_12' title="bbox 630 1111 2186 1183; baseline 0 -17"><span class='ocrx_word' id='word_1_71' title='bbox 630 1111 789 1168; x_wconf 79' lang='lat' dir='ltr'><strong>Hunc</strong></span> <span class='ocrx_word' id='word_1_72' title='bbox 817 1113 980 1182; x_wconf 80' lang='lat' dir='ltr'><strong>igitur</strong></span> <span class='ocrx_word' id='word_1_73' title='bbox 1000 1128 1153 1182; x_wconf 60' lang='lat' dir='ltr'><strong>atque</strong></span> <span class='ocrx_word' id='word_1_74' title='bbox 1179 1113 1402 1183; x_wconf 86' lang='lat' dir='ltr'><strong>diligere</strong></span> <span class='ocrx_word' id='word_1_75' title='bbox 1429 1119 1642 1182; x_wconf 90' lang='lat' dir='ltr'><strong>oportet</strong></span> <span class='ocrx_word' id='word_1_76' title='bbox 1673 1127 1736 1167; x_wconf 92' lang='lat' dir='ltr'><strong>ac</strong></span> <span class='ocrx_word' id='word_1_77' title='bbox 1762 1111 1930 1168; x_wconf 90' lang='lat' dir='ltr'><strong>Deum</strong></span> <span class='ocrx_word' id='word_1_78' title='bbox 1963 1132 1975 1166; x_wconf 90' lang='lat'>:</span> <span class='ocrx_word' id='word_1_79' title='bbox 2011 1111 2186 1182; x_wconf 90' lang='lat' dir='ltr'><strong>diligit</strong></span> 
     </span>
    </p>
   </div>
   <div class='ocr_carea' id='block_1_13' title="bbox 632 1203 2186 1274">
    <p class='ocr_par' dir='ltr' id='par_1_13' title="bbox 632 1203 2186 1274">
     <span class='ocr_line' id='line_1_13' title="bbox 632 1203 2186 1274; baseline -0.002 -16"><span class='ocrx_word' id='word_1_80' title='bbox 632 1209 810 1258; x_wconf 87' lang='lat' dir='ltr'><strong>autem</strong></span> <span class='ocrx_word' id='word_1_81' title='bbox 839 1203 1136 1266; x_wconf 88' lang='lat' dir='ltr'><strong>Christum,</strong></span> <span class='ocrx_word' id='word_1_82' title='bbox 1170 1204 1261 1273; x_wconf 91' lang='lat' dir='ltr'><strong>qui</strong></span> <span class='ocrx_word' id='word_1_83' title='bbox 1298 1205 1561 1274; x_wconf 90' lang='lat' dir='ltr'><strong>facitejus</strong></span> <span class='ocrx_word' id='word_1_84' title='bbox 1588 1205 1942 1269; x_wconf 81' lang='lat' dir='ltr'><strong>voluntatem,</strong></span> <span class='ocrx_word' id='word_1_85' title='bbox 1979 1211 2186 1259; x_wconf 90' lang='lat' dir='ltr'><strong>servat-</strong></span> 
     </span>
    </p>
   </div>
   <div class='ocr_carea' id='block_1_14' title="bbox 628 1293 2186 1365">
    <p class='ocr_par' dir='ltr' id='par_1_14' title="bbox 628 1293 2186 1365">
     <span class='ocr_line' id='line_1_14' title="bbox 628 1293 2186 1365; baseline -0.001 -17"><span class='ocrx_word' id='word_1_86' title='bbox 628 1309 736 1364; x_wconf 89' lang='lat' dir='ltr'><strong>que</strong></span> <span class='ocrx_word' id='word_1_87' title='bbox 771 1295 914 1350; x_wconf 92' lang='lat' dir='ltr'><strong>illius</strong></span> <span class='ocrx_word' id='word_1_88' title='bbox 942 1295 1211 1350; x_wconf 88' lang='lat' dir='ltr'><strong>mandata.</strong></span> <span class='ocrx_word' id='word_1_89' title='bbox 1268 1313 1287 1347; x_wconf 79' lang='grc' dir='ltr'>ι</span> <span class='ocrx_word' id='word_1_90' title='bbox 1347 1295 1464 1351; x_wconf 86' lang='lat' dir='ltr'><strong>Non</strong></span> <span class='ocrx_word' id='word_1_91' title='bbox 1511 1297 1656 1350; x_wconf 90' lang='lat' dir='ltr'><strong>enim</strong></span> <span class='ocrx_word' id='word_1_92' title='bbox 1691 1295 1866 1352; x_wconf 89' lang='lat' dir='ltr'><strong>omnis</strong></span> <span class='ocrx_word' id='word_1_93' title='bbox 1913 1295 2006 1365; x_wconf 92' lang='lat' dir='ltr'><strong>qui</strong></span> <span class='ocrx_word' id='word_1_94' title='bbox 2051 1293 2186 1348; x_wconf 85' lang='lat' dir='ltr'><strong>dicit</strong></span> 
     </span>
    </p>
   </div>
   <div class='ocr_carea' id='block_1_15' title="bbox 628 1383 2185 1456">
    <p class='ocr_par' dir='ltr' id='par_1_15' title="bbox 628 1383 2185 1456">
     <span class='ocr_line' id='line_1_15' title="bbox 628 1383 2185 1456; baseline 0 -18"><span class='ocrx_word' id='word_1_95' title='bbox 628 1384 798 1440; x_wconf 87' lang='lat' dir='ltr'><strong>mihi:</strong></span> <span class='ocrx_word' id='word_1_96' title='bbox 836 1383 1081 1449; x_wconf 88' lang='lat' dir='ltr'><strong>Domine,</strong></span> <span class='ocrx_word' id='word_1_97' title='bbox 1127 1385 1373 1452; x_wconf 91' lang='lat' dir='ltr'><strong>Domine,</strong></span> <span class='ocrx_word' id='word_1_98' title='bbox 1421 1385 1644 1440; x_wconf 87' lang='lat' dir='ltr'><strong>intrabit</strong></span> <span class='ocrx_word' id='word_1_99' title='bbox 1676 1385 1728 1439; x_wconf 90' lang='lat' dir='ltr'><strong>iu</strong></span> <span class='ocrx_word' id='word_1_100' title='bbox 1764 1400 1988 1456; x_wconf 82' lang='lat' dir='ltr'><strong>regnum</strong></span> <span class='ocrx_word' id='word_1_101' title='bbox 2018 1384 2185 1438; x_wconf 69' lang='lat' dir='ltr'><strong>caalo-</strong></span> 
     </span>
    </p>
   </div>
   <div class='ocr_carea' id='block_1_16' title="bbox 629 1473 2179 1547">
    <p class='ocr_par' dir='ltr' id='par_1_16' title="bbox 629 1473 2179 1547">
     <span class='ocr_line' id='line_1_16' title="bbox 629 1473 2179 1547; baseline -0.003 -16"><span class='ocrx_word' id='word_1_102' title='bbox 629 1492 772 1540; x_wconf 90' lang='lat' dir='ltr'><strong>rum,</strong></span> <span class='ocrx_word' id='word_1_103' title='bbox 808 1477 903 1532; x_wconf 91' lang='lat' dir='ltr'><strong>sed</strong></span> <span class='ocrx_word' id='word_1_104' title='bbox 933 1477 1025 1547; x_wconf 90' lang='lat' dir='ltr'><strong>qui</strong></span> <span class='ocrx_word' id='word_1_105' title='bbox 1067 1477 1195 1532; x_wconf 83' lang='lat' dir='ltr'><strong>facit</strong></span> <span class='ocrx_word' id='word_1_106' title='bbox 1224 1478 1554 1532; x_wconf 81' lang='lat' dir='ltr'><strong>voluntatem</strong></span> <span class='ocrx_word' id='word_1_107' title='bbox 1588 1475 1765 1531; x_wconf 87' lang='lat' dir='ltr'><strong>Patris</strong></span> <span class='ocrx_word' id='word_1_108' title='bbox 1795 1476 1900 1530; x_wconf 90' lang='lat' dir='ltr'><strong>mei</strong></span> <span class='ocrx_word' id='word_1_109' title='bbox 1931 1487 1980 1530; x_wconf 76' lang='grc' dir='ltr'><strong>α.</strong></span> <span class='ocrx_word' id='word_1_110' title='bbox 2021 1493 2041 1528; x_wconf 76' lang='grc' dir='ltr'><strong>ι</strong></span> <span class='ocrx_word' id='word_1_111' title='bbox 2080 1473 2179 1528; x_wconf 84' lang='grc' dir='ltr'><strong>Ει;</strong></span> 
     </span>
    </p>
   </div>
   <div class='ocr_carea' id='block_1_17' title="bbox 634 1565 2182 1634">
    <p class='ocr_par' dir='ltr' id='par_1_17' title="bbox 634 1565 2182 1634">
     <span class='ocr_line' id='line_1_17' title="bbox 634 1565 2182 1634; baseline 0.001 -13"><span class='ocrx_word' id='word_1_112' title='bbox 634 1586 654 1621; x_wconf 78' lang='grc' dir='ltr'>ι</span> <span class='ocrx_word' id='word_1_113' title='bbox 694 1567 834 1634; x_wconf 88' lang='lat' dir='ltr'><strong>Quid</strong></span> <span class='ocrx_word' id='word_1_114' title='bbox 855 1584 939 1622; x_wconf 92' lang='lat' dir='ltr'><strong>me</strong></span> <span class='ocrx_word' id='word_1_115' title='bbox 961 1567 1168 1632; x_wconf 89' lang='lat' dir='ltr'><strong>dicitis,</strong></span> <span class='ocrx_word' id='word_1_116' title='bbox 1202 1567 1446 1633; x_wconf 87' lang='lat' dir='ltr'><strong>Domine,</strong></span> <span class='ocrx_word' id='word_1_117' title='bbox 1480 1567 1728 1630; x_wconf 88' lang='lat' dir='ltr'><strong>Domine,</strong></span> <span class='ocrx_word' id='word_1_118' title='bbox 1769 1575 1822 1622; x_wconf 91' lang='lat' dir='ltr'><strong>et</strong></span> <span class='ocrx_word' id='word_1_119' title='bbox 1861 1583 1968 1622; x_wconf 92' lang='lat' dir='ltr'><strong>non</strong></span> <span class='ocrx_word' id='word_1_120' title='bbox 2004 1565 2182 1622; x_wconf 90' lang='lat' dir='ltr'><strong>facitis</strong></span> 
     </span>
    </p>
   </div>
   <div class='ocr_carea' id='block_1_18' title="bbox 628 1657 2179 1728">
    <p class='ocr_par' dir='ltr' id='par_1_18' title="bbox 628 1657 2179 1728">
     <span class='ocr_line' id='line_1_18' title="bbox 628 1657 2179 1728; baseline 0 -16"><span class='ocrx_word' id='word_1_121' title='bbox 628 1674 748 1728; x_wconf 48' lang='lat' dir='ltr'><strong>qua!</strong></span> <span class='ocrx_word' id='word_1_122' title='bbox 763 1659 884 1713; x_wconf 93' lang='lat' dir='ltr'><strong>dico</strong></span> <span class='ocrx_word' id='word_1_123' title='bbox 905 1657 970 1712; x_wconf 63' lang='grc' dir='ltr'><strong>δτι</strong></span> <span class='ocrx_word' id='word_1_124' title='bbox 1001 1678 1020 1712; x_wconf 74' lang='grc' dir='ltr'><strong>ι</strong></span> <span class='ocrx_word' id='word_1_125' title='bbox 1054 1659 1150 1712; x_wconf 90' lang='lat' dir='ltr'><strong>Et:</strong></span> <span class='ocrx_word' id='word_1_126' title='bbox 1191 1677 1208 1710; x_wconf 77' lang='grc' dir='ltr'><strong>ι</strong></span> <span class='ocrx_word' id='word_1_127' title='bbox 1247 1658 1357 1714; x_wconf 84' lang='lat' dir='ltr'><strong>Vos</strong></span> <span class='ocrx_word' id='word_1_128' title='bbox 1384 1659 1526 1714; x_wconf 87' lang='lat' dir='ltr'><strong>beati</strong></span> <span class='ocrx_word' id='word_1_129' title='bbox 1553 1659 1643 1728; x_wconf 92' lang='lat' dir='ltr'><strong>qui</strong></span> <span class='ocrx_word' id='word_1_130' title='bbox 1674 1659 1867 1713; x_wconf 90' lang='lat' dir='ltr'><strong>videtis</strong></span> <span class='ocrx_word' id='word_1_131' title='bbox 1888 1665 1941 1713; x_wconf 91' lang='lat' dir='ltr'><strong>et</strong></span> <span class='ocrx_word' id='word_1_132' title='bbox 1959 1657 2179 1724; x_wconf 92' lang='lat' dir='ltr'><strong>auditis,</strong></span> 
     </span>
    </p>
   </div>
   <div class='ocr_carea' id='block_1_19' title="bbox 2293 467 3782 543">
    <p class='ocr_par' dir='ltr' id='par_1_19' title="bbox 2293 467 3782 543">
     <span class='ocr_line' id='line_1_19' title="bbox 2293 467 3782 543; baseline 0.002 -21"><span class='ocrx_word' id='word_1_133' title='bbox 2293 469 2389 532; x_wconf 79' lang='grc' dir='ltr'>τὰς</span> <span class='ocrx_word' id='word_1_134' title='bbox 2418 469 2757 541; x_wconf 83' lang='grc' dir='ltr'><strong>τετρωμένας</strong></span> <span class='ocrx_word' id='word_1_135' title='bbox 2787 467 2982 538; x_wconf 72' lang='grc' dir='ltr'>ψυχὰς,</span> <span class='ocrx_word' id='word_1_136' title='bbox 3005 469 3033 520; x_wconf 99' lang='lat'><strong>6</strong></span> <span class='ocrx_word' id='word_1_137' title='bbox 3057 467 3116 520; x_wconf 85' lang='grc' dir='ltr'>τὸ</span> <span class='ocrx_word' id='word_1_138' title='bbox 3155 469 3217 520; x_wconf 87' lang='grc' dir='ltr'><strong>ἐκ</strong></span> <span class='ocrx_word' id='word_1_139' title='bbox 3248 467 3560 538; x_wconf 80' lang='grc' dir='ltr'><strong>σπλάγχνων</strong></span> <span class='ocrx_word' id='word_1_140' title='bbox 3589 471 3782 543; x_wconf 74' lang='grc' dir='ltr'>Πνεῦμα-</span> 
     </span>
    </p>
   </div>
   <div class='ocr_carea' id='block_1_20' title="bbox 2291 558 3778 633">
    <p class='ocr_par' dir='ltr' id='par_1_20' title="bbox 2291 558 3778 633">
     <span class='ocr_line' id='line_1_20' title="bbox 2291 558 3778 633; baseline -0.001 -18"><span class='ocrx_word' id='word_1_141' title='bbox 2291 579 2380 625; x_wconf 91' lang='grc' dir='ltr'><strong>τος</strong></span> <span class='ocrx_word' id='word_1_142' title='bbox 2435 561 2607 614; x_wconf 81' lang='grc' dir='ltr'>ἔλαιον</span> <span class='ocrx_word' id='word_1_143' title='bbox 2671 558 3047 631; x_wconf 77' lang='grc' dir='ltr'>προσενεγκὼν</span> <span class='ocrx_word' id='word_1_144' title='bbox 3071 599 3086 623; x_wconf 95' lang='grc'><strong>,</strong></span> <span class='ocrx_word' id='word_1_145' title='bbox 3157 559 3252 612; x_wconf 68' lang='grc' dir='ltr'>καὶ</span> <span class='ocrx_word' id='word_1_146' title='bbox 3311 560 3778 633; x_wconf 71' lang='grc' dir='ltr'><strong>ἐπιδαψιλευόμενος·</strong></span> 
     </span>
    </p>
   </div>
   <div class='ocr_carea' id='block_1_21' title="bbox 2290 647 3780 722">
    <p class='ocr_par' dir='ltr' id='par_1_21' title="bbox 2290 647 3780 722">
     <span class='ocr_line' id='line_1_21' title="bbox 2290 647 3780 722; baseline -0.001 -18"><span class='ocrx_word' id='word_1_147' title='bbox 2290 647 2442 715; x_wconf 74' lang='grc' dir='ltr'>οὗτος</span> <span class='ocrx_word' id='word_1_148' title='bbox 2471 654 2499 705; x_wconf 92' lang='lat'><strong>6</strong></span> <span class='ocrx_word' id='word_1_149' title='bbox 2528 651 2653 714; x_wconf 77' lang='grc' dir='ltr'>τοὺς</span> <span class='ocrx_word' id='word_1_150' title='bbox 2684 650 2783 720; x_wconf 80' lang='grc' dir='ltr'>τῆς</span> <span class='ocrx_word' id='word_1_151' title='bbox 2813 649 2998 718; x_wconf 85' lang='grc' dir='ltr'>ὑγείας</span> <span class='ocrx_word' id='word_1_152' title='bbox 3035 649 3126 702; x_wconf 75' lang='grc' dir='ltr'>καὶ</span> <span class='ocrx_word' id='word_1_153' title='bbox 3159 651 3429 721; x_wconf 83' lang='grc' dir='ltr'><strong>σωτηρίας</strong></span> <span class='ocrx_word' id='word_1_154' title='bbox 3459 651 3662 722; x_wconf 65' lang='grc' dir='ltr'>δεσμοὺς</span> <span class='ocrx_word' id='word_1_155' title='bbox 3685 655 3780 708; x_wconf 72' lang='grc' dir='ltr'>ἀλύ-</span> 
     </span>
    </p>
   </div>
   <div class='ocr_carea' id='block_1_22' title="bbox 2289 739 3782 810">
    <p class='ocr_par' dir='ltr' id='par_1_22' title="bbox 2289 739 3782 810">
     <span class='ocr_line' id='line_1_22' title="bbox 2289 739 3782 810; baseline 0.005 -17"><span class='ocrx_word' id='word_1_156' title='bbox 2289 758 2414 804; x_wconf 82' lang='grc' dir='ltr'><strong>τους</strong></span> <span class='ocrx_word' id='word_1_157' title='bbox 2438 740 2724 804; x_wconf 79' lang='grc' dir='ltr'>ἐπιδείξας,</span> <span class='ocrx_word' id='word_1_158' title='bbox 2758 741 2998 810; x_wconf 83' lang='grc' dir='ltr'><strong>ἀγάπην,</strong></span> <span class='ocrx_word' id='word_1_159' title='bbox 3037 739 3238 804; x_wconf 80' lang='grc' dir='ltr'>πίστιν,</span> <span class='ocrx_word' id='word_1_160' title='bbox 3271 741 3476 794; x_wconf 86' lang='grc' dir='ltr'>ἐλπίδα·</span> <span class='ocrx_word' id='word_1_161' title='bbox 3512 740 3684 808; x_wconf 75' lang='grc' dir='ltr'>οὐτοςό</span> <span class='ocrx_word' id='word_1_162' title='bbox 3705 747 3782 801; x_wconf 81' lang='grc' dir='ltr'>δια-</span> 
     </span>
    </p>
   </div>
   <div class='ocr_carea' id='block_1_23' title="bbox 2290 830 3782 905">
    <p class='ocr_par' dir='ltr' id='par_1_23' title="bbox 2290 830 3782 905">
     <span class='ocr_line' id='line_1_23' title="bbox 2290 830 3782 905; baseline 0.006 -21"><span class='ocrx_word' id='word_1_163' title='bbox 2290 834 2462 885; x_wconf 88' lang='grc' dir='ltr'>κονεῖν</span> <span class='ocrx_word' id='word_1_164' title='bbox 2488 831 2748 900; x_wconf 80' lang='grc' dir='ltr'><strong>ἀγγέλους</strong></span> <span class='ocrx_word' id='word_1_165' title='bbox 2779 832 2872 884; x_wconf 78' lang='grc' dir='ltr'><strong>καὶ</strong></span> <span class='ocrx_word' id='word_1_166' title='bbox 2891 830 3065 902; x_wconf 80' lang='grc' dir='ltr'>ἀρχὰς</span> <span class='ocrx_word' id='word_1_167' title='bbox 3095 832 3186 884; x_wconf 79' lang='grc' dir='ltr'><strong>καὶ</strong></span> <span class='ocrx_word' id='word_1_168' title='bbox 3219 832 3464 897; x_wconf 81' lang='grc' dir='ltr'>ἐξουσίας</span> <span class='ocrx_word' id='word_1_169' title='bbox 3490 835 3607 905; x_wconf 81' lang='grc' dir='ltr'>ἡμῖν</span> <span class='ocrx_word' id='word_1_170' title='bbox 3633 837 3782 894; x_wconf 65' lang='lat'>67:016-</span> 
     </span>
    </p>
   </div>
   <div class='ocr_carea' id='block_1_24' title="bbox 2289 921 3778 1002">
    <p class='ocr_par' dir='ltr' id='par_1_24' title="bbox 2289 921 3778 1002">
     <span class='ocr_line' id='line_1_24' title="bbox 2289 921 3778 1002; baseline 0.005 -26"><span class='ocrx_word' id='word_1_171' title='bbox 2289 922 2384 989; x_wconf 83' lang='grc' dir='ltr'>ξας</span> <span class='ocrx_word' id='word_1_172' title='bbox 2405 923 2495 976; x_wconf 80' lang='grc' dir='ltr'>ἐπὶ</span> <span class='ocrx_word' id='word_1_173' title='bbox 2529 922 2743 994; x_wconf 83' lang='grc' dir='ltr'>μεγάλῳ</span> <span class='ocrx_word' id='word_1_174' title='bbox 2771 921 2960 993; x_wconf 84' lang='grc' dir='ltr'><strong>μισθῷ·</strong></span> <span class='ocrx_word' id='word_1_175' title='bbox 2995 923 3128 976; x_wconf 87' lang='grc' dir='ltr'><strong>διότι</strong></span> <span class='ocrx_word' id='word_1_176' title='bbox 3161 924 3254 976; x_wconf 74' lang='grc' dir='ltr'><strong>καὶ</strong></span> <span class='ocrx_word' id='word_1_177' title='bbox 3286 925 3440 978; x_wconf 75' lang='grc' dir='ltr'>αὐτοὶ</span> <span class='ocrx_word' id='word_1_178' title='bbox 3474 927 3778 1002; x_wconf 77' lang='grc' dir='ltr'>ἐλευθερωθή-</span> 
     </span>
    </p>
   </div>
   <div class='ocr_carea' id='block_1_25' title="bbox 2291 1014 3781 1094">
    <p class='ocr_par' dir='ltr' id='par_1_25' title="bbox 2291 1014 3781 1094">
     <span class='ocr_line' id='line_1_25' title="bbox 2291 1014 3781 1094; baseline 0.003 -24"><span class='ocrx_word' id='word_1_179' title='bbox 2291 1032 2469 1070; x_wconf 85' lang='grc' dir='ltr'>σονται</span> <span class='ocrx_word' id='word_1_180' title='bbox 2501 1014 2607 1069; x_wconf 85' lang='grc' dir='ltr'><strong>ἀπὸ</strong></span> <span class='ocrx_word' id='word_1_181' title='bbox 2647 1017 2744 1088; x_wconf 87' lang='grc' dir='ltr'>τῆς</span> <span class='ocrx_word' id='word_1_182' title='bbox 2778 1017 3131 1087; x_wconf 81' lang='grc' dir='ltr'><strong>ματαιότητος</strong></span> <span class='ocrx_word' id='word_1_183' title='bbox 3179 1015 3272 1069; x_wconf 79' lang='grc' dir='ltr'><strong>τοῦ</strong></span> <span class='ocrx_word' id='word_1_184' title='bbox 3317 1017 3516 1088; x_wconf 82' lang='grc' dir='ltr'><strong>κόσμου</strong></span> <span class='ocrx_word' id='word_1_185' title='bbox 3557 1022 3684 1091; x_wconf 87' lang='grc' dir='ltr'><strong>παρά</strong></span> <span class='ocrx_word' id='word_1_186' title='bbox 3712 1023 3781 1094; x_wconf 75' lang='grc' dir='ltr'>τὴν</span> 
     </span>
    </p>
   </div>
   <div class='ocr_carea' id='block_1_26' title="bbox 2287 1105 3779 1178">
    <p class='ocr_par' dir='ltr' id='par_1_26' title="bbox 2287 1105 3779 1178">
     <span class='ocr_line' id='line_1_26' title="bbox 2287 1105 3779 1178; baseline 0.003 -18"><span class='ocrx_word' id='word_1_187' title='bbox 2287 1105 2622 1176; x_wconf 79' lang='grc' dir='ltr'><strong>ἀποκάλυψιν</strong></span> <span class='ocrx_word' id='word_1_188' title='bbox 2671 1108 2769 1178; x_wconf 84' lang='grc' dir='ltr'>τῆς</span> <span class='ocrx_word' id='word_1_189' title='bbox 2798 1106 2955 1178; x_wconf 79' lang='grc' dir='ltr'>δόξης</span> <span class='ocrx_word' id='word_1_190' title='bbox 2999 1105 3108 1160; x_wconf 91' lang='grc' dir='ltr'><strong>τῶν</strong></span> <span class='ocrx_word' id='word_1_191' title='bbox 3156 1105 3287 1159; x_wconf 80' lang='grc' dir='ltr'>υἱῶν</span> <span class='ocrx_word' id='word_1_192' title='bbox 3329 1107 3421 1160; x_wconf 77' lang='grc' dir='ltr'>τοῦ</span> <span class='ocrx_word' id='word_1_193' title='bbox 3463 1108 3605 1162; x_wconf 84' lang='grc' dir='ltr'>Θεοῦ.</span> <span class='ocrx_word' id='word_1_194' title='bbox 3630 1111 3779 1165; x_wconf 75' lang='grc' dir='ltr'>Τοῦτον</span> 
     </span>
    </p>
   </div>
   <div class='ocr_carea' id='block_1_27' title="bbox 2287 1193 3780 1274">
    <p class='ocr_par' dir='ltr' id='par_1_27' title="bbox 2287 1193 3780 1274">
     <span class='ocr_line' id='line_1_27' title="bbox 2287 1193 3780 1274; baseline 0.001 -23"><span class='ocrx_word' id='word_1_195' title='bbox 2287 1193 2380 1251; x_wconf 81' lang='grc' dir='ltr'><strong>οὖν</strong></span> <span class='ocrx_word' id='word_1_196' title='bbox 2411 1198 2627 1269; x_wconf 80' lang='grc' dir='ltr'><strong>ἀγαπᾷν</strong></span> <span class='ocrx_word' id='word_1_197' title='bbox 2656 1197 2744 1251; x_wconf 76' lang='grc' dir='ltr'>ἴσα</span> <span class='ocrx_word' id='word_1_198' title='bbox 2765 1196 2868 1268; x_wconf 82' lang='grc' dir='ltr'>χρὴ</span> <span class='ocrx_word' id='word_1_199' title='bbox 2900 1196 2976 1267; x_wconf 81' lang='grc' dir='ltr'>τῷ</span> <span class='ocrx_word' id='word_1_200' title='bbox 3005 1195 3143 1267; x_wconf 80' lang='grc' dir='ltr'>θεῷ·</span> <span class='ocrx_word' id='word_1_201' title='bbox 3175 1199 3368 1268; x_wconf 80' lang='grc' dir='ltr'>ἀγαπᾷ</span> <span class='ocrx_word' id='word_1_202' title='bbox 3390 1198 3445 1250; x_wconf 86' lang='grc' dir='ltr'><strong>δὲ</strong></span> <span class='ocrx_word' id='word_1_203' title='bbox 3472 1201 3675 1269; x_wconf 80' lang='grc' dir='ltr'>Χριστὸν</span> <span class='ocrx_word' id='word_1_204' title='bbox 3709 1205 3780 1274; x_wconf 68' lang='lat'><strong>&#39;11;-</strong></span> 
     </span>
    </p>
   </div>
   <div class='ocr_carea' id='block_1_28' title="bbox 2289 1286 3777 1360">
    <p class='ocr_par' dir='ltr' id='par_1_28' title="bbox 2289 1286 3777 1360">
     <span class='ocr_line' id='line_1_28' title="bbox 2289 1286 3777 1360; baseline 0.005 -20"><span class='ocrx_word' id='word_1_205' title='bbox 2289 1286 2415 1341; x_wconf 82' lang='grc' dir='ltr'>σοῦν</span> <span class='ocrx_word' id='word_1_206' title='bbox 2445 1290 2474 1341; x_wconf 81' lang='grc' dir='ltr'>ὁ</span> <span class='ocrx_word' id='word_1_207' title='bbox 2499 1289 2558 1343; x_wconf 85' lang='grc' dir='ltr'>τὺ</span> <span class='ocrx_word' id='word_1_208' title='bbox 2583 1289 2791 1360; x_wconf 83' lang='grc' dir='ltr'>θέλημα</span> <span class='ocrx_word' id='word_1_209' title='bbox 2825 1287 2986 1342; x_wconf 82' lang='grc' dir='ltr'>αὐτοῦ</span> <span class='ocrx_word' id='word_1_210' title='bbox 3023 1288 3190 1342; x_wconf 92' lang='grc' dir='ltr'>ποιῶν</span> <span class='ocrx_word' id='word_1_211' title='bbox 3221 1290 3319 1343; x_wconf 72' lang='grc' dir='ltr'>καὶ</span> <span class='ocrx_word' id='word_1_212' title='bbox 3365 1291 3631 1360; x_wconf 79' lang='grc' dir='ltr'><strong>φυλάσσων</strong></span> <span class='ocrx_word' id='word_1_213' title='bbox 3659 1295 3777 1348; x_wconf 77' lang='grc' dir='ltr'>αὐτοῦ</span> 
     </span>
    </p>
   </div>
   <div class='ocr_carea' id='block_1_29' title="bbox 2253 1378 3779 1454">
    <p class='ocr_par' dir='ltr' id='par_1_29' title="bbox 2253 1378 3779 1454">
     <span class='ocr_line' id='line_1_29' title="bbox 2253 1378 3779 1454; baseline 0.002 -21"><span class='ocrx_word' id='word_1_214' title='bbox 2253 1403 2261 1414; x_wconf 69' lang='grc' dir='ltr'><strong>ι</strong></span> <span class='ocrx_word' id='word_1_215' title='bbox 2286 1380 2383 1443; x_wconf 81' lang='grc' dir='ltr'>τὰς</span> <span class='ocrx_word' id='word_1_216' title='bbox 2414 1379 2649 1443; x_wconf 85' lang='grc' dir='ltr'>ἐντολάς.</span> <span class='ocrx_word' id='word_1_217' title='bbox 2686 1398 2704 1431; x_wconf 84' lang='grc' dir='ltr'><strong>ι</strong></span> <span class='ocrx_word' id='word_1_218' title='bbox 2734 1379 2807 1432; x_wconf 91' lang='grc' dir='ltr'>Οὐ</span> <span class='ocrx_word' id='word_1_219' title='bbox 2838 1379 2946 1451; x_wconf 87' lang='grc' dir='ltr'>γὰρ</span> <span class='ocrx_word' id='word_1_220' title='bbox 2967 1381 3075 1443; x_wconf 79' lang='grc' dir='ltr'>πᾶς</span> <span class='ocrx_word' id='word_1_221' title='bbox 3099 1382 3127 1434; x_wconf 91' lang='lat'><strong>6</strong></span> <span class='ocrx_word' id='word_1_222' title='bbox 3155 1378 3327 1449; x_wconf 89' lang='grc' dir='ltr'>λέγων</span> <span class='ocrx_word' id='word_1_223' title='bbox 3370 1399 3478 1452; x_wconf 89' lang='grc' dir='ltr'>μοι,</span> <span class='ocrx_word' id='word_1_224' title='bbox 3510 1382 3675 1454; x_wconf 82' lang='grc' dir='ltr'>Κύριε,</span> <span class='ocrx_word' id='word_1_225' title='bbox 3702 1383 3779 1438; x_wconf 85' lang='grc' dir='ltr'><strong>Κύ-</strong></span> 
     </span>
    </p>
   </div>
   <div class='ocr_carea' id='block_1_30' title="bbox 2288 1470 3776 1545">
    <p class='ocr_par' dir='ltr' id='par_1_30' title="bbox 2288 1470 3776 1545">
     <span class='ocr_line' id='line_1_30' title="bbox 2288 1470 3776 1545; baseline 0.002 -22"><span class='ocrx_word' id='word_1_226' title='bbox 2288 1487 2390 1542; x_wconf 91' lang='grc' dir='ltr'>ριε,</span> <span class='ocrx_word' id='word_1_227' title='bbox 2425 1470 2782 1524; x_wconf 79' lang='grc' dir='ltr'>εἰσελεύσεται</span> <span class='ocrx_word' id='word_1_228' title='bbox 2825 1473 2902 1534; x_wconf 84' lang='grc' dir='ltr'><strong>είς</strong></span> <span class='ocrx_word' id='word_1_229' title='bbox 2953 1470 3052 1542; x_wconf 77' lang='grc' dir='ltr'><strong>τὴν</strong></span> <span class='ocrx_word' id='word_1_230' title='bbox 3099 1470 3377 1541; x_wconf 88' lang='grc' dir='ltr'>βασιλείαν</span> <span class='ocrx_word' id='word_1_231' title='bbox 3428 1473 3530 1528; x_wconf 89' lang='grc' dir='ltr'><strong>τῶν</strong></span> <span class='ocrx_word' id='word_1_232' title='bbox 3574 1474 3776 1545; x_wconf 77' lang='grc' dir='ltr'><strong>οὐρανῶν,</strong></span> 
     </span>
    </p>
   </div>
   <div class='ocr_carea' id='block_1_31' title="bbox 2286 1563 3776 1635">
    <p class='ocr_par' dir='ltr' id='par_1_31' title="bbox 2286 1563 3776 1635">
     <span class='ocr_line' id='line_1_31' title="bbox 2286 1563 3776 1635; baseline 0.001 -19"><span class='ocrx_word' id='word_1_233' title='bbox 2286 1563 2396 1616; x_wconf 86' lang='grc' dir='ltr'>ἀλλ’</span> <span class='ocrx_word' id='word_1_234' title='bbox 2417 1565 2445 1616; x_wconf 92' lang='lat'><strong>6</strong></span> <span class='ocrx_word' id='word_1_235' title='bbox 2469 1563 2632 1616; x_wconf 89' lang='grc' dir='ltr'>ποιῶν</span> <span class='ocrx_word' id='word_1_236' title='bbox 2655 1563 2714 1616; x_wconf 82' lang='grc' dir='ltr'>τὸ</span> <span class='ocrx_word' id='word_1_237' title='bbox 2743 1563 2953 1634; x_wconf 88' lang='grc' dir='ltr'>θέλημα</span> <span class='ocrx_word' id='word_1_238' title='bbox 2978 1563 3071 1616; x_wconf 80' lang='grc' dir='ltr'>τοῦ</span> <span class='ocrx_word' id='word_1_239' title='bbox 3104 1563 3320 1634; x_wconf 79' lang='grc' dir='ltr'><strong>Πατρός</strong></span> <span class='ocrx_word' id='word_1_240' title='bbox 3353 1582 3472 1635; x_wconf 89' lang='grc' dir='ltr'>μου.</span> <span class='ocrx_word' id='word_1_241' title='bbox 3509 1584 3526 1617; x_wconf 79' lang='grc' dir='ltr'><strong>ι</strong></span> <span class='ocrx_word' id='word_1_242' title='bbox 3561 1566 3669 1619; x_wconf 77' lang='grc' dir='ltr'>Καί·</span> <span class='ocrx_word' id='word_1_243' title='bbox 3695 1584 3709 1618; x_wconf 86' lang='grc' dir='ltr'><strong>ι</strong></span> <span class='ocrx_word' id='word_1_244' title='bbox 3732 1563 3776 1618; x_wconf 82' lang='grc' dir='ltr'>Τί</span> 
     </span>
    </p>
   </div>
   <div class='ocr_carea' id='block_1_32' title="bbox 2289 1653 3769 1728">
    <p class='ocr_par' dir='ltr' id='par_1_32' title="bbox 2289 1653 3769 1728">
     <span class='ocr_line' id='line_1_32' title="bbox 2289 1653 3769 1728; baseline 0.001 -22"><span class='ocrx_word' id='word_1_245' title='bbox 2289 1671 2354 1724; x_wconf 91' lang='grc' dir='ltr'><strong>με</strong></span> <span class='ocrx_word' id='word_1_246' title='bbox 2374 1654 2578 1724; x_wconf 80' lang='grc' dir='ltr'>λέγετε,</span> <span class='ocrx_word' id='word_1_247' title='bbox 2614 1653 2805 1726; x_wconf 80' lang='grc' dir='ltr'>Κύριε,</span> <span class='ocrx_word' id='word_1_248' title='bbox 2837 1653 3030 1728; x_wconf 86' lang='grc' dir='ltr'>Κύριε,</span> <span class='ocrx_word' id='word_1_249' title='bbox 3073 1655 3166 1707; x_wconf 84' lang='grc' dir='ltr'><strong>καὶ</strong></span> <span class='ocrx_word' id='word_1_250' title='bbox 3197 1655 3260 1708; x_wconf 87' lang='grc' dir='ltr'><strong>οὐ</strong></span> <span class='ocrx_word' id='word_1_251' title='bbox 3295 1659 3493 1708; x_wconf 80' lang='grc' dir='ltr'>ποιεῖτε</span> <span class='ocrx_word' id='word_1_252' title='bbox 3523 1655 3556 1710; x_wconf 78' lang='grc' dir='ltr'><strong>ἀ</strong></span> <span class='ocrx_word' id='word_1_253' title='bbox 3584 1656 3722 1724; x_wconf 59' lang='grc' dir='ltr'>λέγω</span> <span class='ocrx_word' id='word_1_254' title='bbox 3757 1678 3769 1708; x_wconf 80' lang='grc' dir='ltr'>ι</span> 
     </span>
    </p>
   </div>
   <div class='ocr_carea' id='block_1_33' title="bbox 629 1740 2179 1833">
    <p class='ocr_par' dir='ltr' id='par_1_33' title="bbox 629 1750 2179 1833">
     <span class='ocr_line' id='line_1_33' title="bbox 629 1750 2179 1833; baseline 0.002 -32"><span class='ocrx_word' id='word_1_255' title='bbox 629 1766 749 1820; x_wconf 66' lang='lat' dir='ltr'><strong>quae</strong></span> <span class='ocrx_word' id='word_1_256' title='bbox 777 1767 876 1806; x_wconf 90' lang='lat' dir='ltr'><strong>nec</strong></span> <span class='ocrx_word' id='word_1_257' title='bbox 896 1751 1052 1820; x_wconf 88' lang='lat' dir='ltr'><strong>justi,</strong></span> <span class='ocrx_word' id='word_1_258' title='bbox 1086 1767 1186 1806; x_wconf 92' lang='lat' dir='ltr'><strong>nec</strong></span> <span class='ocrx_word' id='word_1_259' title='bbox 1217 1752 1492 1822; x_wconf 76' lang='lat' dir='ltr'><strong>praphetae</strong></span> <span class='ocrx_word' id='word_1_260' title='bbox 1517 1752 1766 1833; x_wconf 83' lang='lat' dir='ltr'><strong>viderunt</strong></span> <span class='ocrx_word' id='word_1_261' title='bbox 1787 1761 1844 1818; x_wconf 83' lang='lat' dir='ltr'><strong>c;</strong></span> <span class='ocrx_word' id='word_1_262' title='bbox 1873 1769 1892 1803; x_wconf 68' lang='grc' dir='ltr'><strong>ι</strong></span> <span class='ocrx_word' id='word_1_263' title='bbox 1913 1750 2072 1806; x_wconf 89' lang='lat' dir='ltr'><strong>modo</strong></span> <span class='ocrx_word' id='word_1_264' title='bbox 2101 1758 2179 1804; x_wconf 89' lang='lat' dir='ltr'><strong>ta-</strong></span> 
     </span>
    </p>
   </div>
   <div class='ocr_carea' id='block_1_34' title="bbox 2253 1740 3772 1833">
    <p class='ocr_par' dir='ltr' id='par_1_34' title="bbox 2253 1745 3772 1817">
     <span class='ocr_line' id='line_1_34' title="bbox 2253 1745 3772 1817; baseline 0.001 -19"><span class='ocrx_word' id='word_1_265' title='bbox 2253 1745 2410 1799; x_wconf 62' lang='grc' dir='ltr'>ιΚαί·</span> <span class='ocrx_word' id='word_1_266' title='bbox 2449 1765 2466 1798; x_wconf 79' lang='grc' dir='ltr'><strong>ι</strong></span> <span class='ocrx_word' id='word_1_267' title='bbox 2514 1747 2701 1816; x_wconf 84' lang='grc' dir='ltr'>Ὑμεῖς</span> <span class='ocrx_word' id='word_1_268' title='bbox 2732 1747 2986 1817; x_wconf 86' lang='grc' dir='ltr'>μακάριοι</span> <span class='ocrx_word' id='word_1_269' title='bbox 3031 1747 3079 1799; x_wconf 79' lang='grc' dir='ltr'><strong>οἱ</strong></span> <span class='ocrx_word' id='word_1_270' title='bbox 3115 1745 3350 1816; x_wconf 85' lang='grc' dir='ltr'>ὁρῶντες</span> <span class='ocrx_word' id='word_1_271' title='bbox 3397 1747 3488 1800; x_wconf 68' lang='grc' dir='ltr'><strong>καὶ</strong></span> <span class='ocrx_word' id='word_1_272' title='bbox 3531 1749 3772 1811; x_wconf 78' lang='grc' dir='ltr'>ἀκούοντες,</span> 
     </span>
    </p>
   </div>
   <div class='ocr_carea' id='block_1_35' title="bbox 629 1843 1423 1915">
    <p class='ocr_par' dir='ltr' id='par_1_35' title="bbox 629 1843 1423 1915">
     <span class='ocr_line' id='line_1_35' title="bbox 629 1843 1423 1915; baseline 0.003 -19"><span class='ocrx_word' id='word_1_273' title='bbox 629 1857 754 1898; x_wconf 83' lang='lat' dir='ltr'><strong>men</strong></span> <span class='ocrx_word' id='word_1_274' title='bbox 789 1843 1026 1899; x_wconf 86' lang='lat' dir='ltr'><strong>feceritis</strong></span> <span class='ocrx_word' id='word_1_275' title='bbox 1050 1859 1112 1899; x_wconf 92' lang='lat' dir='ltr'><strong>ea</strong></span> <span class='ocrx_word' id='word_1_276' title='bbox 1134 1861 1254 1915; x_wconf 71' lang='lat' dir='ltr'><strong>qua:</strong></span> <span class='ocrx_word' id='word_1_277' title='bbox 1283 1845 1423 1900; x_wconf 90' lang='lat' dir='ltr'><strong>dico.</strong></span> 
     </span>
    </p>
   </div>
   <div class='ocr_carea' id='block_1_36' title="bbox 697 2059 2181 2140">
    <p class='ocr_par' dir='ltr' id='par_1_36' title="bbox 697 2059 2181 2140">
     <span class='ocr_line' id='line_1_36' title="bbox 697 2059 2181 2140; baseline 0.005 -25"><span class='ocrx_word' id='word_1_278' title='bbox 697 2059 863 2116; x_wconf 78' lang='lat' dir='ltr'><strong>XXX.</strong></span> <span class='ocrx_word' id='word_1_279' title='bbox 888 2061 1104 2118; x_wconf 89' lang='lat' dir='ltr'><strong>Primus</strong></span> <span class='ocrx_word' id='word_1_280' title='bbox 1126 2064 1290 2134; x_wconf 90' lang='lat' dir='ltr'><strong>igitur</strong></span> <span class='ocrx_word' id='word_1_281' title='bbox 1319 2065 1404 2121; x_wconf 91' lang='lat' dir='ltr'><strong>hic</strong></span> <span class='ocrx_word' id='word_1_282' title='bbox 1419 2074 1522 2132; x_wconf 89' lang='lat' dir='ltr'><strong>est,</strong></span> <span class='ocrx_word' id='word_1_283' title='bbox 1548 2069 1640 2139; x_wconf 92' lang='lat' dir='ltr'><strong>qui</strong></span> <span class='ocrx_word' id='word_1_284' title='bbox 1671 2067 1950 2125; x_wconf 86' lang='lat' dir='ltr'><strong>Christum</strong></span> <span class='ocrx_word' id='word_1_285' title='bbox 1971 2068 2181 2140; x_wconf 87' lang='lat' dir='ltr'><strong>diligit;</strong></span> 
     </span>
    </p>
   </div>
   <div class='ocr_carea' id='block_1_37' title="bbox 627 2154 2184 2227">
    <p class='ocr_par' dir='ltr' id='par_1_37' title="bbox 627 2154 2184 2227">
     <span class='ocr_line' id='line_1_37' title="bbox 627 2154 2184 2227; baseline 0.004 -19"><span class='ocrx_word' id='word_1_286' title='bbox 627 2154 898 2208; x_wconf 79' lang='lat' dir='ltr'><strong>secundus</strong></span> <span class='ocrx_word' id='word_1_287' title='bbox 946 2155 1054 2220; x_wconf 92' lang='lat' dir='ltr'><strong>ille,</strong></span> <span class='ocrx_word' id='word_1_288' title='bbox 1107 2157 1198 2226; x_wconf 90' lang='lat' dir='ltr'><strong>qui</strong></span> <span class='ocrx_word' id='word_1_289' title='bbox 1243 2158 1361 2227; x_wconf 88' lang='lat' dir='ltr'><strong>ejus</strong></span> <span class='ocrx_word' id='word_1_290' title='bbox 1421 2159 1604 2215; x_wconf 84' lang='lat' dir='ltr'><strong>ﬁdeles</strong></span> <span class='ocrx_word' id='word_1_291' title='bbox 1669 2161 1862 2215; x_wconf 88' lang='lat' dir='ltr'><strong>honori</strong></span> <span class='ocrx_word' id='word_1_292' title='bbox 1910 2161 2070 2216; x_wconf 90' lang='lat' dir='ltr'><strong>habet</strong></span> <span class='ocrx_word' id='word_1_293' title='bbox 2120 2175 2184 2214; x_wconf 88' lang='lat' dir='ltr'><strong>ac</strong></span> 
     </span>
    </p>
   </div>
   <div class='ocr_carea' id='block_1_38' title="bbox 627 2245 2182 2323">
    <p class='ocr_par' dir='ltr' id='par_1_38' title="bbox 627 2245 2182 2323">
     <span class='ocr_line' id='line_1_38' title="bbox 627 2245 2182 2323; baseline 0.005 -24"><span class='ocrx_word' id='word_1_294' title='bbox 627 2245 779 2300; x_wconf 77' lang='lat' dir='ltr'><strong>colit.</strong></span> <span class='ocrx_word' id='word_1_295' title='bbox 811 2245 966 2312; x_wconf 84' lang='lat' dir='ltr'><strong>Quod</strong></span> <span class='ocrx_word' id='word_1_296' title='bbox 994 2247 1136 2302; x_wconf 89' lang='lat' dir='ltr'><strong>enim</strong></span> <span class='ocrx_word' id='word_1_297' title='bbox 1167 2249 1222 2302; x_wconf 91' lang='lat' dir='ltr'><strong>in</strong></span> <span class='ocrx_word' id='word_1_298' title='bbox 1250 2249 1576 2320; x_wconf 90' lang='lat' dir='ltr'><strong>discipulum</strong></span> <span class='ocrx_word' id='word_1_299' title='bbox 1608 2253 1731 2322; x_wconf 89' lang='lat' dir='ltr'><strong>quis</strong></span> <span class='ocrx_word' id='word_1_300' title='bbox 1759 2253 1947 2323; x_wconf 86' lang='lat' dir='ltr'><strong>egerit,</strong></span> <span class='ocrx_word' id='word_1_301' title='bbox 1979 2253 2082 2307; x_wconf 92' lang='lat' dir='ltr'><strong>hoc</strong></span> <span class='ocrx_word' id='word_1_302' title='bbox 2126 2253 2182 2307; x_wconf 91' lang='lat' dir='ltr'><strong>in</strong></span> 
     </span>
    </p>
   </div>
   <div class='ocr_carea' id='block_1_39' title="bbox 627 2335 2185 2414">
    <p class='ocr_par' dir='ltr' id='par_1_39' title="bbox 627 2335 2185 2414">
     <span class='ocr_line' id='line_1_39' title="bbox 627 2335 2185 2414; baseline 0.004 -22"><span class='ocrx_word' id='word_1_303' title='bbox 627 2351 690 2392; x_wconf 85' lang='lat' dir='ltr'><strong>se</strong></span> <span class='ocrx_word' id='word_1_304' title='bbox 719 2335 976 2393; x_wconf 85' lang='lat' dir='ltr'><strong>Dominus</strong></span> <span class='ocrx_word' id='word_1_305' title='bbox 1023 2339 1224 2394; x_wconf 89' lang='lat' dir='ltr'><strong>factum</strong></span> <span class='ocrx_word' id='word_1_306' title='bbox 1269 2342 1486 2412; x_wconf 91' lang='lat' dir='ltr'><strong>accipit,</strong></span> <span class='ocrx_word' id='word_1_307' title='bbox 1531 2357 1593 2396; x_wconf 92' lang='lat' dir='ltr'><strong>ac</strong></span> <span class='ocrx_word' id='word_1_308' title='bbox 1635 2343 1893 2414; x_wconf 84' lang='lat' dir='ltr'><strong>quidquid</strong></span> <span class='ocrx_word' id='word_1_309' title='bbox 1928 2343 2060 2397; x_wconf 88' lang='lat' dir='ltr'><strong>illud</strong></span> <span class='ocrx_word' id='word_1_310' title='bbox 2101 2352 2185 2400; x_wconf 90' lang='lat' dir='ltr'><strong>est</strong></span> 
     </span>
    </p>
   </div>
   <div class='ocr_carea' id='block_1_40' title="bbox 627 2429 2183 2507">
    <p class='ocr_par' dir='ltr' id='par_1_40' title="bbox 627 2429 2183 2507">
     <span class='ocr_line' id='line_1_40' title="bbox 627 2429 2183 2507; baseline 0.005 -25"><span class='ocrx_word' id='word_1_311' title='bbox 627 2429 732 2484; x_wconf 82' lang='lat' dir='ltr'><strong>sibi</strong></span> <span class='ocrx_word' id='word_1_312' title='bbox 755 2431 998 2486; x_wconf 86' lang='lat' dir='ltr'><strong>ascribit.</strong></span> <span class='ocrx_word' id='word_1_313' title='bbox 1036 2449 1054 2483; x_wconf 86' lang='grc' dir='ltr'>ι</span> <span class='ocrx_word' id='word_1_314' title='bbox 1093 2431 1302 2499; x_wconf 83' lang='lat' dir='ltr'><strong>Venite,</strong></span> <span class='ocrx_word' id='word_1_315' title='bbox 1333 2435 1600 2490; x_wconf 90' lang='lat' dir='ltr'><strong>benedicti</strong></span> <span class='ocrx_word' id='word_1_316' title='bbox 1624 2435 1800 2491; x_wconf 85' lang='lat' dir='ltr'><strong>Patris</strong></span> <span class='ocrx_word' id='word_1_317' title='bbox 1834 2437 1961 2500; x_wconf 89' lang='lat' dir='ltr'><strong>mei,</strong></span> <span class='ocrx_word' id='word_1_318' title='bbox 2005 2437 2183 2507; x_wconf 88' lang='lat' dir='ltr'><strong>possi-</strong></span> 
     </span>
    </p>
   </div>
   <div class='ocr_carea' id='block_1_41' title="bbox 625 2521 2179 2598">
    <p class='ocr_par' dir='ltr' id='par_1_41' title="bbox 625 2521 2179 2598">
     <span class='ocr_line' id='line_1_41' title="bbox 625 2521 2179 2598; baseline 0.005 -22"><span class='ocrx_word' id='word_1_319' title='bbox 625 2521 748 2577; x_wconf 90' lang='lat' dir='ltr'><strong>dete</strong></span> <span class='ocrx_word' id='word_1_320' title='bbox 769 2531 1016 2592; x_wconf 89' lang='lat' dir='ltr'><strong>paratum</strong></span> <span class='ocrx_word' id='word_1_321' title='bbox 1047 2525 1200 2580; x_wconf 91' lang='lat' dir='ltr'><strong>vobis</strong></span> <span class='ocrx_word' id='word_1_322' title='bbox 1225 2542 1449 2598; x_wconf 86' lang='lat' dir='ltr'><strong>regnum</strong></span> <span class='ocrx_word' id='word_1_323' title='bbox 1483 2543 1513 2580; x_wconf 93' lang='lat' dir='ltr'><strong>a</strong></span> <span class='ocrx_word' id='word_1_324' title='bbox 1542 2530 1928 2585; x_wconf 89' lang='lat' dir='ltr'><strong>constitutione</strong></span> <span class='ocrx_word' id='word_1_325' title='bbox 1973 2529 2179 2584; x_wconf 91' lang='lat' dir='ltr'><strong>mundi.</strong></span> 
     </span>
    </p>
   </div>
   <div class='ocr_carea' id='block_1_42' title="bbox 625 2613 2182 2691">
    <p class='ocr_par' dir='ltr' id='par_1_42' title="bbox 625 2613 2182 2691">
     <span class='ocr_line' id='line_1_42' title="bbox 625 2613 2182 2691; baseline 0.005 -23"><span class='ocrx_word' id='word_1_326' title='bbox 625 2613 838 2670; x_wconf 77' lang='lat' dir='ltr'><strong>Esurivi</strong></span> <span class='ocrx_word' id='word_1_327' title='bbox 869 2618 1034 2682; x_wconf 91' lang='lat' dir='ltr'><strong>enim,</strong></span> <span class='ocrx_word' id='word_1_328' title='bbox 1066 2627 1119 2674; x_wconf 89' lang='lat' dir='ltr'><strong>et</strong></span> <span class='ocrx_word' id='word_1_329' title='bbox 1143 2619 1368 2676; x_wconf 90' lang='lat' dir='ltr'><strong>dedistis</strong></span> <span class='ocrx_word' id='word_1_330' title='bbox 1390 2621 1519 2675; x_wconf 88' lang='lat' dir='ltr'><strong>mihi</strong></span> <span class='ocrx_word' id='word_1_331' title='bbox 1550 2622 1912 2691; x_wconf 79' lang='lat' dir='ltr'><strong>manducare;</strong></span> <span class='ocrx_word' id='word_1_332' title='bbox 1935 2623 2102 2685; x_wconf 88' lang='lat' dir='ltr'><strong>sitivi,</strong></span> <span class='ocrx_word' id='word_1_333' title='bbox 2129 2629 2182 2677; x_wconf 92' lang='lat' dir='ltr'><strong>et</strong></span> 
     </span>
    </p>
   </div>
   <div class='ocr_carea' id='block_1_43' title="bbox 623 2704 2181 2786">
    <p class='ocr_par' dir='ltr' id='par_1_43' title="bbox 623 2704 2181 2786">
     <span class='ocr_line' id='line_1_43' title="bbox 623 2704 2181 2786; baseline 0.005 -26"><span class='ocrx_word' id='word_1_334' title='bbox 623 2704 854 2762; x_wconf 85' lang='lat' dir='ltr'><strong>dedistis</strong></span> <span class='ocrx_word' id='word_1_335' title='bbox 903 2707 1036 2761; x_wconf 88' lang='lat' dir='ltr'><strong>mihi</strong></span> <span class='ocrx_word' id='word_1_336' title='bbox 1077 2709 1294 2776; x_wconf 82' lang='lat' dir='ltr'><strong>bibere;</strong></span> <span class='ocrx_word' id='word_1_337' title='bbox 1339 2710 1537 2782; x_wconf 87' lang='lat' dir='ltr'><strong>hospes</strong></span> <span class='ocrx_word' id='word_1_338' title='bbox 1570 2720 1740 2778; x_wconf 83' lang='lat' dir='ltr'><strong>eram,</strong></span> <span class='ocrx_word' id='word_1_339' title='bbox 1783 2722 1836 2769; x_wconf 91' lang='lat' dir='ltr'><strong>et</strong></span> <span class='ocrx_word' id='word_1_340' title='bbox 1886 2713 2181 2786; x_wconf 86' lang='lat' dir='ltr'><strong>collegistis</strong></span> 
     </span>
    </p>
   </div>
   <div class='ocr_carea' id='block_1_44' title="bbox 621 2798 2182 2871">
    <p class='ocr_par' dir='ltr' id='par_1_44' title="bbox 621 2798 2182 2871">
     <span class='ocr_line' id='line_1_44' title="bbox 621 2798 2182 2871; baseline 0.005 -21"><span class='ocrx_word' id='word_1_341' title='bbox 621 2811 738 2865; x_wconf 89' lang='lat' dir='ltr'><strong>me;</strong></span> <span class='ocrx_word' id='word_1_342' title='bbox 773 2798 972 2864; x_wconf 83' lang='lat' dir='ltr'><strong>nudus,</strong></span> <span class='ocrx_word' id='word_1_343' title='bbox 1005 2807 1058 2856; x_wconf 92' lang='lat' dir='ltr'><strong>et</strong></span> <span class='ocrx_word' id='word_1_344' title='bbox 1084 2803 1442 2870; x_wconf 89' lang='lat' dir='ltr'><strong>cooperuistis</strong></span> <span class='ocrx_word' id='word_1_345' title='bbox 1463 2819 1575 2871; x_wconf 92' lang='lat' dir='ltr'><strong>me;</strong></span> <span class='ocrx_word' id='word_1_346' title='bbox 1611 2804 1878 2868; x_wconf 85' lang='lat' dir='ltr'><strong>infirmus,</strong></span> <span class='ocrx_word' id='word_1_347' title='bbox 1910 2815 1964 2861; x_wconf 90' lang='lat' dir='ltr'><strong>et</strong></span> <span class='ocrx_word' id='word_1_348' title='bbox 1992 2806 2182 2862; x_wconf 88' lang='lat' dir='ltr'><strong>visita-</strong></span> 
     </span>
    </p>
   </div>
   <div class='ocr_carea' id='block_1_45' title="bbox 623 2890 2180 2960">
    <p class='ocr_par' dir='ltr' id='par_1_45' title="bbox 623 2890 2180 2960">
     <span class='ocr_line' id='line_1_45' title="bbox 623 2890 2180 2960; baseline 0.004 -14"><span class='ocrx_word' id='word_1_349' title='bbox 623 2890 723 2946; x_wconf 86' lang='lat' dir='ltr'><strong>stis</strong></span> <span class='ocrx_word' id='word_1_350' title='bbox 758 2906 876 2956; x_wconf 90' lang='lat' dir='ltr'><strong>me;</strong></span> <span class='ocrx_word' id='word_1_351' title='bbox 918 2892 972 2945; x_wconf 91' lang='lat' dir='ltr'><strong>in</strong></span> <span class='ocrx_word' id='word_1_352' title='bbox 1003 2908 1221 2948; x_wconf 84' lang='lat' dir='ltr'><strong>carcere</strong></span> <span class='ocrx_word' id='word_1_353' title='bbox 1254 2909 1426 2960; x_wconf 89' lang='lat' dir='ltr'><strong>eram,</strong></span> <span class='ocrx_word' id='word_1_354' title='bbox 1459 2905 1512 2950; x_wconf 91' lang='lat' dir='ltr'><strong>et</strong></span> <span class='ocrx_word' id='word_1_355' title='bbox 1541 2897 1766 2951; x_wconf 80' lang='lat' dir='ltr'><strong>venistis</strong></span> <span class='ocrx_word' id='word_1_356' title='bbox 1790 2898 1858 2952; x_wconf 92' lang='lat' dir='ltr'><strong>ad</strong></span> <span class='ocrx_word' id='word_1_357' title='bbox 1888 2914 1992 2954; x_wconf 87' lang='lat' dir='ltr'><strong>me.</strong></span> <span class='ocrx_word' id='word_1_358' title='bbox 2027 2897 2180 2953; x_wconf 92' lang='lat' dir='ltr'><strong>Tunc</strong></span> 
     </span>
    </p>
   </div>
   <div class='ocr_carea' id='block_1_46' title="bbox 621 2980 2178 3059">
    <p class='ocr_par' dir='ltr' id='par_1_46' title="bbox 621 2980 2178 3059">
     <span class='ocr_line' id='line_1_46' title="bbox 621 2980 2178 3059; baseline 0.006 -25"><span class='ocrx_word' id='word_1_359' title='bbox 621 2980 1025 3052; x_wconf 88' lang='lat' dir='ltr'><strong>respondebunt</strong></span> <span class='ocrx_word' id='word_1_360' title='bbox 1065 2983 1114 3038; x_wconf 92' lang='lat' dir='ltr'><strong>ei</strong></span> <span class='ocrx_word' id='word_1_361' title='bbox 1147 2983 1300 3053; x_wconf 90' lang='lat' dir='ltr'><strong>justi,</strong></span> <span class='ocrx_word' id='word_1_362' title='bbox 1343 2985 1626 3043; x_wconf 88' lang='lat' dir='ltr'><strong>dicentes:</strong></span> <span class='ocrx_word' id='word_1_363' title='bbox 1660 2987 1905 3056; x_wconf 91' lang='lat' dir='ltr'><strong>Domine,</strong></span> <span class='ocrx_word' id='word_1_364' title='bbox 1959 2989 2178 3059; x_wconf 90' lang='lat' dir='ltr'><strong>quando</strong></span> 
     </span>
    </p>
   </div>
   <div class='ocr_carea' id='block_1_47' title="bbox 2283 1835 3773 1910">
    <p class='ocr_par' dir='ltr' id='par_1_47' title="bbox 2283 1835 3773 1910">
     <span class='ocr_line' id='line_1_47' title="bbox 2283 1835 3773 1910; baseline 0.003 -21"><span class='ocrx_word' id='word_1_365' title='bbox 2283 1835 2319 1889; x_wconf 82' lang='grc' dir='ltr'>ἃ</span> <span class='ocrx_word' id='word_1_366' title='bbox 2373 1837 2507 1908; x_wconf 78' lang='grc' dir='ltr'>μήτε</span> <span class='ocrx_word' id='word_1_367' title='bbox 2557 1837 2772 1903; x_wconf 87' lang='grc' dir='ltr'>δίκαιοι,</span> <span class='ocrx_word' id='word_1_368' title='bbox 2827 1838 2965 1910; x_wconf 79' lang='grc' dir='ltr'>’μήτε</span> <span class='ocrx_word' id='word_1_369' title='bbox 3011 1836 3308 1909; x_wconf 78' lang='grc' dir='ltr'>προφῆται,</span> <span class='ocrx_word' id='word_1_370' title='bbox 3367 1857 3389 1891; x_wconf 68' lang='grc' dir='ltr'><strong>ι</strong></span> <span class='ocrx_word' id='word_1_371' title='bbox 3443 1838 3532 1892; x_wconf 78' lang='grc' dir='ltr'>ἐὰν</span> <span class='ocrx_word' id='word_1_372' title='bbox 3582 1839 3773 1910; x_wconf 73' lang='grc' dir='ltr'>ποιῆπᾶ</span> 
     </span>
    </p>
   </div>
   <div class='ocr_carea' id='block_1_48' title="bbox 2281 1927 2441 1998">
    <p class='ocr_par' dir='ltr' id='par_1_48' title="bbox 2281 1927 2441 1998">
     <span class='ocr_line' id='line_1_48' title="bbox 2281 1927 2441 1998; baseline 0.006 -17"><span class='ocrx_word' id='word_1_373' title='bbox 2281 1927 2441 1998; x_wconf 88' lang='grc' dir='ltr'>λέγω.</span> 
     </span>
    </p>
   </div>
   <div class='ocr_carea' id='block_1_49' title="bbox 2351 2059 3772 2138">
    <p class='ocr_par' dir='ltr' id='par_1_49' title="bbox 2351 2059 3772 2138">
     <span class='ocr_line' id='line_1_49' title="bbox 2351 2059 3772 2138; baseline 0.001 -21"><span class='ocrx_word' id='word_1_374' title='bbox 2351 2067 2429 2118; x_wconf 86' lang='grc' dir='ltr'><strong>Λ’.</strong></span> <span class='ocrx_word' id='word_1_375' title='bbox 2464 2065 2683 2138; x_wconf 89' lang='grc' dir='ltr'>Πρῶτος</span> <span class='ocrx_word' id='word_1_376' title='bbox 2705 2066 2800 2137; x_wconf 89' lang='grc' dir='ltr'><strong>μέν</strong></span> <span class='ocrx_word' id='word_1_377' title='bbox 2820 2063 2911 2120; x_wconf 79' lang='grc' dir='ltr'>οὖν</span> <span class='ocrx_word' id='word_1_378' title='bbox 2936 2059 3086 2130; x_wconf 74' lang='grc' dir='ltr'>οὗτός</span> <span class='ocrx_word' id='word_1_379' title='bbox 3107 2066 3255 2121; x_wconf 86' lang='grc' dir='ltr'>ἐστιν</span> <span class='ocrx_word' id='word_1_380' title='bbox 3287 2066 3317 2120; x_wconf 90' lang='lat'><strong>6</strong></span> <span class='ocrx_word' id='word_1_381' title='bbox 3344 2065 3564 2138; x_wconf 74' lang='grc' dir='ltr'>Χριστὸν</span> <span class='ocrx_word' id='word_1_382' title='bbox 3584 2065 3772 2134; x_wconf 81' lang='grc' dir='ltr'>ἀγαπῶν,</span> 
     </span>
    </p>
   </div>
   <div class='ocr_carea' id='block_1_50' title="bbox 2281 2157 3772 2230">
    <p class='ocr_par' dir='ltr' id='par_1_50' title="bbox 2281 2157 3772 2230">
     <span class='ocr_line' id='line_1_50' title="bbox 2281 2157 3772 2230; baseline -0.002 -20"><span class='ocrx_word' id='word_1_383' title='bbox 2281 2157 2526 2230; x_wconf 78' lang='grc' dir='ltr'>δεύτερος</span> <span class='ocrx_word' id='word_1_384' title='bbox 2555 2159 2610 2212; x_wconf 87' lang='grc' dir='ltr'><strong>δὲ</strong></span> <span class='ocrx_word' id='word_1_385' title='bbox 2641 2160 2669 2212; x_wconf 89' lang='lat'><strong>6</strong></span> <span class='ocrx_word' id='word_1_386' title='bbox 2711 2160 2832 2224; x_wconf 81' lang='grc' dir='ltr'>τοὺς</span> <span class='ocrx_word' id='word_1_387' title='bbox 2859 2161 2938 2223; x_wconf 85' lang='grc' dir='ltr'><strong>είς</strong></span> <span class='ocrx_word' id='word_1_388' title='bbox 2971 2161 3173 2213; x_wconf 87' lang='grc' dir='ltr'>ἐκεῖνον</span> <span class='ocrx_word' id='word_1_389' title='bbox 3207 2160 3618 2222; x_wconf 78' lang='grc' dir='ltr'>πεπιστευκότας</span> <span class='ocrx_word' id='word_1_390' title='bbox 3648 2157 3772 2228; x_wconf 80' lang='grc' dir='ltr'><strong>τιμῶν</strong></span> 
     </span>
    </p>
   </div>
   <div class='ocr_carea' id='block_1_51' title="bbox 2282 2250 3768 2322">
    <p class='ocr_par' dir='ltr' id='par_1_51' title="bbox 2282 2250 3768 2322">
     <span class='ocr_line' id='line_1_51' title="bbox 2282 2250 3768 2322; baseline -0.001 -19"><span class='ocrx_word' id='word_1_391' title='bbox 2282 2250 2373 2304; x_wconf 78' lang='grc' dir='ltr'><strong>καὶ</strong></span> <span class='ocrx_word' id='word_1_392' title='bbox 2401 2250 2694 2322; x_wconf 83' lang='grc' dir='ltr'>περιέπων.</span> <span class='ocrx_word' id='word_1_393' title='bbox 2731 2252 2795 2303; x_wconf 90' lang='grc' dir='ltr'><strong>Ὃ</strong></span> <span class='ocrx_word' id='word_1_394' title='bbox 2824 2251 2930 2322; x_wconf 82' lang='grc' dir='ltr'><strong>γὰρ</strong></span> <span class='ocrx_word' id='word_1_395' title='bbox 2950 2251 3013 2305; x_wconf 80' lang='grc' dir='ltr'><strong>ἄν</strong></span> <span class='ocrx_word' id='word_1_396' title='bbox 3045 2269 3126 2314; x_wconf 90' lang='grc' dir='ltr'><strong>τις</strong></span> <span class='ocrx_word' id='word_1_397' title='bbox 3145 2252 3226 2314; x_wconf 86' lang='grc' dir='ltr'><strong>είς</strong></span> <span class='ocrx_word' id='word_1_398' title='bbox 3263 2250 3502 2322; x_wconf 81' lang='grc' dir='ltr'>μαθητὴν</span> <span class='ocrx_word' id='word_1_399' title='bbox 3521 2251 3768 2321; x_wconf 82' lang='grc' dir='ltr'>ἐργάσηται,</span> 
     </span>
    </p>
   </div>
   <div class='ocr_carea' id='block_1_52' title="bbox 2281 2338 3769 2412">
    <p class='ocr_par' dir='ltr' id='par_1_52' title="bbox 2281 2338 3769 2412">
     <span class='ocr_line' id='line_1_52' title="bbox 2281 2338 3769 2412; baseline -0.003 -18"><span class='ocrx_word' id='word_1_400' title='bbox 2281 2341 2436 2395; x_wconf 79' lang='grc' dir='ltr'>τοῦτο</span> <span class='ocrx_word' id='word_1_401' title='bbox 2463 2342 2542 2404; x_wconf 89' lang='grc' dir='ltr'><strong>είς</strong></span> <span class='ocrx_word' id='word_1_402' title='bbox 2572 2340 2760 2394; x_wconf 82' lang='grc' dir='ltr'>ἐαυτὸν</span> <span class='ocrx_word' id='word_1_403' title='bbox 2783 2343 2812 2394; x_wconf 90' lang='lat'><strong>6</strong></span> <span class='ocrx_word' id='word_1_404' title='bbox 2843 2341 3045 2412; x_wconf 83' lang='grc' dir='ltr'>Κύριος</span> <span class='ocrx_word' id='word_1_405' title='bbox 3077 2341 3378 2412; x_wconf 81' lang='grc' dir='ltr'>ἐκδέχεται,</span> <span class='ocrx_word' id='word_1_406' title='bbox 3405 2343 3495 2394; x_wconf 71' lang='grc' dir='ltr'><strong>καὶ</strong></span> <span class='ocrx_word' id='word_1_407' title='bbox 3516 2343 3610 2394; x_wconf 79' lang='grc' dir='ltr'>πᾶν</span> <span class='ocrx_word' id='word_1_408' title='bbox 3632 2338 3769 2393; x_wconf 78' lang='grc' dir='ltr'>ἑαυτοῦ</span> 
     </span>
    </p>
   </div>
   <div class='ocr_carea' id='block_1_53' title="bbox 2281 2433 3768 2505">
    <p class='ocr_par' dir='ltr' id='par_1_53' title="bbox 2281 2433 3768 2505">
     <span class='ocr_line' id='line_1_53' title="bbox 2281 2433 3768 2505; baseline -0.001 -21"><span class='ocrx_word' id='word_1_409' title='bbox 2281 2435 2526 2486; x_wconf 87' lang='grc' dir='ltr'>ποιεῖται.</span> <span class='ocrx_word' id='word_1_410' title='bbox 2562 2451 2582 2484; x_wconf 75' lang='grc' dir='ltr'><strong>ι</strong></span> <span class='ocrx_word' id='word_1_411' title='bbox 2635 2433 2819 2500; x_wconf 81' lang='grc' dir='ltr'>Δεῦτε,</span> <span class='ocrx_word' id='word_1_412' title='bbox 2873 2435 2920 2486; x_wconf 88' lang='grc' dir='ltr'><strong>οί</strong></span> <span class='ocrx_word' id='word_1_413' title='bbox 2952 2433 3303 2505; x_wconf 78' lang='grc' dir='ltr'>εὐλογημένοι</span> <span class='ocrx_word' id='word_1_414' title='bbox 3336 2433 3426 2488; x_wconf 81' lang='grc' dir='ltr'>τοῦ</span> <span class='ocrx_word' id='word_1_415' title='bbox 3472 2434 3654 2504; x_wconf 82' lang='grc' dir='ltr'>Πατρός</span> <span class='ocrx_word' id='word_1_416' title='bbox 3683 2449 3768 2502; x_wconf 83' lang='grc' dir='ltr'>μου,</span> 
     </span>
    </p>
   </div>
   <div class='ocr_carea' id='block_1_54' title="bbox 2281 2521 3768 2597">
    <p class='ocr_par' dir='ltr' id='par_1_54' title="bbox 2281 2521 3768 2597">
     <span class='ocr_line' id='line_1_54' title="bbox 2281 2521 3768 2597; baseline -0.003 -19"><span class='ocrx_word' id='word_1_417' title='bbox 2281 2523 2717 2596; x_wconf 86' lang='grc' dir='ltr'>κληρονομήσατε</span> <span class='ocrx_word' id='word_1_418' title='bbox 2737 2524 2832 2596; x_wconf 81' lang='grc' dir='ltr'><strong>τὴν</strong></span> <span class='ocrx_word' id='word_1_419' title='bbox 2853 2525 3260 2596; x_wconf 80' lang='grc' dir='ltr'>ἡτοιμασμένην</span> <span class='ocrx_word' id='word_1_420' title='bbox 3295 2527 3422 2597; x_wconf 85' lang='grc' dir='ltr'>ὑμῖν</span> <span class='ocrx_word' id='word_1_421' title='bbox 3439 2525 3674 2596; x_wconf 82' lang='grc' dir='ltr'>βασιλείαν</span> <span class='ocrx_word' id='word_1_422' title='bbox 3696 2521 3768 2575; x_wconf 71' lang='grc' dir='ltr'><strong>ἀπὺ</strong></span> 
     </span>
    </p>
   </div>
   <div class='ocr_carea' id='block_1_55' title="bbox 2282 2612 3766 2688">
    <p class='ocr_par' dir='ltr' id='par_1_55' title="bbox 2282 2612 3766 2688">
     <span class='ocr_line' id='line_1_55' title="bbox 2282 2612 3766 2688; baseline -0.002 -21"><span class='ocrx_word' id='word_1_423' title='bbox 2282 2615 2578 2686; x_wconf 75' lang='grc' dir='ltr'>καταϐολῆς</span> <span class='ocrx_word' id='word_1_424' title='bbox 2611 2615 2705 2669; x_wconf 80' lang='grc' dir='ltr'><strong>τοῦ</strong></span> <span class='ocrx_word' id='word_1_425' title='bbox 2738 2617 2960 2687; x_wconf 84' lang='grc' dir='ltr'>κόσμου.</span> <span class='ocrx_word' id='word_1_426' title='bbox 3006 2617 3304 2672; x_wconf 86' lang='grc' dir='ltr'>Ἐπείνασα</span> <span class='ocrx_word' id='word_1_427' title='bbox 3325 2618 3450 2688; x_wconf 75' lang='grc' dir='ltr'>γὰρ,</span> <span class='ocrx_word' id='word_1_428' title='bbox 3482 2617 3566 2671; x_wconf 80' lang='grc' dir='ltr'>καὶ</span> <span class='ocrx_word' id='word_1_429' title='bbox 3593 2612 3766 2669; x_wconf 79' lang='grc' dir='ltr'>ἐδώκατέ</span> 
     </span>
    </p>
   </div>
   <div class='ocr_carea' id='block_1_56' title="bbox 2283 2701 3768 2781">
    <p class='ocr_par' dir='ltr' id='par_1_56' title="bbox 2283 2701 3768 2781">
     <span class='ocr_line' id='line_1_56' title="bbox 2283 2701 3768 2781; baseline -0.009 -14"><span class='ocrx_word' id='word_1_430' title='bbox 2283 2727 2372 2781; x_wconf 87' lang='grc' dir='ltr'><strong>μοι</strong></span> <span class='ocrx_word' id='word_1_431' title='bbox 2409 2712 2618 2779; x_wconf 84' lang='grc' dir='ltr'>φαγεῖν·</span> <span class='ocrx_word' id='word_1_432' title='bbox 2654 2709 2896 2781; x_wconf 85' lang='grc' dir='ltr'>ἐδίψησα,</span> <span class='ocrx_word' id='word_1_433' title='bbox 2931 2709 3024 2762; x_wconf 71' lang='grc' dir='ltr'><strong>καὶ</strong></span> <span class='ocrx_word' id='word_1_434' title='bbox 3054 2709 3294 2764; x_wconf 85' lang='grc' dir='ltr'>ἐδώκατέ</span> <span class='ocrx_word' id='word_1_435' title='bbox 3328 2727 3415 2780; x_wconf 90' lang='grc' dir='ltr'><strong>μοι</strong></span> <span class='ocrx_word' id='word_1_436' title='bbox 3438 2711 3590 2772; x_wconf 85' lang='grc' dir='ltr'>πιεῖν,</span> <span class='ocrx_word' id='word_1_437' title='bbox 3619 2707 3692 2759; x_wconf 76' lang='grc' dir='ltr'><strong>καὶ</strong></span> 
     </span>
    </p>
   </div>
   <div class='ocr_carea' id='block_1_57' title="bbox 2278 2798 3767 2873">
    <p class='ocr_par' dir='ltr' id='par_1_57' title="bbox 2278 2798 3767 2873">
     <span class='ocr_line' id='line_1_57' title="bbox 2278 2798 3767 2873; baseline -0.005 -20"><span class='ocrx_word' id='word_1_438' title='bbox 2278 2818 2366 2864; x_wconf 91' lang='grc' dir='ltr'>νος</span> <span class='ocrx_word' id='word_1_439' title='bbox 2389 2801 2556 2873; x_wconf 73' lang='grc' dir='ltr'>ἥμην,</span> <span class='ocrx_word' id='word_1_440' title='bbox 2585 2800 2678 2855; x_wconf 77' lang='grc' dir='ltr'><strong>καὶ</strong></span> <span class='ocrx_word' id='word_1_441' title='bbox 2713 2799 3044 2870; x_wconf 81' lang='grc' dir='ltr'>συνηγάγετέ</span> <span class='ocrx_word' id='word_1_442' title='bbox 3071 2818 3156 2872; x_wconf 86' lang='grc' dir='ltr'><strong>με·</strong></span> <span class='ocrx_word' id='word_1_443' title='bbox 3176 2801 3385 2873; x_wconf 79' lang='grc' dir='ltr'>γυμνὸς</span> <span class='ocrx_word' id='word_1_444' title='bbox 3415 2802 3566 2872; x_wconf 61' lang='grc' dir='ltr'><strong>⁸ἥμην,</strong></span> <span class='ocrx_word' id='word_1_445' title='bbox 3598 2798 3670 2851; x_wconf 81' lang='grc' dir='ltr'>καὶ</span> <span class='ocrx_word' id='word_1_446' title='bbox 3695 2799 3767 2848; x_wconf 84' lang='grc' dir='ltr'>ὲνε·</span> 
     </span>
    </p>
   </div>
   <div class='ocr_carea' id='block_1_58' title="bbox 2278 2886 3751 2963">
    <p class='ocr_par' dir='ltr' id='par_1_58' title="bbox 2278 2886 3751 2963">
     <span class='ocr_line' id='line_1_58' title="bbox 2278 2886 3751 2963; baseline -0.005 -19"><span class='ocrx_word' id='word_1_447' title='bbox 2278 2891 2472 2944; x_wconf 83' lang='grc' dir='ltr'>δύσατέ</span> <span class='ocrx_word' id='word_1_448' title='bbox 2509 2909 2594 2963; x_wconf 87' lang='grc' dir='ltr'><strong>με·</strong></span> <span class='ocrx_word' id='word_1_449' title='bbox 2631 2891 2923 2963; x_wconf 70' lang='grc' dir='ltr'>ἠσθένησα,</span> <span class='ocrx_word' id='word_1_450' title='bbox 2955 2893 3048 2945; x_wconf 78' lang='grc' dir='ltr'>καὶ</span> <span class='ocrx_word' id='word_1_451' title='bbox 3073 2892 3448 2963; x_wconf 81' lang='grc' dir='ltr'>ἐπεσκέψασθέ</span> <span class='ocrx_word' id='word_1_452' title='bbox 3477 2908 3554 2962; x_wconf 83' lang='grc' dir='ltr'><strong>με·</strong></span> <span class='ocrx_word' id='word_1_453' title='bbox 3581 2892 3628 2942; x_wconf 84' lang='grc' dir='ltr'><strong>ἐν</strong></span> <span class='ocrx_word' id='word_1_454' title='bbox 3651 2886 3751 2956; x_wconf 56' lang='lat' dir='ltr'><strong>quia</strong></span> 
     </span>
    </p>
   </div>
   <div class='ocr_carea' id='block_1_59' title="bbox 2278 2981 3765 3056">
    <p class='ocr_par' dir='ltr' id='par_1_59' title="bbox 2278 2981 3765 3056">
     <span class='ocr_line' id='line_1_59' title="bbox 2278 2981 3765 3056; baseline -0.009 -17"><span class='ocrx_word' id='word_1_455' title='bbox 2278 2986 2348 3054; x_wconf 83' lang='grc' dir='ltr'>κῇ</span> <span class='ocrx_word' id='word_1_456' title='bbox 2383 2983 2550 3054; x_wconf 71' lang='grc' dir='ltr'>ἤμην,</span> <span class='ocrx_word' id='word_1_457' title='bbox 2574 2983 2666 3036; x_wconf 78' lang='grc' dir='ltr'><strong>καὶ</strong></span> <span class='ocrx_word' id='word_1_458' title='bbox 2703 2981 2890 3054; x_wconf 79' lang='grc' dir='ltr'>ἡλθετε</span> <span class='ocrx_word' id='word_1_459' title='bbox 2935 2984 3071 3054; x_wconf 84' lang='grc' dir='ltr'>πρὸς</span> <span class='ocrx_word' id='word_1_460' title='bbox 3106 2984 3195 3056; x_wconf 89' lang='grc' dir='ltr'><strong>μέ.</strong></span> <span class='ocrx_word' id='word_1_461' title='bbox 3232 2985 3364 3041; x_wconf 87' lang='grc' dir='ltr'>Τότε</span> <span class='ocrx_word' id='word_1_462' title='bbox 3394 2981 3765 3054; x_wconf 79' lang='grc' dir='ltr'>ἀποκριθήσονται</span> 
     </span>
    </p>
   </div>
   <div class='ocr_carea' id='block_1_60' title="bbox 622 3071 2179 3148">
    <p class='ocr_par' dir='ltr' id='par_1_60' title="bbox 622 3073 2172 3148">
     <span class='ocr_line' id='line_1_60' title="bbox 622 3073 2172 3148; baseline 0.007 -23"><span class='ocrx_word' id='word_1_463' title='bbox 622 3079 678 3126; x_wconf 90' lang='lat' dir='ltr'><strong>te</strong></span> <span class='ocrx_word' id='word_1_464' title='bbox 705 3073 939 3128; x_wconf 88' lang='lat' dir='ltr'><strong>vidimus</strong></span> <span class='ocrx_word' id='word_1_465' title='bbox 959 3075 1308 3140; x_wconf 89' lang='lat' dir='ltr'><strong>esurientem,</strong></span> <span class='ocrx_word' id='word_1_466' title='bbox 1336 3083 1390 3132; x_wconf 89' lang='lat' dir='ltr'><strong>et</strong></span> <span class='ocrx_word' id='word_1_467' title='bbox 1417 3079 1665 3148; x_wconf 88' lang='lat' dir='ltr'><strong>pavimus</strong></span> <span class='ocrx_word' id='word_1_468' title='bbox 1694 3087 1778 3145; x_wconf 90' lang='lat' dir='ltr'><strong>te;</strong></span> <span class='ocrx_word' id='word_1_469' title='bbox 1807 3088 1860 3134; x_wconf 87' lang='lat' dir='ltr'><strong>et</strong></span> <span class='ocrx_word' id='word_1_470' title='bbox 1881 3080 2172 3146; x_wconf 87' lang='lat' dir='ltr'><strong>sitientem,</strong></span> 
     </span>
    </p>
   </div>
   <div class='ocr_carea' id='block_1_61' title="bbox 2253 3071 3764 3148">
    <p class='ocr_par' dir='ltr' id='par_1_61' title="bbox 2277 3071 3764 3147">
     <span class='ocr_line' id='line_1_61' title="bbox 2277 3071 3764 3147; baseline -0.002 -21"><span class='ocrx_word' id='word_1_471' title='bbox 2277 3073 2424 3145; x_wconf 77' lang='grc' dir='ltr'>αὐτῷ</span> <span class='ocrx_word' id='word_1_472' title='bbox 2473 3074 2522 3126; x_wconf 82' lang='grc' dir='ltr'>οἱ</span> <span class='ocrx_word' id='word_1_473' title='bbox 2574 3073 2790 3138; x_wconf 87' lang='grc' dir='ltr'>δίκαιοι,</span> <span class='ocrx_word' id='word_1_474' title='bbox 2840 3074 3108 3143; x_wconf 88' lang='grc' dir='ltr'>λέγοντες·</span> <span class='ocrx_word' id='word_1_475' title='bbox 3144 3075 3339 3147; x_wconf 83' lang='grc' dir='ltr'>Κύριε,</span> <span class='ocrx_word' id='word_1_476' title='bbox 3375 3076 3498 3128; x_wconf 87' lang='grc' dir='ltr'>πότε</span> <span class='ocrx_word' id='word_1_477' title='bbox 3538 3091 3587 3126; x_wconf 86' lang='grc' dir='ltr'><strong>σε</strong></span> <span class='ocrx_word' id='word_1_478' title='bbox 3615 3071 3764 3139; x_wconf 73' lang='grc' dir='ltr'>εἴδομεν</span> 
     </span>
    </p>
   </div>
   <div class='ocr_carea' id='block_1_62' title="bbox 621 3160 2176 3234">
    <p class='ocr_par' dir='ltr' id='par_1_62' title="bbox 621 3160 2176 3234">
     <span class='ocr_line' id='line_1_62' title="bbox 621 3160 2176 3234; baseline 0.007 -20"><span class='ocrx_word' id='word_1_479' title='bbox 621 3166 678 3214; x_wconf 84' lang='lat' dir='ltr'><strong>et</strong></span> <span class='ocrx_word' id='word_1_480' title='bbox 709 3160 955 3216; x_wconf 89' lang='lat' dir='ltr'><strong>dedimus</strong></span> <span class='ocrx_word' id='word_1_481' title='bbox 984 3163 1081 3217; x_wconf 90' lang='lat' dir='ltr'><strong>tibi</strong></span> <span class='ocrx_word' id='word_1_482' title='bbox 1105 3165 1327 3234; x_wconf 82' lang='lat' dir='ltr'><strong>potum?</strong></span> <span class='ocrx_word' id='word_1_483' title='bbox 1367 3165 1595 3231; x_wconf 86' lang='lat' dir='ltr'><strong>Quando</strong></span> <span class='ocrx_word' id='word_1_484' title='bbox 1645 3175 1824 3222; x_wconf 89' lang='lat' dir='ltr'><strong>autem</strong></span> <span class='ocrx_word' id='word_1_485' title='bbox 1854 3176 1906 3224; x_wconf 92' lang='lat' dir='ltr'><strong>te</strong></span> <span class='ocrx_word' id='word_1_486' title='bbox 1943 3169 2176 3225; x_wconf 88' lang='lat' dir='ltr'><strong>vidimus</strong></span> 
     </span>
    </p>
   </div>
   <div class='ocr_carea' id='block_1_63' title="bbox 622 3251 2179 3329">
    <p class='ocr_par' dir='ltr' id='par_1_63' title="bbox 622 3251 2179 3329">
     <span class='ocr_line' id='line_1_63' title="bbox 622 3251 2179 3329; baseline 0.006 -24"><span class='ocrx_word' id='word_1_487' title='bbox 622 3251 911 3322; x_wconf 88' lang='lat' dir='ltr'><strong>hospitem,</strong></span> <span class='ocrx_word' id='word_1_488' title='bbox 947 3259 1000 3308; x_wconf 90' lang='lat' dir='ltr'><strong>et</strong></span> <span class='ocrx_word' id='word_1_489' title='bbox 1051 3255 1406 3324; x_wconf 84' lang='lat' dir='ltr'><strong>collegimus?</strong></span> <span class='ocrx_word' id='word_1_490' title='bbox 1450 3263 1503 3311; x_wconf 89' lang='lat' dir='ltr'><strong>et</strong></span> <span class='ocrx_word' id='word_1_491' title='bbox 1550 3257 1777 3321; x_wconf 90' lang='lat' dir='ltr'><strong>nudum,</strong></span> <span class='ocrx_word' id='word_1_492' title='bbox 1806 3265 1859 3312; x_wconf 91' lang='lat' dir='ltr'><strong>et</strong></span> <span class='ocrx_word' id='word_1_493' title='bbox 1895 3261 2179 3329; x_wconf 90' lang='lat' dir='ltr'><strong>cooperui-</strong></span> 
     </span>
    </p>
   </div>
   <div class='ocr_carea' id='block_1_64' title="bbox 621 3345 2179 3415">
    <p class='ocr_par' dir='ltr' id='par_1_64' title="bbox 621 3345 2179 3415">
     <span class='ocr_line' id='line_1_64' title="bbox 621 3345 2179 3415; baseline 0.004 -17"><span class='ocrx_word' id='word_1_494' title='bbox 621 3345 784 3400; x_wconf 89' lang='lat' dir='ltr'><strong>mus?</strong></span> <span class='ocrx_word' id='word_1_495' title='bbox 810 3351 903 3398; x_wconf 91' lang='lat' dir='ltr'><strong>aut</strong></span> <span class='ocrx_word' id='word_1_496' title='bbox 927 3345 1145 3415; x_wconf 93' lang='lat' dir='ltr'><strong>quando</strong></span> <span class='ocrx_word' id='word_1_497' title='bbox 1174 3353 1227 3401; x_wconf 89' lang='lat' dir='ltr'><strong>te</strong></span> <span class='ocrx_word' id='word_1_498' title='bbox 1250 3347 1484 3402; x_wconf 90' lang='lat' dir='ltr'><strong>vidimus</strong></span> <span class='ocrx_word' id='word_1_499' title='bbox 1524 3347 1817 3414; x_wconf 84' lang='lat' dir='ltr'><strong>inﬁrmum,</strong></span> <span class='ocrx_word' id='word_1_500' title='bbox 1853 3359 1907 3404; x_wconf 88' lang='lat' dir='ltr'><strong>et</strong></span> <span class='ocrx_word' id='word_1_501' title='bbox 1935 3351 2179 3406; x_wconf 82' lang='lat' dir='ltr'><strong>visitavi-</strong></span> 
     </span>
    </p>
   </div>
   <div class='ocr_carea' id='block_1_65' title="bbox 621 3436 2179 3514">
    <p class='ocr_par' dir='ltr' id='par_1_65' title="bbox 621 3436 2179 3514">
     <span class='ocr_line' id='line_1_65' title="bbox 621 3436 2179 3514; baseline 0.006 -25"><span class='ocrx_word' id='word_1_502' title='bbox 621 3436 776 3490; x_wconf 85' lang='lat' dir='ltr'><strong>mus?</strong></span> <span class='ocrx_word' id='word_1_503' title='bbox 803 3446 895 3491; x_wconf 90' lang='lat' dir='ltr'><strong>aut</strong></span> <span class='ocrx_word' id='word_1_504' title='bbox 923 3437 979 3492; x_wconf 91' lang='lat' dir='ltr'><strong>in</strong></span> <span class='ocrx_word' id='word_1_505' title='bbox 1017 3454 1254 3504; x_wconf 88' lang='lat' dir='ltr'><strong>carcere,</strong></span> <span class='ocrx_word' id='word_1_506' title='bbox 1274 3449 1325 3495; x_wconf 91' lang='lat' dir='ltr'><strong>et</strong></span> <span class='ocrx_word' id='word_1_507' title='bbox 1357 3441 1605 3495; x_wconf 90' lang='lat' dir='ltr'><strong>venimus</strong></span> <span class='ocrx_word' id='word_1_508' title='bbox 1635 3442 1701 3495; x_wconf 91' lang='lat' dir='ltr'><strong>ad</strong></span> <span class='ocrx_word' id='word_1_509' title='bbox 1731 3443 1813 3496; x_wconf 88' lang='lat' dir='ltr'><strong>te?</strong></span> <span class='ocrx_word' id='word_1_510' title='bbox 1856 3441 1920 3495; x_wconf 88' lang='lat' dir='ltr'><strong>Et</strong></span> <span class='ocrx_word' id='word_1_511' title='bbox 1952 3459 2179 3514; x_wconf 84' lang='lat' dir='ltr'><strong>respon-</strong></span> 
     </span>
    </p>
   </div>
   <div class='ocr_carea' id='block_1_66' title="bbox 619 3525 2180 3605">
    <p class='ocr_par' dir='ltr' id='par_1_66' title="bbox 619 3525 2180 3605">
     <span class='ocr_line' id='line_1_66' title="bbox 619 3525 2180 3605; baseline 0.007 -25"><span class='ocrx_word' id='word_1_512' title='bbox 619 3525 755 3582; x_wconf 91' lang='lat' dir='ltr'><strong>dens</strong></span> <span class='ocrx_word' id='word_1_513' title='bbox 778 3543 874 3583; x_wconf 82' lang='lat' dir='ltr'><strong>rex</strong></span> <span class='ocrx_word' id='word_1_514' title='bbox 919 3529 1062 3586; x_wconf 87' lang='lat' dir='ltr'><strong>dicet</strong></span> <span class='ocrx_word' id='word_1_515' title='bbox 1086 3530 1226 3586; x_wconf 88' lang='lat' dir='ltr'><strong>illis:</strong></span> <span class='ocrx_word' id='word_1_516' title='bbox 1261 3530 1432 3586; x_wconf 81' lang='lat' dir='ltr'><strong>Amen</strong></span> <span class='ocrx_word' id='word_1_517' title='bbox 1475 3532 1597 3588; x_wconf 92' lang='lat' dir='ltr'><strong>dico</strong></span> <span class='ocrx_word' id='word_1_518' title='bbox 1627 3534 1801 3598; x_wconf 88' lang='lat' dir='ltr'><strong>vobis,</strong></span> <span class='ocrx_word' id='word_1_519' title='bbox 1834 3535 2072 3605; x_wconf 90' lang='lat' dir='ltr'><strong>quandiu</strong></span> <span class='ocrx_word' id='word_1_520' title='bbox 2102 3535 2180 3591; x_wconf 88' lang='lat' dir='ltr'><strong>fe-</strong></span> 
     </span>
    </p>
   </div>
   <div class='ocr_carea' id='block_1_67' title="bbox 619 3618 2172 3693">
    <p class='ocr_par' dir='ltr' id='par_1_67' title="bbox 619 3618 2172 3693">
     <span class='ocr_line' id='line_1_67' title="bbox 619 3618 2172 3693; baseline 0.005 -19"><span class='ocrx_word' id='word_1_521' title='bbox 619 3618 777 3676; x_wconf 89' lang='lat' dir='ltr'><strong>cistis</strong></span> <span class='ocrx_word' id='word_1_522' title='bbox 807 3621 900 3676; x_wconf 90' lang='lat' dir='ltr'><strong>uni</strong></span> <span class='ocrx_word' id='word_1_523' title='bbox 937 3637 1002 3676; x_wconf 80' lang='lat' dir='ltr'><strong>ex</strong></span> <span class='ocrx_word' id='word_1_524' title='bbox 1025 3621 1112 3677; x_wconf 89' lang='lat' dir='ltr'><strong>bis</strong></span> <span class='ocrx_word' id='word_1_525' title='bbox 1141 3621 1400 3679; x_wconf 88' lang='lat' dir='ltr'><strong>fratribus</strong></span> <span class='ocrx_word' id='word_1_526' title='bbox 1425 3624 1562 3679; x_wconf 88' lang='lat' dir='ltr'><strong>meis</strong></span> <span class='ocrx_word' id='word_1_527' title='bbox 1593 3625 1851 3693; x_wconf 90' lang='lat' dir='ltr'><strong>minimis,</strong></span> <span class='ocrx_word' id='word_1_528' title='bbox 1878 3627 2007 3680; x_wconf 89' lang='lat' dir='ltr'><strong>mihi</strong></span> <span class='ocrx_word' id='word_1_529' title='bbox 2036 3626 2172 3681; x_wconf 87' lang='lat' dir='ltr'><strong>feci-</strong></span> 
     </span>
    </p>
   </div>
   <div class='ocr_carea' id='block_1_68' title="bbox 619 3710 2177 3787">
    <p class='ocr_par' dir='ltr' id='par_1_68' title="bbox 619 3710 2177 3787">
     <span class='ocr_line' id='line_1_68' title="bbox 619 3710 2177 3787; baseline 0.004 -21"><span class='ocrx_word' id='word_1_530' title='bbox 619 3712 746 3768; x_wconf 85' lang='lat' dir='ltr'><strong>stis.</strong></span> <span class='ocrx_word' id='word_1_531' title='bbox 791 3730 810 3764; x_wconf 73' lang='grc' dir='ltr'><strong>ι</strong></span> <span class='ocrx_word' id='word_1_532' title='bbox 845 3710 1055 3768; x_wconf 82' lang='lat' dir='ltr'><strong>Rursus</strong></span> <span class='ocrx_word' id='word_1_533' title='bbox 1071 3727 1199 3768; x_wconf 89' lang='lat' dir='ltr'><strong>vero</strong></span> <span class='ocrx_word' id='word_1_534' title='bbox 1221 3729 1252 3768; x_wconf 91' lang='lat' dir='ltr'><strong>e</strong></span> <span class='ocrx_word' id='word_1_535' title='bbox 1285 3716 1580 3780; x_wconf 90' lang='lat' dir='ltr'><strong>contrario,</strong></span> <span class='ocrx_word' id='word_1_536' title='bbox 1614 3715 1681 3770; x_wconf 90' lang='lat' dir='ltr'><strong>ad</strong></span> <span class='ocrx_word' id='word_1_537' title='bbox 1703 3732 1798 3772; x_wconf 94' lang='lat' dir='ltr'><strong>eos</strong></span> <span class='ocrx_word' id='word_1_538' title='bbox 1821 3718 2043 3787; x_wconf 79' lang='lat' dir='ltr'><strong>quith</strong></span> <span class='ocrx_word' id='word_1_539' title='bbox 2069 3735 2177 3773; x_wconf 92' lang='lat' dir='ltr'><strong>non</strong></span> 
     </span>
    </p>
   </div>
   <div class='ocr_carea' id='block_1_69' title="bbox 620 3799 2180 3889">
    <p class='ocr_par' dir='ltr' id='par_1_69' title="bbox 620 3799 2180 3889">
     <span class='ocr_line' id='line_1_69' title="bbox 620 3799 2180 3889; baseline 0.007 -37"><span class='ocrx_word' id='word_1_540' title='bbox 620 3799 961 3868; x_wconf 67' lang='lat' dir='ltr'><strong>praebuerunt</strong></span> <span class='ocrx_word' id='word_1_541' title='bbox 987 3820 998 3855; x_wconf 95' lang='lat'>:</span> <span class='ocrx_word' id='word_1_542' title='bbox 1040 3818 1059 3851; x_wconf 79' lang='grc' dir='ltr'><strong>ι</strong></span> <span class='ocrx_word' id='word_1_543' title='bbox 1085 3800 1258 3856; x_wconf 89' lang='lat' dir='ltr'><strong>Amen</strong></span> <span class='ocrx_word' id='word_1_544' title='bbox 1288 3803 1411 3857; x_wconf 90' lang='lat' dir='ltr'><strong>dico</strong></span> <span class='ocrx_word' id='word_1_545' title='bbox 1435 3805 1609 3872; x_wconf 90' lang='lat' dir='ltr'><strong>vobis,</strong></span> <span class='ocrx_word' id='word_1_546' title='bbox 1636 3807 1874 3889; x_wconf 73' lang='lat' dir='ltr'><strong>quandiu</strong></span> <span class='ocrx_word' id='word_1_547' title='bbox 1905 3823 2014 3862; x_wconf 92' lang='lat' dir='ltr'><strong>non</strong></span> <span class='ocrx_word' id='word_1_548' title='bbox 2048 3807 2180 3863; x_wconf 85' lang='lat' dir='ltr'><strong>feci-</strong></span> 
     </span>
    </p>
   </div>
   <div class='ocr_carea' id='block_1_70' title="bbox 620 3891 2178 3960">
    <p class='ocr_par' dir='ltr' id='par_1_70' title="bbox 620 3891 2178 3960">
     <span class='ocr_line' id='line_1_70' title="bbox 620 3891 2178 3960; baseline 0.007 -15"><span class='ocrx_word' id='word_1_549' title='bbox 620 3891 722 3946; x_wconf 90' lang='lat' dir='ltr'><strong>stis</strong></span> <span class='ocrx_word' id='word_1_550' title='bbox 753 3892 845 3946; x_wconf 90' lang='lat' dir='ltr'><strong>uni</strong></span> <span class='ocrx_word' id='word_1_551' title='bbox 882 3907 948 3947; x_wconf 81' lang='lat' dir='ltr'><strong>ex</strong></span> <span class='ocrx_word' id='word_1_552' title='bbox 975 3893 1060 3947; x_wconf 91' lang='lat' dir='ltr'><strong>his</strong></span> <span class='ocrx_word' id='word_1_553' title='bbox 1091 3894 1348 3960; x_wconf 90' lang='lat' dir='ltr'><strong>minimis,</strong></span> <span class='ocrx_word' id='word_1_554' title='bbox 1375 3911 1474 3950; x_wconf 90' lang='lat' dir='ltr'><strong>nec</strong></span> <span class='ocrx_word' id='word_1_555' title='bbox 1502 3897 1635 3950; x_wconf 91' lang='lat' dir='ltr'><strong>mihi</strong></span> <span class='ocrx_word' id='word_1_556' title='bbox 1678 3896 1884 3954; x_wconf 90' lang='lat' dir='ltr'><strong>fecistis</strong></span> <span class='ocrx_word' id='word_1_557' title='bbox 1909 3899 1958 3955; x_wconf 75' lang='grc' dir='ltr'>ιι.</span> <span class='ocrx_word' id='word_1_558' title='bbox 1999 3919 2017 3952; x_wconf 75' lang='grc' dir='ltr'><strong>ι</strong></span> <span class='ocrx_word' id='word_1_559' title='bbox 2057 3901 2178 3956; x_wconf 82' lang='grc' dir='ltr'><strong>ΑΙἱο</strong></span> 
     </span>
    </p>
   </div>
   <div class='ocr_carea' id='block_1_71' title="bbox 619 3979 2178 4062">
    <p class='ocr_par' dir='ltr' id='par_1_71' title="bbox 619 3979 2178 4062">
     <span class='ocr_line' id='line_1_71' title="bbox 619 3979 2178 4062; baseline 0.009 -27"><span class='ocrx_word' id='word_1_560' title='bbox 619 3979 748 4036; x_wconf 83' lang='lat' dir='ltr'><strong>item</strong></span> <span class='ocrx_word' id='word_1_561' title='bbox 796 3983 943 4038; x_wconf 91' lang='lat' dir='ltr'><strong>loco:</strong></span> <span class='ocrx_word' id='word_1_562' title='bbox 982 4003 1000 4036; x_wconf 87' lang='grc'>‹</span> <span class='ocrx_word' id='word_1_563' title='bbox 1037 3983 1139 4050; x_wconf 91' lang='lat' dir='ltr'><strong>Qui</strong></span> <span class='ocrx_word' id='word_1_564' title='bbox 1163 4001 1259 4042; x_wconf 93' lang='lat' dir='ltr'><strong>vos</strong></span> <span class='ocrx_word' id='word_1_565' title='bbox 1303 3987 1518 4056; x_wconf 87' lang='lat' dir='ltr'><strong>recipit,</strong></span> <span class='ocrx_word' id='word_1_566' title='bbox 1559 4003 1645 4044; x_wconf 89' lang='lat' dir='ltr'><strong>me</strong></span> <span class='ocrx_word' id='word_1_567' title='bbox 1675 3989 1899 4060; x_wconf 90' lang='lat' dir='ltr'><strong>recipit;</strong></span> <span class='ocrx_word' id='word_1_568' title='bbox 1957 3991 2050 4062; x_wconf 89' lang='lat' dir='ltr'><strong>qui</strong></span> <span class='ocrx_word' id='word_1_569' title='bbox 2083 4009 2178 4048; x_wconf 87' lang='lat' dir='ltr'><strong>vos</strong></span> 
     </span>
    </p>
   </div>
   <div class='ocr_carea' id='block_1_72' title="bbox 622 4075 1442 4149">
    <p class='ocr_par' dir='ltr' id='par_1_72' title="bbox 622 4075 1442 4149">
     <span class='ocr_line' id='line_1_72' title="bbox 622 4075 1442 4149; baseline 0.004 -21"><span class='ocrx_word' id='word_1_570' title='bbox 622 4087 733 4128; x_wconf 88' lang='lat' dir='ltr'><strong>non</strong></span> <span class='ocrx_word' id='word_1_571' title='bbox 760 4075 974 4146; x_wconf 89' lang='lat' dir='ltr'><strong>recipit,</strong></span> <span class='ocrx_word' id='word_1_572' title='bbox 1005 4092 1092 4132; x_wconf 90' lang='lat' dir='ltr'><strong>me</strong></span> <span class='ocrx_word' id='word_1_573' title='bbox 1113 4079 1324 4149; x_wconf 89' lang='lat' dir='ltr'><strong>spernit</strong></span> <span class='ocrx_word' id='word_1_574' title='bbox 1347 4089 1393 4132; x_wconf 79' lang='grc' dir='ltr'><strong>ο.</strong></span> <span class='ocrx_word' id='word_1_575' title='bbox 1423 4097 1442 4130; x_wconf 74' lang='grc' dir='ltr'><strong>ι</strong></span> 
     </span>
    </p>
   </div>
   <div class='ocr_carea' id='block_1_73' title="bbox 691 4296 2180 4370">
    <p class='ocr_par' dir='ltr' id='par_1_73' title="bbox 691 4296 2180 4370">
     <span class='ocr_line' id='line_1_73' title="bbox 691 4296 2180 4370; baseline 0.005 -18"><span class='ocrx_word' id='word_1_576' title='bbox 691 4296 884 4356; x_wconf 78' lang='lat' dir='ltr'><strong>XXXI.</strong></span> <span class='ocrx_word' id='word_1_577' title='bbox 915 4298 1026 4356; x_wconf 81' lang='lat' dir='ltr'><strong>Hos</strong></span> <span class='ocrx_word' id='word_1_578' title='bbox 1044 4306 1204 4355; x_wconf 90' lang='lat' dir='ltr'><strong>vocat</strong></span> <span class='ocrx_word' id='word_1_579' title='bbox 1233 4307 1286 4354; x_wconf 91' lang='lat' dir='ltr'><strong>et</strong></span> <span class='ocrx_word' id='word_1_580' title='bbox 1317 4298 1455 4355; x_wconf 89' lang='lat' dir='ltr'><strong>filios</strong></span> <span class='ocrx_word' id='word_1_581' title='bbox 1485 4307 1537 4354; x_wconf 91' lang='lat' dir='ltr'><strong>et</strong></span> <span class='ocrx_word' id='word_1_582' title='bbox 1567 4315 1762 4370; x_wconf 91' lang='lat' dir='ltr'><strong>pueros</strong></span> <span class='ocrx_word' id='word_1_583' title='bbox 1787 4309 1840 4356; x_wconf 91' lang='lat' dir='ltr'><strong>et</strong></span> <span class='ocrx_word' id='word_1_584' title='bbox 1865 4302 2097 4361; x_wconf 88' lang='lat' dir='ltr'><strong>infantes</strong></span> <span class='ocrx_word' id='word_1_585' title='bbox 2125 4314 2180 4362; x_wconf 92' lang='lat' dir='ltr'><strong>et</strong></span> 
     </span>
    </p>
   </div>
   <div class='ocr_carea' id='block_1_74' title="bbox 2282 3163 3762 3238">
    <p class='ocr_par' dir='ltr' id='par_1_74' title="bbox 2282 3163 3762 3238">
     <span class='ocr_line' id='line_1_74' title="bbox 2282 3163 3762 3238; baseline 0.003 -22"><span class='ocrx_word' id='word_1_586' title='bbox 2282 3163 2565 3227; x_wconf 85' lang='grc' dir='ltr'>πεινῶντα,</span> <span class='ocrx_word' id='word_1_587' title='bbox 2591 3165 2682 3217; x_wconf 73' lang='grc' dir='ltr'>καὶ</span> <span class='ocrx_word' id='word_1_588' title='bbox 2706 3163 3026 3235; x_wconf 73' lang='grc' dir='ltr'>ἐθρέψαμεν·</span> <span class='ocrx_word' id='word_1_589' title='bbox 3047 3165 3079 3238; x_wconf 78' lang='grc' dir='ltr'>ἢ</span> <span class='ocrx_word' id='word_1_590' title='bbox 3096 3165 3356 3235; x_wconf 76' lang='grc' dir='ltr'>διψῶντα,</span> <span class='ocrx_word' id='word_1_591' title='bbox 3375 3166 3463 3219; x_wconf 80' lang='grc' dir='ltr'><strong>καὶ</strong></span> <span class='ocrx_word' id='word_1_592' title='bbox 3481 3163 3762 3230; x_wconf 75' lang='grc' dir='ltr'>ἐποτίσαμενς</span> 
     </span>
    </p>
   </div>
   <div class='ocr_carea' id='block_1_75' title="bbox 2283 3253 3765 3327">
    <p class='ocr_par' dir='ltr' id='par_1_75' title="bbox 2283 3253 3765 3327">
     <span class='ocr_line' id='line_1_75' title="bbox 2283 3253 3765 3327; baseline -0.005 -18"><span class='ocrx_word' id='word_1_593' title='bbox 2283 3255 2419 3309; x_wconf 90' lang='grc' dir='ltr'>Πότε</span> <span class='ocrx_word' id='word_1_594' title='bbox 2443 3256 2498 3309; x_wconf 84' lang='grc' dir='ltr'>δὲ</span> <span class='ocrx_word' id='word_1_595' title='bbox 2531 3255 2740 3327; x_wconf 76' lang='grc' dir='ltr'>είδομέν</span> <span class='ocrx_word' id='word_1_596' title='bbox 2768 3273 2827 3308; x_wconf 90' lang='grc' dir='ltr'><strong>σε</strong></span> <span class='ocrx_word' id='word_1_597' title='bbox 2861 3254 3027 3321; x_wconf 84' lang='grc' dir='ltr'>ξένον,</span> <span class='ocrx_word' id='word_1_598' title='bbox 3072 3256 3166 3310; x_wconf 77' lang='grc' dir='ltr'>καὶ</span> <span class='ocrx_word' id='word_1_599' title='bbox 3203 3258 3580 3327; x_wconf 76' lang='grc' dir='ltr'>συνηγάγομεν·</span> <span class='ocrx_word' id='word_1_600' title='bbox 3611 3253 3638 3324; x_wconf 82' lang='grc' dir='ltr'>ἢ</span> <span class='ocrx_word' id='word_1_601' title='bbox 3666 3267 3765 3318; x_wconf 75' lang='grc' dir='ltr'>γυμρ</span> 
     </span>
    </p>
   </div>
   <div class='ocr_carea' id='block_1_76' title="bbox 2282 3339 3764 3420">
    <p class='ocr_par' dir='ltr' id='par_1_76' title="bbox 2282 3339 3764 3420">
     <span class='ocr_line' id='line_1_76' title="bbox 2282 3339 3764 3420; baseline -0.007 -20"><span class='ocrx_word' id='word_1_602' title='bbox 2282 3349 2392 3414; x_wconf 81' lang='grc' dir='ltr'>νὺν,</span> <span class='ocrx_word' id='word_1_603' title='bbox 2424 3348 2517 3402; x_wconf 74' lang='grc' dir='ltr'><strong>καὶ</strong></span> <span class='ocrx_word' id='word_1_604' title='bbox 2549 3347 2974 3419; x_wconf 77' lang='grc' dir='ltr'>περιεϐάλομεν;</span> <span class='ocrx_word' id='word_1_605' title='bbox 3004 3348 3037 3420; x_wconf 76' lang='grc' dir='ltr'>ἢ</span> <span class='ocrx_word' id='word_1_606' title='bbox 3073 3348 3207 3401; x_wconf 88' lang='grc' dir='ltr'>πότε</span> <span class='ocrx_word' id='word_1_607' title='bbox 3237 3365 3298 3401; x_wconf 89' lang='grc' dir='ltr'><strong>σε</strong></span> <span class='ocrx_word' id='word_1_608' title='bbox 3329 3345 3526 3418; x_wconf 81' lang='grc' dir='ltr'>εἴδομεν</span> <span class='ocrx_word' id='word_1_609' title='bbox 3553 3339 3764 3399; x_wconf 76' lang='grc' dir='ltr'>ἀσθενοῦν-</span> 
     </span>
    </p>
   </div>
   <div class='ocr_carea' id='block_1_77' title="bbox 2281 3433 3763 3512">
    <p class='ocr_par' dir='ltr' id='par_1_77' title="bbox 2281 3433 3763 3512">
     <span class='ocr_line' id='line_1_77' title="bbox 2281 3433 3763 3512; baseline -0.005 -21"><span class='ocrx_word' id='word_1_610' title='bbox 2281 3456 2370 3503; x_wconf 89' lang='grc' dir='ltr'><strong>τα,</strong></span> <span class='ocrx_word' id='word_1_611' title='bbox 2415 3439 2508 3494; x_wconf 81' lang='grc' dir='ltr'><strong>καὶ</strong></span> <span class='ocrx_word' id='word_1_612' title='bbox 2567 3439 3017 3511; x_wconf 80' lang='grc' dir='ltr'>ἐπεσκεψάμεθα;</span> <span class='ocrx_word' id='word_1_613' title='bbox 3064 3440 3097 3512; x_wconf 78' lang='grc' dir='ltr'>ἦ</span> <span class='ocrx_word' id='word_1_614' title='bbox 3149 3440 3210 3493; x_wconf 89' lang='grc' dir='ltr'><strong>ἐν</strong></span> <span class='ocrx_word' id='word_1_615' title='bbox 3258 3439 3462 3510; x_wconf 84' lang='grc' dir='ltr'>φυλακῇ</span> <span class='ocrx_word' id='word_1_616' title='bbox 3490 3438 3572 3491; x_wconf 80' lang='grc' dir='ltr'><strong>καὶ</strong></span> <span class='ocrx_word' id='word_1_617' title='bbox 3593 3433 3763 3505; x_wconf 64' lang='grc' dir='ltr'>ἤλθομεν</span> 
     </span>
    </p>
   </div>
   <div class='ocr_carea' id='block_1_78' title="bbox 2283 3523 3761 3603">
    <p class='ocr_par' dir='ltr' id='par_1_78' title="bbox 2283 3523 3761 3603">
     <span class='ocr_line' id='line_1_78' title="bbox 2283 3523 3761 3603; baseline -0.002 -19"><span class='ocrx_word' id='word_1_618' title='bbox 2283 3531 2420 3602; x_wconf 84' lang='grc' dir='ltr'>πρὸς</span> <span class='ocrx_word' id='word_1_619' title='bbox 2473 3530 2567 3597; x_wconf 85' lang='grc' dir='ltr'>σέ;</span> <span class='ocrx_word' id='word_1_620' title='bbox 2625 3531 2734 3584; x_wconf 78' lang='grc' dir='ltr'><strong>Καὶ</strong></span> <span class='ocrx_word' id='word_1_621' title='bbox 2778 3531 3094 3603; x_wconf 77' lang='grc' dir='ltr'>ἀποκριθεὶς</span> <span class='ocrx_word' id='word_1_622' title='bbox 3140 3534 3169 3585; x_wconf 91' lang='lat'><strong>6</strong></span> <span class='ocrx_word' id='word_1_623' title='bbox 3217 3531 3464 3602; x_wconf 85' lang='grc' dir='ltr'>βασιλεὺς</span> <span class='ocrx_word' id='word_1_624' title='bbox 3494 3530 3595 3600; x_wconf 88' lang='grc' dir='ltr'>ἐρεῖ</span> <span class='ocrx_word' id='word_1_625' title='bbox 3617 3523 3761 3581; x_wconf 43' lang='grc' dir='ltr'>αὐτοϋ</span> 
     </span>
    </p>
   </div>
   <div class='ocr_carea' id='block_1_79' title="bbox 2296 3611 3761 3695">
    <p class='ocr_par' dir='ltr' id='par_1_79' title="bbox 2296 3611 3761 3695">
     <span class='ocr_line' id='line_1_79' title="bbox 2296 3611 3761 3695; baseline -0.008 -20"><span class='ocrx_word' id='word_1_626' title='bbox 2296 3623 2463 3694; x_wconf 78' lang='grc' dir='ltr'><strong>Ἀμὴν</strong></span> <span class='ocrx_word' id='word_1_627' title='bbox 2491 3623 2634 3690; x_wconf 89' lang='grc' dir='ltr'>λέγω</span> <span class='ocrx_word' id='word_1_628' title='bbox 2655 3623 2803 3693; x_wconf 82' lang='grc' dir='ltr'>ὑμῖν,</span> <span class='ocrx_word' id='word_1_629' title='bbox 2833 3625 2916 3691; x_wconf 82' lang='grc' dir='ltr'>ἐφ’</span> <span class='ocrx_word' id='word_1_630' title='bbox 2943 3623 3063 3676; x_wconf 84' lang='grc' dir='ltr'>ὅσον</span> <span class='ocrx_word' id='word_1_631' title='bbox 3086 3625 3376 3695; x_wconf 83' lang='grc' dir='ltr'>ἐποιήσατε</span> <span class='ocrx_word' id='word_1_632' title='bbox 3406 3621 3479 3674; x_wconf 68' lang='grc' dir='ltr'><strong>ἐνὶ</strong></span> <span class='ocrx_word' id='word_1_633' title='bbox 3508 3618 3675 3672; x_wconf 76' lang='grc' dir='ltr'>τούτων</span> <span class='ocrx_word' id='word_1_634' title='bbox 3689 3611 3761 3664; x_wconf 77' lang='grc' dir='ltr'>τῶν</span> 
     </span>
    </p>
   </div>
   <div class='ocr_carea' id='block_1_80' title="bbox 2282 3703 3763 3787">
    <p class='ocr_par' dir='ltr' id='par_1_80' title="bbox 2282 3703 3763 3787">
     <span class='ocr_line' id='line_1_80' title="bbox 2282 3703 3763 3787; baseline -0.006 -20"><span class='ocrx_word' id='word_1_635' title='bbox 2282 3714 2520 3784; x_wconf 83' lang='grc' dir='ltr'>ἀδελφῶν</span> <span class='ocrx_word' id='word_1_636' title='bbox 2556 3733 2656 3785; x_wconf 88' lang='grc' dir='ltr'><strong>μου</strong></span> <span class='ocrx_word' id='word_1_637' title='bbox 2681 3714 2789 3769; x_wconf 89' lang='grc' dir='ltr'><strong>τῶν</strong></span> <span class='ocrx_word' id='word_1_638' title='bbox 2825 3715 3143 3786; x_wconf 82' lang='grc' dir='ltr'>ἐλαχίστων,</span> <span class='ocrx_word' id='word_1_639' title='bbox 3183 3716 3311 3787; x_wconf 62' lang='grc' dir='ltr'><strong>ἐμοὶ⁷</strong></span> <span class='ocrx_word' id='word_1_640' title='bbox 3341 3714 3618 3784; x_wconf 83' lang='grc' dir='ltr'>ἐποιήσατε.</span> <span class='ocrx_word' id='word_1_641' title='bbox 3653 3703 3763 3759; x_wconf 63' lang='lat' dir='ltr'><strong>illi-</strong></span> 
     </span>
    </p>
   </div>
   <div class='ocr_carea' id='block_1_81' title="bbox 2282 3795 3762 3876">
    <p class='ocr_par' dir='ltr' id='par_1_81' title="bbox 2282 3795 3762 3876">
     <span class='ocr_line' id='line_1_81' title="bbox 2282 3795 3762 3876; baseline 0.005 -18"><span class='ocrx_word' id='word_1_642' title='bbox 2282 3805 2363 3859; x_wconf 88' lang='grc' dir='ltr'>λιν</span> <span class='ocrx_word' id='word_1_643' title='bbox 2388 3807 2452 3859; x_wconf 87' lang='grc' dir='ltr'><strong>ἐκ</strong></span> <span class='ocrx_word' id='word_1_644' title='bbox 2483 3806 2589 3859; x_wconf 87' lang='grc' dir='ltr'>τῶν</span> <span class='ocrx_word' id='word_1_645' title='bbox 2621 3805 2874 3860; x_wconf 80' lang='grc' dir='ltr'>ἐναντίων</span> <span class='ocrx_word' id='word_1_646' title='bbox 2902 3807 3037 3876; x_wconf 82' lang='grc' dir='ltr'>πρὸς</span> <span class='ocrx_word' id='word_1_647' title='bbox 3063 3807 3188 3869; x_wconf 87' lang='grc' dir='ltr'>τοὺς</span> <span class='ocrx_word' id='word_1_648' title='bbox 3218 3806 3386 3861; x_wconf 81' lang='grc' dir='ltr'>ταῦτα</span> <span class='ocrx_word' id='word_1_649' title='bbox 3418 3805 3486 3876; x_wconf 80' lang='grc' dir='ltr'>μὴ</span> <span class='ocrx_word' id='word_1_650' title='bbox 3529 3795 3762 3871; x_wconf 63' lang='grc' dir='ltr'>παρασχόν-</span> 
     </span>
    </p>
   </div>
   <div class='ocr_carea' id='block_1_82' title="bbox 2281 3883 3761 3970">
    <p class='ocr_par' dir='ltr' id='par_1_82' title="bbox 2281 3883 3761 3970">
     <span class='ocr_line' id='line_1_82' title="bbox 2281 3883 3761 3970; baseline -0.006 -20"><span class='ocrx_word' id='word_1_651' title='bbox 2281 3915 2398 3961; x_wconf 89' lang='grc' dir='ltr'>τας·</span> <span class='ocrx_word' id='word_1_652' title='bbox 2425 3916 2444 3949; x_wconf 76' lang='grc' dir='ltr'>ι</span> <span class='ocrx_word' id='word_1_653' title='bbox 2489 3898 2656 3970; x_wconf 81' lang='grc' dir='ltr'><strong>Ἀμὴν</strong></span> <span class='ocrx_word' id='word_1_654' title='bbox 2689 3898 2828 3968; x_wconf 86' lang='grc' dir='ltr'>λέγω</span> <span class='ocrx_word' id='word_1_655' title='bbox 2861 3899 3008 3969; x_wconf 73' lang='grc' dir='ltr'>ὑμῖν,</span> <span class='ocrx_word' id='word_1_656' title='bbox 3053 3901 3136 3968; x_wconf 86' lang='grc' dir='ltr'>ἐφ’</span> <span class='ocrx_word' id='word_1_657' title='bbox 3163 3899 3289 3952; x_wconf 81' lang='grc' dir='ltr'>ὅσον</span> <span class='ocrx_word' id='word_1_658' title='bbox 3319 3898 3416 3951; x_wconf 90' lang='grc' dir='ltr'><strong>οὐκ</strong></span> <span class='ocrx_word' id='word_1_659' title='bbox 3447 3894 3688 3962; x_wconf 81' lang='grc' dir='ltr'>ἐποιήσατε</span> <span class='ocrx_word' id='word_1_660' title='bbox 3707 3883 3761 3936; x_wconf 76' lang='grc' dir='ltr'><strong>ἑνὶ</strong></span> 
     </span>
    </p>
   </div>
   <div class='ocr_carea' id='block_1_83' title="bbox 2282 3975 3762 4062">
    <p class='ocr_par' dir='ltr' id='par_1_83' title="bbox 2282 3975 3762 4062">
     <span class='ocr_line' id='line_1_83' title="bbox 2282 3975 3762 4062; baseline -0.008 -20"><span class='ocrx_word' id='word_1_661' title='bbox 2282 3989 2484 4044; x_wconf 87' lang='grc' dir='ltr'>τούτων</span> <span class='ocrx_word' id='word_1_662' title='bbox 2520 3990 2629 4044; x_wconf 89' lang='grc' dir='ltr'><strong>τῶν</strong></span> <span class='ocrx_word' id='word_1_663' title='bbox 2661 3991 2975 4062; x_wconf 86' lang='grc' dir='ltr'>ἐλαχίστων,</span> <span class='ocrx_word' id='word_1_664' title='bbox 3010 3991 3131 4044; x_wconf 86' lang='grc' dir='ltr'>οὐδὲ</span> <span class='ocrx_word' id='word_1_665' title='bbox 3155 3992 3282 4062; x_wconf 75' lang='grc' dir='ltr'>ἐμοὶ</span> <span class='ocrx_word' id='word_1_666' title='bbox 3309 3991 3594 4060; x_wconf 79' lang='grc' dir='ltr'>ἐποιήσατε.</span> <span class='ocrx_word' id='word_1_667' title='bbox 3630 4001 3646 4035; x_wconf 74' lang='grc' dir='ltr'><strong>ι</strong></span> <span class='ocrx_word' id='word_1_668' title='bbox 3686 3975 3762 4031; x_wconf 75' lang='grc' dir='ltr'><strong>Καὶ</strong></span> 
     </span>
    </p>
   </div>
   <div class='ocr_carea' id='block_1_84' title="bbox 2283 4068 3762 4154">
    <p class='ocr_par' dir='ltr' id='par_1_84' title="bbox 2283 4068 3762 4154">
     <span class='ocr_line' id='line_1_84' title="bbox 2283 4068 3762 4154; baseline -0.006 -19"><span class='ocrx_word' id='word_1_669' title='bbox 2283 4081 2534 4152; x_wconf 66' lang='grc' dir='ltr'>ἀλλαχοῦ*</span> <span class='ocrx_word' id='word_1_670' title='bbox 2575 4101 2593 4133; x_wconf 80' lang='grc' dir='ltr'><strong>ι</strong></span> <span class='ocrx_word' id='word_1_671' title='bbox 2643 4083 2701 4135; x_wconf 88' lang='lat'><strong>&#39;0</strong></span> <span class='ocrx_word' id='word_1_672' title='bbox 2732 4084 2879 4154; x_wconf 82' lang='grc' dir='ltr'>ὑμᾶς</span> <span class='ocrx_word' id='word_1_673' title='bbox 2920 4083 3206 4154; x_wconf 89' lang='grc' dir='ltr'>δεχόμενος</span> <span class='ocrx_word' id='word_1_674' title='bbox 3239 4083 3337 4154; x_wconf 86' lang='grc' dir='ltr'><strong>ἐμὲ</strong></span> <span class='ocrx_word' id='word_1_675' title='bbox 3366 4081 3580 4151; x_wconf 88' lang='grc' dir='ltr'>δέχεται·</span> <span class='ocrx_word' id='word_1_676' title='bbox 3613 4068 3762 4139; x_wconf 51' lang='lat'><strong>60954</strong></span> 
     </span>
    </p>
   </div>
   <div class='ocr_carea' id='block_1_85' title="bbox 2287 4172 3094 4246">
    <p class='ocr_par' dir='ltr' id='par_1_85' title="bbox 2287 4172 3094 4246">
     <span class='ocr_line' id='line_1_85' title="bbox 2287 4172 3094 4246; baseline 0.001 -20"><span class='ocrx_word' id='word_1_677' title='bbox 2287 4172 2362 4246; x_wconf 84' lang='grc' dir='ltr'>μὴ</span> <span class='ocrx_word' id='word_1_678' title='bbox 2389 4173 2673 4245; x_wconf 89' lang='grc' dir='ltr'>δεχόμενος</span> <span class='ocrx_word' id='word_1_679' title='bbox 2706 4173 2805 4245; x_wconf 81' lang='grc' dir='ltr'><strong>ἐμὲ</strong></span> <span class='ocrx_word' id='word_1_680' title='bbox 2837 4173 3034 4229; x_wconf 82' lang='grc' dir='ltr'>ἀθετεῖ.</span> <span class='ocrx_word' id='word_1_681' title='bbox 3075 4194 3094 4227; x_wconf 73' lang='grc' dir='ltr'><strong>ι</strong></span> 
     </span>
    </p>
   </div>
   <div class='ocr_carea' id='block_1_86' title="bbox 2345 4283 3758 4370">
    <p class='ocr_par' dir='ltr' id='par_1_86' title="bbox 2345 4283 3758 4370">
     <span class='ocr_line' id='line_1_86' title="bbox 2345 4283 3758 4370; baseline -0.009 -10"><span class='ocrx_word' id='word_1_682' title='bbox 2345 4306 2470 4360; x_wconf 84' lang='lat' dir='ltr'><strong>AA&#39;.</strong></span> <span class='ocrx_word' id='word_1_683' title='bbox 2505 4305 2734 4368; x_wconf 83' lang='grc' dir='ltr'>Τούτους</span> <span class='ocrx_word' id='word_1_684' title='bbox 2757 4305 2850 4358; x_wconf 71' lang='grc' dir='ltr'>καὶ</span> <span class='ocrx_word' id='word_1_685' title='bbox 2881 4304 3041 4358; x_wconf 88' lang='grc' dir='ltr'>τέκνα</span> <span class='ocrx_word' id='word_1_686' title='bbox 3066 4305 3160 4358; x_wconf 77' lang='grc' dir='ltr'><strong>καὶ</strong></span> <span class='ocrx_word' id='word_1_687' title='bbox 3184 4305 3388 4368; x_wconf 83' lang='grc' dir='ltr'>παιδία,</span> <span class='ocrx_word' id='word_1_688' title='bbox 3407 4302 3494 4357; x_wconf 74' lang='grc' dir='ltr'><strong>καὶ</strong></span> <span class='ocrx_word' id='word_1_689' title='bbox 3517 4299 3671 4370; x_wconf 80' lang='grc' dir='ltr'>νήπια,</span> <span class='ocrx_word' id='word_1_690' title='bbox 3694 4283 3758 4341; x_wconf 56' lang='grc' dir='ltr'>καὶ</span> 
     </span>
    </p>
   </div>
   <div class='ocr_carea' id='block_1_87' title="bbox 621 4381 2179 4491">
    <p class='ocr_par' dir='ltr' id='par_1_87' title="bbox 621 4391 2177 4462">
     <span class='ocr_line' id='line_1_87' title="bbox 621 4391 2177 4462; baseline 0.006 -17"><span class='ocrx_word' id='word_1_691' title='bbox 621 4393 1180 4462; x_wconf 88' lang='lat' dir='ltr'><strong>amicos,etparvulos</strong></span> <span class='ocrx_word' id='word_1_692' title='bbox 1197 4391 1249 4444; x_wconf 92' lang='lat' dir='ltr'><strong>in</strong></span> <span class='ocrx_word' id='word_1_693' title='bbox 1267 4392 1537 4460; x_wconf 64' lang='lat' dir='ltr'><strong>praesenti,</strong></span> <span class='ocrx_word' id='word_1_694' title='bbox 1559 4394 1605 4446; x_wconf 93' lang='lat' dir='ltr'><strong>si</strong></span> <span class='ocrx_word' id='word_1_695' title='bbox 1627 4409 1749 4447; x_wconf 91' lang='lat' dir='ltr'><strong>cum</strong></span> <span class='ocrx_word' id='word_1_696' title='bbox 1765 4394 1943 4450; x_wconf 91' lang='lat' dir='ltr'><strong>futura</strong></span> <span class='ocrx_word' id='word_1_697' title='bbox 1965 4398 2177 4454; x_wconf 91' lang='lat' dir='ltr'><strong>illorum</strong></span> 
     </span>
    </p>
   </div>
   <div class='ocr_carea' id='block_1_88' title="bbox 2253 4381 3760 4491">
    <p class='ocr_par' dir='ltr' id='par_1_88' title="bbox 2253 4381 3760 4491">
     <span class='ocr_line' id='line_1_88' title="bbox 2253 4381 3760 4491; baseline -0.011 -39"><span class='ocrx_word' id='word_1_698' title='bbox 2253 4444 2258 4478; x_wconf 64' lang='grc'><strong>,</strong></span> <span class='ocrx_word' id='word_1_699' title='bbox 2285 4395 2468 4465; x_wconf 83' lang='grc' dir='ltr'>φίλους</span> <span class='ocrx_word' id='word_1_700' title='bbox 2492 4396 2761 4468; x_wconf 78' lang='grc' dir='ltr'>ὀνομάζει,</span> <span class='ocrx_word' id='word_1_701' title='bbox 2777 4397 2868 4450; x_wconf 78' lang='grc' dir='ltr'>καὶ</span> <span class='ocrx_word' id='word_1_702' title='bbox 2888 4397 3113 4469; x_wconf 79' lang='grc' dir='ltr'>μικροὺς</span> <span class='ocrx_word' id='word_1_703' title='bbox 3131 4397 3314 4451; x_wconf 86' lang='grc' dir='ltr'>ἐνθάδε</span> <span class='ocrx_word' id='word_1_704' title='bbox 3333 4396 3404 4459; x_wconf 86' lang='grc' dir='ltr'><strong>ὡς</strong></span> <span class='ocrx_word' id='word_1_705' title='bbox 3421 4393 3542 4466; x_wconf 79' lang='grc' dir='ltr'>πρὸς</span> <span class='ocrx_word' id='word_1_706' title='bbox 3556 4389 3606 4442; x_wconf 84' lang='grc' dir='ltr'>τὸ</span> 
     </span>
    </p>
   </div>
   <div class='ocr_carea' id='block_1_89' title="bbox 619 4476 2179 4570">
    <p class='ocr_par' dir='ltr' id='par_1_89' title="bbox 619 4480 2178 4570">
     <span class='ocr_line' id='line_1_89' title="bbox 619 4480 2178 4570; baseline 0.001 -36"><span class='ocrx_word' id='word_1_707' title='bbox 619 4481 675 4534; x_wconf 92' lang='lat' dir='ltr'><strong>in</strong></span> <span class='ocrx_word' id='word_1_708' title='bbox 708 4483 863 4536; x_wconf 71' lang='lat' dir='ltr'><strong>ccelis</strong></span> <span class='ocrx_word' id='word_1_709' title='bbox 893 4481 1265 4570; x_wconf 75' lang='lat' dir='ltr'><strong>magnitudine</strong></span> <span class='ocrx_word' id='word_1_710' title='bbox 1291 4480 1664 4538; x_wconf 87' lang='lat' dir='ltr'><strong>conferantur.</strong></span> <span class='ocrx_word' id='word_1_711' title='bbox 1706 4503 1724 4536; x_wconf 86' lang='grc'><em>‹</em></span> <span class='ocrx_word' id='word_1_712' title='bbox 1759 4484 1834 4542; x_wconf 82' lang='grc' dir='ltr'>Νο</span> <span class='ocrx_word' id='word_1_713' title='bbox 1863 4497 2178 4546; x_wconf 86' lang='lat' dir='ltr'><strong>contemna-</strong></span> 
     </span>
    </p>
   </div>
   <div class='ocr_carea' id='block_1_90' title="bbox 2253 4476 3758 4570">
    <p class='ocr_par' dir='ltr' id='par_1_90' title="bbox 2282 4476 3758 4570">
     <span class='ocr_line' id='line_1_90' title="bbox 2282 4476 3758 4570; baseline -0.023 -6"><span class='ocrx_word' id='word_1_714' title='bbox 2282 4489 2392 4543; x_wconf 69' lang='grc' dir='ltr'><strong>ἄνω</strong></span> <span class='ocrx_word' id='word_1_715' title='bbox 2446 4488 2672 4560; x_wconf 79' lang='grc' dir='ltr'>μέγεθος</span> <span class='ocrx_word' id='word_1_716' title='bbox 2699 4488 2894 4543; x_wconf 68' lang='grc' dir='ltr'>αὐτῶν·</span> <span class='ocrx_word' id='word_1_717' title='bbox 2952 4507 2970 4540; x_wconf 73' lang='grc' dir='ltr'>ι</span> <span class='ocrx_word' id='word_1_718' title='bbox 3009 4491 3100 4561; x_wconf 83' lang='grc' dir='ltr'><strong>Μὴ</strong></span> <span class='ocrx_word' id='word_1_719' title='bbox 3134 4488 3575 4561; x_wconf 78' lang='grc' dir='ltr'>καταφρονήσητε,</span> <span class='ocrx_word' id='word_1_720' title='bbox 3603 4476 3758 4570; x_wconf 59' lang='grc' dir='ltr'>λέγων,</span> 
     </span>
    </p>
   </div>
   <div class='ocr_carea' id='block_1_91' title="bbox 617 4575 2172 4654">
    <p class='ocr_par' dir='ltr' id='par_1_91' title="bbox 617 4575 2172 4654">
     <span class='ocr_line' id='line_1_91' title="bbox 617 4575 2172 4654; baseline 0.006 -24"><span class='ocrx_word' id='word_1_721' title='bbox 617 4576 708 4640; x_wconf 84' lang='lat' dir='ltr'><strong>tis,</strong></span> <span class='ocrx_word' id='word_1_722' title='bbox 741 4576 936 4645; x_wconf 87' lang='lat' dir='ltr'><strong>inquit,</strong></span> <span class='ocrx_word' id='word_1_723' title='bbox 984 4591 1151 4628; x_wconf 91' lang='lat' dir='ltr'><strong>unum</strong></span> <span class='ocrx_word' id='word_1_724' title='bbox 1182 4591 1248 4630; x_wconf 79' lang='lat' dir='ltr'><strong>ex</strong></span> <span class='ocrx_word' id='word_1_725' title='bbox 1287 4581 1344 4638; x_wconf 64' lang='lat'><strong>&gt;14</strong></span> <span class='ocrx_word' id='word_1_726' title='bbox 1382 4575 1466 4632; x_wconf 89' lang='lat' dir='ltr'><strong>his</strong></span> <span class='ocrx_word' id='word_1_727' title='bbox 1514 4579 1760 4648; x_wconf 89' lang='lat' dir='ltr'><strong>pusillis;</strong></span> <span class='ocrx_word' id='word_1_728' title='bbox 1814 4583 1988 4654; x_wconf 87' lang='lat' dir='ltr'><strong>angeli</strong></span> <span class='ocrx_word' id='word_1_729' title='bbox 2028 4585 2172 4640; x_wconf 92' lang='lat' dir='ltr'><strong>enim</strong></span> 
     </span>
    </p>
   </div>
   <div class='ocr_carea' id='block_1_92' title="bbox 614 4664 2175 4744">
    <p class='ocr_par' dir='ltr' id='par_1_92' title="bbox 614 4664 2175 4744">
     <span class='ocr_line' id='line_1_92' title="bbox 614 4664 2175 4744; baseline 0.008 -25"><span class='ocrx_word' id='word_1_730' title='bbox 614 4679 805 4720; x_wconf 87' lang='lat' dir='ltr'><strong>eorum</strong></span> <span class='ocrx_word' id='word_1_731' title='bbox 835 4679 1048 4733; x_wconf 90' lang='lat' dir='ltr'><strong>semper</strong></span> <span class='ocrx_word' id='word_1_732' title='bbox 1077 4665 1259 4718; x_wconf 87' lang='lat' dir='ltr'><strong>vident</strong></span> <span class='ocrx_word' id='word_1_733' title='bbox 1288 4664 1481 4722; x_wconf 91' lang='lat' dir='ltr'><strong>faciem</strong></span> <span class='ocrx_word' id='word_1_734' title='bbox 1509 4666 1688 4726; x_wconf 89' lang='lat' dir='ltr'><strong>Patris</strong></span> <span class='ocrx_word' id='word_1_735' title='bbox 1727 4672 1853 4736; x_wconf 93' lang='lat' dir='ltr'><strong>mei,</strong></span> <span class='ocrx_word' id='word_1_736' title='bbox 1887 4673 1976 4744; x_wconf 91' lang='lat' dir='ltr'><strong>qui</strong></span> <span class='ocrx_word' id='word_1_737' title='bbox 2009 4683 2090 4731; x_wconf 92' lang='lat' dir='ltr'><strong>est</strong></span> <span class='ocrx_word' id='word_1_738' title='bbox 2119 4677 2175 4732; x_wconf 91' lang='lat' dir='ltr'><strong>in</strong></span> 
     </span>
    </p>
   </div>
   <div class='ocr_carea' id='block_1_93' title="bbox 616 4753 2176 4838">
    <p class='ocr_par' dir='ltr' id='par_1_93' title="bbox 616 4753 2176 4838">
     <span class='ocr_line' id='line_1_93' title="bbox 616 4753 2176 4838; baseline 0.01 -30"><span class='ocrx_word' id='word_1_739' title='bbox 616 4755 773 4809; x_wconf 68' lang='lat' dir='ltr'><strong>cretis</strong></span> <span class='ocrx_word' id='word_1_740' title='bbox 806 4753 848 4806; x_wconf 71' lang='grc' dir='ltr'>ι.</span> <span class='ocrx_word' id='word_1_741' title='bbox 879 4774 898 4806; x_wconf 74' lang='grc' dir='ltr'><strong>ι</strong></span> <span class='ocrx_word' id='word_1_742' title='bbox 923 4753 1042 4809; x_wconf 88' lang='lat' dir='ltr'><strong>Alio</strong></span> <span class='ocrx_word' id='word_1_743' title='bbox 1069 4756 1285 4824; x_wconf 89' lang='lat' dir='ltr'><strong>quidem</strong></span> <span class='ocrx_word' id='word_1_744' title='bbox 1318 4758 1468 4815; x_wconf 89' lang='lat' dir='ltr'><strong>loco:</strong></span> <span class='ocrx_word' id='word_1_745' title='bbox 1503 4780 1521 4812; x_wconf 74' lang='grc' dir='ltr'>ι</span> <span class='ocrx_word' id='word_1_746' title='bbox 1560 4761 1734 4819; x_wconf 86' lang='lat' dir='ltr'><strong>Nolite</strong></span> <span class='ocrx_word' id='word_1_747' title='bbox 1762 4767 1970 4831; x_wconf 92' lang='lat' dir='ltr'><strong>timere,</strong></span> <span class='ocrx_word' id='word_1_748' title='bbox 2004 4770 2176 4838; x_wconf 82' lang='lat' dir='ltr'><strong>pusil-</strong></span> 
     </span>
    </p>
   </div>
   <div class='ocr_carea' id='block_1_94' title="bbox 616 4845 2173 4931">
    <p class='ocr_par' dir='ltr' id='par_1_94' title="bbox 616 4845 2173 4931">
     <span class='ocr_line' id='line_1_94' title="bbox 616 4845 2173 4931; baseline 0.01 -33"><span class='ocrx_word' id='word_1_749' title='bbox 616 4845 704 4900; x_wconf 87' lang='lat' dir='ltr'><strong>lus</strong></span> <span class='ocrx_word' id='word_1_750' title='bbox 720 4860 877 4912; x_wconf 82' lang='lat' dir='ltr'><strong>grex:</strong></span> <span class='ocrx_word' id='word_1_751' title='bbox 911 4846 1236 4916; x_wconf 89' lang='lat' dir='ltr'><strong>complacuit</strong></span> <span class='ocrx_word' id='word_1_752' title='bbox 1267 4850 1410 4904; x_wconf 89' lang='lat' dir='ltr'><strong>enim</strong></span> <span class='ocrx_word' id='word_1_753' title='bbox 1441 4851 1587 4908; x_wconf 89' lang='lat' dir='ltr'><strong>Patri</strong></span> <span class='ocrx_word' id='word_1_754' title='bbox 1615 4855 1744 4912; x_wconf 91' lang='lat' dir='ltr'><strong>dare</strong></span> <span class='ocrx_word' id='word_1_755' title='bbox 1765 4857 1916 4915; x_wconf 87' lang='lat' dir='ltr'><strong>vobis</strong></span> <span class='ocrx_word' id='word_1_756' title='bbox 1946 4874 2173 4931; x_wconf 87' lang='lat' dir='ltr'><strong>regnum</strong></span> 
     </span>
    </p>
   </div>
   <div class='ocr_carea' id='block_1_95' title="bbox 617 4936 2166 5016">
    <p class='ocr_par' dir='ltr' id='par_1_95' title="bbox 617 4936 2166 5016">
     <span class='ocr_line' id='line_1_95' title="bbox 617 4936 2166 5016; baseline 0.01 -27"><span class='ocrx_word' id='word_1_757' title='bbox 617 4936 882 4989; x_wconf 67' lang='lat' dir='ltr'><strong>caelorum</strong></span> <span class='ocrx_word' id='word_1_758' title='bbox 917 4937 961 4990; x_wconf 74' lang='grc'>8.</span> <span class='ocrx_word' id='word_1_759' title='bbox 1006 4956 1025 4989; x_wconf 75' lang='grc' dir='ltr'><strong>ι</strong></span> <span class='ocrx_word' id='word_1_760' title='bbox 1089 4936 1200 4993; x_wconf 83' lang='lat' dir='ltr'><strong>Hac</strong></span> <span class='ocrx_word' id='word_1_761' title='bbox 1258 4939 1372 5011; x_wconf 89' lang='lat' dir='ltr'><strong>ipsa</strong></span> <span class='ocrx_word' id='word_1_762' title='bbox 1408 4945 1652 5016; x_wconf 91' lang='lat' dir='ltr'><strong>ratione,</strong></span> <span class='ocrx_word' id='word_1_763' title='bbox 1703 4948 1865 5006; x_wconf 90' lang='lat' dir='ltr'><strong>etiam</strong></span> <span class='ocrx_word' id='word_1_764' title='bbox 1913 4948 2122 5005; x_wconf 83' lang='lat' dir='ltr'><strong>Joanne</strong></span> <span class='ocrx_word' id='word_1_765' title='bbox 2149 4989 2166 5016; x_wconf 93' lang='lat'><strong>,</strong></span> 
     </span>
    </p>
   </div>
   <div class='ocr_carea' id='block_1_96' title="bbox 616 5026 2172 5112">
    <p class='ocr_par' dir='ltr' id='par_1_96' title="bbox 616 5026 2172 5112">
     <span class='ocr_line' id='line_1_96' title="bbox 616 5026 2172 5112; baseline 0.01 -33"><span class='ocrx_word' id='word_1_766' title='bbox 616 5026 710 5096; x_wconf 92' lang='lat' dir='ltr'><strong>qui</strong></span> <span class='ocrx_word' id='word_1_767' title='bbox 739 5026 1008 5084; x_wconf 76' lang='lat' dir='ltr'><strong>maximus</strong></span> <span class='ocrx_word' id='word_1_768' title='bbox 1056 5038 1138 5085; x_wconf 90' lang='lat' dir='ltr'><strong>est</strong></span> <span class='ocrx_word' id='word_1_769' title='bbox 1175 5031 1315 5087; x_wconf 87' lang='lat' dir='ltr'><strong>inter</strong></span> <span class='ocrx_word' id='word_1_770' title='bbox 1345 5043 1502 5092; x_wconf 90' lang='lat' dir='ltr'><strong>natos</strong></span> <span class='ocrx_word' id='word_1_771' title='bbox 1524 5039 1830 5104; x_wconf 90' lang='lat' dir='ltr'><strong>mulierum,</strong></span> <span class='ocrx_word' id='word_1_772' title='bbox 1862 5040 1956 5112; x_wconf 92' lang='lat' dir='ltr'><strong>qui</strong></span> <span class='ocrx_word' id='word_1_773' title='bbox 1993 5039 2172 5094; x_wconf 90' lang='lat' dir='ltr'><strong>minor</strong></span> 
     </span>
    </p>
   </div>
   <div class='ocr_carea' id='block_1_97' title="bbox 613 5117 2170 5201">
    <p class='ocr_par' dir='ltr' id='par_1_97' title="bbox 613 5117 2170 5201">
     <span class='ocr_line' id='line_1_97' title="bbox 613 5117 2170 5201; baseline 0.006 -28"><span class='ocrx_word' id='word_1_774' title='bbox 613 5122 700 5173; x_wconf 85' lang='lat' dir='ltr'><strong>est</strong></span> <span class='ocrx_word' id='word_1_775' title='bbox 743 5117 796 5170; x_wconf 89' lang='lat' dir='ltr'><strong>in</strong></span> <span class='ocrx_word' id='word_1_776' title='bbox 848 5133 1013 5190; x_wconf 87' lang='lat' dir='ltr'><strong>regno</strong></span> <span class='ocrx_word' id='word_1_777' title='bbox 1041 5123 1302 5179; x_wconf 58' lang='lat' dir='ltr'><strong>caelorum</strong></span> <span class='ocrx_word' id='word_1_778' title='bbox 1330 5126 1510 5196; x_wconf 93' lang='lat' dir='ltr'><strong>(suum</strong></span> <span class='ocrx_word' id='word_1_779' title='bbox 1543 5129 1797 5184; x_wconf 87' lang='lat' dir='ltr'><strong>nimirum</strong></span> <span class='ocrx_word' id='word_1_780' title='bbox 1821 5130 2170 5201; x_wconf 91' lang='lat' dir='ltr'><strong>discipulum)</strong></span> 
     </span>
    </p>
   </div>
   <div class='ocr_carea' id='block_1_98' title="bbox 611 5211 2171 5295">
    <p class='ocr_par' dir='ltr' id='par_1_98' title="bbox 611 5211 2171 5295">
     <span class='ocr_line' id='line_1_98' title="bbox 611 5211 2171 5295; baseline 0.009 -31"><span class='ocrx_word' id='word_1_781' title='bbox 611 5211 872 5280; x_wconf 87' lang='lat' dir='ltr'><strong>majorem</strong></span> <span class='ocrx_word' id='word_1_782' title='bbox 891 5228 1010 5272; x_wconf 88' lang='lat' dir='ltr'><strong>esse</strong></span> <span class='ocrx_word' id='word_1_783' title='bbox 1031 5216 1180 5274; x_wconf 91' lang='lat' dir='ltr'><strong>dicit.</strong></span> <span class='ocrx_word' id='word_1_784' title='bbox 1213 5221 1289 5274; x_wconf 85' lang='lat' dir='ltr'><strong>Ac</strong></span> <span class='ocrx_word' id='word_1_785' title='bbox 1319 5237 1540 5279; x_wconf 88' lang='lat' dir='ltr'><strong>rursus:</strong></span> <span class='ocrx_word' id='word_1_786' title='bbox 1567 5242 1585 5274; x_wconf 79' lang='grc' dir='ltr'><strong>ι</strong></span> <span class='ocrx_word' id='word_1_787' title='bbox 1621 5223 1722 5292; x_wconf 88' lang='lat' dir='ltr'><strong>Qui</strong></span> <span class='ocrx_word' id='word_1_788' title='bbox 1747 5224 1939 5295; x_wconf 91' lang='lat' dir='ltr'><strong>recipit</strong></span> <span class='ocrx_word' id='word_1_789' title='bbox 1961 5223 2171 5294; x_wconf 88' lang='lat' dir='ltr'><strong>justum</strong></span> 
     </span>
    </p>
   </div>
   <div class='ocr_carea' id='block_1_99' title="bbox 611 5306 2172 5388">
    <p class='ocr_par' dir='ltr' id='par_1_99' title="bbox 611 5306 2172 5388">
     <span class='ocr_line' id='line_1_99' title="bbox 611 5306 2172 5388; baseline 0.01 -29"><span class='ocrx_word' id='word_1_790' title='bbox 611 5310 705 5360; x_wconf 91' lang='lat' dir='ltr'><strong>aut</strong></span> <span class='ocrx_word' id='word_1_791' title='bbox 730 5306 1047 5378; x_wconf 88' lang='lat' dir='ltr'><strong>prophetam</strong></span> <span class='ocrx_word' id='word_1_792' title='bbox 1076 5312 1130 5368; x_wconf 91' lang='lat' dir='ltr'><strong>in</strong></span> <span class='ocrx_word' id='word_1_793' title='bbox 1162 5315 1381 5372; x_wconf 88' lang='lat' dir='ltr'><strong>nomine</strong></span> <span class='ocrx_word' id='word_1_794' title='bbox 1410 5317 1545 5388; x_wconf 87' lang='lat' dir='ltr'><strong>justi</strong></span> <span class='ocrx_word' id='word_1_795' title='bbox 1575 5324 1670 5373; x_wconf 91' lang='lat' dir='ltr'><strong>aut</strong></span> <span class='ocrx_word' id='word_1_796' title='bbox 1696 5315 1990 5388; x_wconf 70' lang='lat' dir='ltr'><strong>pr0pheta3,</strong></span> <span class='ocrx_word' id='word_1_797' title='bbox 2023 5317 2172 5374; x_wconf 90' lang='lat' dir='ltr'><strong>illius</strong></span> 
     </span>
    </p>
   </div>
   <div class='ocr_carea' id='block_1_100' title="bbox 716 5466 2580 5612">
    <p class='ocr_par' dir='ltr' id='par_1_100' title="bbox 716 5466 2580 5612">
     <span class='ocr_line' id='line_1_100' title="bbox 716 5466 2580 5612; baseline 0.006 -24"><span class='ocrx_word' id='word_1_798' title='bbox 716 5533 880 5612; x_wconf 32' lang='grc' dir='ltr'>ᾗχι).</span> <span class='ocrx_word' id='word_1_799' title='bbox 922 5466 1027 5612; x_wconf 59' lang='grc' dir='ltr'><strong>θίὅ</strong></span> <span class='ocrx_word' id='word_1_800' title='bbox 1061 5539 1168 5596; x_wconf 89' lang='lat' dir='ltr'><strong>ED.</strong></span> <span class='ocrx_word' id='word_1_801' title='bbox 1209 5540 1506 5600; x_wconf 80' lang='lat' dir='ltr'><strong>POTTER.</strong></span> <span class='ocrx_word' id='word_1_802' title='bbox 1614 5555 1642 5585; x_wconf 75' lang='grc' dir='ltr'>ι</span> <span class='ocrx_word' id='word_1_803' title='bbox 1679 5542 1838 5602; x_wconf 87' lang='lat' dir='ltr'><strong>Joan.</strong></span> <span class='ocrx_word' id='word_1_804' title='bbox 1868 5560 1981 5609; x_wconf 79' lang='lat' dir='ltr'><strong>xrv,</strong></span> <span class='ocrx_word' id='word_1_805' title='bbox 2013 5544 2116 5612; x_wconf 73' lang='lat'><strong>2&#39;5;</strong></span> <span class='ocrx_word' id='word_1_806' title='bbox 2143 5543 2333 5600; x_wconf 81' lang='lat' dir='ltr'><strong>Matth.</strong></span> <span class='ocrx_word' id='word_1_807' title='bbox 2364 5559 2462 5607; x_wconf 87' lang='lat' dir='ltr'><strong>vn,</strong></span> <span class='ocrx_word' id='word_1_808' title='bbox 2490 5543 2580 5600; x_wconf 74' lang='lat'><strong>2|.</strong></span> 
     </span>
    </p>
   </div>
   <div class='ocr_carea' id='block_1_101' title="bbox 604 5597 2330 5686">
    <p class='ocr_par' dir='ltr' id='par_1_101' title="bbox 604 5597 2330 5686">
     <span class='ocr_line' id='line_1_101' title="bbox 604 5597 2330 5686; baseline 0.005 -23"><span class='ocrx_word' id='word_1_809' title='bbox 604 5597 864 5686; x_wconf 49' lang='lat' dir='ltr'><strong>{Matth</strong></span> <span class='ocrx_word' id='word_1_810' title='bbox 924 5597 1050 5678; x_wconf 79' lang='lat' dir='ltr'><strong>x’xv,</strong></span> <span class='ocrx_word' id='word_1_811' title='bbox 1098 5612 1186 5680; x_wconf 75' lang='grc'><strong>54,</strong></span> <span class='ocrx_word' id='word_1_812' title='bbox 1245 5597 1524 5686; x_wconf 56' lang='lat' dir='ltr'><strong>sequ</strong></span> <span class='ocrx_word' id='word_1_813' title='bbox 1564 5597 1837 5685; x_wconf 38' lang='lat' dir='ltr'><strong>Manlii},</strong></span> <span class='ocrx_word' id='word_1_814' title='bbox 1867 5597 2330 5685; x_wconf 55' lang='grc' dir='ltr'><strong>ἱὸξἙιὶἐξὶξὶϐ.</strong></span> 
     </span>
    </p>
   </div>
   <div class='ocr_carea' id='block_1_102' title="bbox 609 5670 801 5730">
    <p class='ocr_par' dir='ltr' id='par_1_102' title="bbox 609 5670 801 5730">
     <span class='ocr_line' id='line_1_102' title="bbox 609 5670 801 5730; baseline 0.026 -8"><span class='ocrx_word' id='word_1_815' title='bbox 609 5684 684 5730; x_wconf 80' lang='lat' dir='ltr'><strong>xi.</strong></span> <span class='ocrx_word' id='word_1_816' title='bbox 720 5670 801 5726; x_wconf 84' lang='lat' dir='ltr'><strong>ll.</strong></span> 
     </span>
    </p>
   </div>
   <div class='ocr_carea' id='block_1_103' title="bbox 2279 4563 3759 4653">
    <p class='ocr_par' dir='ltr' id='par_1_103' title="bbox 2279 4563 3759 4653">
     <span class='ocr_line' id='line_1_103' title="bbox 2279 4563 3759 4653; baseline -0.024 -6"><span class='ocrx_word' id='word_1_817' title='bbox 2279 4581 2396 4645; x_wconf 78' lang='grc' dir='ltr'>ἐνὸς</span> <span class='ocrx_word' id='word_1_818' title='bbox 2417 4581 2522 4635; x_wconf 80' lang='grc' dir='ltr'><strong>τῶν</strong></span> <span class='ocrx_word' id='word_1_819' title='bbox 2554 4580 2763 4653; x_wconf 85' lang='grc' dir='ltr'>μικρῶν</span> <span class='ocrx_word' id='word_1_820' title='bbox 2786 4581 2986 4636; x_wconf 78' lang='grc' dir='ltr'>τούτων</span> <span class='ocrx_word' id='word_1_821' title='bbox 3006 4599 3019 4611; x_wconf 93' lang='grc'><strong>·</strong></span> <span class='ocrx_word' id='word_1_822' title='bbox 3055 4581 3260 4635; x_wconf 83' lang='grc' dir='ltr'>τούτων</span> <span class='ocrx_word' id='word_1_823' title='bbox 3279 4581 3382 4652; x_wconf 90' lang='grc' dir='ltr'><strong>γάρ</strong></span> <span class='ocrx_word' id='word_1_824' title='bbox 3413 4579 3458 4631; x_wconf 84' lang='grc' dir='ltr'><strong>οί</strong></span> <span class='ocrx_word' id='word_1_825' title='bbox 3483 4569 3665 4641; x_wconf 81' lang='grc' dir='ltr'>ἄγγελοι</span> <span class='ocrx_word' id='word_1_826' title='bbox 3679 4563 3759 4653; x_wconf 73' lang='grc' dir='ltr'>δια-</span> 
     </span>
    </p>
   </div>
   <div class='ocr_carea' id='block_1_104' title="bbox 2279 4651 3758 4745">
    <p class='ocr_par' dir='ltr' id='par_1_104' title="bbox 2279 4651 3758 4745">
     <span class='ocr_line' id='line_1_104' title="bbox 2279 4651 3758 4745; baseline -0.007 -20"><span class='ocrx_word' id='word_1_827' title='bbox 2279 4673 2477 4736; x_wconf 77' lang='grc' dir='ltr'>παντὸς</span> <span class='ocrx_word' id='word_1_828' title='bbox 2539 4651 2790 4744; x_wconf 80' lang='grc' dir='ltr'>βλέπουσι</span> <span class='ocrx_word' id='word_1_829' title='bbox 2831 4673 2890 4726; x_wconf 83' lang='grc' dir='ltr'><strong>τὸ</strong></span> <span class='ocrx_word' id='word_1_830' title='bbox 2938 4673 3227 4745; x_wconf 89' lang='grc' dir='ltr'>πρόσωπον</span> <span class='ocrx_word' id='word_1_831' title='bbox 3277 4651 3368 4725; x_wconf 79' lang='grc' dir='ltr'>τοῦ</span> <span class='ocrx_word' id='word_1_832' title='bbox 3399 4664 3587 4736; x_wconf 82' lang='grc' dir='ltr'>Πατρός</span> <span class='ocrx_word' id='word_1_833' title='bbox 3616 4673 3694 4730; x_wconf 86' lang='grc' dir='ltr'><strong>μου</strong></span> <span class='ocrx_word' id='word_1_834' title='bbox 3718 4651 3758 4745; x_wconf 51' lang='grc' dir='ltr'><strong>ἓν</strong></span> 
     </span>
    </p>
   </div>
   <div class='ocr_carea' id='block_1_105' title="bbox 2277 4743 3756 4848">
    <p class='ocr_par' dir='ltr' id='par_1_105' title="bbox 2277 4743 3756 4848">
     <span class='ocr_line' id='line_1_105' title="bbox 2277 4743 3756 4848; baseline 0.001 -33"><span class='ocrx_word' id='word_1_835' title='bbox 2277 4743 2547 4835; x_wconf 83' lang='grc' dir='ltr'>οὐρανοῖς.</span> <span class='ocrx_word' id='word_1_836' title='bbox 2586 4783 2606 4816; x_wconf 74' lang='grc' dir='ltr'><strong>ι</strong></span> <span class='ocrx_word' id='word_1_837' title='bbox 2641 4765 2748 4818; x_wconf 78' lang='grc' dir='ltr'>Καὶ</span> <span class='ocrx_word' id='word_1_838' title='bbox 2780 4743 3020 4836; x_wconf 79' lang='grc' dir='ltr'>ἑτέρωθι·</span> <span class='ocrx_word' id='word_1_839' title='bbox 3067 4783 3086 4816; x_wconf 78' lang='grc' dir='ltr'><strong>ι</strong></span> <span class='ocrx_word' id='word_1_840' title='bbox 3139 4766 3231 4836; x_wconf 80' lang='grc' dir='ltr'><strong>Μὴ</strong></span> <span class='ocrx_word' id='word_1_841' title='bbox 3264 4759 3515 4833; x_wconf 81' lang='grc' dir='ltr'>φοϐεῖσθε,</span> <span class='ocrx_word' id='word_1_842' title='bbox 3543 4755 3592 4808; x_wconf 82' lang='grc' dir='ltr'><strong>τὸ</strong></span> <span class='ocrx_word' id='word_1_843' title='bbox 3616 4743 3756 4848; x_wconf 45' lang='lat' dir='ltr'><strong>itif?“</strong></span> 
     </span>
    </p>
   </div>
   <div class='ocr_carea' id='block_1_106' title="bbox 2279 4842 3757 4932">
    <p class='ocr_par' dir='ltr' id='par_1_106' title="bbox 2279 4842 3757 4932">
     <span class='ocr_line' id='line_1_106' title="bbox 2279 4842 3757 4932; baseline -0.016 -23"><span class='ocrx_word' id='word_1_844' title='bbox 2279 4854 2544 4925; x_wconf 88' lang='grc' dir='ltr'>ποίμνιον·</span> <span class='ocrx_word' id='word_1_845' title='bbox 2593 4854 2721 4925; x_wconf 82' lang='grc' dir='ltr'>ὑμῖν</span> <span class='ocrx_word' id='word_1_846' title='bbox 2752 4855 2860 4926; x_wconf 84' lang='grc' dir='ltr'><strong>γὰρ</strong></span> <span class='ocrx_word' id='word_1_847' title='bbox 2884 4855 3181 4927; x_wconf 83' lang='grc' dir='ltr'>ηὐδόκησεν</span> <span class='ocrx_word' id='word_1_848' title='bbox 3215 4858 3244 4909; x_wconf 82' lang='grc' dir='ltr'>ὁ</span> <span class='ocrx_word' id='word_1_849' title='bbox 3289 4854 3468 4923; x_wconf 83' lang='grc' dir='ltr'><strong>Πατὴρ</strong></span> <span class='ocrx_word' id='word_1_850' title='bbox 3498 4842 3757 4932; x_wconf 48' lang='grc' dir='ltr'>παραδοῦναι</span> 
     </span>
    </p>
   </div>
   <div class='ocr_carea' id='block_1_107' title="bbox 2277 4931 3754 5028">
    <p class='ocr_par' dir='ltr' id='par_1_107' title="bbox 2277 4931 3754 5028">
     <span class='ocr_line' id='line_1_107' title="bbox 2277 4931 3754 5028; baseline -0.01 -29"><span class='ocrx_word' id='word_1_851' title='bbox 2277 4945 2372 5016; x_wconf 82' lang='grc' dir='ltr'>τὴν</span> <span class='ocrx_word' id='word_1_852' title='bbox 2393 4945 2664 5016; x_wconf 88' lang='grc' dir='ltr'>βασιλείαν</span> <span class='ocrx_word' id='word_1_853' title='bbox 2696 4946 2802 5000; x_wconf 91' lang='grc' dir='ltr'>τῶν</span> <span class='ocrx_word' id='word_1_854' title='bbox 2829 4946 3090 5018; x_wconf 79' lang='grc' dir='ltr'>οὐρανῶν.</span> <span class='ocrx_word' id='word_1_855' title='bbox 3135 4967 3154 5000; x_wconf 74' lang='grc' dir='ltr'><strong>ι</strong></span> <span class='ocrx_word' id='word_1_856' title='bbox 3182 4945 3335 5000; x_wconf 86' lang='grc' dir='ltr'>Κατά</span> <span class='ocrx_word' id='word_1_857' title='bbox 3359 4943 3424 4998; x_wconf 86' lang='grc' dir='ltr'><strong>τά</strong></span> <span class='ocrx_word' id='word_1_858' title='bbox 3451 4938 3574 4994; x_wconf 78' lang='grc' dir='ltr'>αὐτὰ</span> <span class='ocrx_word' id='word_1_859' title='bbox 3591 4931 3754 5028; x_wconf 40' lang='lat' dir='ltr'><strong>xui-i=0,&quot;</strong></span> 
     </span>
    </p>
   </div>
   <div class='ocr_carea' id='block_1_108' title="bbox 2279 5019 3755 5108">
    <p class='ocr_par' dir='ltr' id='par_1_108' title="bbox 2279 5019 3755 5108">
     <span class='ocr_line' id='line_1_108' title="bbox 2279 5019 3755 5108; baseline 0.002 -20"><span class='ocrx_word' id='word_1_860' title='bbox 2279 5037 2532 5108; x_wconf 89' lang='grc' dir='ltr'>μεγίστου</span> <span class='ocrx_word' id='word_1_861' title='bbox 2574 5040 2631 5091; x_wconf 92' lang='grc' dir='ltr'>ἐν</span> <span class='ocrx_word' id='word_1_862' title='bbox 2654 5040 2930 5108; x_wconf 89' lang='grc' dir='ltr'>γεννητοῖς</span> <span class='ocrx_word' id='word_1_863' title='bbox 2959 5039 3231 5106; x_wconf 85' lang='grc' dir='ltr'>γυναικῶν</span> <span class='ocrx_word' id='word_1_864' title='bbox 3279 5035 3526 5095; x_wconf 83' lang='grc' dir='ltr'>Ἰωάννου,</span> <span class='ocrx_word' id='word_1_865' title='bbox 3566 5027 3639 5080; x_wconf 68' lang='grc' dir='ltr'><strong>τδν</strong></span> <span class='ocrx_word' id='word_1_866' title='bbox 3668 5019 3755 5108; x_wconf 37' lang='grc' dir='ltr'><strong>ἑλέ</strong></span> 
     </span>
    </p>
   </div>
   <div class='ocr_carea' id='block_1_109' title="bbox 2273 5105 3752 5212">
    <p class='ocr_par' dir='ltr' id='par_1_109' title="bbox 2273 5105 3752 5212">
     <span class='ocr_line' id='line_1_109' title="bbox 2273 5105 3752 5212; baseline -0.011 -31"><span class='ocrx_word' id='word_1_867' title='bbox 2273 5144 2454 5199; x_wconf 86' lang='grc' dir='ltr'>χιστον</span> <span class='ocrx_word' id='word_1_868' title='bbox 2483 5129 2540 5181; x_wconf 90' lang='grc' dir='ltr'>ἐν</span> <span class='ocrx_word' id='word_1_869' title='bbox 2588 5131 2653 5200; x_wconf 78' lang='grc' dir='ltr'>τῇ</span> <span class='ocrx_word' id='word_1_870' title='bbox 2700 5128 2945 5202; x_wconf 81' lang='grc' dir='ltr'>βασιλείᾳ</span> <span class='ocrx_word' id='word_1_871' title='bbox 2976 5129 3084 5184; x_wconf 89' lang='grc' dir='ltr'><strong>τῶν</strong></span> <span class='ocrx_word' id='word_1_872' title='bbox 3135 5129 3391 5203; x_wconf 85' lang='grc' dir='ltr'>οὐρανῶν,</span> <span class='ocrx_word' id='word_1_873' title='bbox 3443 5119 3652 5177; x_wconf 80' lang='grc' dir='ltr'>τουτέστι</span> 
     </span>
    </p>
   </div>
   <div class='ocr_carea' id='block_1_110' title="bbox 2271 5195 3752 5293">
    <p class='ocr_par' dir='ltr' id='par_1_110' title="bbox 2271 5195 3752 5293">
     <span class='ocr_line' id='line_1_110' title="bbox 2271 5195 3752 5293; baseline -0.003 -21"><span class='ocrx_word' id='word_1_874' title='bbox 2271 5195 2464 5273; x_wconf 77' lang='grc' dir='ltr'>ἐαυτοῦ</span> <span class='ocrx_word' id='word_1_875' title='bbox 2492 5195 2759 5292; x_wconf 77' lang='grc' dir='ltr'>μαθητὴν,</span> <span class='ocrx_word' id='word_1_876' title='bbox 2792 5195 2931 5274; x_wconf 73' lang='grc' dir='ltr'>εἶναι</span> <span class='ocrx_word' id='word_1_877' title='bbox 2957 5219 3125 5293; x_wconf 81' lang='grc' dir='ltr'>μείζω</span> <span class='ocrx_word' id='word_1_878' title='bbox 3150 5195 3314 5292; x_wconf 78' lang='grc' dir='ltr'>λέγει.</span> <span class='ocrx_word' id='word_1_879' title='bbox 3349 5218 3451 5272; x_wconf 72' lang='grc' dir='ltr'><strong>Καὶ</strong></span> <span class='ocrx_word' id='word_1_880' title='bbox 3476 5211 3626 5266; x_wconf 79' lang='grc' dir='ltr'>πάλιν·</span> <span class='ocrx_word' id='word_1_881' title='bbox 3658 5219 3673 5252; x_wconf 72' lang='grc' dir='ltr'><strong>ί</strong></span> 
     </span>
    </p>
   </div>
   <div class='ocr_carea' id='block_1_111' title="bbox 2271 5283 3749 5388">
    <p class='ocr_par' dir='ltr' id='par_1_111' title="bbox 2271 5283 3749 5388">
     <span class='ocr_line' id='line_1_111' title="bbox 2271 5283 3749 5388; baseline -0.016 -21"><span class='ocrx_word' id='word_1_882' title='bbox 2271 5283 2552 5383; x_wconf 73' lang='grc' dir='ltr'>δεχόμενος</span> <span class='ocrx_word' id='word_1_883' title='bbox 2603 5283 2807 5367; x_wconf 78' lang='grc' dir='ltr'>δίκαιον</span> <span class='ocrx_word' id='word_1_884' title='bbox 2838 5313 2873 5385; x_wconf 76' lang='grc' dir='ltr'>ἢ</span> <span class='ocrx_word' id='word_1_885' title='bbox 2911 5283 3192 5388; x_wconf 66' lang='grc' dir='ltr'>προφητην</span> <span class='ocrx_word' id='word_1_886' title='bbox 3221 5283 3318 5378; x_wconf 44' lang='grc' dir='ltr'><strong>ἐίς</strong></span> <span class='ocrx_word' id='word_1_887' title='bbox 3347 5311 3501 5379; x_wconf 73' lang='grc' dir='ltr'>ὄνομα</span> <span class='ocrx_word' id='word_1_888' title='bbox 3537 5283 3749 5356; x_wconf 78' lang='grc' dir='ltr'>δικαίουῆ</span> 
     </span>
    </p>
   </div>
   <div class='ocr_carea' id='block_1_112' title="bbox 2698 5508 3747 5612">
    <p class='ocr_par' dir='ltr' id='par_1_112' title="bbox 2698 5508 3747 5612">
     <span class='ocr_line' id='line_1_112' title="bbox 2698 5508 3747 5612; baseline 0.01 -16"><span class='ocrx_word' id='word_1_889' title='bbox 2698 5543 2726 5585; x_wconf 77' lang='grc' dir='ltr'><strong>ιι</strong></span> <span class='ocrx_word' id='word_1_890' title='bbox 2759 5541 2893 5598; x_wconf 90' lang='lat' dir='ltr'><strong>Luc.</strong></span> <span class='ocrx_word' id='word_1_891' title='bbox 2933 5557 3012 5612; x_wconf 85' lang='lat' dir='ltr'><strong>vt,</strong></span> <span class='ocrx_word' id='word_1_892' title='bbox 3043 5541 3132 5598; x_wconf 77' lang='lat' dir='ltr'><strong>to.</strong></span> <span class='ocrx_word' id='word_1_893' title='bbox 3170 5609 3191 5612; x_wconf 93' lang='lat'>_</span> <span class='ocrx_word' id='word_1_894' title='bbox 3243 5549 3265 5580; x_wconf 73' lang='grc' dir='ltr'><strong>ε</strong></span> <span class='ocrx_word' id='word_1_895' title='bbox 3306 5508 3747 5612; x_wconf 41' lang='lat' dir='ltr'><strong>Matth-39:“?</strong></span> 
     </span>
    </p>
   </div>
   <div class='ocr_carea' id='block_1_113' title="bbox 2431 5579 3749 5682">
    <p class='ocr_par' dir='ltr' id='par_1_113' title="bbox 2431 5579 3749 5682">
     <span class='ocr_line' id='line_1_113' title="bbox 2431 5579 3749 5682; baseline -0.008 -10"><span class='ocrx_word' id='word_1_896' title='bbox 2431 5579 2462 5655; x_wconf 65' lang='lat' dir='ltr'><strong>&#39;t&#39;</strong></span> <span class='ocrx_word' id='word_1_897' title='bbox 2495 5579 3012 5682; x_wconf 50' lang='grc' dir='ltr'><strong>ᾗᾱιιιιᾶῧῖιΐιόῗ</strong></span> <span class='ocrx_word' id='word_1_898' title='bbox 3043 5579 3132 5656; x_wconf 69' lang='lat' dir='ltr'><strong>&quot;i</strong></span> <span class='ocrx_word' id='word_1_899' title='bbox 3169 5579 3575 5669; x_wconf 31' lang='lat' dir='ltr'><strong>Lucili-&#39;33;</strong></span> <span class='ocrx_word' id='word_1_900' title='bbox 3599 5579 3749 5643; x_wconf 64' lang='grc' dir='ltr'><strong>υπιιδ·</strong></span> 
     </span>
    </p>
   </div>
  </div>
