4016 6308
241 355 364 413 €37

1345 356 1545 412 LIBER
1586 357 1745 425 QUIS
1783 357 1985 414 DIVES
2026 358 2411 418 SALVETUR.

3382 360 3486 415 658

247 471 672 546 προφήτου,τδν
705 472 924 526 ὲκείνων
943 469 1131 543 μισθὸν
1150 471 1394 543 λήψεταν
1430 475 1459 527 6
1484 473 1541 526 δὲ
1571 472 1798 546 μαθητὴε

1921 474 2224 530 mercedem
2251 473 2505 544 recipiet;
2543 481 2595 528 et
2635 472 2729 545 qui
2762 481 2947 544 potum
2979 473 3188 529 dederit
3217 473 3486 546 discipulo

241 564 478 629 ποτίσας
502 567 580 629 είς
615 565 783 636 ὄνομα
816 563 1057 635 μαθητοῦ
1089 565 1344 635 ποτήριον
1369 564 1576 637 ψυχροῦ
1607 565 1816 630 ὓδατος,

237 657 338 710 τὸν
366 655 560 728 μισθὸν
589 657 689 710 ούκ
721 655 991 710 ἀπολέσει.
1019 673 1038 706 ι
1067 654 1275 708 Οὐκοῦν
1306 650 1458 719 οὗτος
1491 655 1646 726 μόνος
1666 657 1695 709 6
1729 673 1818 726 μι-

241 747 375 812 σθὸς
406 747 509 802 οὐκ
554 747 918 819 ἀπολλύμενός
949 749 1084 800 ἐστι.
1111 748 1222 801 Καὶ
1268 742 1445 810 αὖθις⁸
1494 766 1513 800 ι
1553 748 1818 818 Ποιήσατε

241 839 380 908 ὑμῖν
413 839 594 908 φίλους
631 841 694 894 ἐκ
717 839 812 892 τοῦ
845 839 1120 910 pappde
1151 837 1250 908 τῆς
1289 837 1522 906 ἀδικίας,
1558 838 1662 902 ῐνα,
1690 839 1818 894 ὅταν

234 930 530 1003 ἐκλίπητε,
558 929 811 994 δέξωνται
841 930 983 1000 ὑμᾶς
1009 930 1090 993 είς
1120 929 1220 992 τὰς
1251 929 1499 992 αἰωνίους
1531 930 1750 1001 σκηνάςο
1790 949 1810 983 ι

232 1025 408 1092 φύσει
444 1025 543 1096 μὲν
588 1025 805 1079 ἅπασαν
845 1024 1036 1095 κτῆσιν
1083 1023 1152 1093 ἢν
1191 1022 1356 1086 αὐτός
1391 1039 1476 1088 τις
1506 1025 1590 1093 ἐφ’
1623 1024 1814 1078 ἑαυτοῦ

230 1117 526 1188 κέκτηται,
558 1115 658 1169 οῦκ
687 1115 820 1168 ίδίαν
851 1109 1014 1169 οὖσαν
1038 1115 1374 1184 ἀποφαίνων.
1405 1115 1501 1169 Ἐκ
1527 1115 1582 1168 δὲ
1611 1115 1815 1187 ταύτης

229 1208 345 1280 τῆς
377 1209 588 1272 ἀδικίας
619 1207 734 1260 ἐνὸν
753 1207 846 1261 καὶ
870 1210 1100 1280 πρᾶγμα
1121 1208 1328 1263 δίκαιον
1353 1207 1688 1282 ἐργάσασθαι
1719 1208 1813 1261 καὶ

231 1302 529 1374 σωτήριον,
563 1300 866 1356 ἀναπαῦσαί
892 1317 1010 1354 τινα
1041 1299 1150 1354 τῶν
1173 1300 1404 1371 ἑχόντων
1431 1299 1642 1353 αἰώνιον
1677 1315 1811 1370 σκη-

228 1394 340 1465 νὴν
377 1393 528 1467 παρά
556 1393 634 1464 τῷ
666 1393 858 1466 Πατρί.
887 1393 1026 1465 Ὅρα
1057 1392 1271 1462 πρῶτον
1294 1392 1411 1463 μὲν,
1429 1391 1504 1455 ὡς
1527 1392 1628 1445 οὐκ
1648 1392 1812 1444 ἀπαι-

228 1483 449 1538 τεῖσθαι
482 1501 540 1538 σε
568 1485 908 1548 κεκέλευκεν,
942 1483 1063 1538 οὐδὲ
1111 1483 1440 1554 ἐνοχλεῖσθαι
1475 1481 1807 1553 περιμένειν,

231 1576 355 1630 ἀλλ’
375 1575 539 1630 αὐτὸν
571 1577 750 1648 ζητεῖν
779 1576 904 1640 τοὺς
925 1573 984 1630 εὖ
1018 1575 1392 1647 πεισομένους,
1425 1574 1610 1640 ἀξίους
1640 1592 1699 1628 τε
1719 1576 1808 1630 όν-

230 1683 332 1730 τας
355 1665 452 1719 τοῦ
488 1666 737 1737 ωτῆρος
760 1665 1027 1736 μαθητάς.
1064 1665 1243 1728 Καλὸς
1271 1665 1368 1734 μὲν
1403 1659 1496 1717 οὖν
1527 1663 1620 1717 καὶ
1648 1664 1677 1715 6
1709 1661 1805 1716 τοῦ

243 1757 570 1811 Ἀποστόλου
627 1756 802 1826 λόγος’
864 1775 882 1808 ι
948 1755 1128 1828 ἱλαρὸν
1162 1755 1272 1827 γὰρ
1317 1755 1474 1826 δότην
1538 1756 1728 1826 ἀγαπᾷ
1778 1756 1806 1808 6

1921 569 1975 624 in
2007 571 2223 625 nomine
2251 568 2504 639 discipuli
2542 568 2768 622 calicem
2798 582 2951 638 aqua:
2977 566 3206 639 frigidae,
3230 582 3340 622 non
3363 583 3488 638 per-

1920 661 2012 718 det
2067 662 2371 718 mercedem
2411 670 2458 716 ⁸.
2508 681 2526 713 ι
2584 661 2710 716 Haec
2748 661 2910 732 igitur
2952 662 3066 717 sola
3115 677 3325 718 merces
3375 679 3486 718 non

1918 751 2133 821 peribit.
2168 750 2232 804 Et
2259 766 2453 806 rursus
2484 769 2497 805 :
2538 769 2556 802 ι
2597 750 2780 805 Facite
2800 752 2955 807 vobis
2985 751 3193 807 amicos
3232 752 3299 807 de
3320 767 3488 805 mam-

1917 856 2077 896 mona
2103 841 2428 911 iniquitatis,
2465 849 2525 895 ut
2554 857 2677 896 cum
2712 840 3046 904 defeceritis,
3074 843 3342 912 recipiant
3378 858 3480 898 vos

1916 935 1971 988 in
1992 941 2193 989 aeterna
2221 934 2570 989 tabernacula
2601 935 2663 1001 1³;
2695 952 2712 984 ι
2744 934 2816 988 ita
2845 935 3100 987 nimirum
3139 941 3198 988 ut
3217 934 3483 1005 quidquid

1915 1027 2232 1083 facultatum
2259 1044 2423 1099 penes
2457 1044 2515 1083 se
2545 1029 2668 1100 quis
2709 1028 3004 1099 possideat,
3037 1044 3145 1083 non
3194 1045 3316 1085 esse
3355 1045 3485 1100 pro-

1912 1121 2090 1190 prium
2130 1131 2322 1176 natura
2353 1136 2575 1176 censum
2627 1122 3097 1191 substantiamque
3145 1123 3479 1192 pronuntiet.

1911 1212 1990 1267 Ex
2017 1213 2118 1267 hac
2144 1229 2306 1284 porro
2346 1214 2633 1284 iniquitate
2667 1215 2794 1269 licet
2826 1215 2990 1269 etiam
3035 1229 3149 1269 rem
3180 1214 3384 1283 justam
3417 1228 3482 1267 ac

1911 1299 2203 1356 salutarem
2233 1309 2523 1372 praestare;
2553 1309 2612 1357 ut
2640 1319 2834 1373 nempe
2863 1318 3053 1358 eorum
3086 1303 3321 1373 aliquem
3355 1303 3483 1358 reﬁ-

1909 1392 2024 1448 cias
2051 1401 2214 1464 atque
2244 1402 2538 1460 sustentes,
2573 1395 2663 1466 qui
2698 1403 2958 1450 aeternum
2989 1395 3131 1466 apud
3159 1394 3372 1449 Patrem
3397 1401 3482 1448 ta-

1907 1484 2262 1540 bernaculum
2309 1487 2456 1541 nacti
2487 1495 2636 1543 sunt.
2671 1486 2807 1542 Vide
2834 1488 3068 1557 primum
3097 1487 3316 1557 quidem
3368 1501 3477 1541 non

1903 1577 2138 1647 jussisse
2176 1587 2297 1633 uta
2339 1586 2395 1635 te
2436 1579 2578 1650 exigi
2627 1579 2872 1650 patiaris,
2914 1593 3014 1633 nec
3048 1589 3108 1633 ut
3139 1579 3478 1648 importunos

1907 1668 2006 1723 tibi
2057 1669 2172 1724 fore
2218 1685 2418 1741 egenos
2449 1670 2631 1737 sinas;
2687 1669 2782 1726 sed
2813 1678 2872 1724 ut
2900 1680 2956 1724 tu
2999 1670 3116 1740 ipse
3167 1683 3379 1739 quaeras
3422 1671 3478 1726 in

1906 1773 2043 1828 quos
2073 1759 2395 1814 beneﬁcium
2427 1760 2505 1815 sis
2543 1759 2929 1823 collocaturus,
2960 1765 3013 1813 et
3049 1759 3140 1827 qui
3181 1755 3478 1813 Salvatoris

227 1849 385 1914 Θεὸς,
425 1869 446 1902 ι
485 1849 740 1922 χαίροντα
770 1849 847 1921 τῷ
875 1848 1095 1913 διδόναι,
1122 1848 1217 1902 καὶ
1252 1846 1325 1920 μὴ
1358 1846 1690 1918 φειδόμενον,
1728 1847 1798 1912 ὡς

1907 1849 2058 1920 digni
2103 1848 2360 1921 discipuli
2408 1848 2694 1907 exsistant.
2739 1849 2806 1903 Et
2840 1850 3100 1920 praeclare
3133 1848 3352 1919 quidem
3409 1848 3478 1902 ab

231 1943 546 2014 σπείροντα,
570 1943 655 1997 ἵνα
667 1942 841 2014 (52-5)
857 1940 998 1996 οὕτω
1017 1942 1110 1996 καὶ
1127 1940 1336 2014 θερίσῃ,
1350 1939 1472 2010 δίχα
1487 1939 1798 2012 γογγυσμοῦ

1907 1940 2188 2012 Apostolo,
2223 1961 2242 1994 ‹
2282 1943 2507 1998 hilarem
2536 1944 2679 1998 enim
2707 1943 2949 1998 datorem
2979 1942 3155 2012 diligit
3185 1940 3330 1996 Deus
3357 1950 3378 1978 ο
3405 1955 3419 2006 ;
3449 1958 3471 1992 ι

227 2034 326 2086 καὶ
369 2033 712 2106 διακρίσεως,
755 2035 848 2088 καί⁹
882 2033 1075 2104 λύπης,
1119 2034 1213 2087 καὶ
1256 2031 1631 2096 κοινωνοῦντα,
1666 2032 1802 2104 ὅπερ

227 2121 380 2176 ἐστὶν
403 2123 690 2195 εὐεργεσία
717 2123 893 2195 ἀγαθή
919 2123 1048 2195 (54).
1085 2122 1364 2194 Κρείττων
1390 2121 1435 2175 δ’
1466 2122 1582 2174 ἐστὶ
1611 2119 1798 2174 τούτου

222 2217 255 2268 6
277 2213 358 2286 τῷ
388 2216 578 2287 Κυρίῳ
609 2216 927 2288 λελεγμένος
959 2218 1016 2268 ὲν
1043 2214 1184 2286 ἄλλῳ
1207 2215 1410 2286 χωρίῳσ
1449 2234 1468 2265 ‹
1504 2214 1672 2267 Παντὶ
1722 2213 1799 2284 τῷ

224 2305 468 2360 αἰτοῦντί
497 2324 556 2360 σε
582 2308 743 2362 δίδου.
790 2327 808 2359 ι
837 2305 972 2362 Θεοῦ
1010 2306 1119 2377 γάρ
1147 2306 1365 2376 δντωςή
1398 2303 1618 2373 τοιαύτη
1650 2302 1799 2372 φιλο-

223 2397 431 2472 δωρεά*
461 2401 640 2456 οὑτοσὶ
671 2403 767 2456 δὲὸ
791 2401 944 2470 λόγος
967 2400 1106 2471 ὑπὲρ
1135 2398 1350 2454 ἅπασάν
1383 2399 1497 2450 ἐστι
1529 2396 1800 2467 τελειότη-

205 2505 295 2542 -τα
339 2490 475 2564 (35),
509 2493 628 2564 μηδ’
658 2494 924 2548 αἰτεῖσθαι
959 2493 1302 2566 περιμένειν,
1325 2491 1440 2546 ἀλλ’
1468 2483 1632 2554 αὐτὸς
1666 2491 1798 2546 ἀνα-

215 2581 435 2654 ζητεῖν,
460 2586 605 2648 ὅστις
629 2585 778 2651 ἄξιος
798 2581 857 2640 εὖ
888 2586 1098 2639 παθεῖν.
1585 2599 1588 2602 ·
1770 2589 1784 2602 ⁸

1906 2034 1999 2105 qui
2022 2036 2274 2106 largitate
2307 2035 2630 2101 delectatur,
2665 2052 2767 2092 nec
2805 2035 3122 2092 seminando
3151 2049 3350 2105 parcus
3389 2047 3480 2088 ex-

1907 2128 2086 2193 sistat,
2120 2135 2256 2184 utet
2293 2128 2367 2182 ita
2407 2130 2632 2200 parique
2661 2130 2907 2185 ubertate
2940 2135 3140 2194 metat;
3175 2126 3295 2182 sine
3326 2140 3478 2179 mur-

1904 2220 2212 2276 muratione
2256 2228 2310 2276 et
2357 2221 2726 2287 distinctione,
2791 2221 3049 2291 nullaque
3099 2218 3475 2276 mmstitudine

1907 2312 2130 2378 tribuat,
2187 2312 2333 2383 quod
2391 2314 2667 2386 praeclarae
2709 2328 2911 2368 munus
2955 2309 3328 2368 beneﬁcentia:
3367 2315 3471 2365 est.

1906 2401 2021 2459 Hoc
2042 2412 2224 2460 autem
2247 2406 2441 2460 melior
2467 2415 2573 2470 est,
2610 2421 2771 2477 quem
2804 2404 3052 2460 Salvator
3077 2403 3213 2460 dixit
3255 2402 3362 2456 alio
3390 2401 3473 2455 lo-

1904 2508 2000 2550 co:
2040 2514 2058 2547 ¢
2090 2494 2248 2552 Omni
2271 2497 2472 2568 petenti
2493 2504 2566 2562 te,
2600 2497 2856 2566 tribue}.
2897 2517 2916 2550 ι
2952 2495 3047 2551 Dei
3077 2509 3312 2564 namque
3345 2506 3474 2547 vere

1905 2586 2238 2658 ejuscemodi
2270 2589 2461 2658 sicque
2495 2588 2674 2645 facilis
2703 2589 2948 2660 largitas.
2979 2587 3248 2643 Caeterum
3271 2583 3474 2641 doctri-

213 2691 300 2731 na
335 2677 452 2732 haec
493 2679 640 2733 omni
671 2679 846 2749 major
895 2686 978 2735 est
1009 2678 1359 2749 perfectione,
1400 2686 1461 2734 ut
1510 2693 1612 2736 nec
1645 2686 1929 2749 exspectes
1986 2680 2136 2752 quia
2163 2690 2216 2737 te
2263 2680 2538 2753 etllagitet,
2603 2681 2698 2737 sed
2733 2682 2849 2752 ipse
2913 2681 3161 2751 inquiras
3211 2678 3335 2749 quis
3385 2676 3471 2732 di—

212 2781 372 2835 gnus
403 2767 542 2822 sitin
571 2785 732 2839 quem
754 2769 1073 2825 beneﬁcium
1104 2769 1376 2826 conferas.

297 2860 425 2913 AB'.
459 2861 684 2916 Ἔπειτα
712 2861 1026 2934 τηλικοῦτον
1051 2862 1240 2933 μισθὸν
1267 2863 1443 2936 ὁρίσαι
1475 2863 1577 2934 τῆς
1606 2879 1798 2917 κοινω-

211 2953 368 3016 νίας,
405 2951 617 3007 αίώνιον
656 2955 888 3026 σκηνήνι
924 2953 969 3008 ὢ
1002 2955 1175 3026 καλῆς
1215 2957 1518 3028 ὲμπορίαςί
1554 2955 1600 3008 ὢ
1646 2955 1798 3019 θείας

215 3045 474 3115 ἀγορᾶςῑ
495 3047 721 3101 Ὠνεῖται
754 3047 1049 3118 χρημάτων
1076 3065 1165 3112 τις,
1191 3047 1518 3120 ἀφθαρσίαν,
1539 3048 1634 3101 καὶ
1666 3046 1792 3110 δοὺς

209 3138 291 3191 τὰ
322 3136 644 3209 διολλύμενα
671 3137 764 3192 τοῦ
792 3139 1019 3210 κόσμου,
1059 3140 1227 3212 μονὴν
1257 3138 1458 3193 τούτων
1493 3137 1708 3192 αἰώνιον
1735 3138 1793 3191 ὲν

208 3229 478 3301 οὐρανοῖς
508 3230 908 3302 ἀντιλαμϐάνει.
941 3231 1180 3286 Πλεῦσον
1209 3231 1304 3285 ἐπὶ
1347 3231 1571 3302 ταύτην,
1595 3229 1660 3285 ἂν
1693 3247 1796 3284 σω-

209 3324 452 3394 φρονῇς,
487 3321 582 3393 τὴν
615 3323 938 3394 πανήγυριν,
1024 3321 1264 3376 πλούσιε.
1295 3322 1413 3376 Κᾶν
1441 3321 1557 3392 δέῃ,
1585 3319 1796 3392 περίελ-

207 3413 281 3468 θε
313 3414 421 3485 γῆν
450 3414 577 3487 ὅλην
614 3415 744 3486 (56).
800 3416 890 3488 Μὴ
948 3416 1111 3490 φείσῃ
1153 3415 1413 3470 κινδύνων
1454 3415 1549 3469 καὶ
1594 3413 1792 3476 πόνων,

208 3506 290 3560 ἵν’
317 3504 558 3559 ἐνταῦθα
599 3505 871 3576 βασιλείαν
908 3506 1160 3578 οὐράνιον
1197 3505 1495 3576 ἀγοράσῃς.
1525 3504 1590 3557 Τί
1621 3520 1680 3556 σε
1714 3501 1796 3555 λί-

206 3601 302 3652 θοι
338 3597 616 3668 διαφανεῖς
649 3599 743 3652 καὶ
783 3598 1084 3670 σμάραγδοι
1130 3598 1380 3652 τοσοῦτον
1426 3597 1790 3667 εὐφραίνουσι,

206 3692 315 3744 καὶ
342 3690 490 3744 οἰκία
523 3691 695 3764 τροφὴ
731 3691 919 3762 πυρὸς,
956 3691 1211 3763 ἢχρόνου
1257 3691 1524 3761 παίγνιον,
1563 3690 1597 3760 ἢ
1649 3705 1793 3742 σεισ-

209 3779 328 3854 μοῦ
377 3783 671 3856 πάρεργον,
704 3784 738 3854 ἢ
761 3783 1002 3856 ὕϐρισμα
1038 3784 1338 3855 τυράννου;
1370 3782 1706 3854 ὲπιθύμησον
1733 3780 1792 3832 ἐν

204 3875 470 3948 οὐρανοῖς
501 3877 719 3947 οἰκῆσαι
747 3877 839 3931 καὶ
877 3874 1188 3947 βασιλεῦσαι
1220 3875 1356 3946 μετά
1384 3875 1538 3928 Θεοῦ.
1576 3873 1792 3943 Ταύτην

208 3986 302 4022 σοι
338 3967 440 4040 τὴν
485 3968 760 4040 βασιλείαν
807 3970 1092 4043 ἄνθρωπος
1145 3969 1302 4023 δώσει
1332 3967 1463 4021 Θεὸν
1493 3965 1793 4037 ἀπομιμού-

211 4078 406 4132 μενος.
445 4061 705 4116 Ἐνταῦθα
758 4062 927 4134 μικρά
957 4063 1157 4128 λαϐὼν,
1183 4064 1300 4116 ὲκεῖ
1328 4060 1394 4114 δι’
1417 4058 1553 4112 ὅλων
1581 4057 1791 4114 αἰώνων

207 4153 469 4208 σύνοικόν
517 4171 610 4208 σου
662 4155 972 4226 ποιήσεται·
1009 4156 1282 4210 ἱκέτευσον
1321 4155 1407 4209 ἵνα
1421 4152 1593 4224 λάϐῃ·
1625 4151 1787 4205 σπεῦο

205 4265 337 4312 σον,
371 4247 704 4316 ἀγωνίασον·
740 4249 1005 4322 φοϐήθητι
1036 4252 1108 4322 μή
1160 4267 1220 4303 σε
1253 4251 1516 4321 ἀτιμάσῃ.
1574 4249 1649 4303 Οὐ
1680 4251 1789 4320 γάρ

205 4340 570 4395 κεκέλευσται
595 4341 796 4406 λαϐεῖν,
831 4342 966 4396 ἀλλά
995 4359 1054 4396 σε
1091 4345 1411 4413 παρασχεῖν.
1445 4343 1520 4395 Οὐ
1552 4340 1656 4412 μὴν
1679 4340 1787 4394 οὐδ’

204 4427 416 4484 εἷπενό
441 4431 670 4504 Κύριοςο
699 4432 825 4500 δὸς,
857 4433 890 4505 ἢ
923 4435 1252 4504 παράσχες,
1272 4435 1306 4507 ἢ
1323 4431 1783 4504 εὐεργέτησον,ἢ

1971 2857 2136 2930 344
2162 2857 2378 2912 XXXII.
2416 2856 2621 2914 Deinde
2653 2864 2856 2912 tantam
2890 2864 3130 2914 statuere
3163 2858 3471 2915 mercedem

1901 2953 2254 3024 erogationis,
2307 2959 2574 3007 aeternum
2635 2950 3083 3006 tabernaculum!
3121 2966 3154 3006 ο
3185 2951 3470 3021 pulchram

1900 3043 2354 3116 negotiationem!
2379 3059 2412 3098 ο
2433 3043 2676 3099 divinum
2703 3042 3118 3099 mercimonium
3142 3045 3156 3097 ι
3180 3041 3324 3098 Emit
3345 3047 3472 3115 quis

1899 3138 2130 3212 pecunia
2173 3138 2679 3207 incorruptionem,
2745 3136 2996 3206 datisque
3057 3137 3242 3193 saeculi
3305 3137 3472 3194 rebus

1897 3249 2018 3305 quae
2046 3232 2344 3297 intereunt,
2371 3230 2578 3301 praemii
2606 3231 2728 3285 loco
2750 3237 3007 3285 mternam
3041 3230 3096 3284 in
3131 3230 3288 3286 cmlis
3311 3245 3470 3285 man-

1896 3327 2106 3383 sionem
2140 3324 2356 3394 recipit.
2384 3322 2467 3377 Tu
2499 3323 2594 3393 qui
2624 3321 2775 3378 dives
2818 3337 2898 3386 es,
2929 3322 2996 3378 ad
3023 3325 3147 3388 has,
3199 3323 3248 3378 si
3297 3322 3465 3393 sapis.

1895 3417 2298 3489 navigationem
2357 3416 2586 3471 institue
2636 3414 2933 3471 nundinas.
2989 3415 3048 3470 Si
3105 3429 3332 3470 necesse
3370 3415 3465 3480 sit,

1894 3503 2098 3567 terram
2133 3523 2349 3564 omnem
2376 3521 2626 3578 peragra.
2661 3505 2740 3560 Ne
2769 3521 2964 3576 parcas
2993 3507 3254 3576 periculis
3281 3521 3347 3561 ac
3384 3507 3466 3560 la-

1892 3602 2140 3667 boribus,
2168 3609 2226 3654 ut
2256 3598 2497 3669 quandiu
2553 3613 2791 3668 praesens
2843 3599 3022 3669 agitur
3070 3598 3202 3662 vita,
3248 3613 3468 3655 coemas

1891 3709 2121 3765 regnum
2152 3692 2438 3746 caelorum.
2471 3689 2585 3744 Cur
2619 3697 2672 3744 te
2701 3689 2837 3744 adeo
2865 3697 3116 3745 recreant
3137 3691 3310 3762 lapilli
3341 3707 3465 3762 pre-

1891 3785 2019 3841 tiosi
2066 3791 2121 3840 et
2164 3782 2462 3853 smaragdi,
2488 3781 2797 3852 domusque
2844 3781 2986 3853 ignis
3031 3783 3313 3852 Pabulum,
3350 3784 3466 3840 sive

1894 3877 2154 3948 temporis
2186 3874 2503 3940 ludibrium,
2540 3882 2636 3928 aut
2667 3884 2829 3929 terra:
2862 3883 3046 3930 motus
3075 3875 3224 3930 aliud
3255 3878 3466 3946 agentis

1891 3968 2182 4032 excidium,
2215 3976 2310 4022 aut
2347 3967 2567 4039 tyranni
2595 3966 2835 4038 injuria?
2861 3967 2915 4020 in
2938 3969 3083 4022 votis
3127 3966 3326 4022 habeto
3349 3982 3465 4022 caa-

1890 4064 2068 4118 Iorum
2106 4061 2481 4116 habitaculum
2506 4068 2562 4116 et
2590 4067 2651 4114 ut
2682 4075 2880 4131 regnes
2899 4075 3024 4114 cum
3056 4059 3186 4128 Deo.
3224 4058 3339 4114 Hoc
3364 4057 3466 4116 tibi

1888 4170 2117 4228 regnum
2148 4153 2312 4209 homo
2343 4154 2516 4220 dabit,
2543 4152 2712 4208 Deum
2737 4152 2977 4209 imitans.
3002 4151 3122 4216 Hic,
3154 4167 3276 4223 qua:
3294 4165 3466 4222 parva

1889 4257 2016 4306 sunt
2049 4247 2310 4318 acceptis,
2339 4245 2414 4300 ibi
2450 4255 2500 4301 te
2530 4260 2630 4316 per
2661 4244 2844 4299 omnia
2869 4243 3070 4299 saecula
3098 4243 3465 4299 contuberna-
3491 4229 3494 4236 ’

1888 4343 1992 4398 lem
2014 4340 2225 4396 eﬁiciet.
2246 4339 2502 4410 Supplica
2517 4346 2577 4392 ut
2603 4337 2835 4408 accipiat
2853 4336 3098 4403 ;festina,
3123 4335 3332 4391 enitere
3356 4351 3373 4403 ;
3399 4341 3457 4399 is

1887 4434 2020 4490 time
2065 4448 2135 4488 ne
2181 4440 2236 4488 te
2286 4432 2380 4487 ille
2431 4439 2677 4501 spernat.
2713 4429 2822 4485 Nec
2843 4430 2989 4485 enim
3020 4429 3069 4484 is
3098 4429 3154 4483 in
3187 4427 3463 4484 mandatis

198 4523 556 4591 ,ϐοήθησον⁹
616 4528 801 4581 Φίλων
827 4527 884 4580 δὲ
937 4529 1204 4595 ποίησαι.
1227 4527 1284 4582 '0
1329 4526 1387 4581 δὲ
1423 4525 1573 4596 φίλος
1599 4525 1698 4578 οὐκ
1724 4523 1789 4578 ὲκ

1902 4528 2056 4582 habet
2087 4532 2146 4580 ut
2179 4524 2433 4596 accipiat,
2470 4523 2566 4579 sed
2599 4530 2659 4578 tu
2687 4533 2746 4578 ut
2778 4523 3042 4593 praebeas.
3075 4521 3218 4588 Quin
3251 4537 3322 4577 ne
3354 4521 3459 4575 hoc

207 4617 352 4688 μιᾶς
378 4615 595 4682 δόσεως,
651 4617 786 4672 ἀλλά
824 4620 1112 4681 συνουσίας
1167 4621 1403 4691 μακρᾶς.
1452 4619 1586 4673 Οὐδὲ
1616 4615 1724 4689 γὰρ
1746 4618 1781 4687 ἡ

1902 4618 2102 4689 ιιιίόειιι
2145 4617 2284 4672 dixit
2327 4616 2615 4688 Dominus,
2667 4614 2816 4683 dato,
2853 4615 3053 4686 praebe,
3102 4612 3460 4669 beneﬁcentia

204 4707 422 4772 πίστις,
447 4709 567 4762 οὐδὲ
592 4713 625 4782 ἡ
649 4711 855 4782 ἀγάπη,
885 4711 1005 4765 οὐδὲ
1033 4713 1066 4782 ἡ
1099 4712 1363 4783 καρτερία
1397 4712 1523 4782 μιᾶς
1549 4708 1782 4781 ἡμέρας,

1902 4718 2058 4774 itere,
2089 4709 2292 4764 auxilio
2329 4707 2472 4772 fove,
2524 4707 2616 4763 sed
2649 4727 2661 4762 :
2702 4725 2720 4758 ι
2745 4705 2855 4762 Fac
2908 4707 3146 4761 amicum
3170 4717 3220 4762 ο.
3247 4723 3266 4756 ι
3307 4703 3460 4757 Ami-

204 4799 332 4853 ἀλλ’
370 4819 391 4854 ι
410 4803 439 4855 6
464 4802 759 4874 ὑπομείνας
787 4805 867 4867 είς
895 4803 1067 4869 τέλος,
1107 4797 1262 4867 οὗτος
1287 4805 1608 4876 σωθήσεται.
1639 4821 1679 4865 ι,

1902 4817 1981 4858 :us
2022 4810 2225 4866 autem,
2266 4815 2379 4855 non
2429 4815 2539 4854 una
2585 4799 2872 4870 largitione
2922 4815 3018 4854 seu
3076 4811 3325 4862 munere,
3361 4795 3458 4852 sed

207 4894 377 4964 longa
411 4895 774 4952 familiaritate
804 4904 1113 4967 prmstatur.
1147 4896 1280 4952 Nam
1308 4912 1482 4968 neque
1515 4895 1648 4952 ﬁdes
1687 4900 1782 4951 aut
1815 4896 2055 4953 charitas
2109 4903 2204 4950 aut
2262 4894 2555 4958 tolerantia
2612 4894 2775 4949 unius
2825 4891 2933 4947 diei
2965 4899 3070 4958 est,
3141 4889 3239 4947 sed
3283 4906 3304 4940 ‹
3359 4885 3456 4959 qui

207 4987 585 5059 perseveravit
615 5003 789 5058 usque
816 4989 872 5043 in
907 4989 1090 5056 ﬁnem,
1127 4989 1308 5045 salvus
1343 4988 1449 5043 erit
1471 4987 1517 5043 ί.
1549 5006 1567 5039 ι

284 5079 407 5132 Al".
435 5079 558 5144 Πῶς
602 5076 693 5136 οῦν
737 5081 766 5132 6
815 5081 1099 5153 ἄνθρωπος
1146 5080 1316 5135 ταῦτα
1367 5081 1584 5147 δίδωσι;
1614 5078 1780 5140 Δώσω

208 5170 327 5244 γὰρ
349 5171 410 5226 οὐ
449 5173 608 5243 μόνον
651 5177 763 5238 τοῖς
807 5174 1003 5243 φίλοις,
1031 5173 1166 5240 ἀλλά
1193 5173 1286 5227 καὶ
1316 5175 1427 5237 τοῖς
1466 5174 1642 5244 φίλοις
1671 5173 1782 5227 τῶν

1949 5073 2194 5132 XXXIII.
2223 5074 2472 5142 Quonam
2504 5073 2671 5144 igitur
2699 5073 2859 5129 modo
2888 5073 3051 5127 homo
3078 5070 3194 5124 haec
3225 5067 3460 5126 tribuit?

1882 5169 2030 5228 Dabo
2061 5170 2207 5226 enim
2237 5185 2348 5225 non
2381 5170 2559 5225 solum
2588 5167 2802 5231 amicis,
2834 5179 3025 5221 verum
3067 5163 3233 5218 etiam
3264 5162 3458 5218 amicis

212 5263 408 5334 φίλων.
436 5266 546 5320 Καὶ
583 5267 666 5330 τίς
712 5261 866 5331 οὗτός
895 5267 1044 5329 ἐστιν
1082 5269 1111 5321 6
1149 5266 1300 5337 φίλος
1360 5265 1454 5320 τοῦ
1502 5266 1671 5331 Θεοῦ;
1707 5267 1780 5321 Σὺ

217 5357 320 5428 μὲν
382 5355 456 5428 μὴ
513 5361 664 5430 κρῖνε
697 5358 782 5423 τίς
835 5358 985 5424 ἄξιος
1026 5359 1059 5430 ἢ
1093 5359 1178 5424 τίς
1225 5357 1473 5423 ἀνάξιος·
1511 5357 1781 5433 ἐνδέχεται

1880 5264 2206 5318 amicorum.
2241 5261 2577 5332 Ecquisnam
2609 5276 2742 5316 vero
2792 5259 2882 5313 hic
2935 5264 3020 5312 est
3075 5255 3172 5311 Dei
3205 5255 3458 5311 amicus?

1881 5355 1965 5417 Tu
1999 5355 2220 5428 quidem
2263 5355 2375 5412 noli
2402 5353 2656 5426 judicare
2685 5353 2810 5424 quis
2841 5351 3039 5422 dignus
3068 5356 3171 5420 aut
3185 5346 3457 5422 indignus

290 5528 456 5606 *F_P.
639 5533 746 5606 ED.
786 5533 1083 5591 POTTER.
1130 5547 1156 5577 ι
1201 5533 1389 5592 Matth.
1429 5550 1486 5606 ι,
1518 5535 1608 5593 II.
1683 5535 1713 5576 ι’
1750 5532 1883 5596 Luc.
1914 5549 2026 5602 xw,
2059 5533 2114 5590 9.
2191 5545 2216 5574 ε
2258 5532 2304 5590 II
2338 5533 2467 5590 Cor.
2504 5548 2580 5598 Ix,
2613 5531 2664 5586 7.
2738 5529 2766 5570 δ
2803 5497 2937 5586 Luc.
2964 5545 3040 5599 γι,
3067 5529 3157 5586 50.
3251 5537 3278 5569 ο
3315 5523 3457 5590 Luc.

214 5615 334 5664 xu.
365 5601 398 5654 9
501 5601 529 5641 ί
560 5603 750 5663 Matth.
785 5623 842 5673 x,
866 5606 956 5662 ‘22.

290 5753 652 5846 I§?15?.""§:
683 5758 783 5846 II?
811 5760 1094 5846 δθδθὲἶνςι,
1119 5763 1213 5832 μή·
1251 5761 1412 5819 FELL.

292 5825 411 5898 ('56)
454 5825 677 5900 'AratM.
710 5829 832 5898 Ms.,
866 5831 1020 5889 καθά.
1055 5825 1215 5889 Fati.

1954 5759 2067 5829 (55)
2107 5761 2472 5829 Τελειότητα.
2501 5756 2628 5823 Ms.,
2655 5756 2907 5829 θεότητα.
2941 5759 3122 5815 FELI...

1954 5761 2046 5826 (55
2107 5761 2472 5829 Τελειότητα.
2501 5759 2628 5823 Ms.,
2655 5759 2907 5826 θεότητα.
2941 5759 3092 5815 Fam.

1953 5759 2067 5907 (56)
2099 5831 2228 5902 Γῆν
2253 5832 2424 5903 ὅλην.
2454 5830 2578 5900 Ms.,
2603 5830 2700 5903 τὴν
2727 5826 2874 5899 ὃλην.
2911 5833 3095 5893 Fam“
