4016 6308
660 274 767 332 639

1814 283 2202 342 CLEMENTIS
2238 285 2697 342 ALEXANDRINI
3192 261 3198 272 ’
3723 299 3791 355 en

662 403 764 461 snt;
801 394 918 452 ﬁeri
954 398 1098 453 enim
1129 406 1311 469 potest
1342 407 1402 455 ut
1434 401 1693 472 opinione
1721 412 1814 460 tua
1842 421 2028 464 errore
2074 408 2220 462 laba.

2206 440 2220 454 .
2256 415 2301 471 Α
2329 409 2436 481 γάρ
2469 425 2529 461 σε
2577 409 2896 480 διαμαρτεῖν
2927 409 3052 481 περὶ
3084 408 3176 480 τὴν
3194 409 3371 475 δόξαν,
3412 409 3496 472 Ὡς
3515 410 3567 463 ὲν
3584 410 3792 486 meo?

660 486 760 540 ris.
794 484 886 541 Sic
913 502 1044 542 vero
1068 488 1122 542 in
1157 489 1384 558 proclivi
1418 506 1541 546 cum
1575 494 1645 549 sit
1667 509 1842 562 error,
1878 498 2071 554 melius
2098 500 2222 564 erit,

661 585 722 630 ut
756 585 810 632 et
841 577 1079 649 indignis
1107 579 1424 642 benefacias
1459 593 1680 654 propter
1712 588 1929 660 dignos,
1967 605 2131 661 quam
2167 599 2226 646 ut

661 669 792 724 dum
836 684 998 725 caves
1042 670 1320 743 indignos,
1352 690 1421 730 ne
1454 676 1508 730 in
1540 693 1636 734 eos
1668 679 1887 750 quidem
1943 683 2035 752 qui
2089 683 2228 741 bene

661 767 961 823 merentur,
994 760 1228 820 incidas.
1263 764 1397 821 Dum
1431 768 1576 823 enim
1620 770 1792 826 nimia
1823 774 2074 830 cautione
2107 784 2227 832 ute-

661 850 762 912 ris,
788 851 1101 922 viderisque
1134 856 1366 924 probare
1396 859 1616 928 quinam
1649 862 1845 918 merito
1870 879 2042 922 necne
2068 882 2226 922 acce-

661 943 806 1011 pturi
843 943 973 1009 sint,
1007 947 1276 1020 contingit
1303 958 1362 1005 ut
1392 949 1486 1007 Dei
1517 954 1722 1012 amicos
1755 957 1937 1013 colere
1963 960 2223 1030 negligas;

661 1033 820 1103 cujus
865 1037 1143 1108 neglectus
1169 1049 1371 1112 (pinna,
1405 1051 1666 1102 atternum
1720 1048 1862 1119 ignis
1899 1053 2226 1122 supplicium

659 1127 895 1185 exsistit.
919 1128 1079 1196 Quod
1111 1148 1240 1188 vero
1268 1137 1523 1193 omnibus
1544 1139 1638 1209 qui
1667 1139 1944 1212 indigeant
1968 1143 2225 1214 deinceps

659 1219 923 1286 prabeas,
955 1238 1180 1281 necesse
1227 1225 1453 1283 omnino
1485 1230 1648 1286 etiam
1682 1233 1919 1303 aliquem
1956 1236 2224 1300 nancisci,

659 1310 755 1379 qui
811 1312 956 1382 apud
1014 1313 1185 1370 Deum
1238 1319 1466 1376 salutem
1498 1323 1792 1380 conciliare
1831 1335 2016 1396 queat.
2057 1347 2076 1381 ι
2105 1327 2227 1384 Noli

660 1399 849 1472 itaque
895 1405 1170 1475 judicare,
1202 1416 1261 1464 ut
1317 1425 1428 1466 non
1477 1413 1740 1492 judiceris
1775 1433 1925 1488 :qua
1972 1434 2226 1476 mensura

660 1508 886 1552 mensus
910 1497 1102 1564 fueris,
1120 1503 1441 1559 remetietur
1467 1505 1588 1564 tibi.
1623 1507 1876 1566 Mensura
1903 1507 2068 1578 bona,
2092 1527 2226 1570 con-

2327 499 2383 553 δὲ
2411 500 2510 569 τῆς
2545 500 2782 568 ἀγνοίας,
2809 500 3029 571 ἄμεινον
3066 503 3159 557 καὶ
3185 504 3312 566 τοὺς
3342 502 3578 568 ἀναξίους
3605 499 3652 556 εὖ
3675 511 3794 559 ποιεῖν

2324 591 2411 646 διὰ
2460 597 2586 655 τοὺς
2622 592 2834 659 ἀξίους,
2869 594 2902 663 ἢ
2932 593 3331 664 φυλασσόμενος
3376 593 3496 656 τοὺς
3527 587 3665 666 ἧσσον
3701 596 3797 666 ἀγα-

2327 683 2473 750 θοὺς,
2510 686 2645 756 μηδὲ
2682 688 2794 749 τοῖς
2824 685 3128 748 σπουδαίοις
3152 687 3483 755 περιπεσεῖν.
3519 686 3602 738 Ἐκ
3626 687 3702 756 μὲν
3721 689 3797 763 γὰρ

2326 776 2420 829 τοῦ
2457 775 2753 845 φείδεσθαι,
2808 776 2902 830 καὶ
2938 769 3351 848 προσποιεῖσθαι
3396 775 3672 846 δοκιμάζειν
3707 781 3794 846 τοὺς

2324 867 2566 936 ἐὐλόγως
2599 866 2632 937 ἦ
2664 867 2739 939 μὴ
2783 866 3156 939 τευξομένους,
3182 868 3452 938 ἐνδέχεταί
3493 885 3548 921 σε
3579 870 3656 922 καὶ
3681 870 3797 941 θεοφι-

2324 959 2432 1014 λῶν
2479 959 2748 1031 ἀμελῆσαι
2797 960 2969 1032 τιμῶν
3001 960 3109 1032 (57)
3129 978 3142 990 ·
3173 953 3234 1014 οὗ
3283 960 3344 1014 τὸ
3373 960 3620 1032 ἐπιτίμιον
3645 962 3798 1028 κόλασις

2326 1051 2573 1124 ἔμπυρος
2601 1051 2836 1116 αἰώνιος
2867 1055 2931 1106 ὲκ
2983 1052 3039 1106 δὲ
3071 1051 3167 1105 τοῦ
3213 1051 3496 1124 προΐεσθαι
3539 1055 3677 1108 πᾶσιν
3714 1056 3798 1125 ἑξῆς

2325 1148 2437 1208 τοῖς
2467 1144 2775 1217 χρῄζουσιν,
2805 1146 3017 1218 ἀνάγκη
3056 1146 3273 1210 πάντως
3306 1146 3480 1217 εὑρεῖν
3508 1163 3614 1200 τινα
3639 1147 3712 1200 καὶ
3728 1148 3796 1200 τῶν

2329 1236 2501 1291 σῶσαι
2530 1237 2680 1310 παρά
2709 1238 2829 1309 Θεῷ
2863 1238 3194 1309 δυναμένων.
3236 1257 3256 1290 ι
3277 1237 3372 1309 Μὴ
3402 1239 3544 1309 κρῖνε
3569 1238 3728 1303 τοίνυν,
3742 1239 3797 1292 ἵνα

2332 1327 2407 1400 μὴ
2439 1329 2659 1402 κριθῇς·
2688 1323 2732 1398 ᾧ
2763 1330 2944 1402 μέτρῳ
2980 1334 3216 1404 μετρεῖς,
3251 1330 3427 1400 τούτῳ
3453 1331 3541 1384 καὶ
3562 1331 3798 1401 ἀντιμετρη-

2326 1421 2550 1494 θήσεται
2597 1440 2702 1480 σοι..
2737 1423 2951 1495 Μέτρον
2983 1423 3166 1490 καλὸν,
3195 1423 3550 1494 πεπιεσμένον
3573 1423 3652 1476 καὶ
3687 1439 3793 1478 σεσα-

2325 1515 2606 1588 λευμένον,
2631 1516 3130 1590 ὑπερεκχυνόμενον
3164 1515 3546 1587 ἀποδοθήσεται
3572 1531 3657 1567 σοι.
3681 1533 3695 1566 ι
3722 1515 3796 1566 Ili-

660 1583 798 1640 terta
831 1595 886 1642 et
918 1591 1210 1661 coagitata,
1251 1601 1305 1649 et
1337 1596 1677 1681 superﬂuens
1713 1601 1969 1659 reddetur
1995 1605 2093 1661 tibi
2113 1617 2163 1662 ι.
2198 1624 2218 1659 ι

2209 1625 2218 1658 ι
2328 1583 2437 1664 σιν⁷
2463 1609 2672 1677 ἄνοιξον
2713 1583 2783 1664 τά
2832 1583 3113 1681 σπλάγχνα
3159 1611 3274 1674 τοῖς
3318 1583 3413 1662 τοῖι
3451 1607 3576 1662 Θεοῦ
3606 1606 3795 1679 μαθηταῖς

659 1674 886 1734 Cunctis
908 1680 1057 1749 aperi
1087 1681 1321 1750 viscera,
1353 1677 1445 1757 qu'i
1470 1687 1562 1744 Dei
1584 1690 1974 1762 discipulorum
1999 1711 2226 1754 numero

2210 1713 2226 1753 )
2259 1760 2297 1774 ,ι
2329 1674 2880 1774 ἀπογεγραμμένοις·
2921 1674 3180 1774 μιῇ-*πρὸς
3230 1700 3393 1772 σῶμα
3439 1674 3624 1754 ἀπιδὼν
3669 1674 3796 1766 ὑπερο-

659 1768 886 1839 ascripti
935 1772 1081 1839 sint,
1115 1791 1227 1831 non
1260 1777 1542 1836 fastidiose
1594 1760 1861 1854 eonjectis
1912 1786 1968 1840 in
2017 1802 2220 1858 corpus

2209 1805 2220 1844 ι
2255 1760 2298 1819 Β
2328 1760 2497 1860 πτῶς,
2621 1760 2769 1867 ,πρὸς
3023 1760 3246 1865 ἀμελῶς
3275 1760 3548 1880 δίατεθείς.
3577 1760 3795 1861 Μηδείας

658 1860 854 1926 oculis,
903 1878 1006 1919 nec
1042 1866 1117 1920 ita
1149 1875 1210 1921 ut
1239 1883 1339 1938 pro
1377 1878 1538 1927 aetate
1594 1883 1688 1928 aut
1735 1883 1945 1933 statura
1997 1879 2225 1950 orisque

559 2025 562 2029 ι
659 1953 1055 2023 compositione
1109 1962 1398 2032 neglectim
1441 1979 1764 2038 quemquam
1827 1969 2105 2029 habueris.
2163 1971 2223 2028 Si

659 2043 783 2112 quis
800 2044 1034 2118 denique
1078 2065 1305 2121 egenus,
1333 2069 1633 2125 pannosus,
1685 2060 1966 2129 deformis,
2025 2064 2224 2122 debilis

658 2132 930 2203 videatur,
964 2155 1032 2195 ne
1060 2141 1266 2200 idcirco
1293 2145 1479 2218 inique
1507 2147 1653 2206 feras
1675 2159 1769 2206 aut
1797 2154 2090 2212 averseris.
2115 2154 2224 2210 Ha-

656 2224 802 2283 bitus
849 2227 938 2284 bic
981 2232 1140 2290 nobis
1191 2237 1435 2294 exterius
1478 2239 1754 2298 adhibitus
1803 2251 1912 2310 est,
1942 2247 2118 2302 nostri
2164 2247 2223 2303 in

658 2318 926 2376 mundum
945 2322 1229 2394 ingressus
1256 2331 1496 2397 occasio,
1533 2341 1593 2388 ut
1626 2333 1680 2388 in
1709 2351 2051 2394 communem
2082 2339 2226 2396 hanc

603 2457 609 2462 .
659 2411 902 2468 scholam
933 2416 1140 2488 ingredi
1169 2435 1486 2489 possemus;
1517 2427 1612 2482 sed
1654 2427 1802 2485 intus
1831 2429 2097 2486 inhabitat
2126 2433 2222 2503 qui

2325 1887 2588 1958 ἀκτήμων
2615 1887 2649 1958 ἢ
2679 1885 2924 1956 δυσειδὴς
2941 1886 2977 1958 ἢ
3010 1885 3242 1958 ἀσθενὴς
3270 1887 3536 1953 φαίνεται,
3563 1884 3677 1956 πρὸς
3690 1882 3794 1935 τοῦτο

2327 1981 2393 2050 τῇ
2443 1978 2588 2050 ψυχῇ
2621 1978 2954 2052 δυσχεράνῃς
2994 1979 3088 2032 καὶ
3118 1979 3494 2050 ἀποστραφῇς.
3518 1975 3685 2047 Σχῆμα
3701 1974 3794 2026 τούς·

2327 2068 2475 2123 ἐστιν
2524 2069 2720 2137 ἔξωθεν
2745 2071 2878 2140 ἡμῖν
2913 2069 3396 2142 περιϐεϐλημένον,
3427 2067 3524 2138 τῆς
3557 2069 3626 2129 είς
3659 2065 3793 2134 κόσμον

2329 2160 2563 2232 παρόδου
2597 2161 2889 2234 πρόφασις,
2919 2159 3009 2215 ἵνα
3038 2162 3119 2224 είς
3137 2160 3199 2214 τὸ
3221 2160 3398 2214 κοινὸν
3424 2157 3568 2212 τοῦτο
3591 2155 3795 2222 παιδευτή-

2330 2269 2442 2324 ριον
2472 2251 2730 2306 εἰσελθεῖν
2756 2249 3067 2324 δυνηθῶμεν
3086 2269 3100 2282 ·
3130 2249 3247 2304 ἀλλ’
3271 2249 3416 2306 ἔνδον
3436 2251 3465 2302 6
3490 2246 3690 2320 κρυπτὸς
3709 2247 3794 2298 ἕνα·

2327 2343 2414 2394 κεῖ
2444 2339 2656 2412 Πατὴρ,
2681 2341 2776 2398 καὶ
2805 2342 2834 2396 6.
2860 2339 3049 2396 τούτου
3091 2341 3253 2407 Παῖς,
3286 2343 3316 2396 6
3342 2339 3477 2412 ὑπὲρ
3503 2338 3638 2411 ἡμῶν
3659 2334 3795 2391 dmit-

2327 2433 2460 2498 νὼν,
2478 2435 2573 2487 καὶ
2603 2432 2720 2504 μεθ’
2744 2433 2899 2505 ἡμῶν
2930 2433 3190 2498 ἀναστάς.

659 2507 1012 2566 absconditus
1042 2521 1128 2568 est
1161 2514 1319 2571 Pater
1337 2525 1394 2572 et
1414 2517 1588 2576 Filius
1620 2521 1762 2592 ejus,
1792 2524 1884 2594 qui
1915 2540 2014 2595 pro
2048 2527 2207 2585 nobis
2240 2535 2488 2584 mortuus
2509 2535 2614 2593 est,
2645 2537 2700 2586 et
2718 2527 3001 2584 nobiscum
3031 2529 3355 2586 resurrexit.

727 2622 969 2681 XXXIV.
1005 2627 1104 2683 Hic
1127 2630 1344 2688 habitus
1371 2635 1545 2689 oculis
1595 2636 1838 2707 objectus
1869 2650 2097 2697 mortem
2130 2641 2226 2699 de-

657 2715 793 2786 cipit
817 2725 871 2772 et
901 2718 1175 2805 diabolum
1204 2742 1216 2778 :
1241 2725 1440 2794 quibus
1464 2728 1721 2783 nimirum
1752 2730 1979 2788 interior
2000 2735 2226 2804 opulen-

658 2805 736 2860 tia
777 2804 968 2878 (decor
993 2804 1232 2884 scilicet)
1267 2814 1546 2885 inaspecta
1597 2818 1702 2886 sit;
1733 2826 1786 2875 et
1823 2821 1996 2876 circa‘
2025 2838 2224 2894 corpu-

659 2899 872 2954 sculum
905 2901 1086 2958 furore
1107 2905 1399 2975 agitantur,
1429 2919 1488 2964 ut
1520 2912 1848 2986 imbecillum
1873 2925 2227 2975 contemnen-

2399 2650 2518 2703 AA'.
2550 2648 2718 2703 Τοῦτο
2769 2646 2832 2702 τὸ
2880 2648 3065 2719 σχῆμα
3114 2646 3442 2719 βλεπόμενον
3504 2642 3704 2710 ἐξαπατᾷ
3735 2637 3793 2690 τδν

2328 2744 2553 2800 θάνατον
2585 2742 2679 2798 καὶ
2728 2743 2821 2798 τὸν
2860 2741 3130 2796 διάϐολονο
3158 2743 3188 2796 6
3221 2741 3342 2812 γάρ’
3361 2740 3510 2803 ἐντὸς
3546 2736 3738 2797 πλοῦτος,
3757 2731 3793 2783 τδ

2328 2832 2542 2898 κάλλος,
2580 2832 2762 2896 αὐτοῖς
2793 2830 3021 2895 ἀθέατός
3049 2833 3163 2884 ἐστι
3181 2847 3196 2862 ·
3235 2831 3329 2885 καὶ
3362 2831 3615 2902 μαίνονται
3633 2824 3728 2896 περὶ
3753 2819 3791 2872 τὸ

2332 2924 2576 3000 σαρκίον,
2610 2921 2670 2980 οὖ
2721 2924 3148 2997 καταφρονοῦσιν
3180 2925 3261 2990 ὡς
3298 2921 3562 2988 ἀσθενοῦς,
3589 2919 3677 2972 τῶν
3698 2913 3791 2968 ἔνδον

661 2997 766 3055 tes,
789 2991 884 3061 qui
933 2993 1000 3047 ad
1054 2994 1341 3053 interiores
1389 3000 1666 3072 animique
1713 3006 2047 3062 contuendas
2096 3022 2226 3079 opes

2204 3024 2226 3064 s
2253 3041 2294 3098 ο
2328 2991 2481 3080 ὄντες
2537 3015 2727 3086 τυφλοὶ
2787 2991 3081 3087 κτήμάτων
3102 3032 3116 3046 ’
3144 3015 3248 3068 οὐκ
3285 3013 3610 3084 ἐπιστάμενοι
3636 3007 3790 3079 animi

659 3084 789 3138 caeci
824 3084 968 3150 sint;
1001 3101 1110 3140 non
1164 3088 1524 3162 intelligent-es
1569 3105 1833 3164 quantum
1871 3098 2228 3155 «thesaurum

2203 3115 2228 3155 α
2255 3084 2295 3179 ν,
2327 3106 2450 3162 τινὰ
2489 3125 2508 3160 ι
2533 3084 2806 3179 θησαυρὸν
2843 3084 3234 3179 ὲνήόστρακίνῳ
3266 3105 3483 3160 σκεύει»
3517 3098 3789 3174 βαστάζομεν,

660 3173 718 3228 in
771 3183 1016 3232 testaceo
1062 3182 1231 3234 vaseb
1263 3183 1590 3249 iteramus,
1623 3185 1718 3241 Dei
1768 3186 1948 3245 Patris
2003 3191 2220 3256 virtute,

2325 3199 2552 3270 δυνάμει
2584 3199 2718 3253 Θεοῦ
2774 3198 2986 3270 Πατρὸς
3035 3199 3128 3252 καὶ
3160 3200 3354 3271 αἵματι
3405 3195 3531 3254 Θεοῦ
3561 3191 3712 3253 Παιδὸς
3730 3186 3789 3240 καὶ

660 3263 865 3336 Deique
894 3267 1018 3324 Filii
1053 3274 1338 3344 sanguine,
1378 3291 1592 3332 necnon
1623 3275 1870 3348 Spiritus
1889 3283 2066 3338 sancti
2102 3299 2229 3341 rore

2204 3299 2229 3341 Β
2290 3263 2502 3364 ίδρόσιρ
2552 3289 2876 3362 Πνεύματοςπ
2898 3263 3077 3361 ’ἁγίου
3133 3263 3654 3364 περιτετειχισμένον.
3685 3276 3790 3334 Ἀλλὰ

659 3365 1076 3422 communitum.
1105 3365 1185 3421 Tu
1217 3383 1346 3424 vero
1384 3385 1516 3427 cave
1546 3388 1615 3428 ne
1655 3371 1971 3444 decipiaris,
2007 3375 2102 3446 qui
2132 3391 2228 3431 ve—

657 3455 836 3512 ritatis
891 3466 1110 3530 gustum
1164 3461 1399 3528 feceris,
1462 3480 1778 3538 magnaeque
1835 3467 2225 3538 redemptionis

658 3550 833 3618 pretio
855 3550 1051 3623 dignus
1089 3553 1306 3624 habitus
1334 3555 1411 3612 sis
1436 3574 1450 3612 :
1482 3558 1575 3613 sed
1598 3566 1789 3614 contra
1818 3575 1979 3630 quam
2016 3560 2227 3617 faciunt

658 3639 856 3711 reliqui
891 3642 1161 3710 homines,
1186 3645 1451 3724 cogetibi
1501 3648 1801 3702 exercitum
1836 3649 2121 3713 inermem,
2159 3649 2228 3704 ad

657 3732 798 3788 bella
830 3735 1092 3806 ineptum,
1126 3735 1386 3793 fundendi
1421 3740 1705 3810 sanguinis
1734 3739 2003 3806 nescium,
2031 3741 2111 3795 ira
2134 3756 2230 3797 va-

656 3827 1342 3888 cuum,incontaminatum
1362 3849 1377 3896 ;
1395 3847 1553 3890 senes
1573 3833 1773 3902 pietate
1798 3840 2138 3903 praestantes,
2165 3839 2226 3897 vlo

655 3919 892 3989 pupillos
941 3921 1210 3994 religiosis
1270 3923 1538 3989 moribus,
1567 3925 1766 3980 viduas
1809 3924 2229 3982 mansuetudine

658 4011 981 4076 instructas,
1013 4012 1163 4068 viros
1219 4013 1493 4071 charitate
1542 4024 1791 4072 ornatos.
1829 4015 1992 4072 Tales
2021 4017 2229 4074 divitiis

623 4149 628 4156 .
657 4102 792 4168 tuis,
828 4104 1154 4178 corporique
1185 4113 1239 4161 et
1281 4107 1464 4162 animo
1492 4107 1592 4164 tibi
1621 4124 1754 4180 para
1778 4109 2057 4175 satellites,
2089 4124 2229 4180 quo»

657 4210 783 4250 rum
817 4194 960 4253 Deus
990 4196 1286 4267 imperator
1315 4198 1576 4265 exsistat;
1619 4215 1716 4270 per
1744 4215 1882 4270 quos
1922 4201 2037 4271 ipsa
2062 4217 2230 4273 prope

658 4291 950 4361 mergenda
981 4292 1137 4349 navis
1160 4301 1422 4364 emergat,
1458 4309 1620 4364 quam
1650 4294 1778 4350 sola:
1804 4295 1981 4350 levent
2009 4304 2230 4352 sancto-

2330 3382 2394 3436 σύ
2418 3400 2483 3453 γε
2519 3383 2595 3456 μὴ
2623 3381 2991 3454 ὲξαπατηθῇς,
3018 3384 3047 3437 6
3100 3384 3430 3454 γεγευμένος
3460 3381 3553 3451 τῆς
3593 3374 3788 3446 ἀληθείας,

2329 3477 2423 3530 καὶ
2449 3475 2856 3547 κατηξιωμένος
2879 3475 2978 3546 τῆς
3016 3474 3264 3547 μεγάλης
3289 3472 3587 3546 λυτρὼσεως
3602 3486 3615 3500 ·
3641 3466 3738 3520 ἀλλὰ
3753 3462 3792 3514 τὸ

2328 3567 2566 3620 ἐναντίον
2605 3569 2718 3630 τοῖς
2759 3565 2938 3629 ἄλλοις
2977 3564 3286 3637 ἀνθρώποις
3346 3561 3544 3634 σεαυτῷ
3577 3553 3790 3619 κατάλεξον

2331 3659 2558 3730 στρατὸν
2607 3658 2827 3725 ἄοπλον,
2868 3658 3157 3729 ἀπόλεμον,
3214 3658 3551 3731 ἀναίμακτον,
3580 3653 3788 3722 ἀόργητον,

2328 3749 2609 3821 ἀμίαντον,
2660 3749 2918 3821 γέροντας
2960 3747 3253 3813 θεοσεϐεῖς,
3293 3747 3545 3821 ὀρφανοὺς
3587 3735 3790 3808 θεοφιλεῖς,

2327 3843 2502 3913 χήρας
2538 3840 2802 3913 πραότητι
2840 3840 3208 3912 ὼπλισμὲνας,
3239 3841 3433 3913 ἄνδρας
3461 3837 3626 3908 ἀγάπῃ
3661 3839 3791 3884 xm“

2330 3931 2624 4003 μημὲνους.
2660 3931 2947 3996 Τοιούτους
2998 3933 3197 4004 κτῆσαι
3261 3932 3338 4004 τῷ
3397 3931 3471 4003 σῷ
3521 3925 3695 3993 πλούτῳ
3731 3914 3791 3971 καὶ

2326 4021 2405 4094 τῷ
2439 4021 2670 4092 σώματι,
2708 4023 2801 4074 καὶ
2831 4024 2896 4093 τῇ
2925 4021 3070 4095 ψυχῇ
3103 4022 3448 4095 δορυφόρους,
3477 4011 3546 4073 ὧν
3578 4005 3792 4086 στρατηγεῖ

2327 4113 2476 4180 Θεὸς,
2499 4113 2565 4168 δι’
2593 4113 2686 4178 οὓς
2716 4115 2808 4168 καὶ
2837 4114 2968 4179 ναῦς
3017 4115 3382 4188 βαπτιζομένη
3426 4108 3706 4181 κουφίζεται,
3728 4099 3790 4170 pb

2328 4222 2444 4269 ναις
2465 4205 2636 4274 ἁγίων
2667 4205 2851 4276 εὐχαῖς
2875 4205 3285 4278 κυϐερνωμένη,
3315 4205 3408 4259 καὶ
3431 4202 3569 4263 νόσος
3591 4191 3790 4278 ἀκμάζουέ

2333 4314 2400 4350 σα
2441 4295 2771 4368 δαμάζεται,
2813 4297 3012 4372 χειρῶν
3055 4276 3332 4361 ἐπιϐολαῖς
3388 4290 3682 4364 διωκομένη,

658 4393 780 4435 rum
826 4396 1050 4449 preces;
1087 4383 1388 4455 vigensque
1433 4385 1657 4440 morbus
1702 4385 2005 4452 edometur,
2056 4403 2219 4457 quem

2202 4404 2219 4442 ι
2255 4389 2300 4443 D
2331 4387 2599 4460 προσϐολὴ
2677 4370 2915 4462 λῃστῶνί
2950 4388 3325 4459 ἀφοπλίζεται,
3407 4385 3575 4456 εὐχαῖς
3615 4370 3788 4431 εὐσεεέσι

658 4471 849 4543 fugent
877 4475 1072 4530 crebro
1107 4476 1318 4547 injectat
1333 4492 1562 4543 manus;
1595 4492 1659 4532 ac
1692 4477 1962 4532 latronum
1988 4479 2225 4535 insultus

659 4564 886 4623 inermis
929 4566 1041 4633 ﬁat,
1077 4568 1182 4638 piis
1231 4566 1488 4638 precibus
1520 4567 1953 4638 despoliantibus
1985 4587 2000 4637 ;
2030 4570 2226 4640 visque

2330 4475 2717 4548 σκυλευομένη,
2777 4477 2872 4530 καὶ
2933 4476 3199 4548 δαιμόνων
3258 4478 3347 4548 βία
3399 4474 3644 4546 θραύεται,
3680 4474 3789 4533 προσε

2328 4568 2572 4640 τάγμασι
2606 4566 2874 4632 συντόνοις
2904 4567 3235 4640 ἐλεγχομένη
3256 4570 3314 4622 ὲν
3341 4567 3529 4638 ἔργοις.

657 4671 932 4732 postremo
972 4661 1277 4717 dmmonum
1313 4661 1614 4733 frangatur,
1649 4670 1904 4719 contenta
1936 4665 2317 4721 mandatorum
2349 4678 2514 4734 opera
2542 4677 2606 4718 ac
2639 4669 2828 4717 tenore
2858 4662 3006 4718 iners
3035 4661 3404 4733 comprobata.

728 4771 945 4827 XXXV.
996 4772 1064 4828 Ili
1111 4789 1302 4830 omnes
1339 4776 1540 4833 milites
1581 4792 1646 4832 ac
1687 4779 1941 4836 custodes
1981 4780 2212 4836 strenui.

657 4861 829 4919 Nemo
858 4865 1090 4930 otiosus,
1121 4881 1280 4920 nemo
1312 4867 1547 4925 inutilis.
1581 4866 1680 4924 Hic
1709 4869 1931 4940 quidem
1965 4886 1995 4924 a
2027 4869 2136 4925 Deo
2165 4875 2218 4925 te

659 4961 918 5027 tuamque
947 4958 1176 5013 salutem
1215 4958 1514 5032 efﬂagitare
1543 4969 1754 5032 potest,
1792 4963 1883 5020 ille
1909 4979 2038 5018 vero
2063 4963 2219 5018 labo-

659 5053 868 5102 rantem
901 5049 1088 5117 solari;
1120 5050 1258 5104 alius
1291 5051 1561 5122 lacrymas
1588 5060 1640 5108 et
1668 5053 1901 5120 gemitus
1929 5055 2221 5112 miserante

656 5141 854 5198 aﬁectu
904 5143 960 5198 iu
1003 5146 1081 5199 tui
1127 5145 1360 5216 gratiam
1397 5144 1466 5198 ad
1506 5146 1887 5202 universorum
1933 5146 2220 5203 Dominum

659 5233 919 5301 fundere,
961 5236 1100 5291 alius
1141 5236 1420 5306 quidpiam
1457 5251 1681 5303 eorum,
1716 5253 1837 5308 qua:
1881 5237 1948 5293 ad
1992 5239 2220 5295 salutem

657 5326 978 5382 conducunt
1005 5327 1224 5395 docere;
1257 5326 1398 5382 alter
1435 5327 1603 5386 libere
1632 5328 1924 5387 admonere
1952 5343 2017 5386 ac
2045 5332 2221 5387 corri-

1011 5453 1062 5504 ,ἴ

2390 4779 2512 4832 AE'.
2526 4769 2684 4831 Οὗτοι
2701 4777 2897 4841 πάντες
2910 4777 2960 4830 οί
2972 4777 3291 4850 στρατιῶται
3306 4777 3395 4830 καὶ
3407 4772 3617 4844 φύλακες
3627 4759 3786 4850 3569‘-

2323 4869 2508 4934 Οὐδεὶς
2536 4868 2722 4942 ἀργὸς,
2750 4869 2920 4932 οὐδεὶς
2943 4848 3175 4940 ἀχρεῖος.
3217 4871 3276 4924 '0
3298 4869 3396 4940 μὲν
3412 4848 3729 4932 ἐξαιτήσασθαι
3749 4859 3786 4896 σε

2324 4961 2543 5016 δύναται
2585 4959 2736 5034 παρά
2765 4960 2922 5027 Θεοῦ,
2944 4961 2974 5014 6
2996 4962 3052 5015 δὲ
3068 4957 3541 5034 παραμυθήσασθαι
3567 4949 3786 5048 uda-NW?

2323 5058 2352 5109 6
2366 5057 2421 5110 δὲ
2448 5028 2717 5129 δακρῦσαι
2743 5056 2837 5110 καὶ
2854 5055 3101 5123 στενάξαι
3121 5028 3416 5127 μπαθιῖις
3436 5049 3560 5118 ὑπὲρ
3593 5037 3669 5095 σοῦ
3693 5028 3787 5129 πρῗέ

2321 5148 2414 5203 τὸν
2445 5119 2647 5222 Κύριον
2678 5149 2787 5204 τῶν
2813 5148 2968 5216 ὅλων,
3001 5119 3042 5202 δ’
3067 5150 3122 5204 δὲ
3163 5119 3362 5212 δὶδάξαι
3393 5162 3440 5198 τι
3470 5141 3563 5194 τῶν
3591 5119 3786 5222 πρὸς-ἡν

2327 5214 2598 5314 σωτηρίαν
2630 5241 2934 5314 χρησίμων,
2954 5214 3005 5296 ’ὁ
3045 5241 3101 5295 δὲ
3143 5239 3449 5310 νουθετῆσαι
3481 5227 3600 5304 μετὰ
3629 5214 3786 5314 “ﬁ”?

2327 5307 2492 5396 stag:
2513 5334 2542 5386 6
2566 5307 3050 5403 δὲ’συμόουλεῦσαι
3084 5333 3199 5404 μετ’
3217 5307 3436 5393 εὐνοίας·
3469 5322 3635 5378 πάντες
3656 5307 3699 5363 δὲ
3726 5316 3781 5374 ‘1’"

767 5529 828 5588 >14
869 5522 932 5577 P.
971 5501 1078 5612 9j5
1114 5523 1224 5582 ΕΙ).
1263 5523 1562 5587 POTTER.
1639 5542 1666 5573 α
1707 5527 1896 5589 Matth.
1930 5546 2029 5602 vu,
2078 5532 2143 5606 l_;
2182 5530 2315 5590 Luc.
2348 5548 2353 5558 η

1525 5529 1562 5587 l.
1639 5542 1666 5573 α
1707 5527 1896 5589 Matth.
1930 5546 2029 5602 vu,
2078 5532 2143 5606 l_;
2182 5530 2315 5590 Luc.
2348 5547 2425 5601 vl,
2462 5532 2550 5589 58.
2626 5534 2655 5577 ιθ
2715 5530 2758 5588 ll
2787 5531 2916 5592 Cor.
2959 5547 3033 5602 Iv,
3061 5532 3111 5588 7.

732 5695 843 5769 (37)
876 5699 1082 5773 Τιμῶν.
1119 5699 1308 5760 Scribe
1329 5703 1509 5759 τινῶν.
