4016 6308
272 289 386 348 041

269 497 506 563 κεύτως,
533 498 840 563 ἀπλάστως.
881 499 944 551 Ὠ
972 497 1492 572 γλυκεῖίθεραπεία
1521 500 1834 570 φιλούντωνι

268 587 320 642 ὦ
363 587 622 659 μακάριοι
661 587 886 640 διάνοιαι
924 585 1286 659 θαρῤούντωνί
1323 588 1368 642 ὣ
1399 587 1581 652 πίστις
1611 589 1832 660 εῑλικρι-

270 679 374 750 νὴς
401 679 534 733 Θεὸν
559 679 717 750 μόνον
737 679 998 734 δεδιότωνῑ
1023 678 1069 732 ὣ
1096 679 1268 749 λόγων
1294 679 1519 753 ἀλήθεια
1546 679 1693 750 παρά
1723 683 1836 745 τοῖς

269 769 581 838 ψεύσασθαι
609 770 685 842 μὴ
709 770 1040 842 δυναμένοιςί
1057 769 1103 825 ὦ
1128 770 1319 836 κάλλος
1349 771 1525 844 ἔργων
1557 773 1709 844 παρά
1721 775 1835 836 τοῖς

270 861 398 932 Θεῷ
429 861 694 916 διακονεῖν
731 863 1134 933 πεπεισμένοις,
1168 863 1374 917 πείθειν
1410 863 1560 929 Θεὸν,
1583 864 1835 935 ἀρέσκειν

267 952 413 1024 Θεῷ,
445 954 506 1007 οὐ
539 953 739 1026 σαρκὸς
770 953 870 1023 τῆς
902 953 1002 1026 σῆς
1034 953 1316 1009 ἀπτεσθαιί
1351 953 1528 1008 λαλεῖν
1547 993 1561 1019 ,
1597 953 1729 1008 ἀλλά
1758 953 1836 1024 τῷ

269 1044 490 1116 βασιλεῖ
527 1045 636 1100 τῶν
671 1043 878 1100 αίὼνων
919 1047 979 1098 ἐν
1023 1047 1108 1100 σοὶ
1139 1045 1494 1101 κατοικοῦντι.

1363 289 1564 347 LIBER
1601 291 1762 360 QUIS
1797 290 2000 349 DIVES
2037 289 2423 347 SALVETUR.

282 407 405 464 λεῖν
435 405 670 479 ἀληθῶς,
703 405 903 471 ἀδόλως
921 445 936 470 ,
970 405 1205 476 ἀφόϐως,
1231 407 1623 480 ἀνυποκρίτως,
1657 408 1836 462 ἀκολα·

1945 421 2090 478 pere,
2125 406 2262 462 alter
2299 404 2560 461 benevole
2591 405 2882 462 consilium
2920 407 3077 474 dare;
3116 422 3308 466 omnes
3343 409 3501 466 deni-
3547 405 3557 430 ‘

3396 296 3500 355 πω

1939 513 2044 569 que
2063 512 2209 562 vere,
2238 496 2357 552 sine
2375 495 2524 564 dolo,
2556 497 2705 551 nullo
2727 497 2943 563 timore,
2976 501 3123 554 nulla
3151 502 3501 560 simulatione

1937 597 2096 644 autve
2141 587 2485 651 adulatione,
2529 587 2770 658 nihilque
2812 587 2936 645 ﬁcte
2999 605 3202 648 amare.
3244 593 3291 648 0
3335 593 3496 648 dulce

1940 681 2238 736 amicorum
2269 679 2586 750 obsequium
2612 681 2625 734 l
2661 695 2696 735 ο
2718 680 2876 734 beata
2906 683 3130 737 servitia
3160 698 3372 749 eorum,
3405 687 3499 755 qui

1941 770 2136 827 ﬁducia
2165 770 2424 840 polleant!
2461 785 2494 824 o
2525 771 2741 826 sincera
2811 771 2944 828 ﬁdes
2981 788 3167 828 eorum
3198 776 3291 846 qui
3320 777 3497 831 solum

1942 861 2109 918 Deum
2145 861 2404 916 timeant!
2445 878 2480 916 o
2516 862 2809 917 verborum
2845 865 3046 920 veritas
3077 866 3220 936 apud
3251 881 3346 923 eos
3401 869 3496 939 qui

1944 952 2161 1009 mentiri
2194 967 2300 1006 non
2323 954 2577 1022 possunt!
2598 969 2649 1008 -o
2671 956 2895 1025 pulchra
2920 957 3133 1011 illorum
3161 973 3344 1028 opera,
3377 962 3498 1030 qui-

1947 1045 2050 1099 bus
2088 1044 2444 1100 constitutum
2487 1053 2572 1100 est
2600 1053 2659 1099 ut
2695 1043 2804 1100 Deo
2829 1047 3170 1112 ministrent,
3199 1049 3366 1105 Deum
3406 1051 3499 1108 lle-

268 1143 462 1202 ctant,
511 1136 624 1192 Deo
665 1137 954 1208 placeant,
1002 1151 1113 1193 non
1156 1151 1376 1194 carnem
1419 1145 1569 1192 tuam
1620 1137 1834 1208 impuro
1866 1151 2052 1192 amore
2081 1136 2430 1207 contingant!
2463 1145 2524 1191 ut
2548 1137 2863 1207 loquantur,
2907 1139 2983 1194 ita
3024 1147 3206 1196 tamen
3256 1150 3318 1197 ut
3371 1158 3496 1202 cum

269 1245 408 1302 rege
459 1229 777 1286 saeculorum
802 1270 820 1298 ,
869 1231 962 1300 qui
1012 1230 1069 1285 in
1125 1238 1179 1287 te
1213 1231 1462 1298 habitet,
1511 1245 1816 1288 sermonem
1851 1229 2066 1285 habeat.
2303 1259 2310 1266 -

347 1324 489 1389 AC’.
515 1322 721 1400 Πάντες
742 1319 834 1377 οὖν
853 1326 902 1377 οἱ
929 1323 1144 1390 πιστοὶ,
1174 1325 1347 1388 καλοὶ,
1379 1325 1718 1396 θεοπρεπεῖς,
1744 1325 1836 1380 καὶ

2017 1321 2176 1394 345
2211 1321 2447 1379 XXXVI.
2481 1321 2683 1379 Omnes
2718 1323 2900 1393 itaque
2957 1322 3161 1389 ﬁdeles,
3195 1326 3380 1396 probi,
3409 1328 3496 1382 di-

269 1413 376 1485 τῆς
390 1414 757 1486 προσηγορίας
776 1413 934 1482 ἄξιοι,
948 1417 1016 1488 ἢν
1035 1412 1220 1488 ὥσπερ
1233 1416 1468 1489 διάδημα
1483 1416 1834 1490 περίκεινται.

1941 1416 2195 1486 vinisque
2237 1416 2480 1470 moribus
2515 1415 2785 1480 instituti,
2820 1426 2981 1486 atque
3008 1432 3071 1472 ea
3101 1417 3249 1488 digni
3285 1435 3501 1474 nuncu-

272 1507 352 1558 οὐ
373 1504 483 1577 μὴν
507 1505 618 1559 ἀλλ’
644 1507 779 1559 είσὶν
799 1506 896 1580 ἤδη
917 1505 1057 1571 τινὲς
1082 1506 1299 1560 καὶτῶν
1315 1507 1583 1562 ἐκλεκτῶν
1597 1507 1836 1562 ἐκλεκτόέ

1940 1508 2178 1578 patione,
2219 1521 2327 1578 qua
2359 1507 2506 1560 velut
2541 1506 2844 1562 diademate
2873 1521 3073 1562 corona
3109 1508 3312 1580 inclyta
3352 1510 3499 1565 redi-

271 1615 445 1670 τεροι,
468 1601 561 1652 καὶ
587 1597 822 1670 τοσούτῳ
851 1598 1046 1670 μᾶλλον
1080 1595 1238 1671 ἧττον
1267 1599 1400 1682 (57⁸)
1415 1601 1674 1672 ἐπίσημοι
1701 1601 1835 1673 πρὸς

1941 1598 2060 1654 miti
2109 1604 2256 1654 sunt.
2299 1596 2587 1653 Enimvero
2618 1613 2728 1652 non
2773 1597 2969 1654 desunt
2998 1600 3094 1669 qui
3120 1609 3174 1655 et
3203 1601 3310 1671 jam
3356 1602 3498 1658 inter

269 1689 366 1742 τὸν
393 1689 586 1759 λιμένα
607 1691 670 1741 ὲκ
688 1688 782 1742 τοῦ
821 1689 1084 1754 κλύδωνος
1114 1690 1208 1744 τοῦ
1243 1692 1448 1762 κόσμου
1479 1691 1835 1756 νεωλκοῦντες

1941 1689 2144 1745 electos
2188 1689 2382 1758 majori
2430 1689 2616 1745 electis
2647 1691 2960 1759 praestantia
3010 1691 3290 1761 fulgeant,
3323 1707 3496 1764 eoque

270 1779 505 1844 ἑαυτοὺς
535 1780 628 1834 καὶ
651 1773 1012 1851 ἐπανάγοντες
1039 1783 1409 1853 ἐπ’ἀσφαλές·
1437 1783 1498 1836 ού
1523 1782 1833 1854 βουλόμενοι

268 1870 450 1924 δοκεῖν
480 1872 622 1940 ἀγιοι
642 1911 657 1937 ,
695 1872 799 1927 κᾶν
828 1872 957 1945 εἴπῃ
989 1891 1073 1938 τις
1093 1914 1108 1940 ,
1148 1876 1544 1947 αἰσχυνόμενον
1578 1878 1636 1930 ὲν
1681 1876 1832 1948 βάθει

268 1961 500 2035 γνώμης
549 1963 984 2036 ἀποκρύπτοντες
1030 1967 1098 2020 τά
1141 1967 1479 2039 ἀνεκλάλητα
1523 1969 1828 2042 μυστήρια,

270 2053 370 2108 καὶ
404 2052 503 2124 τὴν
530 2055 710 2109 αὐτῶν
747 2055 1026 2126 εὐγένειαν
1057 2057 1526 2131 ὑπερηφανοῦντες
1556 2061 1614 2114 ὲν
1646 2061 1832 2132 κόσμῳ

270 2143 586 2214 βλέπεσθαιο
617 2148 712 2211 οὓς
747 2146 776 2198 6
818 2147 972 2216 λόγος
1009 2167 1027 2200 ι
1056 2148 1172 2219 φῶς
1205 2149 1299 2203 τοῦ
1333 2150 1534 2222 κόσμου
1568 2151 1662 2205 καὶ
1700 2151 1832 2216 ἃλας

266 2235 372 2307 τῆς
401 2236 546 2307 γῆς)
586 2233 758 2290 καλεῖ.
793 2238 948 2292 Τοῦτ’
976 2241 1090 2294 ἐστὶ
1134 2240 1195 2294 τὸ
1239 2241 1492 2312 σπέρμα,
1533 2241 1695 2296 εἰκὼν
1738 2244 1832 2296 καὶ

267 2324 526 2396 ὁμοίωσις
556 2326 713 2393 Θεοῦ,
746 2330 840 2382 καὶ
872 2329 1060 2384 τέκνον
1094 2329 1259 2385 αὐτοῦ
1291 2333 1534 2402 γνήσιον,
1570 2334 1664 2386 καὶ
1695 2333 1828 2405 κλη-

277 2419 526 2492 ρονόμον,
565 2421 753 2493 ὥσπερ
790 2423 881 2476 ἐπί
910 2440 1030 2477 τινα
1062 2423 1318 2488 ξενιτείαν
1350 2425 1578 2478 ἐνταῦθα
1615 2427 1829 2496 πεμπό-

267 2529 435 2582 μενον
480 2512 584 2565 ὑπὸ
636 2512 876 2583 μεγάλης
921 2515 1228 2586 οἰκονομίας
1273 2516 1366 2569 καὶ
1400 2517 1686 2585 ἀναλογίας
1733 2517 1827 2570 τοῦ

267 2602 507 2674 Πατρὸς,
541 2602 608 2655 δι’
630 2598 690 2657 οὗ
722 2604 814 2656 καὶ
835 2603 903 2657 τὰ
931 2605 1138 2678 φανερά
1163 2606 1256 2660 καὶ
1287 2606 1355 2660 τὰ
1381 2607 1560 2676 ἀφανῆ
1583 2606 1675 2660 τοῦ
1700 2608 1827 2661 κόσ-

267 2710 374 2764 μου
416 2694 888 2767 δεδημιούργηται·
931 2697 1000 2750 τὰ
1033 2699 1132 2769 μὲν
1160 2701 1240 2764 είς
1267 2699 1530 2764 δουλείαν,
1568 2699 1636 2754 τά
1663 2700 1718 2754 δὲ
1751 2702 1829 2764 είς

186 2782 532 2854 νςᾶσκησιν,
559 2785 626 2839 τά
656 2785 713 2839 δὲ
745 2788 824 2851 είς
853 2787 1086 2859 μάθησιν
1119 2789 1295 2844 αὐτῶν
1329 2791 1439 2861 (58)
1467 2807 1482 2822 ’
1514 2793 1608 2844 καὶ
1656 2791 1828 2844 πάντα

267 2873 466 2949 μέχρις
496 2876 561 2931 ἂν
592 2877 824 2932 ἐνταῦθα
854 2879 913 2932 τὸ
947 2880 1164 2952 σπέρμα
1202 2881 1369 2953 μένῃ,
1403 2882 1696 2951 συνέχεται’
1734 2883 1828 2936 καὶ

267 2969 626 3040 συναχθέντος
656 2971 839 3036 αὐτοῦ,
872 2971 1044 3026 ταῦτα
1065 2972 1296 3044 τάχιστα
1313 2973 1617 3046 λυθήσεται.

1939 1781 2113 1851 magis
2144 1781 2384 1836 illustres
2414 1780 2544 1844 sint,
2569 1793 2676 1851 quo
2704 1782 2851 1836 velut
2879 1781 2945 1836 ad
2973 1791 3190 1852 portum
3211 1799 3279 1838 ex
3307 1785 3497 1842 mundi

1938 1872 2174 1942 procella
2217 1872 2428 1942 seipsos
2469 1872 2799 1937 subducant,
2841 1888 3039 1943 resque
3071 1888 3201 1928 suas
3232 1874 3286 1928 in
3319 1882 3496 1930 tutum

1937 1964 2234 2035 recipiant:
2263 1965 2355 2035 qui
2385 1965 2563 2020 sancti
2592 1965 2766 2021 videri
2790 1965 3016 2032 nolunt;
3048 1980 3111 2020 ac
3131 1966 3176 2021 si
3203 1967 3329 2037 quis
3357 1983 3499 2022 nun-

1936 2057 2238 2126 cupaverit,
2268 2058 2626 2113 erubescant:
2659 2059 2751 2128 qui
2781 2057 2890 2112 imo
2920 2058 3040 2128 ipso
3067 2069 3284 2128 pectore
3312 2060 3498 2116 ineﬂ'a-

1934 2148 2064 2203 bilia
2113 2151 2368 2220 mysteria
2417 2149 2792 2212 abscondant,
2845 2165 3110 2220 suamque
3163 2152 3496 2207 nobilitatem

1936 2239 2188 2296 humanis
2232 2241 2408 2295 oculis
2451 2240 2616 2309 objici
2679 2247 3046 2296 contemnant.
3095 2240 3206 2298 Hos
3244 2243 3498 2296 nimirum

1937 2326 2667 2402 Scriptura'clumcnmundi
2731 2340 2783 2386 ct
2839 2333 2918 2387 sal
2940 2340 3124 2388 terrae»
3149 2333 3498 2390 vocataJ-loc

1934 2437 2127 2493 nempe
2167 2438 2350 2478 semen
2379 2423 2495 2494 (Dei
2527 2424 2735 2478 scilicet
2767 2423 2944 2494 imago
2977 2431 3030 2478 et
3060 2423 3381 2487 similitudo,
3411 2440 3498 2479 ve-

1935 2528 2103 2583 raque
2127 2513 2247 2583 ejus
2279 2515 2459 2584 proles
2486 2521 2539 2568 et
2563 2513 2756 2586 haeres)
2783 2514 2928 2568 velut
2958 2514 3010 2568 in
3039 2515 3291 2570 exsilium
3323 2517 3498 2586 quod-

1933 2601 2056 2657 dam
2081 2619 2144 2658 ac
2184 2605 2675 2675 peregrinationem
2709 2621 2908 2676 magno
2935 2603 3111 2660 Patris
3145 2608 3500 2677 propensiore

1933 2695 2162 2750 consilio
2206 2711 2558 2766 congruaque
2589 2697 2670 2750 eis
2711 2696 2924 2751 ratione
2953 2712 3015 2750 ac
3051 2705 3197 2752 sorte
3234 2697 3340 2751 huc
3373 2698 3498 2752 mit-

1933 2789 2099 2842 titur;
2131 2803 2238 2856 quo
2264 2795 2484 2843 auctore
2513 2788 2700 2842 mundi
2733 2804 2840 2851 res,
2871 2796 2982 2840 tum
3009 2788 3186 2843 oculis
3214 2789 3493 2860 expositae,

1933 2889 2050 2934 tum
2083 2879 2312 2934 occultae
2343 2879 2576 2933 conditae
2605 2887 2762 2935 sunt:
2795 2879 2914 2933 aliae
2937 2879 3150 2949 quidem
3179 2895 3366 2934 eorum
3400 2881 3497 2936 tb-

1933 2971 2138 3042 sequiis
2165 2972 2378 3036 dedita,
2409 2971 2690 3026 aliaevero
2730 2969 2972 3041 ipsorum
3003 2971 3291 3027 exercendi
3321 2973 3494 3044 gratia

262 3062 686 3134 excolendaque
721 3062 938 3119 virtutis
982 3071 1146 3135 atque
1185 3066 1306 3121 aliae
1351 3066 1616 3122 doctrina:
1658 3081 1824 3122 causa
1857 3064 2195 3120 constitutae:
2224 3072 2532 3136 cunctaque
2558 3064 2911 3118 continentur
2956 3078 3020 3120 ac
3077 3071 3496 3126 conservantur,

263 3155 451 3225 quoad
477 3171 658 3212 semen
689 3156 902 3214 mortali
932 3156 1035 3212 hoc
1061 3165 1206 3214 statu
1235 3158 1498 3213 manserit
1531 3176 1545 3212 :
1581 3172 1690 3229 quo
1725 3157 1952 3213 collecto
1982 3157 2264 3212 celerrime
2285 3156 2628 3212 dissolvenda
2661 3163 2810 3211 sunt.

338 3245 538 3298 ΛΖ’.Τί
563 3245 668 3318 γάρ
700 3244 779 3301 ἔτι
799 3246 880 3300 δεῖ
909 3246 1028 3318 Θεῷ
1055 3247 1123 3301 τά
1152 3248 1502 3319 τῆς-ἀγάπης
1535 3250 1826 3320 μυστήριας

1957 3239 1960 3242 ’
2001 3252 2059 3310 ›Ῑ‹
2098 3245 2358 3302 XXXVII.
2391 3245 2536 3315 Quid
2571 3247 2718 3302 enim
2756 3245 2868 3300 Deo
2907 3244 3142 3317 amplius
3185 3245 3494 3302 necessaria

264 3339 384 3397 Καὶ
409 3337 530 3392 τότε
568 3339 920 3406 ὲποπτεύσεις
949 3341 1040 3394 τὸν
1079 3339 1276 3395 κόλπον
1307 3339 1401 3394 τοῦ
1439 3340 1680 3412 Πατρὸς,
1715 3341 1774 3393 ὃν
1805 3341 1834 3394 6

265 3428 568 3500 μονογενὴς
601 3429 728 3494 Υίὸς
759 3429 889 3494 Θεὸς
928 3429 1088 3501 μόνος
1122 3429 1442 3503 ἐξηγήσατο.
1481 3432 1633 3485 Ἔστι
1655 3431 1710 3486 δὲ
1741 3431 1834 3486 καὶ

262 3517 435 3582 αὐτὸς
453 3521 481 3572 6
494 3518 622 3584 Θεὸς
641 3521 847 3592 ἀγάπη,
865 3521 958 3574 καὶ
975 3521 1040 3575 δι’
1060 3522 1276 3593 ἀγάπην
1289 3525 1421 3594 ἡμῖν
1440 3522 1676 3595 ἐθηράθη
1700 3523 1830 3591 (59).

266 3608 383 3664 Καὶ
402 3608 464 3663 τὸ
483 3609 580 3681 μὲν
605 3611 841 3682 ἄρρητον
864 3610 1049 3675 αὑτοῦ,
1071 3611 1280 3683 Πατήρ·
1301 3612 1360 3665 τὸ
1385 3599 1545 3676 δὲέίς
1568 3613 1698 3683 ἡμῖν
1721 3611 1831 3684 (40)

267 3701 575 3771 συμπαθὲς,
593 3701 782 3771 γέγονε
811 3703 1011 3776 μήτηρ.
1041 3703 1350 3775 ’Δγαπήσας
1367 3705 1394 3756 6
1411 3705 1598 3777 Πατὴρ
1613 3704 1834 3776 ἐθηλύν-

265 3792 369 3863 θηο
397 3792 489 3846 καὶ
511 3793 698 3847 τούτου
723 3793 866 3865 μέγα
898 3796 1141 3865 σημεῖον,
1172 3794 1230 3849 ὃν
1266 3795 1424 3860 αὐτὸς
1457 3797 1742 3868 ἐγέννησεν
1773 3795 1832 3861 ἐξ

263 3875 488 3939 ἑαυτοῦ·
513 3886 604 3938 κει)⁵
625 3887 652 3939 ὁ
683 3886 894 3958 τεχθεὶς
918 3887 976 3954 ἐξ
998 3887 1218 3958 ἀγάπης
1243 3887 1470 3957 καρπὸς,
1495 3888 1558 3956 ἀγ
1569 3887 1701 3960 ἀπη.
1734 3887 1833 3942 Διά

263 3975 432 4029 τοῦτο
456 3976 546 4029 καὶ
573 3975 732 4040 αὐτὸς
762 3977 1014 4048 κατῆλθεο
1037 3976 1124 4030 διὰ
1151 3976 1308 4031 τοῦτο
1328 3976 1608 4048 ἄνθρωπον
1649 3976 1827 4030 ἀνέδυ*

263 4065 362 4120 διὰ
403 4063 558 4119 τοῦτο
586 4065 652 4119 τά
691 4066 990 4140 ἀνθρώπων
1019 4065 1160 4122 ἑκὼν
1191 4066 1408 4131 ἔπαθεν,
1439 4067 1527 4120 ἵνα
1564 4067 1698 4138 πρὸς
1733 4068 1831 4140 τὴν

263 4157 546 4229 ἡμετέραν
582 4159 883 4222 ἀσθένειαν,
913 4159 1006 4224 οὒς
1048 4160 1297 4231 ἠγάπησε
1328 4158 1651 4231 parmae,“
1682 4161 1830 4231 ἡμᾶς

261 4248 412 4321 πρὸς
436 4249 534 4320 τὴν
565 4248 758 4303 ἑαυτοῦ
789 4249 1014 4322 δύναμιν
1051 4251 1441 4324 ἀντιμετρησῃ.
1477 4251 1588 4304 Καὶ
1623 4250 1830 4321 μέλλων

267 4339 594 4394 σπένδεσθαι
623 4339 715 4393 καὶ
743 4339 934 4414 λύτρον
959 4341 1149 4395 ἑαυτὸν
1168 4341 1454 4405 ἐπιδιδοὺς,
1483 4340 1671 4412 καινὴν
1699 4343 1831 4411 ἡμῖν

267 4429 549 4502 Διαθήκην
591 4431 1019 4503 καταλιμπάνει⁶
1069 4431 1309 4504 ’Δγάπην
1343 4431 1468 4502 ὑμῖν
1509 4430 1698 4500 δίδωμι
1731 4430 1830 4502 τὴν

267 4523 436 4593 ἐμήν.
460 4522 555 4586 Τίς
585 4523 642 4576 δέ
675 4525 822 4577 ἐστιν
840 4522 998 4595 αὕτη,
1015 4523 1109 4576 καὶ
1121 4523 1281 4593 πόση;
1322 4521 1487 4593 Ὑπὲρ
1514 4519 1671 4592 ἡμῶν
1697 4520 1827 4574 ἐκά-

1935 3339 2220 3394 charitat—is
2264 3339 2561 3411 mysteria?
2603 3337 2870 3410 Tuncque
2914 3341 3048 3396 adeo
3091 3339 3270 3395 Patris
3316 3340 3496 3394 sinum

1935 3428 2228 3499 inspicies,
2265 3444 2427 3500 quem
2469 3430 2620 3485 solus
2658 3430 2935 3501 enarravit
2965 3431 3280 3506 unigenitus
3323 3430 3495 3486 Filius

1935 3520 2106 3576 Deus.
2136 3519 2234 3576 Est
2266 3527 2444 3576 autem
2473 3527 2528 3575 et
2564 3519 2710 3576 Deus
2749 3521 2863 3590 ipse
2893 3521 3154 3584 charitas,
3186 3536 3293 3591 qua
3323 3532 3376 3576 et
3397 3537 3494 3576 ve-

1932 3617 2066 3664 natu
2097 3624 2268 3680 prope
2309 3623 2341 3663 a
2378 3609 2537 3664 nobis
2568 3617 2760 3680 captus
2789 3616 2894 3664 est.
2935 3608 3000 3662 Et
3036 3610 3254 3679 quidem
3295 3623 3494 3665 arcatia

1932 3701 2130 3761 deitate
2158 3699 2349 3764 Pater;
2371 3715 2478 3772 qua
2496 3715 2628 3756 vero
2652 3716 2754 3756 nos
2781 3701 3154 3756 misericordia
3175 3709 3496 3773 persecutus

1930 3802 2034 3858 est,
2063 3793 2270 3848 exstitit
2321 3801 2518 3848 mater.
2548 3789 2711 3847 Pater
2735 3791 3026 3863 diligendo,
3057 3792 3214 3863 quasi
3241 3792 3495 3849 feminam

1918 3884 2140 3952 induit;
2169 3885 2449 3954 'hujusque
2483 3885 2563 3939 rei
2593 3883 2800 3956 grande
2825 3883 3088 3938 indicium
3117 3891 3222 3949 est,
3256 3875 3496 3954 quem'is

1929 3991 1996 4032 ex
2025 3991 2084 4032 se
2110 3975 2300 4048 genuit
2337 3994 2349 4030 :
2387 3989 2452 4030 ac
2476 3974 2571 4046 qui
2621 3991 2688 4031 ex
2718 3976 2983 4032 charitate
3055 3985 3354 4048 prognatus
3380 3975 3496 4031 fru-

1937 4074 2095 4132 ctus,
2136 4067 2254 4138 ipse
2289 4067 2528 4122 charitas
2571 4075 2675 4124 est.
2719 4065 2949 4138 Propter
2997 4067 3104 4123 hoc
3146 4075 3200 4124 et
3245 4068 3364 4139 ipse
3395 4067 3496 4125 de-

1931 4158 2174 4225 scendit;
2203 4165 2425 4229 propter
2455 4158 2560 4214 hoc
2589 4158 2864 4214 hominem
2897 4158 3111 4227 induit;
3145 4167 3365 4231 propter
3389 4159 3495 4214 hoc

1929 4250 2118 4306 volens
2158 4251 2390 4304 humana
2417 4265 2615 4321 passus
2642 4258 2726 4306 est
2751 4289 2766 4314 ,
2800 4258 2861 4304 ut
2894 4251 3254 4306 imbecillitati
3291 4258 3495 4306 nostra:

1930 4357 2052 4398 sese
2074 4341 2451 4406 commetiens,
2477 4356 2601 4395 cum
2625 4341 2926 4408 dilexisset,
2952 4356 3064 4396 sua:
3083 4340 3244 4398 nobis
3274 4341 3494 4397 virtutis

1929 4449 2236 4490 mensuram
2261 4433 2589 4506 modumque
2617 4433 2858 4489 vicissim
2890 4435 3230 4505 rependeret.
3266 4433 3496 4505 Jamque

1931 4524 2317 4590 immolandas,
2340 4540 2405 4580 ac
2424 4541 2547 4580 cum
2570 4541 2630 4582 se
2649 4525 2881 4596 pretium
2906 4525 3300 4597 redemptionis
3318 4525 3494 4592 daret,

269 4629 404 4666 στου
453 4613 659 4685 καθῆκε
702 4614 800 4685 τὴν
843 4613 1016 4684 ψυχὴν
1060 4613 1156 4683 τὴν
1200 4609 1454 4675 ἀνταξίαν
1504 4609 1613 4663 τῶν
1663 4608 1820 4662 ὃλων.

1934 4631 2129 4671 novum
2177 4617 2336 4674 nobis
2385 4615 2792 4673 Testamentum
2847 4617 3109 4688 reliquit:
3140 4617 3493 4672 Dilectionem

269 4705 491 4778 Ταύτην
526 4708 674 4777 ἡμᾶς
707 4706 845 4778 ὑπὲρ
882 4700 1121 4778 ἀλλήλων
1165 4705 1500 4759 ἀνταπαιτεῖ.
1537 4703 1599 4756 Ei
1643 4703 1700 4756 δὲ
1732 4701 1831 4767 τὰς

1934 4723 2101 4763 meam
2129 4707 2198 4763 do
2224 4709 2400 4765 vobis.
2441 4707 2697 4776 Quaenam
2723 4724 2855 4764 vero
2881 4710 2997 4764 inec
3029 4717 3081 4764 et
3111 4707 3349 4779 quanta?
3386 4705 3494 4759 Pro

177 5009 193 5026 ο
271 4978 342 5032 τὰ
373 4979 466 5033 τοῦ
505 4979 728 5050 κόσμου,
762 4978 830 5033 τά
860 4979 1049 5050 πτωχὰ
1080 4980 1173 5031 καὶ
1207 4977 1456 5049 ἀλλότρια
1488 4979 1580 5030 καὶ
1613 4982 1830 5053 παραρ-

271 4796 451 4868 ψυχάς
492 4797 773 4869 ὀφείλομεν
817 4799 927 4860 τοῖς
966 4796 1246 4867 ἀδελφοῖς,
1299 4796 1390 4850 καὶ
1432 4794 1686 4867 τοιαύτην
1733 4793 1832 4866 τὴν

1934 4813 2257 4870 unoquoque
2303 4807 2550 4855 nostrum
2589 4801 2823 4854 animam
2863 4800 3073 4870 posuit,
3111 4799 3269 4868 cujus
3314 4795 3494 4864 majus

274 4889 546 4962 συνθήκην
587 4889 722 4960 πρὸς
753 4889 842 4942 τὸν
875 4889 1098 4960 Σωτῆρα
1136 4886 1712 4959 ἀνθομολογησόμεθα,
1748 4887 1830 4942 ἔτι

1934 4889 2179 4946 amnibus
2202 4891 2436 4961 pretium
2482 4891 2719 4946 exsistit.
2745 4890 2915 4955 llanc,
2948 4898 3008 4944 ut
3038 4890 3172 4944 alter
3200 4902 3296 4958 pro
3321 4885 3494 4941 altero

1924 4996 2213 5051 ponamus,
2241 4997 2271 5035 a
2303 4983 2465 5039 nobis
2497 4985 2683 5055 exigit.
2715 4983 2871 5051 Quod
2899 4984 2944 5038 si
2974 4997 3073 5052 pro
3105 4979 3366 5035 fratribus
3396 4993 3494 5048 po-

1934 5087 2065 5126 nere
2088 5072 2296 5128 animas
2321 5073 2603 5141 debemus,
2631 5083 2793 5146 atque
2821 5076 2923 5128 hoc
2955 5089 3077 5127 cum
3115 5071 3393 5126 Salvatore
3419 5070 3495 5124 vi-

277 5177 462 5230 σομεν,
487 5161 522 5215 ἃ
557 5161 692 5232 μετά
726 5160 918 5233 μικρὸν
937 5157 1044 5226 ἕξει
1067 5158 1126 5211 τὸ
1149 5158 1292 5230 -πῦρ;
1316 5158 1486 5222 Θείως
1517 5175 1581 5227 γε
1599 5162 1691 5213 καὶ
1713 5163 1832 5214 ἐπι-

1934 5164 2122 5219 cissim
2167 5165 2310 5235 pacti
2361 5174 2748 5223 testamentum
2798 5181 3026 5228 sumus,
3076 5164 3326 5219 adhucne
3373 5177 3495 5234 qua:

276 5253 453 5316 πόνως
485 5253 512 5305 6
546 5252 816 5324 Ἰωάννης,
849 5271 867 5303 ι
889 5252 948 5304 Ὀ
979 5249 1053 5323 μὴ
1080 5248 1267 5320 φιλῶν,
1295 5251 1446 5319 φησι,
1469 5250 1558 5303 τὸν
1586 5250 1828 5320 ἀδελφὸν,

1934 5255 2115 5309 ετεοιιιί
2148 5263 2295 5320 sunt,
2327 5271 2495 5327 egena
2529 5257 2622 5311 illa
2645 5266 2698 5313 et
2721 5259 2895 5313 aliena
2924 5264 2976 5310 et
3005 5254 3280 5311 efﬂuentia
3312 5254 3492 5310 conti-

275 5343 713 5416 ἀνθρωποκτόνος
737 5344 904 5399 ἐστί-ι
933 5343 1151 5414 σπέρμα
1179 5342 1270 5395 τοῦ
1294 5342 1451 5407 Καῖν,
1485 5341 1706 5414 θρέμμα
1736 5342 1829 5396 τοῦ

1935 5347 2186 5404 nebimus
2216 5363 2280 5403 ac
2308 5348 2706 5405 recondemus?
2739 5350 2888 5404 Alter
2911 5349 3071 5404 alteri
3110 5348 3295 5404 clausa
3320 5347 3490 5403 habe-

351 5481 410 5539 >14
451 5473 513 5530 Ρ.
551 5420 656 5556 θῗϐ
694 5475 800 5533 ED.
841 5474 1137 5531 POTTER.
1213 5487 1240 5516 ι
1280 5473 1466 5530 Matth.
1497 5489 1554 5539 v,
1588 5475 1678 5537 13,
1712 5477 1798 5532 Η.

324 5614 486 5737 ,(5⁵ιῖ
517 5614 765 5670 Μᾶλλον
793 5608 993 5684 ἧττον.
1027 5611 1242 5668 Μᾶλλον
1341 5607 1500 5685 ἦττον
1522 5609 1610 5668 ed.
1636 5609 1830 5666 Klotzii
2007 5615 2120 5758 ἕως

325 5701 431 5758 IRS:
496 5683 815 5758 852.AEDI?.
855 5683 1135 5758 Pnaor.._
2031 5685 2098 5741 40

279 5683 427 5755 Lips.
465 5683 1134 5755 1859.._Enn~.rmor.._
1287 5683 1312 5686 ’⁷
1367 5683 1375 5685 ἡ
2007 5683 2098 5755 (40

353 5751 460 5826 (58)
493 5753 714 5810 Αὐτῶν.
747 5753 920 5824 Ᾱύτῷ,
956 5769 1057 5808 ms.
1096 5751 1258 5808 FELL.
2010 5792 2013 5793 ν

278 5070 471 5142 ῥέοντα
493 5070 845 5142 καθείρξομεν
859 5069 1261 5140 ταμιευόμενοι;
1284 5067 1552 5140 Ἀλλήλων
1575 5069 1830 5122 ἀποκλεί-

2168 5618 2475 5687 Ἐθηράθη.
2497 5615 2808 5686 Legendum
2827 5615 3055 5687 videtur
3071 5615 3390 5684 ἐθηλύνθη.
3411 5614 3493 5672 In.

2150 5691 2252 5756 Είς
2283 5685 2444 5759 ἡμῖν.
2474 5685 2662 5743 Scribe
2690 5689 2777 5752 είς
2807 5685 2990 5758 ἡμᾶς.
