4016 6308
535 229 540 235 ’
569 249 674 303 645

1688 246 2079 303 CLEMENTIS
2117 245 2587 303 ALEXANDRINI

3713 251 3820 308 εει

571 371 752 425 bimus
775 412 791 438 ,
824 385 946 440 qua:
975 369 1124 425 brevi
1165 375 1290 440 post
1327 367 1661 423 absumenda
1707 368 1849 439 ignis
1878 368 2137 424 habebit?

2241 369 2508 424 διαϐόλου.
2573 367 2711 423 Θεοῦ
2747 370 3050 444 σπλάγχνον
3093 371 3195 426 οὐκ
3225 369 3356 442 εχει·
3393 370 3586 426 ἐλπίδα
3626 387 3818 445 κρειτ-

573 463 761 520 Divine
778 463 1076 548 seduloque
1091 459 1360 518 Joannes:
1397 478 1416 512 ι
1440 460 1544 527 Qui
1567 477 1675 516 non
1699 461 1874 532 diligit
1895 460 2138 529 fratrem,

568 553 768 624 inquit,
784 554 1057 609 homicida
1071 561 1153 609 est
1166 569 1186 591 -
1207 571 1220 607 :
1244 569 1454 610 :semen
1467 553 1624 616 Cain,
1642 554 1892 610 alumnus
1907 553 2137 619 diaboli;

567 645 664 700 Dei
689 647 899 703 viscera
937 660 1048 700 non
1080 645 1266 711 habet,
1302 661 1452 716 spem
1490 644 1762 714 potiorum
1797 661 1907 699 non
1947 644 2139 712 habet;

2245 461 2414 514 τόνων
2437 463 2534 515 οὐκ
2558 461 2689 533 ἔχει’
2708 463 2947 538 ἀσπορός
2971 468 3116 519 ἐστιν
3132 482 3145 494 ·
3170 463 3358 533 ἄγονός
3381 465 3548 518 ἐστιν·
3570 465 3676 518 οὐκ
3699 467 3818 519 ἔστι

2246 553 2432 625 κλῆμα
2473 554 2570 627 τῆς
2609 556 2698 609 ἀεὶ
2753 556 2933 628 ζώσης
2971 556 3362 630 ὑπερουρανίας
3401 556 3670 627 ἀμπέλου·
3725 558 3816 611 ὲκ-

2245 647 2526 711 κόπτεται,
2549 647 2610 700 τὸ
2630 647 2740 719 πῦρ
2768 647 2964 722 ἄθρουν
2990 650 3247 720 ἀναμένει
3277 648 3403 720 (Η).

568 740 688 794 sine
715 737 921 794 semine
945 743 1050 802 est,
1075 737 1278 792 sterilis
1310 745 1414 804 est;
1443 752 1553 791 non
1583 744 1670 792 est
1699 736 1905 806 palmes
1938 737 1994 791 in
2017 745 2338 808 perpetuum
2390 739 2629 794 viventis
2681 741 3088 810 supercmlestis
3114 739 3240 796 vitis
3271 758 3286 808 ;
3330 739 3636 804 excidetur,
3660 753 3821 794 eum-

566 845 673 900 que
701 829 858 884 densi
888 830 1031 900 ignis
1061 844 1232 884 vorax
1262 837 1444 883 manet
1474 828 1810 884 incendium.

638 919 924 977 XXXVIII.
949 920 1030 974 Tu
1062 936 1192 976 vero
1218 921 1615 992 praecellentem
1637 921 1781 975 viam
1805 920 2134 987 condiscito,

566 1029 726 1084 quam
743 1013 1201 1083 ostenditPaulus
1218 1013 1575 1069 deducentem
1592 1015 1659 1069 ad
1679 1015 1925 1070 salutem.
1967 1014 2139 1070 «Cha-

569 1109 702 1164 ritas
732 1122 841 1162 non
871 1109 1066 1177 quaerit
1092 1123 1214 1177 qua:
1243 1123 1342 1162 sua
1372 1115 1501 1164 sunt
1533 1107 1592 1173 ιι,
1619 1127 1638 1160 ι
1670 1107 1765 1163 sed
1820 1108 1876 1162 in
1918 1107 2138 1162 fratrem

568 1199 737 1256 eﬂ'usa
765 1209 876 1256 est:
912 1202 986 1255 ita
1017 1202 1072 1256 in
1108 1203 1259 1256 illum
1287 1218 1440 1257 versa
1471 1213 1583 1268 est,
1615 1213 1766 1260 casto
1796 1205 1915 1275 ejus
1953 1219 2140 1260 amore

568 1293 788 1348 insanit.
823 1294 1101 1350 «Charitas
1134 1295 1308 1365 operit
1334 1296 1735 1351 multitudinem
1767 1307 2136 1366 peccatorum;

570 1385 804 1456 perfecta
829 1388 1071 1443 charitas
1107 1387 1240 1444 foris
1267 1388 1432 1442 mittit
1457 1389 1728 1456 timorem;
1759 1406 1868 1444 non
1891 1390 2000 1460 agit
2023 1405 2141 1460 per-

569 1491 755 1545 peram
775 1517 789 1541 ,
819 1492 931 1532 non
960 1477 1180 1532 inﬂatur
1202 1519 1216 1542 ,
1253 1494 1363 1534 non
1397 1478 1596 1550 gaudet
1627 1496 1791 1549 super
1817 1481 2136 1550 iniquitate;

565 1567 874 1638 congaudet
899 1577 1078 1623 autem
1109 1568 1348 1633 veritati;
1374 1570 1558 1623 omnia
1583 1569 1794 1636 suffert,
1815 1571 1996 1624 omnia
2021 1587 2141 1625 cre-

565 1653 664 1721 (ιιι,
683 1660 865 1713 omnia
884 1668 1089 1730 sperat,
1109 1662 1292 1716 omnia
1313 1662 1569 1717 sustinet.
1589 1661 1842 1718 Charitas
1860 1679 2137 1733 nunquam
2173 1685 2212 1739 Β

564 1752 785 1807 excidit.
815 1752 1121 1823 Prophetize
1150 1762 1510 1818 evacuantur,
1545 1755 1742 1826 lingua:
1769 1763 2008 1820 cessant,
2041 1770 2138 1810 cu-

566 1843 808 1900 rationes
834 1845 887 1899 in
915 1853 1060 1901 terra
1091 1845 1372 1915 deﬁciunt;
1407 1856 1631 1903 manent
1660 1858 1838 1902 autem
1873 1850 1974 1903 tria
2002 1849 2136 1915 haec,

567 1936 720 2001 lides,
747 1952 893 2008 spes,
919 1938 1183 2007 charitas;
1215 1940 1392 2009 major
1414 1951 1591 1994 autem
1618 1940 1760 1995 inter
1777 1941 1890 1996 haec
1909 1949 1992 1996 est
2009 1943 2141 1996 chao

572 2033 706 2086 ritas
740 2041 787 2087 ο.
814 2049 832 2082 ι
871 2031 937 2086 Ει
970 2032 1197 2100 merito;
1231 2033 1364 2088 fides
1399 2034 1544 2087 enim
1579 2034 1815 2099 transit,
1848 2049 1971 2088 cum
2006 2035 2139 2104 ipsis

567 2123 774 2180 nostris
799 2124 978 2180 oculis
1007 2123 1242 2180 videndo
1295 2125 1465 2180 Deum
1502 2127 1804 2182 credemus.
1839 2127 1974 2198 Spes
2004 2144 2139 2198 quo-

565 2233 670 2286 que
694 2219 992 2284 evanescit,
1023 2218 1246 2274 illorum
1273 2227 1576 2289 conspectu
1609 2235 1727 2288 qua:
1753 2221 1806 2274 in
1839 2237 1932 2289 spe
1961 2222 2139 2290 posita

567 2317 715 2366 sunt.
741 2309 995 2367 Charitas
1025 2327 1154 2366 vero
1180 2313 1236 2366 in
1259 2313 1718 2383 complementum
1747 2315 1949 2383 pariter
1969 2315 2137 2379 venit,

565 2410 619 2456 «ιι
649 2414 876 2475 augetur
918 2405 1114 2476 magis,
1146 2405 1238 2460 ubi
1282 2405 1542 2474 perfectio
1574 2406 1872 2460 advenerit.
1921 2404 1977 2459 Si
2015 2408 2139 2476 quis

567 2497 714 2550 illam
749 2498 806 2552 in
835 2498 1078 2552 animum
1113 2497 1455 2567 susceperit,
1489 2499 1742 2568 quamvis
1775 2500 2013 2568 peccatis
2042 2500 2138 2553 ob-

565 2588 766 2644 noxius
811 2590 916 2654 sit,
966 2591 1222 2660 quamvis
1263 2591 1435 2644 multa
1480 2591 1669 2645 illicita
1709 2591 2135 2661 perpetraverit,

567 2681 804 2737 adaucta
834 2683 1101 2739 charitate
1131 2699 1377 2754 puraque
1411 2683 1652 2738 adhibita
1685 2684 2023 2754 pcenitentia,
2054 2701 2144 2740 er-

565 2781 684 2827 rata
725 2789 827 2830 sua
875 2776 1151 2845 corrigere
1190 2783 1391 2846 potest.
1429 2781 1486 2838 >14
1523 2773 1657 2829 Nam
1696 2791 1871 2846 neque
1909 2776 2011 2831 hoc
2044 2778 2139 2832 tibi

563 2865 758 2921 deesse
786 2866 972 2930 velim,
1007 2875 1068 2920 ut
1097 2867 1358 2937 desperes
1393 2868 1746 2937 animumque
1775 2868 2136 2938 despondeas;

565 2965 622 3010 ut
644 2967 698 3012 et
717 2956 938 3014 divitem
963 2961 1180 3014 noveris
1202 2960 1329 3029 quis
1346 2959 1563 3014 tandem
1593 2960 1681 3013 ille
1713 2961 1804 3017 sit.
1837 2961 1926 3029 qui
1960 2961 2137 3014 locum

562 3049 620 3103 in
649 3049 805 3104 caelis
840 3065 950 3105 non
981 3049 1198 3118 habeat,
1231 3066 1409 3122 quove
1440 3051 1487 3106 is
1520 3051 1681 3106 modo
1711 3052 1826 3107 suis
1857 3050 2135 3106 facultati-

561 3141 665 3196 bus
694 3148 900 3197 utatur.

635 3230 879 3290 XXXIX.
923 3235 981 3290 Si
1027 3237 1152 3306 quis
1201 3243 1315 3289 tum
1365 3235 1706 3292 abundantes
1749 3235 1986 3300 divitias,
2019 3246 2136 3293 tum

559 3327 842 3398 penuriam
875 3343 983 3398 quo
1009 3343 1150 3400 aegre
1178 3327 1346 3382 vitam
1384 3336 1652 3383 sustentet
1691 3330 1947 3392 evaserit,
1980 3339 2137 3385 reter-

560 3438 744 3493 naque
765 3422 911 3478 bona
942 3425 1182 3494 proclive
1220 3425 1438 3494 assequi
1467 3427 1724 3495 potuerit,
1760 3427 1854 3482 sed
1886 3430 1968 3482 vel
1998 3429 2137 3486 forte

556 3533 656 3588 per
690 3517 1055 3588 ignorantiam
1083 3523 1176 3570 aut
1207 3516 1332 3570 vita:
1359 3532 1522 3573 casus
1559 3518 1974 3585 iuvoluntarios,
2012 3529 2136 3590 post

555 3611 898 3682 signaculum
941 3618 996 3666 et
1044 3609 1420 3665 liberationem
1454 3625 1484 3664 a
1517 3611 1777 3681 peccatis,
1812 3613 1866 3667 in
1910 3623 2135 3684 peccata

555 3717 652 3758 seu
677 3701 857 3756 debita
885 3699 1173 3772 prolapsus
1197 3698 1379 3764 fuerit,
1411 3700 1485 3754 ita
1513 3708 1570 3754 ut
1594 3701 1700 3755 illis
1724 3717 1948 3772 prorsus
1970 3704 2136 3758 obru-

553 3803 645 3849 tus
674 3794 776 3862 sit;
808 3794 855 3848 is
900 3808 932 3847 a
975 3791 1084 3847 Deo
1131 3793 1350 3863 penitus
1380 3793 1616 3861 rejectus
1646 3801 1751 3858 est,
1783 3802 1836 3850 et
1867 3796 2134 3866 reprobus

554 3887 790 3942 exsistit.
821 3885 1083 3955 Quisquis
1103 3886 1250 3939 enim
1280 3900 1345 3940 ex
1373 3892 1486 3939 toto
1517 3884 1680 3941 corde
1710 3886 1776 3940 ad
1809 3885 1975 3943 Deum
2003 3904 2135 3943 con-

552 3983 817 4039 vertatur,
851 3981 1024 4045 portae
1074 3974 1125 4028 ei
1173 3983 1375 4044 aperta:
1413 3985 1563 4040 sunt,
1597 3977 1931 4049 suscipitque
1963 3979 2135 4034 liben-

554 4067 770 4122 tissimo
801 4067 982 4120 animo
1021 4063 1182 4120 Pater
1230 4065 1399 4118 filium
1432 4082 1557 4121 vere
1588 4068 1960 4134 pmnitentem.
1993 4071 2132 4125 Vera

554 4168 736 4214 autem
771 4158 1090 4228 paenitentia
1118 4165 1222 4223 est,
1257 4157 1312 4212 in
1342 4157 1528 4213 eadem
1564 4175 1670 4213 non
1711 4177 1903 4218 rursus
1931 4163 2130 4228 delabi,

555 4250 653 4306 sed
697 4266 764 4305 ex
807 4250 990 4304 animo
1039 4265 1266 4320 prorsus
1295 4250 1545 4317 evellere,
1594 4255 1793 4325 quibus
1839 4271 1898 4312 se
1940 4256 2132 4312 mortis

553 4358 707 4399 reum
736 4342 977 4414 peccatis
1007 4343 1249 4412 agnovit.
1282 4341 1377 4399 His
1405 4345 1551 4400 enim
1577 4347 1828 4412 sublatis,
1852 4349 1906 4402 in
1937 4357 1988 4402 te
2012 4363 2134 4402 rur-

554 4452 650 4492 sus
685 4435 828 4492 Deus
862 4434 1150 4492 habitabit.
1181 4433 1376 4506 Ingens
1405 4437 1550 4492 enim
1602 4447 1656 4493 et
1709 4440 2132 4510 incomparabile

554 4528 813 4600 gaudium
849 4526 1153 4600 festamque
1183 4529 1424 4585 laetitiam
1457 4533 1509 4586 in
1540 4533 1696 4588 cmlis
1722 4549 1846 4588 esse
1872 4531 2017 4586 Patri
2049 4533 2133 4587 di-

551 4622 629 4677 cit
660 4628 824 4691 atque
850 4621 1077 4692 angelis,
1103 4621 1231 4678 dum
1263 4639 1407 4680 unus
1438 4633 1694 4696 peccator
1723 4625 2059 4679 convertitur
2079 4631 2133 4679 et

553 4713 933 4786 pmnitentiam
965 4714 1138 4786 agitd.
1171 4713 1382 4771 Idcirco
1427 4717 1592 4772 etiam
1635 4716 1944 4770 clamabat:
1983 4735 2001 4766 ι
2033 4715 2132 4770 Mi—

552 4806 906 4864 sericordiam
933 4809 1079 4873 volo,
1111 4819 1164 4864 et
1198 4825 1307 4865 non
1344 4808 1699 4865 sacrificium.
1734 4807 1871 4863 Nolo
1901 4817 2131 4862 mortem

552 4903 879 4976 peccatoris,
910 4904 1006 4960 sed
1033 4913 1091 4958 ut
1117 4918 1241 4960 eum
1270 4903 1552 4973 pmniteat.
1584 4901 1642 4958 Si
1673 4901 1874 4957 fuerint
1907 4908 2132 4972 peccata

551 5003 733 5051 vestra
763 5004 822 5051 ut
855 4997 997 5078 lana\
1012 4995 1300 5068 phoaniceo
1327 4997 1520 5061 tincta,
1553 4996 1714 5066 quasi
1764 4997 1942 5050 nivem
1977 4996 2129 5051 deal-

551 5090 722 5157 babo;
755 5097 810 5146 et
832 5090 881 5147 si
910 5089 1113 5145 fuerint
1140 5088 1664 5159 nigriorafuligine,
1697 5094 1757 5141 ut
1799 5090 1976 5141 nivem
2007 5089 2129 5142 alba

551 5183 822 5238 abluendo
851 5183 1120 5253 praestabo
1136 5192 1215 5236 θ.»
1253 5179 1416 5236 Solus
1443 5180 1589 5235 enim
1615 5179 1760 5235 Deus
1783 5185 2003 5248 peccata
2031 5195 2130 5250 po-

549 5283 656 5333 test
699 5275 990 5341 dimittere,
1021 5279 1078 5329 et
1124 5272 1322 5329 delicta
1365 5286 1476 5326 non
1522 5275 1834 5344 imputare;
1879 5270 2121 5343 quando-

626 5507 684 5563 »B
725 5499 789 5555 P.
962 5499 1069 5554 ED.
1109 5497 1407 5555 POTTER.

553 5571 659 5630 I8:
707 5569 883 5625 lCor.
911 5586 1010 5626 xm
1033 5611 1048 5636 ,
1084 5570 1136 5626 4.
1176 5568 1355 5627 ‘Luc.
1391 5587 1482 5636 xv,
1511 5570 1566 5626 2.

1514 5511 1539 5540 ι
1581 5501 1601 5553 I
1639 5497 1794 5553 Joan.
1830 5513 1922 5559 Ill,
1962 5496 2048 5550 Μ.

2148 5497 2176 5537 ι)
2216 5496 2236 5550 1
2266 5496 2389 5552 Cor.
2427 5511 2527 5557 xu,
2572 5494 2673 5557 δὶς
2705 5509 2825 5558 χιιι,
2861 5490 2915 5548 5.

1647 5580 1670 5608 ο
1710 5570 1834 5625 Ose.
1869 5558 1945 5634 vt,
1971 5565 2037 5633 6;
2072 5566 2264 5623 Matth.
2297 5581 2377 5634 Ix,
2409 5567 2516 5636 I5;
2547 5565 2744 5622 Ezech.
2794 5577 2949 5627 xvm,
2974 5560 3070 5631 25;
3109 5561 3212 5619 lsa.
3243 5579 3284 5629 ι,
3319 5562 3415 5628 18;
3453 5559 3586 5616 Luc.
3620 5577 3675 5624 v,
3705 5558 3796 5613 2L

2313 917 2444 972 AH'.
2480 919 2553 972 Σὺ
2585 917 2640 971 δὲ
2669 917 2806 990 μάθε
2834 917 2930 990 τὴν
2962 918 3094 972 καθ’
3115 919 3414 991 ὑπερϐολὴν
3447 922 3589 987 ὁδὸν,
3623 925 3694 994 ῆν
3726 927 3821 979 δεῖ.

2245 1026 2400 1062 κνυσι
2431 1008 2643 1072 Παῦλος
2668 1010 2764 1061 ἐπὶ
2791 1009 3082 1080 σωτηρίαν·
3111 1029 3130 1061 ι
3151 1011 3215 1063 Ἡ
3235 1013 3416 1079 ἀγάπη
3453 1014 3521 1068 τά
3544 1016 3749 1087 ἑαυτῆς
3760 1018 3816 1070 σε

2243 1099 2429 1170 ζητεῖ,
2456 1120 2474 1151 ι
2506 1101 2606 1154 ἀλλ
2621 1103 2728 1156 ’ἐπὶ
2753 1101 2845 1154 τὸν
2877 1100 3100 1168 ἀδελφὺν
3125 1103 3406 1173 ἐκκέχυται
3425 1121 3441 1134 ο
3479 1123 3546 1168 πε
3557 1106 3610 1177 ρὶ
3633 1108 3819 1162 τοῦτον

2245 1195 2525 1265 ἐπτόηται,
2562 1195 2688 1266 περὶ
2712 1193 2897 1248 τοῦτον
2924 1195 3213 1267 σωφρόνως
3260 1197 3526 1266 μαίνεται.
3561 1218 3580 1250 ι
3607 1201 3816 1274 Ἀγάπη

2246 1285 2512 1344 καλύπτει
2533 1286 2737 1358 πλῆθος
2761 1287 3118 1360 ἁμαρτιῶν·ή
3152 1287 3328 1341 τελεία
3350 1290 3536 1362 ἀγάπη
3567 1292 3817 1347 suam.

2242 1378 2333 1432 τὸν
2356 1379 2536 1448 φόϐον·
2555 1381 2614 1432 οὐ
2633 1381 3052 1453 περπερεύεται,
3077 1381 3135 1434 οὐ
3155 1381 3452 1451 φυσιοῦται,
3485 1385 3590 1436 οὐκ
3610 1387 3819 1456 ἐπιχαί-

2246 1487 2327 1542 ρει
2354 1473 2416 1541 τῇ
2441 1471 2640 1542 ἀδικίᾳο
2663 1471 2942 1544 συγχαίρει
2970 1472 3026 1525 δὲ
3050 1475 3115 1542 τῇ
3147 1473 3396 1543 ἀληθείᾳ·
3413 1475 3598 1528 πάντα
3617 1477 3816 1544 στέγει,

2243 1563 2419 1616 πάντα
2452 1564 2714 1637 πιστεύει,
2746 1565 2920 1618 πάντα
2947 1565 3174 1630 ἐλπίζει,
3218 1567 3391 1619 πάντα
3423 1569 3722 1640 ὑπομένει.
3757 1571 3815 1624 Ἦ

2243 1657 2427 1729 ἀγάπη
2449 1657 2701 1710 οὐδέποτε
2728 1657 3002 1712 ἐκπίπτει.
3024 1659 3355 1731 Προφητεῖαι
3388 1663 3815 1733 καταργοῦνται,

2242 1748 2483 1816 γλῶσσαι
2503 1749 2786 1810 παύονται,
2812 1749 2980 1814 ίάσεις
2999 1751 3092 1802 ἐπὶ
3119 1753 3220 1823 γῆς
3248 1753 3694 1808 καταλείπονται·
3724 1760 3814 1828 μὲ-

2241 1860 2319 1895 νει
2340 1842 2396 1896 δέ
2411 1843 2478 1897 τὰ
2497 1844 2622 1916 τρία
2641 1843 2834 1907 ταῦτα,
2862 1843 3066 1909 πίστις,
3093 1843 3264 1908 ἐλπὶς,
3290 1845 3501 1918 ἀγάπη·
3533 1847 3745 1917 μείζων
3763 1849 3814 1902 δὲ

2240 1935 2298 1986 ἐν
2342 1933 2549 1998 τούτοις
2580 1937 2612 2004 ἠ
2646 1934 2888 2007 ἀγάπη).
2937 1936 3049 1989 Καὶ
3081 1935 3320 2000 δικαίως
3357 1938 3542 2001 πίστις
3587 1938 3689 2009 μὲν
3715 1941 3815 2010 γὰρ

2240 2025 2558 2096 ἀπέρχεται,
2583 2026 2709 2080 ὅταν
2733 2026 2963 2098 αὐτοψία
2980 2027 3288 2098 πεισθῶμεν
3315 2029 3514 2093 ἰδόντες
3534 2029 3693 2082 Θεὸν.
3712 2033 3813 2084 Καὶ

2242 2118 2393 2182 ἐλπὶς
2408 2118 2724 2187 ἀφανίζεται
2739 2119 2842 2172 τῶν
2855 2119 3265 2190 ἐλπισθέντων(ὲ
3273 2121 3813 2192 ρχομένων).’Δγάπη

2239 2211 2295 2264 δὲ
2317 2215 2398 2276 εἰς
2430 2213 2699 2284 πλήρωμα
2726 2215 3062 2287 συνέρχεται,
3091 2213 3184 2267 καὶ
3220 2215 3416 2284 μᾶλλον
3448 2214 3681 2279 αὔξεται
3713 2215 3813 2268 τῶν

2239 2306 2454 2358 τελείων
2483 2308 2907 2380 παραδοθέντων.
2950 2308 3073 2361 Ἐὰν
3095 2307 3297 2379 ταύτην
3318 2308 3625 2379 ἐμϐάληταί
3650 2327 3732 2374 τις
3751 2314 3810 2379 τῇ

2239 2399 2407 2469 ψυχῇ,
2439 2399 2680 2463 δύναται,
2713 2400 2816 2455 κᾶν
2852 2403 2909 2453 ἐν
2935 2397 3370 2473 ἁμαρτήμασινῇ
3393 2400 3807 2472 γεγεννημένος,

2243 2492 2344 2546 κᾶν
2379 2492 2546 2546 πολλὰ
2577 2492 2685 2546 τῶν
2721 2493 3116 2564 κεκωλυμένων
3155 2494 3536 2567 εἰργασμένος,
3572 2495 3808 2565 αὐξήσας

2242 2586 2340 2657 τὴν
2369 2586 2612 2656 ἀγάπην,
2644 2586 2736 2638 καὶ
2771 2586 3053 2656 μετάνοιαν
3086 2586 3329 2658 καθαρὰν
3361 2585 3562 2651 λαϐὼν,
3601 2585 3810 2656 ἀναμά-

2242 2676 2430 2749 χεσθαι
2463 2677 2531 2730 τά
2554 2677 2912 2747 ἐπταισμένα.
2935 2679 3086 2750 Μήτε
3127 2679 3233 2750 γάρ
3266 2677 3420 2732 τοῦτο
3451 2680 3532 2741 είς
3565 2679 3812 2747 ἀπόγνω-

2243 2768 2326 2822 σίν
2345 2786 2425 2822 σοι
2449 2768 2544 2823 καὶ
2579 2769 2835 2824 ἀπόνοιαν
2857 2770 3282 2839 καταλελείφθω,
3319 2773 3366 2824 εί
3399 2770 3493 2824 καὶ
3524 2771 3619 2824 τὺν
3654 2770 3809 2823 πλού-

2243 2877 2357 2913 σιον
2407 2859 2600 2930 μάθοις
2637 2861 2785 2922 ὅστις
2829 2860 2976 2914 ἐστὶν
2999 2901 3013 2925 ,
3047 2862 3076 2913 ὁ
3108 2859 3288 2931 χώραν
3321 2861 3377 2911 ἐν
3419 2860 3677 2931 οὐρανοῖς
3715 2859 3810 2912 οὐκ

2244 2948 2402 3022 έχων,
2438 2949 2530 3004 καί
2563 2968 2682 3004 τινα
2731 2950 2927 3024 τρόπον
2967 2953 3079 3015 τοῖς
3111 2947 3229 3004 οὖσι
3264 2949 3562 3023 χρώμενος.

2208 3218 2213 3224 .
2242 3240 2262 3276 -'
2313 3240 2434 3294 ΛΘ.
2480 3241 2578 3292 Ἂν
2607 3257 2690 3304 τις
2714 3240 2773 3292 τό
2809 3257 2867 3293 τε
2897 3241 3185 3314 ἐπίρρυτον
3216 3237 3306 3293 τοῦ
3340 3238 3568 3292 πλούτου
3602 3241 3698 3293 καὶ
3721 3257 3808 3310 χα-

2243 3325 2402 3386 λεπὸν
2449 3335 2529 3396 εἰς
2577 3331 2720 3406 ζωὴν
2762 3333 3033 3402 διαφύγοι,
3068 3333 3161 3387 καὶ
3206 3331 3418 3386 δύναιτο
3444 3332 3554 3385 τῶν
3585 3332 3807 3385 αἰωνίων

2242 3423 2460 3492 ἀγαθῶν
2491 3423 2854 3496 ἐπαύρασθαι,
2887 3427 2968 3496 εἴη
3001 3425 3056 3478 δὲ
3093 3423 3404 3495 τετυχηκὼς
3431 3423 3462 3494 ἢ
3498 3423 3567 3476 δι’
3592 3425 3806 3492 ἄγνοιαν

2240 3517 2274 3588 ἢ
2305 3519 2624 3589 περίστασιν
2656 3518 2906 3572 ἀκούσιον
2953 3516 3090 3588 μετὰ
3127 3517 3224 3588 τὴν
3263 3515 3532 3586 σφραγῖδα
3578 3518 3677 3570 καὶ
3718 3517 3806 3587 τὴν

2240 3612 2504 3684 λύτρωσιν
2552 3610 2848 3682 περιπετὴς
2880 3613 2990 3672 τοῖς
3025 3610 3414 3680 ἁμαρτήμασιν
3445 3608 3478 3678 ἢ
3514 3609 3807 3680 παραπτώ-

2244 3722 2426 3777 μασιν,
2459 3703 2534 3767 ὼς
2562 3701 2928 3774 ὑπανηνέχθαι
2959 3701 3168 3754 τέλεονο
3211 3695 3365 3764 οὗτος
3388 3693 3806 3772 ’κατεψήφισται

2241 3797 2581 3851 παντάπασιν
2619 3795 2722 3848 ὑπὸ
2767 3793 2859 3847 τοῦ
2890 3792 3044 3846 Θεοῦ.
3078 3793 3248 3845 Παντὶ
3280 3795 3386 3862 γὰρ
3416 3791 3493 3861 τῷ
3527 3795 3648 3863 μετ’
3679 3791 3803 3861 ἀλη-

2240 3888 2387 3952 θείας
2439 3887 2498 3952 ἐξ
2546 3887 2673 3958 ὅλης
2725 3867 2837 3956 τῆς
2869 3883 3094 3957 καρδίας
3138 3882 3524 3954 ἐπιστρέψαντι
3557 3882 3694 3956 πρὸς
3721 3882 3806 3935 τὸν

2238 3981 2369 4034 Θεὸν
2393 3980 2692 4052 ἀνεῴγασιν
2718 3977 2966 4053 αίθύραι,
2983 3978 3077 4031 καὶ
3103 3976 3314 4047 δέχεται
3338 3976 3698 4046 τρισάσμενος
3709 3977 3807 4030 Πα-

2238 4073 2340 4145 τὴρ
2359 4075 2471 4127 υἱὸν
2496 4073 2708 4144 ἀληθῶς
2734 4071 3110 4144 μετανοοῦντα.
3128 4071 3192 4122 Ἦ
3221 4069 3276 4122 δὲ
3306 4068 3533 4140 ἀληθινὴ
3555 4069 3806 4139 μετάνοια

2237 4166 2297 4219 τὸ
2331 4165 2527 4237 μηκέτι
2551 4167 2666 4230 τοῖς
2700 4165 2880 4226 αὐτοῖς
2911 4162 3092 4232 ἔνοχον
3115 4156 3276 4222 εἶναι,
3309 4159 3440 4212 ἀλλά
3467 4159 3640 4230 ἄρδην
3664 4161 3808 4231 ἐκρι-

2239 4259 2408 4325 ζῶσαι
2454 4259 2553 4329 τῆς
2601 4257 2796 4328 ψυχῆς,
2831 4257 2912 4324 ἐφ’
2939 4251 3019 4318 οἷς
3050 4252 3238 4308 ἐαυτοῦ
3285 4251 3533 4320 κατέγνω
3583 4251 3808 4304 θάνατον

2238 4348 2612 4420 ἁμαρτήμασι.
2645 4347 2860 4399 Τούτων
2890 4345 2998 4416 γάρ
3029 4342 3441 4415 ἀναιρεθέντων,
3464 4337 3621 4403 αὖθις
3646 4343 3725 4405 εἰς
3749 4343 3806 4394 σὲ

2234 4440 2364 4502 Θεὸς
2394 4436 2847 4509 είσοικισθήσεται
2866 4453 2879 4466 ⁸
2905 4434 3145 4506 μεγάλην
3167 4433 3275 4504 γὰρ
3300 4434 3432 4502 φησὶ
3459 4434 3553 4486 καὶ
3577 4433 3807 4504 ἀνυπέρ-

2236 4531 2425 4603 ϐλητον
2455 4527 2592 4585 εἶναι
2621 4530 2794 4601 χαρὰν
2823 4531 2918 4582 καὶ
2949 4527 3140 4599 ἑορτὴν
3165 4527 3222 4580 ἐν
3249 4525 3492 4597 οὐρανοῖς
3520 4523 3595 4594 τῷ
3628 4523 3804 4594 Πατρὶ

2236 4626 2330 4679 καὶ
2362 4627 2472 4688 τοῖς
2502 4622 2752 4692 ἀγγέλοις
2775 4621 2889 4684 ἑνὸς
2918 4617 3239 4691 ἀμαρτωλοῦ
3264 4615 3689 4688 ἐπιστρέψαντος
3713 4615 3805 4668 καὶ

2237 4719 2686 4791 μετανοήσαντος.
2717 4715 2805 4768 Διὸ
2833 4715 2928 4766 καὶ
2955 4712 3223 4784 κέκραγεν
3243 4726 3257 4740 ο
3296 4710 3512 4763 (Ἕλεον
3543 4710 3683 4763 θέλω
3712 4711 3805 4763 καὶ

2235 4813 2295 4868 ού
2329 4813 2535 4867 θυσίαν.
2567 4811 2639 4865 Οὐ
2673 4809 2939 4882 βούλομαι⁸
2953 4807 3043 4860 τὸν
3075 4805 3300 4859 θάνατον
3330 4803 3422 4857 τοῦ
3455 4804 3804 4875 ἀμαρτιυλοῦ,

2234 4905 2372 4959 ἀλλά
2400 4904 2496 4975 τὴν
2529 4901 2833 4974 μετάνοιαν.
2866 4899 2983 4954 Κᾶν
3004 4892 3136 4951 ὦσιν
3169 4899 3223 4951 αί
3251 4898 3514 4969 ἁμαρτίαι
3547 4897 3702 4968 ὑμῶν
3728 4897 3805 4962 ὡς

2236 4997 2508 5066 φοινικοῦν
2545 4995 2707 5068 ἔριον,
2737 4993 2812 5057 ὡς
2849 4992 3002 5063 χιόνα
3040 4988 3281 5043 λευκανῶ
3301 5006 3313 5019 °
3343 4988 3445 5042 κάν
3479 4974 3834 5060 μελι’ἱντεριι.ι⁹

2234 5090 2326 5144 τοῦ
2355 5089 2596 5152 σκότους,
2627 5086 2702 5150 ὡς
2732 5085 2876 5156 ἔριον
2905 5083 3095 5136 λευκὸν
3125 5080 3348 5150 ὲκνίψας
3381 5081 3607 5152 ποιήσω.
3635 5100 3655 5132 ι
3686 5081 3807 5152 Θεῷ

2234 5181 2342 5253 γὰρ
2394 5180 2553 5252 μόνον
2599 5177 2819 5231 δυνατὸν
2866 5175 3064 5244 ἄφεσιν
3103 5173 3384 5244 ἁμαρτιῶν
3422 5171 3804 5244 παρασχέσθαι

2233 5271 2327 5326 καὶ
2353 5271 2428 5343 μὴ
2457 5265 2772 5340 λογίσασθαι
2796 5261 3216 5337 παραπτώματα
3235 5279 3248 5292 ·
3277 5265 3412 5316 ὅπου
3441 5279 3504 5331 γε
3539 5264 3632 5317 καὶ
3673 5265 3805 5334 ἡμῖν

3019 5502 3041 5530 ε
3081 5489 3242 5548 IPet.
3267 5508 3341 5552 Iv,
3385 5490 3455 5555 8;
3485 5486 3505 5542 I
3532 5487 3689 5544 Joan.
3722 5504 3798 5543 ιν.

623 5721 732 5794 (41)
769 5722 838 5776 Τὸ
869 5723 987 5792 πῦρ
1021 5724 1243 5793 ἀθροῦν
1275 5724 1572 5796 ἀναμένει.
1598 5721 1826 5781 Densum
1865 5724 2029 5794 ignem
2065 5737 2346 5797 exspectat.
