4016 6308
344 265 448 324 M5

1354 263 1555 318 LIBER
1597 262 1761 330 QUIS
1799 256 2000 316 DIVES
2044 257 2430 314 SALV'ETUR.

2005 113 2054 172 ’Β

3449 257 3552 315 διδ

337 379 762 452 παρακελεύεται
791 380 889 450 τῆς
913 379 1124 451 ἡμέρας
1156 382 1386 451 ἑκάστης
1409 383 1437 433 ό
1461 381 1660 451 Κύριος
1681 380 1867 449 ἀφιένα

1997 376 2212 447 quidem
2244 374 2399 429 nobis
2427 375 2588 428 etiam
2613 374 2754 430 Deus
2782 374 3042 444 praecipit,
3076 381 3134 427 ut
3163 375 3551 445 paenitentibus

335 477 446 538 τοῖς
477 473 718 541 ἀδελφοῖς
753 473 1116 542 μετανοοῦσιν.
1140 474 1200 525 Εἰ
1229 474 1285 526 δὲ
1316 475 1474 544 ἡμεῖς
1496 475 1719 545 πονηροὶ
1743 474 1892 537 ὄντες

193 581 222 597 ⁸
332 570 488 638 ἴσμεν
519 549 696 634 ἀγαθά
727 565 936 636 δόματα.
963 566 1180 632 διδόναι,
1215 567 1364 638 πόσῳ
1403 567 1599 638 μᾶλλον
1643 569 1670 620 ό
1705 566 1891 638 Πατὴρ

329 657 436 712 τῶν
457 652 770 728 οἰκτιρμῶν,
792 659 820 709 ὁ
845 657 1044 724 ἀγαθὸς
1071 657 1256 729 Πατὴρ
1280 659 1456 729 πάσης
1477 657 1886 728 παρακλήσεως,

326 751 358 801 ό
398 745 898 815 πολυεύσπλαγχνος
936 748 1029 799 καὶ
1061 746 1339 811 πολυέλεος
1377 750 1582 817 πέφυκε
1623 749 1890 820 μακροθυ-

330 835 476 902 μεῖν,
514 833 638 895 τοὺς
680 832 1108 903 ἐπιστρέψαντας
1158 836 1501 906 περιμένειν;
1541 837 1888 908 Ἐπιστρέψαι

323 919 384 972 δέ
415 922 559 973 ἐστιν
585 919 752 982 ὅντως
781 921 887 972 ἀπὸ
916 921 1022 972 τῶν
1053 923 1460 993 ἁμαρτημάτων
1483 923 1542 976 τὸ
1562 925 1883 991 παύσασθαι,

321 1014 422 1065 καὶ
455 1011 649 1083 μηκέτι
679 1011 896 1082 βλέπειν
926 1014 1005 1077 εἰς
1035 1013 1102 1067 τὰ
1131 1013 1322 1067 ὀπίσω.

395 1213 484 1266 Μ’.
525 1211 645 1265 Τῶν
687 1213 784 1284 μὲν
827 1207 924 1277 οὖν,
963 1215 1445 1286 προγεγενημένων
1497 1215 1626 1279 Θεὸς
1673 1215 1884 1270 δίδωσιν

317 1305 537 1374 ἄφεσιν,
566 1304 672 1358 τῶν
717 1305 773 1358 δὲ
813 1307 1070 1362 ἐπιόντων
1111 1307 1270 1370 αὐτὸς
1299 1308 1524 1370 ἕκαστος
1553 1307 1746 1378 ἐαυτῷ.
1774 1307 1884 1360 Καὶ

313 1395 464 1448 τοῦτ’
497 1394 610 1447 ἔστι
650 1396 1006 1466 μεταγνῶναι,
1037 1396 1098 1448 τὸ
1127 1396 1464 1465 καταγνῶναι
1493 1395 1600 1449 τῶν
1629 1413 1884 1467 παρῳχη-

318 1486 523 1559 μένων,
551 1489 644 1541 καὶ
677 1489 997 1560 αἰτήσασθαι
1027 1489 1228 1543 τούτων
1259 1489 1558 1560 ἀμνηστίαν
1586 1490 1736 1561 παρὰ
1771 1491 1883 1545 Πα-

313 1579 468 1650 τρὸς,
497 1580 557 1642 ὃς
589 1581 749 1650 μόνος
784 1581 890 1634 τῶν
937 1581 1188 1635 ἁπάντων
1230 1577 1340 1644 οἷός
1364 1599 1423 1634 τε
1453 1582 1600 1635 ἐστὶν
1627 1583 1882 1654 ἄπρακτα

319 1674 546 1743 ποιῆσαι
597 1674 667 1727 τὰ
714 1675 1093 1746 πεπραγμένα,
1121 1675 1252 1746 ἐλέῳ
1283 1675 1521 1748 τῷξπαᾴ
1555 1675 1740 1744 αὐτοῦ,
1787 1677 1880 1730 καὶ

1993 466 2251 521 fratribus
2288 466 2528 535 quotidie
2567 466 2904 520 dimittamus
2924 478 2969 521 α.
3001 465 3156 530 Quod
3189 465 3236 520 si
3274 481 3394 530 nos,
3425 481 3551 522 cum

1991 556 2162 612 simus
2193 557 2340 618 mali,
2369 559 2619 612 novimus
2646 557 2786 611 bona
2818 557 2981 623 dare;
3013 564 3216 626 quanto
3257 559 3432 627 magis
3454 553 3554 612 Pa-

1990 653 2072 702 ter
2100 647 2620 709 misericordiarum,
2650 647 2826 701 bonus
2856 646 3128 702 ille°Pater
3157 648 3324 703 totius
3355 663 3553 703 conso-

1987 739 2226 803 lationis,
2262 737 2648 794 misericordiae
2678 739 2977 792 visceribus
3031 746 3174 792 totus
3222 738 3465 803 aliluens,
3496 746 3552 794 et

1987 833 2215 884 multum
2264 830 2594 894 misericors,
2648 830 2803 899 longa
2853 845 3118 899 propense
3157 829 3234 882 uti
3287 831 3549 899 patientia

1987 921 2168 986 habet,
2199 929 2253 976 et
2299 936 2394 977 eos
2447 922 2538 991 qui
2586 928 2974 975 convertuntur
3024 921 3382 990 exspectatb?
3411 919 3552 977 Vere

1985 1021 2163 1068 autem
2199 1014 2440 1068 converti
2488 1028 2517 1066 a
2566 1014 2823 1082 peccatis,
2858 1021 2940 1068 est
2968 1015 3226 1082 peccandi
3258 1015 3418 1069 ﬁnem
3460 1015 3546 1071 fa-

1985 1120 2130 1171 cere,
2163 1122 2263 1162 nec
2288 1108 2430 1160 ultra
2457 1111 2524 1160 ad
2557 1122 2618 1160 ea
2648 1121 2766 1176 quae
2797 1115 2925 1162 sunt
2955 1116 3116 1166 retro,
3130 1107 3418 1178 respicere.

2051 1216 2214 1289 35,6
2248 1216 2360 1272 XL.
2401 1217 2801 1272 Praeteritorum
2851 1217 3018 1287 igitur
3067 1218 3284 1288 quidem
3329 1218 3544 1272 veniam

1983 1310 2230 1365 concedit
2258 1309 2438 1376 Deus;
2473 1310 2526 1363 in
2567 1311 2846 1380 sequentia
2879 1317 3055 1364 autem
3090 1318 3148 1363 ut
3178 1325 3288 1364 non
3318 1310 3542 1376 incidat,

1983 1403 2085 1458 sibi
2135 1402 2366 1472 quisque
2413 1409 2603 1454 auctor
2643 1402 2847 1456 existit.
2917 1401 2982 1454 Et
3011 1402 3112 1456 hoc
3140 1408 3223 1456 est
3255 1403 3543 1471 pmuitere,

1981 1493 2049 1548 de
2086 1493 2372 1547 transactis
2415 1493 2655 1546 dolorem
2685 1492 2902 1556 habere,
2932 1493 3154 1563 haecque
3177 1508 3208 1546 a
3237 1491 3396 1548 Patre
3425 1509 3545 1549 me-

1982 1586 2152 1640 moria
2185 1585 2354 1640 deleri
2383 1584 2660 1655 ﬂagitare;
2685 1587 2775 1655 qui
2807 1602 2948 1640 unus
2978 1586 3218 1640 omnium
3249 1593 3426 1657 potest
3445 1587 3540 1642 mi-

1982 1674 2278 1730 sericordia
2323 1691 2441 1738 sua,
2477 1673 2675 1729 infecta
2720 1674 2898 1730 facere
2940 1691 3061 1746 quae
3112 1675 3255 1731 facta
3296 1686 3442 1744 sunt,
3476 1692 3540 1731 ac

314 1739 496 1836 δρόσῳ
547 1739 854 1836 Πνεύματος
909 1739 1235 1838 ἀπαλεῖψαι.
1264 1739 1342 1821 τὰ.
1360 1739 1867 1840 -προημαρτημένα

1982 1763 2218 1836 Spiritus
2266 1782 2387 1822 rore
2432 1768 2647 1823 abolere
2691 1739 2989 1837 superioris
3018 1769 3140 1824 vita:
3169 1769 3387 1824 delicta.
3477 1770 3535 1824 In

318 1874 340 1906 ι
367 1857 481 1927 Ἐφ’
513 1852 594 1920 οἷς
620 1857 725 1930 (42)
755 1858 860 1930 γὰρ
893 1857 959 1912 ἂν
985 1859 1127 1930 ε’ύρω
1155 1860 1316 1930 ὑμᾶς,
1339 1862 1521 1930 φησὶν,
1553 1861 1645 1913 ἐπὶ
1673 1860 1879 1924 τούτοις

311 1947 412 2000 καὶ
451 1948 647 2019 κρινῶ”
679 1967 697 2000 ι
736 1950 829 2003 καὶ
856 1951 983 2021 παρ’
1014 1949 1218 2003 ἐκαστα
1253 1950 1350 2020 βοᾷ
1378 1950 1438 2003 τὸ
1465 1950 1615 2013 τέλος
1639 1950 1873 2005 πάντων.

316 2034 485 2091 Ὥστε
516 2041 610 2092 καὶ
646 2039 723 2110 τῷ
765 2040 832 2093 τὰ
865 2040 1094 2110 μέγιστα
1128 2034 1186 2093 εὖ
1217 2041 1534 2111 πεποιηκότι
1566 2041 1706 2095 κατά
1743 2041 1873 2112 βίον,

310 2131 409 2183 ἐπὶ
423 2131 484 2184 δὲ
497 2131 590 2184 τοῦ
610 2131 793 2195 τέλους
806 2131 1130 2198 ἐξοκείλαντι
1148 2133 1283 2203 πρὸς
1303 2131 1517 2196 κακίαν,
1535 2132 1746 2205 ἀνόητοι
1765 2133 1873 2206 (45)

310 2221 516 2285 πάντες
546 2223 595 2276 οἱ
630 2221 861 2294 πρόσθεν
891 2223 1064 2288 πόνοι,
1107 2224 1199 2277 ἐπὶ
1236 2224 1334 2295 τῆς
1371 2224 1745 2296 καταστροφῆς
1782 2224 1873 2278 τοῦ

307 2311 588 2384 δράματος
618 2309 824 2383 ἐξάθλῳ
850 2313 1150 2384 γενομένῳ·
1175 2312 1252 2383 τῷ
1278 2330 1337 2365 τε
1374 2316 1551 2385 χεῖρον
1579 2312 1673 2367 καὶ
1695 2315 1876 2366 ἐπισε-

312 2404 598 2476 συρμένως
627 2401 878 2474 βιώσαντι
912 2403 1172 2476 πρότερον
1198 2403 1342 2456 ἐστιν
1371 2403 1591 2475 ὕστερον
1623 2400 1878 2474 μετανοή-

310 2513 467 2550 σαντι
490 2495 680 2550 πολλοῦ
703 2496 891 2567 χρόνου
917 2496 1188 2550 πολιτείαν
1217 2496 1457 2569 πονηρὰν
1488 2497 1768 2568 ἐκνικῆσαι
1796 2498 1873 2568 τῷ

313 2586 454 2657 μετά
481 2586 577 2658 την
614 2587 894 2656 μετάνοιαν
925 2586 1116 2660 χρόνῳ.
1136 2586 1441 2658 Ἀκριδείας
1467 2587 1522 2640 δέ
1553 2587 1632 2640 δεῖ
1654 2587 1869 2659 πολλῆς,

307 2678 500 2750 ὥσπερ
531 2680 641 2742 τοῖς
685 2681 866 2751 μακρᾷ
892 2680 1030 2750 νόσῳ
1065 2678 1394 2751 πεπονηκόσι
1431 2678 1643 2751 σώμασι
1667 2679 1873 2750 διαίτης

308 2773 469 2843 χρεία
526 2773 621 2825 καὶ
680 2773 949 2843 προσοχῆς
1001 2771 1258 2835 πλείονος.
1285 2771 1340 2824 Ὀ
1392 2770 1648 2843 κλέπτης,
1681 2772 1869 2841 ἄφεσιν

309 2863 486 2932 βούλει
523 2861 732 2927 λαδείν;
763 2863 972 2934 Μηκέτι
1005 2862 1222 2916 κλέπτε.
1240 2863 1296 2916 '0
1330 2862 1636 2933 μοιχεύσας,
1673 2863 1868 2934 μηκέτι

307 2953 615 3025 πυρούσθω.
635 2955 690 3008 '0
723 2953 1042 3025 πορνεύσας,
1066 2953 1249 3006 λοιπὸν
1287 2953 1575 3022 ἁγνευέτω.
1595 2953 1651 3006 '0
1691 2953 1868 3025 ἁρπά-

306 3063 428 3108 σας,
442 3045 690 3099 ἀποδίδου
715 3045 808 3099 καὶ
838 3044 1248 3115 προσαποδίδου.
1267 3044 1324 3096 '0
1338 3043 1728 3115 ψευδομάρτυς,
1745 3045 1869 3116 ἀλή-

305 3137 456 3191 θειαν
498 3138 753 3208 ἀσκησον.
772 3137 827 3190 '0
877 3136 1147 3207 ἐπίορκος,
1184 3135 1374 3206 μηκέτι
1425 3135 1606 3206 ὄμνυε,
1657 3134 1749 3188 καὶ
1797 3136 1864 3190 τὰ

303 3227 442 3281 ἄλλα
471 3226 614 3297 πάθη
625 3225 1105 3300 σύντεμνε,όργὴν,
1129 3227 1436 3298 ἐπιθυμίαν,
1459 3225 1654 3297 λύπην,
1679 3225 1860 3294 φόϐον,

304 3315 394 3368 ἵνα
416 3315 638 3386 εὑρεθῇς
658 3315 748 3368 ἐπὶ
767 3315 864 3385 τῆς
890 3313 1068 3380 ἐξόδου
1093 3315 1224 3386 πρὸς
1243 3315 1330 3367 τὸν
1351 3313 1613 3367 ἀντίδικον
1633 3313 1864 3368 ἐνταῦθα

301 3405 644 3460 διαλελύσθαι
688 3405 919 3475 φθάνων.
943 3407 1094 3459 Ἔστι
1149 3405 1246 3476 μὲν
1296 3400 1388 3458 οὖν
1433 3403 1686 3457 ἀδύνατον
1736 3403 1864 3467 ἴσως

302 3498 516 3571 ἀθρόως
563 3497 830 3566 ἀποκόψαι
867 3496 1012 3568 πάθη
1046 3497 1331 3568 σύντροφα,
1365 3496 1499 3550 ἀλλά
1545 3495 1681 3564 μετά
1729 3495 1860 3548 Θεοῦ

299 3590 612 3659 δυνάμεως,
657 3587 751 3641 καὶ
800 3587 1136 3661 ἀνθρωπείας
1191 3589 1427 3654 ἱκεσίας,
1474 3587 1568 3641 καὶ
1619 3587 1861 3658 ἀδελφῶν

299 3681 572 3753 βοηθείας,
606 3681 698 3733 καὶ
751 3679 1070 3751 εἰλικρινοῦς
1119 3682 1420 3751 μετανοίας,
1461 3680 1555 3734 καὶ
1607 3680 1859 3751 συνεχοῦς

299 3771 533 3841 μελέτης
557 3770 956 3842 κατορθοῦνται.

1978 1856 2175 1924 quibus
2205 1857 2368 1921 enim,
2399 1857 2492 1920 ait,
2526 1871 2622 1911 vos
2652 1856 2927 1920 invenero,
2956 1857 3009 1910 in
3041 1858 3121 1912 eis
3151 1857 3477 1928 judicabo°z
3512 1877 3533 1913 ι

1976 1961 2042 2001 ac
2070 1947 2311 2017 quotidie
2337 1950 2698 2005 univcrsalem
2726 1950 2885 2004 linem
2915 1950 3143 2017 clamat;
3175 1951 3250 2005 ita
3280 1951 3535 2006 nimirum

1978 2045 2036 2091 ut
2063 2047 2116 2094 et
2145 2039 2236 2109 qui
2266 2039 2524 2109 optimam
2553 2040 2767 2095 duxerit
2792 2040 2979 2103 vitam,
3009 2039 3077 2094 ad
3109 2047 3408 2096 extremum
3439 2055 3536 2095 au-

1976 2138 2082 2184 tem
2114 2129 2178 2183 ad
2219 2130 2480 2183 malitiam
2518 2131 2754 2201 vitiaque
2793 2129 3090 2194 deﬂexerit,
3120 2131 3254 2186 nihil
3288 2131 3400 2201 jam
3436 2146 3536 2185 an-

1974 2228 2163 2276 teactae
2210 2223 2331 2275 vitae
2379 2223 2656 2278 laboribus
2699 2223 2971 2293 juvandus
3011 2225 3102 2292 sit,
3137 2223 3232 2294 qui
3274 2223 3342 2279 ad
3373 2223 3533 2278 ﬁnem

1973 2312 2106 2367 lusae
2139 2312 2330 2368 fabula:
2358 2313 2610 2382 palmstra
2631 2315 2960 2383 excesserit;
2993 2323 3046 2370 et
3083 2325 3292 2380 contra,
3317 2317 3410 2387 qui
3436 2332 3536 2372 an-

1972 2413 2056 2458 tea
2099 2409 2157 2467 >I<
2198 2405 2336 2459 male
2364 2404 2735 2476 dissoluteque
2761 2406 2916 2472 vixit,
2950 2407 2995 2461 si
3019 2407 3156 2476 ejus
3176 2408 3324 2462 illum
3355 2410 3534 2479 paeni-

1971 2501 2102 2560 teat,
2161 2496 2315 2551 multi
2374 2497 2633 2566 temporis
2681 2498 2848 2552 vitam
2903 2498 3192 2568 perditam,
3254 2510 3531 2568 assumpta

1970 2587 2309 2656 postmodum
2355 2587 2694 2656 paenitentia,
2724 2587 2952 2656 ejusque
3002 2588 3226 2658 abrepto
3267 2588 3529 2658 propositi

1968 2676 2171 2747 vigore,
2223 2692 2552 2743 exsuperare
2608 2686 2806 2747 potest.
2853 2676 3036 2748 Longe
3095 2689 3352 2733 accurata
3401 2695 3530 2735 vero

1968 2781 2105 2835 opus
2135 2765 2412 2837 diligentia
2440 2773 2542 2830 est,
2576 2769 2716 2821 sicut
2760 2774 2813 2822 et
2853 2767 3010 2837 longa
3051 2765 3370 2836 aegritudine
3400 2765 3530 2821 aﬂ'eo

1967 2860 2070 2912 ctis
2123 2858 2442 2928 corporibus
2489 2858 2810 2928 exquisitior
2837 2857 2995 2912 diaeta
3039 2857 3318 2928 majorque
3345 2859 3528 2912 cautio

1967 2949 2275 3004 necessaria
2305 2956 2411 3004 est.
2445 2947 2562 3012 Vis,
2595 2963 2626 3002 ο
2653 2947 2759 3015 l‘ur,
2790 2949 2886 3002 tibi
2935 2949 3113 3003 scelus
3159 2948 3398 3002 dimitti?
3424 2949 3526 3004 De-

1968 3041 2084 3097 sine
2119 3040 2309 3096 furari.
2343 3041 2446 3107 Qui
2479 3042 2689 3096 adulter
2715 3049 2819 3107 est,
2848 3056 2958 3096 non
3003 3041 3236 3111 amplius
3286 3040 3526 3098 libidinis

1965 3132 2112 3186 faces
2163 3131 2430 3186 admittat.
2482 3130 2584 3196 Qui
2639 3131 2966 3186 foruicarius
3013 3137 3067 3184 et
3119 3137 3522 3199 constupratur,

1963 3223 2219 3292 deinceps
2246 3229 2394 3276 caste
2423 3222 2585 3276 vivat.
2610 3220 2712 3287 Qui
2742 3231 2929 3292 raptor
2949 3237 3030 3284 es,
3060 3220 3248 3284 redde,
3284 3225 3338 3274 et
3365 3219 3526 3290 quid-

1963 3315 2106 3385 piam
2140 3315 2262 3384 plus
2292 3314 2494 3369 addito.
2532 3313 2708 3369 Testis
2739 3313 2928 3378 falsus,
2958 3329 3121 3369 verax
3150 3329 3272 3370 esse
3302 3311 3523 3371 discito.

1960 3406 2241 3476 Perjurus,
2269 3423 2299 3460 a
2328 3394 2638 3477 juramento
2668 3405 2898 3466 abstine.
2931 3417 3091 3476 atque
3122 3406 3257 3460 alios
3298 3405 3524 3460 allectus

1961 3498 2200 3568 vitiaque
2230 3490 2479 3568 praeeide,
2511 3498 2667 3562 iram,
2713 3498 3083 3568 cupiditatem,
3115 3497 3281 3550 animi
3314 3496 3525 3551 maesti-

1961 3586 2116 3652 tiam,
2153 3588 2421 3651 timorem,
2453 3595 2512 3640 ut
2541 3587 2643 3641 sub
2669 3602 2949 3642 excessum
2982 3602 3104 3640 cum
3136 3587 3449 3643 adversario
3470 3594 3524 3641 te

1960 3679 2288 3750 transegisse
2315 3680 2471 3749 eique
2503 3678 2912 3733 reconciliatum
2942 3677 3127 3743 essed,
3152 3677 3369 3732 interim
3391 3679 3520 3733 dum

1959 3787 2197 3841 praesens
2229 3773 2338 3825 vita
2372 3779 2640 3840 ageretur,
2673 3770 2989 3825 inveniaris.
3031 3769 3097 3824 Et
3142 3768 3367 3825 affectus
3400 3771 3524 3840 qui-

293 3871 422 3917 item
454 3863 669 3918 inolitos
695 3863 980 3918 confestim
1025 3861 1292 3932 simulque
1333 3862 1625 3933 praecidere
1670 3863 2008 3934 impossibile
2071 3865 2208 3920 forte
2259 3873 2368 3927 est;
2416 3863 2509 3918 Dei
2557 3871 2736 3917 tamen
2781 3863 2980 3916 virtute
3020 3870 3074 3916 et
3111 3861 3364 3917 humanis
3402 3875 3522 3933 pre-

291 3957 456 4013 cibus
485 3956 822 4026 fratrumque
852 3955 1084 4016 auxilio;
1129 3969 1339 4010 necnon
1374 3969 1502 4010 vera
1543 3955 1860 4024 poenitentia
1899 3958 2224 4028 assiduaque
2259 3957 2602 4012 meditatione
2631 3971 2720 4010 res
2751 3954 2995 4026 praestari
3021 3961 3216 4025 potest.

369 4075 506 4129 MA'.
547 4073 637 4126 Διὸ
660 4073 756 4126 .δεῖ
786 4073 999 4136 πάντως
1040 4089 1098 4125 σε
1130 4071 1218 4124 τὸν
1251 4069 1474 4141 σοϐαρὸν
1514 4072 1608 4124 καὶ
1637 4071 1858 4126 δυνατὸν

292 4167 393 4221 καὶ
413 4164 663 4220 πλούσιον
681 4164 1072 4237 ἐπιστήσασθαι
1092 4162 1267 4234 ἐαυτῷ
1283 4180 1403 4217 τινα
1425 4162 1703 4235 ἄνθρωπον
1723 4163 1854 4217 Θεοῦ

293 4257 550 4328 καθάπερ
589 4257 847 4327 ἀλείπτην
891 4255 1000 4326 (44)
1045 4255 1137 4309 καὶ
1179 4254 1534 4326 κυϐερνήτην.
1566 4252 1719 4307 Αίδοῦ
1753 4254 1854 4308 κάν

293 4349 416 4410 ἕνα,
447 4346 608 4416 φοϐοῦ
637 4346 737 4401 κᾶν
759 4346 869 4399 ἕνα.
890 4346 1196 4415 Μελέτησον
1219 4344 1434 4399 ἀκούειν
1462 4343 1564 4397 κᾶν
1593 4345 1708 4407 ἐνὸς
1723 4346 1855 4417 παῤ-

2029 4074 2164 4130 XLI.
2205 4073 2543 4142 Quapropter
2588 4071 2957 4126 necessarium
3009 4069 3232 4124 omnino
3278 4075 3404 4134 est,
3461 4075 3522 4124 ut

1961 4164 2226 4234 superbus
2274 4170 2327 4217 et
2377 4168 2568 4231 potens
2618 4174 2682 4214 ac
2712 4158 2864 4213 dives
2893 4157 3128 4226 aliquem
3170 4156 3268 4210 tibi
3298 4154 3390 4210 Dei
3421 4155 3522 4210 ho-

1958 4254 2155 4308 minem
2186 4249 2467 4321 prmﬁcias,
2499 4249 2592 4319 qui
2639 4255 2692 4302 te
2737 4247 2955 4302 virtutis
2986 4245 3167 4300 studio
3198 4245 3421 4308 animet,
3449 4245 3519 4298 ti-

1954 4343 2116 4412 bique
2161 4341 2250 4395 ille
2302 4347 2481 4394 rector
2531 4352 2596 4392 ac
2642 4336 2973 4406 gubernator
3004 4335 3252 4390 exsistat.
3302 4331 3516 4390 Habeas

297 4441 690 4514 ρησιαζομένου
722 4440 815 4493 καὶ
854 4439 1140 4507 στύφοντος
1166 4439 1284 4509 ἅμα
1315 4439 1409 4492 καὶ
1444 4416 1853 4509 θεραπεύοντος.

1968 4450 2123 4490 unum
2162 4433 2351 4489 saltem
2395 4445 2554 4500 quem
2583 4428 2844 4488 verearis,
2875 4426 2959 4480 vel
2989 4441 3158 4481 unum
3189 4424 3328 4480 habe
3355 4439 3514 4495 quem

293 4532 432 4586 Οὐδὲ
455 4530 563 4603 γὰρ
583 4534 693 4593 τοῖς
713 4529 1004 4600 ὀφθαλμοῖς
1024 4528 1287 4600 συμφέρει
1312 4527 1401 4580 τὸν
1423 4527 1508 4580 ἀεὶ
1531 4525 1716 4598 χρόνον
1737 4527 1860 4578 ἀκο-

291 4624 512 4686 λάστοις
537 4621 738 4693 μένειν,
764 4620 896 4674 ἀλλὰ
916 4620 1009 4672 καὶ¹
1028 4619 1290 4689 δακρῦσαι
1320 4618 1415 4672 κα).
1441 4616 1701 4688 δηχθῆναί
1725 4619 1852 4669 ποτε

292 4715 438 4784 ὑπὲρ
467 4714 564 4783 τῆς
594 4712 800 4780 ὑγιείας
830 4711 928 4781 τῆς
965 4710 1225 4773 πλείονος.
1257 4707 1411 4762 Οῦτω
1443 4707 1537 4761 καὶ
1571 4708 1712 4777 ψυχῇ
1746 4706 1854 4776 διη-

293 4804 482 4868 νεκοῦς
500 4804 687 4875 ἡδονῆς
701 4802 850 4856 οὐδὲν
867 4800 1151 4873 ὀλεθριώτε
1157 4817 1268 4872 ρον·
1293 4797 1721 4867 ἀποτυφλοῦνται
1741 4795 1849 4866 (45)

291 4899 403 4972 γὰρ
443 4898 552 4951 ἀπὸ
591 4897 685 4968 τῆς
721 4895 942 4968 τήξεως,
970 4897 1063 4950 ἐάν
1100 4894 1350 4966 ἀκίνητος
1381 4891 1458 4964 τῷ
1485 4888 1853 4962 παρρησιαζο-

1953 4528 2165 4581 timeas.
2183 4523 2450 4579 Assuesce
2467 4521 2552 4576 vel
2581 4535 2748 4575 unum
2771 4517 2960 4572 audire
2987 4516 3158 4572 libere
3185 4517 3514 4588 loquentem,

1953 4615 2045 4685 qui
2077 4611 2373 4668 acrimonia
2423 4624 2521 4666 sua
2569 4609 2732 4665 simul
2777 4617 2830 4662 et
2872 4607 3138 4674 mordeat,
3177 4613 3231 4661 et
3267 4606 3514 4660 molliore

1952 4704 2099 4759 cultu
2129 4702 2370 4758 deliniat.
2400 4699 2586 4770 Neque
2612 4698 2755 4753 enim
2796 4695 3049 4752 conducit
3095 4695 3268 4751 oculis
3300 4708 3514 4763 semper

1953 4794 2153 4848 lascive
2182 4791 2400 4857 intueri,
2435 4787 2531 4846 sed
2559 4797 2612 4843 et
2640 4788 2910 4858 lacrymas
2936 4786 3228 4857 aliquando
3262 4783 3508 4846 fundere,

1950 4892 2004 4940 et
2033 4881 2337 4938 acrioribus
2381 4877 2549 4951 pungi
2595 4891 2697 4948 pro
2749 4877 2941 4947 majori
2969 4873 3298 4932 valetudine.
3333 4871 3424 4928 Sic
3453 4879 3508 4927 et

367 5081 424 5139 >11
467 5073 530 5130 Ρ.
573 5011 676 5156 9;?8
717 5072 824 5127 ΕΙ).
867 5071 1160 5129 POTTER.
1239 5083 1266 5113 α
1306 5069 1496 5125 Matth.
1526 5083 1603 5136 VI,
1631 5068 1719 5123 M.
1793 5065 1823 5106 1³
1859 5063 1867 5119 ]

1968 5083 1993 5120 ε.
2022 5078 2103 5128 xi,
2139 5062 2227 5118 15.
2305 5069 2329 5099 ο
2369 5059 2429 5114 In
2460 5057 2666 5131 Evang.
2698 5072 2883 5130 apocr.
2921 5055 2948 5097 τι
2988 5055 3263 5125 Matth.'v,
3302 5055 3392 5112 14.

362 5229 472 5299 (42)
523 5230 640 5299 Ἐφ’
671 5227 777 5295 οἷς.
817 5227 1063 5299 Justinus
1108 5233 1314 5299 martyr
1358 5225 1683 5299 in_Diqlo_gq
1723 5238 1842 5299 cum

291 5293 564 5368 Tryphon
580 5293 792 5361 lude—0,
827 5299 973 5369 p.726
1001 5298 1087 5369 ed.
1119 5293 1292 5369 Paris.
1320 5314 1334 5350 :
1367 5297 1457 5369 die
1482 5297 1576 5369 καὶ
1657 5293 1846 5369 ἡμέτε-

287 5361 632 5443 ροξᾘύριος
653 5361 858 5443 Ἰησοῦς
886 5367 1114 5443 Χριστὸς
1150 5363 1458 5443 εἷπενλἘν
1487 5361 1576 5443 ιοῖς
1605 5361 1844 5443 ἂνξύμᾶς

287 5389 381 5443 ρος
413 5381 613 5456 Κύριος
655 5381 858 5453 Ἰησους
887 5381 1114 5439 λριστος
1150 5381 1326 5450 ειίπεν·
1376 5381 1458 5420 Ἐν
1487 5381 1576 5447 ,οις
1605 5381 1670 5417 αν
1701 5381 1843 5485 oga;

285 5439 594 5516 καταλαω,
621 5442 678 5495 ἐν
706 5455 911 5516 τούτοις
937 5439 1260 5516 καὶ-κρίνω..
1284 5455 1316 5516 ι.
1329 5434 1694 5516 ρυροιι-οιιηει
1781 5448 1843 5486 o-

290 5512 473 5565 minus
505 5502 688 5566 noster
729 5509 889 5565 Jesus
931 5502 1181 5562 Christus
1210 5505 1346 5561 dixit
1377 5525 1390 5560 :
1423 5504 1482 5557 In
1520 5502 1717 5566 quibus
1745 5516 1843 5556 vos

288 5579 654 5649 deprehendo,
689 5581 744 5634 in
771 5579 852 5634 eis
877 5579 1039 5649 etiam
1065 5576 1337 5649 iudicabo.
1366 5594 1384 5626 ι
1421 5571 1725 5649 Conf._quae
1756 5571 1844 5626 ad-

288 5588 654 5658 dcpreltendo,
689 5588 744 5634 in
771 5588 852 5634 eis
877 5588 1039 5660 etiam
1065 5588 1337 5658 )udrcabo.
1366 5594 1384 5626 ι
1421 5588 1577 5628 hom.
1606 5588 1698 5694 qua

286 5658 493 5726 notavit
520 5651 603 5726 ill.
634 5649 868 5726 _Grabiu§
899 5646 1223 5726 in_Spiczteg.
1255 5661 1377 5701 saec.
1407 5660 1448 5726 ι,
1487 5643 1608 5726 pa?)
1649 5641 1698 5696 '7.

359 5721 469 5791 (43)
519 5722 791 5789 Ἀνόητοι.
835 5712 1031 5773 Scribe
1050 5712 1316 5788 ἀνόνητοι,
1358 5733 1376 5768 ι
1407 5712 1645 5770 inutiles.
1682 5730 1701 5763 ι

2013 5217 2125 5290 (44)
2177 5215 2501 5290 ᾉλείπτην.
2544 5211 2956 5290 εἰωίιίηεριιψ,
2978 5209 3203 5290 verbum
3263 5208 3506 5290 ἀλείφςν

1943 5277 2163 5344 adhibet
2190 5277 2443 5342 Stromat.
2470 5301 2531 5348 ιι,
2558 5299 2680 5354 pag.
2709 5283 2854 5354 λιϐός
2880 5281 3065 5354 Πάσης
3090 5280 3276 5354 ’τοίνυν
3302 5277 3504 5354 ἀρετῆς

2560 5337 2999 5430 ἶοόιμος,Αάλείφει
3021 5337 3262 5430 ’μάλιστα
3286 5337 3378 5430 τεν
3409 5337 3499 5403 at:

2020 5377 2286 5430 μνημενος
2323 5377 2352 5408 ο
2391 5377 2531 5417 υειος
2570 5377 2753 5423 νομος,
2791 5377 2999 5420 αΛειψει
3033 5377 3262 5422 μαΛιυνιιι
3289 5377 3378 5403 ἰυν
3409 5377 3499 5403 av-

1943 5377 2156 5506 εὲωτεον
2197 5425 2295 5506 τὴγ
2324 5425 2664 5506 emam?-
2702 5419 2938 5506 'Pmis
3133 5419 3502 5506 vii-assensi

1943 5487 2590 5558 meminerit'lex'divina,
2621 5491 2892 5546 hominem
2925 5487 3159 5546 maxime
3189 5498 3405 5546 exercet
3433 5487 3506 5545 ad

1941 5566 2350 5623 continentiam.
2389 5583 2407 5616 ι

2014 5637 2126 5709 (45)
2176 5630 2690 5709 Ἀποζυςρλοῦνξται.
2715 5629 2904 5709 Scribe
2918 5625 3500 5709 ῥιποτυφλοῦταιδὶιις.

1942 5699 2093 5765 num.
2108 5699 2181 5764 ἐι
2213 5699 2655 5778 [ιουιοέιῳετίιιε
2683 5699 3060 5770 κατορθοῦται.
