4016 6308
545 265 651 322 647

1667 259 2062 318 CLEMENTIS
2100 257 2568 316 ALEXANDBINI

3704 268 3812 326 διε

545 381 728 437 animo
769 379 991 438 assidua
1029 379 1300 452 voluptate
1328 379 1464 436 nihil
1496 378 1859 451 perniciosius
1896 401 1910 438 :
1946 395 2107 437 czeca-

2222 378 2366 450 μένῳ
2407 379 2658 453 διαμείνῃ
2703 379 2864 452 λόγῳ.
2894 379 3093 435 Τοῦτον
3132 381 3228 435 καὶ
3269 379 3595 455 ὀργισθέντα
3642 386 3817 459 φώήί·

539 479 633 529 tur
658 472 803 529 enim
830 472 1237 542 colliquatione,
1267 471 1395 526 dum
1431 472 1599 528 libere
1625 471 1962 544 increpantis
1991 488 2111 530 ser-

541 581 702 620 mone
729 572 986 621 tmmotus
1015 563 1276 635 persistit.
1311 563 1469 621 Hunc
1512 573 1571 621 tu
1611 575 1662 622 et
1693 566 1890 622 iratum
1921 567 2112 623 timeas

540 667 596 714 et
627 664 927 730 gementem
956 658 1163 721 doleas,
1202 666 1255 714 et
1297 657 1578 714 sedantem
1620 659 1759 714 iram
1787 661 2110 726 reverearis,

540 759 594 808 et
623 767 813 822 pmnas
842 750 1223 822 deprecantem
1250 759 1578 808 antevertas.
1607 751 1709 808 Hic
1727 769 1828 824 pro
1853 761 1908 810 te
1931 755 2114 826 plures

541 851 728 900 noctes
761 844 1039 901 insomnes
1072 845 1259 910 ducat,
1291 843 1525 901 fundens
1556 861 1656 916 pro
1700 854 1755 902 te
1806 863 1994 919 preces
2046 848 2114 903 ad

538 938 730 1004 Deum,
763 952 830 994 ac
878 939 1156 995 consuetis
1199 937 1457 1010 precibus
1486 936 1699 993 Patrem
1731 949 1975 1008 captans.
2009 938 2114 996 Ne—

539 1046 646 1102 que
675 1031 820 1086 enim
854 1031 945 1088 ille
973 1032 1187 1088 viscera
1215 1046 1314 1086 sua
1342 1031 1480 1086 dura
1509 1030 1709 1099 praebet
1735 1031 2019 1087 orantibus
2053 1031 2115 1086 li-

538 1123 649 1180 liis.
673 1121 910 1194 Rogabit
931 1132 1112 1180 autem
1136 1139 1291 1195 pure,
1317 1123 1364 1178 si
1392 1138 1422 1176 a
1449 1131 1501 1178 te
1528 1123 1828 1178 honoretur
1853 1131 2113 1194 tanquam

538 1215 634 1272 Dei
675 1218 922 1288 angelus,
956 1233 1059 1272 nec
1107 1232 1207 1288 per
1253 1221 1308 1271 te
1340 1217 1722 1281 contristetur,
1763 1215 1860 1272 sed
1892 1227 2115 1288 propter

537 1316 611 1365 te.
643 1308 770 1365 Haec
798 1317 884 1366 est
911 1310 1234 1381 poenitentia
1279 1325 1386 1364 non
1435 1309 1580 1364 ﬁcta.
1618 1329 1637 1361 ι
1670 1308 1815 1367 Deus
1842 1324 1954 1366 non
1991 1311 2115 1366 irri-

537 1401 697 1457 detur
715 1414 764 1467 a,
819 1419 838 1453 ι
887 1416 988 1466 nec
1039 1401 1226 1456 verbis
1274 1400 1532 1456 inanibus
1579 1415 1741 1457 aures
1783 1401 1897 1458 dat.
1952 1401 2115 1458 Solus

535 1493 680 1547 enim
711 1492 980 1549 medullas
1002 1499 1302 1556 scrutatur,
1334 1499 1390 1548 et
1417 1507 1580 1549 renes
1609 1492 1820 1560 cordis;
1849 1494 2116 1564 pleneque

536 1582 688 1637 audit
721 1583 864 1638 inter
891 1582 1137 1638 flammas
1169 1582 1397 1652 positos,
1433 1590 1488 1637 et
1515 1582 1736 1637 exaudit
1761 1582 2115 1653 deprecantes

535 1673 591 1728 in
621 1681 812 1730 ventre
841 1674 980 1741 ceti;
1027 1681 1082 1729 et
1113 1688 1283 1744 prope
1313 1680 1398 1729 est
1426 1673 1642 1728 cunctis
1670 1673 1944 1740 ﬁdelibus,
1987 1689 2117 1745 pro-

535 1764 626 1824 θυι
652 1781 782 1822 vero
811 1765 880 1820 ab
911 1764 1243 1829 inﬁdelibus,
1275 1765 1384 1821 nisi
1407 1764 1474 1820 ad
1514 1765 1848 1822 sanctiorem
1876 1765 2113 1821 mentem

537 1853 853 1925 paenitendo
880 1853 1128 1910 redeant.

602 1964 761 2022 XLII.
805 1965 875 2022 Ut
909 1974 1090 2022 autem
1118 1967 1292 2038 magis
1322 1967 1591 2034 conﬁdas,
1639 1969 1804 2025 modo
1854 1969 1936 2027 sic
1985 1986 2112 2028 vere

533 2058 878 2128 ptenitueris,
912 2067 1078 2114 certae
1123 2058 1222 2114 tibi
1259 2059 1384 2115 ﬁdei
1411 2067 1694 2131 tutamque
1723 2076 1944 2118 manere
1967 2063 2116 2118 salu-

533 2151 605 2205 tis
638 2165 826 2221 spem;
858 2150 984 2206 audi
1010 2149 1270 2216 fabulam,
1299 2167 1422 2222 qua:
1469 2151 1589 2222 ipsa
1639 2169 1750 2208 non
1784 2153 1988 2219 fabula,
2018 2154 2114 2211 sed

533 2256 660 2297 vera
688 2243 756 2297 de
783 2240 996 2298 Joanne
1025 2244 1274 2313 apostolo
1311 2249 1368 2308 ›Ῑ‹
1408 2244 1606 2299 tradita
1643 2246 1890 2301 narratio
1923 2246 2015 2311 sit,
2049 2261 2114 2301 ac

533 2333 807 2389 memoriae
859 2334 1107 2390 studiose
1161 2335 1569 2393 commendata.
1614 2337 1752 2393 Cum
1801 2338 1945 2393 enim
1991 2347 2114 2408 post

534 2424 754 2497 tyranni
795 2427 1007 2481 obitum
1037 2441 1066 2481 e
1091 2424 1284 2482 Patmo
1316 2425 1501 2482 insula
1527 2426 1802 2499 Ephesum
1832 2429 2108 2492 rediisset,

534 2515 740 2573 vicinas
767 2532 984 2589 quoque
1011 2525 1200 2588 gentes
1237 2527 1462 2589 rogatus
1495 2518 1728 2585 visebat,
1759 2522 1960 2591 partim
1989 2521 2113 2593 qui-

533 2605 656 2661 dem
685 2615 746 2661 ut
771 2608 1060 2678 episcopos
1086 2607 1464 2670 constitueret,
1497 2607 1694 2677 partim
1722 2621 1853 2662 vero
1882 2614 1942 2662 ut
1969 2607 2111 2664 inte-

532 2711 658 2768 gras
675 2697 951 2755 Ecclesias
979 2698 1296 2770 disponeret
1325 2713 1390 2753 ac
1413 2697 1694 2762 formaret,
1723 2699 1924 2770 partim
1947 2700 2112 2757 etiam

531 2794 591 2841 ut
623 2803 1070 2861 unumquemque
1101 2802 1316 2854 eorum,
1348 2802 1487 2860 quos
1511 2787 1750 2859 Spiritus
1777 2787 2110 2862 designaret,

530 2879 587 2934 in
620 2880 827 2936 clerum
859 2886 1163 2953 cooptaret.
1198 2880 1337 2936 Cum
1384 2881 1567 2952 itaque
1595 2879 1664 2935 ad
1698 2873 1889 2937 urbem
1923 2898 2116 2953 quam--

2214 470 2359 540 θητι,
2389 471 2485 526 καὶ
2533 470 2862 538 στενάξαντα
2895 472 3186 545 λυπήθητι,
3218 474 3311 527 καὶ
3347 474 3513 545 ὀργὴν
3558 475 3814 532 παύοντα

2213 562 2506 634 αἱδέσθητι,
2539 565 2635 618 καὶ
2671 563 2891 619 κόλασιν
2923 565 3344 638 παραιτουμένῳ
3373 565 3597 635 φθάσον.
3629 561 3813 634 Οὗτος

2213 655 2356 728 ὑπὲρ
2397 654 2492 709 σοῦ
2537 654 2736 720 πολλὰς
2776 655 2978 720 νύκτας
3019 657 3447 729 ἀγρυπησάτω,
3478 658 3810 730 πρεσϐεύων

2213 749 2353 822 ὑπὲρ
2403 749 2499 802 σοῦ
2547 749 2684 821 πρὸς
2728 749 2882 815 Θεὸν,
2927 751 3022 805 καὶ
3062 750 3356 814 λιτανείαις
3402 752 3666 822 συνήθεσι
3713 771 3814 823 μα-

2212 840 2388 911 γεύων
2415 841 2506 897 τὸν
2531 842 2769 916 Πατέρα.
2788 842 2861 897 Οὐ
2888 841 2996 916 γὰρ
3016 841 3233 914 ἀντέχει
3257 845 3368 906 τοῖς
3397 842 3615 907 τέκνοις
3637 844 3811 899 αὑτοῦ

2212 934 2280 988 τὰ
2328 934 2609 1005 σπλάγχνα
2654 934 2944 1006 δεομένοις.
2983 936 3248 1007 Άεήσεται
3291 935 3348 989 δέ
3390 935 3654 1007 καθαρῶς
3702 936 3812 991 ὑπὸ

2215 1027 2310 1082 σοῦ
2349 1028 2762 1100 προτιμώμενος
2793 1029 2872 1092 ὡς
2904 1027 3132 1097 ἄγγελος
3166 1027 3258 1082 τοῦ
3301 1029 3461 1093 Θεοῦ,
3496 1031 3599 1084 καὶ
3639 1030 3811 1102 μηδὲν

2215 1118 2320 1173 ὑπὸ
2365 1119 2458 1174 006
2499 1119 2857 1192 λυπούμενος,
2885 1120 2998 1175 ἀλλ’
3025 1120 3168 1192 ὑπὲρ
3210 1119 3324 1174 σοῦ.
3356 1111 3517 1174 Τοῦτ’
3549 1119 3668 1174 ἔστι
3716 1139 3812 1190 με·

2215 1213 2402 1267 τάνοια
2445 1213 2823 1287 ἀνυπόκριτος.
2873 1231 2891 1266 ι
2915 1213 3050 1278 Θεὸς
3089 1213 3152 1266 οὐ
3191 1213 3611 1286 μυκτηρίζεται,
3629 1231 3653 1267 ι
3687 1214 3809 1267 οὐδὲ

2215 1307 2491 1379 προσέχει“
2513 1312 2690 1374 κενοῖς
2734 1311 2969 1382 ῥήμασι·
3006 1308 3170 1380 μόνος
3211 1309 3322 1380 γὰρ
3364 1308 3659 1380 ἀνακρίνει
3689 1325 3812 1379 μυε-

2213 1397 2339 1462 λοὺς
2363 1399 2456 1452 καὶ
2485 1401 2714 1474 νεφροὺς
2740 1401 2984 1472 καρδίας,
3001 1399 3226 1454 καὶτῶν
3248 1401 3306 1454 ἐν
3331 1401 3468 1473 πυρὶ
3486 1399 3809 1465 καταπαύει,

2213 1490 2310 1543 καὶ
2345 1489 2454 1545 τῶν
2492 1491 2551 1544 ἐν
2575 1490 2754 1564 κοιλίᾳ
2775 1493 2974 1563 κήτους
3015 1491 3366 1546 ἱκετευόντων
3395 1489 3676 1556 ἐξακούει,
3718 1492 3812 1546 καὶ

2215 1584 2380 1636 πᾶσιν
2427 1582 2596 1652 ἐγγύς
2643 1584 2762 1637 ἐστι
2803 1586 2918 1648 τοῖς
2951 1583 3290 1650 πιστεύουσι,
3329 1582 3423 1636 καὶ
3463 1581 3664 1654 πόρρω
3694 1582 3811 1645 τοῖς

2213 1675 2418 1742 ἀθέοις,
2455 1677 2522 1732 ἂν
2559 1677 2636 1749 μὴ
2675 1677 3105 1748 μετανοήσωσιν.

2284 1967 2418 2021 MB'.
2463 1963 2581 2020 Ἵνα
2623 1965 2696 2034 δὲ,
2725 1965 2804 2018 ἔτι
2849 1966 3077 2039 θαρρῇς,
3108 1967 3252 2021 οὕτω
3293 1965 3644 2037 μετανοήσας
3684 1964 3807 2035 ἀλῃ-

2215 2059 2344 2124 θῶς,
2378 2059 2461 2112 ὅτι
2495 2077 2577 2113 σοι
2621 2058 2770 2130 μένει
2794 2059 3066 2131 σωτηρίας
3092 2057 3257 2122 ἐλπὶς
3282 2058 3609 2130 ἀξιόχρεως,
3653 2057 3806 2112 ἀκου-

2215 2169 2306 2206 σον
2329 2151 2515 2223 μῦθον,
2549 2152 2609 2205 οὐ
2647 2151 2833 2223 μῦθον,
2866 2151 3000 2206 ἀλλά
3021 2152 3152 2206 ὄντα
3186 2150 3344 2220 λόγον
3378 2152 3510 2223 περὶ
3552 2151 3802 2204 Ἰωάννου

2212 2245 2306 2299 τοῦ
2337 2244 2631 2302 ἀποστόλου
2660 2245 3091 2318 παραδεδομένον
3117 2244 3211 2299 καὶ
3236 2245 3421 2316 μνήμῃ
3445 2243 3624 2314 πεφυ)
3635 2244 3805 2316 αγμέ-

2213 2354 2321 2391 νον.
2340 2337 2556 2410 Ἐπειδὴ
2599 2336 2709 2408 γὰρ
2751 2336 2846 2390 τοῦ
2896 2337 3161 2410 τυράννου
3203 2337 3652 2408 τελευτήσαντος,
3697 2337 3798 2390 ἀπὸ

2212 2427 2311 2500 τῆς
2353 2429 2576 2500 Πάτμου
2620 2429 2721 2501 τῆς
2760 2429 2922 2501 νήσου
2959 2428 3223 2501 μετῆλθεν
3266 2428 3360 2482 ἐπὶ
3407 2427 3508 2499 τήν
3537 2429 3798 2497 Ἔφεσον,

2213 2521 2379 2594 ἀπῄει
2413 2521 2898 2594 παρακαλούμενος
2939 2523 3032 2576 καὶ
3075 2522 3167 2576 ἐπὶ
3197 2521 3268 2574 τὰ
3297 2520 3662 2593 πλησιόχωρα
3695 2521 3800 2574 τῶν

2213 2615 2404 2682 ἐθνῶν,
2432 2616 2566 2668 ὅπου
2617 2615 2714 2686 μὲν
2758 2614 3092 2678 ἐπισκόπους
3136 2614 3516 2685 καταστήσων,
3564 2612 3703 2667 ὅπου
3745 2613 3799 2666 δέ

2209 2704 2336 2768 ὅλας
2350 2703 2675 2776 Ἐκκλησίας
2698 2703 2973 2777 ἀρμόσων,
2992 2705 3125 2758 ὅπου
3152 2704 3210 2758 δέ
3238 2704 3439 2776 κλῆρον
3461 2703 3602 2774 (46),
3624 2704 3722 2758 ἕνα
3743 2705 3798 2756 τέ

2213 2811 2336 2850 τινα
2391 2793 2689 2866 κληρώσων
2737 2794 2845 2870 ὑπὸ
2886 2794 2980 2848 τοῦ
3011 2795 3326 2868 Πνεύματος
3358 2797 3795 2867 σημαινομένων.

2226 2886 2423 2941 Ἐλθὼν
2464 2888 2560 2942 καὶ
2587 2887 2678 2940 ἐπί
2701 2905 2826 2941 τινα
2849 2886 2959 2941 τῶν
2986 2889 3048 2942 οὐ
3079 2887 3296 2960 μακρὰν
3323 2887 3529 2942 πόλεων
3559 2883 3675 2961 (ἧς
3707 2890 3797 2942 καὶ

529 2971 655 3028 dam
683 2971 830 3026 haud
860 2971 1056 3042 procul
1087 2970 1303 3041 Epheso
1333 2969 1584 3026 dissitam
1615 2970 1860 3026 venisset
1888 2970 2030 3042 (ejus
2059 2982 2107 3028 et

2211 2977 2447 3050 τοῦνομα
2471 2979 2720 3049 λέγουσιδ
2760 2979 2893 3034 ἔνιοι
2921 2978 3073 3052 [47])
3104 2980 3198 3034 καὶ
3220 2979 3291 3034 τὰ
3315 2979 3448 3034 ἄλλα
3476 2979 3796 3044 ἀναπαύσας

527 3079 728 3120 nomen
757 3063 1008 3119 nonnulli
1034 3062 1300 3132 referunt)
1326 3067 1491 3132 atque
1520 3060 1656 3117 alias
1683 3063 1971 3133 pmsentia
1997 3079 2115 3120 ver-

2212 3073 2338 3136 τοὺς
2365 3071 2644 3144 ἀδελφοὺς,
2673 3074 2766 3128 ἐπὶ
2815 3075 2949 3128 πᾶσι
2991 3073 3072 3145 τῷ
3117 3072 3418 3127 καθεστῶτι
3445 3073 3795 3145 προσϐλέψας

527 3155 724 3228 bisque
765 3154 880 3210 suis
925 3153 1125 3210 fratres
1155 3153 1474 3209 consolatus
1505 3162 1672 3220 esset,
1700 3153 1771 3219 ad
1797 3162 2101 3211 extremum

2208 3165 2508 3238 ἐπισκόπῳ,
2541 3167 2819 3223 νεανίσκον
2853 3166 3036 3222 ἱκανὸν
3061 3166 3140 3238 τῷ
3171 3164 3385 3238 σώματι
3412 3167 3510 3220 καὶ
3544 3167 3652 3238 τὴν
3678 3167 3793 3237 ὄψιν

525 3246 647 3302 viso
670 3245 873 3315 juvene
917 3243 1150 3316 quodam
1198 3243 1417 3314 egregia
1463 3245 1710 3315 corporis
1742 3253 1973 3314 statura,
2001 3248 2111 3303 ele-

525 3338 674 3410 ganti
722 3337 901 3402 vultu,
937 3335 1279 3406 ferventique
1326 3335 1548 3407 ingenio
1585 3345 1748 3407 atque
1791 3337 1993 3404 indole,
2042 3337 2109 3392 ad

527 3429 635 3486 loci
681 3429 1001 3501 episcopum
1049 3433 1392 3484 conversUs:
1432 3446 1452 3480 ι
1481 3427 1661 3496 Hunc,
1695 3429 1894 3501 inquit,
1922 3445 2108 3486 coram

525 3520 774 3578 Ecclesia
796 3536 861 3577 ac
883 3520 1107 3577 Christo
1141 3528 1298 3586 teste,
1333 3520 1483 3576 omni
1506 3521 1606 3576 tibi
1635 3535 1800 3591 opera
1829 3536 2108 3578 commen-

525 3615 617 3672 do.
645 3634 664 3668 ι
696 3612 950 3686 Tumque
995 3613 1088 3668 illo
1137 3612 1471 3684 suscipiente
1499 3629 1564 3668 ac
1593 3621 1795 3670 cuncta
1821 3615 2105 3686 praestitu-

526 3723 650 3765 rum
676 3707 991 3779 pollicente,
1024 3705 1212 3761 eadem
1256 3705 1374 3775 ipsa
1417 3703 1655 3760 Joannes
1687 3719 1883 3759 rursus
1913 3719 2106 3775 perur-

527 3799 688 3871 gebat
739 3812 804 3853 ac
850 3796 1283 3872 contestabatur.
1319 3795 1564 3850 Posthme
1600 3785 1839 3851 Joannes
1883 3795 2104 3870 quidem

528 3891 800 3963 Ephesum
830 3889 1111 3961 profectus
1140 3897 1259 3955 est;
1299 3889 1580 3960 presbyter
1615 3903 1746 3943 vero
1781 3888 2101 3945 adolescen-

524 3993 634 4040 tem
659 3983 762 4040 sibi
791 3983 1053 4038 traditum
1085 3981 1142 4036 in
1170 3981 1392 4036 domum
1420 3995 1575 4036 suam
1611 3979 1940 4050 suscipiens,
1970 3981 2104 4037 edu-

524 4078 723 4144 cando,
755 4073 1106 4139 continendo,
1134 4072 1366 4130 fovendo
1393 4087 1616 4144 Operam
1650 4072 1846 4139 dabat;
1887 4089 1952 4131 ac
1976 4081 2100 4130 tan-

523 4171 646 4228 dem
691 4184 850 4227 sacro
891 4168 1221 4240 baptismate
1269 4166 1524 4222 initiavit.
1558 4164 1819 4238 Deinceps
1845 4167 2102 4225 sacerdos

523 4261 592 4319 de
617 4263 848 4335 pristina
877 4276 1010 4318 cura
1039 4269 1202 4332 atque
1228 4259 1477 4315 custodia
1497 4259 1760 4330 paulatim
1784 4259 2016 4323 remisit,
2040 4268 2102 4314 ut

523 4356 618 4426 qui
649 4354 950 4427 perfectum
977 4354 1027 4410 ei
1056 4361 1320 4416 tutamen,
1353 4366 1418 4407 ac
1465 4366 1574 4423 quo
1612 4357 1834 4407 cautum
1871 4352 2100 4409 omnino

525 4445 686 4527 foret,
713 4445 927 4501 Domini
975 4445 1318 4517 signaculum
1373 4443 1732 4500 adhibuisset.
1761 4442 1922 4497 Illum
1967 4459 2097 4515 ergo

2211 3258 2421 3312 ἀστεῖον
2439 3259 2531 3312 καὶ
2548 3258 2746 3331 θερμὸν
2777 3259 2899 3313 ἰδών
2915 3277 2929 3290 ο
2954 3278 2972 3311 ‹
2995 3258 3218 3324 Τοῦτον,
3249 3258 3375 3330 ἔφη,
3397 3257 3482 3312 col.
3497 3258 3792 3331 παρατωε-

2211 3365 2309 3420 μαι
2340 3348 2478 3419 μετά
2505 3349 2685 3420 πάσης
2713 3351 2946 3422 σπουδῆς
2977 3351 3069 3402 ἐπὶ
3095 3349 3197 3420 τῆς
3221 3349 3550 3422 Ἐκκλησίας
3577 3353 3676 3404 καὶ
3701 3350 3789 3404 τοῦ

2206 3437 2444 3511 Χριστοῦ
2477 3440 2772 3513 μάρτυρος.
2787 3459 2805 3492 ι
2835 3441 2944 3495 T06
2966 3441 3021 3495 δέ
3051 3441 3342 3514 δεχομένου
3367 3443 3462 3495 καὶ
3487 3442 3654 3496 πάνθ’
3674 3444 3791 3497 ὑπι-

2208 3528 2561 3600 σχνουμένου,
2593 3529 2687 3582 καὶ
2733 3528 2894 3583 πάλιν
2942 3528 3013 3582 τὰ
3063 3529 3204 3584 αὐτὰ
3241 3528 3538 3582 διετείλατο
3561 3529 3663 3582 xui
3684 3529 3787 3581 διε-

2208 3620 2541 3692 μαρτύρατο.
2571 3622 2683 3676 Καὶ
2713 3623 2742 3674 ὁ
2773 3621 2871 3694 μέν
2897 3621 2989 3675 ἐπὶ
3012 3622 3111 3694 τὴν
3133 3623 3368 3692 ’Ἔφεσον
3401 3622 3619 3693 ἀπῇρεν
3639 3639 3654 3651 ·
3679 3621 3785 3674 ὁ·δέ

2204 3711 2574 3786 πρεσϐύτερος
2599 3712 2882 3768 ἀναλαϐὼν
2907 3714 3086 3767 οἴκαδε
3126 3714 3218 3767 τὸν
3259 3713 3634 3785 παραδοθέντα
3670 3732 3787 3767 νεα-

2201 3804 2407 3870 νίσκον,
2437 3806 2651 3879 ἔτρεφε,
2685 3808 2947 3877 συνεῖχεν,
2976 3805 3197 3874 ἔθαλπε,
3226 3805 3287 3859 τὸ
3313 3806 3624 3860 τελευταῖον
3652 3805 3784 3876 ἐφώι

2188 3913 2338 3952 ’τισε.
2369 3899 2480 3952 Καὶ
2516 3899 2651 3969 μετά
2680 3899 2838 3952 τοῦτο
2863 3899 3039 3970 ὑφῆκε
3063 3899 3162 3971 τῆς
3191 3899 3436 3963 πλείονος
3464 3899 3784 3970 ἐπιμελείας

2201 3988 2296 4044 καὶ
2335 3989 2753 4061 παραφυλακῆς,
2786 3989 2862 4053 ὡς
2901 3988 2963 4042 τὸ
3005 3989 3188 4044 τέλεον
3231 3989 3379 4061 αὐτῷ
3420 3989 3786 4061 φυλακτήριον

2199 4081 2501 4154 ἐπιστήσας
2529 4081 2627 4153 τὴν
2659 4081 2931 4154 σφραγῖδα
2957 4081 3052 4136 τοῦ
3076 4081 3302 4154 Κυρίου.
3335 4079 3427 4151 Τῷ
3466 4080 3527 4134 δὲ
3549 4082 3785 4142 ἀνέσεως

2200 4175 2306 4247 πρὸ
2337 4174 2484 4246 ὥρας
2509 4173 2792 4246 λαϐομένω
2816 4173 3274 4246 προσφθείρονταί
3297 4189 3443 4236 τινες
3476 4172 3670 4244 ἥλικες
3699 4175 3786 4244 ἀρ-

2199 4269 2306 4337 γοὶ,
2339 4267 2432 4321 καὶ
2481 4266 2886 4340 ἀπερρωγότες,
2915 4266 3104 4330 ἐθάδες
3150 4264 3360 4320 κακῶν.
3408 4265 3521 4318 Καὶ
3567 4265 3784 4335 πρῶτον

2203 4358 2301 4430 μὲν
2321 4358 2387 4412 δι’
2404 4358 2704 4412 ’ἑστιάσεων
2728 4358 2937 4414 πολλῶν
2960 4358 3264 4413 πολυτελῶν
3280 4357 3442 4412 αὐτὸν
3455 4357 3780 4426 ἐπάγονταιο

2199 4444 2320 4504 εἶτά
2360 4467 2463 4504 που
2503 4450 2600 4504 καὶ
2630 4450 2846 4521 νύκτωρ
2875 4450 2968 4503 ἐπί
3001 4449 3358 4512 λωποδυσίαν,
3390 4447 3628 4513 ἐξιόντες
3670 4465 3786 4502 συν-

525 4547 852 4610 praematura
879 4538 1111 4608 potitum
1139 4538 1406 4602 libertate,
1434 4537 1670 4607 aequales
1717 4535 1937 4605 quidam
1987 4535 2090 4593 sibi

2208 4542 2500 4613 επάγονται
2515 4558 2529 4570 ·
2563 4541 2684 4597 εἶτά
2705 4559 2757 4596 τι
2779 4543 2873 4595 καὶ
2899 4542 3080 4613 μεῖζον
3102 4542 3473 4614 συμπράττειν
3503 4540 3709 4611 ἠξίουν.
3725 4543 3781 4596 Ὀ

525 4631 852 4704 adiungunt,
885 4629 1101 4687 desides
1130 4644 1195 4686 ac
1223 4628 1500 4694 dissoluti,
1527 4635 1581 4684 et
1603 4627 1823 4699 ﬂagitiis
1845 4627 2098 4684 omnibus

525 4718 950 4781 assuefacti.'Ac
983 4723 1215 4794 primum
1242 4719 1458 4792 quidem
1493 4719 1797 4790 magniﬁcis
1831 4721 2097 4782 conviviis

520 4819 776 4890 juvenem
803 4815 1036 4872 illieiunt
1071 4833 1085 4870 :
1119 4820 1285 4869 noctu
1325 4811 1520 4866 deinde
1557 4810 1626 4866 ad
1659 4811 1975 4878 spoliandos
2001 4813 2100 4869 ob.

524 4911 644 4967 vios
671 4901 900 4982 egressi,
932 4922 1117 4964 secum
1144 4905 1400 4971 trahunt;
1431 4903 1557 4958 inde
1590 4904 1658 4958 ad
1689 4904 1950 4976 majorem
1979 4922 2098 4964 sce-

524 5004 698 5060 lerum
721 5001 1034 5059 societatem
1061 4997 1435 5053 cohortantur.
1460 4995 1529 5051 At
1552 4995 1642 5051 ille
1670 4997 1872 5053 sensim
1906 5013 2097 5055 assue-

523 5096 712 5153 scehat
745 5090 1022 5165 pravitati,
1053 5089 1197 5161 genii
1218 5087 1592 5161 magnitudine
1622 5103 1686 5143 ac
1707 5091 1984 5159 prastanti
2010 5092 2097 5146 in-

521 5189 646 5244 dole
696 5187 846 5242 velut
879 5199 1055 5256 equus
1107 5181 1233 5240 duri
1280 5182 1395 5239 oris
1447 5181 1815 5253 robustaeque
1860 5199 1892 5238 a
1943 5192 2096 5240 recto

521 5281 803 5352 abreptus,
839 5291 905 5333 ac
950 5275 1164 5333 frenum
1209 5273 1490 5344 mordens,
1519 5277 1704 5334 aerius
1755 5277 1811 5332 in
1853 5291 2094 5349 praeceps

527 5447 585 5506 με
623 5437 688 5496 p.
729 5373 835 5512 θὶς
872 5434 983 5493 ED.
1021 5431 1324 5491 roman.
1402 5444 1430 5476 ι
1469 5433 1591 5491 Gal.
1624 5448 1704 5496 νι,
1741 5433 1793 5489 7.

589 5586 704 5663 (46)
740 5589 1138 5663 K1ﬁpw,_§ra
1165 5588 1229 5663 τέ
1257 5605 1392 5644 τινα
1419 5585 1790 5663 κληρώσω-.-
1803 5584 1997 5663 Scribe
2023 5601 2090 5642 ex

522 5655 775 5734 Eusebio,
806 5655 990 5734 ᾇήρῳ
1015 5660 1112 5734 ἕνα
1136 5659 1352 5734 γέ-τινα
1394 5657 1714 5734 κληριέσειν.
1751 5657 1908 5712 Conf.
1947 5655 2087 5734 idem

523 5730 785 5790 Eusebius
812 5727 1012 5786 Εεὲιέε.
1042 5727 1185 5785 Hist.
1207 5730 1301 5785 lib.
1334 5745 1414 5796 ιιι,
1441 5727 1604 5791 0.25,
1631 5745 1726 5799 per
1753 5737 1919 5785 totam
1950 5727 2088 5781 hanc

2198 4634 2257 4688 δέ
2287 4636 2407 4688 κατ’
2433 4634 2612 4704 ὀλίγον
2642 4632 3034 4706 προσειθίζετο,
3062 4634 3158 4687 καὶ
3183 4632 3275 4687 διά
3302 4632 3535 4705 μέγεθος
3563 4633 3782 4702 φύσεως

2195 4728 2419 4793 ἐκστὰς,
2441 4726 2627 4799 ὥσπερ
2673 4728 2907 4799 ἄστομος
2953 4728 3046 4781 καὶ
3087 4725 3360 4798 εὖρωστος
3401 4727 3588 4790 ῐππος,
3613 4724 3780 4797 ὀρθῆς

2197 4819 2340 4884 ὁδοῦ,
2383 4821 2478 4874 καὶ
2513 4820 2614 4878 ,τὸν
2659 4819 2872 4891 χαλινὸν
2916 4817 3176 4886 ἐνδακὼν,
3205 4817 3463 4890 μειζόνως
3489 4817 3634 4872 κατὰ
3672 4817 3777 4870 τῶν

2201 4909 2486 4983 βαράθρων
2514 4910 2756 4982 ἐφέρετο.
2776 4910 3069 4981 Ἀπογνοὺς
3112 4910 3170 4964 δέ
3209 4909 3409 4973 τελέως
3435 4909 3536 4981 τὴν
3569 4910 3633 4961 ἐν
3661 4907 3778 4978 Θεῷ

2200 5002 2502 5075 σωτηρίαν,
2529 5002 2681 5056 οὐδὲν
2719 5001 2798 5055 ἐτι
2837 5001 3031 5075 μικρὸν
3064 5001 3348 5066 διενοεῖτο,
3387 4999 3522 5054 ἀλλά
3552 4999 3694 5069 μέγα
3717 5016 3776 5052 τι

2195 5093 2426 5164 πράξας,
2443 5094 2736 5167 ἐπειδήπερ
2756 5092 2899 5159 ἅπαξ
2914 5092 3210 5161 ἀπόλωλεν,
3233 5092 3320 5145 ῐσα
3339 5093 3452 5154 τοῖς
3468 5089 3649 5153 ἄλλοις
3667 5106 3776 5143 πα-

2195 5184 2306 5238 θεῖν
2333 5184 2505 5257 ὴξίου.
2534 5187 2742 5250 Αὐτοὺς
2785 5186 2844 5240 δέ
2876 5186 3100 5250 τούτους
3133 5183 3415 5239 ἀναλαϐὼν
3441 5182 3537 5237 καὶ
3577 5181 3777 5255 λῃστή-

2199 5295 2312 5352 ριον
2342 5281 2734 5352 συγκροτήσας,
2756 5280 2976 5351 ἕτοιμος
3003 5279 3303 5352 λῄσταρχος
3324 5272 3414 5348 ἦν,
3447 5275 3773 5347 βιαιότατος,

2195 5583 2620 5780 ἒέιέῖὲῗιοι.
2663 5653 2894 5727 Smyrna
2938 5663 3076 5725 erat,
3132 5659 3180 5715 si
3224 5658 3420 5717 Chron.
3471 5657 3760 5716 Δίιασιιάτ.
