4016 6308
299 362 400 418 σιξ)

1370 352 1566 411 LIBER
1607 351 1769 422 QUIS
1798 350 2000 407 DIVES
2032 348 2423 408 SALVETUB.

3409 356 3515 412 650

296 480 737 553 μιαιφονὼτατος,
774 476 1164 549 χαλεπώτατος.
1196 477 1398 550 Χρόνος
1442 479 1500 530 ὲν
1551 476 1719 547 μέσῳ,
1758 475 1840 528 καί

1952 470 2241 529 ferebatur.
2275 469 2435 542 34⁸1
2462 467 2582 524 Jam
2611 469 2792 541 itaque
2815 485 3041 541 prorsus
3066 473 3276 543 abiecta
3307 490 3403 546 spe
3428 493 3518 533 sa-

288 588 435 636 τινος
463 569 825 642 ἐπιπεσούσης
858 570 1063 642 χρείας,
1093 568 1416 624 ἀνακαλοῦσι
1451 570 1542 623 τὸν
1582 568 1851 638 Ἰωάννην.

295 660 358 718 ’0
405 661 483 723 δὲ,
511 661 693 733 ἐπειδὴ
733 660 803 713 τὰ
842 660 975 714 ἄλλα
1010 652 1086 714 ὧν
1124 659 1282 732 χάριν
1310 653 1413 732 ῆκε
1453 659 1851 729 κατεστήσατο,

291 752 461 820 σἈγε
516 752 600 822 δὴ,
642 752 777 824 ἔφη,
814 746 859 804 ὦ
902 751 1192 816 ἐπίσκοπε,
1236 750 1333 821 τὴν
1389 748 1853 822 παρακαταθήκην

285 842 485 905 ἀπόδος
518 844 666 912 ἡμῖν,
700 844 765 911 ἣν
792 840 901 911 ὲγώ
925 859 983 895 τε
1013 842 1105 895 καὶ
1130 843 1157 894 6
1185 842 1376 913 Σωτήρ
1421 858 1501 894 σοι
1546 858 1854 917 παρακατε-

285 933 491 1005 θέμεθα
514 932 605 986 ἐπὶ
618 932 1057 1004 τῆςῈκκλησίας,
1079 928 1146 1006 ἧς
1165 932 1493 1004 προκαθέζῃ,
1520 931 1845 1006 μάρτυρος.»

292 1024 360 1079 '0
386 1026 443 1079 δὲ
480 1025 540 1079 τὸ
581 1026 680 1097 μὲν
717 1024 932 1098 πρῶτον
973 1024 1262 1097 ἐξεπλάγη,
1292 1026 1545 1098 χρήματα
1586 1025 1847 1097 οἰόμενος,

282 1118 431 1190 ἅπερ
457 1119 556 1171 οὐκ
583 1116 759 1182 ἔλαϐε,
791 1116 1270 1186 συκοφαντεῖσθαι·
1307 1116 1399 1170 καὶ
1428 1115 1548 1170 οὔτε
1577 1106 1849 1169 πιστεύειν

279 1207 432 1280 εἶχεν
461 1210 598 1282 ὑπὲρ
633 1202 707 1263 ὧν
734 1210 833 1263 οὐκ
869 1205 1031 1280 εἶχεν,
1059 1207 1179 1262 οὔτε
1220 1209 1465 1263 ἀπιστεῖν
1505 1208 1743 1280 Ἰωάννῃ.
1763 1208 1849 1272 Ὡς

276 1302 369 1356 δὲ·
402 1302 534 1355 «Τὸν
560 1301 857 1365 νεανίσκον,
884 1297 1057 1365 εἶπεν,
1075 1298 1283 1354 ἀπαιτῶ
1311 1301 1403 1353 καὶ
1426 1300 1526 1372 τὴν
1555 1298 1731 1373 ψυχὴν
1752 1299 1845 1353 τοῦ

277 1392 535 1462 ἀδελφοῦ,
566 1413 583 1444 ι
629 1391 885 1456 στενάξας
919 1391 1026 1463 (68)
1055 1390 1295 1446 κάτωθεν
1334 1393 1362 1445 6
1402 1389 1709 1463 πρεσϐύτης
1755 1389 1847 1444 καί

274 1500 338 1536 τι
378 1483 471 1537 καὶ
504 1481 886 1555 ἐπιδακρύσας·
929 1501 948 1533 ι
970 1483 1222 1546 Ἐκεῖνος,
1252 1481 1376 1551 ἔφη,
1408 1480 1656 1552 τέθνηκε.
1698 1481 1842 1547 Πῶς,

277 1575 377 1627 καὶ
413 1574 536 1627 τίνα
578 1571 831 1639 θάνατον;
869 1572 986 1643 Θεῷ
1023 1571 1299 1643 τέθνηκεν,
1326 1568 1491 1625 εἶπεν.
1511 1572 1713 1643 Ἀπέϐη
1738 1573 1846 1645 γὰρ

276 1667 518 1738 πονηρὸς
546 1666 637 1720 καὶ
663 1664 886 1736 ἐξώλης,
916 1665 1010 1718 καὶ
1044 1664 1105 1717 τὸ
1146 1665 1455 1733 κεφάλαιον,
1494 1663 1719 1736 λῃστής·
1753 1666 1845 1719 καὶ

276 1757 378 1810 νῦν
389 1755 511 1810 ἀντὶ
533 1756 632 1826 τῆς
671 1754 963 1824 ἐκκλησίας
983 1753 1043 1806 τὸ
1062 1753 1186 1825 ὅρος
1208 1754 1495 1826 κατείληφε
1524 1754 1639 1824 μεθ’
1660 1754 1842 1825 ὁμοίου

276 1846 687 1921 στρατωηικοῦ.
719 1867 738 1900 ι
767 1845 1259 1919 Καταρρηξάμενος
1307 1842 1398 1901 οὖν
1444 1846 1542 1918 τὴν
1589 1847 1787 1918 ἐσθῆτα
1815 1850 1844 1902 6

271 1940 578 2003 ἀπόστολος
596 1974 613 2003 ,
666 1940 761 1995 καὶ
783 1940 924 2013 μετά
955 1937 1194 2009 μεγάλης
1235 1938 1480 2010 οἰμωγῆς
1508 1938 1845 2010 πληξάμενος

270 2031 377 2102 τὴν
406 2029 670 2102 κεφαλήν·
712 2048 729 2079 ι
760 2029 934 2082 Καλόν
963 2044 1047 2097 γε,
1071 2027 1194 2099 ἔφη,
1223 2027 1436 2097 φύλακα
1461 2030 1559 2101 τῆς
1584 2029 1842 2099 τάδελφοῦ

269 2124 455 2194 ψυχῆς
495 2122 799 2176 κατέλιπον.
820 2119 953 2173 ῗΑλλ’
983 2120 1146 2183 ἵππος
1186 2119 1285 2192 ἢδη
1321 2109 1409 2190 μοι
1454 2120 1725 2192 παρέστω,
1750 2122 1844 2175 καὶ

269 2214 498 2287 ἡγεμὼν
530 2212 761 2283 γινέσθω
797 2213 885 2284 μοί
926 2229 1011 2276 τις
1038 2212 1136 2283 τῆς
1171 2210 1310 2266 ὁδοῦ.
1345 2211 1631 2266 »Ἕλαυνεν
1657 2213 1843 2286 ῶσπερ

238 2304 422 2379 οεῖχεν
449 2306 672 2360 αὐτόθεν
720 2306 826 2359 ἀπὸ
868 2305 971 2376 τῆς
1003 2303 1314 2376 ἐκκλησίας.
1334 2304 1530 2359 Ἐλθὼν
1570 2305 1626 2359 δὲ
1668 2307 1747 2369 είς
1781 2308 1843 2361 τὸ

198 2449 235 2471 ,ο
270 2399 496 2471 χωρίον,
524 2397 628 2450 ὑπὸ
662 2397 761 2467 τῆς
802 2395 1150 2470 προφυλακῆς
1172 2396 1279 2448 τῶν
1309 2395 1515 2469 λῃστῶν
1542 2396 1838 2462 ἁλίσκεται,

220 2476 223 2479 ν
274 2492 417 2563 μήτε
441 2488 674 2558 φεύγων,
707 2491 842 2561 μήτε
870 2487 1316 2561 παραιτούμενος,
1341 2487 1474 2542 ἀλλά
1499 2487 1696 2559 βοῶνί
1719 2491 1841 2544 Ἐπὶ

268 2578 420 2634 τοῦτ’
443 2578 692 2651 ἐλήλυθα,
722 2578 814 2632 ἐπὶ
833 2580 924 2632 τὸν
952 2578 1183 2651 ἄρχοντα
1208 2577 1360 2649 ὑμῶν
1383 2578 1681 2647 ἀναγάγετέ
1714 2597 1833 2651 με.»

278 2670 381 2732 Ὃς
403 2668 558 2732 τέως,
576 2667 762 2741 ῶσπερ
783 2667 1037 2735 ῶπλιστο,
1054 2668 1331 2739 ἀνέμενεν.
1351 2668 1435 2731 Ὡς
1463 2669 1519 2721 δὲ
1550 2660 1839 2741 π’ροσιόντα
1866 2724 1869 2729 ,

270 2760 536 2832 ἐγνώρισε
581 2761 670 2816 τὸν
709 2762 977 2833 Ἰωάννην,
1014 2763 1091 2826 είς
1120 2759 1293 2832 φυγὴν
1321 2760 1582 2825 αἰδεσθεὶς
1605 2762 1820 2833 ἐτράπε-

266 2871 353 2909 το.
371 2853 430 2909 '0
456 2853 513 2909 δὲ
541 2854 761 2908 ἐδίωκεν
799 2853 901 2907 ἀνά
936 2854 1152 2925 κράτος,
1182 2852 1569 2924 ἐπιλαθόμενος
1593 2853 1691 2926 τῆς
1720 2854 1836 2926 ὴλιὲ

268 2950 402 3015 κίας
427 2950 526 3021 τῆς
548 2947 759 3014 ἑαυτοῦ,
788 2946 1073 3021 κεκραγώς
1091 2964 1104 2978 ·
1133 2967 1152 2999 ι
1183 2947 1246 3001 Τί
1273 2964 1340 3018 με
1372 2946 1610 3019 φεύγεις,
1627 2946 1832 3013 τέκνον,

268 3042 367 3095 τὸν
396 3042 587 3095 σαυτοῦ
614 3041 842 3115 πατέρα,
868 3041 958 3096 τὸν
984 3041 1206 3111 γυμνὸν,
1237 3039 1328 3094 τὸν
1356 3042 1615 3114 γέροντας
1656 3041 1838 3114 Ἐλέη-

272 3133 371 3187 σόν
414 3150 500 3204 με,
530 3133 747 3187 τέκνον·
800 3133 872 3206 μὴ
916 3132 1108 3202 φοϐοὗο
1136 3132 1279 3203 ἔχεις
1324 3132 1401 3186 ἔτι
1443 3133 1586 3205 ζωῆς
1626 3133 1831 3190 ἐλπίδα.
1861 3157 1904 3216 C

280 3224 426 3294 Ἐγὼ
452 3224 668 3296 Χριστῷ
693 3224 846 3278 δώσω
880 3224 1035 3293 λόγον
1064 3224 1203 3295 ὑπὲρ
1231 3224 1324 3278 σού
1343 3241 1356 3254 ·
1392 3224 1457 3279 ἂν
1484 3225 1596 3297 δέῃ,
1624 3225 1714 3280 τὸν
1744 3226 1833 3281 σὺν

269 3314 499 3370 θάνατον
528 3314 663 3369 ἑκὼν
691 3313 963 3385 ὑπομενῶ,
989 3314 1064 3378 ὡς
1084 3315 1111 3366 6
1138 3314 1339 3386 Κύριος
1364 3316 1454 3369 τὸν
1480 3317 1618 3389 ὑπὲρ
1643 3318 1827 3390 ἡμῶν·
1859 3388 1870 3401 ⁸

268 3405 414 3476 ὑπὲρ
444 3405 536 3458 σοῦ
568 3405 664 3476 τὴν
706 3403 878 3475 ψυχὴν
903 3403 1175 3458 ἀντιδώσω
1202 3404 1298 3477 τὴν
1326 3406 1485 3477 ὲμήν.
1526 3408 1713 3478 Στῆθι,
1744 3409 1834 3463 πί-

270 3509 525 3548 στευσονο
579 3493 807 3564 Χριστός
864 3510 929 3564 με
982 3492 1314 3547 ἀπέστειλεν.
1351 3495 1446 3549 »Ὀ
1494 3496 1550 3550 δὲ
1598 3498 1833 3563 ἀκούσας

268 3584 488 3656 πρῶτον
512 3584 608 3655 μὲν
629 3584 756 3655 ἔστη
782 3584 932 3637 κάτω
954 3583 1193 3654 βλέπων·
1224 3581 1341 3638 εἶτα
1367 3585 1554 3659 ἔρριψε
1580 3589 1647 3643 τά
1671 3584 1830 3657 ὅπλα,

264 3672 392 3730 εἶτα
416 3677 627 3747 τρέμων
657 3676 816 3747 ἒκλᾳε
848 3673 1076 3745 πικρῶς.
1111 3675 1480 3745 Προσελθόντα
1523 3678 1579 3732 δὲ
1623 3679 1829 3749 τδνγέ-

269 3785 457 3841 ροντα,
491 3768 806 3840 περιέλαϐεν
831 3767 1259 3838 ἀπολογούμενος
1297 3772 1416 3833 ταῖς
1454 3773 1716 3842 οἰμωγαῖς
1758 3774 1833 3838 ὡς

266 3859 508 3921 ἐδύνατο,
540 3860 631 3912 καὶ
653 3861 762 3922 τοῖς
788 3858 1014 3931 δάκρυσι
1048 3856 1433 3928 βαπτιζόμενος
1459 3862 1523 3915 ἐκ
1560 3862 1830 3936 δευτέρου,

265 3951 443 4023 μόνην
490 3950 850 4021 ἀποκρύπτων
898 3951 995 4023 τὴν
1041 3951 1236 4016 δεξιάν.
1255 3954 1312 4007 Ὀ
1362 3954 1420 4007 δὲ
1467 3954 1829 4025 ἐγγυώμενος,

263 4042 657 4114 ἒπομνύμενος,
687 4043 762 4105 ώς
788 4043 978 4112 ἄφεσιν
1004 4044 1149 4115 αὐτῷ
1177 4044 1326 4117 παρά
1353 4044 1444 4097 τοῦ
1472 4045 1724 4116 Σωτῆρος
1743 4046 1833 4099 εύ-

265 4148 454 4203 ρηται,
501 4130 766 4201 δεόμενος,
809 4131 1135 4198 γονυπετῶν,
1171 4131 1337 4202 αὐτὴν
1386 4130 1483 4202 τὴν
1537 4130 1715 4197 δεξιάν
1757 4131 1834 4195 ὼς

264 4221 379 4275 ὑπὸ
425 4221 522 4292 τῆς
574 4220 855 4291 μετανοίας
903 4221 1320 4293 κεκαθαρμένην
1362 4220 1715 4290 καταφιλῶν,“
1742 4223 1833 4275 ἐπὶ

263 4312 370 4383 τὴν
399 4311 688 4383 ἐκκλησίαν
727 4313 1057 4382 ἐπανήγαγε.
1092 4315 1202 4368 Καὶ
1236 4311 1477 4384 δαψιλέσι
1520 4315 1617 4384 μὲν
1648 4315 1832 4383 εὐχαῖς

264 4401 481 4467 ἑξαιτού
489 4419 661 4472 μενος,
680 4401 924 4472 συνεχέσι
950 4402 1007 4455 δὲ
1025 4404 1296 4473 νηστείαις
1318 4404 1826 4475 συναγωνιζόμενος,

1955 564 2086 619 lutis
2111 579 2178 619 ex
2201 561 2312 623 Deo
2340 562 2754 632 consequendm,
2779 563 2915 617 nihil
2941 564 3082 618 ultra
3106 566 3377 622 mediocre
3398 571 3518 624 ani-

1953 670 2044 710 mo
2083 654 2439 725 designabat;
2487 653 2579 708 sed
2629 654 2817 724 grandi
2845 654 3027 725 aliquo
3087 666 3392 726 perpetrato
3435 659 3517 713 fa-

1953 747 2158 811 cinore,
2210 746 2356 815 quod
2406 745 2572 801 semel
2602 745 2859 814 perierat,
2912 745 3035 816 pari
3080 748 3304 818 reliquis
3364 751 3513 804 exitu

1952 838 2101 894 luere
2142 837 2365 892 vixdum
2416 837 2812 892 reluctantibus
2843 837 3038 892 animis
3067 842 3359 910 cogitabat.
3403 841 3516 899 illis

1951 930 2116 1002 igitur
2136 929 2271 1000 ipsis
2295 928 2616 997 assumptis,
2654 928 3013 999 institutoque
3038 928 3309 985 latronum
3344 935 3515 990 etlle-

1951 1022 2058 1091 gio,
2092 1020 2200 1076 dux
2234 1020 2347 1090 ipse
2386 1020 2657 1074 latronum
2690 1020 2832 1073 haud
2865 1022 3100 1090 segniter
3127 1030 3278 1088 erat;
3309 1025 3519 1081 violen-

1948 1113 2044 1176 tia,
2091 1112 2331 1167 czedihus
2371 1120 2533 1182 atque
2585 1110 2871 1165 atrocitate
2926 1120 3157 1167 cunctos
3200 1117 3511 1184 superabat.

1946 1205 2238 1275 Aliquanto
2282 1211 2406 1273 post
2450 1192 2712 1272 tempore,
2762 1216 2887 1255 cum
2922 1201 3049 1256 novi
3082 1204 3289 1273 aliquid
3322 1220 3515 1261 neces-

1948 1298 2079 1353 sarii
2106 1296 2287 1366 operis
2316 1302 2409 1350 aut
2454 1295 2654 1365 negotii
2710 1288 3012 1358 incidisset,
3062 1299 3260 1350 iterum
3297 1297 3363 1351 ad
3392 1313 3514 1352 eam

1947 1389 2133 1443 urbem
2167 1386 2375 1442 accitus
2416 1397 2500 1443 est
2530 1384 2794 1443 Joannes.
2840 1384 2945 1452 Qui
2981 1404 3104 1442 cum
3148 1389 3409 1453 venisset,
3459 1397 3516 1445 et

1947 1486 2140 1534 cuncta
2172 1494 2400 1548 quorum
2430 1478 2603 1547 gratia
2626 1485 2868 1538 venerat,
2904 1478 3211 1534 ordinasset
3247 1477 3271 1532 τ’
3318 1499 3337 1531 ι
3375 1482 3517 1551 Age-

1945 1571 2097 1633 dum,
2131 1570 2325 1640 inquit,
2350 1569 2624 1638 episcopo,
2654 1567 2819 1622 redde
2849 1568 3007 1625 nobis
3037 1570 3340 1639 depositum
3366 1572 3513 1641 quod

1944 1676 2043 1733 ego
2089 1662 2293 1731 pariter
2325 1667 2378 1715 et
2405 1660 2659 1715 Christus
2705 1660 2807 1715 tibi
2857 1664 3373 1729 commendavimus,
3409 1665 3512 1721 sub

1946 1751 2201 1807 Ecclesia:
2219 1750 2303 1806 cui
2328 1765 2498 1820 praess
2519 1748 2831 1819 praesentia,
2857 1750 3082 1822 ipsaque
3105 1766 3287 1806 coram
3315 1761 3469 1809 tcste.
3483 1773 3506 1808 ι

1874 1821 1917 1877 Β
1944 1842 2027 1896 Ad
2058 1842 2173 1898 hate
2205 1842 2495 1912 episcopus
2532 1841 2710 1910 primo
2765 1821 2985 1910 quidem
3021 1844 3221 1898 morari
3273 1859 3339 1942 aq
3366 1854 3513 1900 atto-

1945 1934 2116 1988 nitum
2151 1948 2444 1996 esse,\cum
2486 1931 2824 1987 existimaret
2855 1933 3164 2001 pecuniam,
3200 1931 3363 2005 quain
3399 1950 3509 1992 non

1945 2023 2263 2093 accepisset,
2292 2037 2324 2076 a
2357 2037 2415 2077 se
2461 2036 2558 2092 per
2606 2022 2935 2075 calumniam
2972 2024 3141 2093 repeti
3199 2043 3212 2078 :
3259 2033 3313 2081 et
3366 2026 3510 2081 sicut

1944 2116 2199 2170 adhibere
2244 2115 2426 2182 ﬁdem,
2457 2122 2514 2168 ut
2541 2129 2601 2169 se
2645 2113 2845 2168 habere
2872 2115 3212 2171 existimaret
3246 2134 3367 2188 qua:
3395 2134 3508 2175 non

1947 2212 2005 2271 »Β
2038 2207 2288 2270 habebat,
2319 2205 2400 2261 sic
2428 2220 2528 2260 nec
2559 2203 2758 2259 Joanni
2803 2203 3041 2260 difﬁdere
3095 2208 3347 2263 audebat.
3403 2208 3507 2265 Sed

1941 2297 2036 2352 tibi
2059 2295 2298 2352 Joannes
2327 2315 2341 2351 :
2377 2314 2396 2347 ι
2449 2294 2734 2360 Juvenem,
2766 2295 2964 2367 inquit,
3013 2304 3197 2367 repeto
3222 2308 3275 2354 et
3323 2300 3507 2358 fratris

1941 2386 2213 2453 animam;
2250 2405 2270 2439 ι
2312 2386 2423 2440 alto
2474 2401 2640 2441 senex
2683 2387 2847 2441 ducto
2884 2388 3143 2458 suspirio,
3191 2391 3506 2462 vultumque

1939 2477 2196 2548 lacrymis
2217 2477 2424 2532 affusus
2450 2496 2463 2531 :
2501 2496 2521 2529 ι
2559 2478 2630 2540 ls,
2661 2479 2757 2543 ait,
2787 2490 3034 2535 mortuus
3063 2488 3167 2535 est.
3197 2479 3501 2551 Quomodo,

1938 2568 2115 2639 inquit
2134 2568 2393 2634 Joannes,
2421 2585 2484 2625 ac
2509 2586 2618 2641 quo
2643 2571 2838 2626 mortis
2863 2572 3096 2642 genere?
3128 2571 3256 2635 Deo,
3285 2574 3360 2627 ait
3389 2574 3500 2642 ille,

1937 2668 2188 2716 mortuus
2221 2669 2322 2717 est.
2358 2660 2531 2716 Malus
2563 2664 2763 2732 quippe
2805 2662 2993 2717 evasit
3022 2671 3075 2717 et
3123 2664 3401 2733 perditus;
3437 2681 3502 2721 ac

1936 2752 2084 2824 quod
2122 2754 2439 2816 maximum,
2473 2753 2612 2806 latro
2648 2770 2663 2806 :
2694 2769 2944 2823 nuncque
2978 2752 3116 2809 adeo
3147 2770 3246 2822 pro
3269 2747 3501 2813 ecclesia

1936 2852 2174 2900 montem
2202 2844 2509 2913 occupavit,
2534 2858 2656 2897 cum
2703 2844 2972 2899 latronum
3012 2849 3125 2914 pari
3168 2847 3441 2904 satellitio.
3473 2868 3496 2902 ι

1937 2935 2034 2994 His
2064 2937 2265 2991 auditis
2299 2936 2578 3006 apostolus
2605 2936 2781 2992 scissa
2825 2945 2997 3004 veste,
3026 2949 3080 2995 et
3111 2953 3235 2992 cum
3290 2941 3497 3010 ingenti

1937 3027 2135 3099 gemitu
2168 3036 2330 3097 caput
2364 3027 2561 3083 feriens
2593 3047 2607 3082 :
2647 3045 2668 3079 ‹
2705 3028 2914 3083 Bonum
2961 3039 3032 3095 te,
3070 3030 3268 3101 inquit,
3302 3032 3500 3087 animae

1937 3118 2124 3174 fratris
2149 3119 2431 3174 custodem
2457 3119 2744 3175 constitui!
2775 3118 2878 3175 Sed
2905 3123 3017 3191 jam
3047 3122 3175 3176 mihi
3209 3132 3406 3193 przesto
3426 3126 3501 3179 sit

1933 3226 2107 3282 equus
2127 3219 2180 3267 et
2204 3210 2404 3282 aliquis
2426 3209 2618 3266 ductor
2642 3212 2874 3268 itineris.
2902 3232 2921 3266 ι
2943 3212 3070 3269 lude
3088 3214 3152 3268 ab
3164 3214 3407 3283 ecclesia,
3423 3214 3500 3268 ita

1934 3310 1994 3358 ut
2018 3310 2156 3368 erat,
2187 3304 2405 3358 concito
2430 3318 2570 3374 equo
2614 3304 2720 3359 iter
2740 3352 2741 3355 η
2761 3304 3093 3375 properavit.
3150 3302 3397 3375 Cumque
3428 3304 3499 3361 ad

1934 3394 2113 3450 locum
2137 3395 2398 3461 venisset,
2425 3395 2495 3450 ab
2527 3395 2593 3449 iis
2628 3395 2720 3465 qui
2751 3395 3009 3449 excubias
3052 3395 3302 3465 agebant,
3331 3397 3500 3450 latro-

1932 3486 2095 3542 nibus
2126 3486 2370 3557 capitur;
2406 3500 2514 3540 nou
2546 3485 2637 3539 ille
2668 3485 2849 3555 fugam
2893 3494 3103 3555 petens,
3144 3494 3239 3540 aut
3280 3487 3498 3542 veniam

1931 3579 2251 3648 deprecans,
2285 3578 2379 3633 sed
2419 3578 2661 3634 clamans
2695 3596 2708 3631 :
2753 3595 2771 3629 ι
2813 3576 2870 3631 In
2909 3578 3010 3632 hoc
3044 3578 3219 3646 ipsum
3252 3579 3394 3644 veni,
3427 3578 3499 3634 ad

1932 3677 2170 3725 vestrum
2193 3684 2279 3725 me
2310 3669 2502 3724 ducem
2527 3668 2795 3724 deducite.
2826 3688 2845 3720 ι
2871 3667 2921 3724 ls
2944 3684 3073 3723 vero
3099 3677 3157 3722 ut
3180 3676 3297 3724 erat
3318 3683 3499 3724 arma-

1932 3768 2022 3816 tus
2055 3760 2272 3815 interim
2301 3760 2670 3829 exspectabat.
2700 3757 2804 3814 Sed
2839 3757 2930 3812 ubi
2950 3760 3294 3815 accedentem
3327 3775 3498 3831 agno-

1931 3852 2008 3907 vit
2054 3849 2339 3915 Joannem,
2376 3866 2488 3921 prae
2520 3849 2726 3922 pudore
2759 3848 2814 3903 in
2855 3849 3034 3919 fugam
3064 3865 3259 3906 versus
3291 3859 3396 3907 est.
3430 3851 3498 3905 At

1929 3942 2167 3999 Joannes
2194 3944 2322 3999 totis
2347 3941 2557 4009 viribus
2587 3942 2805 3997 concito
2830 3956 3020 4003 cursu,
3052 3942 3229 3998 aetatis
3267 3943 3493 4007 oblitus,

1932 4035 2202 4090 hominem
2260 4028 2513 4105 persequi
2568 4034 2788 4097 institit,
2850 4033 3148 4089 identidem
3192 4034 3491 4091 clamans:

1936 4146 1954 4177 ι
1981 4127 2118 4194 Quid
2142 4143 2225 4182 me
2242 4135 2450 4198 patrem
2477 4138 2652 4191 tuum,
2672 4127 2766 4183 liii.
2794 4125 2936 4197 fugis
2967 4127 3249 4191 inermem,
3277 4128 3495 4183 senicu-

1930 4222 2076 4275 lum?
2109 4219 2364 4276 Miserere
2395 4221 2521 4284 mei,
2547 4221 2652 4287 ﬁli;
2686 4220 2795 4274 noli
2825 4220 3047 4284 timere;
3070 4219 3246 4273 adhuc
3278 4220 3378 4275 tibi
3398 4234 3499 4275 su-

1931 4320 2108 4383 perest
2133 4313 2256 4366 vitae
2278 4327 2343 4367 ac
2364 4313 2557 4368 salutis
2578 4327 2724 4381 spes.
2752 4310 2862 4381 Ego
2886 4326 2985 4381 pro
3014 4318 3068 4365 te
3088 4309 3307 4365 Christo
3335 4313 3496 4366 ratio-

1933 4421 2055 4461 nem
2089 4405 2331 4461 reddam.
2370 4404 2426 4460 Si
2452 4406 2522 4462 sit
2551 4421 2715 4476 opus,
2750 4414 2893 4458 tuam
2919 4403 3037 4474 ipse
3064 4402 3240 4458 libens
3265 4410 3495 4458 mortem

266 4494 539 4558 ποικίλαις
564 4494 619 4547 δὲ
646 4495 831 4565 ρήσεσι
870 4495 978 4566 (49)
1002 4494 1169 4563 λόγων
1198 4496 1515 4566 κατεπᾴδων
1546 4494 1709 4550 αὐτοῦ
1732 4493 1828 4565 τὴν

1937 4499 2233 4563 sustinebo,
2264 4497 2720 4569 quemadmodum
2751 4494 3015 4551 Dominus
3048 4510 3146 4565 pro
3168 4494 3326 4549 nobis
3349 4510 3497 4549 mor-

264 4584 512 4656 γνώμην,
540 4586 598 4638 οὐ
630 4586 890 4656 πρότερον
934 4585 1190 4656 ἀπῆλθεν,
1218 4585 1293 4651 ὥς
1324 4604 1471 4655 φασι,
1512 4588 1639 4658 πρὶν
1666 4585 1827 4641 αὐτὸν

267 4676 571 4749 κατέστησε
613 4679 678 4747 τῇ
726 4675 1037 4748 Ἐκκλησία,
1072 4677 1245 4743 διδοὺς
1292 4678 1399 4748 (50)
1453 4680 1593 4749 μέγα
1645 4677 1827 4749 παρά-

265 4767 466 4838 δειγμα
516 4767 798 4838 μετανοίας
838 4766 1090 4838 ἀληθινῆς
1124 4767 1217 4821 καὶ
1246 4769 1386 4839 μέγα
1412 4766 1695 4839 γνώρισμα
1724 4784 1829 4820 πα-

266 4858 571 4927 λιγγενείας
624 4857 733 4930 (51)
760 4900 775 4925 ,
837 4858 1093 4930 τρόπαιον
1145 4859 1489 4922 ἀναστάσεως
1542 4856 1828 4928 ἐλπιζομέ-

268 4967 370 5022 νης
399 4947 529 5021 (52),
563 4952 691 5004 ὅταν
717 4951 774 5003 ὲν
795 4952 860 5021 τῇ
890 4949 1165 5021 συντελείᾳ
1194 4949 1287 5002 τοῦ
1316 4950 1508 5014 αἰῶνος
1533 4951 1582 5003 οἱ
1608 4944 1827 5019 ἄγγελοι

266 5043 400 5106 «ob;
418 5041 630 5112 ἀληθῶς
670 5041 1050 5113 μετανοοῦντας
1078 5040 1327 5105 δέξωνται
1362 5044 1440 5106 είς
1484 5041 1836 5113 ὲπουρανίους

274 5136 498 5207 σκηνὰς,
540 5136 776 5208 φαιδρῶς
806 5134 1112 5206 γεγηθότες,
1153 5135 1463 5207 ὑμνοῦντες,
1497 5139 1835 5209 άνοιγνύντες

271 5230 399 5293 τοὺς
419 5226 701 5299 οὐρανούςο
732 5227 841 5298 πρὸ
861 5226 917 5279 δὲ
949 5225 1161 5280 πάντων
1190 5227 1349 5292 αὐτὸς
1377 5231 1405 5282 6
1434 5230 1623 5302 Σωτὴρ
1655 5249 1826 5304 προα-

347 5392 405 5451 ›Ῑ‹
447 5384 508 5439 Ρ.
547 5322 654 5464 νίζε)
688 5382 797 5438 ED.
829 5380 1126 5438 POTTER.

347 5539 457 5608 (48)
494 5537 809 5608 Στενᾴξας.
847 5538 1101 5608 Anastas.
1137 5535 1367 5603 Sinaita,
1397 5532 1640 5596 στενάζει
1691 5532 1833 5604 μέγα

275 5606 604 5681 ἰκίβάθουςζ
629 5606 747 5664 εἶτα
772 5606 1222 5681 δακρύειλιτεέιλ.ζ
1262 5676 1296 5681 __
1498 5677 1522 5681 _
1634 5656 1638 5681 λ

347 5673 768 5750 (ιθὶ-βρήσεσι.
807 5673 942 5736 ουά.
992 5677 1150 5750 Regi.
1183 5676 1345 5741 Gall.,
1376 5677 1585 5746 σειρῇσι
1634 5673 1825 5743 λόγων,

275 5756 337 5803 ut
359 5746 416 5803 et
444 5748 665 5815 Niceph.
688 5750 785 5804 lib.
816 5765 880 5815 ιι,
906 5764 957 5805 c.
988 5746 1185 5804 ἥξω.
1366 5814 1373 5815 γ
1400 5814 1407 5815 γ
1539 5813 1546 5815 λ
1633 5805 1636 5809 ,

348 5816 459 5889 (50)
496 5811 722 5885 Διδούς.
762 5811 1012 5875 Anastas.
1057 5817 1264 5873 Sinaita
1313 5814 1479 5882 addit,
1523 5813 1626 5878 ἕως
1663 5811 1827 5869 αὐτὸν

441 5929 710 5990 Pri-nox.
742 5928 859 5990 Gn.
895 5928 1011 5995 ΙΧι

1933 4600 2041 4649 tem
2066 4593 2212 4647 tulit.
2241 4592 2490 4646 Animam
2534 4604 2707 4644 meam
2756 4602 2855 4657 pro
2887 4598 2979 4641 tua
3006 4587 3262 4642 vicariam
3309 4586 3491 4642 dabo:

1934 4690 2023 4737 sta
2066 4683 2265 4746 modo,
2319 4690 2374 4738 et
2417 4680 2597 4736 crede.
2644 4680 2691 4733 A
2743 4678 2962 4734 Christo
3014 4680 3215 4735 missus
3276 4695 3416 4735 sum.
3465 4697 3487 4730 ι

1932 4774 2029 4832 ldis
2060 4776 2148 4831 ille
2179 4775 2398 4839 auditis,
2442 4774 2676 4845 primum
2725 4772 2942 4843 quidem
2978 4759 3142 4826 vultu
3185 4772 3241 4826 in
3290 4780 3490 4825 terram

1933 4868 2173 4925 demisso
2196 4867 2442 4925 substitit
2469 4884 2483 4920 :
2514 4864 2709 4921 deinde
2760 4863 3018 4935 proiectis
3059 4864 3248 4928 armis,
3292 4862 3490 4917 acerbe

1931 4958 2060 5016 ﬂere
2090 4958 2274 5030 cmpit.
2330 4956 2689 5013 Accedentem
2726 4971 2856 5010 vero
2906 4969 3091 5010 senem
3148 4954 3488 5023 complexus,

1931 5053 2132 5122 gemitu
2158 5065 2223 5105 ac
2244 5049 2517 5112 lamentis,
2553 5063 2716 5119 quam
2746 5047 2981 5101 maxime
3010 5052 3245 5115 poterat,
3277 5045 3487 5098 crimen

1932 5143 2191 5208 diluebat,
2215 5148 2270 5198 et
2297 5141 2554 5212 lacrymis
2577 5140 2724 5197 velut
2751 5139 2926 5194 altero
2949 5135 3184 5207 quodam
3218 5135 3490 5205 baptismo

1930 5233 2273 5305 expiabatur,
2305 5233 2474 5288 solam
2496 5230 2785 5288 dexteram
2834 5228 3138 5285 occultans.
3180 5224 3318 5281 Tum
3361 5239 3494 5296 apo-

2124 5536 2243 5608 μεθ’
2267 5537 2462 5592 ἑαυτοῦ
2487 5540 2546 5611 έν
2569 5539 2668 5611 τῇ,
2679 5530 2970 5611 Ἐκκλησία
3001 5535 3289 5611 συνήγαγε.
3321 5533 3400 5588 In.

2004 5605 2135 5678 t5!)
2152 5608 2590 5678 Παιιηέενειας-
2612 5605 2823 5678 "Scribe
2855 5605 3290 5678 imitri/Emtae-

2002 5671 2116 5745 (52)
2154 5671 2595 5745 ζΕλπὶξομένηξ.
2639 5676 2732 5733 Sic
2761 5671 3015 5736 Anastas.
3035 5671 3278 5740 'Sinaita’;
3303 5671 3498 5745 βλεπο-

1934 5744 2120 5817 μένης,
2152 5744 2355 5808 Euseb.
2379 5744 2545 5801 Ρειι..

3106 5917 3188 5978 21
