4016 6308
528 328 622 381 (ἷΐὶί

1684 328 1999 386 CLEMENS
2037 332 2583 392 ALEXANDRINUS.

3656 335 3772 390 65?.

530 443 703 496 stolus
735 443 1008 512 spondens
1043 442 1401 513 dejeransque
1436 445 1646 498 veniam
1690 461 1748 500 se
1788 447 1866 500 illi
1899 464 1930 501 a
1969 447 2087 501 Sal-

2192 452 2370 521 παντᾷ
2417 451 2773 521 δεξιούμενος,
2814 450 2925 519 φῶς
2967 448 3171 522 ὀρέγων
3204 449 3410 515 ἄσκιον,
3443 449 3768 505 ἄπαυστον·

527 543 715 588 vatore
749 542 965 588 nactum
997 549 1139 595 esse,
1173 550 1447 605 oransque
1474 551 1539 590 ac
1581 537 1633 590 iu
1667 552 1841 607 genua
1886 554 2083 608 provo-

529 625 694 687 lutus,
729 625 898 693 ipsam
939 624 1153 692 juvenis
1195 623 1494 688 dexteram,
1549 626 1694 680 velut
1740 627 1852 695 jam
1907 629 2084 697 ptcni-

527 716 694 768 tentia
736 715 1025 784 expiatam,
1082 715 1429 781 exosculans,
1478 717 1654 786 ipsum
1692 717 1746 770 in
1795 719 2081 774 ecclesiam

525 807 756 861 reduxit.
811 805 1016 860 Exinde
1049 807 1242 875 partim
1279 808 1485 874 crebris
1528 809 1868 865 orationibus
1911 809 2080 866 Deum

525 896 844 966 deprecans,
875 899 1071 965 partim
1097 899 1426 953 continuatis
1458 914 1563 952 una
1602 914 1726 952 cum
1758 899 1958 969 juvene
2002 901 2084 970 je-

520 988 692 1056 juniis
745 987 906 1042 simul
946 988 1254 1052 decertans,
1296 990 1569 1058 variisque
1616 989 1849 1060 denique
1877 1006 2084 1045 sermo-

525 1097 654 1133 num
680 1080 949 1135 illecebris
990 1083 1227 1134 animum
1266 1081 1385 1149 ejus
1429 1081 1762 1145 demulcens,
1795 1097 1905 1135 non
1934 1081 2085 1151 prius

525 1171 754 1235 destitit,
791 1180 848 1225 ut
876 1171 1048 1237 aiunt,
1087 1187 1249 1242 quam
1281 1172 1433 1226 illum
1465 1173 1620 1226 ﬁrma
1649 1173 1958 1229 constantia
1991 1172 2086 1230 Ec-

525 1265 707 1319 clesia:
736 1264 941 1333 gremio
977 1264 1345 1330 admovisset;
1387 1279 1582 1334 magno
1629 1280 1770 1318 vera:
1815 1266 2085 1335 pmniten-

524 1357 613 1410 tia:
651 1355 898 1426 exemplo
921 1355 1184 1416 exhibito,
1210 1355 1515 1425 grandique
1548 1356 1752 1410 iterata:
1775 1359 2083 1427 generatio-

525 1449 612 1502 nis
668 1446 1014 1510 documento,
1066 1452 1119 1500 et
1161 1444 1356 1501 futura:
1388 1449 1810 1505 resurrectionis
1842 1451 2085 1521 trophaeo

527 1540 767 1612 (quando
795 1542 850 1594 in
889 1539 1357 1595 consummatione
1385 1541 1568 1595 sazculi
1606 1543 1782 1613 angeli
1819 1559 1943 1598 vere
1971 1558 2086 1614 pce»

524 1632 758 1687 nitentes
795 1632 850 1684 in
883 1629 1292 1699 supercmlestia
1327 1629 1636 1685 habitacula
1677 1631 2082 1702 deportabunt),

525 1725 655 1780 hinc
701 1724 881 1795 angeli
912 1725 1030 1778 laete
1070 1725 1385 1793 gestientes,
1416 1722 1721 1789 laudantes,
1751 1724 1921 1780 caelos
1961 1739 2088 1794 ape-

525 1817 728 1871 rientes
771 1834 782 1868 :
831 1831 941 1885 prae
987 1816 1204 1870 cunctis
1257 1831 1386 1869 vero
1427 1815 1540 1884 ipse
1588 1813 1836 1871 Salvator
1873 1816 2086 1870 obviam

525 1909 704 1963 factus
732 1907 1125 1963 humanissime
1153 1908 1401 1978 suscipit,
1426 1908 1601 1963 lucem
1625 1908 1894 1978 praebens,
1923 1923 2086 1978 quam
2127 1970 2132 1978 ι

526 2003 688 2057 nullae
719 2008 775 2066 >14
806 2000 1073 2055 oﬂuscant
1105 2001 1358 2064 tenebrae,
1375 2015 1475 2055 nec
1497 2007 1744 2070 tempora
1769 2001 1878 2054 ulla
1899 1999 2086 2054 interi-

530 2103 683 2149 mant
716 2114 727 2148 :
752 2094 946 2149 ductor
975 2095 1091 2164 ipse
1121 2093 1176 2146 in
1209 2093 1386 2147 sinum
1416 2090 1616 2155 Patris,
1652 2092 1706 2145 in
1737 2093 1902 2147 vitam
1930 2098 2086 2145 aeter-

527 2205 679 2253 nam,
743 2187 798 2239 in
862 2201 1086 2257 regnum
1141 2183 1401 2238 cmlorum
1439 2183 1543 2238 iter
1581 2197 1796 2252 parans.
1829 2181 1934 2237 lsta
1965 2182 2088 2252 quis

522 2279 731 2343 credat,
775 2277 1042 2347 ﬁdemque
1104 2291 1228 2330 cum
1280 2275 1376 2330 Dei
1428 2274 1734 2342 discipulis,
1805 2283 1916 2328 tum
1979 2273 2089 2328 Deo

525 2371 777 2442 sponsori
799 2370 1025 2437 habeat;
1053 2366 1482 2438 prophetiarum,
1499 2362 1935 2432 Evangeliorum,
1963 2377 2092 2432 apo-

529 2465 796 2520 stolorum
862 2463 1047 2517 dictis.
1093 2459 1194 2526 Qui
1243 2459 1300 2512 in
1343 2457 1430 2512 his
1463 2456 1629 2511 vitam
1673 2454 1946 2519 instituat,
1997 2469 2095 2509 au-

527 2569 750 2625 remque
775 2553 1014 2623 praebeat
1035 2559 1197 2620 atque
1215 2564 1379 2619 opera
1402 2557 1675 2611 exerceat,
1706 2547 1809 2601 sub
1850 2547 1969 2617 ipso
1996 2562 2092 2602 ex-

2113 1502 2161 1560 B

2188 542 2394 612 ὁδηγῶν
2418 544 2495 605 εἰς
2517 543 2643 604 τοὺς
2675 540 2904 604 κόλπους
2934 540 3027 594 τοῦ
3057 541 3286 612 Πατρδς,
3314 543 3392 605 είς
3418 541 3513 611 τὴν
3543 543 3770 597 αἰώνιον

2189 631 2352 702 ζωὴν,
2380 633 2458 694 εἰς
2480 632 2577 702 τὴν
2619 630 2889 702 βασιλείαν
2913 630 3020 684 τῶν
3043 633 3303 701 οὐρανῶν.
3329 633 3637 687 Πιστευέτω
3667 635 3771 687 καὶ

2189 723 2360 776 ταῦτά
2382 741 2464 786 τις
2488 723 2583 776 καλ⁸
2608 721 2741 775 Θεοῦ
2777 721 3064 794 μαθηταῖς,
3086 722 3180 774 καὶ
3204 724 3440 793 ὲγγυητῇ
3469 721 3611 791 Θεῷ,
3639 740 3773 795 προ-

2191 813 2458 884 φητείαις,
2495 813 2866 882 Εὑαγγελίοις,
2907 812 3082 880 λόγοις
3127 813 3519 875 ἁποστολικοῖς·
3552 814 3771 874 τούτοις

2193 905 2366 970 συζῶν
2407 905 2501 958 καὶ
2532 904 2598 957 τὰ
2637 898 2751 958 ὧτα
2791 904 3023 974 ὑπέχων,
3049 905 3143 956 καὶ
3175 904 3243 956 τὰ
3274 903 3407 974 ἔργα
3433 904 3645 969 ἀσκῶν,
3675 906 3767 957 ἐπ’

2190 996 2359 1066 αὐτῆς
2397 996 2496 1065 τῆς
2525 995 2701 1060 ἐξόδου
2732 995 2791 1048 τὸ
2817 995 2965 1058 τέλος
2989 997 3081 1048 καὶ
3107 994 3202 1065 τὴν
3227 995 3481 1058 ἐπίδειξιν
3510 996 3620 1047 τῶν
3643 996 3771 1062 δογο

2195 1087 2378 1158 μάτων
2404 1087 2609 1157 ὄψεται.
2628 1087 2684 1139 Ὀ
2708 1086 2814 1157 γὰρ
2845 1085 3074 1138 ἐνταῦθα
3102 1085 3191 1138 τὸν
3218 1085 3442 1154 ἄγγελον
3464 1086 3567 1156 τῆς
3601 1104 3772 1156 μετα-

2191 1178 2358 1246 νοίας(
2363 1177 2642 1248 55)προσιέ
2651 1193 2806 1247 μενος
2818 1177 2876 1228 οὐ
2893 1177 3209 1246 μετανοήσει
3236 1176 3374 1234 τότε,
3391 1176 3554 1246 ἡνίκα
3578 1177 3647 1228 ἂν
3668 1195 3773 1231 κα-

2190 1270 2390 1342 ταλίπῃ
2414 1270 2475 1322 τὸ
2508 1269 2686 1340 σῶμα,
2720 1268 2836 1322 οὐδὲ
2863 1268 3379 1338 καταισχυνθήσεται
3408 1267 3497 1332 τὸν
3530 1267 3774 1338 Σωτῆρα

2193 1357 2479 1427 προσιόντα
2509 1357 2642 1426 μετὰ
2671 1357 2769 1427 τῆς
2803 1355 2964 1409 αὑτοῦ
2993 1355 3149 1426 δόξης
3180 1357 3273 1409 καὶ
3301 1358 3590 1428 στρατείας
3623 1358 3771 1410 ἱδωνο

2190 1449 2250 1500 οὐ
2277 1447 2410 1500 δέδιε
2445 1448 2504 1500 τὸ
2535 1447 2660 1519 πῦρ.
2700 1449 2764 1501 Εἰ
2796 1448 2851 1501 δέ
2884 1465 2964 1511 τις
3004 1449 3235 1518 αἱρεῖται
3281 1447 3460 1517 μένειν
3503 1449 3602 1500 καὶ
3645 1449 3773 1513 ἐξα.

2193 1538 2482 1610 μαρτάνειν
2515 1539 2769 1592 ἑκάστοτε
2799 1540 2887 1591 ὲπὶ
2919 1542 3038 1602 ταῖς
3062 1539 3294 1610 ἡδοναῖς,
3323 1539 3416 1590 καί
3445 1540 3545 1609 τὴν
3577 1539 3775 1592 ὲνταῦ-

2186 1631 2252 1683 θα
2285 1631 2491 1702 τρυφὴν
2534 1631 2630 1701 τῆς
2675 1630 2890 1683 αἰωνίου
2934 1630 3075 1700 ζωῆς
3120 1631 3376 1701 προτιμᾷ.
3406 1631 3501 1683 καὶ
3530 1630 3774 1694 διδόντας

2187 1719 2281 1772 τοῦ
2333 1721 2584 1794 Σωτῆρος
2627 1721 2817 1789 ἄφεσιν
2870 1721 3298 1790 ἀποστρέφεται⁸
3336 1723 3472 1792 μήτε
3511 1723 3605 1773 τὸν
3637 1722 3771 1776 Θεὸν

2191 1811 2290 1877 ἔτι,
2320 1813 2454 1883 μήτε
2476 1813 2563 1864 τὸν
2584 1811 2829 1876 πλοῦτον,
2864 1813 2997 1883 μήτε
3023 1813 3081 1865 τὸ
3114 1815 3441 1883 προσπεσεῖν
3474 1813 3768 1876 αἰτιάσθω,

2184 1904 2281 1975 τὴν
2312 1903 2368 1956 δὲ
2403 1904 2594 1956 ἑαυτοῦ
2627 1903 2801 1974 ψυχὴν
2843 1905 3107 1967 ἑκουσίως
3145 1903 3542 1975 ἀπολλυμένην.
3583 1904 3678 1974 Τῷ
3714 1905 3772 1956 δὲ

2193 1997 2532 2049 ὲπιὸλὲποντι
2582 1996 2678 2066 τὴν
2729 1995 2998 2066 σωτηρίαν
3045 1998 3137 2050 καί
3175 1997 3446 2060 ποθοῦντι,
3483 1998 3580 2050 καὶ
3633 1997 3773 2067 μετὰ

2191 2088 2463 2151 ἀναιδείας
2483 2087 2575 2141 καὶ
2629 2089 2748 2156 βίας
2799 2089 3035 2142 αἰτοῦντι
3066 2089 3342 2160 παρέξειν,
3376 2089 3474 2161 τὴν
3506 2087 3773 2160 ἀληθινὴν

2193 2182 2452 2252 κάθαρσιν
2473 2181 2566 2233 καὶ
2589 2180 2684 2252 τὴν
2714 2180 2980 2251 ἄτρεπτον
3015 2180 3156 2251 ζωὴν
3183 2181 3340 2234 δώσει
3366 2183 3393 2233 ὁ
3416 2180 3613 2252 Πατὴρ
3635 2182 3772 2250 ἀγα-

2191 2273 2280 2336 θὸς
2310 2276 2338 2325 ὁ
2367 2273 2423 2325 ἐν
2449 2275 2558 2336 τοῖς
2590 2273 2855 2344 οὐρανοῖςο
2892 2266 2935 2340 ᾧ
2962 2271 3050 2325 διὰ
3079 2271 3172 2324 τοῦ
3203 2272 3397 2334 Παιδὸς
3430 2272 3613 2341 Ἰησοῦ
3639 2273 3780 2341 Χρι-⁶

2190 2363 2336 2425 στοῦ,
2378 2362 2469 2416 τοῦ
2513 2362 2718 2434 Κυρίου
2758 2361 2974 2425 ζώντων
3019 2363 3116 2415 καὶ
3160 2363 3387 2432 νεκρῶν,
3418 2362 3512 2415 καὶ
3549 2363 3647 2416 διὰ
3675 2361 3769 2414 τοῦ

2189 2455 2342 2522 ἁγίου
2369 2453 2681 2524 Πνεύματος
2707 2455 2788 2524 εἴη
2821 2452 2964 2520 δόξα,
2995 2453 3147 2523 τιμὴ,
3182 2454 3403 2524 κράτος,
3424 2452 3652 2516 αἰώνιος
3675 2471 3770 2522 με-

2187 2542 2488 2613 γαλειότης,
2526 2544 2615 2596 καὶ
2659 2542 2752 2595 νῦν
2798 2543 2890 2596 καὶ
2936 2543 3040 2605 ἀεὶ,
3073 2541 3166 2594 καὶ
3206 2544 3284 2604 εἰς
3322 2540 3514 2609 γενεὰς
3538 2540 3767 2608 γενεῶν,

529 2662 688 2702 cessu
718 2646 1030 2717 dogmatum
1056 2643 1218 2698 linem
1244 2643 1527 2712 ipsamque
1561 2638 1858 2693 exhibitam
1888 2638 2087 2694 verita-

2190 2636 2284 2688 καὶ
2311 2637 2388 2698 εἰς
2409 2636 2534 2698 τοὺς
2565 2634 2767 2699 αἰῶνας
2792 2635 2899 2688 τῶν
2932 2633 3161 2688 αἰώνων.
3180 2635 3236 2687 ’Λ
3247 2636 3370 2705 μήν.

529 2756 638 2803 tem
669 2747 989 2817 conspiciet.
1019 2743 1122 2810 Qui
1148 2741 1291 2798 enim
1314 2739 1646 2810 poenitentiae
1671 2736 1919 2810 angelum
1950 2735 2111 2805 plane
2141 2733 2355 2803 recipit,
2399 2731 2542 2785 haud
2573 2746 2698 2785 eum
2730 2738 2860 2784 tunc
2898 2730 3006 2784 ulla
3049 2729 3330 2800 poenitudo
3370 2728 3611 2792 incedet,
3642 2743 3764 2783 cum

530 2860 730 2916 corpus
756 2841 1065 2914 reliquerit;
1090 2839 1210 2894 περ’
1230 2835 1617 2899 confundetur,
1648 2834 1776 2888 dum
1819 2830 2154 2885 Salvatorem
2186 2844 2309 2882 cum
2344 2828 2631 2898 majestate
2671 2844 2768 2884 sua
2805 2828 3155 2896 exercituque
3186 2827 3490 2880 venientem
3537 2826 3758 2886 viderit.

528 2937 722 2992 Nullus
784 2934 923 3005 ignis
966 2929 1263 2986 exterrebit
1301 2935 1510 2999 metus.
1567 2923 1667 2980 Sin
1707 2930 1890 2978 autem
1942 2918 2212 2990 quispiam
2265 2935 2330 2973 eo
2399 2919 2579 2972 animo
2646 2918 2716 2973 sit
2763 2927 2820 2972 ut
2851 2933 3073 2972 manere
3119 2933 3180 2972 ac
3219 2917 3461 2989 quotidie
3502 2916 3558 2969 in
3606 2918 3764 2970 volu~

530 3031 770 3103 ptatibus
803 3029 1054 3082 volutans
1085 3023 1431 3092 Edeliuquere
1487 3019 1639 3083 velit,
1694 3014 2087 3088 praesentisque
2144 3012 2266 3066 vita:
2301 3011 2523 3067 delicias
2567 3018 2768 3068 aeterna
2818 3011 2928 3065 vita
2961 3011 3203 3080 potiores
3251 3008 3436 3070 ducat,
3491 3016 3663 3103 atque
3732 3019 3760 3057 a

534 3097 813 3176 Salvatore
836 3119 1044 3173 veniam
1093 3115 1404 3184 indulgente
1435 3111 1632 3167 mentis
1678 3124 1844 3164 sensu
1878 3106 2202 3170 abhorreat;
2227 3105 2273 3160 is
2331 3119 2507 3173 neque
2535 3102 2727 3166 Deum,
2761 3119 2934 3172 neque
2963 3101 3201 3164 divitias,
3251 3115 3349 3155 nec
3409 3097 3556 3169 quod
3636 3106 3762 3155 ante

531 3215 718 3286 lapsus
751 3213 820 3268 sit
850 3212 905 3266 in
940 3210 1144 3266 crimen
1214 3213 1392 3269 vocet,
1445 3205 1539 3261 sed
1585 3217 1738 3259 suam
1791 3200 1964 3270 ipsius
2037 3200 2272 3253 animam
2327 3212 2448 3266 quae
2486 3197 2603 3266 ipsa
2670 3203 2861 3266 sponte
2895 3197 3146 3249 intereat.
3191 3193 3250 3247 Ei
3295 3209 3426 3247 vero
3477 3193 3566 3248 cui
3623 3207 3758 3247 cura

531 3281 726 3363 salutis
757 3312 842 3360 est
873 3318 936 3358 ac
963 3298 1512 3372 inspectio,’eamque
1534 3293 1829 3355 desiderat,
1867 3306 1930 3344 ac
1953 3305 2090 3360 pene
2128 3287 2364 3344 etllictim
2396 3288 2616 3358 vimque
2642 3287 2756 3356 ipse
2797 3286 3061 3341 adhibens
3089 3284 3330 3354 praebere
3382 3293 3557 3352 rogat,
3602 3281 3764 3372 Pater

532 3399 622 3454 ille
657 3398 830 3452 bonus
847 3395 938 3468 qui
973 3369 1131 3450 est—in
1166 3391 1343 3453 cmlis,
1362 3402 1546 3443 veram
1569 3383 2006 3441 emundationem
2037 3380 2312 3450 vitamque
2336 3380 2546 3434 tribuet
2569 3379 2702 3433 nulli
2737 3377 3026 3431 mutationi
3051 3375 3372 3438 obnoxiam;
3401 3373 3491 3428 cui
3521 3386 3648 3426 cum
3678 3369 3766 3424 Fi-

534 3493 609 3548 lio
639 3491 768 3548 .lesu
799 3490 1038 3554 Christo,
1102 3485 1194 3556 qui
1259 3483 1506 3537 vivorum
1561 3486 1616 3535 et
1681 3486 2018 3534 mortuorum
2048 3473 2311 3531 Dominus
2333 3481 2438 3537 est,
2478 3489 2580 3544 per
2609 3470 2870 3543 Spiritum
2902 3477 3170 3533 sanctum,
3224 3468 3295 3523 sit
3331 3468 3528 3540 gloria,
3563 3468 3761 3530 honor,

527 3592 796 3656 potestas,
843 3590 1043 3637 aeterna
1077 3575 1354 3646 majestas,
1419 3586 1565 3626 nunc
1634 3559 1688 3625 et
1726 3581 1958 3638 semper,
2017 3575 2070 3619 et
2118 3565 2174 3618 in
2214 3564 2592 3634 generationes
2650 3560 3079 3632 generationum,
3139 3558 3302 3628 inque
3348 3557 3548 3613 saecula
3593 3573 3763 3612 saecu.

532 3678 734 3735 lorum.
768 3673 958 3729 Amen.

608 3802 667 3860 »ῃ
704 3795 763 3848 p.
797 3740 896 3864 9&1
934 3788 1042 3843 ED.
1076 3781 1370 3840 eorum.

608 3913 719 3983 (5'5)
758 3875 1047 3980 Respicere
1073 3905 1288 3958 videtur
1315 3895 1645 3970 poenitentia:
1671 3892 1941 3964 angelum,
1970 3887 2036 3944 de
2059 3902 2166 3958 quo
2189 3885 2442 3954 frequens
2467 3883 2705 3977 occurrit
2735 3881 2938 3936 mentio
2963 3881 3017 3934 in
3041 3878 3309 3935 Ilermetis
3330 3879 3554 3932 Paslone
3597 3877 3759 3934 ιιέιι..

1107 4085 1416 4258 ΕΚ
1488 4072 1935 4249 ΤΩΝ
1997 4063 3187 4245 ΘΕΟΔΟΤΟΥ

1994 4295 2114 4349 ΚΑΙ
2154 4294 2288 4346 ΤΗΣ

974 4429 1683 4527 ΑΝΑΤΟΛΙΚΗΣ
1756 4418 2524 4510 ΚΑΛΟΥΜΕΝΗΣ
2605 4413 3324 4503 ΔΙΔΑΣΚΑΛΙΑΣ

1454 4595 1550 4645 ΚΑ
1562 4593 1643 4645 ΤΑ
1699 4590 1782 4642 T0
1793 4588 1881 4639 ΥΣ
1935 4586 1977 4637 0
1989 4583 2394 4636 ΥΑΛΕΝἨΝΟ
2407 4583 2452 4633 Υ
2491 4581 2729 4633 ΧΡΟΝΟ
2741 4579 2828 4631 ΥΣ

1564 4729 2720 4870 ΕΠΙΤΟΜΑΙ.

1741 4927 2572 5147 ΕΧριξΡιΡΤΑ

773 5236 888 5298 EX
930 5231 1283 5296 SCRIPTIS
1322 5223 1737 5292 THEODOTI
1774 5220 1877 5281 ET
1924 5213 2335 5278 DOCTRINA
2376 5207 2557 5282 QUIE
2601 5202 3085 5267 ORIENTALIS
3119 5200 3498 5265 VOCATUR

1519 5367 1599 5408 AD
1638 5357 1976 5406 νΑιεΝτιΝι
2015 5352 2318 5396 TEMPOBA
2363 5346 2746 5392 SPECTA‘NTIA

561 3986 3750 4054 Ν

1685 5473 1961 5531 lnterprete
1995 5463 2212 5513 Roberto
2246 5460 2432 5510 Panis:
2464 5457 2526 5507 Α.
2556 5454 2616 5505 Μ.

601 5670 902 5737 δετμιθηίες
933 5684 996 5724 ex
1028 5666 1308 5722 Theodoto
1337 5666 1555 5736 ὲκλογαί
1595 5665 1792 5735 stylum
1819 5663 2047 5737 quidem
2069 5671 2122 5717 et
2147 5661 2368 5737 phrasin
2402 5657 2695 5737 Clementis
2732 5655 2923 5737 majori
2959 5670 3023 5709 ex
3049 5650 3548 5737 partehprteferunt,
3585 5648 3770 5737 in‘do-

572 5720 728 5794 milii;
752 5720 1874 5808 tant—envnonﬂusquequaqueconsonant}
1914 5743 1971 5808 ut
2005 5734 2049 5787 si
2101 5752 2128 5787 a
2149 5720 2452 5808 'Cleiuente
2487 5733 2927 5808 suntuexrerpta,
2955 5720 3063 5778 non
3098 5725 3164 5777 de
3195 5720 3532 5808 ςξίιξιιιςμιῑὶε.Δ

572 5754 728 5794 matis
752 5754 931 5795 tamen
969 5756 1074 5793 non
1109 5754 1500 5808 usquequaque
1531 5754 1874 5793 COIISOllalll:
1914 5754 1971 5786 ιιι
2005 5754 2049 5787 SI
2101 5754 2128 5787 a
2177 5754 2452 5786 metuente
2487 5754 2921 5808 hlllll.c.\ltlpl«il.
2955 5754 3059 5778 llUll
3098 5754 3164 5777 uc
3195 5754 3510 5804 \‘ucmruua.
3557 5754 3652 5776 acu
3695 5754 3764 5774 uc

530 5754 790 5864 glieodou
806 5812 1074 5875 sententia
1100 5811 1358 5878 pleraque
1392 5811 1560 5866 relata
1580 5810 1883 5868 videantur.
1910 5804 2025 5870 Qua
2047 5809 2113 5860 de
2136 5821 2193 5860 re
2226 5799 2737 5871 intelligentionbus
2756 5798 3025 5852 calculum
3047 5803 3318 5864 peruntto.
3341 5792 3609 5848 l'lervetus
3628 5805 3764 5846 sane
