  <div class='ocr_page' id='page_1' title='image "/cluster/home/n/w/nwhite01/storage/ocr_20150623/9/hvd.32044073501322/333.png"; bbox 0 0 4016 6308; ppageno 0'>
   <div class='ocr_carea' id='block_1_1' title="bbox 493 308 599 364">
    <p class='ocr_par' dir='ltr' id='par_1_1' title="bbox 493 308 599 364">
     <span class='ocr_line' id='line_1_1' title="bbox 493 308 599 364; baseline 0.009 -1"><span class='ocrx_word' id='word_1_1' title='bbox 493 308 599 364; x_wconf 64' lang='grc' dir='ltr'>σεδ</span> 
     </span>
    </p>
   </div>
   <div class='ocr_carea' id='block_1_2' title="bbox 1630 293 2529 374">
    <p class='ocr_par' dir='ltr' id='par_1_2' title="bbox 1630 293 2529 374">
     <span class='ocr_line' id='line_1_2' title="bbox 1630 293 2529 374; baseline -0.002 -20"><span class='ocrx_word' id='word_1_2' title='bbox 1630 295 1946 354; x_wconf 62' lang='lat' dir='ltr'><strong>cuneus</strong></span> <span class='ocrx_word' id='word_1_3' title='bbox 1985 293 2529 374; x_wconf 76' lang='lat' dir='ltr'><strong>ALEXANDl&#39;thUS.</strong></span> 
     </span>
    </p>
   </div>
   <div class='ocr_carea' id='block_1_3' title="bbox 3625 298 3744 352">
    <p class='ocr_par' dir='ltr' id='par_1_3' title="bbox 3625 298 3744 352">
     <span class='ocr_line' id='line_1_3' title="bbox 3625 298 3744 352; baseline -0.008 0"><span class='ocrx_word' id='word_1_4' title='bbox 3625 298 3744 352; x_wconf 80' lang='lat'><strong>656</strong></span> 
     </span>
    </p>
   </div>
   <div class='ocr_carea' id='block_1_4' title="bbox 495 414 2053 491">
    <p class='ocr_par' dir='ltr' id='par_1_4' title="bbox 495 415 2052 491">
     <span class='ocr_line' id='line_1_4' title="bbox 495 415 2052 491; baseline -0.004 -15"><span class='ocrx_word' id='word_1_5' title='bbox 495 441 671 479; x_wconf 80' lang='lat' dir='ltr'><strong>mones</strong></span> <span class='ocrx_word' id='word_1_6' title='bbox 740 422 971 478; x_wconf 74' lang='lat' dir='ltr'><strong>Domini.</strong></span> <span class='ocrx_word' id='word_1_7' title='bbox 1019 421 1170 476; x_wconf 82' lang='lat' dir='ltr'><strong>Hanc</strong></span> <span class='ocrx_word' id='word_1_8' title='bbox 1219 420 1290 474; x_wconf 94' lang='lat' dir='ltr'><strong>ob</strong></span> <span class='ocrx_word' id='word_1_9' title='bbox 1338 433 1558 473; x_wconf 82' lang='lat' dir='ltr'><strong>causam</strong></span> <span class='ocrx_word' id='word_1_10' title='bbox 1623 419 1829 491; x_wconf 91' lang='lat' dir='ltr'><strong>inquit,</strong></span> <span class='ocrx_word' id='word_1_11' title='bbox 1869 415 2052 486; x_wconf 83' lang='lat' dir='ltr'><strong>Splen-</strong></span> 
     </span>
    </p>
   </div>
   <div class='ocr_carea' id='block_1_5' title="bbox 2157 414 3736 491">
    <p class='ocr_par' dir='ltr' id='par_1_5' title="bbox 2157 414 3736 488">
     <span class='ocr_line' id='line_1_5' title="bbox 2157 414 3736 488; baseline 0.001 -18"><span class='ocrx_word' id='word_1_12' title='bbox 2157 415 2261 470; x_wconf 83' lang='grc' dir='ltr'><strong>τοῦ</strong></span> <span class='ocrx_word' id='word_1_13' title='bbox 2293 416 2534 484; x_wconf 80' lang='grc' dir='ltr'>Κυρίου.</span> <span class='ocrx_word' id='word_1_14' title='bbox 2571 414 2668 470; x_wconf 84' lang='grc' dir='ltr'>Διά</span> <span class='ocrx_word' id='word_1_15' title='bbox 2699 414 2860 469; x_wconf 83' lang='grc' dir='ltr'>τοῦτο</span> <span class='ocrx_word' id='word_1_16' title='bbox 2896 415 3116 486; x_wconf 73' lang='grc' dir='ltr'>εἴρηκε·</span> <span class='ocrx_word' id='word_1_17' title='bbox 3151 415 3453 485; x_wconf 69' lang='grc' dir='ltr'>Λαμψάτω</span> <span class='ocrx_word' id='word_1_18' title='bbox 3481 418 3550 472; x_wconf 77' lang='grc' dir='ltr'>τὸ</span> <span class='ocrx_word' id='word_1_19' title='bbox 3597 417 3736 488; x_wconf 72' lang='grc' dir='ltr'>φῶς</span> 
     </span>
    </p>
   </div>
   <div class='ocr_carea' id='block_1_6' title="bbox 495 507 2056 580">
    <p class='ocr_par' dir='ltr' id='par_1_6' title="bbox 495 507 2056 580">
     <span class='ocr_line' id='line_1_6' title="bbox 495 507 2056 580; baseline -0.004 -12"><span class='ocrx_word' id='word_1_20' title='bbox 495 516 614 570; x_wconf 84' lang='lat' dir='ltr'><strong>deat</strong></span> <span class='ocrx_word' id='word_1_21' title='bbox 644 517 738 570; x_wconf 75' lang='lat' dir='ltr'><strong>tua:</strong></span> <span class='ocrx_word' id='word_1_22' title='bbox 766 524 934 570; x_wconf 81' lang='lat' dir='ltr'><strong>vestra</strong></span> <span class='ocrx_word' id='word_1_23' title='bbox 975 528 1154 568; x_wconf 85' lang='lat' dir='ltr'><strong>caram</strong></span> <span class='ocrx_word' id='word_1_24' title='bbox 1207 509 1502 564; x_wconf 81' lang='lat' dir='ltr'><strong>hominibus</strong></span> <span class='ocrx_word' id='word_1_25' title='bbox 1525 521 1574 565; x_wconf 75' lang='grc' dir='ltr'>ι.</span> <span class='ocrx_word' id='word_1_26' title='bbox 1612 507 1676 564; x_wconf 82' lang='grc' dir='ltr'>Ει</span> <span class='ocrx_word' id='word_1_27' title='bbox 1720 518 1843 580; x_wconf 82' lang='lat' dir='ltr'><strong>post</strong></span> <span class='ocrx_word' id='word_1_28' title='bbox 1873 525 2056 564; x_wconf 90' lang='lat' dir='ltr'><strong>resur-</strong></span> 
     </span>
    </p>
   </div>
   <div class='ocr_carea' id='block_1_7' title="bbox 496 600 2054 672">
    <p class='ocr_par' dir='ltr' id='par_1_7' title="bbox 496 600 2054 672">
     <span class='ocr_line' id='line_1_7' title="bbox 496 600 2054 672; baseline -0.004 -11"><span class='ocrx_word' id='word_1_29' title='bbox 496 609 794 662; x_wconf 82' lang='lat' dir='ltr'><strong>rectionem</strong></span> <span class='ocrx_word' id='word_1_30' title='bbox 849 621 1002 660; x_wconf 84' lang='lat' dir='ltr'><strong>suam</strong></span> <span class='ocrx_word' id='word_1_31' title='bbox 1045 603 1304 672; x_wconf 75' lang='lat' dir='ltr'><strong>apostolis</strong></span> <span class='ocrx_word' id='word_1_32' title='bbox 1339 601 1595 671; x_wconf 83' lang='lat' dir='ltr'><strong>Spiritum</strong></span> <span class='ocrx_word' id='word_1_33' title='bbox 1629 601 1970 655; x_wconf 87' lang='lat' dir='ltr'><strong>immittendo</strong></span> <span class='ocrx_word' id='word_1_34' title='bbox 1995 600 2054 663; x_wconf 74' lang='grc' dir='ltr'>δ,</span> 
     </span>
    </p>
   </div>
   <div class='ocr_carea' id='block_1_8' title="bbox 496 691 2056 771">
    <p class='ocr_par' dir='ltr' id='par_1_8' title="bbox 496 691 2056 771">
     <span class='ocr_line' id='line_1_8' title="bbox 496 691 2056 771; baseline -0.004 -19"><span class='ocrx_word' id='word_1_35' title='bbox 496 700 772 771; x_wconf 85' lang='lat' dir='ltr'><strong>pulverem</strong></span> <span class='ocrx_word' id='word_1_36' title='bbox 801 695 1014 768; x_wconf 89' lang='lat' dir='ltr'><strong>quidem</strong></span> <span class='ocrx_word' id='word_1_37' title='bbox 1051 693 1212 748; x_wconf 87' lang='lat' dir='ltr'><strong>sicuti</strong></span> <span class='ocrx_word' id='word_1_38' title='bbox 1236 691 1418 746; x_wconf 79' lang='lat' dir='ltr'><strong>favilla</strong></span> <span class='ocrx_word' id='word_1_39' title='bbox 1449 699 1615 756; x_wconf 86' lang='lat' dir='ltr'><strong>esset,</strong></span> <span class='ocrx_word' id='word_1_40' title='bbox 1649 693 1958 746; x_wconf 84' lang='lat' dir='ltr'><strong>eventilavit</strong></span> <span class='ocrx_word' id='word_1_41' title='bbox 1995 706 2056 747; x_wconf 83' lang='lat' dir='ltr'><strong>ac</strong></span> 
     </span>
    </p>
   </div>
   <div class='ocr_carea' id='block_1_9' title="bbox 497 783 2056 860">
    <p class='ocr_par' dir='ltr' id='par_1_9' title="bbox 497 783 2056 860">
     <span class='ocr_line' id='line_1_9' title="bbox 497 783 2056 860; baseline -0.005 -16"><span class='ocrx_word' id='word_1_42' title='bbox 497 790 790 860; x_wconf 90' lang='lat' dir='ltr'><strong>separavit;</strong></span> <span class='ocrx_word' id='word_1_43' title='bbox 820 787 1153 844; x_wconf 84' lang='lat' dir='ltr'><strong>accendebat</strong></span> <span class='ocrx_word' id='word_1_44' title='bbox 1189 791 1367 840; x_wconf 85' lang='lat' dir='ltr'><strong>autem</strong></span> <span class='ocrx_word' id='word_1_45' title='bbox 1396 784 1688 840; x_wconf 86' lang='lat' dir='ltr'><strong>scintillam</strong></span> <span class='ocrx_word' id='word_1_46' title='bbox 1721 797 1785 838; x_wconf 88' lang='lat' dir='ltr'><strong>ac</strong></span> <span class='ocrx_word' id='word_1_47' title='bbox 1817 783 2056 838; x_wconf 78' lang='lat' dir='ltr'><strong>viviﬁca-</strong></span> 
     </span>
    </p>
   </div>
   <div class='ocr_carea' id='block_1_10' title="bbox 495 882 592 934">
    <p class='ocr_par' dir='ltr' id='par_1_10' title="bbox 495 882 592 934">
     <span class='ocr_line' id='line_1_10' title="bbox 495 882 592 934; baseline 0 0"><span class='ocrx_word' id='word_1_48' title='bbox 495 882 592 934; x_wconf 83' lang='lat' dir='ltr'><strong>vit.</strong></span> 
     </span>
    </p>
   </div>
   <div class='ocr_carea' id='block_1_11' title="bbox 563 965 2058 1040">
    <p class='ocr_par' dir='ltr' id='par_1_11' title="bbox 563 965 2058 1040">
     <span class='ocr_line' id='line_1_11' title="bbox 563 965 2058 1040; baseline -0.005 -14"><span class='ocrx_word' id='word_1_49' title='bbox 563 970 651 1027; x_wconf 82' lang='lat' dir='ltr'><strong>IV.</strong></span> <span class='ocrx_word' id='word_1_50' title='bbox 681 971 964 1035; x_wconf 87' lang='lat' dir='ltr'><strong>Dominus,</strong></span> <span class='ocrx_word' id='word_1_51' title='bbox 991 971 1189 1040; x_wconf 84' lang='lat' dir='ltr'><strong>quippe</strong></span> <span class='ocrx_word' id='word_1_52' title='bbox 1238 968 1473 1022; x_wconf 84' lang='lat' dir='ltr'><strong>maxima</strong></span> <span class='ocrx_word' id='word_1_53' title='bbox 1505 966 1812 1021; x_wconf 88' lang='lat' dir='ltr'><strong>humilitate</strong></span> <span class='ocrx_word' id='word_1_54' title='bbox 1862 965 2058 1034; x_wconf 71' lang='lat' dir='ltr'><strong>prazdi-</strong></span> 
     </span>
    </p>
   </div>
   <div class='ocr_carea' id='block_1_12' title="bbox 494 1055 2054 1126">
    <p class='ocr_par' dir='ltr' id='par_1_12' title="bbox 494 1055 2054 1126">
     <span class='ocr_line' id='line_1_12' title="bbox 494 1055 2054 1126; baseline -0.003 -14"><span class='ocrx_word' id='word_1_55' title='bbox 494 1065 606 1119; x_wconf 86' lang='lat' dir='ltr'><strong>tus,</strong></span> <span class='ocrx_word' id='word_1_56' title='bbox 631 1073 736 1111; x_wconf 92' lang='lat' dir='ltr'><strong>non</strong></span> <span class='ocrx_word' id='word_1_57' title='bbox 779 1066 836 1110; x_wconf 91' lang='lat' dir='ltr'><strong>ut</strong></span> <span class='ocrx_word' id='word_1_58' title='bbox 870 1058 1143 1126; x_wconf 84' lang='lat' dir='ltr'><strong>angelum,</strong></span> <span class='ocrx_word' id='word_1_59' title='bbox 1165 1060 1256 1116; x_wconf 91' lang='lat' dir='ltr'><strong>sed</strong></span> <span class='ocrx_word' id='word_1_60' title='bbox 1275 1069 1332 1114; x_wconf 88' lang='lat' dir='ltr'><strong>ut</strong></span> <span class='ocrx_word' id='word_1_61' title='bbox 1347 1057 1618 1112; x_wconf 86' lang='lat' dir='ltr'><strong>hominem</strong></span> <span class='ocrx_word' id='word_1_62' title='bbox 1633 1071 1693 1112; x_wconf 90' lang='lat' dir='ltr'><strong>se</strong></span> <span class='ocrx_word' id='word_1_63' title='bbox 1709 1055 2054 1124; x_wconf 89' lang='lat' dir='ltr'><strong>conspicien-</strong></span> 
     </span>
    </p>
   </div>
   <div class='ocr_carea' id='block_1_13' title="bbox 493 1146 2057 1218">
    <p class='ocr_par' dir='ltr' id='par_1_13' title="bbox 493 1146 2057 1218">
     <span class='ocr_line' id='line_1_13' title="bbox 493 1146 2057 1218; baseline -0.001 -15"><span class='ocrx_word' id='word_1_64' title='bbox 493 1151 622 1204; x_wconf 90' lang='lat' dir='ltr'><strong>dum</strong></span> <span class='ocrx_word' id='word_1_65' title='bbox 659 1146 904 1218; x_wconf 73' lang='lat' dir='ltr'><strong>praebuit.</strong></span> <span class='ocrx_word' id='word_1_66' title='bbox 949 1148 1014 1202; x_wconf 83' lang='lat' dir='ltr'><strong>Et</strong></span> <span class='ocrx_word' id='word_1_67' title='bbox 1043 1163 1168 1202; x_wconf 93' lang='lat' dir='ltr'><strong>cum</strong></span> <span class='ocrx_word' id='word_1_68' title='bbox 1220 1150 1277 1202; x_wconf 88' lang='lat' dir='ltr'><strong>in</strong></span> <span class='ocrx_word' id='word_1_69' title='bbox 1321 1156 1503 1203; x_wconf 90' lang='lat' dir='ltr'><strong>monte</strong></span> <span class='ocrx_word' id='word_1_70' title='bbox 1531 1148 1598 1202; x_wconf 88' lang='lat' dir='ltr'><strong>ab</strong></span> <span class='ocrx_word' id='word_1_71' title='bbox 1651 1147 1913 1217; x_wconf 81' lang='lat' dir='ltr'><strong>apostolis</strong></span> <span class='ocrx_word' id='word_1_72' title='bbox 1941 1147 2057 1201; x_wconf 88' lang='lat' dir='ltr'><strong>suis</strong></span> 
     </span>
    </p>
   </div>
   <div class='ocr_carea' id='block_1_14' title="bbox 495 1240 2057 1311">
    <p class='ocr_par' dir='ltr' id='par_1_14' title="bbox 495 1240 2057 1311">
     <span class='ocr_line' id='line_1_14' title="bbox 495 1240 2057 1311; baseline -0.002 -19"><span class='ocrx_word' id='word_1_73' title='bbox 495 1240 666 1311; x_wconf 76' lang='lat' dir='ltr'><strong>gloria</strong></span> <span class='ocrx_word' id='word_1_74' title='bbox 693 1250 745 1294; x_wconf 89' lang='lat' dir='ltr'><strong>et</strong></span> <span class='ocrx_word' id='word_1_75' title='bbox 777 1241 1059 1308; x_wconf 87' lang='lat' dir='ltr'><strong>majestate</strong></span> <span class='ocrx_word' id='word_1_76' title='bbox 1083 1240 1231 1293; x_wconf 91' lang='lat' dir='ltr'><strong>visus</strong></span> <span class='ocrx_word' id='word_1_77' title='bbox 1254 1246 1338 1293; x_wconf 91' lang='lat' dir='ltr'><strong>est</strong></span> <span class='ocrx_word' id='word_1_78' title='bbox 1361 1248 1383 1276; x_wconf 75' lang='grc' dir='ltr'><strong><em>ο</em></strong></span> <span class='ocrx_word' id='word_1_79' title='bbox 1416 1277 1430 1301; x_wconf 91' lang='grc'><strong>,</strong></span> <span class='ocrx_word' id='word_1_80' title='bbox 1466 1253 1576 1290; x_wconf 92' lang='lat' dir='ltr'><strong>non</strong></span> <span class='ocrx_word' id='word_1_81' title='bbox 1607 1246 1828 1307; x_wconf 86' lang='lat' dir='ltr'><strong>propter</strong></span> <span class='ocrx_word' id='word_1_82' title='bbox 1861 1247 2057 1292; x_wconf 85' lang='lat' dir='ltr'><strong>semet-</strong></span> 
     </span>
    </p>
   </div>
   <div class='ocr_carea' id='block_1_15' title="bbox 494 1323 2054 1402">
    <p class='ocr_par' dir='ltr' id='par_1_15' title="bbox 494 1323 2054 1402">
     <span class='ocr_line' id='line_1_15' title="bbox 494 1323 2054 1402; baseline -0.006 -16"><span class='ocrx_word' id='word_1_83' title='bbox 494 1333 672 1402; x_wconf 89' lang='lat' dir='ltr'><strong>ipsum</strong></span> <span class='ocrx_word' id='word_1_84' title='bbox 702 1331 804 1384; x_wconf 90' lang='lat' dir='ltr'><strong>hoc</strong></span> <span class='ocrx_word' id='word_1_85' title='bbox 844 1329 991 1396; x_wconf 84' lang='lat' dir='ltr'><strong>fecit,</strong></span> <span class='ocrx_word' id='word_1_86' title='bbox 1028 1331 1104 1382; x_wconf 92' lang='lat' dir='ltr'><strong>uti</strong></span> <span class='ocrx_word' id='word_1_87' title='bbox 1131 1327 1384 1382; x_wconf 86' lang='lat' dir='ltr'><strong>nimirum</strong></span> <span class='ocrx_word' id='word_1_88' title='bbox 1418 1334 1586 1380; x_wconf 89' lang='lat' dir='ltr'><strong>semet</strong></span> <span class='ocrx_word' id='word_1_89' title='bbox 1612 1333 1935 1387; x_wconf 90' lang='lat' dir='ltr'><strong>ostentaret,</strong></span> <span class='ocrx_word' id='word_1_90' title='bbox 1961 1323 2054 1378; x_wconf 89' lang='lat' dir='ltr'><strong>sed</strong></span> 
     </span>
    </p>
   </div>
   <div class='ocr_carea' id='block_1_16' title="bbox 493 1415 2058 1492">
    <p class='ocr_par' dir='ltr' id='par_1_16' title="bbox 493 1415 2058 1492">
     <span class='ocr_line' id='line_1_16' title="bbox 493 1415 2058 1492; baseline -0.008 -12"><span class='ocrx_word' id='word_1_91' title='bbox 493 1425 751 1480; x_wconf 62' lang='lat' dir='ltr'><strong>Ecclesiae</strong></span> <span class='ocrx_word' id='word_1_92' title='bbox 783 1437 894 1478; x_wconf 66' lang='lat' dir='ltr'><strong>suae</strong></span> <span class='ocrx_word' id='word_1_93' title='bbox 941 1420 1135 1492; x_wconf 78' lang='lat' dir='ltr'><strong>gratia,</strong></span> <span class='ocrx_word' id='word_1_94' title='bbox 1171 1434 1291 1490; x_wconf 63' lang='lat' dir='ltr'><strong>quae</strong></span> <span class='ocrx_word' id='word_1_95' title='bbox 1335 1435 1494 1488; x_wconf 83' lang='lat' dir='ltr'><strong>genus</strong></span> <span class='ocrx_word' id='word_1_96' title='bbox 1541 1418 1762 1472; x_wconf 80' lang='lat' dir='ltr'><strong>electum</strong></span> <span class='ocrx_word' id='word_1_97' title='bbox 1813 1425 1888 1471; x_wconf 84' lang='lat' dir='ltr'><strong>est</strong></span> <span class='ocrx_word' id='word_1_98' title='bbox 1913 1415 1962 1479; x_wconf 73' lang='grc' dir='ltr'>ά,</span> <span class='ocrx_word' id='word_1_99' title='bbox 1998 1423 2058 1469; x_wconf 83' lang='grc' dir='ltr'><strong>ιιι</strong></span> 
     </span>
    </p>
   </div>
   <div class='ocr_carea' id='block_1_17' title="bbox 494 1505 2058 1584">
    <p class='ocr_par' dir='ltr' id='par_1_17' title="bbox 494 1505 2058 1584">
     <span class='ocr_line' id='line_1_17' title="bbox 494 1505 2058 1584; baseline -0.007 -12"><span class='ocrx_word' id='word_1_100' title='bbox 494 1517 727 1572; x_wconf 87' lang='lat' dir='ltr'><strong>disceret</strong></span> <span class='ocrx_word' id='word_1_101' title='bbox 758 1512 1058 1584; x_wconf 81' lang='lat' dir='ltr'><strong>profectum</strong></span> <span class='ocrx_word' id='word_1_102' title='bbox 1106 1511 1226 1580; x_wconf 87' lang='lat' dir='ltr'><strong>ejus</strong></span> <span class='ocrx_word' id='word_1_103' title='bbox 1260 1517 1381 1579; x_wconf 91' lang='lat' dir='ltr'><strong>post</strong></span> <span class='ocrx_word' id='word_1_104' title='bbox 1412 1508 1616 1564; x_wconf 81' lang='lat' dir='ltr'><strong>exitum</strong></span> <span class='ocrx_word' id='word_1_105' title='bbox 1665 1523 1695 1563; x_wconf 91' lang='lat' dir='ltr'><strong>e</strong></span> <span class='ocrx_word' id='word_1_106' title='bbox 1723 1522 1907 1562; x_wconf 90' lang='lat' dir='ltr'><strong>carne.</strong></span> <span class='ocrx_word' id='word_1_107' title='bbox 1938 1505 2058 1576; x_wconf 85' lang='lat' dir='ltr'><strong>Ipse</strong></span> 
     </span>
    </p>
   </div>
   <div class='ocr_carea' id='block_1_18' title="bbox 2156 505 3735 580">
    <p class='ocr_par' dir='ltr' id='par_1_18' title="bbox 2156 505 3735 580">
     <span class='ocr_line' id='line_1_18' title="bbox 2156 505 3735 580; baseline -0.001 -18"><span class='ocrx_word' id='word_1_108' title='bbox 2156 505 2323 577; x_wconf 77' lang='grc' dir='ltr'><strong>ὑμῶν</strong></span> <span class='ocrx_word' id='word_1_109' title='bbox 2350 506 2690 578; x_wconf 78' lang='grc' dir='ltr'>ἔμπροσθεν</span> <span class='ocrx_word' id='word_1_110' title='bbox 2741 505 2858 560; x_wconf 85' lang='grc' dir='ltr'><strong>τῶν</strong></span> <span class='ocrx_word' id='word_1_111' title='bbox 2907 505 3248 576; x_wconf 71' lang='grc' dir='ltr'>ἀνθρώπων.</span> <span class='ocrx_word' id='word_1_112' title='bbox 3296 508 3408 561; x_wconf 70' lang='grc' dir='ltr'><strong>Καὶ</strong></span> <span class='ocrx_word' id='word_1_113' title='bbox 3444 510 3582 578; x_wconf 85' lang='grc' dir='ltr'><strong>μετά</strong></span> <span class='ocrx_word' id='word_1_114' title='bbox 3627 510 3735 580; x_wconf 70' lang='grc' dir='ltr'><strong>τὴν</strong></span> 
     </span>
    </p>
   </div>
   <div class='ocr_carea' id='block_1_19' title="bbox 2157 597 3735 667">
    <p class='ocr_par' dir='ltr' id='par_1_19' title="bbox 2157 597 3735 667">
     <span class='ocr_line' id='line_1_19' title="bbox 2157 597 3735 667; baseline 0.001 -15"><span class='ocrx_word' id='word_1_115' title='bbox 2157 598 2469 662; x_wconf 82' lang='grc' dir='ltr'><strong>ἀνάστασιν,</strong></span> <span class='ocrx_word' id='word_1_116' title='bbox 2499 597 2758 667; x_wconf 83' lang='grc' dir='ltr'>ἐμφυσῶν</span> <span class='ocrx_word' id='word_1_117' title='bbox 2787 598 2846 651; x_wconf 79' lang='grc' dir='ltr'>τὸ</span> <span class='ocrx_word' id='word_1_118' title='bbox 2875 597 3097 666; x_wconf 86' lang='grc' dir='ltr'>Πνεῦμα</span> <span class='ocrx_word' id='word_1_119' title='bbox 3130 601 3238 662; x_wconf 90' lang='grc' dir='ltr'>τοῖς</span> <span class='ocrx_word' id='word_1_120' title='bbox 3273 599 3611 663; x_wconf 68' lang='grc' dir='ltr'><strong>ἀποστόλοις,</strong></span> <span class='ocrx_word' id='word_1_121' title='bbox 3634 601 3735 654; x_wconf 68' lang='grc' dir='ltr'>τὸν</span> 
     </span>
    </p>
   </div>
   <div class='ocr_carea' id='block_1_20' title="bbox 2159 687 3728 761">
    <p class='ocr_par' dir='ltr' id='par_1_20' title="bbox 2159 687 3728 761">
     <span class='ocr_line' id='line_1_20' title="bbox 2159 687 3728 761; baseline 0 -19"><span class='ocrx_word' id='word_1_122' title='bbox 2159 691 2257 759; x_wconf 76' lang='grc' dir='ltr'>μὲν</span> <span class='ocrx_word' id='word_1_123' title='bbox 2289 689 2436 760; x_wconf 81' lang='grc' dir='ltr'>χοῦν,</span> <span class='ocrx_word' id='word_1_124' title='bbox 2473 688 2722 759; x_wconf 83' lang='grc' dir='ltr'>καθάπερ</span> <span class='ocrx_word' id='word_1_125' title='bbox 2763 688 2986 759; x_wconf 81' lang='grc' dir='ltr'>τέφραν,</span> <span class='ocrx_word' id='word_1_126' title='bbox 3025 687 3269 754; x_wconf 84' lang='grc' dir='ltr'>ἀπέφυσε</span> <span class='ocrx_word' id='word_1_127' title='bbox 3308 691 3402 742; x_wconf 77' lang='grc' dir='ltr'><strong>καὶ</strong></span> <span class='ocrx_word' id='word_1_128' title='bbox 3441 689 3728 761; x_wconf 74' lang='grc' dir='ltr'><strong>ἐχώριζεν·</strong></span> 
     </span>
    </p>
   </div>
   <div class='ocr_carea' id='block_1_21' title="bbox 2157 777 3298 850">
    <p class='ocr_par' dir='ltr' id='par_1_21' title="bbox 2157 777 3298 850">
     <span class='ocr_line' id='line_1_21' title="bbox 2157 777 3298 850; baseline -0.001 -19"><span class='ocrx_word' id='word_1_129' title='bbox 2157 778 2356 849; x_wconf 75' lang='grc' dir='ltr'>ἐξῆπτε</span> <span class='ocrx_word' id='word_1_130' title='bbox 2381 779 2438 832; x_wconf 87' lang='grc' dir='ltr'><strong>δέ</strong></span> <span class='ocrx_word' id='word_1_131' title='bbox 2461 779 2550 832; x_wconf 82' lang='grc' dir='ltr'><strong>τὸν</strong></span> <span class='ocrx_word' id='word_1_132' title='bbox 2579 778 2846 850; x_wconf 72' lang='grc' dir='ltr'><strong>σπινθῆρα</strong></span> <span class='ocrx_word' id='word_1_133' title='bbox 2879 780 2970 832; x_wconf 75' lang='grc' dir='ltr'><strong>καὶ</strong></span> <span class='ocrx_word' id='word_1_134' title='bbox 2999 777 3298 842; x_wconf 77' lang='grc' dir='ltr'>ἐζωοποίει.</span> 
     </span>
    </p>
   </div>
   <div class='ocr_carea' id='block_1_22' title="bbox 2227 959 3732 1038">
    <p class='ocr_par' dir='ltr' id='par_1_22' title="bbox 2227 959 3732 1038">
     <span class='ocr_line' id='line_1_22' title="bbox 2227 959 3732 1038; baseline 0.022 -43"><span class='ocrx_word' id='word_1_135' title='bbox 2227 963 2299 1014; x_wconf 64' lang='grc' dir='ltr'><strong>Δρ,</strong></span> <span class='ocrx_word' id='word_1_136' title='bbox 2348 961 2404 1014; x_wconf 81' lang='grc' dir='ltr'>ὀ</span> <span class='ocrx_word' id='word_1_137' title='bbox 2434 959 2635 1031; x_wconf 79' lang='grc' dir='ltr'>Κύριος</span> <span class='ocrx_word' id='word_1_138' title='bbox 2685 959 2773 1012; x_wconf 78' lang='grc' dir='ltr'><strong>διὰ</strong></span> <span class='ocrx_word' id='word_1_139' title='bbox 2827 959 3024 1029; x_wconf 77' lang='grc' dir='ltr'>πολλὴν</span> <span class='ocrx_word' id='word_1_140' title='bbox 3067 962 3565 1034; x_wconf 73' lang='grc' dir='ltr'><strong>ταπεινοφροσύνην</strong></span> <span class='ocrx_word' id='word_1_141' title='bbox 3617 967 3732 1038; x_wconf 84' lang='lat'><strong>(55)</strong></span> 
     </span>
    </p>
   </div>
   <div class='ocr_carea' id='block_1_23' title="bbox 2155 1050 3734 1124">
    <p class='ocr_par' dir='ltr' id='par_1_23' title="bbox 2155 1050 3734 1124">
     <span class='ocr_line' id='line_1_23' title="bbox 2155 1050 3734 1124; baseline 0.004 -19"><span class='ocrx_word' id='word_1_142' title='bbox 2155 1052 2253 1122; x_wconf 78' lang='grc' dir='ltr'>οὐχ</span> <span class='ocrx_word' id='word_1_143' title='bbox 2295 1051 2369 1116; x_wconf 83' lang='grc' dir='ltr'>ὡς</span> <span class='ocrx_word' id='word_1_144' title='bbox 2420 1052 2646 1120; x_wconf 80' lang='grc' dir='ltr'>ἄγγελος</span> <span class='ocrx_word' id='word_1_145' title='bbox 2679 1050 2855 1121; x_wconf 77' lang='grc' dir='ltr'>ὤφθη,</span> <span class='ocrx_word' id='word_1_146' title='bbox 2897 1051 3009 1104; x_wconf 80' lang='grc' dir='ltr'>ἀλλ’</span> <span class='ocrx_word' id='word_1_147' title='bbox 3035 1052 3110 1115; x_wconf 85' lang='grc' dir='ltr'><strong>ὡς</strong></span> <span class='ocrx_word' id='word_1_148' title='bbox 3151 1052 3463 1124; x_wconf 83' lang='grc' dir='ltr'>ἄνθρωπος·</span> <span class='ocrx_word' id='word_1_149' title='bbox 3500 1057 3599 1108; x_wconf 75' lang='grc' dir='ltr'><strong>καὶ</strong></span> <span class='ocrx_word' id='word_1_150' title='bbox 3641 1059 3734 1111; x_wconf 75' lang='grc' dir='ltr'><strong>ὅτι</strong></span> 
     </span>
    </p>
   </div>
   <div class='ocr_carea' id='block_1_24' title="bbox 2157 1142 3735 1217">
    <p class='ocr_par' dir='ltr' id='par_1_24' title="bbox 2157 1142 3735 1217">
     <span class='ocr_line' id='line_1_24' title="bbox 2157 1142 3735 1217; baseline 0.004 -22"><span class='ocrx_word' id='word_1_151' title='bbox 2157 1144 2214 1195; x_wconf 84' lang='grc' dir='ltr'><strong>ἐν</strong></span> <span class='ocrx_word' id='word_1_152' title='bbox 2245 1143 2373 1217; x_wconf 79' lang='grc' dir='ltr'>δόξῃ</span> <span class='ocrx_word' id='word_1_153' title='bbox 2417 1142 2568 1214; x_wconf 77' lang='grc' dir='ltr'>ὤφθη</span> <span class='ocrx_word' id='word_1_154' title='bbox 2600 1147 2712 1207; x_wconf 87' lang='grc' dir='ltr'>τοῖς</span> <span class='ocrx_word' id='word_1_155' title='bbox 2757 1144 3071 1207; x_wconf 80' lang='grc' dir='ltr'>ἀποστόλοις</span> <span class='ocrx_word' id='word_1_156' title='bbox 3121 1144 3210 1196; x_wconf 72' lang='grc' dir='ltr'>ἐπὶ</span> <span class='ocrx_word' id='word_1_157' title='bbox 3245 1144 3336 1196; x_wconf 78' lang='grc' dir='ltr'><strong>τοῦ</strong></span> <span class='ocrx_word' id='word_1_158' title='bbox 3367 1145 3546 1216; x_wconf 75' lang='grc' dir='ltr'>ὅρους,</span> <span class='ocrx_word' id='word_1_159' title='bbox 3572 1149 3636 1200; x_wconf 75' lang='grc' dir='ltr'><strong>οὐ</strong></span> <span class='ocrx_word' id='word_1_160' title='bbox 3665 1149 3735 1202; x_wconf 74' lang='grc' dir='ltr'><strong>δι’</strong></span> 
     </span>
    </p>
   </div>
   <div class='ocr_carea' id='block_1_25' title="bbox 2157 1233 3742 1308">
    <p class='ocr_par' dir='ltr' id='par_1_25' title="bbox 2157 1233 3742 1308">
     <span class='ocr_line' id='line_1_25' title="bbox 2157 1233 3742 1308; baseline 0.001 -19"><span class='ocrx_word' id='word_1_161' title='bbox 2157 1235 2346 1289; x_wconf 79' lang='grc' dir='ltr'>ἑαυτὸν</span> <span class='ocrx_word' id='word_1_162' title='bbox 2386 1233 2609 1304; x_wconf 84' lang='grc' dir='ltr'>ἐποίησε</span> <span class='ocrx_word' id='word_1_163' title='bbox 2641 1233 2853 1299; x_wconf 76' lang='grc' dir='ltr'>δεικνὺς</span> <span class='ocrx_word' id='word_1_164' title='bbox 2913 1235 3122 1299; x_wconf 84' lang='grc' dir='ltr'>ἐαυτὸν,</span> <span class='ocrx_word' id='word_1_165' title='bbox 3171 1235 3306 1290; x_wconf 87' lang='grc' dir='ltr'><strong>ἀλλά</strong></span> <span class='ocrx_word' id='word_1_166' title='bbox 3356 1236 3443 1290; x_wconf 73' lang='grc' dir='ltr'>διὰ</span> <span class='ocrx_word' id='word_1_167' title='bbox 3482 1237 3584 1308; x_wconf 73' lang='grc' dir='ltr'><strong>τὴν</strong></span> <span class='ocrx_word' id='word_1_168' title='bbox 3615 1239 3742 1291; x_wconf 79' lang='grc' dir='ltr'><strong>Ἐκ·</strong></span> 
     </span>
    </p>
   </div>
   <div class='ocr_carea' id='block_1_26' title="bbox 2156 1327 3742 1401">
    <p class='ocr_par' dir='ltr' id='par_1_26' title="bbox 2156 1327 3742 1401">
     <span class='ocr_line' id='line_1_26' title="bbox 2156 1327 3742 1401; baseline 0.003 -20"><span class='ocrx_word' id='word_1_169' title='bbox 2156 1328 2402 1399; x_wconf 78' lang='grc' dir='ltr'>κλησεαν,</span> <span class='ocrx_word' id='word_1_170' title='bbox 2463 1329 2586 1398; x_wconf 80' lang='grc' dir='ltr'>ἥτις</span> <span class='ocrx_word' id='word_1_171' title='bbox 2624 1328 2740 1380; x_wconf 75' lang='grc' dir='ltr'>ἐστὶ</span> <span class='ocrx_word' id='word_1_172' title='bbox 2767 1328 2834 1382; x_wconf 80' lang='grc' dir='ltr'><strong>τό</strong></span> <span class='ocrx_word' id='word_1_173' title='bbox 2864 1327 3036 1398; x_wconf 76' lang='grc' dir='ltr'>γένος</span> <span class='ocrx_word' id='word_1_174' title='bbox 3065 1329 3130 1381; x_wconf 79' lang='grc' dir='ltr'>τὸ</span> <span class='ocrx_word' id='word_1_175' title='bbox 3163 1331 3470 1392; x_wconf 79' lang='grc' dir='ltr'>ἐκλεκτὸν,</span> <span class='ocrx_word' id='word_1_176' title='bbox 3497 1332 3592 1384; x_wconf 83' lang='grc' dir='ltr'>ἵνα</span> <span class='ocrx_word' id='word_1_177' title='bbox 3632 1333 3742 1401; x_wconf 68' lang='grc' dir='ltr'>μά-</span> 
     </span>
    </p>
   </div>
   <div class='ocr_carea' id='block_1_27' title="bbox 2158 1420 3734 1494">
    <p class='ocr_par' dir='ltr' id='par_1_27' title="bbox 2158 1420 3734 1494">
     <span class='ocr_line' id='line_1_27' title="bbox 2158 1420 3734 1494; baseline 0.003 -21"><span class='ocrx_word' id='word_1_178' title='bbox 2158 1420 2226 1493; x_wconf 84' lang='grc' dir='ltr'>θῃ</span> <span class='ocrx_word' id='word_1_179' title='bbox 2249 1420 2346 1492; x_wconf 81' lang='grc' dir='ltr'><strong>τὴν</strong></span> <span class='ocrx_word' id='word_1_180' title='bbox 2374 1420 2653 1492; x_wconf 77' lang='grc' dir='ltr'>προκοπὴν</span> <span class='ocrx_word' id='word_1_181' title='bbox 2685 1421 2848 1474; x_wconf 78' lang='grc' dir='ltr'>αὑτοῦ</span> <span class='ocrx_word' id='word_1_182' title='bbox 2883 1423 3022 1492; x_wconf 88' lang='grc' dir='ltr'><strong>μετά</strong></span> <span class='ocrx_word' id='word_1_183' title='bbox 3055 1423 3152 1493; x_wconf 78' lang='grc' dir='ltr'>τὴν</span> <span class='ocrx_word' id='word_1_184' title='bbox 3176 1423 3271 1493; x_wconf 89' lang='grc' dir='ltr'><strong>τῆς</strong></span> <span class='ocrx_word' id='word_1_185' title='bbox 3295 1424 3497 1494; x_wconf 78' lang='grc' dir='ltr'>σαρκὸς</span> <span class='ocrx_word' id='word_1_186' title='bbox 3526 1424 3734 1490; x_wconf 73' lang='grc' dir='ltr'>ἔξοδον.</span> 
     </span>
    </p>
   </div>
   <div class='ocr_carea' id='block_1_28' title="bbox 2157 1508 3739 1584">
    <p class='ocr_par' dir='ltr' id='par_1_28' title="bbox 2157 1508 3739 1584">
     <span class='ocr_line' id='line_1_28' title="bbox 2157 1508 3739 1584; baseline 0.001 -19"><span class='ocrx_word' id='word_1_187' title='bbox 2157 1512 2326 1575; x_wconf 78' lang='grc' dir='ltr'>Αὐτὸς</span> <span class='ocrx_word' id='word_1_188' title='bbox 2352 1511 2460 1584; x_wconf 87' lang='grc' dir='ltr'>γὰρ</span> <span class='ocrx_word' id='word_1_189' title='bbox 2490 1513 2582 1565; x_wconf 69' lang='grc' dir='ltr'><strong>καὶ</strong></span> <span class='ocrx_word' id='word_1_190' title='bbox 2615 1511 2726 1565; x_wconf 79' lang='grc' dir='ltr'><strong>ἀνω</strong></span> <span class='ocrx_word' id='word_1_191' title='bbox 2756 1512 2868 1581; x_wconf 81' lang='grc' dir='ltr'>φῶς</span> <span class='ocrx_word' id='word_1_192' title='bbox 2895 1508 2989 1584; x_wconf 77' lang='grc' dir='ltr'>ἦν,</span> <span class='ocrx_word' id='word_1_193' title='bbox 3025 1514 3119 1567; x_wconf 68' lang='grc' dir='ltr'><strong>καὶ</strong></span> <span class='ocrx_word' id='word_1_194' title='bbox 3157 1513 3348 1567; x_wconf 78' lang='grc' dir='ltr'>ἔστιτὸ</span> <span class='ocrx_word' id='word_1_195' title='bbox 3378 1515 3650 1582; x_wconf 78' lang='grc' dir='ltr'>ἐπιφανὲν</span> <span class='ocrx_word' id='word_1_196' title='bbox 3679 1519 3739 1568; x_wconf 76' lang='grc' dir='ltr'><strong>ἐν</strong></span> 
     </span>
    </p>
   </div>
   <div class='ocr_carea' id='block_1_29' title="bbox 493 1594 2053 1678">
    <p class='ocr_par' dir='ltr' id='par_1_29' title="bbox 493 1594 2053 1670">
     <span class='ocr_line' id='line_1_29' title="bbox 493 1594 2053 1670; baseline -0.006 -8"><span class='ocrx_word' id='word_1_197' title='bbox 493 1609 636 1662; x_wconf 80' lang='lat' dir='ltr'><strong>enim</strong></span> <span class='ocrx_word' id='word_1_198' title='bbox 671 1607 727 1661; x_wconf 89' lang='lat' dir='ltr'><strong>in</strong></span> <span class='ocrx_word' id='word_1_199' title='bbox 759 1605 897 1660; x_wconf 63' lang='lat' dir='ltr'><strong>caalo</strong></span> <span class='ocrx_word' id='word_1_200' title='bbox 927 1605 1018 1657; x_wconf 80' lang='lat' dir='ltr'><strong>lux</strong></span> <span class='ocrx_word' id='word_1_201' title='bbox 1044 1602 1165 1664; x_wconf 80' lang='lat' dir='ltr'><strong>fuit,</strong></span> <span class='ocrx_word' id='word_1_202' title='bbox 1190 1611 1273 1656; x_wconf 93' lang='lat' dir='ltr'><strong>est</strong></span> <span class='ocrx_word' id='word_1_203' title='bbox 1299 1601 1460 1656; x_wconf 86' lang='lat' dir='ltr'><strong>etiam</strong></span> <span class='ocrx_word' id='word_1_204' title='bbox 1488 1594 1616 1654; x_wconf 85' lang='lat' dir='ltr'><strong>illud</strong></span> <span class='ocrx_word' id='word_1_205' title='bbox 1633 1598 1778 1670; x_wconf 87' lang='lat' dir='ltr'><strong>quod</strong></span> <span class='ocrx_word' id='word_1_206' title='bbox 1808 1600 1862 1652; x_wconf 92' lang='lat' dir='ltr'><strong>in</strong></span> <span class='ocrx_word' id='word_1_207' title='bbox 1893 1613 2053 1653; x_wconf 88' lang='lat' dir='ltr'><strong>carne</strong></span> 
     </span>
    </p>
   </div>
   <div class='ocr_carea' id='block_1_30' title="bbox 2157 1594 3734 1678">
    <p class='ocr_par' dir='ltr' id='par_1_30' title="bbox 2160 1601 3734 1678">
     <span class='ocr_line' id='line_1_30' title="bbox 2160 1601 3734 1678; baseline 0.004 -25"><span class='ocrx_word' id='word_1_208' title='bbox 2160 1601 2346 1674; x_wconf 72' lang='grc' dir='ltr'>σαρκὶ,</span> <span class='ocrx_word' id='word_1_209' title='bbox 2383 1603 2476 1657; x_wconf 77' lang='grc' dir='ltr'>καὶ</span> <span class='ocrx_word' id='word_1_210' title='bbox 2519 1603 2578 1656; x_wconf 75' lang='grc' dir='ltr'>τδ</span> <span class='ocrx_word' id='word_1_211' title='bbox 2605 1603 2835 1656; x_wconf 86' lang='grc' dir='ltr'>ἐνταῦθα</span> <span class='ocrx_word' id='word_1_212' title='bbox 2867 1604 3051 1674; x_wconf 85' lang='grc' dir='ltr'>ὀφθέν,</span> <span class='ocrx_word' id='word_1_213' title='bbox 3084 1605 3181 1676; x_wconf 80' lang='grc' dir='ltr'><strong>οὐχ</strong></span> <span class='ocrx_word' id='word_1_214' title='bbox 3213 1605 3436 1678; x_wconf 77' lang='grc' dir='ltr'>ὕστερον</span> <span class='ocrx_word' id='word_1_215' title='bbox 3465 1607 3564 1658; x_wconf 80' lang='grc' dir='ltr'><strong>τοῦ</strong></span> <span class='ocrx_word' id='word_1_216' title='bbox 3597 1609 3734 1672; x_wconf 79' lang='grc' dir='ltr'>ἄνω,</span> 
     </span>
    </p>
   </div>
   <div class='ocr_carea' id='block_1_31' title="bbox 492 1690 2053 1771">
    <p class='ocr_par' dir='ltr' id='par_1_31' title="bbox 492 1690 2053 1771">
     <span class='ocr_line' id='line_1_31' title="bbox 492 1690 2053 1771; baseline -0.007 -17"><span class='ocrx_word' id='word_1_217' title='bbox 492 1699 773 1771; x_wconf 86' lang='lat' dir='ltr'><strong>apparuit;</strong></span> <span class='ocrx_word' id='word_1_218' title='bbox 806 1705 859 1750; x_wconf 85' lang='lat' dir='ltr'><strong>et</strong></span> <span class='ocrx_word' id='word_1_219' title='bbox 893 1696 1036 1766; x_wconf 93' lang='lat' dir='ltr'><strong>quod</strong></span> <span class='ocrx_word' id='word_1_220' title='bbox 1071 1695 1158 1749; x_wconf 89' lang='lat' dir='ltr'><strong>hic</strong></span> <span class='ocrx_word' id='word_1_221' title='bbox 1187 1695 1363 1749; x_wconf 85' lang='lat' dir='ltr'><strong>visum</strong></span> <span class='ocrx_word' id='word_1_222' title='bbox 1415 1691 1515 1746; x_wconf 80' lang='lat' dir='ltr'><strong>fuit</strong></span> <span class='ocrx_word' id='word_1_223' title='bbox 1567 1708 1675 1746; x_wconf 92' lang='lat' dir='ltr'><strong>non</strong></span> <span class='ocrx_word' id='word_1_224' title='bbox 1707 1691 1798 1745; x_wconf 91' lang='lat' dir='ltr'><strong>illo</strong></span> <span class='ocrx_word' id='word_1_225' title='bbox 1823 1690 1967 1761; x_wconf 90' lang='lat' dir='ltr'><strong>quod</strong></span> <span class='ocrx_word' id='word_1_226' title='bbox 2001 1691 2053 1744; x_wconf 89' lang='lat' dir='ltr'><strong>in</strong></span> 
     </span>
    </p>
   </div>
   <div class='ocr_carea' id='block_1_32' title="bbox 2157 1690 3743 1771">
    <p class='ocr_par' dir='ltr' id='par_1_32' title="bbox 2157 1690 3743 1770">
     <span class='ocr_line' id='line_1_32' title="bbox 2157 1690 3743 1770; baseline 0.003 -24"><span class='ocrx_word' id='word_1_227' title='bbox 2157 1693 2278 1746; x_wconf 79' lang='grc' dir='ltr'>οὐδὲ</span> <span class='ocrx_word' id='word_1_228' title='bbox 2305 1694 2619 1748; x_wconf 84' lang='grc' dir='ltr'>διεκέκοπτο</span> <span class='ocrx_word' id='word_1_229' title='bbox 2745 1694 2948 1750; x_wconf 85' lang='grc' dir='ltr'>ἄνωθεν</span> <span class='ocrx_word' id='word_1_230' title='bbox 2983 1695 3216 1768; x_wconf 85' lang='grc' dir='ltr'>μετέστη</span> <span class='ocrx_word' id='word_1_231' title='bbox 3239 1696 3416 1768; x_wconf 86' lang='grc' dir='ltr'>δεῦρο,</span> <span class='ocrx_word' id='word_1_232' title='bbox 3452 1698 3626 1750; x_wconf 80' lang='grc' dir='ltr'>τόπον</span> <span class='ocrx_word' id='word_1_233' title='bbox 3675 1701 3743 1752; x_wconf 85' lang='grc' dir='ltr'><strong>ἐκ</strong></span> 
     </span>
    </p>
   </div>
   <div class='ocr_carea' id='block_1_33' title="bbox 492 1773 2053 1862">
    <p class='ocr_par' dir='ltr' id='par_1_33' title="bbox 492 1781 2048 1862">
     <span class='ocr_line' id='line_1_33' title="bbox 492 1781 2048 1862; baseline -0.008 -15"><span class='ocrx_word' id='word_1_234' title='bbox 492 1793 631 1847; x_wconf 85' lang='lat' dir='ltr'><strong>coelo</strong></span> <span class='ocrx_word' id='word_1_235' title='bbox 665 1791 958 1862; x_wconf 88' lang='lat' dir='ltr'><strong>posterius,</strong></span> <span class='ocrx_word' id='word_1_236' title='bbox 995 1802 1168 1856; x_wconf 89' lang='lat' dir='ltr'><strong>neque</strong></span> <span class='ocrx_word' id='word_1_237' title='bbox 1188 1787 1430 1841; x_wconf 76' lang='lat' dir='ltr'><strong>excisum</strong></span> <span class='ocrx_word' id='word_1_238' title='bbox 1457 1784 1557 1837; x_wconf 81' lang='lat' dir='ltr'><strong>fuit</strong></span> <span class='ocrx_word' id='word_1_239' title='bbox 1586 1800 1616 1839; x_wconf 92' lang='lat' dir='ltr'><strong>e</strong></span> <span class='ocrx_word' id='word_1_240' title='bbox 1649 1785 1788 1838; x_wconf 77' lang='lat' dir='ltr'><strong>cmlo</strong></span> <span class='ocrx_word' id='word_1_241' title='bbox 1810 1781 2048 1852; x_wconf 90' lang='lat' dir='ltr'><strong>quandiu</strong></span> 
     </span>
    </p>
   </div>
   <div class='ocr_carea' id='block_1_34' title="bbox 2157 1773 3741 1862">
    <p class='ocr_par' dir='ltr' id='par_1_34' title="bbox 2157 1786 3741 1862">
     <span class='ocr_line' id='line_1_34' title="bbox 2157 1786 3741 1862; baseline 0.004 -23"><span class='ocrx_word' id='word_1_242' title='bbox 2157 1786 2316 1840; x_wconf 88' lang='grc' dir='ltr'>τόπου</span> <span class='ocrx_word' id='word_1_243' title='bbox 2367 1788 2612 1858; x_wconf 85' lang='grc' dir='ltr'>ἀμεῖϐον,</span> <span class='ocrx_word' id='word_1_244' title='bbox 2657 1789 2731 1854; x_wconf 83' lang='grc' dir='ltr'>ὡς</span> <span class='ocrx_word' id='word_1_245' title='bbox 2779 1789 2870 1843; x_wconf 79' lang='grc' dir='ltr'><strong>τὸν</strong></span> <span class='ocrx_word' id='word_1_246' title='bbox 2907 1789 3004 1860; x_wconf 78' lang='grc' dir='ltr'><strong>μὲν</strong></span> <span class='ocrx_word' id='word_1_247' title='bbox 3051 1789 3346 1862; x_wconf 78' lang='grc' dir='ltr'>ἐπιλαϐεῖν,</span> <span class='ocrx_word' id='word_1_248' title='bbox 3372 1790 3462 1843; x_wconf 76' lang='grc' dir='ltr'>τὸν</span> <span class='ocrx_word' id='word_1_249' title='bbox 3492 1791 3551 1842; x_wconf 86' lang='grc' dir='ltr'><strong>δέ</strong></span> <span class='ocrx_word' id='word_1_250' title='bbox 3600 1793 3741 1844; x_wconf 80' lang='grc' dir='ltr'>ἀπο-</span> 
     </span>
    </p>
   </div>
   <div class='ocr_carea' id='block_1_35' title="bbox 491 1860 2053 1952">
    <p class='ocr_par' dir='ltr' id='par_1_35' title="bbox 491 1873 2053 1946">
     <span class='ocr_line' id='line_1_35' title="bbox 491 1873 2053 1946; baseline -0.007 -8"><span class='ocrx_word' id='word_1_251' title='bbox 491 1884 582 1938; x_wconf 91' lang='lat' dir='ltr'><strong>hic</strong></span> <span class='ocrx_word' id='word_1_252' title='bbox 614 1884 667 1936; x_wconf 93' lang='lat' dir='ltr'><strong>in</strong></span> <span class='ocrx_word' id='word_1_253' title='bbox 694 1881 853 1937; x_wconf 91' lang='lat' dir='ltr'><strong>terris</strong></span> <span class='ocrx_word' id='word_1_254' title='bbox 885 1879 1220 1941; x_wconf 88' lang='lat' dir='ltr'><strong>versabatur,</strong></span> <span class='ocrx_word' id='word_1_255' title='bbox 1271 1876 1495 1946; x_wconf 90' lang='lat' dir='ltr'><strong>perinde</strong></span> <span class='ocrx_word' id='word_1_256' title='bbox 1523 1877 1680 1945; x_wconf 90' lang='lat' dir='ltr'><strong>quasi</strong></span> <span class='ocrx_word' id='word_1_257' title='bbox 1714 1875 1782 1929; x_wconf 90' lang='lat' dir='ltr'><strong>de</strong></span> <span class='ocrx_word' id='word_1_258' title='bbox 1831 1875 1952 1928; x_wconf 92' lang='lat' dir='ltr'><strong>loco</strong></span> <span class='ocrx_word' id='word_1_259' title='bbox 2001 1873 2053 1927; x_wconf 87' lang='lat' dir='ltr'><strong>in</strong></span> 
     </span>
    </p>
   </div>
   <div class='ocr_carea' id='block_1_36' title="bbox 2157 1860 3738 1952">
    <p class='ocr_par' dir='ltr' id='par_1_36' title="bbox 2159 1860 3738 1952">
     <span class='ocr_line' id='line_1_36' title="bbox 2159 1860 3738 1952; baseline 0.003 -23"><span class='ocrx_word' id='word_1_260' title='bbox 2159 1877 2336 1931; x_wconf 69' lang='grc' dir='ltr'>λιπεῖν</span> <span class='ocrx_word' id='word_1_261' title='bbox 2357 1895 2370 1908; x_wconf 89' lang='grc'><strong>·</strong></span> <span class='ocrx_word' id='word_1_262' title='bbox 2406 1878 2518 1930; x_wconf 83' lang='grc' dir='ltr'>ἀλλ’</span> <span class='ocrx_word' id='word_1_263' title='bbox 2545 1875 2612 1950; x_wconf 77' lang='grc' dir='ltr'>ἦν</span> <span class='ocrx_word' id='word_1_264' title='bbox 2660 1880 2721 1932; x_wconf 83' lang='grc' dir='ltr'><strong>τὸ</strong></span> <span class='ocrx_word' id='word_1_265' title='bbox 2763 1881 2941 1950; x_wconf 81' lang='grc' dir='ltr'>πάντη</span> <span class='ocrx_word' id='word_1_266' title='bbox 2973 1880 3053 1944; x_wconf 81' lang='grc' dir='ltr'>ὃν,</span> <span class='ocrx_word' id='word_1_267' title='bbox 3093 1860 3188 1934; x_wconf 77' lang='grc' dir='ltr'>καὶ</span> <span class='ocrx_word' id='word_1_268' title='bbox 3244 1882 3393 1952; x_wconf 84' lang='grc' dir='ltr'><strong>παρά</strong></span> <span class='ocrx_word' id='word_1_269' title='bbox 3417 1881 3498 1950; x_wconf 82' lang='grc' dir='ltr'>τῷ</span> <span class='ocrx_word' id='word_1_270' title='bbox 3528 1882 3738 1952; x_wconf 68' lang='grc' dir='ltr'>Πατρὶ,</span> 
     </span>
    </p>
   </div>
   <div class='ocr_carea' id='block_1_37' title="bbox 491 1968 2053 2046">
    <p class='ocr_par' dir='ltr' id='par_1_37' title="bbox 491 1969 2053 2046">
     <span class='ocr_line' id='line_1_37' title="bbox 491 1969 2053 2046; baseline -0.008 -14"><span class='ocrx_word' id='word_1_271' title='bbox 491 1979 672 2032; x_wconf 90' lang='lat' dir='ltr'><strong>locum</strong></span> <span class='ocrx_word' id='word_1_272' title='bbox 705 1974 1028 2039; x_wconf 88' lang='lat' dir='ltr'><strong>discederet,</strong></span> <span class='ocrx_word' id='word_1_273' title='bbox 1058 1981 1152 2027; x_wconf 88' lang='lat' dir='ltr'><strong>aut</strong></span> <span class='ocrx_word' id='word_1_274' title='bbox 1187 1972 1334 2026; x_wconf 89' lang='lat' dir='ltr'><strong>hunc</strong></span> <span class='ocrx_word' id='word_1_275' title='bbox 1385 1976 1698 2040; x_wconf 88' lang='lat' dir='ltr'><strong>occuparet,</strong></span> <span class='ocrx_word' id='word_1_276' title='bbox 1734 1969 1891 2022; x_wconf 91' lang='lat' dir='ltr'><strong>illum</strong></span> <span class='ocrx_word' id='word_1_277' title='bbox 1927 1981 2053 2046; x_wconf 79' lang='lat' dir='ltr'><strong>vero</strong></span> 
     </span>
    </p>
   </div>
   <div class='ocr_carea' id='block_1_38' title="bbox 2157 1968 3736 2046">
    <p class='ocr_par' dir='ltr' id='par_1_38' title="bbox 2159 1968 3736 2043">
     <span class='ocr_line' id='line_1_38' title="bbox 2159 1968 3736 2043; baseline 0.003 -23"><span class='ocrx_word' id='word_1_278' title='bbox 2159 1968 2460 2021; x_wconf 86' lang='grc' dir='ltr'>κάνταῦθα·</span> <span class='ocrx_word' id='word_1_279' title='bbox 2506 1969 2734 2040; x_wconf 86' lang='grc' dir='ltr'>δύναμις</span> <span class='ocrx_word' id='word_1_280' title='bbox 2785 1971 2893 2042; x_wconf 84' lang='grc' dir='ltr'><strong>γάρ</strong></span> <span class='ocrx_word' id='word_1_281' title='bbox 2921 1968 2987 2043; x_wconf 81' lang='grc' dir='ltr'>ἦν</span> <span class='ocrx_word' id='word_1_282' title='bbox 3019 1971 3114 2026; x_wconf 86' lang='grc' dir='ltr'><strong>τοῦ</strong></span> <span class='ocrx_word' id='word_1_283' title='bbox 3161 1972 3389 2043; x_wconf 83' lang='grc' dir='ltr'>Πατρός.</span> <span class='ocrx_word' id='word_1_284' title='bbox 3427 1973 3647 2034; x_wconf 72' lang='grc' dir='ltr'>’Ἄλλως</span> <span class='ocrx_word' id='word_1_285' title='bbox 3674 1989 3736 2024; x_wconf 85' lang='grc' dir='ltr'><strong>τε</strong></span> 
     </span>
    </p>
   </div>
   <div class='ocr_carea' id='block_1_39' title="bbox 489 2047 2054 2140">
    <p class='ocr_par' dir='ltr' id='par_1_39' title="bbox 489 2047 2054 2140">
     <span class='ocr_line' id='line_1_39' title="bbox 489 2047 2054 2140; baseline -0.008 -14"><span class='ocrx_word' id='word_1_286' title='bbox 489 2072 852 2140; x_wconf 84' lang='lat' dir='ltr'><strong>relinqueret;</strong></span> <span class='ocrx_word' id='word_1_287' title='bbox 912 2066 1005 2123; x_wconf 87' lang='lat' dir='ltr'><strong>sed</strong></span> <span class='ocrx_word' id='word_1_288' title='bbox 1059 2076 1175 2120; x_wconf 89' lang='lat' dir='ltr'><strong>erat</strong></span> <span class='ocrx_word' id='word_1_289' title='bbox 1215 2063 1360 2135; x_wconf 91' lang='lat' dir='ltr'><strong>quod</strong></span> <span class='ocrx_word' id='word_1_290' title='bbox 1393 2063 1592 2132; x_wconf 89' lang='lat' dir='ltr'><strong>ubique</strong></span> <span class='ocrx_word' id='word_1_291' title='bbox 1616 2070 1721 2121; x_wconf 86' lang='lat' dir='ltr'><strong>est.</strong></span> <span class='ocrx_word' id='word_1_292' title='bbox 1754 2075 1876 2114; x_wconf 92' lang='lat' dir='ltr'><strong>cum</strong></span> <span class='ocrx_word' id='word_1_293' title='bbox 1910 2047 2054 2128; x_wconf 82' lang='lat' dir='ltr'><strong>apud</strong></span> 
     </span>
    </p>
   </div>
   <div class='ocr_carea' id='block_1_40' title="bbox 490 2153 2050 2226">
    <p class='ocr_par' dir='ltr' id='par_1_40' title="bbox 490 2153 2050 2226">
     <span class='ocr_line' id='line_1_40' title="bbox 490 2153 2050 2226; baseline -0.006 -10"><span class='ocrx_word' id='word_1_294' title='bbox 490 2162 706 2216; x_wconf 89' lang='lat' dir='ltr'><strong>Patrem</strong></span> <span class='ocrx_word' id='word_1_295' title='bbox 741 2169 853 2214; x_wconf 90' lang='lat' dir='ltr'><strong>tum</strong></span> <span class='ocrx_word' id='word_1_296' title='bbox 885 2161 940 2214; x_wconf 91' lang='lat' dir='ltr'><strong>in</strong></span> <span class='ocrx_word' id='word_1_297' title='bbox 989 2159 1172 2219; x_wconf 90' lang='lat' dir='ltr'><strong>terris,</strong></span> <span class='ocrx_word' id='word_1_298' title='bbox 1208 2164 1392 2226; x_wconf 88' lang='lat' dir='ltr'><strong>utpote</strong></span> <span class='ocrx_word' id='word_1_299' title='bbox 1416 2156 1507 2225; x_wconf 89' lang='lat' dir='ltr'><strong>qui</strong></span> <span class='ocrx_word' id='word_1_300' title='bbox 1538 2154 1716 2208; x_wconf 86' lang='lat' dir='ltr'><strong>Patris</strong></span> <span class='ocrx_word' id='word_1_301' title='bbox 1744 2160 1829 2208; x_wconf 91' lang='lat' dir='ltr'><strong>est</strong></span> <span class='ocrx_word' id='word_1_302' title='bbox 1855 2153 2050 2207; x_wconf 90' lang='lat' dir='ltr'><strong>virtus.</strong></span> 
     </span>
    </p>
   </div>
   <div class='ocr_carea' id='block_1_41' title="bbox 489 2247 2054 2322">
    <p class='ocr_par' dir='ltr' id='par_1_41' title="bbox 489 2247 2054 2322">
     <span class='ocr_line' id='line_1_41' title="bbox 489 2247 2054 2322; baseline -0.008 -12"><span class='ocrx_word' id='word_1_303' title='bbox 489 2256 572 2310; x_wconf 79' lang='lat' dir='ltr'><strong>Ad</strong></span> <span class='ocrx_word' id='word_1_304' title='bbox 599 2256 724 2317; x_wconf 89' lang='lat' dir='ltr'><strong>hoc,</strong></span> <span class='ocrx_word' id='word_1_305' title='bbox 756 2252 966 2322; x_wconf 87' lang='lat' dir='ltr'><strong>impleri</strong></span> <span class='ocrx_word' id='word_1_306' title='bbox 1001 2251 1150 2304; x_wconf 92' lang='lat' dir='ltr'><strong>illum</strong></span> <span class='ocrx_word' id='word_1_307' title='bbox 1185 2247 1490 2303; x_wconf 89' lang='lat' dir='ltr'><strong>Servatoris</strong></span> <span class='ocrx_word' id='word_1_308' title='bbox 1534 2261 1838 2302; x_wconf 89' lang='lat' dir='ltr'><strong>sermonem</strong></span> <span class='ocrx_word' id='word_1_309' title='bbox 1891 2259 2054 2315; x_wconf 90' lang='lat' dir='ltr'><strong>opor-</strong></span> 
     </span>
    </p>
   </div>
   <div class='ocr_carea' id='block_1_42' title="bbox 2159 2060 3735 2136">
    <p class='ocr_par' dir='ltr' id='par_1_42' title="bbox 2159 2060 3735 2136">
     <span class='ocr_line' id='line_1_42' title="bbox 2159 2060 3735 2136; baseline -0.001 -25"><span class='ocrx_word' id='word_1_310' title='bbox 2159 2060 2326 2131; x_wconf 86' lang='grc' dir='ltr'>ἐχρῆν</span> <span class='ocrx_word' id='word_1_311' title='bbox 2360 2061 2607 2114; x_wconf 88' lang='grc' dir='ltr'>κάκεῖνον</span> <span class='ocrx_word' id='word_1_312' title='bbox 2638 2060 2984 2133; x_wconf 85' lang='grc' dir='ltr'>πληρωθῆναι</span> <span class='ocrx_word' id='word_1_313' title='bbox 3015 2063 3106 2116; x_wconf 79' lang='grc' dir='ltr'><strong>τὸν</strong></span> <span class='ocrx_word' id='word_1_314' title='bbox 3146 2063 3299 2132; x_wconf 85' lang='grc' dir='ltr'>λόγον</span> <span class='ocrx_word' id='word_1_315' title='bbox 3330 2063 3424 2116; x_wconf 88' lang='grc' dir='ltr'><strong>τοῦ</strong></span> <span class='ocrx_word' id='word_1_316' title='bbox 3450 2064 3735 2136; x_wconf 60' lang='grc' dir='ltr'>Σωτῆρῡῶ</span> 
     </span>
    </p>
   </div>
   <div class='ocr_carea' id='block_1_43' title="bbox 2157 2148 3741 2222">
    <p class='ocr_par' dir='ltr' id='par_1_43' title="bbox 2157 2148 3741 2222">
     <span class='ocr_line' id='line_1_43' title="bbox 2157 2148 3741 2222; baseline 0.004 -18"><span class='ocrx_word' id='word_1_317' title='bbox 2157 2151 2215 2205; x_wconf 86' lang='lat' dir='ltr'><strong>6v</strong></span> <span class='ocrx_word' id='word_1_318' title='bbox 2247 2148 2428 2205; x_wconf 79' lang='grc' dir='ltr'>εἶπεν·</span> <span class='ocrx_word' id='word_1_319' title='bbox 2460 2153 2598 2206; x_wconf 71' lang='grc' dir='ltr'><strong>Εἰσί</strong></span> <span class='ocrx_word' id='word_1_320' title='bbox 2638 2169 2795 2219; x_wconf 83' lang='grc' dir='ltr'>τινες</span> <span class='ocrx_word' id='word_1_321' title='bbox 2832 2153 2949 2208; x_wconf 79' lang='grc' dir='ltr'><strong>τῶν</strong></span> <span class='ocrx_word' id='word_1_322' title='bbox 2983 2149 3098 2208; x_wconf 79' lang='grc' dir='ltr'><strong>ὦδε</strong></span> <span class='ocrx_word' id='word_1_323' title='bbox 3140 2155 3505 2222; x_wconf 79' lang='grc' dir='ltr'>ἑστηκότων,</span> <span class='ocrx_word' id='word_1_324' title='bbox 3557 2157 3620 2210; x_wconf 77' lang='grc' dir='ltr'>οἱ</span> <span class='ocrx_word' id='word_1_325' title='bbox 3667 2160 3741 2210; x_wconf 84' lang='grc' dir='ltr'>οὺ</span> 
     </span>
    </p>
   </div>
   <div class='ocr_carea' id='block_1_44' title="bbox 2153 2244 3741 2313">
    <p class='ocr_par' dir='ltr' id='par_1_44' title="bbox 2153 2244 3741 2313">
     <span class='ocr_line' id='line_1_44' title="bbox 2153 2244 3741 2313; baseline 0.001 -13"><span class='ocrx_word' id='word_1_326' title='bbox 2153 2244 2239 2313; x_wconf 82' lang='grc' dir='ltr'><strong>μὴ</strong></span> <span class='ocrx_word' id='word_1_327' title='bbox 2290 2245 2606 2313; x_wconf 75' lang='grc' dir='ltr'>τεύσονται</span> <span class='ocrx_word' id='word_1_328' title='bbox 2660 2245 2937 2312; x_wconf 83' lang='grc' dir='ltr'>θανάτου,</span> <span class='ocrx_word' id='word_1_329' title='bbox 2974 2248 3084 2313; x_wconf 83' lang='grc' dir='ltr'>ἓως</span> <span class='ocrx_word' id='word_1_330' title='bbox 3123 2246 3198 2301; x_wconf 82' lang='grc' dir='ltr'><strong>ἂν</strong></span> <span class='ocrx_word' id='word_1_331' title='bbox 3234 2247 3404 2302; x_wconf 78' lang='grc' dir='ltr'>ἴδωσι</span> <span class='ocrx_word' id='word_1_332' title='bbox 3443 2249 3558 2302; x_wconf 73' lang='grc' dir='ltr'><strong>τὸν</strong></span> <span class='ocrx_word' id='word_1_333' title='bbox 3599 2249 3741 2301; x_wconf 75' lang='grc' dir='ltr'><strong>Υιὸγ</strong></span> 
     </span>
    </p>
   </div>
   <div class='ocr_carea' id='block_1_45' title="bbox 483 2334 2053 2416">
    <p class='ocr_par' dir='ltr' id='par_1_45' title="bbox 483 2334 2052 2416">
     <span class='ocr_line' id='line_1_45' title="bbox 483 2334 2052 2416; baseline -0.009 -14"><span class='ocrx_word' id='word_1_334' title='bbox 483 2348 616 2409; x_wconf 74' lang='grc' dir='ltr'>ιιιὶῑ,</span> <span class='ocrx_word' id='word_1_335' title='bbox 644 2361 804 2416; x_wconf 87' lang='lat' dir='ltr'><strong>quem</strong></span> <span class='ocrx_word' id='word_1_336' title='bbox 838 2342 1137 2414; x_wconf 86' lang='lat' dir='ltr'><strong>protulerat</strong></span> <span class='ocrx_word' id='word_1_337' title='bbox 1165 2355 1178 2390; x_wconf 90' lang='lat'><strong>:</strong></span> <span class='ocrx_word' id='word_1_338' title='bbox 1206 2338 1342 2393; x_wconf 80' lang='lat' dir='ltr'><strong>Sunt</strong></span> <span class='ocrx_word' id='word_1_339' title='bbox 1371 2338 1584 2408; x_wconf 85' lang='lat' dir='ltr'><strong>quidam</strong></span> <span class='ocrx_word' id='word_1_340' title='bbox 1621 2351 1685 2389; x_wconf 76' lang='lat' dir='ltr'><strong>ea:</strong></span> <span class='ocrx_word' id='word_1_341' title='bbox 1720 2335 1828 2388; x_wconf 80' lang='lat' dir='ltr'><strong>illis</strong></span> <span class='ocrx_word' id='word_1_342' title='bbox 1849 2335 1939 2405; x_wconf 97' lang='lat' dir='ltr'><strong>qui</strong></span> <span class='ocrx_word' id='word_1_343' title='bbox 1970 2334 2052 2388; x_wconf 82' lang='lat' dir='ltr'><strong>hic</strong></span> 
     </span>
    </p>
   </div>
   <div class='ocr_carea' id='block_1_46' title="bbox 2157 2334 3740 2416">
    <p class='ocr_par' dir='ltr' id='par_1_46' title="bbox 2159 2335 3740 2414">
     <span class='ocr_line' id='line_1_46' title="bbox 2159 2335 3740 2414; baseline 0.003 -24"><span class='ocrx_word' id='word_1_344' title='bbox 2159 2337 2264 2392; x_wconf 83' lang='grc' dir='ltr'><strong>τοῦ</strong></span> <span class='ocrx_word' id='word_1_345' title='bbox 2290 2336 2603 2404; x_wconf 81' lang='grc' dir='ltr'>ἀνθρώπου</span> <span class='ocrx_word' id='word_1_346' title='bbox 2638 2339 2706 2392; x_wconf 79' lang='grc' dir='ltr'><strong>ὲν</strong></span> <span class='ocrx_word' id='word_1_347' title='bbox 2733 2337 2900 2406; x_wconf 80' lang='grc' dir='ltr'>δόξῃ.</span> <span class='ocrx_word' id='word_1_348' title='bbox 2932 2335 3084 2392; x_wconf 78' lang='grc' dir='ltr'>Εἶδον</span> <span class='ocrx_word' id='word_1_349' title='bbox 3114 2335 3206 2394; x_wconf 77' lang='grc' dir='ltr'><strong>οῦν</strong></span> <span class='ocrx_word' id='word_1_350' title='bbox 3234 2341 3328 2394; x_wconf 61' lang='grc' dir='ltr'><strong>καλ⁸</strong></span> <span class='ocrx_word' id='word_1_351' title='bbox 3355 2341 3740 2414; x_wconf 75' lang='grc' dir='ltr'>ἐκοιμήθησαν</span> 
     </span>
    </p>
   </div>
   <div class='ocr_carea' id='block_1_47' title="bbox 489 2426 2053 2508">
    <p class='ocr_par' dir='ltr' id='par_1_47' title="bbox 489 2426 2053 2508">
     <span class='ocr_line' id='line_1_47' title="bbox 489 2426 2053 2508; baseline -0.009 -14"><span class='ocrx_word' id='word_1_352' title='bbox 489 2449 691 2504; x_wconf 76' lang='lat' dir='ltr'><strong>astant,</strong></span> <span class='ocrx_word' id='word_1_353' title='bbox 721 2438 810 2508; x_wconf 89' lang='lat' dir='ltr'><strong>qui</strong></span> <span class='ocrx_word' id='word_1_354' title='bbox 842 2444 1062 2490; x_wconf 86' lang='lat' dir='ltr'><strong>mortem</strong></span> <span class='ocrx_word' id='word_1_355' title='bbox 1107 2450 1210 2488; x_wconf 85' lang='lat' dir='ltr'><strong>non</strong></span> <span class='ocrx_word' id='word_1_356' title='bbox 1262 2431 1567 2504; x_wconf 78' lang='lat' dir='ltr'><strong>gustabunt,</strong></span> <span class='ocrx_word' id='word_1_357' title='bbox 1603 2426 1898 2498; x_wconf 81' lang='lat' dir='ltr'><strong>usquedum</strong></span> <span class='ocrx_word' id='word_1_358' title='bbox 1927 2443 2053 2480; x_wconf 82' lang='lat' dir='ltr'><strong>con-</strong></span> 
     </span>
    </p>
   </div>
   <div class='ocr_carea' id='block_1_48' title="bbox 2157 2426 3400 2508">
    <p class='ocr_par' dir='ltr' id='par_1_48' title="bbox 2159 2429 3400 2505">
     <span class='ocr_line' id='line_1_48' title="bbox 2159 2429 3400 2505; baseline 0.009 -24"><span class='ocrx_word' id='word_1_359' title='bbox 2159 2429 2188 2482; x_wconf 84' lang='lat'><strong>6</strong></span> <span class='ocrx_word' id='word_1_360' title='bbox 2217 2446 2276 2481; x_wconf 90' lang='grc' dir='ltr'><strong>τε</strong></span> <span class='ocrx_word' id='word_1_361' title='bbox 2312 2429 2531 2501; x_wconf 80' lang='grc' dir='ltr'>Πέτρος,</span> <span class='ocrx_word' id='word_1_362' title='bbox 2567 2430 2660 2483; x_wconf 71' lang='grc' dir='ltr'><strong>καὶ</strong></span> <span class='ocrx_word' id='word_1_363' title='bbox 2691 2431 2961 2495; x_wconf 83' lang='grc' dir='ltr'>Ἰάκωϐος,</span> <span class='ocrx_word' id='word_1_364' title='bbox 2987 2433 3080 2486; x_wconf 66' lang='grc' dir='ltr'><strong>καὶ</strong></span> <span class='ocrx_word' id='word_1_365' title='bbox 3127 2434 3400 2505; x_wconf 76' lang='grc' dir='ltr'><strong>Ἰωάννης.</strong></span> 
     </span>
    </p>
   </div>
   <div class='ocr_carea' id='block_1_49' title="bbox 489 2517 3738 2601">
    <p class='ocr_par' dir='ltr' id='par_1_49' title="bbox 489 2517 3738 2601">
     <span class='ocr_line' id='line_1_49' title="bbox 489 2517 3738 2601; baseline -0.002 -14"><span class='ocrx_word' id='word_1_366' title='bbox 489 2530 714 2601; x_wconf 77' lang='lat' dir='ltr'><strong>spiciam</strong></span> <span class='ocrx_word' id='word_1_367' title='bbox 757 2525 957 2581; x_wconf 88' lang='lat' dir='ltr'><strong>Filium</strong></span> <span class='ocrx_word' id='word_1_368' title='bbox 985 2522 1564 2592; x_wconf 82' lang='lat' dir='ltr'><strong>hominisinmajestate</strong></span> <span class='ocrx_word' id='word_1_369' title='bbox 1581 2530 1729 2575; x_wconf 81' lang='lat' dir='ltr'><strong>sua°.</strong></span> <span class='ocrx_word' id='word_1_370' title='bbox 1761 2517 1954 2573; x_wconf 89' lang='lat' dir='ltr'><strong>Petrus</strong></span> <span class='ocrx_word' id='word_1_371' title='bbox 2001 2517 2203 2589; x_wconf 88' lang='lat' dir='ltr'><strong>itaque,</strong></span> <span class='ocrx_word' id='word_1_372' title='bbox 2235 2519 2471 2575; x_wconf 84' lang='lat' dir='ltr'><strong>Jacobus</strong></span> <span class='ocrx_word' id='word_1_373' title='bbox 2505 2529 2558 2576; x_wconf 88' lang='lat' dir='ltr'><strong>et</strong></span> <span class='ocrx_word' id='word_1_374' title='bbox 2581 2520 2818 2579; x_wconf 80' lang='lat' dir='ltr'><strong>Joannes</strong></span> <span class='ocrx_word' id='word_1_375' title='bbox 2849 2525 3098 2580; x_wconf 88' lang='lat' dir='ltr'><strong>viderunt</strong></span> <span class='ocrx_word' id='word_1_376' title='bbox 3118 2526 3172 2579; x_wconf 87' lang='lat' dir='ltr'><strong>in</strong></span> <span class='ocrx_word' id='word_1_377' title='bbox 3202 2527 3395 2597; x_wconf 72' lang='lat' dir='ltr'><strong>gloria,</strong></span> <span class='ocrx_word' id='word_1_378' title='bbox 3429 2536 3485 2582; x_wconf 91' lang='lat' dir='ltr'><strong>et</strong></span> <span class='ocrx_word' id='word_1_379' title='bbox 3521 2526 3738 2581; x_wconf 85' lang='lat' dir='ltr'><strong>obdor-</strong></span> 
     </span>
    </p>
   </div>
   <div class='ocr_carea' id='block_1_50' title="bbox 549 2635 747 2678">
    <p class='ocr_par' dir='ltr' id='par_1_50' title="bbox 549 2635 747 2678">
     <span class='ocr_line' id='line_1_50' title="bbox 549 2635 747 2678; baseline -0.01 0"><span class='ocrx_word' id='word_1_380' title='bbox 549 2635 747 2678; x_wconf 75' lang='lat' dir='ltr'><strong>terunt.</strong></span> 
     </span>
    </p>
   </div>
   <div class='ocr_carea' id='block_1_51' title="bbox 490 2640 2053 2778">
    <p class='ocr_par' dir='ltr' id='par_1_51' title="bbox 490 2640 2053 2778">
     <span class='ocr_line' id='line_1_51' title="bbox 490 2640 747 2680; baseline -0.019 1"><span class='ocrx_word' id='word_1_381' title='bbox 490 2640 747 2680; x_wconf 77' lang='lat' dir='ltr'><strong>nuerunt.</strong></span> 
     </span>
     <span class='ocr_line' id='line_1_52' title="bbox 562 2701 2053 2778; baseline -0.009 -11"><span class='ocrx_word' id='word_1_382' title='bbox 562 2712 627 2767; x_wconf 84' lang='lat' dir='ltr'><strong>V.</strong></span> <span class='ocrx_word' id='word_1_383' title='bbox 659 2709 941 2778; x_wconf 84' lang='lat' dir='ltr'><strong>Quomodo</strong></span> <span class='ocrx_word' id='word_1_384' title='bbox 971 2708 1154 2778; x_wconf 88' lang='lat' dir='ltr'><strong>itaque</strong></span> <span class='ocrx_word' id='word_1_385' title='bbox 1193 2704 1386 2760; x_wconf 78' lang='lat' dir='ltr'><strong>faciem</strong></span> <span class='ocrx_word' id='word_1_386' title='bbox 1417 2701 1632 2758; x_wconf 90' lang='lat' dir='ltr'><strong>Domini</strong></span> <span class='ocrx_word' id='word_1_387' title='bbox 1660 2701 1896 2756; x_wconf 87' lang='lat' dir='ltr'><strong>lucidam</strong></span> <span class='ocrx_word' id='word_1_388' title='bbox 1923 2715 2053 2755; x_wconf 89' lang='lat' dir='ltr'><strong>con-</strong></span> 
     </span>
    </p>
   </div>
   <div class='ocr_carea' id='block_1_52' title="bbox 2157 2640 3740 2778">
    <p class='ocr_par' dir='ltr' id='par_1_52' title="bbox 2232 2693 3740 2778">
     <span class='ocr_line' id='line_1_53' title="bbox 2232 2693 3740 2778; baseline 0.007 -29"><span class='ocrx_word' id='word_1_389' title='bbox 2232 2697 2305 2749; x_wconf 82' lang='lat' dir='ltr'><strong>E&#39;.</strong></span> <span class='ocrx_word' id='word_1_390' title='bbox 2342 2696 2466 2761; x_wconf 85' lang='grc' dir='ltr'><strong>Πῶς</strong></span> <span class='ocrx_word' id='word_1_391' title='bbox 2501 2693 2612 2763; x_wconf 79' lang='grc' dir='ltr'>οὖν,</span> <span class='ocrx_word' id='word_1_392' title='bbox 2645 2700 2744 2772; x_wconf 77' lang='grc' dir='ltr'>τὴν</span> <span class='ocrx_word' id='word_1_393' title='bbox 2770 2699 2864 2770; x_wconf 85' lang='grc' dir='ltr'>μὲν</span> <span class='ocrx_word' id='word_1_394' title='bbox 2895 2699 3016 2770; x_wconf 65' lang='grc' dir='ltr'>ὄψιν</span> <span class='ocrx_word' id='word_1_395' title='bbox 3062 2699 3159 2771; x_wconf 72' lang='grc' dir='ltr'>τὴν</span> <span class='ocrx_word' id='word_1_396' title='bbox 3209 2704 3480 2776; x_wconf 73' lang='grc' dir='ltr'>φωτεινὴν</span> <span class='ocrx_word' id='word_1_397' title='bbox 3507 2705 3740 2778; x_wconf 72' lang='grc' dir='ltr'>ἰδόντες,</span> 
     </span>
    </p>
   </div>
   <div class='ocr_carea' id='block_1_53' title="bbox 491 2785 2053 2876">
    <p class='ocr_par' dir='ltr' id='par_1_53' title="bbox 491 2790 2053 2876">
     <span class='ocr_line' id='line_1_54' title="bbox 491 2790 2053 2876; baseline -0.01 -18"><span class='ocrx_word' id='word_1_398' title='bbox 491 2803 786 2876; x_wconf 79' lang='lat' dir='ltr'><strong>spicientes</strong></span> <span class='ocrx_word' id='word_1_399' title='bbox 844 2815 954 2854; x_wconf 87' lang='lat' dir='ltr'><strong>non</strong></span> <span class='ocrx_word' id='word_1_400' title='bbox 1008 2798 1231 2852; x_wconf 78' lang='lat' dir='ltr'><strong>fuerunt</strong></span> <span class='ocrx_word' id='word_1_401' title='bbox 1260 2803 1478 2866; x_wconf 88' lang='lat' dir='ltr'><strong>stupore</strong></span> <span class='ocrx_word' id='word_1_402' title='bbox 1508 2792 1775 2866; x_wconf 88' lang='lat' dir='ltr'><strong>perculsi;</strong></span> <span class='ocrx_word' id='word_1_403' title='bbox 1813 2801 1868 2845; x_wconf 90' lang='lat' dir='ltr'><strong>at</strong></span> <span class='ocrx_word' id='word_1_404' title='bbox 1893 2790 2053 2845; x_wconf 91' lang='lat' dir='ltr'><strong>simul</strong></span> 
     </span>
    </p>
   </div>
   <div class='ocr_carea' id='block_1_54' title="bbox 2157 2785 3736 2876">
    <p class='ocr_par' dir='ltr' id='par_1_54' title="bbox 2162 2785 3736 2868">
     <span class='ocr_line' id='line_1_55' title="bbox 2162 2785 3736 2868; baseline 0.007 -30"><span class='ocrx_word' id='word_1_405' title='bbox 2162 2785 2262 2838; x_wconf 88' lang='grc' dir='ltr'><strong>ούκ</strong></span> <span class='ocrx_word' id='word_1_406' title='bbox 2307 2787 2712 2860; x_wconf 77' lang='grc' dir='ltr'>ἐξεπλάγησαν·</span> <span class='ocrx_word' id='word_1_407' title='bbox 2746 2789 2843 2868; x_wconf 80' lang='grc' dir='ltr'><strong>την</strong></span> <span class='ocrx_word' id='word_1_408' title='bbox 2881 2789 2936 2842; x_wconf 84' lang='grc' dir='ltr'><strong>δὲ</strong></span> <span class='ocrx_word' id='word_1_409' title='bbox 2983 2789 3162 2862; x_wconf 77' lang='grc' dir='ltr'>φωνὴν</span> <span class='ocrx_word' id='word_1_410' title='bbox 3215 2792 3564 2860; x_wconf 84' lang='grc' dir='ltr'>ἀκούσαντες,</span> <span class='ocrx_word' id='word_1_411' title='bbox 3614 2797 3736 2850; x_wconf 77' lang='grc' dir='ltr'>ἕπερ</span> 
     </span>
    </p>
   </div>
   <div class='ocr_carea' id='block_1_55' title="bbox 491 2875 2053 2963">
    <p class='ocr_par' dir='ltr' id='par_1_55' title="bbox 491 2882 2053 2963">
     <span class='ocr_line' id='line_1_56' title="bbox 491 2882 2053 2963; baseline -0.012 -10"><span class='ocrx_word' id='word_1_412' title='bbox 491 2912 556 2952; x_wconf 87' lang='lat' dir='ltr'><strong>ac</strong></span> <span class='ocrx_word' id='word_1_413' title='bbox 591 2910 777 2951; x_wconf 87' lang='lat' dir='ltr'><strong>vocem</strong></span> <span class='ocrx_word' id='word_1_414' title='bbox 809 2893 930 2963; x_wconf 89' lang='lat' dir='ltr'><strong>ejus</strong></span> <span class='ocrx_word' id='word_1_415' title='bbox 957 2891 1282 2946; x_wconf 87' lang='lat' dir='ltr'><strong>audiverunt</strong></span> <span class='ocrx_word' id='word_1_416' title='bbox 1307 2890 1359 2943; x_wconf 89' lang='lat' dir='ltr'><strong>in</strong></span> <span class='ocrx_word' id='word_1_417' title='bbox 1385 2898 1583 2942; x_wconf 87' lang='lat' dir='ltr'><strong>terram</strong></span> <span class='ocrx_word' id='word_1_418' title='bbox 1608 2884 1893 2941; x_wconf 87' lang='lat' dir='ltr'><strong>cecidere?</strong></span> <span class='ocrx_word' id='word_1_419' title='bbox 1918 2882 2053 2949; x_wconf 86' lang='lat' dir='ltr'><strong>Quia</strong></span> 
     </span>
    </p>
   </div>
   <div class='ocr_carea' id='block_1_56' title="bbox 2157 2875 3733 2963">
    <p class='ocr_par' dir='ltr' id='par_1_56' title="bbox 2165 2875 3733 2960">
     <span class='ocr_line' id='line_1_57' title="bbox 2165 2875 3733 2960; baseline 0.008 -30"><span class='ocrx_word' id='word_1_420' title='bbox 2165 2895 2256 2932; x_wconf 89' lang='grc' dir='ltr'><strong>σον</strong></span> <span class='ocrx_word' id='word_1_421' title='bbox 2306 2879 2398 2931; x_wconf 73' lang='grc' dir='ltr'><strong>ἐπὶ</strong></span> <span class='ocrx_word' id='word_1_422' title='bbox 2458 2880 2598 2951; x_wconf 78' lang='grc' dir='ltr'>γῆνς</span> <span class='ocrx_word' id='word_1_423' title='bbox 2657 2881 2738 2934; x_wconf 82' lang='grc' dir='ltr'><strong>ὅτι</strong></span> <span class='ocrx_word' id='word_1_424' title='bbox 2789 2875 2902 2934; x_wconf 84' lang='grc' dir='ltr'>ὦτα</span> <span class='ocrx_word' id='word_1_425' title='bbox 2965 2883 3217 2952; x_wconf 78' lang='grc' dir='ltr'>τυγχάνει</span> <span class='ocrx_word' id='word_1_426' title='bbox 3252 2883 3359 2953; x_wconf 81' lang='grc'><strong>(56)</strong></span> <span class='ocrx_word' id='word_1_427' title='bbox 3389 2886 3733 2960; x_wconf 71' lang='grc' dir='ltr'>ἀπιστότερα</span> 
     </span>
    </p>
   </div>
   <div class='ocr_carea' id='block_1_57' title="bbox 492 2971 2053 3054">
    <p class='ocr_par' dir='ltr' id='par_1_57' title="bbox 492 2975 2053 3054">
     <span class='ocr_line' id='line_1_58' title="bbox 492 2975 2053 3054; baseline -0.012 -10"><span class='ocrx_word' id='word_1_428' title='bbox 492 2988 745 3044; x_wconf 88' lang='lat' dir='ltr'><strong>nimirum</strong></span> <span class='ocrx_word' id='word_1_429' title='bbox 771 3001 931 3040; x_wconf 91' lang='lat' dir='ltr'><strong>aures</strong></span> <span class='ocrx_word' id='word_1_430' title='bbox 964 2999 1122 3054; x_wconf 90' lang='lat' dir='ltr'><strong>quam</strong></span> <span class='ocrx_word' id='word_1_431' title='bbox 1148 2981 1292 3037; x_wconf 90' lang='lat' dir='ltr'><strong>oculi</strong></span> <span class='ocrx_word' id='word_1_432' title='bbox 1316 2995 1346 3034; x_wconf 92' lang='lat' dir='ltr'><strong>a</strong></span> <span class='ocrx_word' id='word_1_433' title='bbox 1387 2979 1490 3034; x_wconf 82' lang='lat' dir='ltr'><strong>ﬁde</strong></span> <span class='ocrx_word' id='word_1_434' title='bbox 1517 2979 1717 3034; x_wconf 90' lang='lat' dir='ltr'><strong>absunt</strong></span> <span class='ocrx_word' id='word_1_435' title='bbox 1743 2975 1976 3046; x_wconf 82' lang='lat' dir='ltr'><strong>longius.</strong></span> <span class='ocrx_word' id='word_1_436' title='bbox 2001 2983 2053 3028; x_wconf 87' lang='lat' dir='ltr'><strong>et</strong></span> 
     </span>
    </p>
   </div>
   <div class='ocr_carea' id='block_1_58' title="bbox 2157 2971 3734 3054">
    <p class='ocr_par' dir='ltr' id='par_1_58' title="bbox 2165 2971 3734 3050">
     <span class='ocr_line' id='line_1_59' title="bbox 2165 2971 3734 3050; baseline 0.005 -27"><span class='ocrx_word' id='word_1_437' title='bbox 2165 2971 2476 3043; x_wconf 73' lang='grc' dir='ltr'>ὀφθαλμῶν,</span> <span class='ocrx_word' id='word_1_438' title='bbox 2515 2975 2609 3026; x_wconf 57' lang='grc' dir='ltr'><strong>καὶ¹</strong></span> <span class='ocrx_word' id='word_1_439' title='bbox 2634 2975 2667 3043; x_wconf 83' lang='grc' dir='ltr'>ἡ</span> <span class='ocrx_word' id='word_1_440' title='bbox 2691 2974 2840 3046; x_wconf 81' lang='grc' dir='ltr'><strong>παρά</strong></span> <span class='ocrx_word' id='word_1_441' title='bbox 2865 2972 3021 3038; x_wconf 81' lang='grc' dir='ltr'>δόξαν</span> <span class='ocrx_word' id='word_1_442' title='bbox 3053 2974 3202 3045; x_wconf 81' lang='grc' dir='ltr'>φωνὴ</span> <span class='ocrx_word' id='word_1_443' title='bbox 3240 2975 3437 3045; x_wconf 82' lang='grc' dir='ltr'>μᾶλλον</span> <span class='ocrx_word' id='word_1_444' title='bbox 3482 2978 3734 3050; x_wconf 73' lang='grc' dir='ltr'>ἐκπλήσο</span> 
     </span>
    </p>
   </div>
   <div class='ocr_carea' id='block_1_59' title="bbox 493 3065 2053 3154">
    <p class='ocr_par' dir='ltr' id='par_1_59' title="bbox 493 3065 2052 3145">
     <span class='ocr_line' id='line_1_60' title="bbox 493 3065 2052 3145; baseline -0.012 -10"><span class='ocrx_word' id='word_1_445' title='bbox 493 3080 756 3135; x_wconf 89' lang='lat' dir='ltr'><strong>inusitata</strong></span> <span class='ocrx_word' id='word_1_446' title='bbox 783 3092 888 3130; x_wconf 82' lang='lat' dir='ltr'><strong>vox</strong></span> <span class='ocrx_word' id='word_1_447' title='bbox 923 3075 1185 3145; x_wconf 86' lang='lat' dir='ltr'><strong>majorem</strong></span> <span class='ocrx_word' id='word_1_448' title='bbox 1221 3079 1484 3127; x_wconf 85' lang='lat' dir='ltr'><strong>terrorem</strong></span> <span class='ocrx_word' id='word_1_449' title='bbox 1541 3068 1755 3123; x_wconf 89' lang='lat' dir='ltr'><strong>incutit.</strong></span> <span class='ocrx_word' id='word_1_450' title='bbox 1791 3065 2052 3136; x_wconf 86' lang='lat' dir='ltr'><strong>Equidem</strong></span> 
     </span>
    </p>
   </div>
   <div class='ocr_carea' id='block_1_60' title="bbox 2157 3065 3733 3154">
    <p class='ocr_par' dir='ltr' id='par_1_60' title="bbox 2162 3065 3733 3139">
     <span class='ocr_line' id='line_1_61' title="bbox 2162 3065 3733 3139; baseline 0.001 -20"><span class='ocrx_word' id='word_1_451' title='bbox 2162 3082 2262 3119; x_wconf 85' lang='grc' dir='ltr'>σει.</span> <span class='ocrx_word' id='word_1_452' title='bbox 2301 3066 2356 3120; x_wconf 91' lang='lat'><strong>&#39;0</strong></span> <span class='ocrx_word' id='word_1_453' title='bbox 2397 3065 2453 3120; x_wconf 88' lang='grc' dir='ltr'><strong>δὲ</strong></span> <span class='ocrx_word' id='word_1_454' title='bbox 2495 3067 2742 3139; x_wconf 82' lang='grc' dir='ltr'>Ἰωάννης</span> <span class='ocrx_word' id='word_1_455' title='bbox 2792 3069 2820 3120; x_wconf 98' lang='lat'><strong>6</strong></span> <span class='ocrx_word' id='word_1_456' title='bbox 2867 3066 3182 3138; x_wconf 80' lang='grc' dir='ltr'>βαπτιστὴς,</span> <span class='ocrx_word' id='word_1_457' title='bbox 3212 3069 3310 3138; x_wconf 72' lang='grc' dir='ltr'><strong>τῆς</strong></span> <span class='ocrx_word' id='word_1_458' title='bbox 3342 3069 3527 3138; x_wconf 80' lang='grc' dir='ltr'>φωνῆς</span> <span class='ocrx_word' id='word_1_459' title='bbox 3569 3070 3733 3124; x_wconf 70' lang='grc' dir='ltr'>ἀκού-</span> 
     </span>
    </p>
   </div>
   <div class='ocr_carea' id='block_1_61' title="bbox 492 3154 2053 3230">
    <p class='ocr_par' dir='ltr' id='par_1_61' title="bbox 492 3154 2053 3229">
     <span class='ocr_line' id='line_1_62' title="bbox 492 3154 2053 3229; baseline -0.01 -6"><span class='ocrx_word' id='word_1_460' title='bbox 492 3184 616 3224; x_wconf 89' lang='lat' dir='ltr'><strong>cum</strong></span> <span class='ocrx_word' id='word_1_461' title='bbox 649 3181 834 3221; x_wconf 90' lang='lat' dir='ltr'><strong>vocem</strong></span> <span class='ocrx_word' id='word_1_462' title='bbox 871 3163 1082 3218; x_wconf 76' lang='lat' dir='ltr'><strong>audiret</strong></span> <span class='ocrx_word' id='word_1_463' title='bbox 1111 3161 1348 3216; x_wconf 71' lang='lat' dir='ltr'><strong>Joannes</strong></span> <span class='ocrx_word' id='word_1_464' title='bbox 1368 3161 1457 3216; x_wconf 90' lang='lat' dir='ltr'><strong>ille</strong></span> <span class='ocrx_word' id='word_1_465' title='bbox 1496 3158 1738 3229; x_wconf 90' lang='lat' dir='ltr'><strong>Baptista</strong></span> <span class='ocrx_word' id='word_1_466' title='bbox 1764 3155 1809 3220; x_wconf 70' lang='grc' dir='ltr'>ί,</span> <span class='ocrx_word' id='word_1_467' title='bbox 1831 3161 1889 3219; x_wconf 52' lang='grc' dir='ltr'>ὦ</span> <span class='ocrx_word' id='word_1_468' title='bbox 1911 3154 2053 3208; x_wconf 85' lang='lat' dir='ltr'><strong>haud</strong></span> 
     </span>
    </p>
   </div>
   <div class='ocr_carea' id='block_1_62' title="bbox 2157 3154 3733 3230">
    <p class='ocr_par' dir='ltr' id='par_1_62' title="bbox 2161 3158 3733 3230">
     <span class='ocr_line' id='line_1_63' title="bbox 2161 3158 3733 3230; baseline 0.001 -18"><span class='ocrx_word' id='word_1_469' title='bbox 2161 3175 2279 3224; x_wconf 86' lang='grc' dir='ltr'>σας,</span> <span class='ocrx_word' id='word_1_470' title='bbox 2311 3158 2411 3213; x_wconf 81' lang='grc' dir='ltr'><strong>οὐκ</strong></span> <span class='ocrx_word' id='word_1_471' title='bbox 2447 3159 2705 3230; x_wconf 78' lang='grc' dir='ltr'>ἐφοϐήθη,</span> <span class='ocrx_word' id='word_1_472' title='bbox 2740 3160 2814 3223; x_wconf 86' lang='grc' dir='ltr'>ὠς</span> <span class='ocrx_word' id='word_1_473' title='bbox 2843 3160 2907 3213; x_wconf 84' lang='grc' dir='ltr'><strong>ἂν</strong></span> <span class='ocrx_word' id='word_1_474' title='bbox 2923 3161 2980 3213; x_wconf 93' lang='grc' dir='ltr'><strong>ἐν</strong></span> <span class='ocrx_word' id='word_1_475' title='bbox 3031 3159 3301 3230; x_wconf 87' lang='grc' dir='ltr'>πνεύματι</span> <span class='ocrx_word' id='word_1_476' title='bbox 3331 3161 3576 3227; x_wconf 77' lang='grc' dir='ltr'>ἀκούσας</span> <span class='ocrx_word' id='word_1_477' title='bbox 3611 3181 3733 3216; x_wconf 79' lang='grc' dir='ltr'>συν-</span> 
     </span>
    </p>
   </div>
   <div class='ocr_carea' id='block_1_63' title="bbox 491 3247 2053 3328">
    <p class='ocr_par' dir='ltr' id='par_1_63' title="bbox 491 3247 2053 3328">
     <span class='ocr_line' id='line_1_64' title="bbox 491 3247 2053 3328; baseline -0.01 -13"><span class='ocrx_word' id='word_1_478' title='bbox 491 3259 692 3323; x_wconf 87' lang='lat' dir='ltr'><strong>timuit,</strong></span> <span class='ocrx_word' id='word_1_479' title='bbox 722 3257 920 3328; x_wconf 91' lang='lat' dir='ltr'><strong>quippe</strong></span> <span class='ocrx_word' id='word_1_480' title='bbox 947 3256 1002 3310; x_wconf 90' lang='lat' dir='ltr'><strong>in</strong></span> <span class='ocrx_word' id='word_1_481' title='bbox 1053 3256 1249 3325; x_wconf 88' lang='lat' dir='ltr'><strong>spiritu</strong></span> <span class='ocrx_word' id='word_1_482' title='bbox 1293 3252 1506 3308; x_wconf 88' lang='lat' dir='ltr'><strong>audivit</strong></span> <span class='ocrx_word' id='word_1_483' title='bbox 1539 3251 1676 3321; x_wconf 89' lang='lat' dir='ltr'><strong>ipse,</strong></span> <span class='ocrx_word' id='word_1_484' title='bbox 1711 3249 1800 3304; x_wconf 90' lang='lat' dir='ltr'><strong>cui</strong></span> <span class='ocrx_word' id='word_1_485' title='bbox 1836 3263 1939 3302; x_wconf 81' lang='lat' dir='ltr'><strong>vox</strong></span> <span class='ocrx_word' id='word_1_486' title='bbox 1964 3247 2053 3300; x_wconf 89' lang='lat' dir='ltr'><strong>illa</strong></span> 
     </span>
    </p>
   </div>
   <div class='ocr_carea' id='block_1_64' title="bbox 2157 3247 3732 3328">
    <p class='ocr_par' dir='ltr' id='par_1_64' title="bbox 2162 3253 3732 3327">
     <span class='ocr_line' id='line_1_65' title="bbox 2162 3253 3732 3327; baseline 0.003 -21"><span class='ocrx_word' id='word_1_487' title='bbox 2162 3254 2280 3325; x_wconf 81' lang='grc' dir='ltr'>ήθει</span> <span class='ocrx_word' id='word_1_488' title='bbox 2343 3254 2443 3325; x_wconf 89' lang='grc' dir='ltr'><strong>τῆς</strong></span> <span class='ocrx_word' id='word_1_489' title='bbox 2495 3253 2748 3324; x_wconf 81' lang='grc' dir='ltr'>τοιαύτης</span> <span class='ocrx_word' id='word_1_490' title='bbox 2806 3253 3019 3323; x_wconf 80' lang='grc' dir='ltr'>φωνῆς·</span> <span class='ocrx_word' id='word_1_491' title='bbox 3056 3254 3190 3307; x_wconf 81' lang='grc' dir='ltr'>καθὸ</span> <span class='ocrx_word' id='word_1_492' title='bbox 3211 3254 3266 3306; x_wconf 79' lang='grc' dir='ltr'><strong>δὲ</strong></span> <span class='ocrx_word' id='word_1_493' title='bbox 3323 3255 3614 3327; x_wconf 79' lang='grc' dir='ltr'>ἄνθρωπός</span> <span class='ocrx_word' id='word_1_494' title='bbox 3649 3259 3732 3322; x_wconf 79' lang='grc' dir='ltr'>τίς</span> 
     </span>
    </p>
   </div>
   <div class='ocr_carea' id='block_1_65' title="bbox 489 3339 2053 3424">
    <p class='ocr_par' dir='ltr' id='par_1_65' title="bbox 489 3339 2053 3424">
     <span class='ocr_line' id='line_1_66' title="bbox 489 3339 2053 3424; baseline -0.011 -13"><span class='ocrx_word' id='word_1_495' title='bbox 489 3352 730 3410; x_wconf 83' lang='lat' dir='ltr'><strong>usitata:</strong></span> <span class='ocrx_word' id='word_1_496' title='bbox 765 3358 819 3404; x_wconf 89' lang='lat' dir='ltr'><strong>at</strong></span> <span class='ocrx_word' id='word_1_497' title='bbox 851 3363 978 3405; x_wconf 90' lang='lat' dir='ltr'><strong>vero</strong></span> <span class='ocrx_word' id='word_1_498' title='bbox 1008 3362 1115 3424; x_wconf 85' lang='lat' dir='ltr'><strong>qua</strong></span> <span class='ocrx_word' id='word_1_499' title='bbox 1149 3347 1311 3401; x_wconf 91' lang='lat' dir='ltr'><strong>homo</strong></span> <span class='ocrx_word' id='word_1_500' title='bbox 1367 3351 1578 3399; x_wconf 88' lang='lat' dir='ltr'><strong>tantum</strong></span> <span class='ocrx_word' id='word_1_501' title='bbox 1635 3341 1760 3414; x_wconf 90' lang='lat' dir='ltr'><strong>quis</strong></span> <span class='ocrx_word' id='word_1_502' title='bbox 1806 3339 2053 3401; x_wconf 90' lang='lat' dir='ltr'><strong>audiens,</strong></span> 
     </span>
    </p>
   </div>
   <div class='ocr_carea' id='block_1_66' title="bbox 489 3433 2051 3514">
    <p class='ocr_par' dir='ltr' id='par_1_66' title="bbox 489 3433 2051 3514">
     <span class='ocr_line' id='line_1_67' title="bbox 489 3433 2051 3514; baseline -0.01 -14"><span class='ocrx_word' id='word_1_503' title='bbox 489 3445 843 3514; x_wconf 84' lang='lat' dir='ltr'><strong>obstupescit.</strong></span> <span class='ocrx_word' id='word_1_504' title='bbox 888 3441 1036 3496; x_wconf 81' lang='lat' dir='ltr'><strong>lianc</strong></span> <span class='ocrx_word' id='word_1_505' title='bbox 1080 3441 1149 3495; x_wconf 91' lang='lat' dir='ltr'><strong>ob</strong></span> <span class='ocrx_word' id='word_1_506' title='bbox 1181 3453 1406 3495; x_wconf 88' lang='lat' dir='ltr'><strong>causam</strong></span> <span class='ocrx_word' id='word_1_507' title='bbox 1446 3436 1579 3490; x_wconf 90' lang='lat' dir='ltr'><strong>dicit</strong></span> <span class='ocrx_word' id='word_1_508' title='bbox 1615 3435 1723 3487; x_wconf 90' lang='lat' dir='ltr'><strong>illis</strong></span> <span class='ocrx_word' id='word_1_509' title='bbox 1762 3433 2051 3487; x_wconf 79' lang='lat' dir='ltr'><strong>Salvator:</strong></span> 
     </span>
    </p>
   </div>
   <div class='ocr_carea' id='block_1_67' title="bbox 491 3525 2058 3604">
    <p class='ocr_par' dir='ltr' id='par_1_67' title="bbox 491 3525 2058 3604">
     <span class='ocr_line' id='line_1_68' title="bbox 491 3525 2058 3604; baseline -0.011 -12"><span class='ocrx_word' id='word_1_510' title='bbox 491 3538 706 3594; x_wconf 78' lang='lat' dir='ltr'><strong>Nemini</strong></span> <span class='ocrx_word' id='word_1_511' title='bbox 737 3535 979 3589; x_wconf 74' lang='lat' dir='ltr'><strong>dixeritis</strong></span> <span class='ocrx_word' id='word_1_512' title='bbox 1009 3531 1145 3604; x_wconf 87' lang='lat' dir='ltr'><strong>quod</strong></span> <span class='ocrx_word' id='word_1_513' title='bbox 1171 3531 1374 3586; x_wconf 81' lang='lat' dir='ltr'><strong>vidistis</strong></span> <span class='ocrx_word' id='word_1_514' title='bbox 1402 3531 1448 3584; x_wconf 76' lang='grc' dir='ltr'><strong>ε.</strong></span> <span class='ocrx_word' id='word_1_515' title='bbox 1479 3527 1546 3580; x_wconf 86' lang='lat' dir='ltr'><strong>At</strong></span> <span class='ocrx_word' id='word_1_516' title='bbox 1575 3540 1680 3579; x_wconf 89' lang='lat' dir='ltr'><strong>non</strong></span> <span class='ocrx_word' id='word_1_517' title='bbox 1730 3525 1904 3578; x_wconf 90' lang='lat' dir='ltr'><strong>oculis</strong></span> <span class='ocrx_word' id='word_1_518' title='bbox 1935 3539 2058 3576; x_wconf 88' lang='lat' dir='ltr'><strong>car-</strong></span> 
     </span>
    </p>
   </div>
   <div class='ocr_carea' id='block_1_68' title="bbox 491 3616 2056 3695">
    <p class='ocr_par' dir='ltr' id='par_1_68' title="bbox 491 3616 2056 3695">
     <span class='ocr_line' id='line_1_69' title="bbox 491 3616 2056 3695; baseline -0.011 -10"><span class='ocrx_word' id='word_1_519' title='bbox 491 3631 707 3686; x_wconf 88' lang='lat' dir='ltr'><strong>nalibus</strong></span> <span class='ocrx_word' id='word_1_520' title='bbox 735 3630 917 3682; x_wconf 86' lang='lat' dir='ltr'><strong>lumen</strong></span> <span class='ocrx_word' id='word_1_521' title='bbox 951 3629 1351 3695; x_wconf 74' lang='lat' dir='ltr'><strong>conspexerant</strong></span> <span class='ocrx_word' id='word_1_522' title='bbox 1382 3640 1395 3675; x_wconf 89' lang='lat'>:</span> <span class='ocrx_word' id='word_1_523' title='bbox 1422 3621 1508 3674; x_wconf 91' lang='lat' dir='ltr'><strong>his</strong></span> <span class='ocrx_word' id='word_1_524' title='bbox 1543 3619 1688 3675; x_wconf 90' lang='lat' dir='ltr'><strong>enim</strong></span> <span class='ocrx_word' id='word_1_525' title='bbox 1729 3617 1865 3671; x_wconf 88' lang='lat' dir='ltr'><strong>nihil</strong></span> <span class='ocrx_word' id='word_1_526' title='bbox 1894 3616 2056 3670; x_wconf 82' lang='lat' dir='ltr'><strong>aliine</strong></span> 
     </span>
    </p>
   </div>
   <div class='ocr_carea' id='block_1_69' title="bbox 489 3707 2056 3793">
    <p class='ocr_par' dir='ltr' id='par_1_69' title="bbox 489 3707 2056 3793">
     <span class='ocr_line' id='line_1_70' title="bbox 489 3707 2056 3793; baseline -0.01 -15"><span class='ocrx_word' id='word_1_527' title='bbox 489 3725 574 3778; x_wconf 85' lang='lat' dir='ltr'><strong>vel</strong></span> <span class='ocrx_word' id='word_1_528' title='bbox 600 3722 877 3793; x_wconf 87' lang='lat' dir='ltr'><strong>proprium</strong></span> <span class='ocrx_word' id='word_1_529' title='bbox 907 3734 1032 3772; x_wconf 90' lang='lat' dir='ltr'><strong>cum</strong></span> <span class='ocrx_word' id='word_1_530' title='bbox 1061 3717 1162 3771; x_wconf 89' lang='lat' dir='ltr'><strong>hoc</strong></span> <span class='ocrx_word' id='word_1_531' title='bbox 1191 3714 1411 3778; x_wconf 90' lang='lat' dir='ltr'><strong>lumine,</strong></span> <span class='ocrx_word' id='word_1_532' title='bbox 1436 3712 1544 3768; x_wconf 89' lang='lat' dir='ltr'><strong>nisi</strong></span> <span class='ocrx_word' id='word_1_533' title='bbox 1569 3717 1729 3781; x_wconf 89' lang='lat' dir='ltr'><strong>prout</strong></span> <span class='ocrx_word' id='word_1_534' title='bbox 1751 3707 2056 3764; x_wconf 91' lang='lat' dir='ltr'><strong>Servatoris</strong></span> 
     </span>
    </p>
   </div>
   <div class='ocr_carea' id='block_1_70' title="bbox 489 3803 2058 3871">
    <p class='ocr_par' dir='ltr' id='par_1_70' title="bbox 489 3803 2058 3871">
     <span class='ocr_line' id='line_1_71' title="bbox 489 3803 2058 3871; baseline -0.011 0"><span class='ocrx_word' id='word_1_535' title='bbox 489 3817 741 3871; x_wconf 85' lang='lat' dir='ltr'><strong>voluntas</strong></span> <span class='ocrx_word' id='word_1_536' title='bbox 781 3812 933 3866; x_wconf 84' lang='lat' dir='ltr'><strong>carni</strong></span> <span class='ocrx_word' id='word_1_537' title='bbox 963 3810 1180 3866; x_wconf 86' lang='lat' dir='ltr'><strong>videndi</strong></span> <span class='ocrx_word' id='word_1_538' title='bbox 1217 3809 1471 3862; x_wconf 80' lang='lat' dir='ltr'><strong>virtutem</strong></span> <span class='ocrx_word' id='word_1_539' title='bbox 1517 3804 1873 3866; x_wconf 84' lang='lat' dir='ltr'><strong>concesserit,</strong></span> <span class='ocrx_word' id='word_1_540' title='bbox 1903 3803 2058 3856; x_wconf 88' lang='lat' dir='ltr'><strong>insu-</strong></span> 
     </span>
    </p>
   </div>
   <div class='ocr_carea' id='block_1_71' title="bbox 491 3892 2055 3980">
    <p class='ocr_par' dir='ltr' id='par_1_71' title="bbox 491 3892 2055 3980">
     <span class='ocr_line' id='line_1_72' title="bbox 491 3892 2055 3980; baseline -0.012 -18"><span class='ocrx_word' id='word_1_541' title='bbox 491 3925 588 3980; x_wconf 89' lang='lat' dir='ltr'><strong>per</strong></span> <span class='ocrx_word' id='word_1_542' title='bbox 619 3906 764 3978; x_wconf 90' lang='lat' dir='ltr'><strong>quod</strong></span> <span class='ocrx_word' id='word_1_543' title='bbox 797 3912 852 3959; x_wconf 93' lang='lat' dir='ltr'><strong>et</strong></span> <span class='ocrx_word' id='word_1_544' title='bbox 903 3905 1085 3957; x_wconf 91' lang='lat' dir='ltr'><strong>anima</strong></span> <span class='ocrx_word' id='word_1_545' title='bbox 1117 3899 1276 3963; x_wconf 86' lang='lat' dir='ltr'><strong>vidit,</strong></span> <span class='ocrx_word' id='word_1_546' title='bbox 1305 3896 1456 3951; x_wconf 90' lang='lat' dir='ltr'><strong>dedit</strong></span> <span class='ocrx_word' id='word_1_547' title='bbox 1499 3894 1674 3956; x_wconf 89' lang='lat' dir='ltr'><strong>carni,</strong></span> <span class='ocrx_word' id='word_1_548' title='bbox 1707 3892 2055 3965; x_wconf 88' lang='lat' dir='ltr'><strong>participauti</strong></span> 
     </span>
    </p>
   </div>
   <div class='ocr_carea' id='block_1_72' title="bbox 491 3983 2057 4068">
    <p class='ocr_par' dir='ltr' id='par_1_72' title="bbox 491 3983 2057 4068">
     <span class='ocr_line' id='line_1_73' title="bbox 491 3983 2057 4068; baseline -0.011 -16"><span class='ocrx_word' id='word_1_549' title='bbox 491 4013 706 4068; x_wconf 87' lang='lat' dir='ltr'><strong>nempe,</strong></span> <span class='ocrx_word' id='word_1_550' title='bbox 739 4012 804 4052; x_wconf 91' lang='lat' dir='ltr'><strong>eo</strong></span> <span class='ocrx_word' id='word_1_551' title='bbox 831 3994 976 4066; x_wconf 87' lang='lat' dir='ltr'><strong>quod</strong></span> <span class='ocrx_word' id='word_1_552' title='bbox 1025 4001 1174 4047; x_wconf 89' lang='lat' dir='ltr'><strong>arcte</strong></span> <span class='ocrx_word' id='word_1_553' title='bbox 1215 4006 1340 4046; x_wconf 90' lang='lat' dir='ltr'><strong>cum</strong></span> <span class='ocrx_word' id='word_1_554' title='bbox 1372 4004 1435 4042; x_wconf 89' lang='lat' dir='ltr'><strong>ea</strong></span> <span class='ocrx_word' id='word_1_555' title='bbox 1463 3986 1758 4056; x_wconf 85' lang='lat' dir='ltr'><strong>conjuncta</strong></span> <span class='ocrx_word' id='word_1_556' title='bbox 1792 3985 1882 4040; x_wconf 91' lang='lat' dir='ltr'><strong>sit.</strong></span> <span class='ocrx_word' id='word_1_557' title='bbox 1921 3983 2057 4038; x_wconf 91' lang='lat' dir='ltr'><strong>lllud</strong></span> 
     </span>
    </p>
   </div>
   <div class='ocr_carea' id='block_1_73' title="bbox 491 4077 2056 4156">
    <p class='ocr_par' dir='ltr' id='par_1_73' title="bbox 491 4077 2056 4156">
     <span class='ocr_line' id='line_1_74' title="bbox 491 4077 2056 4156; baseline -0.01 -10"><span class='ocrx_word' id='word_1_558' title='bbox 491 4107 640 4156; x_wconf 86' lang='lat' dir='ltr'><strong>vero,</strong></span> <span class='ocrx_word' id='word_1_559' title='bbox 662 4087 1150 4148; x_wconf 79' lang='lat' dir='ltr'><strong>Neminidixeritis,</strong></span> <span class='ocrx_word' id='word_1_560' title='bbox 1176 4099 1244 4138; x_wconf 91' lang='lat' dir='ltr'><strong>ne</strong></span> <span class='ocrx_word' id='word_1_561' title='bbox 1274 4081 1412 4137; x_wconf 81' lang='lat' dir='ltr'><strong>forte</strong></span> <span class='ocrx_word' id='word_1_562' title='bbox 1437 4080 1592 4142; x_wconf 88' lang='lat' dir='ltr'><strong>illud,</strong></span> <span class='ocrx_word' id='word_1_563' title='bbox 1619 4077 1760 4149; x_wconf 87' lang='lat' dir='ltr'><strong>quod</strong></span> <span class='ocrx_word' id='word_1_564' title='bbox 1792 4077 2056 4131; x_wconf 88' lang='lat' dir='ltr'><strong>Dominus</strong></span> 
     </span>
    </p>
   </div>
   <div class='ocr_carea' id='block_1_74' title="bbox 488 4169 2052 4251">
    <p class='ocr_par' dir='ltr' id='par_1_74' title="bbox 488 4169 2052 4251">
     <span class='ocr_line' id='line_1_75' title="bbox 488 4169 2052 4251; baseline -0.011 -12"><span class='ocrx_word' id='word_1_565' title='bbox 488 4190 630 4248; x_wconf 87' lang='lat' dir='ltr'><strong>erat,</strong></span> <span class='ocrx_word' id='word_1_566' title='bbox 665 4177 1114 4251; x_wconf 81' lang='lat' dir='ltr'><strong>intelligentes,in</strong></span> <span class='ocrx_word' id='word_1_567' title='bbox 1149 4176 1299 4229; x_wconf 87' lang='lat' dir='ltr'><strong>illum</strong></span> <span class='ocrx_word' id='word_1_568' title='bbox 1321 4189 1516 4228; x_wconf 88' lang='lat' dir='ltr'><strong>manus</strong></span> <span class='ocrx_word' id='word_1_569' title='bbox 1548 4173 1774 4242; x_wconf 87' lang='lat' dir='ltr'><strong>injicere</strong></span> <span class='ocrx_word' id='word_1_570' title='bbox 1805 4169 2052 4223; x_wconf 87' lang='lat' dir='ltr'><strong>abstine-</strong></span> 
     </span>
    </p>
   </div>
   <div class='ocr_carea' id='block_1_75' title="bbox 489 4261 2056 4340">
    <p class='ocr_par' dir='ltr' id='par_1_75' title="bbox 489 4261 2056 4340">
     <span class='ocr_line' id='line_1_76' title="bbox 489 4261 2056 4340; baseline -0.01 -11"><span class='ocrx_word' id='word_1_571' title='bbox 489 4282 616 4329; x_wconf 88' lang='lat' dir='ltr'><strong>rent</strong></span> <span class='ocrx_word' id='word_1_572' title='bbox 643 4290 722 4339; x_wconf 87' lang='lat' dir='ltr'><strong>se,</strong></span> <span class='ocrx_word' id='word_1_573' title='bbox 757 4281 811 4329; x_wconf 90' lang='lat' dir='ltr'><strong>et</strong></span> <span class='ocrx_word' id='word_1_574' title='bbox 863 4273 943 4328; x_wconf 87' lang='lat' dir='ltr'><strong>sic</strong></span> <span class='ocrx_word' id='word_1_575' title='bbox 1005 4269 1342 4340; x_wconf 91' lang='lat' dir='ltr'><strong>dispensatio</strong></span> <span class='ocrx_word' id='word_1_576' title='bbox 1395 4273 1541 4322; x_wconf 88' lang='lat' dir='ltr'><strong>esset</strong></span> <span class='ocrx_word' id='word_1_577' title='bbox 1582 4262 1924 4332; x_wconf 83' lang='lat' dir='ltr'><strong>imperfecta,</strong></span> <span class='ocrx_word' id='word_1_578' title='bbox 1960 4261 2056 4315; x_wconf 86' lang='lat' dir='ltr'><strong>ab-</strong></span> 
     </span>
    </p>
   </div>
   <div class='ocr_carea' id='block_1_76' title="bbox 489 4356 2055 4438">
    <p class='ocr_par' dir='ltr' id='par_1_76' title="bbox 489 4356 2055 4438">
     <span class='ocr_line' id='line_1_77' title="bbox 489 4356 2055 4438; baseline -0.01 -16"><span class='ocrx_word' id='word_1_579' title='bbox 489 4375 740 4438; x_wconf 86' lang='lat' dir='ltr'><strong>essetque</strong></span> <span class='ocrx_word' id='word_1_580' title='bbox 775 4381 804 4419; x_wconf 95' lang='lat' dir='ltr'><strong>a</strong></span> <span class='ocrx_word' id='word_1_581' title='bbox 835 4364 1062 4420; x_wconf 91' lang='lat' dir='ltr'><strong>Domino</strong></span> <span class='ocrx_word' id='word_1_582' title='bbox 1113 4375 1281 4422; x_wconf 90' lang='lat' dir='ltr'><strong>mors,</strong></span> <span class='ocrx_word' id='word_1_583' title='bbox 1317 4369 1376 4414; x_wconf 88' lang='lat' dir='ltr'><strong>ut</strong></span> <span class='ocrx_word' id='word_1_584' title='bbox 1427 4359 1520 4430; x_wconf 90' lang='lat' dir='ltr'><strong>qui</strong></span> <span class='ocrx_word' id='word_1_585' title='bbox 1575 4356 1778 4410; x_wconf 86' lang='lat' dir='ltr'><strong>frustra</strong></span> <span class='ocrx_word' id='word_1_586' title='bbox 1823 4361 2055 4408; x_wconf 88' lang='lat' dir='ltr'><strong>conatus</strong></span> 
     </span>
    </p>
   </div>
   <div class='ocr_carea' id='block_1_77' title="bbox 2157 3345 3731 3418">
    <p class='ocr_par' dir='ltr' id='par_1_77' title="bbox 2157 3345 3731 3418">
     <span class='ocr_line' id='line_1_78' title="bbox 2157 3345 3731 3418; baseline 0.003 -21"><span class='ocrx_word' id='word_1_587' title='bbox 2157 3347 2292 3411; x_wconf 87' lang='grc' dir='ltr'>ἐστι,</span> <span class='ocrx_word' id='word_1_588' title='bbox 2329 3347 2485 3418; x_wconf 84' lang='grc' dir='ltr'>μόνον</span> <span class='ocrx_word' id='word_1_589' title='bbox 2517 3345 2752 3410; x_wconf 85' lang='grc' dir='ltr'>ἀκούσας</span> <span class='ocrx_word' id='word_1_590' title='bbox 2779 3345 3121 3417; x_wconf 81' lang='grc' dir='ltr'>κατεπλάγη·</span> <span class='ocrx_word' id='word_1_591' title='bbox 3146 3346 3224 3399; x_wconf 78' lang='grc' dir='ltr'><strong>διὸ</strong></span> <span class='ocrx_word' id='word_1_592' title='bbox 3247 3347 3340 3400; x_wconf 73' lang='grc' dir='ltr'><strong>καὶ</strong></span> <span class='ocrx_word' id='word_1_593' title='bbox 3362 3347 3510 3416; x_wconf 82' lang='grc' dir='ltr'>λέγει</span> <span class='ocrx_word' id='word_1_594' title='bbox 3542 3351 3731 3414; x_wconf 54' lang='grc' dir='ltr'>αὑτάς</span> 
     </span>
    </p>
   </div>
   <div class='ocr_carea' id='block_1_78' title="bbox 2157 3437 3730 3510">
    <p class='ocr_par' dir='ltr' id='par_1_78' title="bbox 2157 3437 3730 3510">
     <span class='ocr_line' id='line_1_79' title="bbox 2157 3437 3730 3510; baseline 0.003 -19"><span class='ocrx_word' id='word_1_595' title='bbox 2157 3441 2186 3492; x_wconf 89' lang='lat'><strong>6</strong></span> <span class='ocrx_word' id='word_1_596' title='bbox 2216 3439 2442 3510; x_wconf 79' lang='grc' dir='ltr'>Σωτήρ·</span> <span class='ocrx_word' id='word_1_597' title='bbox 2510 3437 2732 3506; x_wconf 75' lang='grc' dir='ltr'><strong>Μηδενὶ</strong></span> <span class='ocrx_word' id='word_1_598' title='bbox 2785 3438 2990 3504; x_wconf 81' lang='grc' dir='ltr'>εἴπητε</span> <span class='ocrx_word' id='word_1_599' title='bbox 3033 3438 3064 3492; x_wconf 89' lang='grc' dir='ltr'>ὃ</span> <span class='ocrx_word' id='word_1_600' title='bbox 3112 3438 3284 3492; x_wconf 78' lang='grc' dir='ltr'>ἴδετε.</span> <span class='ocrx_word' id='word_1_601' title='bbox 3345 3441 3540 3493; x_wconf 76' lang='grc' dir='ltr'>Καίτοι</span> <span class='ocrx_word' id='word_1_602' title='bbox 3610 3443 3730 3495; x_wconf 65' lang='grc' dir='ltr'><strong>οἰῦὲ</strong></span> 
     </span>
    </p>
   </div>
   <div class='ocr_carea' id='block_1_79' title="bbox 2161 3529 3730 3604">
    <p class='ocr_par' dir='ltr' id='par_1_79' title="bbox 2161 3529 3730 3604">
     <span class='ocr_line' id='line_1_80' title="bbox 2161 3529 3730 3604; baseline 0.002 -21"><span class='ocrx_word' id='word_1_603' title='bbox 2161 3533 2444 3601; x_wconf 85' lang='grc' dir='ltr'>σαρκικοῖς</span> <span class='ocrx_word' id='word_1_604' title='bbox 2478 3529 2772 3600; x_wconf 79' lang='grc' dir='ltr'>ὀφθαλμοῖς</span> <span class='ocrx_word' id='word_1_605' title='bbox 2798 3530 2857 3583; x_wconf 81' lang='grc' dir='ltr'>τὸ</span> <span class='ocrx_word' id='word_1_606' title='bbox 2891 3529 3004 3598; x_wconf 82' lang='grc' dir='ltr'>φῶς</span> <span class='ocrx_word' id='word_1_607' title='bbox 3035 3531 3370 3601; x_wconf 81' lang='grc' dir='ltr'>ἐωράκεισαν</span> <span class='ocrx_word' id='word_1_608' title='bbox 3390 3548 3403 3560; x_wconf 94' lang='grc'><strong>·</strong></span> <span class='ocrx_word' id='word_1_609' title='bbox 3436 3531 3594 3584; x_wconf 76' lang='grc' dir='ltr'>οὐδὲν</span> <span class='ocrx_word' id='word_1_610' title='bbox 3622 3535 3730 3604; x_wconf 76' lang='grc' dir='ltr'><strong>γάρ</strong></span> 
     </span>
    </p>
   </div>
   <div class='ocr_carea' id='block_1_80' title="bbox 2158 3622 3725 3696">
    <p class='ocr_par' dir='ltr' id='par_1_80' title="bbox 2158 3622 3725 3696">
     <span class='ocr_line' id='line_1_81' title="bbox 2158 3622 3725 3696; baseline 0.003 -22"><span class='ocrx_word' id='word_1_611' title='bbox 2158 3622 2419 3690; x_wconf 81' lang='grc' dir='ltr'>συγγενὲς</span> <span class='ocrx_word' id='word_1_612' title='bbox 2463 3623 2553 3675; x_wconf 75' lang='grc' dir='ltr'><strong>καὶ</strong></span> <span class='ocrx_word' id='word_1_613' title='bbox 2606 3623 2802 3675; x_wconf 79' lang='grc' dir='ltr'>οἰκεῖον</span> <span class='ocrx_word' id='word_1_614' title='bbox 2839 3622 3029 3693; x_wconf 77' lang='grc' dir='ltr'>ἐκείνῳ</span> <span class='ocrx_word' id='word_1_615' title='bbox 3077 3622 3154 3694; x_wconf 84' lang='grc' dir='ltr'><strong>τῷ</strong></span> <span class='ocrx_word' id='word_1_616' title='bbox 3209 3623 3342 3693; x_wconf 78' lang='grc' dir='ltr'>φωτί</span> <span class='ocrx_word' id='word_1_617' title='bbox 3370 3626 3463 3677; x_wconf 78' lang='grc' dir='ltr'><strong>καὶ</strong></span> <span class='ocrx_word' id='word_1_618' title='bbox 3502 3625 3629 3695; x_wconf 78' lang='grc' dir='ltr'>τῇδε</span> <span class='ocrx_word' id='word_1_619' title='bbox 3661 3630 3725 3696; x_wconf 80' lang='grc' dir='ltr'>τῇ</span> 
     </span>
    </p>
   </div>
   <div class='ocr_carea' id='block_1_81' title="bbox 2159 3714 3729 3787">
    <p class='ocr_par' dir='ltr' id='par_1_81' title="bbox 2159 3714 3729 3787">
     <span class='ocr_line' id='line_1_82' title="bbox 2159 3714 3729 3787; baseline 0.004 -22"><span class='ocrx_word' id='word_1_620' title='bbox 2159 3714 2354 3786; x_wconf 84' lang='grc' dir='ltr'>σαρκί·</span> <span class='ocrx_word' id='word_1_621' title='bbox 2399 3715 2511 3768; x_wconf 86' lang='grc' dir='ltr'>ἀλλ’</span> <span class='ocrx_word' id='word_1_622' title='bbox 2538 3715 2610 3779; x_wconf 83' lang='grc' dir='ltr'>ὡς</span> <span class='ocrx_word' id='word_1_623' title='bbox 2642 3717 2674 3786; x_wconf 80' lang='grc' dir='ltr'>ἡ</span> <span class='ocrx_word' id='word_1_624' title='bbox 2707 3715 2932 3785; x_wconf 84' lang='grc' dir='ltr'>δύναμις</span> <span class='ocrx_word' id='word_1_625' title='bbox 2983 3716 3077 3769; x_wconf 80' lang='grc' dir='ltr'><strong>καὶ</strong></span> <span class='ocrx_word' id='word_1_626' title='bbox 3107 3719 3138 3786; x_wconf 86' lang='grc' dir='ltr'><strong>ὴ</strong></span> <span class='ocrx_word' id='word_1_627' title='bbox 3186 3715 3438 3787; x_wconf 88' lang='grc' dir='ltr'>βούλησις</span> <span class='ocrx_word' id='word_1_628' title='bbox 3475 3718 3568 3770; x_wconf 83' lang='grc' dir='ltr'><strong>τοῦ</strong></span> <span class='ocrx_word' id='word_1_629' title='bbox 3619 3720 3729 3771; x_wconf 86' lang='grc' dir='ltr'><strong>Σω-</strong></span> 
     </span>
    </p>
   </div>
   <div class='ocr_carea' id='block_1_82' title="bbox 2155 3805 3726 3879">
    <p class='ocr_par' dir='ltr' id='par_1_82' title="bbox 2155 3805 3726 3879">
     <span class='ocr_line' id='line_1_83' title="bbox 2155 3805 3726 3879; baseline 0.002 -21"><span class='ocrx_word' id='word_1_630' title='bbox 2155 3806 2319 3878; x_wconf 87' lang='grc' dir='ltr'>τῆρος</span> <span class='ocrx_word' id='word_1_631' title='bbox 2366 3805 2736 3876; x_wconf 76' lang='grc' dir='ltr'>ἐνεδυνάμωσε</span> <span class='ocrx_word' id='word_1_632' title='bbox 2777 3807 2876 3878; x_wconf 84' lang='grc' dir='ltr'>τὴν</span> <span class='ocrx_word' id='word_1_633' title='bbox 2908 3806 3103 3879; x_wconf 85' lang='grc' dir='ltr'>σάρκα,</span> <span class='ocrx_word' id='word_1_634' title='bbox 3157 3809 3235 3870; x_wconf 81' lang='grc' dir='ltr'>εἰς</span> <span class='ocrx_word' id='word_1_635' title='bbox 3287 3807 3348 3859; x_wconf 78' lang='grc' dir='ltr'>τὸ</span> <span class='ocrx_word' id='word_1_636' title='bbox 3395 3808 3726 3861; x_wconf 82' lang='grc' dir='ltr'>θεάσασθαι·</span> 
     </span>
    </p>
   </div>
   <div class='ocr_carea' id='block_1_83' title="bbox 2158 3896 3728 3975">
    <p class='ocr_par' dir='ltr' id='par_1_83' title="bbox 2158 3896 3728 3975">
     <span class='ocr_line' id='line_1_84' title="bbox 2158 3896 3728 3975; baseline 0 -23"><span class='ocrx_word' id='word_1_637' title='bbox 2158 3897 2330 3961; x_wconf 75' lang='grc' dir='ltr'>ἄλλως</span> <span class='ocrx_word' id='word_1_638' title='bbox 2363 3914 2421 3950; x_wconf 85' lang='grc' dir='ltr'><strong>τε</strong></span> <span class='ocrx_word' id='word_1_639' title='bbox 2455 3899 2549 3951; x_wconf 77' lang='grc' dir='ltr'><strong>καὶ</strong></span> <span class='ocrx_word' id='word_1_640' title='bbox 2597 3897 2625 3950; x_wconf 87' lang='lat'><strong>6</strong></span> <span class='ocrx_word' id='word_1_641' title='bbox 2670 3901 2702 3970; x_wconf 78' lang='grc' dir='ltr'><strong>η</strong></span> <span class='ocrx_word' id='word_1_642' title='bbox 2761 3897 2904 3968; x_wconf 75' lang='grc' dir='ltr'>ψυχὴ</span> <span class='ocrx_word' id='word_1_643' title='bbox 2934 3896 3062 3959; x_wconf 74' lang='grc' dir='ltr'>εἶδε,</span> <span class='ocrx_word' id='word_1_644' title='bbox 3098 3899 3368 3968; x_wconf 76' lang='grc' dir='ltr'>μετέδωκε</span> <span class='ocrx_word' id='word_1_645' title='bbox 3395 3901 3728 3975; x_wconf 77' lang='grc' dir='ltr'>κοινωνούσῃ</span> 
     </span>
    </p>
   </div>
   <div class='ocr_carea' id='block_1_84' title="bbox 2155 3987 3728 4060">
    <p class='ocr_par' dir='ltr' id='par_1_84' title="bbox 2155 3987 3728 4060">
     <span class='ocr_line' id='line_1_85' title="bbox 2155 3987 3728 4060; baseline 0.001 -19"><span class='ocrx_word' id='word_1_646' title='bbox 2155 3991 2221 4060; x_wconf 78' lang='grc' dir='ltr'>τῇ</span> <span class='ocrx_word' id='word_1_647' title='bbox 2252 3989 2434 4060; x_wconf 77' lang='grc' dir='ltr'>σαρκὶ,</span> <span class='ocrx_word' id='word_1_648' title='bbox 2471 3987 2884 4060; x_wconf 81' lang='grc' dir='ltr'>συμπεπλέχθαι</span> <span class='ocrx_word' id='word_1_649' title='bbox 2911 3988 3067 4058; x_wconf 76' lang='grc' dir='ltr'>αὐτῇ.</span> <span class='ocrx_word' id='word_1_650' title='bbox 3095 3988 3168 4040; x_wconf 84' lang='grc' dir='ltr'><strong>Τὸ</strong></span> <span class='ocrx_word' id='word_1_651' title='bbox 3189 3988 3264 4049; x_wconf 82' lang='grc' dir='ltr'>δὲ,</span> <span class='ocrx_word' id='word_1_652' title='bbox 3299 3989 3524 4056; x_wconf 74' lang='grc' dir='ltr'><strong>Μηδενὶ</strong></span> <span class='ocrx_word' id='word_1_653' title='bbox 3554 3992 3728 4057; x_wconf 77' lang='grc' dir='ltr'>εἴπη-</span> 
     </span>
    </p>
   </div>
   <div class='ocr_carea' id='block_1_85' title="bbox 2157 4079 3729 4151">
    <p class='ocr_par' dir='ltr' id='par_1_85' title="bbox 2157 4079 3729 4151">
     <span class='ocr_line' id='line_1_86' title="bbox 2157 4079 3729 4151; baseline 0.001 -19"><span class='ocrx_word' id='word_1_654' title='bbox 2157 4096 2241 4142; x_wconf 76' lang='grc' dir='ltr'><strong>τε,</strong></span> <span class='ocrx_word' id='word_1_655' title='bbox 2282 4080 2372 4133; x_wconf 77' lang='grc' dir='ltr'><strong>ἵνα</strong></span> <span class='ocrx_word' id='word_1_656' title='bbox 2401 4080 2496 4151; x_wconf 83' lang='grc' dir='ltr'>μὴ,</span> <span class='ocrx_word' id='word_1_657' title='bbox 2529 4081 2557 4132; x_wconf 83' lang='grc' dir='ltr'>ὃ</span> <span class='ocrx_word' id='word_1_658' title='bbox 2586 4082 2731 4132; x_wconf 89' lang='grc' dir='ltr'>ἐστιν</span> <span class='ocrx_word' id='word_1_659' title='bbox 2754 4081 2782 4132; x_wconf 90' lang='lat'><strong>6</strong></span> <span class='ocrx_word' id='word_1_660' title='bbox 2811 4079 3009 4150; x_wconf 81' lang='grc' dir='ltr'>Κύριος</span> <span class='ocrx_word' id='word_1_661' title='bbox 3036 4082 3345 4149; x_wconf 80' lang='grc' dir='ltr'>νοήσαντες,</span> <span class='ocrx_word' id='word_1_662' title='bbox 3377 4081 3729 4150; x_wconf 79' lang='grc' dir='ltr'>ἀπόσχωνται</span> 
     </span>
    </p>
   </div>
   <div class='ocr_carea' id='block_1_86' title="bbox 2156 4154 3727 4243">
    <p class='ocr_par' dir='ltr' id='par_1_86' title="bbox 2156 4154 3727 4243">
     <span class='ocr_line' id='line_1_87' title="bbox 2156 4154 3727 4243; baseline 0.001 -20"><span class='ocrx_word' id='word_1_663' title='bbox 2156 4170 2247 4223; x_wconf 89' lang='grc' dir='ltr'><strong>τοῦ</strong></span> <span class='ocrx_word' id='word_1_664' title='bbox 2276 4169 2582 4223; x_wconf 84' lang='grc' dir='ltr'>ἐπιϐάλλειν</span> <span class='ocrx_word' id='word_1_665' title='bbox 2619 4170 2694 4242; x_wconf 85' lang='grc' dir='ltr'>τῷ</span> <span class='ocrx_word' id='word_1_666' title='bbox 2740 4154 2928 4242; x_wconf 79' lang='grc' dir='ltr'>Κυρίῷ</span> <span class='ocrx_word' id='word_1_667' title='bbox 2962 4169 3059 4234; x_wconf 85' lang='grc' dir='ltr'>τὰς</span> <span class='ocrx_word' id='word_1_668' title='bbox 3101 4174 3304 4242; x_wconf 86' lang='grc' dir='ltr'>χεῖρας,</span> <span class='ocrx_word' id='word_1_669' title='bbox 3337 4173 3430 4224; x_wconf 75' lang='grc' dir='ltr'><strong>καὶ</strong></span> <span class='ocrx_word' id='word_1_670' title='bbox 3463 4172 3663 4243; x_wconf 76' lang='grc' dir='ltr'>ἀτελὴς</span> <span class='ocrx_word' id='word_1_671' title='bbox 3694 4174 3727 4242; x_wconf 81' lang='grc' dir='ltr'>ἡ</span> 
     </span>
    </p>
   </div>
   <div class='ocr_carea' id='block_1_87' title="bbox 2157 4263 3727 4334">
    <p class='ocr_par' dir='ltr' id='par_1_87' title="bbox 2157 4263 3727 4334">
     <span class='ocr_line' id='line_1_88' title="bbox 2157 4263 3727 4334; baseline 0 -18"><span class='ocrx_word' id='word_1_672' title='bbox 2157 4263 2436 4332; x_wconf 71' lang='grc' dir='ltr'>οἰκονομία</span> <span class='ocrx_word' id='word_1_673' title='bbox 2470 4263 2711 4334; x_wconf 79' lang='grc' dir='ltr'>γένηται,</span> <span class='ocrx_word' id='word_1_674' title='bbox 2759 4263 2853 4316; x_wconf 80' lang='grc' dir='ltr'>καὶ</span> <span class='ocrx_word' id='word_1_675' title='bbox 2899 4265 2927 4316; x_wconf 90' lang='lat'><strong>6</strong></span> <span class='ocrx_word' id='word_1_676' title='bbox 2985 4263 3210 4327; x_wconf 84' lang='grc' dir='ltr'>θάνατος</span> <span class='ocrx_word' id='word_1_677' title='bbox 3268 4264 3572 4334; x_wconf 82' lang='grc' dir='ltr'>ἀπόσχηται</span> <span class='ocrx_word' id='word_1_678' title='bbox 3631 4263 3727 4316; x_wconf 78' lang='grc' dir='ltr'><strong>τοῦ</strong></span> 
     </span>
    </p>
   </div>
   <div class='ocr_carea' id='block_1_88' title="bbox 2159 4351 3727 4427">
    <p class='ocr_par' dir='ltr' id='par_1_88' title="bbox 2159 4351 3727 4427">
     <span class='ocr_line' id='line_1_89' title="bbox 2159 4351 3727 4427; baseline -0.001 -18"><span class='ocrx_word' id='word_1_679' title='bbox 2159 4356 2384 4427; x_wconf 77' lang='grc' dir='ltr'>Κυρίου,</span> <span class='ocrx_word' id='word_1_680' title='bbox 2418 4355 2493 4420; x_wconf 83' lang='grc' dir='ltr'><strong>ὡς</strong></span> <span class='ocrx_word' id='word_1_681' title='bbox 2527 4357 2700 4427; x_wconf 88' lang='grc' dir='ltr'>μάτην</span> <span class='ocrx_word' id='word_1_682' title='bbox 2741 4351 3012 4426; x_wconf 79' lang='grc' dir='ltr'>πειράζων</span> <span class='ocrx_word' id='word_1_683' title='bbox 3063 4357 3154 4408; x_wconf 73' lang='grc' dir='ltr'><strong>ἐπὶ</strong></span> <span class='ocrx_word' id='word_1_684' title='bbox 3184 4355 3448 4426; x_wconf 81' lang='grc' dir='ltr'>ἀνηνύτῳ.</span> <span class='ocrx_word' id='word_1_685' title='bbox 3486 4356 3596 4408; x_wconf 76' lang='grc' dir='ltr'>Καὶ</span> <span class='ocrx_word' id='word_1_686' title='bbox 3647 4356 3727 4408; x_wconf 78' lang='grc' dir='ltr'><strong>ἐτι</strong></span> 
     </span>
    </p>
   </div>
   <div class='ocr_carea' id='block_1_89' title="bbox 489 4438 2053 4542">
    <p class='ocr_par' dir='ltr' id='par_1_89' title="bbox 489 4443 2053 4542">
     <span class='ocr_line' id='line_1_90' title="bbox 489 4443 2053 4542; baseline -0.012 -25"><span class='ocrx_word' id='word_1_687' title='bbox 489 4468 573 4516; x_wconf 89' lang='lat' dir='ltr'><strong>est</strong></span> <span class='ocrx_word' id='word_1_688' title='bbox 603 4459 746 4530; x_wconf 90' lang='lat' dir='ltr'><strong>quod</strong></span> <span class='ocrx_word' id='word_1_689' title='bbox 779 4456 1040 4528; x_wconf 81' lang='lat' dir='ltr'><strong>perlicere</strong></span> <span class='ocrx_word' id='word_1_690' title='bbox 1069 4451 1394 4542; x_wconf 52' lang='lat' dir='ltr'><strong>non’potuit.</strong></span> <span class='ocrx_word' id='word_1_691' title='bbox 1417 4448 1708 4511; x_wconf 63' lang='lat' dir='ltr'><strong>Praeterea,</strong></span> <span class='ocrx_word' id='word_1_692' title='bbox 1740 4460 1845 4500; x_wconf 82' lang='lat' dir='ltr'><strong>vox</strong></span> <span class='ocrx_word' id='word_1_693' title='bbox 1882 4445 1973 4498; x_wconf 89' lang='lat' dir='ltr'><strong>illa</strong></span> <span class='ocrx_word' id='word_1_694' title='bbox 1997 4443 2053 4498; x_wconf 90' lang='lat' dir='ltr'><strong>in</strong></span> 
     </span>
    </p>
   </div>
   <div class='ocr_carea' id='block_1_90' title="bbox 2157 4438 3729 4542">
    <p class='ocr_par' dir='ltr' id='par_1_90' title="bbox 2157 4445 3729 4518">
     <span class='ocr_line' id='line_1_91' title="bbox 2157 4445 3729 4518; baseline -0.001 -19"><span class='ocrx_word' id='word_1_695' title='bbox 2157 4449 2186 4516; x_wconf 82' lang='grc' dir='ltr'>ἡ</span> <span class='ocrx_word' id='word_1_696' title='bbox 2214 4447 2310 4516; x_wconf 88' lang='grc' dir='ltr'>μὲν</span> <span class='ocrx_word' id='word_1_697' title='bbox 2341 4448 2398 4499; x_wconf 91' lang='grc' dir='ltr'><strong>ἐν</strong></span> <span class='ocrx_word' id='word_1_698' title='bbox 2431 4446 2510 4516; x_wconf 81' lang='grc' dir='ltr'>τῷ</span> <span class='ocrx_word' id='word_1_699' title='bbox 2535 4447 2649 4517; x_wconf 76' lang='grc' dir='ltr'>ὄρει</span> <span class='ocrx_word' id='word_1_700' title='bbox 2682 4447 2831 4518; x_wconf 84' lang='grc' dir='ltr'>φωνὴ</span> <span class='ocrx_word' id='word_1_701' title='bbox 2865 4449 2974 4509; x_wconf 91' lang='grc' dir='ltr'>τοῖς</span> <span class='ocrx_word' id='word_1_702' title='bbox 3005 4446 3105 4517; x_wconf 79' lang='grc' dir='ltr'>ῆδη</span> <span class='ocrx_word' id='word_1_703' title='bbox 3141 4449 3396 4499; x_wconf 87' lang='grc' dir='ltr'>συνιεῖσιν</span> <span class='ocrx_word' id='word_1_704' title='bbox 3447 4445 3729 4510; x_wconf 81' lang='grc' dir='ltr'>ἐκλεκτοῖς</span> 
     </span>
    </p>
   </div>
   <div class='ocr_carea' id='block_1_91' title="bbox 489 4536 2048 4621">
    <p class='ocr_par' dir='ltr' id='par_1_91' title="bbox 489 4536 2048 4621">
     <span class='ocr_line' id='line_1_92' title="bbox 489 4536 2048 4621; baseline -0.01 -17"><span class='ocrx_word' id='word_1_705' title='bbox 489 4558 675 4606; x_wconf 88' lang='lat' dir='ltr'><strong>monte</strong></span> <span class='ocrx_word' id='word_1_706' title='bbox 711 4551 921 4621; x_wconf 88' lang='lat' dir='ltr'><strong>prolata</strong></span> <span class='ocrx_word' id='word_1_707' title='bbox 969 4547 1155 4604; x_wconf 89' lang='lat' dir='ltr'><strong>electis</strong></span> <span class='ocrx_word' id='word_1_708' title='bbox 1177 4536 1278 4615; x_wconf 49' lang='lat' dir='ltr'><strong>&#39;qui</strong></span> <span class='ocrx_word' id='word_1_709' title='bbox 1307 4541 1604 4610; x_wconf 80' lang='lat' dir='ltr'><strong>intelligere</strong></span> <span class='ocrx_word' id='word_1_710' title='bbox 1646 4543 1872 4608; x_wconf 85' lang='lat' dir='ltr'><strong>possent</strong></span> <span class='ocrx_word' id='word_1_711' title='bbox 1905 4536 2048 4591; x_wconf 81' lang='lat' dir='ltr'><strong>facta</strong></span> 
     </span>
    </p>
   </div>
   <div class='ocr_carea' id='block_1_92' title="bbox 482 4627 2051 4712">
    <p class='ocr_par' dir='ltr' id='par_1_92' title="bbox 482 4627 2051 4712">
     <span class='ocr_line' id='line_1_93' title="bbox 482 4627 2051 4712; baseline -0.011 -13"><span class='ocrx_word' id='word_1_712' title='bbox 482 4657 605 4712; x_wconf 81' lang='lat' dir='ltr'><strong>est;</strong></span> <span class='ocrx_word' id='word_1_713' title='bbox 660 4646 890 4709; x_wconf 85' lang='lat' dir='ltr'><strong>ideoque</strong></span> <span class='ocrx_word' id='word_1_714' title='bbox 937 4642 1116 4697; x_wconf 89' lang='lat' dir='ltr'><strong>mirati</strong></span> <span class='ocrx_word' id='word_1_715' title='bbox 1152 4643 1301 4700; x_wconf 91' lang='lat' dir='ltr'><strong>sunt,</strong></span> <span class='ocrx_word' id='word_1_716' title='bbox 1339 4633 1654 4689; x_wconf 89' lang='lat' dir='ltr'><strong>testimonio</strong></span> <span class='ocrx_word' id='word_1_717' title='bbox 1696 4631 1774 4685; x_wconf 89' lang='lat' dir='ltr'><strong>illi</strong></span> <span class='ocrx_word' id='word_1_718' title='bbox 1806 4631 1936 4691; x_wconf 87' lang='lat' dir='ltr'><strong>lato,</strong></span> <span class='ocrx_word' id='word_1_719' title='bbox 1960 4627 2051 4682; x_wconf 90' lang='lat' dir='ltr'><strong>cui</strong></span> 
     </span>
    </p>
   </div>
   <div class='ocr_carea' id='block_1_93' title="bbox 369 4718 2048 4808">
    <p class='ocr_par' dir='ltr' id='par_1_93' title="bbox 369 4718 2048 4808">
     <span class='ocr_line' id='line_1_94' title="bbox 369 4718 2048 4808; baseline -0.011 -16"><span class='ocrx_word' id='word_1_720' title='bbox 369 4793 376 4802; x_wconf 79' lang='grc'><strong>,</strong></span> <span class='ocrx_word' id='word_1_721' title='bbox 485 4746 542 4791; x_wconf 80' lang='lat' dir='ltr'><strong>et</strong></span> <span class='ocrx_word' id='word_1_722' title='bbox 585 4738 683 4808; x_wconf 84' lang='lat' dir='ltr'><strong>ipsi</strong></span> <span class='ocrx_word' id='word_1_723' title='bbox 738 4735 1120 4792; x_wconf 84' lang='lat' dir='ltr'><strong>crediderant:</strong></span> <span class='ocrx_word' id='word_1_724' title='bbox 1148 4745 1247 4785; x_wconf 81' lang='lat' dir='ltr'><strong>vox</strong></span> <span class='ocrx_word' id='word_1_725' title='bbox 1285 4735 1465 4782; x_wconf 89' lang='lat' dir='ltr'><strong>autem</strong></span> <span class='ocrx_word' id='word_1_726' title='bbox 1499 4724 1589 4777; x_wconf 90' lang='lat' dir='ltr'><strong>illa</strong></span> <span class='ocrx_word' id='word_1_727' title='bbox 1630 4723 1686 4777; x_wconf 88' lang='lat' dir='ltr'><strong>in</strong></span> <span class='ocrx_word' id='word_1_728' title='bbox 1726 4721 1893 4776; x_wconf 84' lang='lat' dir='ltr'><strong>ﬂuvio</strong></span> <span class='ocrx_word' id='word_1_729' title='bbox 1922 4718 2048 4774; x_wconf 84' lang='lat' dir='ltr'><strong>Jor-</strong></span> 
     </span>
    </p>
   </div>
   <div class='ocr_carea' id='block_1_94' title="bbox 481 4815 2047 4900">
    <p class='ocr_par' dir='ltr' id='par_1_94' title="bbox 481 4815 2047 4900">
     <span class='ocr_line' id='line_1_95' title="bbox 481 4815 2047 4900; baseline -0.013 -15"><span class='ocrx_word' id='word_1_730' title='bbox 481 4829 628 4885; x_wconf 38' lang='lat' dir='ltr'><strong>vdane</strong></span> <span class='ocrx_word' id='word_1_731' title='bbox 678 4829 886 4900; x_wconf 86' lang='lat' dir='ltr'><strong>prolata</strong></span> <span class='ocrx_word' id='word_1_732' title='bbox 915 4834 999 4882; x_wconf 90' lang='lat' dir='ltr'><strong>est</strong></span> <span class='ocrx_word' id='word_1_733' title='bbox 1040 4825 1148 4879; x_wconf 90' lang='lat' dir='ltr'><strong>illis</strong></span> <span class='ocrx_word' id='word_1_734' title='bbox 1177 4821 1271 4892; x_wconf 90' lang='lat' dir='ltr'><strong>qui</strong></span> <span class='ocrx_word' id='word_1_735' title='bbox 1302 4820 1356 4873; x_wconf 90' lang='lat' dir='ltr'><strong>in</strong></span> <span class='ocrx_word' id='word_1_736' title='bbox 1402 4832 1526 4873; x_wconf 89' lang='lat' dir='ltr'><strong>eum</strong></span> <span class='ocrx_word' id='word_1_737' title='bbox 1560 4815 1823 4870; x_wconf 89' lang='lat' dir='ltr'><strong>credituri</strong></span> <span class='ocrx_word' id='word_1_738' title='bbox 1867 4822 2047 4878; x_wconf 86' lang='lat' dir='ltr'><strong>erant;</strong></span> 
     </span>
    </p>
   </div>
   <div class='ocr_carea' id='block_1_95' title="bbox 2158 4535 3724 4614">
    <p class='ocr_par' dir='ltr' id='par_1_95' title="bbox 2158 4535 3724 4614">
     <span class='ocr_line' id='line_1_96' title="bbox 2158 4535 3724 4614; baseline -0.001 -24"><span class='ocrx_word' id='word_1_739' title='bbox 2158 4539 2404 4608; x_wconf 81' lang='grc' dir='ltr'>ἐγένετο·</span> <span class='ocrx_word' id='word_1_740' title='bbox 2447 4539 2525 4591; x_wconf 81' lang='grc' dir='ltr'><strong>διὸ</strong></span> <span class='ocrx_word' id='word_1_741' title='bbox 2581 4540 2674 4592; x_wconf 79' lang='grc' dir='ltr'><strong>καὶ</strong></span> <span class='ocrx_word' id='word_1_742' title='bbox 2730 4538 3044 4608; x_wconf 85' lang='grc' dir='ltr'>ἐθαύμασαν</span> <span class='ocrx_word' id='word_1_743' title='bbox 3127 4537 3573 4614; x_wconf 78' lang='grc' dir='ltr'>μαρτυρουμένου</span> <span class='ocrx_word' id='word_1_744' title='bbox 3633 4535 3724 4589; x_wconf 80' lang='grc' dir='ltr'><strong>τοῦ</strong></span> 
     </span>
    </p>
   </div>
   <div class='ocr_carea' id='block_1_96' title="bbox 2158 4622 3725 4699">
    <p class='ocr_par' dir='ltr' id='par_1_96' title="bbox 2158 4622 3725 4699">
     <span class='ocr_line' id='line_1_97' title="bbox 2158 4622 3725 4699; baseline -0.004 -19"><span class='ocrx_word' id='word_1_745' title='bbox 2158 4629 2540 4699; x_wconf 83' lang='grc' dir='ltr'>πιστευομένου</span> <span class='ocrx_word' id='word_1_746' title='bbox 2564 4645 2575 4656; x_wconf 88' lang='grc'><strong>·</strong></span> <span class='ocrx_word' id='word_1_747' title='bbox 2611 4629 2643 4698; x_wconf 85' lang='grc' dir='ltr'>ὴ</span> <span class='ocrx_word' id='word_1_748' title='bbox 2689 4626 2743 4680; x_wconf 85' lang='grc' dir='ltr'><strong>δὲ</strong></span> <span class='ocrx_word' id='word_1_749' title='bbox 2802 4627 2893 4680; x_wconf 76' lang='grc' dir='ltr'>ἐπὶ</span> <span class='ocrx_word' id='word_1_750' title='bbox 2926 4625 3002 4697; x_wconf 83' lang='grc' dir='ltr'><strong>τῷ</strong></span> <span class='ocrx_word' id='word_1_751' title='bbox 3051 4625 3278 4696; x_wconf 80' lang='grc' dir='ltr'>ποταμῷ</span> <span class='ocrx_word' id='word_1_752' title='bbox 3323 4627 3432 4687; x_wconf 88' lang='grc' dir='ltr'>τοῖς</span> <span class='ocrx_word' id='word_1_753' title='bbox 3471 4622 3725 4694; x_wconf 81' lang='grc' dir='ltr'>μέλλουσι</span> 
     </span>
    </p>
   </div>
   <div class='ocr_carea' id='block_1_97' title="bbox 2158 4714 3727 4788">
    <p class='ocr_par' dir='ltr' id='par_1_97' title="bbox 2158 4714 3727 4788">
     <span class='ocr_line' id='line_1_98' title="bbox 2158 4714 3727 4788; baseline -0.005 -18"><span class='ocrx_word' id='word_1_754' title='bbox 2158 4718 2460 4773; x_wconf 82' lang='grc' dir='ltr'>πιστεύειν·</span> <span class='ocrx_word' id='word_1_755' title='bbox 2496 4717 2576 4771; x_wconf 79' lang='grc' dir='ltr'><strong>διὸ</strong></span> <span class='ocrx_word' id='word_1_756' title='bbox 2602 4717 2695 4771; x_wconf 74' lang='grc' dir='ltr'><strong>καὶ</strong></span> <span class='ocrx_word' id='word_1_757' title='bbox 2721 4715 2966 4788; x_wconf 70' lang='grc' dir='ltr'>ἠμελήθη</span> <span class='ocrx_word' id='word_1_758' title='bbox 3000 4715 3199 4787; x_wconf 76' lang='grc' dir='ltr'>ήφωνὴ</span> <span class='ocrx_word' id='word_1_759' title='bbox 3247 4714 3428 4777; x_wconf 79' lang='grc' dir='ltr'>αὐτοῖς</span> <span class='ocrx_word' id='word_1_760' title='bbox 3457 4728 3727 4784; x_wconf 72' lang='grc' dir='ltr'>προκατεο</span> 
     </span>
    </p>
   </div>
   <div class='ocr_carea' id='block_1_98' title="bbox 2159 4808 3499 4882">
    <p class='ocr_par' dir='ltr' id='par_1_98' title="bbox 2159 4808 3499 4882">
     <span class='ocr_line' id='line_1_99' title="bbox 2159 4808 3499 4882; baseline -0.004 -18"><span class='ocrx_word' id='word_1_761' title='bbox 2159 4812 2403 4881; x_wconf 78' lang='grc' dir='ltr'>χομένοις</span> <span class='ocrx_word' id='word_1_762' title='bbox 2443 4811 2533 4864; x_wconf 78' lang='grc' dir='ltr'><strong>ἐπὶ</strong></span> <span class='ocrx_word' id='word_1_763' title='bbox 2561 4813 2626 4882; x_wconf 77' lang='grc' dir='ltr'>τῇ</span> <span class='ocrx_word' id='word_1_764' title='bbox 2658 4809 2765 4865; x_wconf 82' lang='grc' dir='ltr'>τῶν</span> <span class='ocrx_word' id='word_1_765' title='bbox 2791 4809 3260 4881; x_wconf 84' lang='grc' dir='ltr'>νομοδιδασκάλων</span> <span class='ocrx_word' id='word_1_766' title='bbox 3289 4808 3499 4876; x_wconf 79' lang='grc' dir='ltr'>ἀγωγῇ.</span> 
     </span>
    </p>
   </div>
   <div class='ocr_carea' id='block_1_99' title="bbox 483 4897 3589 4995">
    <p class='ocr_par' dir='ltr' id='par_1_99' title="bbox 483 4897 3589 4995">
     <span class='ocr_line' id='line_1_100' title="bbox 483 4897 3589 4995; baseline -0.008 -19"><span class='ocrx_word' id='word_1_767' title='bbox 483 4897 819 4995; x_wconf 81' lang='lat' dir='ltr'><strong>quapropter</strong></span> <span class='ocrx_word' id='word_1_768' title='bbox 847 4927 901 4975; x_wconf 89' lang='lat' dir='ltr'><strong>et</strong></span> <span class='ocrx_word' id='word_1_769' title='bbox 935 4919 1003 4972; x_wconf 89' lang='lat' dir='ltr'><strong>ab</strong></span> <span class='ocrx_word' id='word_1_770' title='bbox 1034 4915 1240 4972; x_wconf 86' lang='lat' dir='ltr'><strong>eisdem</strong></span> <span class='ocrx_word' id='word_1_771' title='bbox 1267 4911 1368 4964; x_wconf 74' lang='lat' dir='ltr'><strong>fuit</strong></span> <span class='ocrx_word' id='word_1_772' title='bbox 1398 4908 1645 4979; x_wconf 77' lang='lat' dir='ltr'><strong>neglecta</strong></span> <span class='ocrx_word' id='word_1_773' title='bbox 1670 4921 1796 4971; x_wconf 78' lang='lat' dir='ltr'><strong>vox,</strong></span> <span class='ocrx_word' id='word_1_774' title='bbox 1821 4905 1918 4979; x_wconf 89' lang='lat' dir='ltr'><strong>qui</strong></span> <span class='ocrx_word' id='word_1_775' title='bbox 1947 4902 2390 4958; x_wconf 78' lang='lat' dir='ltr'><strong>institutionibus</strong></span> <span class='ocrx_word' id='word_1_776' title='bbox 2420 4903 2860 4973; x_wconf 82' lang='lat' dir='ltr'><strong>legisperitorum</strong></span> <span class='ocrx_word' id='word_1_777' title='bbox 2888 4899 3151 4970; x_wconf 90' lang='lat' dir='ltr'><strong>implicati</strong></span> <span class='ocrx_word' id='word_1_778' title='bbox 3181 4897 3589 4952; x_wconf 88' lang='lat' dir='ltr'><strong>detinebantur.</strong></span> 
     </span>
    </p>
   </div>
   <div class='ocr_carea' id='block_1_100' title="bbox 559 5083 2053 5214">
    <p class='ocr_par' dir='ltr' id='par_1_100' title="bbox 559 5083 2053 5214">
     <span class='ocr_line' id='line_1_101' title="bbox 559 5083 2053 5214; baseline -0.012 -9"><span class='ocrx_word' id='word_1_779' title='bbox 559 5159 617 5214; x_wconf 47' lang='lat' dir='ltr'><strong>is</strong></span> <span class='ocrx_word' id='word_1_780' title='bbox 659 5149 722 5204; x_wconf 79' lang='grc' dir='ltr'>Ρ.</span> <span class='ocrx_word' id='word_1_781' title='bbox 762 5083 866 5202; x_wconf 62' lang='grc' dir='ltr'>θέε</span> <span class='ocrx_word' id='word_1_782' title='bbox 904 5145 1010 5199; x_wconf 88' lang='lat' dir='ltr'><strong>ED.</strong></span> <span class='ocrx_word' id='word_1_783' title='bbox 1052 5140 1348 5214; x_wconf 69' lang='lat' dir='ltr'><strong>eorum.</strong></span> <span class='ocrx_word' id='word_1_784' title='bbox 1374 5150 1452 5214; x_wconf 82' lang='lat'><strong>__-</strong></span> <span class='ocrx_word' id='word_1_785' title='bbox 1493 5136 1682 5214; x_wconf 68' lang='lat' dir='ltr'><strong>Matth.</strong></span> <span class='ocrx_word' id='word_1_786' title='bbox 1726 5152 1777 5198; x_wconf 79' lang='grc' dir='ltr'><strong>ν,</strong></span> <span class='ocrx_word' id='word_1_787' title='bbox 1811 5133 1928 5214; x_wconf 79' lang='lat' dir='ltr'><strong>l6_._</strong></span> <span class='ocrx_word' id='word_1_788' title='bbox 2013 5132 2053 5214; x_wconf 76' lang='lat' dir='ltr'><strong>b_</strong></span> 
     </span>
    </p>
   </div>
   <div class='ocr_carea' id='block_1_101' title="bbox 2157 5083 2493 5214">
    <p class='ocr_par' dir='ltr' id='par_1_101' title="bbox 2157 5125 2493 5214">
     <span class='ocr_line' id='line_1_102' title="bbox 2157 5125 2493 5214; baseline -0.009 -32"><span class='ocrx_word' id='word_1_789' title='bbox 2157 5145 2243 5214; x_wconf 42' lang='lat' dir='ltr'><strong>in:</strong></span> <span class='ocrx_word' id='word_1_790' title='bbox 2265 5143 2355 5189; x_wconf 75' lang='lat' dir='ltr'><strong>xx,</strong></span> <span class='ocrx_word' id='word_1_791' title='bbox 2403 5125 2493 5214; x_wconf 63' lang='lat'><strong>22.</strong></span> 
     </span>
    </p>
   </div>
   <div class='ocr_carea' id='block_1_102' title="bbox 2608 5113 3722 5186">
    <p class='ocr_par' dir='ltr' id='par_1_102' title="bbox 2608 5113 3722 5186">
     <span class='ocr_line' id='line_1_103' title="bbox 2608 5113 3722 5186; baseline -0.011 -7"><span class='ocrx_word' id='word_1_792' title='bbox 2608 5136 2630 5164; x_wconf 73' lang='grc' dir='ltr'><strong>ε</strong></span> <span class='ocrx_word' id='word_1_793' title='bbox 2671 5123 2860 5178; x_wconf 73' lang='lat' dir='ltr'><strong>Matth.</strong></span> <span class='ocrx_word' id='word_1_794' title='bbox 2899 5136 3031 5186; x_wconf 82' lang='lat' dir='ltr'><strong>xm,</strong></span> <span class='ocrx_word' id='word_1_795' title='bbox 3067 5119 3187 5176; x_wconf 75' lang='grc'><strong>1-8.</strong></span> <span class='ocrx_word' id='word_1_796' title='bbox 3293 5118 3320 5159; x_wconf 75' lang='grc' dir='ltr'><em>δ</em></span> <span class='ocrx_word' id='word_1_797' title='bbox 3361 5115 3532 5173; x_wconf 74' lang='lat' dir='ltr'><strong>lPet.</strong></span> <span class='ocrx_word' id='word_1_798' title='bbox 3566 5131 3628 5174; x_wconf 86' lang='grc' dir='ltr'><strong>ιι.</strong></span> <span class='ocrx_word' id='word_1_799' title='bbox 3667 5113 3722 5167; x_wconf 83' lang='lat'><strong>9.</strong></span> 
     </span>
    </p>
   </div>
   <div class='ocr_carea' id='block_1_103' title="bbox 487 5195 2053 5280">
    <p class='ocr_par' dir='ltr' id='par_1_103' title="bbox 487 5195 2053 5280">
     <span class='ocr_line' id='line_1_104' title="bbox 487 5195 2053 5280; baseline -0.015 -2"><span class='ocrx_word' id='word_1_800' title='bbox 487 5231 516 5261; x_wconf 75' lang='grc' dir='ltr'><strong>ο</strong></span> <span class='ocrx_word' id='word_1_801' title='bbox 557 5195 1072 5280; x_wconf 34' lang='lat' dir='ltr'><strong>Ivi—‘27;</strong></span> <span class='ocrx_word' id='word_1_802' title='bbox 1099 5195 1232 5268; x_wconf 73' lang='lat' dir='ltr'><strong>Luc.</strong></span> <span class='ocrx_word' id='word_1_803' title='bbox 1260 5227 1338 5276; x_wconf 75' lang='lat' dir='ltr'><strong>ix,</strong></span> <span class='ocrx_word' id='word_1_804' title='bbox 1370 5208 1459 5264; x_wconf 74' lang='lat'><strong>2&#39;7.</strong></span> <span class='ocrx_word' id='word_1_805' title='bbox 1541 5208 1561 5248; x_wconf 73' lang='grc' dir='ltr'>ί</span> <span class='ocrx_word' id='word_1_806' title='bbox 1602 5195 1832 5268; x_wconf 59' lang='grc' dir='ltr'>Ιοαηζι,</span> <span class='ocrx_word' id='word_1_807' title='bbox 1862 5204 1948 5258; x_wconf 78' lang='grc'><strong>55.</strong></span> <span class='ocrx_word' id='word_1_808' title='bbox 2030 5204 2053 5240; x_wconf 73' lang='grc' dir='ltr'><strong>δ</strong></span> 
     </span>
    </p>
   </div>
   <div class='ocr_carea' id='block_1_104' title="bbox 2157 5195 2540 5280">
    <p class='ocr_par' dir='ltr' id='par_1_104' title="bbox 2157 5195 2540 5261">
     <span class='ocr_line' id='line_1_105' title="bbox 2157 5195 2540 5261; baseline -0.008 -8"><span class='ocrx_word' id='word_1_809' title='bbox 2157 5198 2284 5254; x_wconf 73' lang='lat' dir='ltr'><strong>attb.</strong></span> <span class='ocrx_word' id='word_1_810' title='bbox 2317 5213 2449 5261; x_wconf 80' lang='lat' dir='ltr'><strong>xvu,</strong></span> <span class='ocrx_word' id='word_1_811' title='bbox 2486 5195 2540 5250; x_wconf 81' lang='lat'><strong>9.</strong></span> 
     </span>
    </p>
   </div>
   <div class='ocr_carea' id='block_1_105' title="bbox 560 5379 2586 5475">
    <p class='ocr_par' dir='ltr' id='par_1_105' title="bbox 560 5379 2586 5475">
     <span class='ocr_line' id='line_1_106' title="bbox 560 5379 2586 5475; baseline -0.013 -16"><span class='ocrx_word' id='word_1_812' title='bbox 560 5404 671 5475; x_wconf 84' lang='lat'><strong>’55)</strong></span> <span class='ocrx_word' id='word_1_813' title='bbox 701 5402 804 5457; x_wconf 82' lang='grc' dir='ltr'><strong>Διὰ</strong></span> <span class='ocrx_word' id='word_1_814' title='bbox 833 5399 1074 5475; x_wconf 40' lang='lat' dir='ltr'><strong>statim;</strong></span> <span class='ocrx_word' id='word_1_815' title='bbox 1102 5410 1238 5475; x_wconf 71' lang='grc' dir='ltr'>τᾳπ.</span> <span class='ocrx_word' id='word_1_816' title='bbox 1274 5395 1395 5475; x_wconf 80' lang='lat' dir='ltr'><strong>_Alte</strong></span> <span class='ocrx_word' id='word_1_817' title='bbox 1425 5392 1559 5474; x_wconf 75' lang='lat' dir='ltr'><strong>satis</strong></span> <span class='ocrx_word' id='word_1_818' title='bbox 1579 5385 2042 5475; x_wconf 34' lang='lat' dir='ltr'><strong>et‘orth‘odoxede</strong></span> <span class='ocrx_word' id='word_1_819' title='bbox 2143 5385 2329 5475; x_wconf 29' lang='lat' dir='ltr'><strong>tione;</strong></span> <span class='ocrx_word' id='word_1_820' title='bbox 2349 5379 2586 5475; x_wconf 47' lang='grc' dir='ltr'>ςιοηειν.</span> 
     </span>
    </p>
   </div>
   <div class='ocr_carea' id='block_1_106' title="bbox 486 5459 2044 5538">
    <p class='ocr_par' dir='ltr' id='par_1_106' title="bbox 486 5459 2044 5538">
     <span class='ocr_line' id='line_1_107' title="bbox 486 5459 2044 5538; baseline -0.016 -8"><span class='ocrx_word' id='word_1_821' title='bbox 486 5459 691 5530; x_wconf 66' lang='lat' dir='ltr'><strong>Chrisii</strong></span> <span class='ocrx_word' id='word_1_822' title='bbox 724 5459 1026 5538; x_wconf 70' lang='lat' dir='ltr'><strong>mysteriis,</strong></span> <span class='ocrx_word' id='word_1_823' title='bbox 1055 5470 1147 5538; x_wconf 91' lang='lat' dir='ltr'><strong>qui</strong></span> <span class='ocrx_word' id='word_1_824' title='bbox 1177 5485 1238 5524; x_wconf 89' lang='lat' dir='ltr'><strong>se</strong></span> <span class='ocrx_word' id='word_1_825' title='bbox 1273 5467 1345 5519; x_wconf 87' lang='lat' dir='ltr'><strong>ita</strong></span> <span class='ocrx_word' id='word_1_826' title='bbox 1377 5459 1707 5538; x_wconf 65' lang='lat' dir='ltr'><strong>exinanivit,</strong></span> <span class='ocrx_word' id='word_1_827' title='bbox 1730 5467 1787 5511; x_wconf 86' lang='grc' dir='ltr'><strong>ιιι</strong></span> <span class='ocrx_word' id='word_1_828' title='bbox 1807 5472 1913 5538; x_wconf 79' lang='lat' dir='ltr'><strong>nou</strong></span> <span class='ocrx_word' id='word_1_829' title='bbox 1947 5469 2044 5507; x_wconf 90' lang='lat' dir='ltr'><strong>an-</strong></span> 
     </span>
    </p>
   </div>
   <div class='ocr_carea' id='block_1_107' title="bbox 489 5527 2046 5614">
    <p class='ocr_par' dir='ltr' id='par_1_107' title="bbox 489 5527 2046 5614">
     <span class='ocr_line' id='line_1_108' title="bbox 489 5527 2046 5614; baseline -0.015 -14"><span class='ocrx_word' id='word_1_830' title='bbox 489 5527 642 5614; x_wconf 57' lang='lat' dir='ltr'><strong>gata;</strong></span> <span class='ocrx_word' id='word_1_831' title='bbox 666 5527 761 5598; x_wconf 86' lang='lat' dir='ltr'><strong>sed</strong></span> <span class='ocrx_word' id='word_1_832' title='bbox 783 5527 947 5614; x_wconf 81' lang='lat' dir='ltr'><strong>homo</strong></span> <span class='ocrx_word' id='word_1_833' title='bbox 979 5527 1154 5614; x_wconf 67' lang='lat' dir='ltr'><strong>lier&#39;et,</strong></span> <span class='ocrx_word' id='word_1_834' title='bbox 1184 5551 1306 5614; x_wconf 83' lang='lat' dir='ltr'><strong>quae</strong></span> <span class='ocrx_word' id='word_1_835' title='bbox 1331 5544 1573 5614; x_wconf 73' lang='lat' dir='ltr'><strong>extrema</strong></span> <span class='ocrx_word' id='word_1_836' title='bbox 1599 5529 1782 5614; x_wconf 62' lang='lat' dir='ltr'><strong>vilitas</strong></span> <span class='ocrx_word' id='word_1_837' title='bbox 1810 5527 1868 5614; x_wconf 75' lang='lat' dir='ltr'><strong>in</strong></span> <span class='ocrx_word' id='word_1_838' title='bbox 1892 5539 2046 5605; x_wconf 72' lang='lat' dir='ltr'><strong>crea-</strong></span> 
     </span>
    </p>
   </div>
   <div class='ocr_carea' id='block_1_108' title="bbox 488 5601 1937 5684">
    <p class='ocr_par' dir='ltr' id='par_1_108' title="bbox 488 5601 1937 5684">
     <span class='ocr_line' id='line_1_109' title="bbox 488 5601 1937 5684; baseline -0.003 -19"><span class='ocrx_word' id='word_1_839' title='bbox 488 5601 610 5667; x_wconf 61' lang='lat' dir='ltr'><strong>i&#39;ura</strong></span> <span class='ocrx_word' id='word_1_840' title='bbox 647 5601 1173 5684; x_wconf 75' lang='lat' dir='ltr'><strong>intelligente,_idem</strong></span> <span class='ocrx_word' id='word_1_841' title='bbox 1202 5601 1331 5678; x_wconf 73' lang='lat' dir='ltr'><strong>ipse</strong></span> <span class='ocrx_word' id='word_1_842' title='bbox 1355 5606 1448 5676; x_wconf 91' lang='lat' dir='ltr'><strong>qui</strong></span> <span class='ocrx_word' id='word_1_843' title='bbox 1485 5601 1736 5684; x_wconf 30' lang='lat' dir='ltr'><strong>inhctnlis</strong></span> <span class='ocrx_word' id='word_1_844' title='bbox 1777 5603 1937 5684; x_wconf 42' lang='grc' dir='ltr'>ςῑλιξ</span> 
     </span>
    </p>
   </div>
   <div class='ocr_carea' id='block_1_109' title="bbox 487 5674 2048 5747">
    <p class='ocr_par' dir='ltr' id='par_1_109' title="bbox 487 5674 2048 5747">
     <span class='ocr_line' id='line_1_110' title="bbox 487 5674 2048 5747; baseline -0.01 -12"><span class='ocrx_word' id='word_1_845' title='bbox 487 5692 508 5735; x_wconf 79' lang='lat' dir='ltr'><strong>t</strong></span> <span class='ocrx_word' id='word_1_846' title='bbox 529 5701 654 5747; x_wconf 66' lang='lat' dir='ltr'><strong>rrra,</strong></span> <span class='ocrx_word' id='word_1_847' title='bbox 691 5698 794 5738; x_wconf 90' lang='lat' dir='ltr'><strong>nec</strong></span> <span class='ocrx_word' id='word_1_848' title='bbox 822 5674 852 5738; x_wconf 72' lang='grc' dir='ltr'>Ξ</span> <span class='ocrx_word' id='word_1_849' title='bbox 882 5698 944 5738; x_wconf 76' lang='lat' dir='ltr'><strong>se</strong></span> <span class='ocrx_word' id='word_1_850' title='bbox 987 5680 1218 5740; x_wconf 84' lang='lat' dir='ltr'><strong>divisus,</strong></span> <span class='ocrx_word' id='word_1_851' title='bbox 1235 5674 1444 5747; x_wconf 54' lang='lat' dir='ltr'><strong>&#39;nem&#39;pe</strong></span> <span class='ocrx_word' id='word_1_852' title='bbox 1475 5674 1676 5729; x_wconf 84' lang='lat' dir='ltr'><strong>deitate</strong></span> <span class='ocrx_word' id='word_1_853' title='bbox 1695 5682 1822 5747; x_wconf 73' lang='lat' dir='ltr'><strong>qua</strong></span> <span class='ocrx_word' id='word_1_854' title='bbox 1848 5674 2048 5747; x_wconf 83' lang='lat' dir='ltr'><strong>ubique</strong></span> 
     </span>
    </p>
   </div>
   <div class='ocr_carea' id='block_1_110' title="bbox 484 5744 2038 5823">
    <p class='ocr_par' dir='ltr' id='par_1_110' title="bbox 484 5744 2038 5823">
     <span class='ocr_line' id='line_1_111' title="bbox 484 5744 2038 5823; baseline -0.014 -13"><span class='ocrx_word' id='word_1_855' title='bbox 484 5766 586 5823; x_wconf 79' lang='lat' dir='ltr'><strong>est,</strong></span> <span class='ocrx_word' id='word_1_856' title='bbox 605 5744 714 5813; x_wconf 72' lang='lat' dir='ltr'><strong>non</strong></span> <span class='ocrx_word' id='word_1_857' title='bbox 739 5756 811 5810; x_wconf 76' lang='lat' dir='ltr'><strong>ita</strong></span> <span class='ocrx_word' id='word_1_858' title='bbox 842 5751 1223 5816; x_wconf 82' lang='lat' dir='ltr'><strong>humanitatis,</strong></span> <span class='ocrx_word' id='word_1_859' title='bbox 1241 5763 1361 5818; x_wconf 66' lang='lat' dir='ltr'><strong>qua</strong></span> <span class='ocrx_word' id='word_1_860' title='bbox 1381 5744 1804 5815; x_wconf 64' lang='lat' dir='ltr'><strong>circumscripta</strong></span> <span class='ocrx_word' id='word_1_861' title='bbox 1819 5745 1925 5804; x_wconf 82' lang='lat' dir='ltr'><strong>est,</strong></span> <span class='ocrx_word' id='word_1_862' title='bbox 1947 5749 2038 5791; x_wconf 83' lang='lat' dir='ltr'><strong>ra-</strong></span> 
     </span>
    </p>
   </div>
   <div class='ocr_carea' id='block_1_111' title="bbox 2219 5434 3720 5522">
    <p class='ocr_par' dir='ltr' id='par_1_111' title="bbox 2219 5434 3720 5522">
     <span class='ocr_line' id='line_1_112' title="bbox 2219 5434 3720 5522; baseline -0.011 -15"><span class='ocrx_word' id='word_1_863' title='bbox 2219 5434 2331 5522; x_wconf 67' lang='lat'><strong>(56)</strong></span> <span class='ocrx_word' id='word_1_864' title='bbox 2359 5434 2502 5522; x_wconf 73' lang='grc' dir='ltr'>Ὦτα</span> <span class='ocrx_word' id='word_1_865' title='bbox 2534 5467 2590 5522; x_wconf 74' lang='grc' dir='ltr'><strong>τ.</strong></span> <span class='ocrx_word' id='word_1_866' title='bbox 2622 5445 2881 5522; x_wconf 72' lang='lat' dir='ltr'><strong>llerodoti</strong></span> <span class='ocrx_word' id='word_1_867' title='bbox 2929 5445 3137 5522; x_wconf 75' lang='lat' dir='ltr'><strong>dictum</strong></span> <span class='ocrx_word' id='word_1_868' title='bbox 3171 5449 3290 5522; x_wconf 84' lang='lat' dir='ltr'><strong>_est,</strong></span> <span class='ocrx_word' id='word_1_869' title='bbox 3315 5457 3440 5522; x_wconf 76' lang='lat' dir='ltr'><strong>pag.</strong></span> <span class='ocrx_word' id='word_1_870' title='bbox 3477 5439 3555 5522; x_wconf 55' lang='lat'><strong>2}</strong></span> <span class='ocrx_word' id='word_1_871' title='bbox 3578 5434 3720 5522; x_wconf 48' lang='grc' dir='ltr'>ξατο.</span> 
     </span>
    </p>
   </div>
   <div class='ocr_carea' id='block_1_112' title="bbox 1941 5507 3721 5606">
    <p class='ocr_par' dir='ltr' id='par_1_112' title="bbox 1941 5507 3721 5606">
     <span class='ocr_line' id='line_1_113' title="bbox 1941 5507 3721 5606; baseline -0.01 -28"><span class='ocrx_word' id='word_1_872' title='bbox 1941 5539 2046 5605; x_wconf 67' lang='grc' dir='ltr'>[θξι-</span> <span class='ocrx_word' id='word_1_873' title='bbox 2145 5507 2255 5606; x_wconf 59' lang='grc' dir='ltr'><strong>γάρ</strong></span> <span class='ocrx_word' id='word_1_874' title='bbox 2286 5507 2900 5606; x_wconf 52' lang='grc' dir='ltr'>τυγχάνειῇάνθρώποισι</span> <span class='ocrx_word' id='word_1_875' title='bbox 2942 5515 3099 5606; x_wconf 52' lang='grc' dir='ltr'>ἐόντα</span> <span class='ocrx_word' id='word_1_876' title='bbox 3158 5507 3497 5606; x_wconf 46' lang='grc' dir='ltr'>άπιστότξρα.</span> <span class='ocrx_word' id='word_1_877' title='bbox 3522 5507 3721 5606; x_wconf 54' lang='grc' dir='ltr'>ὀφθαλ-</span> 
     </span>
    </p>
   </div>
   <div class='ocr_carea' id='block_1_113' title="bbox 1903 5582 2053 5666">
    <p class='ocr_par' dir='ltr' id='par_1_113' title="bbox 1903 5593 2046 5666">
     <span class='ocr_line' id='line_1_114' title="bbox 1903 5593 2046 5666; baseline -0.014 -18"><span class='ocrx_word' id='word_1_878' title='bbox 1903 5593 1957 5666; x_wconf 82' lang='lat' dir='ltr'><strong>ui</strong></span> <span class='ocrx_word' id='word_1_879' title='bbox 1991 5595 2046 5646; x_wconf 90' lang='lat' dir='ltr'><strong>in</strong></span> 
     </span>
    </p>
   </div>
   <div class='ocr_carea' id='block_1_114' title="bbox 2157 5582 3720 5666">
    <p class='ocr_par' dir='ltr' id='par_1_114' title="bbox 2157 5582 3720 5666">
     <span class='ocr_line' id='line_1_115' title="bbox 2157 5582 3720 5666; baseline -0.01 -19"><span class='ocrx_word' id='word_1_880' title='bbox 2157 5582 2289 5666; x_wconf 64' lang='grc' dir='ltr'>μῶν,</span> <span class='ocrx_word' id='word_1_881' title='bbox 2317 5582 2516 5666; x_wconf 46' lang='lat' dir='ltr'><strong>quae}</strong></span> <span class='ocrx_word' id='word_1_882' title='bbox 2545 5582 2772 5643; x_wconf 81' lang='lat' dir='ltr'><strong>Philone</strong></span> <span class='ocrx_word' id='word_1_883' title='bbox 2800 5600 3020 5659; x_wconf 86' lang='lat' dir='ltr'><strong>quoque</strong></span> <span class='ocrx_word' id='word_1_884' title='bbox 3059 5583 3276 5640; x_wconf 90' lang='lat' dir='ltr'><strong>duobus</strong></span> <span class='ocrx_word' id='word_1_885' title='bbox 3304 5584 3360 5638; x_wconf 88' lang='lat' dir='ltr'><strong>in</strong></span> <span class='ocrx_word' id='word_1_886' title='bbox 3395 5582 3533 5638; x_wconf 72' lang='lat' dir='ltr'><strong>lucis</strong></span> <span class='ocrx_word' id='word_1_887' title='bbox 3555 5592 3720 5635; x_wconf 60' lang='lat' dir='ltr'><strong>usuru-</strong></span> 
     </span>
    </p>
   </div>
   <div class='ocr_carea' id='block_1_115' title="bbox 2149 5660 2719 5736">
    <p class='ocr_par' dir='ltr' id='par_1_115' title="bbox 2149 5660 2719 5736">
     <span class='ocr_line' id='line_1_116' title="bbox 2149 5660 2719 5736; baseline -0.018 -15"><span class='ocrx_word' id='word_1_888' title='bbox 2149 5660 2419 5736; x_wconf 58' lang='lat' dir='ltr'><strong>paturfli.</strong></span> <span class='ocrx_word' id='word_1_889' title='bbox 2457 5660 2719 5716; x_wconf 63' lang='lat' dir='ltr'><strong>Sancus.</strong></span> 
     </span>
    </p>
   </div>
  </div>
