4016 6308
288 349 391 405 657

989 335 1215 394 DUBIA.
1256 367 1326 378 —
1362 329 1730 391 EXCERPTA
1770 327 1862 384 EX
1906 324 2218 382 SCRIPTIS
2253 320 2620 386 THEODOTI,
2661 319 2813 375 ETC.

359 467 447 533 (Γ-
480 461 573 525 Th.
620 459 716 513 ‘Er
742 453 900 527 ἀρχῆ
925 449 1006 526 ἦν
1035 455 1070 508 δ
1097 455 1307 523 Λόγος,
1338 449 1435 506 καὶ
1474 452 1506 505 ὁ
1548 450 1737 519 Λόγος
1766 443 1844 519 ἦν

2019 439 2107 496 VI.
2141 438 2276 495 Illud
2311 459 2324 495 :
2360 436 2425 492 In
2447 436 2705 507 principio
2736 442 2853 491 erat
2904 433 3154 500 Verbum,
3195 442 3247 493 et
3290 433 3519 491 Verbum

284 554 438 626 πρὸς
497 551 605 607 τὸν
657 549 825 617 Θεὸν,
874 548 972 603 καὶ
1025 545 1169 614 Θεὸς
1220 542 1301 617 ἦν
1344 547 1378 599 ό
1420 546 1629 614 Λόγος,
1663 545 1710 595 οἱ
1746 541 1852 595 ἀπὸ

284 643 640 702 Οὐαλεντίνου
673 640 844 705 οὕτως
868 639 1197 710 ἐκδέχονται.
1236 635 1449 707 Ἀρχὴν
1481 636 1580 707 μὲν
1624 633 1734 705 γὰρ
1761 632 1853 686 τὸν

283 737 569 807 Μονογενῆ
584 733 920 804 λέγουσιν,ὂν
946 733 1039 786 κα)⁵
1068 731 1201 786 Θεὸν
1232 727 1751 803 προσαγορεύεσθαι,
1777 727 1853 792 ὡς

282 830 380 885 καί
414 831 472 882 ὲν
505 830 615 893 τοῖς
653 826 777 894 ἑξῆς
808 825 1066 897 ἄντικρυς
1108 822 1239 876 Θεὸν
1275 821 1436 875 αὐτὸν
1469 819 1619 892 δηλοῖ
1644 819 1851 889 λέγων⁸

293 922 351 977 '0
365 919 701 993 μονογενὴς
731 919 872 982 Θεὸς
902 918 1035 988 (57),
1056 919 1089 970 ό
1116 915 1201 970 ὢν
1225 918 1313 983 εἱς
1338 915 1445 969 τὸν
1475 916 1707 969 κόλπον
1745 910 1852 967 τοῦ

286 1015 542 1084 Πατρός,
568 1012 793 1078 ἐκεῖνος
828 1009 1165 1081 ἐξηγήσατο
1186 1025 1199 1039 ο
1228 1009 1319 1061 τὸν
1365 1006 1428 1078 δὴ
1473 1006 1641 1075 Λόγον
1673 1005 1762 1058 τὸν
1793 1006 1852 1057 ὲν

278 1110 354 1180 τῇ
397 1108 541 1178 ἀρχῇ
574 1103 783 1165 τοῦτον,
814 1102 903 1155 τὸν
932 1103 989 1154 ὲν
1015 1099 1093 1170 τῷ
1123 1101 1437 1168 Μονογενεῖ,
1456 1100 1513 1151 ὲν
1545 1096 1623 1167 τῷ
1662 1095 1736 1167 νῷ
1756 1096 1851 1149 κα)¹

278 1201 352 1270 τῇ
395 1197 644 1268 ἀληθείᾳ,
677 1193 869 1265 μηνύει
901 1190 1011 1262 (58)
1042 1190 1132 1243 τὸν
1162 1190 1396 1261 Χριστὸν
1439 1190 1529 1243 τὸν
1568 1188 1737 1257 Λόγον
1758 1187 1852 1240 καὶ

277 1290 384 1361 τὴν
419 1286 582 1358 ζωήν.
608 1284 769 1338 Ὅθεν
801 1282 1024 1344 εἰκότως
1063 1281 1157 1334 καὶ
1188 1280 1349 1334 αὐτὸν
1381 1278 1512 1332 Θεὸν
1559 1276 1704 1344 λέγει
1760 1276 1851 1329 τὸν

280 1384 345 1436 ὲν
396 1378 473 1450 τῷ
522 1376 641 1448 Θεῷ
683 1374 761 1447 τῷ
790 1373 866 1446 νῷ
896 1374 1045 1428 ὄντα.
1082 1375 1141 1425 Ὃ
1175 1371 1423 1441 γέγονεν
1462 1368 1534 1422 ἐν
1581 1366 1739 1433 αὐτῷ
1772 1365 1852 1433 τῷ

281 1474 482 1542 Λόγῳ,
511 1468 620 1537 ζωὴ
649 1464 728 1539 ἦν
754 1470 789 1539 ἡ
823 1466 1072 1535 σύζυγοςο
1105 1463 1185 1517 διὸ
1219 1464 1312 1516 καὶ
1360 1460 1522 1533 φησὶν
1551 1460 1579 1512 6
1608 1459 1809 1530 Κύριος
1833 1475 1848 1487 ·

293 1562 445 1632 Ἐγώ
476 1564 593 1631 εἰμι
617 1561 655 1627 ἡ
690 1558 822 1625 ζωή.

353 1655 430 1710 Z'.
468 1656 778 1723 ’Δγνωστος
801 1646 895 1705 οὖν
923 1653 951 1704 6
980 1648 1171 1721 Πατὴρ
1198 1646 1294 1711 ὣν,
1325 1643 1558 1716 ἠθέλησε
1608 1639 1852 1721 γνωσθῇ-

277 1766 377 1802 ναι
400 1750 511 1809 τοῖς
534 1745 721 1798 Μῶα-ι’
737 1744 833 1797 καὶ
863 1743 948 1797 διὰ
970 1743 1068 1814 τῆς
1082 1737 1491 1809 Ἐνθυμήσεως
1515 1736 1615 1808 τῆς
1634 1730 1847 1795 ἑαυτοῦ,

276 1840 358 1904 ὡς
391 1838 457 1893 ἄν
502 1838 686 1891 ἑαυτὸν
724 1833 997 1906 ἐγνωκὼς,
1034 1831 1247 1903 πνεῦμα
1299 1828 1570 1900 γνώσεως,
1599 1822 1764 1896 οὔσης
1794 1827 1852 1879 ὲν

276 1928 503 1998 γνώσει,
536 1927 799 2000 προέϐαλε
837 1927 927 1980 τὸν
968 1924 1270 1995 Μονογενῆ.
1302 1923 1528 1991 Γέγονεν
1565 1917 1658 1975 οὖν
1701 1919 1798 1974 καὶ
1825 1920 1854 1972 6

276 2021 393 2075 ἀπὸ
429 2019 702 2090 γνώσεως,
729 2021 971 2073 τουτέστι
1003 2018 1102 2090 τῆς
1130 2016 1403 2090 πατρικῆς
1446 2012 1855 2084 Ἐνθυμήσεως

278 2112 562 2185 προελθὼν
613 2113 835 2182 γνῶσις,
876 2110 1151 2165 τουτέστιν
1199 2111 1227 2162 6
1278 2109 1406 2174 Υἱός
1425 2125 1438 2139 ο
1469 2109 1550 2162 ὅτι
1580 2107 1646 2161 δι’
1672 2104 1802 2160 Υἱοῦ
1827 2106 1855 2158 6

273 2207 475 2278 Πατὴρ
507 2203 770 2276 ἐγνώσθη.
812 2203 886 2257 T6
930 2203 985 2257 δὲ
1017 2204 1113 2276 τῆς
1152 2203 1373 2275 ἀγάπης
1407 2200 1626 2272 πνεῦμα
1655 2192 1855 2270 κέκρα-

279 2316 375 2354 ται
407 2297 486 2369 τῷ
514 2298 613 2367 τῆς
647 2295 919 2366 γνώσεως,
954 2295 1030 2359 ὡς
1060 2294 1249 2366 Πατὴρ
1272 2292 1407 2364 Υἱῷ,
1437 2293 1533 2347 καὶ
1577 2293 1857 2361 Ἑνθύμη-

278 2409 386 2459 σις
417 2390 664 2463 ἀληθείᾳ·
685 2390 778 2442 ἀπ’
807 2387 1062 2460 ἀληθείας
1086 2384 1386 2458 προελθὼν,
1408 2384 1484 2449 ὡς
1509 2383 1616 2438 ἀπὸ
1652 2383 1855 2437 Ἐνθυ-

278 2483 522 2554 μήσεως
552 2484 584 2553 ἡ
617 2482 835 2551 γνῶσις.
873 2479 982 2533 Καὶ
1012 2481 1041 2532 6
1066 2480 1163 2550 μὲν
1187 2478 1375 2549 μείνας
1406 2476 1695 2549 μονογενὴς
1727 2473 1856 2538 Υἱὸς

279 2578 362 2639 εις
392 2575 482 2628 τὸν
517 2573 713 2628 κόλπον
748 2571 840 2625 τοῦ
869 2569 1101 2641 Πατρὸς,
1131 2569 1228 2643 τῂν
1263 2569 1621 2638 Ἐνθύμησιν
1643 2566 1731 2620 διὰ
1756 2563 1857 2636 τῆς

281 2666 539 2735 γνώσεως
574 2665 850 2737 ἐξηγεῖται
899 2666 1011 2727 τοῖς
1056 2661 1278 2726 Αἱῶσιν,
1307 2660 1382 2724 ὡς
1407 2660 1472 2714 ἂν
1498 2661 1592 2714 καὶ
1625 2659 1731 2712 ὑπὸ
1757 2658 1853 2711 τοῦ

280 2756 489 2810 κόλπου
519 2755 682 2808 αὐτοῦ
712 2755 1060 2827 προϐληθείς.
1098 2756 1157 2807 Ὀ
1188 2753 1244 2807 δὲ
1286 2751 1519 2807 ἐνταῦθα
1544 2752 1727 2821 ὀφθεὶς
1755 2752 1855 2805 οὐκ

280 2849 366 2903 ἔτι
402 2848 712 2919 μονογενὴς,
743 2846 856 2900 ἀλλ’
881 2846 956 2911 ὡς
991 2845 1283 2917 μονογενὴς
1310 2844 1446 2916 πρὸς
1485 2843 1576 2897 τοῦ
1628 2842 1857 2897 ἀποστό-

280 2940 381 2994 λου
409 2937 884 3011 προσαγορεύεται,
915 2937 1102 3002 δόξαν
1125 2938 1206 3004 ὠς
1232 2936 1624 3008 Μονογενοῦς·
1649 2936 1753 3001 ὅτι,
1774 2928 1855 2999 εἷς

286 3032 391 3086 καὶ
418 3033 446 3084 6
466 3031 622 3095 αὐτὸς
653 3029 747 3094 ὢν,
784 3031 844 3082 ἐν
877 3030 973 3100 μὲν
1001 3032 1065 3101 τῇ
1096 3031 1285 3101 κτήσει
1315 3028 1687 3098 πρωτότοκός
1709 3028 1854 3081 ἐστιν

295 3123 526 3194 Ἰησοῦς,
572 3126 628 3177 ὲν
672 3123 727 3177 δὲ
768 3122 1100 3194 Πληρὼματι
1151 3122 1260 3193 (59)
1303 3120 1658 3193 μονογενής.
1709 3121 1767 3175 Ὁ
1796 3119 1854 3174 δὲ
1880 3142 1924 3198 C

282 3214 450 3278 αὑτός
498 3217 633 3276 ἐστι,
662 3212 898 3277 τοιοῦτος
941 3211 1014 3267 ὢν
1061 3213 1276 3285 ἑκάστῳ
1315 3212 1485 3284 τόπῳ,
1519 3207 1632 3277 οἷος
1683 3228 1855 3282 κεχω-

286 3305 486 3378 ρῆεθαι
536 3306 775 3371 δύναται,
802 3308 893 3359 καὶ
931 3304 1185 3359 οὐδέποτε
1212 3303 1307 3358 τοῦ
1340 3304 1617 3376 μείναντος
1645 3304 1673 3356 6
1698 3320 1861 3357 κατα-

283 3397 390 3461 ϐὰς
449 3395 757 3469 μερίζεται’
822 3398 953 3469 φησι
1013 3397 1122 3469 γὰρ
1161 3400 1190 3454 6
1224 3395 1577 3459 Ἀπόστολος·
1637 3394 1690 3447 '0
1748 3392 1856 3466 γὰρ

283 3491 534 3558 ἀναϐὰς,
569 3491 749 3557 αὐτός
784 3490 916 3545 ἐστι
946 3489 1043 3544 καὶ
1071 3493 1104 3544 ό
1143 3489 1420 3555 καταϐάς.
1454 3489 1651 3543 Εἰκόνα
1679 3488 1735 3542 δὲ
1761 3487 1855 3541 τοῦ

286 3584 624 3653 Μονογενοῦς
670 3585 761 3638 τὸν
809 3584 1148 3656 Δημιουργὸν
1196 3582 1445 3651 λέγουσι·
1486 3582 1568 3636 διὸ
1598 3583 1693 3636 καὶ
1721 3581 1858 3636 αὐτὰ

286 3672 390 3742 τῆς
423 3672 629 3737 εἰκόνος
656 3672 721 3726 τὰ
751 3672 909 3745 ἔργα.
944 3671 1104 3726 Ὅθεν
1146 3674 1240 3726 κα)⁵
1260 3675 1289 3726 6
1309 3672 1511 3745 Κύριος
1545 3672 1728 3727 εἰκόνα
1760 3673 1860 3743 τῆς

287 3763 668 3833 πνευματικῆς
696 3762 1045 3825 ἀναστάσεως
1090 3764 1323 3835 ποιήσας
1359 3765 1486 3826 τοὺς
1512 3764 1736 3835 νεκροὺς
1764 3760 1858 3825 οὓς

287 3851 533 3923 ἧγειρεν,
586 3854 686 3906 οὐκ
731 3852 1036 3925 ἀφθάρτους
1080 3854 1182 3925 τὴν
1229 3852 1428 3924 σάρκα,
1459 3836 1674 3918 ἀλλ’ἱῦς
1703 3847 1864 3914 αὖθις

287 3945 757 4017 ἀποθανουμένους
783 3948 1018 4018 ἤγειρεν.
1432 3962 1439 3965 '

365 4202 445 4254 Ην.
486 4203 675 4272 Ἡμεῖς
702 4202 758 4257 δὲ
788 4203 879 4257 τὸν
911 4205 968 4257 ὲν
996 4205 1282 4277 ταύτότητι
1312 4204 1482 4275 Λόγον
1502 4203 1634 4258 Θεὸν
1666 4203 1727 4256 ὲν
1743 4200 1860 4273 Θεῷ

293 4311 495 4365 φαμεν,
514 4294 571 4359 6;
591 4297 683 4349 xui.
703 4296 781 4359 εἰς
801 4296 890 4350 τὸν
912 4297 1107 4351 κόλπον
1122 4297 1216 4352 τοῦ
1239 4298 1449 4370 Πατρὸς
1467 4291 1606 4352 εἶναι
1624 4296 1859 4377 λέγεται,

292 4387 630 4453 ἀδιάστατος,
677 4379 989 4459 ἀμέρὶστος,
1039 4385 1115 4454 εἷς
1147 4391 1296 4455 Θεός.
1333 4390 1535 4445 Πάντα
1576 4388 1649 4443 δι’
1674 4388 1861 4443 αὑτοῦ

1952 543 2065 590 erat
2099 533 2238 605 apud
2270 531 2459 593 Deum,
2492 537 2544 585 et
2573 529 2714 585 Deus
2757 537 2876 584 erat
2903 526 3129 583 Verbum
3154 538 3205 593 ι,
3244 526 3518 587 Valentini

1953 640 2216 697 sequaces
2277 623 2358 682 sic
2413 623 2864 693 interpretantur.
2914 618 3245 690 Principium
3298 620 3553 695 quidem‘

1953 716 2303 788 Unigenitum
2340 715 2554 776 dicunt,
2591 728 2753 783 quem
2788 713 2950 766 etiam
3007 710 3174 766 Deum
3225 711 3518 775 nominari,

1953 809 2114 864 siculi
2147 808 2201 861 iu
2230 806 2299 861 iis
2323 821 2445 877 quae
2466 810 2774 875 sequuntur
2809 801 2978 857 Deum
3012 816 3137 857 eum
3156 816 3281 857 esse
3315 801 3523 872 liquido

1952 900 2187 957 ostendit
2215 900 2452 955 Joannes
2492 897 2683 969 dicens
2715 916 2729 952 :
2759 894 3069 968 Unigenitus
3110 894 3269 963 Deus,
3310 898 3401 968 qui
3444 906 3524 951 est

1952 994 2007 1048 in
2031 995 2151 1049 sinu
2172 992 2375 1057 Patris,
2405 993 2516 1061 ipse
2542 990 2806 1046 enarravit
2830 990 2880 1045 δ.
2904 988 3142 1046 Verbum
3160 990 3368 1046 scilicet
3396 989 3521 1051 hoc.

1952 1085 2098 1156 quod
2140 1096 2261 1140 erat
2308 1086 2366 1139 in
2418 1082 2713 1154 principio,
2746 1081 2880 1137 illud
2933 1082 3079 1152 quod
3118 1084 3173 1136 in
3208 1081 3521 1152 Unigenito.

1953 1177 2099 1248 quod
2132 1178 2187 1232 in
2221 1186 2423 1240 mente,
2470 1183 2524 1231 et
2549 1175 2694 1246 quod
2732 1175 2787 1230 in
2817 1176 3048 1232 veritate
3079 1174 3202 1241 fuit,
3236 1174 3522 1230 Christum

1963 1270 2198 1326 Verbum
2231 1276 2286 1325 et
2323 1269 2490 1323 vitam
2542 1268 2770 1322 indicat.
2809 1266 2963 1324 Unde
3011 1267 3206 1323 merito
3244 1274 3298 1323 et
3345 1264 3522 1338 ipsum

1952 1360 2198 1414 nominat
2214 1358 2379 1413 Deum
2394 1357 2488 1428 qui
2516 1357 2569 1411 in
2585 1355 2697 1413 Deo
2719 1364 2900 1412 mente
2922 1355 3317 1423 exsistit.Quod
3339 1358 3393 1410 in
3411 1357 3525 1427 ipso

1961 1451 2128 1507 Verbo
2176 1450 2375 1520 factum
2423 1459 2524 1513 est,
2558 1450 2666 1504 vita
2717 1458 2873 1503 eratc
2908 1449 3135 1518 conjux;
3169 1446 3524 1518 quamobrem

1950 1550 2005 1601 et
2037 1542 2299 1598 Dominus
2329 1542 2507 1612 inquit
2536 1562 2549 1596 :
2586 1540 2699 1612 Ego
2734 1557 2851 1595 sum
2882 1539 3062 1596 vitad.

2020 1633 2185 1706 35,9
2209 1632 2322 1688 VII.
2359 1632 2559 1695 Parum
2578 1633 2763 1703 itaque
2797 1632 3051 1703 cognitus
3076 1630 3260 1697 Pater,
3290 1632 3357 1686 ab
3388 1630 3525 1689 Eo-

1951 1727 2114 1782 nibus
2145 1726 2401 1795 cognosci
2445 1724 2638 1786 voluit,
2665 1731 2720 1779 et
2764 1739 2861 1793 per
2898 1724 2982 1779 sui
3029 1724 3205 1794 ipsius
3236 1721 3522 1795 Euthym-

1951 1817 2056 1882 sin,
2081 1823 2269 1887 utpote
2300 1814 2395 1886 qui
2427 1830 2486 1870 se
2513 1816 2718 1885 optime
2756 1813 2992 1879 noverit,
3027 1815 3254 1885 Spiritus
3283 1815 3529 1871 scientia:

1951 1922 2073 1980 quae
2097 1908 2313 1965 exsistit
2348 1907 2406 1963 in
2436 1908 2667 1964 scientia
2714 1905 2975 1978 produxit
3005 1906 3379 1979 Unigenitum.
3402 1905 3529 1962 Fuit

1951 2018 2082 2073 ergo
2110 2014 2143 2056 ιι
2181 2000 2431 2065 scientia,
2484 1999 2589 2054 hoc
2637 2007 2742 2061 est,
2805 1999 3035 2054 scicntia
3059 2001 3286 2055 veniens
3315 2000 3383 2054 ab
3415 2002 3528 2055 En-

1955 2093 2174 2163 thymesi
2206 2090 2409 2153 Patris,
2453 2091 2558 2146 hoc
2593 2091 2853 2146 nimirum
2910 2100 2994 2147 est
3024 2089 3218 2158 Filius,
3254 2090 3398 2161 quod
3431 2106 3530 2162 per

1951 2184 2150 2240 Filium
2179 2183 2341 2239 Pater
2369 2183 2531 2239 nobis
2571 2184 2645 2239 sit
2689 2185 2961 2255 cognitus.
3005 2182 3246 2254 Spiritus
3270 2199 3401 2238 vero
3438 2182 3530 2239 ille

1952 2278 2240 2332 charitatis
2284 2275 2362 2331 illi
2394 2277 2642 2332 scientiae
2674 2255 2895 2350 spiritui
2929 2278 3126 2332 mistus
3158 2285 3243 2333 est
3275 2276 3341 2331 ad
3374 2292 3532 2332 eum-

1953 2370 2073 2425 dem
2100 2370 2317 2425 modum
2344 2385 2453 2440 quo
2482 2368 2644 2426 Pater
2663 2369 2824 2434 Filio,
2849 2380 2903 2426 et
2926 2369 3258 2442 Enthymesis
3275 2370 3488 2426 veritati
3512 2389 3527 2438 ;

1953 2477 2062 2517 non
2092 2462 2250 2518 aliter
2278 2477 2342 2518 ac
2363 2464 2593 2519 scientia
2630 2464 2698 2519 ab
2733 2462 3062 2534 Entliymesi,
3095 2479 3126 2518 a
3151 2466 3380 2520 veritate
3401 2480 3529 2534 pro-

1951 2556 2198 2612 veniens.
2240 2554 2306 2609 Et
2350 2556 2454 2631 ille
2476 2556 2726 2628 Mm
2757 2557 2849 2629 qui
2894 2556 2948 2609 in
2975 2553 3545 2631 sinug:itgi§_ﬁiliug

1944 2647 2265 2725 uni‘genity‘s
2314 2628 2604 2724 manserit,
2642 2628 3025 2717 Entliumesin’
3054 2628 3216 2700 Ibanc
3256 2645 3531 2700 Eonibus

1955 2755 2051 2811 per
2083 2741 2383 2799 scientiam
2408 2738 2690 2810 patefacit,
2718 2746 2779 2793 ut
2806 2736 2899 2809 qui
2924 2752 2954 2792 e
2988 2738 3111 2794 sinu
3160 2738 3281 2806 ejus
3305 2751 3530 2807 proces-

1955 2832 2108 2887 serit.
2138 2832 2242 2899 Qui
2271 2846 2402 2887 vero
2422 2831 2514 2885 hic
2546 2831 2699 2887 visus
2730 2836 2815 2885 est
2846 2829 2901 2882 in
2937 2829 3120 2892 terris,
3148 2844 3257 2883 non
3296 2830 3533 2898 amplius

1954 2923 2288 2995 unigenitus,
2320 2923 2414 2977 sed
2450 2921 2608 2993 quasi
2640 2918 2958 2990 unigenitus
3005 2919 3074 2973 ab
3117 2921 3365 2989 apostolo
3398 2936 3534 2976 con-

1954 3014 2245 3077 sideratur,
2282 3012 2506 3082 gloriam
2536 3012 2689 3084 quasi
2707 3009 2972 3081 Unigeniti
2995 3020 3053 3078 0;
3117 3016 3175 3076 >14
3227 3012 3373 3082 quod
3405 3027 3531 3071 cum

1956 3124 2099 3167 unus
2128 3110 2377 3180 idemque
2404 3108 2495 3174 sit,
2527 3107 2819 3178 separatim
2849 3108 2901 3160 in
2934 3112 3186 3160 creatura
3215 3104 3376 3162 Jesus
3403 3106 3528 3177 qui-

1960 3200 2082 3255 dem
2111 3199 2516 3270 primogenitus,
2542 3197 2599 3252 in
2633 3195 2981 3253 Plenitudine
2999 3211 3129 3252 vero
3158 3197 3453 3268 unigenitus
3476 3195 3523 3252 ί.

1961 3290 2055 3345 Ille
2095 3300 2273 3346 autem
2321 3289 2465 3345 idem
2499 3295 2605 3351 est,
2634 3301 2827 3356 nempe
2871 3288 3000 3343 talis
3048 3289 3344 3359 unicuique
3386 3288 3529 3352 loco,

1960 3382 2137 3454 qualis
2163 3382 2232 3438 ab
2251 3381 2444 3437 eodem
2471 3380 2595 3451 capi
2626 3379 2820 3449 possit,
2845 3364 3200 3450 etnunquam
3223 3395 3254 3434 a
3279 3387 3534 3435 manente

1964 3473 2053 3528 ille
2076 3474 2166 3543 qui
2205 3472 2511 3533 descendit,
2541 3470 2832 3533 dividitur;
2856 3469 2991 3525 dicit
3027 3473 3170 3527 enim
3188 3472 3489 3542 Apostolus
3516 3486 3529 3520 :

1965 3566 2069 3632 Qui
2097 3567 2235 3619 enim
2293 3562 2549 3627 ascendit,
2581 3563 2721 3617 idem
2746 3570 2823 3616 est
2853 3563 2944 3632 qui
2974 3561 3241 3617 descendit
3263 3567 3309 3619 ε.
3340 3562 3533 3633 Imagi-

1964 3673 2086 3712 nem
2111 3667 2288 3712 autem
2323 3655 2596 3727 Unigeniti
2630 3655 2981 3725 Demiurgum
3014 3653 3529 3724 nominant:proin-

1965 3750 2032 3806 de
2068 3748 2259 3805 eadem
2302 3757 2430 3805 sunt
2475 3748 2730 3819 imaginis
2776 3761 2963 3817 opera.
3004 3745 3144 3801 llinc
3188 3754 3242 3800 et
3273 3743 3533 3823 Dominus

1964 3840 2382 3897 resurrectionis
2432 3839 2696 3909 spiritalis
2736 3837 3028 3908 imaginem
3059 3836 3356 3893 conﬁciens
3387 3852 3535 3891 mor-

1967 3941 2090 3989 tuos
2127 3947 2264 4003 quos
2306 3931 2611 3995 suscitavit,
2644 3944 2754 3985 non
2787 3943 2953 3983 carne
2990 3942 3021 3981 a
3050 3927 3401 3998 corruptione
3425 3928 3532 3983 im-

1966 4024 2119 4081 muni
2151 4023 2456 4087 suscitavit,
2474 4020 2569 4079 sed
2588 4020 2745 4093 quasi
2778 4019 2872 4092 qui
2907 4018 3104 4075 iterum
3138 4027 3369 4073 mortem
3401 4018 3534 4074 sub-

1968 4118 2131 4173 irent.

2038 4206 2173 4263 Vlll.
2200 4206 2310 4263 Nos
2344 4213 2523 4262 autem
2562 4204 2734 4260 Deum
2764 4201 3004 4258 Verbum
3052 4217 3150 4272 per
3190 4199 3530 4255 identitatcm

1967 4302 2022 4357 in
2053 4299 2164 4355 Deo
2207 4314 2330 4355 esse
2377 4298 2698 4361 asserimus,
2727 4295 2820 4367 qui
2852 4302 2908 4350 et
2954 4294 3007 4348 in
3040 4294 3165 4348 sinu
3194 4290 3374 4347 Patris
3410 4304 3534 4345 esse

1967 4394 2196 4457 dicitur,
2218 4392 2313 4463 qui
2342 4406 2443 4446 nec
2466 4389 2706 4460 separari
2726 4389 2810 4443 vel
2839 4386 3006 4442 dividi
3034 4386 3224 4456 possit,
3265 4384 3355 4438 sed
3390 4397 3533 4438 unus

3212 2616 3387 2625 m

292 4478 548 4544 ἐγένετο,
581 4479 719 4533 κατὰ
761 4479 857 4551 τὴν
884 4482 1120 4553 προσεχῆ
1151 4483 1426 4555 ἐνέργειαν
1450 4480 1549 4535 τοῦ
1589 4484 1647 4535 ὲν
1674 4479 1859 4533 ταύτό-

1967 4494 2050 4542 est
2082 4484 2245 4539 Deus.
2283 4482 2474 4539 Omnia
2494 4497 2584 4550 per
2615 4482 2784 4549 ipsum
2822 4479 2963 4549 facta
2999 4488 3122 4532 sunt
3146 4477 3198 4541 δ,
3237 4490 3335 4546 per
3360 4474 3534 4528 virtu-

292 4587 419 4640 τητι
445 4570 636 4640 Λόγου,
653 4571 721 4624 τά
742 4588 800 4625 τε
823 4574 1163 4644 πνευματικὰ
1183 4575 1276 4627 καὶ
1296 4574 1467 4647 νοητὰ
1486 4576 1579 4627 καὶ
1610 4574 1859 4646 αἰσθητά.

294 4658 463 4725 Οὗτος
482 4662 589 4716 τὸν
610 4664 840 4718 κόλπον
870 4664 976 4719 τοῦ
994 4665 1222 4735 Πατρός
1239 4667 1577 4737 ἐξηγήσατο
1595 4670 1623 4722 6
1651 4669 1860 4740 Σωτήρ.

293 4753 409 4811 Καὶ
443 4753 684 4818 Ἡσαΐαςο
715 4756 824 4811 Καὶ
851 4757 1249 4813 ἀνταποδώσω
1276 4760 1351 4814 τὰ
1378 4760 1523 4832 ἔργα
1551 4760 1747 4816 αὐτῶν
1775 4762 1864 4828 εις

614 4912 654 4958 6

375 4981 435 5047 νο
476 4976 537 5033 P.
574 4964 684 5047 sita
706 4978 815 5034 so.
842 4979 1134 5034 eorum.
1172 4994 1201 5022 ι
1234 4979 1437 5041 JoanJ,
1473 4982 1525 5038 ι.
1602 4982 1630 5021 δ
1670 4980 1801 5037 Ibid.
1834 4982 1917 5038 ιε.

301 5044 460 5102 ἴδοι.
498 5044 673 5113 1,15.
789 5053 814 5091 8
855 5050 991 5122 Eph.
1022 5066 1093 5118 Iv,
1140 5051 1225 5105 10.
1335 5052 1363 5091 δ
1404 5052 1562 5107 Joan.
1600 5067 1646 5116 I,
1677 5053 1730 5108 5.

376 5168 488 5240 (57)
533 5170 586 5221 Ὀ
611 5169 946 5240 μονογενὴς
972 5172 1135 5237 Θεός.
1163 5170 1337 5226 Etiam
1371 5170 1493 5240 Syr.
1538 5171 1688 5235 Θεός,
1734 5172 1864 5228 reli-

301 5238 397 5309 qui
447 5233 588 5312 ωηο
611 5233 832 5297 ἠιοιίἰιε
855 5233 1001 5305 Υἱός,
1035 5233 1344 5312 unigenitus
1389 5233 1578 5297 Filius.
1608 5233 1727 5312 qua:
1759 5259 1862 5297 vox

303 5324 417 5363 non
449 5309 579 5365 sinit
613 5312 750 5367 trahi
785 5312 1039 5367 deitatem
1076 5311 1236 5367 Verbi
1268 5313 1333 5366 ad
1362 5309 1863 5368 Valentini—auorum

303 5380 642 5462 ὁμωνυμίαν,
668 5380 761 5437 sed
792 5391 849 5462 ut
875 5398 999 5462 vere
1031 5381 1203 5437 Filius
1228 5382 1475 5462 Deusque
1510 5383 1867 5462 intelligatur,

305 5452 680 5524 singularique
738 5454 1021 5508 nativitatc
1078 5469 1182 5524 qua
1232 5469 1373 5507 unus
1415 5461 1532 5523 ipse
1563 5454 1871 5524 unigenitus

1967 4585 2075 4633 tem
2100 4574 2466 4632 immediatam
2495 4572 2681 4636 Verbi,
2713 4570 2930 4641 quodin
2958 4569 3241 4624 identitate
3263 4575 3368 4631 est,
3409 4579 3534 4619 cum

1969 4668 2254 4739 spiritalia,
2304 4678 2421 4721 tum
2477 4664 2857 4736 iutelligibilia,
2915 4669 2969 4717 et
3007 4675 3128 4733 qua:
3158 4674 3321 4715 sensu
3360 4656 3538 4727 perci-

1970 4763 2214 4832 piuntur.
2247 4758 2347 4815 Hic
2373 4742 2623 4814 Salvator
2660 4755 2843 4811 Patris
2884 4755 3057 4810 sinum
3102 4750 3347 4824 patefecit
3374 4750 3419 4804 ί.
3467 4744 3536 4800 Et

1997 4995 2018 5023 ο
2060 4983 2196 5039 ibid.
2231 4984 2286 5040 4.
2359 4982 2386 5023 ά
2423 4980 2579 5038 Joan.
2612 4996 2686 5049 xi,
2712 4979 2813 5048 25;
2844 4993 2955 5044 xxv,
2987 4976 3041 5032 6.
3122 4985 3147 5015 ο
3183 4973 3342 5030 Joan.
3370 4987 3408 5034 ι,
3446 4971 3528 5026 ιι.

1846 5055 1861 5095 ί
1908 5053 2043 5111 Ibid.
2084 5056 2170 5110 18.
2440 5092 2441 5099 η

2034 5174 2149 5246 (58)
2183 5176 2427 5246 Μηνύει.
2464 5172 2554 5230 Sc.
2584 5170 2823 5246 Joannes
2855 5168 3156 5246 apostolus.
3184 5165 3430 5246 Summo
3521 5233 3531 5245 _

2037 5237 2151 5316 (59)
2209 5237 2307 5301 Ἐν
2354 5245 2421 5299 δὲ
2466 5243 2837 5316 Πληρώματι,
2880 5237 2995 5295 Vox
3026 5247 3111 5295 est
3141 5254 3245 5316 qua
3279 5237 3418 5316 male
3449 5237 3535 5290 usi

1968 5309 2462 5388 Valentinianipro
2494 5309 2658 5388 scena
2680 5309 2924 5388 quadam
2955 5318 3009 5388 et
3036 5309 3338 5388 capaci-tate
3370 5318 3536 5388 supra

1971 5387 2163 5449 oculos,
2197 5387 2275 5440 uti
2310 5376 2389 5441 sic
2428 5385 2563 5440 satis
2618 5376 2929 5453 explicant,
2958 5381 3048 5453 _in_
3070 5376 3179 5449 quo
3211 5376 3536 5453 Dnigenitus

1975 5473 2072 5528 pro
2095 5448 2195 5528 loCi
2227 5448 3006 5528 immensitate__magnus._hic
3036 5448 3099 5504 in
3122 5448 3283 5505 terris
3315 5459 3533 5528 parvus.

308 5512 726 5606 bu‘manitaieet
772 5538 968 5591 carne,,
993 5512 1133 5580 idem
1169 5512 1565 5606 primogenitum
1592 5512 1873 5606 et'l‘ratres
2088 5527 2263 5606 .deliri
2292 5526 2542 5606 homines
2567 5512 2810 5606 nihilq'ue
2840 5512 3021 5604 minus
3048 5534 3222 5602 quam.
3244 5512 3369 5573 vere
3405 5512 3541 5606 (inoo

308 5590 539 5666 trabeas,
573 5592 771 5662 quibus
792 5609 916 5650 vere
947 5590 1330 5666 communicet.
1355 5590 1615 5666 Reliqua,
1646 5591 1871 5666 etquod
1979 5598 2120 5657 stici,
2152 5596 2186 5650 i.
2212 5612 2262 5651 e.
2298 5590 3002 5666 sapientesexcellentique
3032 5590 3261 5646 scientia

310 5660 497 5733 divina
524 5660 751 5733 quasque
796 5666 1013 5719 nomina
1053 5681 1139 5721 res
1169 5672 1224 5720 et
1264 5660 1868 5733 Aiévsqfseuualiquid

310 5730 629 5810 distinctum
650 5730 909 5810 fereque
932 5735 1202 5792 exsistens
1229 5735 1593 5807 accipiuntur,
1628 5730 1868 5787 Valenti-

311 5802 599 5857 nianorum
632 5802 843 5858 deliria'.
871 5802 1103 5861 (Σουνιεῖ.

3341 5584 3511 5640 raediti

1979 5622 2120 5657 διιει,
2153 5622 2186 5650 ι.
2212 5622 2262 5651 ις.
2298 5622 2574 5666 δδμιειιιυδ
2609 5622 3002 5663 σλυῦιιῦιιιιιμις
3032 5622 3261 5646 θυισιιιια
3343 5622 3536 5650 ισυυηιο

1979 5669 2072 5722 sed
2116 5667 2275 5737 plane
2322 5664 2782 5737 iiisipieiitissimi.
2804 5663 3091 5734 bardique,
3134 5674 3236 5715 nec
3272 5622 3432 5713 aliter
3457 5654 3541 5711 eiu

1976 5732 2284 5797 intellectus
2318 5732 2472 5795 sinus
2508 5734 2707 5791 Patris.
2744 5732 2981 5799 Coussr.
