4016 6308
259 335 363 391 673

980 330 1209 390 DUBIA.
1254 362 1321 374 —
1352 328 1722 387 EXCERPTA
1760 327 1853 383 EX
1894 323 2209 383 SCRIPTIS
2247 324 2619 396 TBEODOTI,
2659 324 2813 382 ETC.

3395 326 3502 381 στι

255 453 550 526 μιάματος,
573 450 725 524 παρά
742 450 870 514 τοὺς
888 447 1236 522 λειτουργοὺς
1266 443 1375 501 τῶν
1402 445 1821 519 ἀναφερομένων

1935 443 2136 499 ιὶοιιιιω
2179 457 2299 515 quae
2337 443 2534 499 oblata:
2576 442 2780 499 fuerint
2822 440 3125 497 ministros.
3171 438 3330 496 Nuda
3369 442 3501 499 vero
3556 421 3569 427 ’

247 542 422 616 εὐχῶν
454 540 740 612 ἀγγέλους.
781 538 967 612 Γυμνή
993 539 1048 593 δὲ
1076 540 1110 611 ἠ
1142 537 1319 610 ψυχὴ,
1367 540 1426 593 ὲν
1457 537 1681 610 δυνάμει
1722 536 1817 591 τοῦ

249 636 546 700 συνειδότος
574 629 683 689 οἷον
710 634 867 706 σῶμα
894 634 992 705 τῆς
1021 633 1303 704 δυνάμεως
1328 632 1615 703 γενομένη,
1653 647 1820 702 μετα-

246 730 420 785 ϐαίνει
465 728 573 800 (88)
619 728 700 791 εἰς
738 726 806 781 τά
838 724 1179 797 πνευματίκά
1202 766 1216 789 ,
1259 724 1448 795 λογικὴ
1476 722 1553 795 τῷ
1584 724 1696 777 ὄντι
1726 723 1822 777 καὶ

246 822 608 899 ἀρχιερατικὴ
639 820 925 893 γενομένη,
957 819 1032 884 ὡς
1062 819 1127 873 ἂν
1161 819 1401 890 ἔμψυχον
1436 819 1574 891 μένῃ
1595 859 1608 880 ,
1642 817 1717 883 ὡς
1746 820 1822 871 εἱ-

243 919 410 980 πεῖν,
446 915 550 968 ὑπὸ
592 913 684 967 τοῦ
716 912 888 981 Λόγου
934 912 1214 984 προσεχῶς
1266 911 1369 984 ήδη
1396 952 1411 971 ,
1469 910 1720 983 καθάπερ
1772 913 1821 964 οἱ

241 1005 575 1080 ἀρχάγγελοι
625 1005 735 1060 τῶν
765 1004 1007 1074 ἀγγέλων
1048 1007 1322 1076 ἀρχιερεῖς
1363 1005 1677 1076 γενόμενοι,
1730 1003 1824 1059 καὶ

240 1099 451 1154 τούτων
492 1098 652 1152 πάλιν
700 1100 747 1152 oi
790 1084 1205 1169 πρωτόκτιστοι.
1243 1097 1353 1151 Ποῦ
1384 1097 1443 1150 δὲ
1484 1096 1563 1151 ἐτι
1597 1097 1822 1167 Γραφῆς

241 1193 340 1247 καὶ
376 1191 664 1263 μαθήσεως
685 1191 1016 1265 κατόρθωμα
1037 1193 1102 1263 τῇ
1125 1190 1268 1262 ψυχῇ
1302 1190 1481 1262 ἐκείνῃ
1510 1193 1577 1262 τῇ
1608 1190 1824 1263 καθαρᾷ

241 1285 518 1356 γενομένῃ
539 1324 555 1348 ,
588 1285 719 1338 ὅπου
752 1284 846 1338 καὶ
890 1282 1135 1351 ἀξιοῦται
1169 1283 1459 1355 πρόσωπον
1492 1282 1627 1354 πρὸς
1658 1283 1825 1357 πρόσ-

238 1395 395 1433 ωπον
427 1376 559 1431 Θεὸν
606 1377 770 1450 όρᾷνς
809 1376 921 1449 Τὴν
965 1375 1095 1446 γοῦν
1140 1375 1435 1447 ἀγγελικὴν
1477 1375 1823 1430 διδασκαλίαν

240 1469 532 1538 ὑπερδᾶσα
560 1469 657 1524 καὶ
693 1469 755 1524 τὸ
781 1468 952 1541 ὄνομα
978 1468 1039 1523 τὸ
1075 1468 1457 1538 διδασκόμενον
1490 1468 1782 1542 ἐγγράφως
1806 1509 1820 1533 ,

240 1563 339 1616 ἐπὶ
369 1562 469 1634 τὴν
497 1560 697 1631 γνῶσιν
729 1561 821 1615 καὶ
848 1558 1150 1630 κατάληψιν
1177 1560 1287 1612 τῶν
1313 1558 1653 1631 πραγμάτων
1678 1558 1825 1629 ἔρχε-

244 1677 342 1714 ⁴ιται
362 1699 380 1725 ,
414 1660 516 1719 οὐκ
548 1657 629 1711 ἔτι
664 1655 848 1728 νύμφη
873 1696 888 1720 ,
940 1655 1054 1710 ἀλλ’
1082 1653 1180 1726 ἤδη
1210 1654 1381 1722 Λόγος
1420 1652 1685 1724 γενομένη
1731 1653 1824 1706 καὶ

245 1752 405 1826 παρὰ
430 1751 510 1823 τῷ
543 1750 759 1822 νυμφίῳ
798 1748 1080 1803 καταλύων
1112 1747 1249 1819 μετὰ
1278 1748 1385 1801 τῶν
1428 1748 1822 1820 πρωτοκλήτων

240 1807 348 1900 καί
378 1807 826 1916 πρωτοκτῖστων,
858 1841 1025 1910 φίλων
1061 1807 1159 1912 μέν
1189 1840 1256 1893 δι’
1299 1807 1553 1912 ἀγάπην,
1588 1807 1719 1893 υἱῶν
1766 1838 1822 1893 δὲ
1858 1807 1898 1864 Β

238 1939 334 1993 διὰ
368 1939 467 2010 τὴν
499 1935 845 1991 διδασκαλίαν
874 1935 966 1989 καὶ
1000 1934 1264 2006 ὑπακοὴν,
1296 1933 1539 2000 ἀδελφῶν
1564 1932 1619 1986 δὲ
1649 1933 1737 1986 διὰ
1767 1932 1825 1986 τὸ

239 2030 349 2100 τῆς
374 2029 640 2100 γενέσεως
668 2027 866 2081 κοινόν.
886 2027 1043 2079 Ὥστε
1073 2026 1132 2080 τὸ
1162 2026 1259 2097 μὲν
1283 2026 1382 2097 τῆς
1403 2024 1710 2095 οἰκονομίας
1734 2020 1823 2095 ἦν,

238 2122 307 2175 τὸ
338 2119 568 2174 πέταλον
610 2118 975 2193 παρακεῖσθαι
1018 2118 1112 2173 καὶ
1147 2118 1436 2190 μανθάνειν
1476 2118 1557 2181 εἰς
1587 2115 1821 2185 γνῶσιν

239 2212 306 2266 τὸ
339 2212 399 2266 δὲ
426 2212 709 2283 δυνάμεως
731 2252 745 2276 ,
776 2210 837 2263 τὸ
868 2209 1125 2282 θεοφόρον
1151 2210 1392 2279 γίνεσθαι
1419 2212 1510 2265 τὸν
1539 2211 1827 2284 ἄνθρωπον

241 2303 533 2375 «occepit;
556 2306 640 2357 ὲνε
649 2302 775 2375 ργού
784 2319 942 2373 μενον
965 2302 1070 2356 ὑπὸ
1090 2301 1183 2355 τοῦ
1210 2302 1435 2375 Κυρίου,
1460 2303 1555 2357 καὶ
1574 2303 1827 2377 καθάπερ

247 2395 412 2466 σῶμα
439 2395 604 2449 αὐτοῦ
639 2396 939 2467 γινόμενον.

323 2485 458 2541 KH'.
488 2487 583 2552 Τὸ,
622 2486 766 2554 Θεὸς
796 2485 1119 2555 ἀποδιδοὺς
1144 2485 1240 2539 ἐπὶ
1270 2485 1477 2554 τρίτην
1502 2482 1601 2539 καὶ
1625 2482 1829 2554 τετάρ-

247 2597 366 2648 την
392 2577 604 2650 γενεὰν
629 2579 753 2647 τοῖς
791 2578 1103 2635 ἀπειθοῦσι
1123 2619 1137 2643 ,
1174 2578 1335 2649 φασὶν
1368 2578 1417 2631 oi
1448 2576 1556 2632 ἀπὸ
1585 2576 1828 2631 Βασιλεί-

247 2672 343 2727 δου
371 2672 512 2727 κατά
534 2672 629 2736 τάς
658 2672 1072 2743 ὲνσωματώσεις
1095 2688 1109 2701 ·
1136 2672 1185 2725 οἱ
1216 2670 1273 2724 δὲ.
1305 2669 1412 2723 ἀπὸ
1442 2666 1825 2735 Οὐαλεντίνου,

246 2766 382 2827 τοὺς
416 2766 563 2837 τρεῖς
606 2763 833 2828 τόπους,
867 2762 1158 2834 δηλοῦσθαι
1193 2763 1323 2826 τοὺς
1354 2758 1713 2832 ἀριστερούς·
1741 2775 1829 2813 τε·

245 2855 458 2929 τάρτην
497 2856 555 2909 δὲ
587 2854 810 2925 γενεὰν,
854 2854 922 2908 τά
954 2855 1241 2926 σπέρματα
1272 2852 1469 2907 αὐτῶν.
1506 2853 1720 2907 Ἔλεον
1760 2849 1830 2905 δὲ

249 2945 446 3001 ποιῶν
469 2950 553 3012 εις
581 2946 856 3016 χιλιάδας
875 2987 889 3011 ,
921 2948 1012 3001 ἐπὶ
1039 2946 1108 3000 τὰ
1134 2945 1301 3011 δεξιά.

326 3037 457 3092 ΚΘν.
496 3038 556 3092 Ἥ
582 3038 737 3111 Σιγὴ,
761 3040 911 3109 φασὶ,
942 3041 1124 3112 μήτηρ
1151 3035 1285 3093 οὖσα
1316 3038 1530 3094 πάντων
1556 3036 1665 3092 τῶν
1697 3054 1831 3110 προ-

1922 533 2103 589 anima
2124 533 2178 588 in
2200 534 2444 605 potentia
2463 532 2815 588 conscientia:
2843 532 2987 586 sicut
3015 545 3217 600 corpus
3242 532 3501 600 potentia:

1921 626 2130 692 effecta,
2151 627 2215 682 ad
2240 626 2511 697 spiritalia
2545 625 2766 687 transit,
2787 623 3075 679 rationalis
3101 623 3265 677 verbo
3289 630 3342 677 et
3364 639 3500 694 pon-

1921 719 2092 774 tiﬁcia
2135 718 2400 784 evadens,
2433 727 2494 773 ut
2523 718 2637 788 jam
2663 733 2693 771 a
2725 715 2908 772 Verbo
2956 715 3302 780 immediate,
3337 726 3395 771 ut
3426 717 3498 769 ita

1924 809 2135 880 loquar,
2156 809 2392 863 animata
2416 816 2650 870 maneat,
2673 807 2814 863 sicut
2842 807 3152 876 archangeli
3182 809 3498 876 angelorum

1923 900 2209 971 pontifices
2233 900 2359 953 farti
2380 912 2433 955 et
2457 900 2651 955 horum
2679 899 2930 953 similiter
2956 898 3047 968 qui
3075 902 3308 968 primum
3330 897 3501 953 creati

1925 991 2189 1048 sunt.Ubi
2226 1007 2353 1047 vero
2388 993 2566 1046 adhuc
2602 990 2902 1060 Scriptura:
2933 1005 2997 1044 ac
3040 988 3347 1056 disciplina:
3381 987 3500 1043 olli-

1926 1087 2068 1141 cium
2104 1087 2298 1140 animae
2330 1085 2407 1139 illi
2443 1100 2563 1155 qua
2589 1100 2725 1155 pura
2759 1085 2868 1147 sit,
2902 1083 3125 1153 quando
3170 1083 3334 1136 etiam
3366 1081 3504 1136 facie

1926 1178 1994 1231 ad
2017 1177 2207 1233 faciem
2236 1178 2401 1232 Deum
2428 1179 2611 1233 videre
2645 1176 2921 1232 meretur?
2943 1174 3178 1231 Proinde
3201 1175 3504 1244 angelicam

1925 1270 2229 1325 doctrinam
2267 1284 2536 1340 superans
2568 1285 2877 1338 nomenque
2924 1268 3053 1322 illud
3101 1268 3247 1338 quod
3300 1268 3505 1339 scripto

1925 1364 2191 1427 docetur,
2253 1362 2320 1416 ad
2377 1362 2744 1433 cognitionem
2794 1372 2846 1416 et
2906 1377 3087 1417 rerum
3143 1365 3505 1433 cmnprehen-

1927 1458 2135 1512 sionem
2168 1456 2351 1519 venit,
2398 1471 2506 1510 non
2550 1455 2786 1525 amplius
2838 1469 3039 1525 sponsa
3085 1455 3179 1511 sed
3213 1457 3326 1525 jam
3368 1454 3505 1511 Ver-

1925 1548 2053 1602 bum
2094 1547 2260 1611 facta,
2300 1556 2353 1602 et
2400 1547 2541 1617 apud
2589 1563 2851 1617 sponsum
2891 1560 3139 1612 manens,
3168 1564 3292 1602 cum
3330 1549 3507 1618 primo

1924 1642 2134 1697 vocatis
2161 1642 2489 1712 creatisque,
2518 1642 2709 1696 amicis
2739 1641 2961 1711 quidem
2992 1642 3062 1695 oh
3092 1656 3355 1704 amorem,
3380 1640 3505 1697 filiis

1926 1749 2058 1789 vero
2081 1734 2151 1789 ob
2172 1733 2481 1789 doctrinam
2507 1741 2560 1788 et
2594 1734 2984 1795 obedientiam,
3027 1731 3291 1788 fratribus
3323 1739 3503 1809 autem

1927 1836 2148 1898 propter
2173 1834 2328 1883 ortus
2361 1829 2822 1881 communionem.
2870 1825 3051 1892 Quare
3097 1825 3228 1880 illud
3284 1827 3504 1896 quidem

1928 1917 2357 1990 dispensationis
2388 1927 2536 1983 erat,
2568 1921 2821 1974 laminam
2852 1920 3061 1975 Scilicet
3096 1928 3307 1990 gestare
3341 1932 3406 1973 ac
3438 1918 3507 1973 ad

1927 2011 2211 2067 scientiam
2237 2011 2487 2067 discere:
2515 2011 2645 2065 illud
2679 2021 2858 2065 autem
2890 2014 3143 2080 potentia:
3166 2012 3308 2081 quod
3343 2012 3507 2067 homo

1927 2102 2097 2160 Deum
2135 2113 2357 2175 portans
2392 2105 2699 2161 immediate
2730 2106 2799 2161 ab
2830 2105 3009 2160 afﬂatu
3042 2104 3256 2160 Domini
3289 2107 3411 2171 liat,
3442 2120 3508 2161 ac

1926 2195 2087 2266 quasi
2117 2200 2239 2266 eius
2271 2210 2477 2267 corpus
2504 2195 2693 2252 fuerit.

1997 2460 2236 2520 XXVIII.
2270 2461 2475 2533 Nempe
2509 2462 2639 2517 illud
2670 2478 2683 2515 :
2715 2461 2852 2517 [leas
2881 2459 3099 2517 reddens
3130 2462 3184 2516 in
3221 2464 3431 2518 tertiam
3458 2473 3509 2519 et

1925 2562 2175 2625 quartam
2198 2553 2584 2624 generationem
2616 2553 2902 2606 incredulis
2918 2567 2968 2616 ιι,
2993 2553 3307 2609 Basilidiaui
3338 2557 3510 2611 inter-

1928 2654 2215 2717 pretantur
2246 2644 2314 2700 de
2342 2660 2632 2715 corporum
2668 2661 2920 2711 carcere;
2956 2643 3323 2701 Valentiniani
3382 2664 3510 2705 vero

1929 2737 2048 2792 loca
2082 2738 2184 2793 tria
2212 2738 2437 2793 sinistra
2489 2737 2789 2807 significari
2836 2741 3208 2801 contendunt,
3255 2752 3507 2809 quartam

1929 2841 2109 2885 autem
2141 2832 2578 2901 generationem,
2612 2843 2801 2882 eorum
2853 2831 3084 2883 semina.
3135 2827 3359 2885 Faciem
3392 2849 3510 2887 vero

1929 2920 2349 2976 misericordiam
2378 2922 2431 2975 iu
2466 2922 2641 2983 mille,
2672 2921 2739 2975 de
2774 2922 2839 2975 iis
2866 2922 2957 2991 qui
2989 2922 3055 2975 ad
3087 2921 3333 2979 dextram
3359 2936 3508 2984 sunt.

1998 3009 2192 3068 XXIX.
2236 3010 2393 3084 Sige,
2428 3011 2646 3075 dicunt,
2688 3027 2786 3067 seu
2820 3010 3147 3081 Silentium,
3183 3031 3304 3086 qum
3334 3027 3512 3075 mater

249 3127 560 3200 ϐληθέντων
592 3104 821 3183 δτέιίτόῡ
854 3104 1137 3195 Βάθους,ηῆ
1173 3130 1270 3202 μὲν
1307 3131 1406 3184 οὐκ
1442 3129 1596 3202 ἔσχεν
1628 3104 1823 3195 εἰπεῖν,

1935 3105 2002 3162 sit
2029 3104 2274 3161 omnium
2306 3121 2426 3175 quae
2447 3121 2475 3159 a
2509 3104 2711 3176 Bytho,
2745 3121 2840 3161 seu
2868 3105 3159 3176 profundo,
3191 3108 3329 3162 facta
3359 3120 3511 3180 sunt,

249 3218 383 3290 περὶ
412 3216 505 3270 τοῦ
545 3218 808 3290 Ἀρρήτου
841 3218 1128 3292 σεσίγηκεν
1147 3236 1161 3250 ·
1193 3219 1221 3273 ὃ
1246 3219 1302 3274 δὲ
1335 3218 1595 3273 κατέλαϐε
1615 3260 1630 3286 ,
1666 3218 1826 3274 τοῦτο

248 3308 635 3382 ἀκατάληπτον
664 3311 1121 3383 προσηγόρευσεν.

322 3478 404 3531 Δ’.
439 3472 570 3532 Εἶτα
600 3478 948 3551 ἐκλαθόμενοι
981 3482 1079 3553 τῆς
1110 3481 1267 3554 δόξης
1298 3481 1392 3536 τοῦ
1434 3481 1567 3536 Θεοῦ
1588 3522 1603 3548 ,
1636 3481 1829 3538 παθεῖν

250 3569 419 3625 αὐτὸν
463 3568 709 3639 λέγουσιν
752 3571 947 3635 ἀθέως.
984 3574 1050 3626 Ὃ
1090 3572 1199 3646 γὰρ
1242 3573 1611 3646 συνεπάθησεν
1656 3573 1765 3645 (89)
1801 3575 1830 3628 ό

251 3661 470 3734 Πατὴρ,
505 3662 724 3735 στερεὸς
751 3660 826 3715 ὢν
853 3665 920 3734 τῇ
948 3663 1126 3733 φύσει,
1162 3665 1323 3735 φησιν
1354 3666 1385 3717 ό
1411 3663 1663 3730 Θεόδοτος
1697 3663 1827 3737 (90),

250 3754 353 3807 καὶ
400 3752 706 3819 ἀνένδατος,
754 3755 1033 3827 ἐνδόσιμον
1066 3756 1256 3810 ἑαυτὸν
1293 3756 1621 3830 παρασχὼν,
1666 3757 1750 3812 ἵνα
1795 3759 1829 3829 ἡ

255 3845 398 3917 Σιγὴ
446 3845 608 3899 τοῦτο
650 3846 762 3918 (9|)
815 3846 1140 3921 καταλάϐῃ,
1187 3847 1359 3912 πάθος
1409 3850 1585 3903 ἐστίν·
1641 3852 1675 3921 η
1720 3848 1830 3922 γάρ

257 3937 573 4008 συμπάθεια
609 3938 779 4002 πάθος
828 3939 971 4003 τινὸς
1010 3939 1098 3993 διὰ
1131 3939 1302 4003 πάθος
1344 3939 1562 4013 ἐτέρου·
1608 3941 1695 3994 ναὶ
1728 3940 1833 4013 μὴν

257 4033 357 4085 καὶ
383 4031 478 4086 τοῦ
513 4031 718 4096 πάθους
743 4032 1034 4104 γενομένου
1058 4073 1072 4097 ,
1100 4034 1160 4087 τὺ
1190 4033 1310 4088 ὅλον
1342 4033 1704 4105 συνεπάθησε,
1741 4034 1835 4087 καὶ⁵

259 4125 458 4188 αὐτοὺς
481 4126 561 4188 εἰς
586 4123 867 4195 διόρθωσιν
892 4122 985 4177 τοῦ
1021 4124 1283 4189 παθόντος
1314 4124 1546 4195 ἤγαγεν.

1931 3197 2078 3269 quod
2116 3198 2184 3254 de
2211 3196 2483 3261 Arrheto,
2531 3213 2625 3255 seu
2658 3196 2946 3259 ineﬂ'abili.
2985 3197 3132 3269 loqui
3167 3216 3275 3255 non
3311 3205 3512 3272 potuit,

1930 3292 2137 3358 tacuit;
2164 3291 2311 3363 quod
2342 3307 2469 3347 vero
2500 3285 2947 3363 comprehendit,‘
2964 3291 3068 3347 hoc
3094 3293 3514 3364 incomprehen-

1930 3401 2051 3441 sum
2085 3385 2320 3440 vocavit.

2001 3475 2171 3533 XXX.
2214 3475 2445 3547 Insuper
2475 3476 2662 3548 gloria:
2692 3475 2892 3531 divinae
2915 3475 3264 3532 immemores
3284 3519 3299 3543 ,
3342 3475 3513 3534 Deum

1930 3570 2043 3642 pati
2070 3569 2235 3640 impie
2263 3566 2629 3624 contendunt.
2652 3566 2808 3635 Quod
2834 3568 2977 3623 enim
3011 3567 3171 3622 Pater
3191 3584 3515 3639 couipassus

1931 3674 2037 3728 est,
2064 3662 2241 3733 inquit
2272 3661 2608 3725 Theodotus,
2634 3662 2727 3731 qui
2759 3668 2954 3715 natura
2988 3676 3087 3715 sua
3120 3663 3311 3745 llrmus
3343 3663 3436 3726 sit,
3460 3671 3517 3719 et

1933 3755 1990 3810 in
2021 3772 2133 3827 quo
2160 3761 2218 3820 »Β
2248 3757 2398 3810 nulla
2428 3756 2499 3810 sit
2530 3744 2784 3810 remissio
2806 3794 2821 3816 ,
2855 3754 3152 3825 gratuitum
3190 3744 3517 3826 facilemque

1934 3846 2290 3917 semetipsum
2315 3845 2589 3917 praebens.
2616 3844 2692 3899 uti
2715 3845 2819 3899 hoc
2844 3844 2970 3915 Sige
2999 3846 3514 3915 comprehenderet,

1934 3935 2123 4005 passio
2151 3943 2254 3989 εει.
2282 3933 2605 4006 Compassio
2629 3934 2772 3990 enim
2799 3935 3086 4005 cujusdam
3123 3938 3307 4005 passio
3336 3947 3422 3993 est
3444 3940 3517 3994 oh

1936 4026 2163 4082 alterius
2195 4028 2509 4098 passionem
2538 4028 2700 4098 :quin
2732 4036 2785 4083 et
2810 4043 2932 4082 cum
2970 4029 3153 4098 passio
3182 4027 3367 4094 fuerit,
3393 4032 3519 4084 uni-

1935 4134 2155 4175 versum
2189 4136 2407 4190 quoque
2452 4121 2707 4190 passione
2738 4120 2991 4175 affectum
3026 4128 3142 4186 est,
3191 4127 3247 4177 et
3293 4122 3398 4193 ipsi
3447 4122 3518 4178 ad

1936 4212 2369 4267 emendationem
2403 4213 2550 4268 illius
2574 4212 2665 4283 qui
2692 4226 2888 4282 passus
2917 4221 3022 4278 est,
3049 4212 3265 4268 adducti
3293 4221 3441 4269 sunt.

332 4300 457 4353 ΔΝ.
509 4298 666 4353 Ἀλλά
705 4299 801 4352 καὶ
833 4299 879 4351 εἰ
912 4298 942 4351 ό
967 4297 1249 4353 κατελθὼν
1295 4298 1524 4352 Εὐδοκὶα
1574 4299 1668 4354 τοῦ
1713 4298 1828 4353 ὅλου

2006 4301 2199 4358 XXXI.
2239 4302 2344 4358 Sed
2371 4306 2622 4374 quamvis
2664 4305 2753 4359 ille
2797 4305 2890 4375 qui
2926 4305 3232 4370 descendit,
3268 4304 3515 4360 Eudocia

257 4388 353 4464 ἦν.
391 4391 469 4461 (ὲν
496 4391 642 4464 αὐτῷ
670 4391 780 4464 γάρ
807 4394 914 4446 πᾶν
954 4392 1014 4445 τὸ
1039 4391 1318 4464 Πληρωμα
1343 4388 1411 4464 ἦν
1434 4391 1778 4462 σωματικῶς
1794 4394 1828 4465 .)

1938 4409 2030 4451 seu
2060 4396 2326 4454 Voluntas
2360 4398 2596 4454 universi
2619 4396 2721 4453 fuit
2751 4399 2828 4461 (in
2862 4398 2983 4468 ipso
3016 4400 3163 4453 enim
3199 4400 3380 4455 omnis
3400 4397 3520 4454 Ple-

256 4482 434 4539 επαθε
462 4484 520 4538 δὲ
545 4478 717 4548 οὗτος,
749 4484 986 4555 δηλονότι
1035 4485 1129 4539 καὶ⁸
1172 4486 1241 4539 τά
1268 4487 1324 4538 ὲν
1354 4485 1503 4557 αὐτῷ
1548 4488 1828 4561 σπέρματα

1942 4488 2134 4543 nitudo
2188 4490 2538 4559 corporaliter
2577 4490 2791 4546 exstitit
2824 4489 2914 4563 1³);
2950 4490 3040 4545 hic
3073 4505 3291 4562 quoque
3322 4508 3519 4562 passus

260 4576 556 4638 συνέπαθε,
585 4578 650 4631 δι’
682 4572 758 4631 ὧν
785 4578 845 4631 τὺ
872 4578 991 4632 ὅλον
1025 4578 1119 4632 κα)⁵
1147 4579 1208 4631 τὸ
1252 4581 1358 4634 πᾶν
1390 4580 1700 4651 εὑρίσκεται
1732 4584 1828 4637 πά-

1942 4589 2047 4646 εει,
2102 4581 2264 4637 sicuti
2296 4589 2349 4638 et
2382 4582 2501 4652 ipsa
2549 4583 2781 4647 semina,
2813 4599 2935 4653 qua:
2966 4583 3023 4637 in
3058 4582 3152 4637 illo
3180 4591 3329 4649 sunt,
3385 4599 3517 4653 pas-

262 4685 416 4741 σχον.
433 4669 589 4723 Ἀλλά
613 4671 706 4723 καὶ
726 4669 813 4725 διὰ
830 4670 930 4741 τῆς
956 4669 1050 4724 τοῦ
1068 4670 1366 4725 δωδεκάτου
1385 4671 1587 4736 Δῖῶνος
1605 4674 1828 4738 πεισεως

1946 4672 2101 4729 sione
2132 4683 2260 4730 sunt
2281 4674 2495 4743 all‘ecta,
2532 4690 2764 4747 quorum
2794 4675 2970 4747 gratia
3010 4683 3185 4733 totum
3218 4691 3434 4747 quoque
3461 4683 3519 4732 et

259 4762 337 4818 τὰ
360 4761 455 4817 δλα
485 4762 858 4827 παιδευθέντα,
890 4763 964 4826 ὥς
998 4758 1150 4834 φασι,
1184 4756 1540 4837 συνεπάθησε.
1573 4765 1707 4819 Τότε
1732 4766 1828 4840 γὰρ

1950 4768 2264 4824 universum
2301 4771 2413 4840 pati
2448 4769 2747 4825 invenitur.
2785 4767 2892 4827 Sed
2927 4778 2982 4828 et
3010 4764 3272 4843 passione
3320 4769 3517 4827 dionis

341 4924 403 4984 νῙη
445 4916 506 4976 Ρ.
545 4849 649 4999 θὲῖ
687 4918 794 4975 ΕΙ).
834 4918 1129 4976 POTTER.
1171 4932 1196 4961 ι
1240 4919 1396 4976 Deut.
1422 4937 1477 4988 ν,
1508 4920 1574 4988 9;
1602 4919 1762 4977 Num.
1800 4938 1828 4976 ι

1957 4922 2045 4977 18.
2124 4923 2153 4963 ι’
2193 4921 2316 4980 Col.
2350 4939 2428 4990 ιι,
2453 4923 2513 4980 9.

342 5079 456 5149 (88)
496 5080 861 5136 Μπαὸαίνει.
913 5079 1234 5135 Lactantius
1277 5080 1373 5134 ιιι».
1420 5095 1533 5143 vn,
1584 5093 1706 5148 cap.
1756 5079 1835 5133 8:

274 5149 501 5206 Necesse
530 5167 641 5206 esse
684 5152 740 5205 in
772 5160 965 5205 terram
997 5149 1183 5221 resolvi
1205 5192 1220 5215 ,
1246 5149 1409 5221 quod
1434 5159 1510 5204 est
1543 5149 1597 5203 in
1630 5149 1837 5203 homine

269 5221 644 5291 ponderosum,
676 5231 726 5276 et
750 5220 1060 5277 dissolubile
1080 5238 1103 5291 ιΔ
1118 5218 1255 5290 quod
1284 5218 1460 5273 autem
1503 5229 1651 5291 tenue
1682 5228 1836 5288 atque

272 5289 467 5345 subtile
487 5333 502 5355 ,
534 5294 586 5345 id
615 5310 733 5347 vero
762 5309 874 5347 esse
906 5289 1254 5349 individuum.
1281 5307 1343 5344 ac
1370 5290 1636 5343 domicilio
1659 5304 1837 5352 corpo-

2018 5078 2130 5203 (903
2170 5080 2368 5162 Φησζν
2429 5085 2462 5137 ό
2527 5081 2841 5165 Θεόδοτος,
2892 5094 2998 5141 etc.
3031 5123 3046 5149 ,
3102 5086 3160 5141 In
3217 5099 3333 5155 seq.
3384 5081 3519 5166 Esse

2018 5166 2090 5203 reo
2132 5160 2283 5203 otum
2313 5159 2456 5203 mter
2492 5150 2769 5203 Valentini
2806 5169 3092 5203 sequaces.
3118 5155 3326 5203 clarum
3350 5196 3365 5203 _
3398 5171 3515 5203 ιιιιι.

1940 5148 2283 5224 Theodotum
2313 5152 2456 5207 inter
2492 5150 2769 5207 Valentini
2788 5148 3093 5224 sequaces,
3118 5148 3326 5209 clarum
3350 5196 3365 5222 ,
3398 5155 3516 5224 qui,

1939 5221 2090 5294 velut
2126 5222 2240 5294 alii,
2267 5232 2472 5294 sectam
2502 5224 2715 5294 auxerit
2749 5221 3082 5294 acceptaque
3107 5221 3359 5294 dogmata
3390 5221 3515 5277 cum

1939 5292 2114 5345 aetatis
2143 5293 2316 5361 plena:
2347 5291 2535 5359 majori
2583 5294 2858 5363 impietate
2887 5291 3273 5349 cntuttlaverit.
3309 5295 3520 5351 Absur-

273 5366 353 5415 ris
382 5363 515 5416 velut
538 5379 744 5417 carcere
767 5362 1067 5424 liberatum,
1099 5360 1167 5413 ad
1198 5361 1381 5415 ccelum
1407 5370 1455 5415 et
1489 5359 1559 5414 ad
1591 5370 1839 5413 naturam

274 5448 429 5485 suam
453 5433 739 5501 perrolare.
788 5433 913 5487 ﬂa’c
943 5433 1049 5500 fere
1084 5429 1325 5485 Platonis
1351 5430 1572 5501 collecta
1597 5428 1837 5501 breviter,

275 5519 395 5572 qua:
428 5498 566 5570 apud
595 5508 763 5571 ipsum
790 5503 895 5557 late
930 5498 1231 5572 copioseque
1258 5500 1611 5569 explicantur.
1648 5498 1715 5572 In
1747 5517 1837 5555 ea-

276 5570 396 5625 dem
426 5570 681 5645 sententia
725 5574 826 5642 fuit
856 5575 1033 5645 etiam
1076 5570 1407 5645 Pythagoras
1440 5580 1596 5637 ante,
1628 5570 1840 5641 ejusque

273 5653 564 5714 prafceptor
602 5643 939 5714 Pherecydes.

352 5712 464 5781 (89)
508 5717 568 5768 Ὀ
601 5715 711 5785 γὰρ
741 5710 957 5770 σὺν-επ.
1013 5713 1325 5786 Legendum
1372 5711 1588 5768 videtur
1626 5711 1686 5765 οὐ
1737 5710 1845 5835 γὰῖ

352 5782 655 5835 unum“
672 5802 686 5817 -
714 5793 802 5835 aut
834 5786 864 5835 ὅ
890 5785 1273 5835 interrogative
1293 5782 1617 5835 capiendum
1643 5797 1742 5835 pro
1770 5799 1800 5835 τ
1827 5821 1841 5835 .

279 5782 686 5907 guilt-maenaa;
714 5793 803 5841 aut
834 5786 864 5840 ὅ
890 5782 1273 5859 interrogative
1293 5782 1617 5855 capiendum
1642 5797 1742 5854 pro
1770 5799 1800 5835 τ

326 5869 356 5907 v
393 5869 545 5907 sane.

326 5869 545 5912 ηευιε.

1941 5363 2047 5433 dus
2074 5363 2241 5432 igitur
2270 5363 2615 5432 epitomatori
2644 5366 2817 5425 visus,
2854 5366 2944 5433 qui
2974 5366 3043 5419 ab
3074 5365 3167 5419 illo
3197 5374 3419 5421 notatur
3459 5371 3521 5419 ut

1940 5431 2143 5503 impius
2181 5449 2196 5485 :
2230 5440 2283 5487 et
2310 5431 2464 5488 certe
2498 5434 2721 5497 impium
2752 5431 2898 5502 quod
2941 5433 3049 5491 Deo
3096 5434 3267 5500 πάθος
3301 5435 3517 5499 trihuit,

1939 5502 2089 5576 velut
2119 5518 2270 5576 more
2299 5512 2488 5558 nostro
2521 5504 2833 5576 miserando
2862 5505 3208 5575 perturbetur
3236 5507 3521 5576 labemque
3558 5566 3563 5571 ,

1948 5573 2112 5648 ullam
2154 5574 2397 5648 incurrat
2442 5582 2537 5648 aut
2586 5575 2812 5640 vitium,
2859 5573 3006 5647 quod
3042 5577 3308 5633 utrumvis
3337 5573 3519 5648 (solet)

1948 5644 2179 5715 prodere
2212 5644 2403 5709 πάθος.
2434 5644 2674 5700 Conaer.

1945 5714 2155 5841 ὡς)ἰά
2176 5715 2372 5845 Τιὲῗῖε.
2414 5715 2608 5788 Aptius
2655 5716 2749 5771 καὶ
2794 5716 2946 5786 αὑτό,
2977 5730 3029 5776 et
3075 5730 3250 5787 ipsum
3281 5732 3301 5773 :
3332 5729 3525 5787 neutpe
