4016 6308
565 268 672 324 675

1736 256 2057 315 CLEMENS
2093 252 2644 311 ALEXANDRINUS.

3719 241 3817 295 676

566 384 873 442 duodecimi
906 385 1159 440 universa
1184 381 1472 450 castigata,
1506 386 1567 433 ut
1588 378 1909 448 loquuntur,
1931 386 1987 431 et
2007 391 2135 448 pas-

2244 374 2571 443 ἐπέγνωσαν,
2600 372 2684 427 ὅτι
2718 370 2854 425 εἰσὶν
2879 369 3063 442 χάριτι
3088 364 3181 420 τοῦ
3211 364 3444 438 Πατρδς,
3474 361 3617 415 εἰσὶν
3641 358 3818 450 Evoti:

565 479 721 534 sione
753 478 959 547 pariter
992 474 1184 528 aliecta
1212 478 1362 527 sunt.
1400 470 1557 524 Tunc
1608 467 1755 523 enim
1790 474 2130 539 agnoverunt

564 584 690 624 esse
716 583 783 635 se
810 567 984 636 gratia
1014 562 1214 626 Patris,
1243 575 1366 616 esse
1396 574 1612 630 quoque
1644 574 1840 614 nomen
1862 558 2004 628 quod
2026 572 2131 612 no-

568 657 766 711 minari
797 671 905 709 non
935 661 1133 724 potest,
1158 666 1282 707 esse
1308 649 1546 719 denique
1573 649 1803 703 formam
1849 655 1903 703 et
1952 648 2133 702 scien-

568 751 722 804 tiam.
759 747 861 814 Qui
897 762 1025 801 vero
1049 744 1216 799 voluit
1239 742 1405 806 (Eon,
1426 740 1562 795 illud
1592 740 1734 811 quod
1766 739 1993 794 scientia
2036 754 2131 793 su-

569 840 756 908 perius
795 844 878 892 est
901 850 1114 906 rapere,
1143 832 1461 905 ignorantia
1492 846 1562 885 ac
1592 828 1926 885 deformitati
1955 828 2153 884 factus.

568 939 656 985 est
693 929 989 995 obnoxius;
1023 926 1169 981 unde
1210 941 1266 981 et
1295 925 1547 980 vacuitas
1602 922 1848 980 scientia
1900 922 2131 987 exstitit,

2231 465 2631 537 ἀνωνόμαστος),
2685 461 2865 536 μορφὴ
2914 462 3009 515 καὶ
3058 458 3276 530 γνῶσις.
3310 456 3368 509 '0
3417 455 3476 507 δὲ
3531 448 3818 525 βουληθεὶς

2231 556 2375 613 Αίὼν
2405 558 2513 628 (92)
2551 556 2611 610 τὸ
2643 555 2783 627 ὑπὲρ
2828 553 2926 626 τὴν
2966 552 3169 623 γνῶσιν
3208 549 3413 612 λαϐεῖν,
3459 547 3518 598 ἐν
3566 540 3823 613 ἀγνωσία

2231 652 2325 706 καὶ
2354 650 2600 723 ἀμορφία
2628 649 2843 719 ἐγένετο
2861 665 2875 678 ο
2905 648 3023 703 ὅθεν
3057 646 3152 700 καλ
3179 644 3397 713 κένωμα
3427 636 3692 708 γνώσεως
3715 634 3819 703 εἱρ-

2232 742 2465 812 γὰσατο·
2519 742 2657 813 ὅπερ
2699 742 2816 794 ἐστὶ
2862 738 2988 793 σκιὰ
3030 738 3123 813 τοῦ
3167 736 3449 807 ὀνόματος,
3477 733 3621 801 ὅπερ
3670 728 3816 779 ἐστὶν
3858 758 3865 762 ~

2234 804 2381 898 Ῠὶὸς,
2413 832 2594 906 μορφὴ
2622 804 2726 885 τῶν
2746 829 2985 885 Αίὼνων.
3008 804 3177 892 Οὗτος
3198 804 3426 881 τδκατὰ
3449 824 3621 897 μέρος
3645 820 3819 889 ὄνομα

2232 926 2337 980 τῶν
2370 926 2589 983 Αίὼνων
2620 926 2814 998 ἀμέλει
2843 926 2961 979 ἐστὶ
2991 922 3084 978 τοῦ
3112 923 3393 993 ὀνόματος.

570 1024 714 1093 quod
747 1033 830 1078 est
862 1023 1057 1077 umbra
1085 1021 1345 1080 nominis.
1370 1020 1517 1084 quod
1544 1027 1630 1075 est
1662 1017 1856 1084 Filius,
1889 1018 1984 1089 qui
2014 1017 2190 1075 forma
2226 1020 2464 1113 Eprium
2500 1031 2607 1080 est.
2631 1022 2733 1078 Hic
2768 1021 3044 1093 sigillatim
3063 1019 3300 1075 Eanum
3354 1012 3603 1071 nominis
3628 1008 3816 1078 utique

567 1123 657 1172 est
690 1130 910 1171 nomen.
2110 1160 2127 1173 κ

641 1206 856 1263 XXXII.
912 1206 1050 1262 Cum
1100 1206 1266 1275 igitur
1326 1205 1383 1259 in
1438 1202 1784 1258 Plenitudine
1831 1200 1904 1256 sit
1933 1201 2137 1264 unitas,

2312 1201 2435 1254 AB'.
2488 1200 2574 1254 ’Ev
2616 1198 2945 1271 Πληρώματι
2975 1191 3067 1252 οὖν
3096 1197 3341 1268 ἐνότητος
3363 1193 3555 1264 οὔσης,
3587 1192 3818 1255 ἔκαστος

573 1302 810 1357 Ᾱῑοηυῑη
839 1300 1039 1370 singuli
1067 1299 1343 1370 propriam
1373 1293 1778 1352 Plenitudinem
1817 1293 2137 1363 conjugium

2244 1291 2348 1346 τῶν
2373 1291 2591 1346 Δίὼνων
2628 1291 2756 1345 ίδιον
2785 1290 2896 1362 ἔχει
2923 1289 3223 1361 Πλήρωμα,
3252 1288 3348 1359 τὴν
3379 1286 3819 1353 συζυγίανῘὼα

574 1393 799 1450 habent.
855 1390 1209 1461 Quacunque
1262 1388 1432 1458 igitur
1480 1403 1546 1442 ex
1604 1385 1882 1456 conjugio,
1961 1384 2136 1448 aiunt,

2244 1378 2335 1439 οὖν
2389 1384 2453 1436 ἐκ
2510 1382 2787 1451 συζυγίας,
2848 1381 3016 1450 φασὶ,
3073 1377 3418 1450 προέρχεται,
3474 1374 3821 1447 πληρώματα

575 1485 924 1556 proveniunt,
956 1482 1324 1555 plenitudines
1358 1492 1506 1544 sunt,
1530 1493 1872 1550 quacunque
1905 1492 2034 1532 vero
2072 1491 2138 1532 ex

2244 1476 2417 1531 ἐστιν’
2452 1475 2551 1528 ὅσα
2576 1473 2632 1526 δὲ
2665 1473 2771 1526 ἀπὸ
2803 1472 2939 1537 ἐνὸς,
2961 1467 3357 1533 είκόνες.ὐθεν
3386 1469 3417 1520 6
3450 1464 3821 1527 Θεόδοτοςτδν

575 1594 706 1644 uno,
747 1577 1033 1647 imagines.
1071 1574 1228 1629 Unde
1267 1571 1581 1628 Theodotus
1621 1569 1902 1626 Christum
1932 1568 2028 1640 qui
2073 1583 2141 1623 ex

2244 1566 2475 1639 Χριστὸν
2521 1564 2582 1631 ἐξ
2631 1565 2837 1627 ἐννοίας
2879 1562 3204 1637 προελθόντα
3237 1559 3334 1630 τῆς
3378 1557 3613 1627 Σοφίας.
3645 1556 3823 1609 εἰκόνα

575 1669 1037 1740 contemplatione
1090 1666 1384 1738 Sapientia
1429 1665 1783 1737 processerit,
1849 1662 2139 1733 imaginem

2245 1656 2337 1710 τοῦ
2372 1654 2740 1729 Πληρὼματος
2766 1654 3040 1710 ἐκάλεσεν.
3063 1649 3230 1717 Οὗτος
3250 1651 3328 1715 δὲ,
3359 1649 3706 1719 καταλείψας
3731 1648 3820 1719 τὴ]

579 1761 942 1818 Plenitudinis
965 1761 1201 1814 vocavit.
1234 1759 1336 1814 Hic
1369 1768 1548 1815 autem
1572 1766 1800 1813 matrem
1824 1756 2141 1824 relinquens

2244 1749 2471 1821 μητέρα,
2499 1746 2735 1802 ἀνελθὼν
2769 1750 2847 1812 εἰς
2879 1747 2940 1800 τὸ
2966 1746 3263 1819 Πλήρωμα,
3296 1741 3609 1815 ἐκρατήθη,
3638 1740 3820 1811 ὥσπερ

576 1864 632 1909 et
664 1856 729 1909 ad
761 1853 1163 1909 Plenitudinem
1216 1852 1516 1908 ascendens
1556 1851 1714 1921 quasi
1766 1850 1832 1904 ab
1870 1847 2141 1904 universis

577 1946 829 2003 detentus
860 1954 968 2010 est,
998 1946 1299 2016 quinetiam
1331 1953 1386 1998 et
1410 1960 1440 1998 a
1473 1943 1776 1998 Paracieto.

646 2038 810 2110 355.
842 2036 1082 2092 XXXI“.
1140 2037 1445 2107 Adoptatus
1479 2042 1717 2090 attamen
1747 2043 1834 2089 est
1861 2032 2139 2095 Christus.

579 2139 639 2186 ut
672 2132 814 2184 inter
855 2129 1223 2200 plenitudines
1262 2128 1492 2192 electus,
1529 2133 1585 2182 et
1614 2140 1798 2180 rerum
1827 2124 2013 2179 mundi
2038 2123 2143 2176 bu-

575 2220 732 2291 jusce
760 2219 1176 2289 primogenitus.
1210 2217 1305 2272 Est
1336 2217 1522 2286 itaque
1570 2216 1797 2271 verbum
1837 2214 1941 2269 hoc
1974 2227 2142 2285 prava

578 2309 756 2365 nostri
802 2308 1052 2363 doctrina
1091 2323 1161 2362 ex
1203 2311 1433 2362 materia
1472 2306 1740 2374 subjecta,
1803 2302 2142 2359 Salvatorem

578 2399 1000 2472 primogenitum
1042 2413 1268 2462 vocans,
1302 2414 1425 2454 cum
1471 2398 1562 2454 ille
1589 2397 1747 2468 quasi
1770 2395 1927 2450 radix
1957 2403 2012 2450 et
2049 2410 2143 2450 ca-

578 2499 677 2564 put
711 2499 966 2548 nostrum
996 2493 1089 2547 sit.
1122 2489 1368 2546 Ecclesia
1407 2505 1539 2546 vero
1585 2489 1759 2559 ipsius
1785 2488 2014 2553 Christi,
2055 2487 2143 2542 di-

579 2592 733 2649 cunt,
764 2582 999 2648 fructus,
1039 2592 1292 2639 caventes
1323 2581 1470 2652 quod
1493 2582 1883 2637 inconveniens
1915 2589 2020 2646 est,
2050 2596 2142 2636 re—

579 2685 737 2748 cepto
757 2677 812 2731 in
837 2675 1236 2732 Plenitudinem
1286 2677 1379 2745 qui
1407 2692 1474 2731 ex
1518 2675 1979 2745 contemplatione
2023 2689 2144 2728 ma-

579 2777 733 2825 terna
752 2776 907 2825 ortus
936 2777 1024 2825 est
1048 2788 1062 2823 ς
1094 2775 1266 2824 mater
1295 2782 1487 2823 rursus
1514 2766 1941 2839 dispensationis
1988 2766 2143 2837 priu-

578 2861 757 2932 clpem
795 2860 1072 2931 produxit,
1107 2861 1165 2915 in
1193 2861 1429 2931 imagine
1457 2860 1605 2915 illius
1645 2859 1740 2930 qui
1775 2860 1842 2914 ab
1890 2874 1955 2913 ea
1988 2858 2143 2928 fuge-

580 2962 686 3017 rat.
722 2963 946 3031 propter
971 2953 1307 3010 desiderium
1332 2953 1480 3007 illius
1510 2953 1603 3023 qui
1633 2952 1796 3007 fuerit
1815 2952 2026 3016 melior,
2047 2950 2141 3021 qui

581 3049 867 3103 character
884 3030 1074 3101 Patris
1100 3046 1478 3100 universorum
1525 3044 1627 3098 fuit
1659 3062 1673 3097 :
1701 3052 2030 3113 quapropter
2086 3049 2141 3097 et
2167 3030 2210 3088 C

583 3139 761 3193 minor
784 3138 873 3193 ille
896 3145 1000 3202 est,
1035 3137 1194 3208 quasi
1224 3152 1292 3192 ex
1314 3134 1911 3212 passione/cupiditatis
1940 3133 2147 3189 forma-

580 3231 739 3285 verit.
768 3231 1094 3285 Abominata
1121 3239 1300 3285 tamen
1329 3236 1435 3295 est,
1475 3227 1735 3299 inquiunt
1778 3227 1881 3294 illi,
1913 3241 2041 3282 cum
2081 3227 2149 3280 il-

581 3323 689 3377 lius
732 3324 1081 3379 severitatem
1106 3322 1338 3377 videret.

648 3414 885 3493 ΧΧᾏΝ.
933 3414 1040 3471 Sed
1063 3422 1119 3471 et
1151 3412 1405 3484 potentia
1448 3411 1711 3478 sinistra,
1741 3412 1811 3468 ab
1839 3411 1934 3466 illa
1973 3410 2138 3482 prius

582 3523 745 3580 quam
787 3506 991 3563 dextra
1025 3506 1322 3576 producta,
1376 3521 1407 3559 a
1441 3505 1583 3560 lucis
1626 3504 1861 3560 adventu
1903 3518 2147 3574 prasen-

581 3603 769 3671 tiaque
804 3614 916 3655 non
960 3599 1290 3654 formantur.
1346 3594 1596 3652 Sinistra
1623 3610 1752 3651 vero
1781 3594 1983 3650 relicta
2018 3602 2146 3650 sunt

532 3696 537 3701 '
581 3709 612 3746 a
640 3693 761 3748 loco
790 3693 910 3764 ipso
936 3690 1256 3753 formanda.
1287 3688 1459 3744 Matre
1493 3688 1678 3759 itaque
1707 3703 1815 3771 una
1846 3702 1969 3743 cum
2004 3686 2144 3741 Filio

580 3794 633 3840 et
661 3785 962 3842 seminibus
986 3785 1043 3839 in
1069 3788 1128 3848 >14
1150 3778 1552 3838 Plenitudinem
1586 3783 1857 3852 ingressa,
1901 3791 2031 3834 tunc
2060 3779 2145 3833 lo-

580 3895 680 3934 cus
729 3878 921 3932 matris
963 3882 1287 3946 potestatem
1317 3875 1678 3945 ordinemque
1705 3872 1954 3942 accipiet,
1981 3886 2143 3943 quem

581 3980 728 4019 nunc
766 3964 927 4019 habet
968 3970 1163 4017 mater.

650 4054 864 4111 XXXV.
912 4054 1073 4112 Jesus
1112 4055 1205 4108 tua:
1229 4063 1438 4120 nostra,
1492 4064 1553 4110 ut
1601 4054 1735 4110 dicit
1773 4056 2059 4126 apostolus
2087 4066 2138 4119 ⁸,

580 4150 816 4219 seipsum
847 4150 1151 4204 exinaniens
1192 4149 1241 4214 δ,
1277 4148 1381 4204 hoc
1403 4158 1508 4215 est,
1561 4157 1621 4203 ut
1647 4149 1765 4204 vult
1804 4148 2139 4211 Theodotus,

577 4250 732 4297 extra
783 4242 1077 4296 terminum
1116 4243 1325 4305 exiens,
1376 4242 1635 4312 quoniam
1662 4242 1890 4312 angelus
1915 4248 2055 4305 erat,
2110 4257 2141 4296 e

2239 1843 2353 1905 τοῖς
2376 1841 2538 1904 ὅλοις,
2566 1840 2707 1894 οὔτω
2734 1839 2791 1892 δὲ
2828 1840 2921 1893 καὶ
2951 1836 3029 1906 τῷ
3059 1834 3419 1907 Παρακλήτῳ.

2310 2042 2430 2094 Al".
2473 2041 2722 2105 Υίόθετος
2777 2041 2955 2112 μέντοι
2986 2039 3206 2109 γέγονεν
3230 2041 3259 2093 6
3289 2036 3551 2110 Χριστὸς,
3573 2036 3653 2100 ὡς
3691 2035 3817 2108 πρὸς

2241 2130 2310 2185 τὰ
2338 2131 2679 2204 πληρώματα
2709 2131 2957 2198 ἐκλεκτὸς
3004 2133 3309 2204 γενόμενος,
3346 2133 3441 2184 καὶ
3474 2131 3817 2202 πρωτότοκος

2238 2223 2348 2277 τῶν
2379 2223 2563 2279 ἐνθάδε
2585 2224 3133 2296 πραγμάτων.Ἔστιν
3153 2220 3245 2279 οὖν
3269 2223 3297 2277 6
3321 2223 3479 2292 λόγος
3504 2217 3670 2286 οὗτος
3697 2238 3822 2294 παρ-

2242 2315 2494 2387 άκουσμα
2538 2318 2629 2371 τοῦ
2675 2317 2944 2389 ἡμετέρου
2972 2319 3040 2371 ἐκ
3071 2316 3163 2372 τοῦ
3192 2316 3580 2387 ὑποκειμένου,
3612 2314 3811 2387 πρωτό-

2242 2425 2398 2464 τοκον
2419 2408 2592 2478 λέγων
2614 2410 2703 2465 τὸν
2732 2409 2986 2483 Σωτῆρα·
3012 2410 3105 2464 καὶ
3132 2409 3278 2463 ἐστιν
3304 2408 3552 2480 ὡσπερεὶ
3573 2409 3704 2478 ῥίζα
3731 2408 3817 2460 καὶ

2243 2501 2450 2573 κεφαλὴ
2500 2502 2755 2574 malim?!
2797 2502 2855 2555 δὲ
2897 2502 3209 2573 Ἐκκλησία,
3239 2502 3443 2573 καρπώ⁵
3482 2498 3655 2552 αὐτοῦ
3689 2500 3816 2571 Χρι-

2245 2592 2391 2656 στοῦ,
2418 2594 2570 2663 φασὶ,
2609 2594 2670 2671 τὸ
2706 2593 2970 2648 ἀνοίκειον
3002 2593 3261 2663 φυγόντες
3294 2592 3426 2663 (95),
3462 2590 3816 2653 συσταλέντος

2242 2687 2322 2749 είς
2355 2685 2416 2738 τὸ
2449 2684 2729 2756 Πλήρωμα
2759 2687 2823 2738 ἐκ
2847 2685 2943 2757 τῆς
2972 2683 3227 2757 μητρῴας
3258 2682 3553 2754 γενομένου
3589 2683 3811 2746 ἐννοίας·

2209 2860 2212 2864 γ
2243 2778 2277 2849 ἠ
2322 2784 2501 2850 μήτηρ
2538 2775 2692 2842 αὖθις
2733 2778 2824 2834 τὸν
2856 2779 2956 2849 τῆς
2996 2778 3299 2850 οἰκονομίας
3338 2778 3694 2850 προηγάγετο
3725 2780 3816 2850 ἄρ-

2244 2887 2426 2939 χοντα,
2456 2872 2536 2934 είς
2554 2870 2722 2924 τύπον
2745 2868 2837 2924 τοῦ
2863 2870 3125 2942 φυγόντος
3152 2870 3318 2942 αὐτὴν
3349 2871 3469 2924 κατ’
3492 2870 3811 2941 ἐπιπόθησιν

2244 2962 2409 3016 αὐτοῦ
2434 2963 2739 3034 κρείττονος
2757 2963 3108 3036 ὑπάρχοντος,
3129 2963 3189 3028 ὃς
3208 2959 3274 3035 ἦν
3295 2963 3463 3028 τύπος
3488 2962 3586 3016 τοῦ
3613 2963 3812 3035 Πατρὺς
3882 3004 3895 3023 ι

2243 3053 2350 3110 τῶν
2378 3055 2514 3109 ὅλων
2535 3072 2548 3086 ·
2583 3055 2665 3110 διὸ
2707 3055 2802 3110 καὶ
2832 3057 3009 3127 ἥττων
3043 3056 3269 3126 γίνεται,
3298 3057 3374 3120 ὡς
3400 3054 3467 3111 ἂν
3500 3057 3583 3109 ἑκ
3619 3056 3813 3118 πάθους

2243 3147 2344 3218 τῆς
2373 3148 2664 3219 ἐπιθυμίας
2679 3148 3008 3204 συνεστῶσα.
3027 3148 3337 3221 Ἐμυσὰχθη
3362 3149 3548 3221 μέντοι
3573 3149 3812 3203 ὲνιδοῦω

2243 3239 2340 3311 τὴν
2370 3241 2671 3312 ἀποτομίαν
2697 3241 2881 3308 αὐτοῦ,
2914 3241 2990 3306 ὥς
3028 3259 3190 3311 φασιν
3225 3241 3395 3296 αὐτοί.

2313 3420 2431 3473 ΛΔ’.
2484 3418 2642 3472 Ἀλλὰ
2681 3420 2775 3473 καὶ
2819 3419 3082 3491 εὐώνυμοι
3128 3421 3403 3492 δυνάμεις,
3432 3421 3659 3493 πρῶται
3694 3439 3816 3495 προ-

2245 3511 2521 3582 ϐληθεῖσαι
2547 3511 2654 3565 τῶν
2681 3510 2866 3576 δεξιῶν
2896 3512 2986 3566 ὑπ’
3027 3512 3217 3583 αὐτῆς,
3244 3512 3348 3566 ὑπὸ
3388 3514 3489 3585 τῆς
3517 3514 3617 3568 τοῦ
3647 3516 3813 3585 φωτὸς

2243 3604 2543 3675 παρουσίας
2569 3604 2628 3657 οὐ
2662 3604 2990 3675 μορεροῦνται
3009 3622 3022 3634 ·
3054 3604 3481 3677 κατελείφθησαν
3508 3607 3569 3661 δὲ
3612 3610 3670 3660 αἱ
3709 3610 3814 3680 ἁρε-

2245 3695 2431 3765 στεραὶ
2463 3694 2567 3747 ὑπὸ
2600 3693 2693 3748 τοῦ
2736 3695 2901 3747 τόπου
2936 3694 3307 3766 μορφωθῆναι.
3340 3696 3455 3766 Τῆς
3488 3699 3701 3772 μητρὸς
3726 3695 3809 3753 οὖν

2247 3782 2383 3853 μετὰ
2426 3782 2519 3837 τοῦ
2552 3783 2683 3836 Υίοῦ
2716 3784 2811 3838 καὶ
2849 3784 2957 3839 τῶν
3000 3786 3329 3857 σπερμάτων
3356 3784 3711 3858 εἰσελθούσης
3738 3790 3810 3851 είς

2241 3874 2303 3927 τὸ
2338 3874 2634 3947 Πλήρωμα,
2664 3866 2782 3929 τότε
2809 3877 2837 3929 6
2865 3877 3026 3940 τόπος
3057 3876 3155 3948 τὴν
3194 3877 3439 3941 ἐξουσίαν
3472 3878 3578 3948 τῆς
3613 3880 3809 3951 μητρὸς

2244 3966 2335 4020 καί¹
2365 3967 2461 4039 τὴν
2486 3966 2638 4032 τάξιν
2665 3966 3021 4039 ἀπολήψεται,
3053 3969 3119 4040 ἥν
3146 3968 3239 4023 νῦν
3268 3969 3379 4039 ἔχει
3411 3971 3442 4040 ή
3470 3973 3676 4044 μήτηρ.

2310 4059 2432 4112 ΛΕ’.
2484 4060 2543 4112 '0
2601 4059 2805 4131 Ἰησοῦς
2854 4059 2918 4113 τὸ
2968 4058 3093 4129 φῶς
3146 4060 3322 4131 ἡμῶν,
3350 4062 3426 4125 ὡς
3450 4062 3604 4131 λέγει
3632 4066 3664 4117 6
3689 4063 3814 4117 ἀπό-

2245 4151 2446 4215 στολος,
2483 4151 2671 4205 ἑαυτὸν
2718 4148 3006 4216 κενώσας,
3034 4151 3305 4205 τουτέστιν
3346 4151 3505 4215 ἐκτὸς
3545 4153 3643 4206 τοῦ
3692 4154 3810 4226 ὅρου

2242 4242 2546 4313 γενόμενος,
2574 4237 2716 4296 κατᾶ
2741 4241 3013 4305 Θεόδοτον,
3047 4243 3170 4296 ἐπεὶ
3198 4243 3426 4312 ἄγγελος
3447 4239 3539 4314 ἦν,
3559 4244 3658 4297 τοῦ
3678 4245 3814 4315 Πλη-

576 4333 919 4390 Plenitudine
989 4335 1211 4405 angelos
1277 4335 1502 4390 seminis
1563 4334 1878 4390 excellentis
1952 4348 2138 4388 secum

2248 4335 2493 4408 ρώματος
2519 4335 2644 4398 τοὺς
2676 4335 2937 4403 ἀγγέλους
2975 4335 3068 4388 τοῦ
3108 4335 3452 4407 διαφέροντος
3499 4337 3814 4408 σπέρματος

577 4427 786 4482 eduxit.
841 4425 909 4480 Et
958 4427 1073 4499 ipse
1123 4426 1343 4498 quidem
1400 4426 1851 4498 redemptionem,
1907 4426 2065 4496 quasi
2109 4441 2140 4481 e

2245 4426 2605 4499 συνεξήγαγεν
2636 4427 2839 4499 ἑαυτῷ·
2872 4429 2966 4481 καὶ
2992 4426 3153 4492 αὐτὸς
3184 4428 3282 4499 μὲν
3322 4430 3419 4500 τὴν
3442 4427 3718 4502 λύτρωσιν
3739 4432 3814 4495 ὡς

577 4518 922 4576 Plenitudine
968 4536 1309 4592 progressus,
1354 4520 1567 4591 habuit,
1607 4520 1830 4590 angelos
1858 4527 2038 4575 autem
2069 4519 2136 4574 ad

580 4613 805 4669 seminis
837 4615 1234 4693 correctionem
1263 4614 1457 4670 duxit:
1484 4613 1644 4684 quasi
1682 4613 1827 4667 enim
1858 4628 1955 4682 pro
1984 4623 2138 4683 parte

578 4714 773 4777 rogant
827 4706 1226 4777 obsecrantque
1269 4707 1470 4778 angeli,
1516 4706 1801 4776 nostrique
1828 4705 2001 4776 gratia
2042 4706 2137 4761 de-

578 4798 734 4860 tenti,
758 4796 972 4868 ingredi
1004 4797 1348 4861 festinantes.
1383 4797 1600 4852 veniam
1621 4796 1782 4851 nobis
1820 4806 2135 4866 precantur,

577 4891 640 4940 ut
655 4901 760 4940 una
786 4901 910 4940 cum
929 4886 1037 4943 illis
1058 4902 1159 4942 nos
1182 4886 1347 4941 etiam
1372 4884 1768 4956 ingrediamur.
1790 4884 1998 4955 Quippe
2013 4899 2138 4940 cum

577 4979 752 5034 nostri
783 4978 897 5035 fere
923 4994 1062 5050 opus
1106 4978 1307 5032 habent
1354 4988 1413 5033 ut
1442 4976 1819 5048 ingrediantur
1859 4978 2136 5048 (quoniam

578 5069 698 5125 sine
718 5069 878 5125 nobis
909 5066 1119 5139 ingredi
1148 5081 1257 5121 non
1288 5066 1396 5122 illis
1425 5081 1749 5123 concessum
1780 5066 1873 5131 sit,
1904 5066 2047 5121 hanc
2068 5066 2138 5120 ob

2241 4519 2349 4572 ἀπὸ
2384 4518 2751 4591 Πληρώματος
2787 4517 3058 4591 προελθὼν
3099 4515 3262 4589 εἶχεν,
3293 4520 3417 4582 τοὺς
3448 4518 3508 4571 δὲ
3550 4520 3815 4589 ἀγγέλους

2242 4612 2320 4675 εἰς
2345 4609 2629 4682 διόρθωσιν
2669 4610 2762 4663 τοῦ
2811 4610 3119 4682 σπέρματος
3147 4610 3384 4680 ἤγαγεν·
3416 4609 3492 4673 ὡς
3529 4609 3643 4681 γὰρ
3674 4610 3815 4679 ὑπὲρ

2246 4701 2440 4772 μέρους
2475 4700 2681 4756 δέονται
2715 4701 2808 4754 καὶ
2839 4698 3231 4773 παρακαλοῦσι,
3263 4698 3358 4753 καὶ
3395 4700 3463 4753 δι’
3482 4701 3635 4771 ἡμᾶς
3664 4718 3816 4754 κατε-

2242 4793 2481 4862 χόμενοι,
2498 4791 2817 4854 σπεύδοντες
2844 4790 3120 4853 εἰσελθεῖν,
3136 4790 3329 4858 ἄφεσιν
3354 4793 3485 4861 ἡμῖν
3511 4791 3811 4852 αἰτοῦνται,

2242 4885 2329 4938 ἵνα
2368 4883 2795 4954 συνεισέλθωμεν
2820 4883 3035 4947 αὐτοῖς·
3073 4882 3258 4952 σχεδὸν
3285 4883 3395 4955 γὰρ
3430 4881 3586 4953 ἡμῶν
3622 4882 3815 4953 χρείαν

2241 4972 2453 5043 ἔχοντες
2488 4975 2572 5027 ἴνα
2594 4973 2931 5029 είσέλθωσιν’
2970 4974 3111 5045 (ἐπεὶ
3141 4973 3267 5028 ἄνευ
3300 4972 3455 5044 ἡμῶν
3481 4973 3580 5025 οὐκ
3599 4973 3818 5044 ἐπιτρέ-

2242 5081 2399 5118 πεται
2427 5065 2639 5129 αὐτοῖς·
2669 5064 2757 5119 διὰ
2797 5064 2955 5118 τοῦτο
2996 5064 3105 5138 γὰρ
3142 5064 3265 5119 οὐδὲ
3302 5066 3337 5136 ἡ
3377 5065 3561 5138 μήτηρ
3594 5065 3817 5137 συνελή-

647 5226 708 5293 ›Ῑ‹
750 5227 811 5283 Ρ.
853 5166 960 5313 9ᾆὸ
998 5224 1108 5281 ΕΙ).
1146 5222 1438 5281 POTTER.
1484 5237 1511 5265 ι
1549 5221 1707 5278 Joan.
1753 5237 1890 5287 vui,
1927 5220 2015 5277 12.
2088 5219 2117 5260 1³

2244 5221 2295 5276 il.
2341 5237 2400 5283 tt,
2435 5220 2485 5277 7.

646 5343 739 5415 (92

812 5342 866 5396 '0
887 5342 956 5398 δὲ
976 5343 1303 5412 ,βουληθεὶς
1325 5343 1497 5400 Αὶών.
1538 5343 1700 5413 Clare
1721 5343 1826 5397 hoc
1850 5347 2132 5413 peccatum

2244 5356 2334 5413 nes
2367 5347 2421 5393 et
2450 5340 2541 5413 qui
2574 5339 2812 5413 scientia
2842 5353 3030 5413 arcem
3058 5337 3698 5413 tenere_in_Christianis
3732 5339 3817 5392 vi-

611 5416 624 5428 .
646 5344 770 5467 (922‘
812 5344 866 5396 ὀ
887 5344 956 5398 δὲ
976 5344 1303 5427 ,βουᾼηθεὶς
1325 5344 1497 5400 Αὶών.
1538 5344 1700 5415 Clare
1721 5344 1826 5397 huc
1850 5347 2132 5422 peccatum
2236 5356 2334 5396 nes
2367 5347 2421 5393 et
2450 5344 2541 5409 qui
2574 5344 2812 5422 scientia
2849 5353 3030 5421 arcem
3058 5346 3245 5394 tenere
3276 5344 3698 5420 in_Christianis
3732 5344 3813 5392 vi-

573 5417 735 5496 diabo
760 5428 875 5496 rex
906 5414 1159 5496 superbia
1191 5431 1311 5496 ερας
1342 5430 1506 5496 ρωηέ
1534 5414 1910 5496 scelerumque
1928 5426 2009 5496 ex
2042 5411 2133 5496 illa
2235 5412 2364 5465 dere
2392 5408 3180 5496 vellentstnnconl'ustouesua
3217 5409 3813 5496 gloriam

574 5483 950 5554 castigatione,
975 5478 1045 5538 ἰιι
1074 5499 1135 5539 se
1168 5478 1430 5541 adversus
1462 5485 1631 5540 Deum
1654 5478 1866 5554 erigant
1892 5490 1947 5538 et
1975 5481 2135 5551 quasi
2235 5496 2465 5554 eamque
2502 5481 2666 5554 inter_
2685 5478 2901 5554 satana
2939 5478 3351 5554 prim_ogenitos,
3381 5478 3542 5549 quasi
3567 5479 3815 5549 apostoli

574 5570 617 5625 a7
637 5570 697 5609 se
718 5548 825 5607 sibi
850 5561 1056 5625 esseet
1084 5571 1221 5623 quas
1247 5556 1528 5625 possident
1555 5555 1708 5609 dotes
1728 5548 1973 5625 t'ribuant
1995 5548 2008 5625 ξ
2033 5565 2135 5625 nec
2235 5548 2460 5625 Joannis
2484 5552 2707 5625 oraculo
2737 5548 3018 5625 haberent.
3052 5548 3312 5625 Causam

574 5624 677 5677 alia
715 5626 769 5676 in
803 5625 923 5677 istis
956 5622 1135 5680 desint
1165 5622 1307 5681 vera
1337 5626 1460 5681 ﬁdei
1502 5639 1767 5689 consona,
1802 5622 1897 5679 sed
1939 5622 2135 5676 fabulis

573 5694 809 5749 immista
858 5695 1073 5767 illisque
1113 5696 1333 5764 obruta,
1362 5697 1566 5769 quibus
1594 5697 1676 5752 sic
1709 5693 1931 5771 superbi
1962 5692 2134 5759 homi-

2310 5622 2419 5692 (95)
2453 5622 2765 5691 Φυγόντες.
2807 5619 3120 5692 Haud_scio
3163 5637 3235 5677 an
3285 5620 3471 5679 verius
3517 5620 3815 5691 φυγόντος,

2239 5688 2476 5767 genitivo
2507 5688 2660 5761 casu,
2693 5700 2754 5747 ut
2782 5705 2926 5746 mox.
2958 5688 3114 5747 Sun.
