4016 6308
325 312 427 365 ϐἘῚ

1021 309 1244 366 DUBIA.
1293 341 1353 351 -—
1396 311 1759 367 EXCERPTA
1799 313 1888 366 EX
1923 310 2234 367 SCRIPTIS
2272 310 2637 376 THEODOTI,
2680 310 2831 368 ETC.

3445 322 3546 377 678

318 425 475 480 λυθεν
513 425 640 480 ἄνευ
679 425 855 497 ήμῶν,
890 427 1052 494 φασίν
1073 427 1113 497 ·)
1155 427 1378 490 εἰκότως
1418 427 1728 499 ύπὲρήμῶν
1755 428 1857 482 δέοι

1960 478 1962 487 λ
1993 441 2214 482 causam
2235 425 2377 481 enim
2410 442 2479 482 ne
2499 425 2715 496 quidem
2740 434 2913 481 mater
2929 428 3134 499 absque
3157 431 3338 498 nobis,
3373 432 3546 489 aiunt’

315 537 424 572 ται.

389 612 524 676 [ις’.
580 611 668 662 Ἐν
708 610 916 680 ἑνότητι
968 610 1213 680 μέντοιγε
1283 609 1690 681 προεϐλήθησαν
1716 612 1763 663 οἱ
1793 612 1884 680 ἄγ.

312 701 460 770 γελοι
497 702 674 771 ἡμῶν,
701 703 882 770 φασὶν,
913 703 1189 764 εἰσιόντες,
1219 701 1292 764 rb;
1322 702 1428 754 ἀπὸ
1457 701 1573 764 ἐνὸς
1605 701 1885 774 προελθόν-

309 809 421 856 τες.
442 794 593 845 Ἐπεὶ
620 794 676 846 δὲ
709 796 866 864 ἡμεῖς
891 789 1052 864 ἦμεν,
1084 794 1132 846 oI
1169 793 1578 864 μεμερισμένοι,
1610 793 1698 846 διά
1726 794 1881 848 τοῦτο

309 885 643 938 ἐϐαπτίσατο
669 889 698 938 ό
737 884 960 956 Ἰησοῦς,
986 887 1046 938 τὸ
1083 886 1373 956 ἀμέριστον
1413 885 1754 956 μερισθῆναι,
1789 886 1880 956 μέ-

310 994 435 1048 χρις
475 978 620 1047 ἡμᾶς
664 976 836 1047 ένὼσῃ
878 977 1058 1040 αὐτοῖς
1083 979 1161 1040 είς
1185 978 1243 1030 τὸ
1268 978 1566 1048 Πλήρωμα,
1604 978 1690 1031 ἵνα
1719 980 1878 1048 ἡμεῖς

306 1066 360 1119 οἱ
393 1065 576 1118 πολλοὶ
609 1065 666 1118 ἓν
697 1066 994 1136 γενόμενοι,
1029 1051 1090 1119 οῖ
1105 1067 1300 1130 πάντες
1326 1067 1404 1138 τῷ
1433 1067 1511 1120 ἐνὶ
1537 1067 1614 1138 τῷ
1640 1067 1704 1122 δι’
1731 1070 1877 1138 ἡμᾶς

312 1157 622 1230 μερισθέντι
661 1157 950 1230 ἀνακραθῶ
957 1175 1074 1228 μεν.
1090 1151 1096 1160 ’

378 1355 500 1408 ΛΖ’.
543 1354 606 1406 Οἱ
636 1353 740 1406 ἀπὸ
781 1353 947 1424 Ἀδὰμ
980 1353 1298 1417 ἐξελθόντες,
1323 1355 1372 1406 οἱ
1409 1355 1503 1425 μὲν
1549 1353 1763 1419 δίκαιοι,
1786 1357 1873 1411 διὰ

300 1441 414 1494 τῶν
448 1443 777 1513 ἐκτισμένων
808 1443 904 1514 τὴν
935 1443 1050 1496 ὁδὸν
1080 1442 1406 1514 ποιούμενοι,
1443 1443 1590 1515 παρά
1615 1445 1692 1516 τῷ
1723 1445 1872 1515 τόπῳ

302 1535 638 1604 κατείχοντο,
666 1534 803 1587 κατὰ
833 1537 956 1598 τοὺς
987 1535 1484 1598 Οὐαλεντινιανούςο
1510 1538 1558 1589 oi
1587 1536 1641 1590 δὲ
1671 1538 1866 1610 ἕτεροι,

300 1626 362 1678 ἐν
394 1625 472 1696 τῷ
498 1626 589 1679 τοῦ
616 1627 803 1680 σκότου
830 1627 1128 1698 ἐκτισμένῳ
1159 1628 1216 1680 ἐν
1244 1632 1354 1691 τοῖς
1389 1629 1691 1700 ἀριστεροῖς
1719 1629 1867 1700 έχον-

299 1733 393 1780 τες
423 1717 770 1788 συναίσθησιν
794 1717 886 1770 τοῦ
915 1719 1102 1789 πυρός.

1985 519 2226 588 ingressa
2266 518 2392 584 est),
2421 517 2716 572 verisimile
2750 524 2833 571 est
2873 520 3015 588 quod
3049 537 3148 589 pro
3180 525 3336 580 nobis
3369 537 3546 581 orent.

2051 607 2287 662 XXXVI.
2330 609 2386 662 In
2421 609 2683 662 unitatem
2726 616 2930 669 tamen.
2991 613 3162 675 aiunt,
3217 617 3390 684 angeli
3451 634 3542 671 no-

1982 701 2080 752 stri
2116 700 2345 769 ingressi
2374 701 2623 768 producti
2678 710 2825 764 sunt,
2860 709 2916 755 ut
2953 704 3043 771 qui
3079 704 3146 758 ab
3195 722 3300 758 uno
3331 724 3546 775 proces-

1979 798 2186 846 serunt.
2228 790 2495 856 Quoniam
2542 807 2671 847 vero
2693 809 2792 848 nos
2825 810 3046 848 eramus
3082 796 3174 864 qui
3223 798 3384 852 divisi
3429 799 3544 854 fue-

1979 899 2186 948 ramus,
2239 899 2366 938 eam
2391 884 2462 938 ob
2499 899 2719 941 causam
2753 885 2913 940 Iesus
2963 887 3268 955 baptizatus
3313 898 3418 955 est,
3466 893 3541 946 uti

1977 970 2119 1038 quod
2155 969 2253 1023 fuit
2281 971 2569 1026 indivisum
2595 972 2947 1038 divideretur,
2981 975 3155 1029 donec
3185 977 3292 1031 illis
3335 979 3386 1032 in
3422 979 3534 1036 PIe~

1976 1062 2224 1116 nitudine
2256 1070 2311 1117 et
2356 1079 2456 1118 nos
2491 1065 2690 1128 uniret,
2736 1073 2792 1116 ut
2848 1081 2947 1119 nos
2995 1069 3145 1120 multi
3185 1085 3350 1122 unum
3390 1071 3538 1135 facti,

1973 1169 2164 1209 omnes
2197 1155 2310 1220 uni,
2334 1157 2426 1226 qui
2458 1171 2555 1226 pro
2575 1157 2733 1211 nobis
2760 1157 2968 1213 divisus
2998 1167 3135 1223 erat,
3178 1163 3537 1218 commiscea-

1976 1261 2118 1299 mur.

2043 1335 2304 1394 XXXVII.
2345 1337 2446 1404 Qui
2475 1339 2694 1409 quidem
2724 1341 2914 1395 Adami
2945 1350 3072 1397 sunt
3107 1347 3334 1412 posteri,
3358 1364 3422 1401 ex
3453 1348 3538 1401 his

1971 1429 2216 1483 nonnulli
2238 1429 2372 1498 justi
2396 1437 2549 1495 sunt,
2587 1431 2844 1484 nimirum
2879 1435 2970 1500 qui
3007 1449 3101 1502 per
3128 1445 3308 1488 creata
3332 1437 3434 1489 iter
3458 1436 3540 1490 fa-

1970 1521 2173 1576 cientes
2204 1537 2234 1575 a
2269 1522 2387 1576 loco
2444 1523 2659 1576 fuerant
2699 1523 2924 1586 delenti,
2977 1527 3272 1579 secundum
3339 1527 3564 1592 Valen~_

1969 1609 2068 1663 tini
2092 1626 2352 1680 sequaces
2397 1630 2408 1665 :
2439 1613 2530 1665 alii
2564 1623 2742 1667 autem
2777 1615 2831 1666 in
2865 1615 3212 1669 tenebrarum
3265 1627 3446 1672 creato
3480 1620 3535 1673 in

1967 1701 2229 1763 sinistris,
2270 1703 2361 1771 qui
2393 1703 2531 1772 ignis
2558 1719 2720 1759 sensu
2753 1714 2880 1758 sunt
2909 1705 3103 1761 aﬂ‘ecti.

371 1809 502 1863 ΑΠ’.
553 1809 796 1880 Ποταμὸς
837 1810 1187 1878 ἐκπορεύεται
1238 1812 1405 1883 πυρὸς
1455 1813 1708 1866 ὑποκάτω
1770 1813 1857 1867 τοῦ

2035 1792 2321 1848 XXXVIII.
2363 1792 2586 1848 Fluvius
2609 1797 2797 1865 igneus
2826 1795 2929 1850 sub
2972 1797 3169 1851 throno
3202 1799 3305 1852 loci
3348 1801 3532 1870 ingre.

299 1897 494 1971 θρόνου
533 1900 626 1954 τοῦ
653 1901 838 1964 τόπου,
880 1903 973 1954 καὶ
1007 1905 1090 1973 ῥεῖ
1117 1904 1196 1965 είς
1224 1904 1284 1955 τὸ
1316 1904 1467 1956 κενὸν
1496 1905 1588 1957 τοῦ
1619 1906 1868 1976 ἐκτισμέ-

299 2007 393 2042 νου
413 2008 426 2020 ο
459 1992 488 2044 ὅ
515 1993 659 2044 ἐστιν
687 1995 718 2062 ἡ
752 1993 942 2060 γέεννα
987 1993 1093 2045 ἀπὸ
1125 1994 1354 2056 κτίσεως
1395 1993 1487 2046 τοῦ
1521 1996 1690 2067 πυρὸς
1722 1996 1869 2067 ῥέον-

299 2100 411 2146 τος,
443 2084 517 2155 μὴ
550 2085 929 2156 πληρουμένης
964 2086 1091 2158 (94).
1116 2087 1224 2140 Καὶ
1255 2088 1414 2151 αὐτὸς
1444 2089 1500 2140 δὲ
1529 2090 1557 2142 6
1584 2090 1744 2153 τόπος
1762 2090 1865 2143 πύ-

303 2175 448 2245 ρινός
482 2177 614 2229 ἐστι.
659 2178 757 2229 Διὰ
798 2176 972 2240 τοῦτο,
1010 2179 1160 2248 φησι,
1195 2179 1587 2250 καταπέτασμα
1618 2181 1750 2250 έχει,
1781 2182 1866 2234 ἵνα

303 2265 378 2336 μὴ
409 2268 473 2318 ἐκ
502 2266 599 2336 τῆς
629 2268 941 2338 προσόψεως
973 2269 1219 2340 ἀναλωθῇ
1249 2269 1315 2322 τὰ
1347 2271 1662 2342 πράγματα.
1693 2274 1866 2338 Μόνος

297 2359 354 2410 ίὲ
397 2360 426 2410 ὁ
465 2359 798 2429 ἀρχάγγελος
843 2361 1143 2431 εἰσέρχεται
1182 2362 1317 2433 πρὸς
1343 2362 1522 2424 αὐτὸν,
1553 2359 1612 2416 οὗ
1640 2368 1757 2417 κατ’
1787 2368 1863 2418 εἱ-

299 2448 432 2500 κόνα
469 2448 560 2500 καὶ
586 2449 614 2500 6
639 2449 922 2520 ἀρχιερεὺς
966 2447 1111 2512 ἅπαξ
1139 2448 1231 2501 τοῦ
1263 2450 1507 2503 ἐνιαυτοῦ
1538 2452 1616 2512 είς
1638 2451 1707 2503 τά
1735 2453 1864 2519 ἆγια

299 2539 408 2592 τῶν
451 2541 617 2608 ἁγίων
659 2541 1047 2610 εἰσῄει.Ἔνθεν
1075 2544 1168 2595 καὶ
1199 2543 1227 2594 6
1263 2540 1466 2611 Ἰησοῦς
1497 2543 1864 2614 παρακληθεὶς

301 2631 660 2703 συνεκαθέσθη
688 2633 766 2704 τῷ
793 2633 960 2703 τόπῳ,
993 2635 1078 2687 ἵνα
1109 2633 1241 2704 μένῃ
1267 2633 1335 2686 τὰ
1353 2634 1649 2705 πράγματα
1672 2637 1764 2689 καὶ
1789 2635 1860 2708 μή

295 2730 607 2798 προαναστῇ
648 2725 830 2789 αὑτοῦ,
858 2727 949 2779 καὶ
991 2727 1077 2780 ἵνα
1120 2726 1210 2779 τὸν
1255 2726 1416 2779 τόπον
1445 2726 1728 2799 ἡμερώση,
1768 2729 1862 2781 καὶ

293 2817 374 2886 τῷ
407 2817 675 2889 σπέρματι
705 2817 870 2871 δίοδον
901 2819 979 2881 είς
1003 2817 1279 2888 Πλήρωμα
1309 2818 1581 2890 παράσχῃ.

369 2908 488 2962 ΛΘ.
541 2909 601 2961 Ἡ
649 2910 830 2980 μήτηρ
875 2909 1219 2980 προϐαλούσα
1263 2911 1352 2962 τὸν
1379 2911 1610 2980 Χριστὸν
1635 2910 1858 2982 ὀλόκλη-

298 3019 414 3073 ρον,
446 3002 536 3054 καὶ
555 3003 643 3054 ὑπ’
669 3000 831 3055 αὑτοῦ
864 3000 1301 3069 καταλειφθεῖσα,
1325 3000 1417 3053 τοῦ
1447 3001 1631 3054 λοιποῦ
1657 3003 1756 3056 οὐκ
1778 3003 1856 3056 έτι

292 3093 446 3146 οὐδὲν
475 3091 764 3163 προέϐαλεν
788 3091 1093 3163 ὁλόκληρον,
1123 3091 1254 3144 ἀλλά
1281 3092 1349 3145 τὰ
1381 3091 1577 3145 δυνατὰ
1602 3095 1730 3164 παρ’
1757 3093 1856 3147 αύ-

291 3186 360 3254 τῇ
383 3184 670 3255 παρέσχεν·
695 3183 834 3236 ὥστε
859 3185 951 3236 καὶ
974 3183 1068 3236 τοῦ
1097 3183 1260 3236 τόπου
1275 3185 1368 3238 κα)⁸
1391 3183 1499 3237 τῶν
1524 3184 1740 3256 κλήρων
1764 3181 1856 3239 οὗν

289 3276 361 3329 τὰ
405 3275 665 3344 ἀγγελικά
713 3275 848 3345 αὐτὴ
898 3274 1290 3346 προϐάλλουσα,
1323 3277 1451 3347 παρ’
1473 3277 1608 3347 αὐτῇ
1641 3276 1857 3347 κατέχει

289 3365 400 3418 τῶν
447 3365 711 3418 ἐκλεκτῶν
759 3365 867 3418 τῶν
905 3363 1205 3433 ἀγγελικῶν
1247 3366 1350 3419 ὑπὸ
1392 3365 1483 3418 τοῦ
1520 3366 1747 3438 ἄρρενος
1779 3366 1857 3421 έτι

290 3459 457 3530 πρότε
467 3476 554 3530 ρον
583 3458 852 3530 προϐεϐλη
861 3458 1053 3528 μένων.

359 3553 448 3603 Μ’.
488 3551 567 3604 Τὰ
598 3550 695 3621 μὲν
717 3549 825 3621 γάρ
847 3548 996 3614 δεξιά
1017 3548 1122 3620 πρὸ
1148 3549 1244 3619 τῆς
1269 3549 1361 3602 τοῦ
1389 3551 1564 3618 φωτὸς
1592 3553 1855 3624 αἰτήσεως

293 3641 598 3713 προηνέχθη
620 3641 723 3694 ὑπὸ
741 3641 839 3712 τῆς
867 3639 1088 3711 μητρὸς,
1109 3640 1179 3694 τὰ
1203 3640 1259 3692 δέ
1291 3641 1577 3712 σπέρματα
1605 3643 1704 3712 τῆς
1731 3644 1853 3696 Ἐκ-

290 3731 537 3802 κλησίας,
572 3731 707 3801 μετά
753 3731 850 3802 τὴν
890 3730 984 3783 τοῦ
1028 3730 1201 3799 φωτὸς
1231 3730 1464 3800 αἴτησιν,
1493 3732 1579 3784 ὅτε
1622 3733 1726 3785 ὑπὸ
1759 3734 1852 3787 τοῦ

293 3824 518 3896 ἄρρενος
567 3821 636 3875 τά
673 3821 937 3891 ἀγγελικά
979 3822 1086 3875 τῶν
1139 3823 1460 3894 σπερμάτων
1504 3824 1846 3895 προεϐάλετο.

361 3915 494 3966 MA’.
523 3914 602 3966 Τά
653 3913 976 3984 διαφέροντα
1030 3913 1336 3986 σπέρματα,
1379 3915 1532 3984 φησι,
1583 3915 1720 3986 μήτε
1777 3915 1851 3978 ὡς

293 4003 460 4074 πάθη,
484 3995 558 4055 ὧν
597 4002 892 4072 λυομένων,
925 4001 1182 4074 συνελύθη
1215 4003 1281 4056 ἂν
1308 4005 1402 4057 καὶ
1426 4006 1494 4059 τὰ
1530 4005 1845 4077 σπέρματαο

294 4097 430 4166 μήτε
453 4095 528 4157 ὡς
543 4095 716 4148 κτίσιν
737 4093 1176 4166 προεληλυθέναι,
1196 4093 1402 4158 ἀλλ’ὡς
1429 4096 1614 4149 τέκνα.
1654 4097 1847 4166 Ἀπαρ-

289 4183 575 4255 τιζομένης
607 4184 715 4254 γὰρ
741 4184 837 4253 τῆς
862 4183 1109 4246 κτίσεως,
1147 4182 1546 4253 συναπηρτίσθη
1568 4183 1633 4236 ἂν
1658 4183 1751 4236 καὶ⁸
1781 4183 1848 4236 τά

293 4273 610 4344 σπέρματα·
646 4273 726 4324 διὸ
757 4273 849 4324 καὶ
875 4271 970 4342 τὴν
991 4271 1296 4342 οἰκειότητα
1323 4271 1432 4340 ἔχει
1461 4272 1595 4342 πρὸς
1627 4271 1687 4324 τὸ
1713 4271 1844 4339 φῶς,

289 4365 321 4418 ὃ
351 4364 562 4434 πρῶτον
595 4365 890 4434 προήγαγε,
921 4364 1161 4416 τουτέστι
1187 4364 1277 4416 τὸν
1317 4362 1538 4433 Ἰησοῦν,
1570 4365 1599 4416 6
1629 4363 1848 4434 αἰτησά-

1967 1882 2237 1947 diebatur,
2278 1892 2332 1938 et
2378 1883 2494 1937 ﬂuit
2528 1885 2580 1937 in
2614 1887 2900 1939 cavitatem
2934 1887 3125 1949 creati,
3156 1904 3275 1956 qum
3319 1900 3401 1945 est
3431 1907 3532 1960 ge-

1969 1974 2166 2037 henna,
2211 1991 2435 2044 quaeque
2463 1990 2493 2028 a
2524 1986 2783 2046 perpetuo
2810 1978 2947 2047 ignis
2980 1978 3125 2031 Iquu
3160 1981 3302 2033 haud
3341 1984 3532 2050 imple-

1969 2073 2076 2130 tur.
2106 2065 2332 2135 Insuper
2358 2067 2509 2121 locus
2547 2067 2661 2136 ipse
2694 2068 2885 2134 igneus
2912 2080 3014 2123 est.
3051 2068 3528 2140 Proptereu,dicit,

1966 2155 2208 2209 velamen
2267 2155 2426 2209 habet
2460 2163 2518 2208 ut
2559 2172 2624 2209 ex
2669 2165 2966 2226 conspectu
3014 2173 3102 2212 res
3145 2174 3254 2211 non
3333 2159 3532 2213 dissol~
3624 2188 3626 2190 -

1966 2254 2180 2298 vantur.
2214 2242 2374 2299 Solus
2414 2261 2540 2298 vero
2571 2247 2931 2316 arcliangelus
2977 2246 3043 2299 ad
3094 2248 3243 2300 illum
3287 2249 3528 2319 ingredi-

1965 2345 2072 2398 tur,
2114 2336 2217 2391 sub
2253 2336 2410 2405 cujus
2451 2336 2684 2407 imagine
2725 2337 2968 2406 pontifex
3008 2339 3174 2392 semel
3211 2339 3263 2391 in
3297 2355 3438 2394 anno
3473 2341 3528 2394 in

1967 2424 2166 2480 Sancta
2210 2435 2521 2480 sanctorum
2569 2427 2990 2493 ingrediebatur.
3024 2427 3152 2481 Inde
3175 2429 3336 2482 etiam
3363 2427 3523 2486 Iesus

1963 2526 2221 2572 evocatus
2250 2518 2369 2572 loco
2404 2517 2670 2583 consedit,
2705 2527 2765 2572 ut
2795 2535 2882 2574 res
2904 2527 3156 2573 maneant
3185 2528 3238 2574 et
3262 2535 3370 2574 non
3401 2532 3528 2577 ante

1964 2609 2139 2678 ipsum
2171 2618 2417 2678 surgant,
2449 2616 2614 2677 utque
2661 2609 2840 2662 locum
2890 2607 3302 2674 mansuefaciat,
3335 2618 3394 2663 ut
3427 2613 3526 2664 de-

1961 2700 2126 2770 nique
2173 2701 2367 2756 semini
2419 2704 2706 2757 transitum
2766 2704 2822 2756 in
2867 2699 3264 2756 Plenitudinem
3313 2703 3523 2771 praebe-

1962 2799 2065 2847 ret.

2029 2882 2444 2971 XXXIX.Mater
2468 2894 2752 2955 postquam
2783 2883 3058 2938 Christum
3079 2883 3347 2954 integrum
3390 2899 3522 2953 pro-

1960 2976 2208 3041 duxerat,
2227 2985 2280 3032 ct
2300 2984 2367 3031 ab
2387 2977 2576 3032 eodem
2599 2976 2700 3030 fuit
2728 2976 3003 3040 derelicta,
3029 2984 3215 3045 postea
3245 2975 3377 3030 nihil
3406 2991 3524 3028 ani-

1958 3069 2101 3138 plius
2122 3069 2392 3139 integrum
2414 3070 2656 3139 protulit,
2676 3067 2768 3122 sed
2784 3067 2894 3131 illa,
2915 3083 3142 3136 quorum
3162 3081 3420 3122 concessa
3437 3075 3522 3122 est

1962 3160 2043 3213 illi
2103 3159 2356 3224 facultas,
2384 3160 2629 3230 praebuit.
2656 3159 2840 3229 Itaque
2869 3159 3074 3228 absque
3107 3158 3224 3212 loco
3246 3159 3520 3229 clerisque

1958 3267 2083 3306 cum
2133 3254 2250 3324 ipsa
2291 3254 2512 3324 angelos
2553 3253 2908 3324 produxerat,
2966 3249 3108 3320 apud
3151 3265 3209 3305 se
3249 3250 3514 3315 continet,

1958 3345 2146 3400 electis
2177 3347 2492 3416 angelorum
2523 3361 2552 3399 a
2585 3344 2828 3399 masculo
2855 3345 3009 3412 prius
3039 3343 3344 3413 productis.

2024 3526 2134 3580 XL.
2177 3525 2378 3580 Dextra
2417 3523 2635 3593 quidem
2667 3531 2794 3575 ante.
2822 3521 2960 3575 lucis
2986 3520 3304 3590 petitionem
3333 3535 3362 3574 a
3393 3535 3514 3574 ma-

1953 3628 2037 3674 tre
2088 3618 2310 3673 luerunt
2346 3615 2632 3686 producta,
2690 3611 2896 3667 semina
2929 3626 3059 3666 vero
3099 3609 3355 3665 Ecclesiae
3392 3618 3516 3680 post

1954 3713 2093 3767 lucis
2121 3711 2460 3781 petitionem,
2490 3721 2614 3762 cum
2663 3720 2693 3759 a
2737 3703 2982 3758 masculo
3028 3703 3234 3757 semina
3272 3701 3515 3772 angelica

1953 3801 2214 3873 producta
2246 3807 2394 3856 sunt.

2026 3900 2084 3957 in
2117 3891 2249 3948 XLI.
2292 3888 2624 3945 Excellentia
2655 3887 2883 3949 semina,
2915 3883 3009 3946 ait,
3043 3897 3144 3938 nec
3175 3891 3232 3936 ut
3260 3879 3511 3943 allectus,

1951 3987 2150 4056 quibus
2200 3983 2396 4040 solutis
2441 3990 2494 4036 et
2541 3979 2749 4034 semina
2797 3991 2904 4028 una
2935 3974 3302 4040 solverentur;
3337 3989 3514 4044 neque

1951 4088 2007 4132 ut
2038 4086 2288 4131 creatura
2316 4073 2559 4144 quadam
2585 4068 2928 4140 prodierunt,
2952 4064 3046 4120 sed
3075 4071 3133 4118 ut
3155 4064 3270 4119 ﬁlii.
3298 4064 3513 4137 Quippe

1949 4169 2222 4223 creatione
2255 4167 2451 4223 soluta,
2479 4161 2685 4216 semina
2716 4173 2932 4228 quoque
2962 4156 3123 4211 simul
3156 4162 3283 4210 sunt
3309 4156 3508 4210 soluta:

1949 4265 2279 4330 quapropter
2307 4255 2469 4310 etiam
2501 4267 2624 4306 cum
2656 4254 2774 4311 luce
2804 4246 3262 4302 necessitudinem
3289 4247 3508 4310 habent,

1947 4366 2110 4422 quam
2149 4349 2324 4420 primo
2357 4344 2634 4416 produxit,
2669 4356 2863 4410 nempe
2899 4339 3106 4404 Iesum,
3133 4337 3386 4393 Christus
3417 4339 3510 4408 qui

296 4428 456 4526 μενος
484 4456 608 4520 τοὺς
634 4428 840 4519 Arata,—
877 4455 1126 4526 Χριστὸς,
1160 4456 1217 4508 ὲν
1247 4448 1292 4522 ᾧ
1323 4428 1660 4524 συνδιυλίσθη
1709 4428 1846 4507 κάτά

1960 4442 2152 4497 Αἰοηθε
2175 4439 2348 4511 petiit,
2371 4440 2426 4492 in
2463 4451 2570 4506 quo
2599 4442 2652 4489 et
2696 4433 3044 4500 semina.cum
3075 4445 3140 4485 eo
3169 4430 3224 4483 in
3266 4428 3511 4484 Plenitu-

290 4548 514 4618 δύναμιν
561 4549 655 4602 καὶ
691 4546 760 4600 τά
808 4547 1096 4618 σπέρματα
1139 4546 1455 4600 συνελθόντα
1489 4545 1634 4616 αύτῷ
1687 4549 1764 4610 είς
1788 4546 1850 4598 τὸ

1960 4534 2129 4588 dinem
2163 4534 2426 4603 ingressa,
2465 4527 2721 4584 similiter
2763 4539 2862 4593 pro
2890 4522 3030 4577 virili
3070 4521 3326 4576 defaecata
3360 4528 3507 4582 sunt.

293 4639 766 4714 Πλήρωμαχβιότι
805 4639 909 4710 πρὸ
950 4638 1252 4709 καταϐολῆς
1283 4637 1486 4708 κόσμου
1516 4637 1737 4700 εἰκότως
1769 4636 1848 4688 λέ-

291 4750 445 4800 γεται
465 4735 498 4802 ἡ
545 4732 834 4803 Ἐκκλησία
861 4731 1191 4802 ἐκλελέχθαι.
1211 4732 1297 4785 Ἐν
1327 4733 1466 4802 ἀρχῇ
1490 4731 1667 4784 τοίνυν
1698 4748 1852 4783 συνε-

290 4825 636 4896 λογίσθημεν,
677 4825 826 4892 φασὶ,
860 4823 955 4876 καὶ
999 4821 1444 4893 ἐφανερώθημεν.
1493 4821 1590 4874 Διά
1640 4820 1847 4873 τοῦτοό

289 4919 479 4990 Σωτὴρ
510 4916 671 4984 λέγει·
706 4914 1001 4985 Λαμψὰτω
1024 4913 1089 4966 τὸ
1119 4912 1241 4981 φῶς
1260 4911 1446 4980 ὑμῶν,
1474 4910 1689 4982 μηνύων
1718 4910 1845 4980 περὶ

287 5008 382 5062 τοῦ
417 5008 590 5076 φωτὸς
617 5005 710 5059 τοῦ
744 5005 998 5074 φανέντος
1030 5003 1123 5056 κα)⁸
1163 4998 1576 5073 μορφώσαντος,
1623 5001 1749 5070 περὶ
1782 4995 1842 5052 οὗ

301 5097 616 5162 ’Δτιόστολος
660 5097 825 5164 λέγει,
855 5098 924 5148 Ὃ
950 5091 1174 5163 φωτίζει
1202 5091 1395 5145 πάντα
1421 5090 1730 5158 ἄνθρωπον
1752 5090 1844 5157 ἐρ-

287 5207 542 5261 χομενον
569 5193 655 5255 είς
679 5189 782 5242 τὸν
808 5189 1055 5256 κόσμον,
1085 5185 1174 5237 τὸν
1201 5183 1295 5237 τοῦ
1317 5183 1566 5254 διαφόρου
1593 5181 1841 5252 σπέρμα-

286 5300 397 5346 τος.
427 5285 552 5336 Ὅτε
581 5282 691 5352 γάρ
719 5277 987 5349 ἐφωτίσθη
1037 5278 1064 5328 ό
1119 5275 1419 5346 ἄνθρωπος,
1454 5273 1574 5326 τότε
1628 5274 1707 5336 εἰς
1753 5271 1843 5324 τὸν

287 5375 490 5446 κόσμον
520 5371 671 5446 ἦλθε,
724 5374 995 5428 τουτέστιν
1038 5370 1225 5423 ἐαυτὸν
1260 5369 1553 5439 ἐκόσμησε,
1604 5367 1841 5437 χωρίσας

291 5467 450 5520 αὐτοῦ
497 5466 566 5520 τὰ
607 5464 993 5519 ἐπισκοτοῦντα
1029 5463 1123 5516 καὶ⁹
1153 5457 1667 5529 συναναμεμιγμένα
1692 5453 1840 5525 αὐτῷ

1949 4627 2203 4697 quoniam
2237 4632 2362 4678 ante
2385 4622 2527 4692 jacta
2559 4617 2745 4672 mundi
2780 4615 3130 4669 fundamenta
3161 4614 3354 4667 merito
3373 4611 3510 4664 diei-

1943 4724 2035 4774 tur
2063 4717 2308 4772 Ecclesia
2331 4713 2500 4768 fuisse
2530 4712 2724 4766 electa.
2749 4708 2936 4777 Itaque
2956 4707 3008 4760 in
3027 4705 3312 4775 principio,
3334 4703 3506 4763 aiunt,

1946 4819 2000 4864 et
2046 4826 2148 4864 nos
2197 4806 2354 4862 electi
2412 4799 2850 4868 manifestatique
2905 4812 3118 4852 sumus.
3155 4793 3294 4848 Dicit
3346 4792 3510 4862 igitur

1949 4901 2234 4954 Salvator:
2260 4895 2538 4965 Splendeat
2586 4893 2694 4969 lux.
2727 4899 2958 4952 restra-,
2996 4887 3243 4941 indicans
3294 4899 3392 4938 seu
3428 4883 3509 4936 lo-

1953 5007 2126 5062 quens
2156 4991 2222 5044 de
2260 4989 2382 5042 luce
2420 4985 2567 5039 illius
2597 4983 2689 5053 qui
2725 4980 2977 5052 apparuit
3003 4985 3058 5032 et
3075 4973 3504 5038 transformavit,
3545 4989 3548 4992 λ

1947 5085 2014 5138 de
2067 5097 2173 5152 quo
2221 5079 2500 5150 apostolus
2543 5076 2716 5148 inquit
2757 5091 2769 5124 :
2837 5071 2939 5138 Qui
2997 5068 3260 5122 illuminat
3305 5081 3506 5119 omnem

1946 5177 2203 5229 hominem
2238 5173 2515 5227 venientem
2543 5171 2596 5222 in
2623 5167 2873 5222 mundum
2890 5165 2939 5224 δ,
2976 5162 3079 5216 hoc
3111 5168 3194 5214 est
3243 5155 3504 5210 mundum

1947 5268 2169 5324 seminis
2195 5263 2532 5320 excellentis.
2563 5259 2697 5315 Cum
2728 5259 2874 5314 enim
2923 5253 3260 5308 illuminatus
3283 5256 3369 5304 est
3405 5246 3505 5301 ho-

1947 5376 2056 5423 mo,
2090 5368 2222 5413 tunc
2266 5357 2321 5412 in
2363 5353 2624 5410 mundum
2675 5351 2839 5413 venit,
2868 5348 2972 5402 hoc
3005 5351 3108 5410 est,
3144 5341 3382 5412 seipsum
3411 5353 3504 5393 or.

1948 5453 2092 5507 navit
2119 5449 2385 5522 separatis
2414 5463 2444 5502 a
2473 5462 2533 5503 se
2559 5444 2798 5500 tenebris
2823 5448 2877 5498 et
2909 5425 3260 5511 passionibus'
3288 5433 3366 5488 illi
3401 5429 3502 5486 ad-

357 5626 416 5683 »Β
458 5618 519 5672 Ρ.
558 5561 661 5686 9ἕ9
697 5617 804 5673 ED.
845 5615 1139 5673 POTTER.
1182 5627 1208 5656 α
1249 5611 1437 5666 Matth.
1463 5627 1496 5666 v
1523 5651 1539 5678 ,
1568 5609 1652 5664 16.
1730 5608 1758 5648 ι’
1797 5606 1962 5672 Joan.,
1997 5622 2051 5674 ι,
2079 5605 2131 5661 9.

356 5773 468 5845 (94)
505 5773 944 5844 Πληρουμένης.
986 5773 1347 5830 Scribendum
1389 5773 1568 5844 potius
1604 5769 1857 5842 clupeus:

1960 5775 2034 5836 ,ιιι
2061 5765 2332 5824 referatur
2362 5763 2428 5820 ad
2456 5762 2685 5833 γέεννσ.ζ
