4016 6308
308 322 406 378 681

1052 318 1278 377 DUBlA.
1320 352 1389 362 —
1427 321 1793 380 EXCERPTA
1830 324 1922 379 EX
1964 323 2272 381 SCRIPTIS
2311 324 2677 393 THEODOTI,
2719 321 2872 381 ETC.

3439 324 3548 379 68?.

307 435 507 506 τλησεν
528 433 624 487 καὶ⁵
649 432 962 503 μετέϐαλεν,
993 430 1092 488 εἷθ’
1119 433 1292 499 οὕτως
1303 438 1383 502 είς
1408 438 1756 511 συγκρίματα
1771 440 1879 511 (98)

1982 439 2182 496 infudit
2211 455 2275 496 ac
2303 440 2609 504 transtulit,
2643 438 2771 496 dein
2811 437 3068 495 similiter
3124 438 3181 494 in
3228 439 3392 497 mista
3421 440 3548 495 ani-

308 527 407 580 καὶ
446 524 673 596 σώματα
692 542 707 556 ·
728 524 946 598 ἀθρόως
974 526 1085 597 γὰρ
1125 526 1314 583 οὐσίαν
1359 530 1582 601 ποιῆσαι
1625 532 1693 587 τὰ
1736 533 1880 605 πάθη

308 618 412 671 οὐκ
439 618 565 688 ἐνῆν
582 634 596 648 ’
632 618 728 671 καὶ
751 620 865 682 τοῖς
894 617 1110 690 σώμασι
1138 619 1279 674 κατά
1299 622 1457 692 φύσιν
1476 624 1883 705 ἐπιτηδειότητα

308 710 644 783 ἐνεποίησεν.

380 801 514 855 ΜΖ’.
544 802 767 876 Πρῶτος
792 804 889 875 μὲν
920 799 1016 859 οὐν
1048 806 1437 879 Δημιουργδςὸ
1456 808 1647 880 Σωτὴρ
1671 809 1881 878 γίνεται

306 893 627 960 καθολικός·
663 898 703 967 ἡ
736 896 805 951 δὲ
852 898 1043 969 Σοφία
1090 898 1318 974 δευτέρα
1372 902 1675 972 οἰκοδομεῖ
1716 900 1883 958 οἷκον

305 987 516 1057 ἑαυτῇ,
563 990 658 1043 καὶ
704 990 964 1064 ὑπήρεισε
1034 992 1256 1058 στύλους
1303 995 1474 1050 ἑπτά·
1528 997 1621 1051 καὶ
1667 997 1882 1071 πρῶτον

309 1081 530 1137 πάντων
558 1083 916 1156 προῦάλλεται
942 1087 1125 1143 εἰκόνα
1152 1090 1247 1143 τοῦ
1288 1091 1502 1163 Πατρδς
1550 1092 1701 1156 Θεὸν,
1725 1094 1793 1148 δι’
1819 1090 1879 1149 οὗ

308 1174 535 1246 ἐποίησε
562 1174 653 1228 τὸν
687 1176 912 1248 οὐρανὸν
944 1180 1035 1232 καὶ
1062 1179 1160 1251 τὴν
1187 1182 1309 1253 γῆν,
1350 1183 1597 1237 τουτέστι
1626 1185 1695 1238 τά
1719 1186 1881 1258 οὐρά-

307 1284 399 1323 νια
423 1270 518 1323 καὶ
544 1268 611 1323 τὰ
642 1270 877 1339 ἐπίγεια.
906 1274 976 1328 τὰ
1000 1274 1147 1340 δεξιά
1176 1278 1268 1331 καὶ
1297 1278 1367 1333 τὰ
1391 1279 1671 1352 ἀριστερά.
1694 1274 1877 1346 οὗτος,

304 1360 386 1426 ὡς
430 1360 593 1417 εἰκὼν
640 1364 874 1434 Πατρὸς,
927 1367 1115 1440 Πατὴρ
1154 1369 1386 1439 γίνεται,
1441 1372 1534 1425 καὶ
1586 1363 1881 1442 προσάλλει

306 1451 525 1522 πρῶτον
552 1455 644 1508 τὸν
679 1457 909 1529 ψυχικὸν
936 1459 1168 1530 Χριστὸν
1230 1459 1360 1514 Υἱοῦ
1421 1460 1637 1515 εἰκόνα·
1690 1461 1880 1517 ἔπειτα

302 1544 434 1609 τοὺς
457 1546 852 1619 ἀρχαγγέλους,
895 1548 1108 1605 αίῶνων
1150 1551 1365 1618 εἰκόνας
1383 1570 1397 1583 ·
1429 1550 1549 1608 εἶτα
1587 1556 1875 1625 ἀγγέλους,

303 1633 577 1704 ἀγγέλων,
605 1639 669 1691 ἐκ
698 1638 798 1710 τῆς
828 1638 1067 1711 ψυχικῆς
1112 1640 1207 1694 καὶ
1256 1641 1523 1712 φωτεινῆς
1577 1642 1782 1708 οὐσίας,
1811 1645 1879 1715 ἦν

304 1743 473 1799 φησιν
501 1729 529 1781 6
560 1731 893 1802 προφητικὸς
939 1731 1115 1801 λόγος,
1150 1732 1262 1787 Καὶ
1297 1731 1536 1803 πνεῦμα
1570 1734 1714 1790 Θεοῦ
1741 1737 1878 1790 ἐπεκ-

1983 534 2249 590 mantium
2278 548 2531 604 corpora,
2556 532 2671 589 fieri
2704 535 2848 587 enim
2882 546 2991 586 non
3021 531 3198 602 p’otuit
3247 542 3307 586 ut
3336 532 3549 602 passio-

1983 641 2081 683 nes
2114 625 2261 682 illico
2298 624 2665 682 substantiam
2702 621 2971 687 facerent,
3009 628 3065 677 et
3092 621 3419 693 corporibus
3447 621 3551 676 ha-

1981 718 2096 774 bita
2132 728 2343 773 natura:
2370 714 2687 773 eorumdem
2721 714 2934 770 ratione
2975 714 3262 768 utilitatem
3293 712 3510 768 indidit.

2051 808 2262 865 XLVII.
2292 807 2511 864 Primus
2559 809 2744 878 itaque
2799 805 3149 876 Demiurgus,
3210 820 3310 862 ccu
3367 804 3549 876 opifex

1981 900 2310 958 universalis
2359 898 2610 955 Salvator
2640 898 2820 954 factus
2856 905 2962 963 est,
3002 898 3127 953 dein
3162 896 3434 967 Sapientia
3463 911 3550 953 se-

1981 994 2160 1050 cunda
2210 992 2312 1047 sibi
2365 992 2579 1046 domum
2630 990 2933 1061 azdiﬁcata,
2976 990 3209 1044 collocat
3264 988 3551 1043 columnas

1982 1093 2213 1157 septem,
2268 1084 2612 1156 primumque
2663 1083 2907 1138 omnium
2941 1080 3112 1138 Deum
3143 1080 3325 1136 Patris
3365 1079 3551 1150 imagi-

1980 1193 2104 1233 nem
2144 1175 2418 1246 producit,
2448 1191 2544 1247 per
2572 1191 2734 1247 quem
2764 1174 2894 1231 fecit
2948 1173 3149 1231 caelum
3206 1180 3261 1229 et
3321 1181 3547 1236 terram,

1981 1271 2086 1327 hoc
2120 1280 2225 1334 est,
2260 1271 2502 1327 coelestia
2542 1277 2705 1340 atque
2731 1269 3037 1334 terrestria,
3071 1268 3262 1323 dextra
3310 1281 3373 1321 ac
3415 1266 3551 1321 siui-

1980 1372 2117 1420 stra.
2149 1364 2249 1419 Hic
2280 1372 2338 1418 ut
2366 1362 2548 1418 Patris
2579 1363 2761 1434 imago
2784 1360 2947 1416 Pater
2973 1360 3152 1415 factus
3183 1366 3289 1423 est,
3330 1367 3383 1416 et
3416 1374 3546 1429 pro-

1980 1456 2132 1511 ducit
2156 1457 2394 1528 primum
2432 1455 2724 1510 animalem
2749 1453 3029 1511 Christum
3058 1450 3181 1506 Filii
3209 1452 3498 1523 imaginem
3533 1471 3546 1505 :

1963 1549 2106 1631 .dein
2134 1548 2491 1621 archangelos
2521 1546 2760 1603 Eonum
2784 1547 3071 1617 imagines,
3102 1534 3360 1615 deinceps
3386 1560 3553 1616 ange-

1978 1643 2063 1697 los
2092 1642 2411 1714 angelorum
2442 1654 2508 1694 ex
2535 1638 2754 1695 animali
2789 1637 3080 1707 lucidaque
3113 1636 3446 1703 substantia,
3483 1637 3551 1692 de

1980 1748 2087 1804 qua
2124 1748 2305 1789 sermo
2332 1730 2689 1802 propheticus
2723 1726 2834 1783 :Et
2876 1728 3112 1797 Spiritus
3138 1726 3234 1783 Dei
3282 1727 3552 1798 ferebatur

303 1818 519 1889 φέρετο
556 1822 758 1878 ἐπάνω
798 1824 918 1880 τῶν
961 1824 1215 1891 ὑδάτων,
1244 1827 1390 1881 κατὰ
1426 1830 1524 1900 τὴν
1562 1830 1881 1904 συμπλοκὴν

1982 1842 2135 1895 super
2179 1841 2346 1894 aquas
2364 1824 2417 1888 ιι,
2465 1823 2699 1877 duarum
2776 1820 3212 1877 Subslantiarum
3265 1821 3550 1893 complexu

300 1911 414 1965 τῶν
441 1912 536 1966 δύο
562 1914 760 1968 οὐσιῶν
804 1916 912 1970 τῶν
944 1918 1122 1972 αὐτῶν
1152 1919 1550 1991 πεπεισμένων,
1578 1920 1640 1975 τὸ
1662 1921 1879 1994 εἰλικρι-

300 2004 396 2067 νές
437 2005 794 2078 ἐπιφέρεσθαι
820 2010 1018 2065 εἰπών’
1054 2010 1117 2065 τδ
1151 2012 1208 2066 δὲ
1250 2011 1511 2084 ἐμῦριθές
1545 2016 1639 2068 καὶ
1694 2013 1878 2069 ὑλικὸν

302 2092 692 2165 ὑποφέρεσθαι,
734 2098 795 2152 τὸ
846 2098 1062 2170 θολερὸν
1096 2102 1191 2156 xal
1248 2102 1583 2174 παχυμερές.
1639 2102 1882 2176 Ἀσώμα-

297 2201 397 2239 τον
432 2186 489 2239 δὲ
525 2188 620 2241 καὶ
655 2190 860 2263 ταύτην
910 2194 969 2246 ἐν
1016 2194 1156 2266 ἀρχῇ
1195 2194 1516 2260 αἰνίσσεται,
1555 2196 1617 2249 τὸ
1650 2196 1880 2264 φάσκειν

301 2277 567 2349 ἀόρατον
605 2281 727 2336 οὔτε
755 2284 861 2356 γὰρ
893 2284 1164 2358 ἀνθρώπῳ
1196 2285 1273 2357 τῷ
1307 2286 1533 2358 μηδέπω
1577 2286 1691 2341 ὄντι
1715 2286 1881 2360 ἀόρα-

298 2383 396 2431 τος
422 2365 512 2441 ἦν,
544 2370 670 2426 οὐτε
697 2373 776 2445 τῷ
811 2376 940 2447 (99).
978 2418 993 2431 .
1028 2416 1041 2429 .
1071 2376 1422 2450 ἐδημιούργει
1471 2379 1605 2449 γάρ·
1647 2377 1783 2434 ἀλλὰ
1819 2378 1880 2433 τὸ

301 2460 552 2535 ἄμορφον
595 2467 690 2520 καὶ
724 2468 960 2523 ἀνείδεον
994 2470 1088 2523 καὶ
1116 2470 1522 2541 ἀσχημάτιστον
1551 2471 1739 2543 αὐτῆς,
1778 2464 1879 2526 ὧδέ

301 2569 422 2619 πως
445 2554 682 2630 ἐξεφὼνη
691 2575 800 2613 σεν.

374 2747 516 2801 MH'.
555 2748 844 2818 Διακρίνας
874 2749 932 2803 δὲ
956 2750 984 2802 6
1010 2753 1348 2826 Δημιουργὸς
1395 2753 1466 2808 τὰ
1516 2752 1732 2826 καθαρὰ
1770 2752 1881 2808 ἀπὸ

302 2836 403 2892 τοῦ
455 2837 767 2911 ἐμῦριθοῦς,
801 2840 877 2905 ὡς
922 2841 988 2896 ἂν
1021 2824 1205 2897 ἐνιδὼν
1244 2844 1342 2917 τὴν
1374 2846 1638 2918 ἐκατέρου
1664 2824 1671 2826 ἡ
1693 2842 1884 2915 φύσιν,

303 2927 427 2996 φῶς
442 2928 980 3001 ἐποίησε,τουτέστιν
1012 2933 1377 3007 ἐφανέρωσεν,
1401 2937 1495 2990 καὶ
1523 2939 1603 3001 είς
1636 2936 1753 3007 φῶς
1784 2938 1881 2995 καὶ

305 3019 455 3074 ίδέαν
501 3023 845 3094 προσήγαγεν
864 3042 877 3055 ·
907 3026 1030 3078 ἐπεὶ
1080 3026 1205 3095 τόγε
1233 3026 1455 3098 ἡλιακὸν
1502 3030 1597 3083 καὶ
1634 3031 1881 3103 οὐράνιον

301 3111 424 3182 φῶς
467 3113 641 3185 πολλῷ
678 3114 902 3187 ὕστερον
959 3117 1279 3189 ἐργάζεται·
1324 3121 1419 3174 καὶ
1462 3124 1607 3175 ποιεῖ
1656 3124 1720 3176 ἐκ
1770 3121 1878 3176 τῶν

1980 1934 2101 1989 qua:
2130 1918 2333 1973 cedunt
2366 1917 2500 1987 ipsa:
2528 1923 2582 1971 et
2610 1915 3014 1986 obsequuntur,
3043 1914 3190 1986 quod
3222 1930 3422 1984 purum
3463 1930 3552 1971 su-

1979 2025 2080 2083 pra
2119 2020 2321 2066 terram
2377 2007 2509 2064 ferri
2544 2006 2756 2074 dicens,
2809 2005 2955 2078 quod
3014 2016 3145 2062 vero
3179 2022 3341 2077 grave
3386 2014 3552 2078 atque

1981 2102 2289 2167 materiale,
2334 2101 2617 2157 turbidum
2649 2115 3008 2170 crassumque
3037 2099 3344 2157 subsidere.
3369 2097 3554 2156 Incor-

1981 2208 2202 2265 porcam
2221 2208 2353 2248 vero
2374 2200 2429 2247 et
2453 2194 2597 2248 hanc
2619 2206 2742 2247 esse
2771 2190 2824 2245 in
2855 2191 3146 2260 principio,
3172 2191 3331 2247 nobis
3354 2191 3550 2254 innuit,

1980 2301 2104 2341 cum
2134 2294 2189 2343 et
2220 2285 2549 2342 invisibilem
2601 2284 2865 2339 nominat.
2903 2281 3091 2352 Neque
3145 2282 3291 2337 enim
3323 2281 3551 2342 homini.

1981 2381 2073 2451 qui
2104 2379 2345 2437 nondum
2375 2386 2543 2447 esset,
2569 2377 2863 2434 invisibilis
2893 2383 3031 2443 erat,
3065 2390 3242 2446 neque
3262 2373 3550 2447 Demiurgo

1981 2489 2082 2530 ceu
2134 2473 2339 2545 opifici,
2379 2473 2497 2543 ipse
2552 2470 2699 2527 enim
2737 2468 2983 2525 condidit
3016 2486 3030 2522 :
3063 2468 3157 2523 sed
3208 2467 3353 2537 quod
3406 2467 3553 2522 illius

1982 2565 2234 2633 informe,
2263 2564 2409 2635 quod
2456 2562 2679 2634 speciei,
2712 2559 2859 2632 quod
2908 2559 3095 2631 figura:
3146 2557 3310 2614 fuerit
3357 2574 3554 2629 expers

1983 2658 2089 2713 hoc
2114 2657 2278 2712 modo
2300 2654 2628 2711 enuntiavit.

2050 2748 2281 2806 XLVIII.
2309 2748 2640 2804 Discernens
2687 2760 2818 2802 vero
2858 2743 3183 2814 Demiurgus
3236 2757 3356 2815 qua:
3414 2757 3554 2813 pura

1984 2846 2053 2901 ab
2101 2861 2166 2902 eo
2216 2842 2362 2915 quod
2412 2856 2683 2903 crassum,
2717 2846 2776 2894 ut
2809 2839 2902 2910 qui
2956 2837 3243 2892 amborum
3299 2845 3550 2890 naturam

1982 2939 2184 3010 Optime
2210 2933 2483 3007 cognovit,
2518 2933 2692 2987 lucem
2720 2931 2949 2988 creavit.
2973 2929 3077 2984 hoc
3104 2936 3208 2993 est,
3233 2927 3552 2983 manifesta-

1981 3033 2081 3096 vit,
2114 3037 2278 3100 atque
2315 3027 2383 3083 ad
2428 3027 2604 3081 lucem
2634 3023 2977 3095 speciemque
3027 3021 3305 3092 produxit.
3341 3020 3554 3093 Quippe

1983 3123 2076 3179 diu
2133 3129 2258 3193 post
2314 3118 2584 3174 formatur
2616 3116 2750 3173 solis
2784 3115 3016 3184 caelique
3044 3113 3248 3176 lumen,
3285 3111 3447 3183 idque
3485 3127 3551 3167 ex

299 3201 525 3268 ὓλικῶν,
558 3204 620 3257 τὸ
644 3205 743 3277 μὲν
770 3208 835 3260 ἐκ
858 3207 955 3279 τῆς
984 3207 1161 3280 λύπης
1190 3209 1465 3275 οὐσιῶδες,
1505 3211 1685 3276 κτίζον
1709 3230 1871 3266 πνευο

1982 3212 2281 3270 materiatis
2315 3231 2329 3266 :
2360 3225 2557 3281 nempe
2578 3206 2729 3280 quod
2752 3205 3115 3263 substantiale
3143 3204 3246 3259 fuit
3276 3220 3341 3261 ex
3372 3203 3552 3260 tristi-

302 3294 513 3367 ματικά
554 3296 654 3367 τῆς
698 3299 955 3372 πονηρίας
985 3299 1082 3372 (1),
1115 3301 1251 3373 πρὸς
1282 3302 1317 3356 ἃ
1356 3305 1389 3375 ὴ
1426 3303 1570 3376 πάλη
1617 3306 1773 3377 ἡμῖν,
1798 3304 1879 3359 διὸ

300 3392 400 3446 καὶ
422 3392 570 3461 λέγει
594 3395 623 3447 6
672 3392 985 3457 ’Δπόστολος
1001 3410 1012 3421 ·
1030 3395 1138 3448 Καὶ
1159 3394 1245 3464 μὴ
1270 3396 1518 3451 λυπεῖτε
1541 3396 1608 3451 τὸ
1635 3398 1880 3470 Πνεῦμα

297 3484 371 3539 τὸ
403 3484 575 3556 ἅγιον
603 3486 707 3541 τοῦ
753 3485 923 3551 Θεοῦ,
954 3487 1025 3541 ἐν
1057 3479 1105 3554 ᾦ
1133 3488 1606 3558 ἐσφραγίσθητεο
1635 3491 1696 3544 τὸ
1725 3492 1782 3546 δέ
1815 3494 1878 3547 ἐκ

298 3574 397 3627 τοῦ
455 3575 645 3646 φόϐου,
693 3576 762 3631 τὰ
809 3575 1007 3649 θηρία·
1040 3577 1103 3632 τὸ
1151 3579 1208 3633 δὲ
1254 3580 1319 3633 ἐκ
1372 3580 1474 3651 τῆς
1505 3581 1753 3653 πλήξεως
1784 3585 1879 3639 καὶ

298 3667 561 3739 ἀπορίας,
596 3668 666 3723 τά
697 3672 934 3741 στοιχεῖα
960 3668 1054 3725 τοῦ
1090 3670 1316 3742 κόσμου.
1365 3672 1453 3725 Ἐν
1494 3674 1549 3727 δὲ
1594 3676 1707 3739 τοῖς
1732 3677 1881 3748 τρισὶ

306 3758 591 3828 στοιχείοις
634 3759 695 3813 τὸ
735 3759 847 3831 πῦρ
897 3760 1239 3833 ἐναιωρεῖται
1289 3763 1383 3817 καὶ
1420 3764 1747 3835 ἐνέσπαρται
1785 3766 1880 3821 καὶ¹

303 3848 632 3919 ἐμωλεύει,
680 3850 774 3904 κα)⁸
806 3851 911 3905 ὑπὸ
959 3851 1160 3906 τούτων
1193 3852 1500 3919 ἐξάπτεται,
1531 3857 1625 3909 καὶ
1670 3858 1878 3921 τούτοις

303 3936 732 4010 ἐπαποθνήσκει,
766 3940 839 4012 μὴ
890 3940 1012 4012 ἕχον
1060 3944 1229 3997 τύπον
1256 3945 1560 4000 ἀποτακτδν
1583 3945 1655 4018 (Ξ)
1683 3949 1876 4003 ἐαυτοῦ

302 4025 381 4092 ὡς
412 4028 506 4082 καὶ
552 4029 621 4083 τὰ
671 4029 804 4085 ἄλλα
833 4035 1090 4104 στοιχεῖα,
1114 4033 1175 4099 ἐξ
1200 4028 1275 4089 ὧν
1300 4035 1369 4090 τά
1398 4038 1749 4110 συγκρίματα
1777 4040 1876 4113 δη-

303 4123 667 4192 μιουργείται.

372 4210 506 4264 MO’.
544 4212 695 4268 Ἐπεὶ
750 4213 806 4267 δὲ
850 4215 950 4268 οὐκ
995 4216 1259 4285 ἐγίνωσκε
1307 4219 1405 4292 τὴν
1433 4219 1502 4273 δι’
1529 4220 1691 4274 αὐτοῦ
1727 4225 1877 4295 ἐνερ-
1958 4234 1963 4239 ‘

299 4301 525 4371 γοῦσαν,
560 4305 801 4376 οἰόμενος
834 4307 941 4379 ίδίᾳ
960 4308 1185 4381 δυνάμει
1215 4310 1586 4385 δημιουργεῖν,
1624 4314 1879 4388 φιλεργὸς

299 4392 380 4448 ὢν
411 4395 591 4465 φύσει.
622 4396 711 4449 διὰ
740 4396 897 4451 τοῦτο
929 4394 1079 4452 εἶπεν
1113 4402 1141 4454 ὁ
1206 4403 1521 4469 ’Δπόστολος
1540 4422 1555 4437 ο
1594 4406 1875 4478 Tareth

300 4484 381 4556 τῇ
421 4489 766 4557 ματαιότητι
824 4489 932 4543 τοῦ
963 4494 1195 4560 κόσμου
1230 4496 1343 4566 οὐχ
1373 4496 1545 4565 ἑκὼν,
1574 4499 1734 4561 ἀλλὰ
1777 4499 1875 4554 διὰ

298 4578 411 4635 τὸν
440 4580 841 4647 ὑποτάξαντα,
874 4583 966 4636 ἐπ’
987 4584 1206 4651 ἐλπίδι,
1240 4561 1448 4643 ὅτινκαὶ
1480 4561 1641 4655 αὐτὸς
1661 4592 1871 4647 ἐλευθε-
1906 4561 1950 4616 D

303 4670 627 4742 ρωθήσεται,
678 4675 807 4727 ὅταν
870 4674 1098 4748 συλλεγῇ
1144 4678 1213 4733 τά
1264 4679 1551 4752 σπέρματα
1580 4683 1674 4737 τοῦ
1715 4685 1869 4741 Θεοῦ.

302 4762 613 4835 Τεκμήριον
643 4765 699 4819 δέ
734 4766 966 4837 μάλιστα
996 4767 1087 4821 τοῦ
1112 4769 1366 4824 ἀκουσίου
1392 4772 1454 4825 τὸ
1483 4775 1759 4844 εὐλογεῖν
1806 4777 1873 4831 τὸ

296 4853 605 4911 Σάϐϐατον
630 4861 723 4915 καὶ
766 4861 865 4934 τὴν
894 4861 1002 4917 ἀπὸ
1030 4861 1138 4916 τῶν
1164 4866 1339 4919 πόνων
1370 4869 1675 4926 ἀνάπαυσιν
1707 4873 1876 4944 ὑπερ-

304 4947 633 5012 ασπίζεσθαι
666 4951 763 5025 (3).

375 5038 458 5093 N’.
508 5042 703 5097 Λαϐὼν
727 5044 855 5115 χοῦν
879 5047 989 5100 ἀπὸ
1017 5048 1118 5118 τῆς
1149 5051 1271 5122 γῆς,
1304 5054 1365 5106 οὐ
1397 5054 1498 5124 τῆς
1527 5053 1716 5127 ξηρᾶς,
1741 5057 1878 5111 ἀλλά

302 5131 404 5204 τῆς
456 5135 794 5246 πολυμεέωῦς
848 5141 944 5194 καὶ
984 5141 1232 5213 ποικίλης
1285 5143 1415 5217 ὕλης
1463 5148 1647 5219 μέρος,
1697 5150 1876 5222 ψυχὴν

383 5250 443 5326 εξ
487 5244 551 5302 P.
598 5227 699 5326 ait
740 5250 851 5309 ED.
890 5251 1197 5310 Ροττειι.
1289 5270 1317 5299 ι
1352 5257 1515 5317 Prov.
1551 5278 1627 5326 ιι,
1657 5262 1744 5318 ιι.

317 5323 345 5353 ο
381 5314 517 5372 Gen.
550 5333 613 5385 ιι,
647 5321 701 5376 5.

401 5435 939 5518 θβλὶξυχίιρίματα.
985 5440 1260 5518 Eamdem
1277 5457 1466 5498 vocem
1519 5442 1683 5518 paulo
1733 5442 1877 5498 infra

420 5504 648 5588 ,ἐξ
661 5504 736 5564 ὧν
760 5504 1213 5588 ῑτινι-συγκρίματα
1240 5504 1669 5588 δημιουργεῖται.

382 5576 495 5659 (99)
512 5577 684 5644 Τῷ.Α.
701 5583 918 5651 supplet
939 5576 1162 5659 ὄντι.
1180 5584 1255 5640 De
1284 5576 1504 5659 informi
1521 5591 1700 5636 autem
1718 5583 1876 5659 cujus

310 5652 523 5772 ἓξὲξ)ιέ
565 5666 690 5706 mox
739 5652 1001 5717 occurrit,
1029 5656 1153 5710 vide
1205 5664 1259 5710 et
1307 5652 1591 5717 Basilium,
1626 5668 1682 5723 p.
1717 5652 1872 5709 6.’H.

526 5734 579 5772 ε.

389 5731 579 5774 ιοοκσ.

381 5788 460 5858 (l)
488 5791 865 5859 Πνευματικὰ
903 5792 1014 5862 τῆς
1047 5810 1110 5848 π.
1145 5793 1306 5850 Forte
1334 5792 1620 5865 πνεύματα
1649 5792 1745 5863 τῆς
1773 5810 1869 5848 πο-

622 5881 882 5943 ΡΑτιιοι..
941 5885 1057 5946 Gn.
1100 5887 1215 5949 IX.

1841 5264 1868 5304 ὃ
1904 5261 2039 5321 Gen.
2073 5280 2112 5327 I,
2135 5264 2192 5322 2.

1982 3308 2078 3373 tia,
2112 3304 2360 3361 condidit
2399 3301 2667 3374 spiritalia
2708 3290 2987 3370 nequitiac.
3044 3298 3309 3353 adversus
3342 3302 3401 3361 ᾗ
3433 3312 3551 3368 qua:

1980 3398 2140 3453 nobis
2170 3404 2253 3453 est
2284 3396 2454 3461 lucta,
2488 3394 2634 3449 unde
2681 3392 2815 3447 dicit
2845 3390 3179 3463 Apostolus:
3215 3388 3282 3443 Et
3316 3405 3378 3444 ne
3428 3406 3552 3444 ι·οη-

1980 3492 2187 3545 tristate
2216 3488 2473 3558 Spiritum
2499 3495 2740 3542 sanctum
2765 3485 2884 3545 Dei.
2921 3485 2983 3539 ξπ
3005 3501 3105 3555 quo
3127 3485 3325 3554 signati
3355 3484 3551 3538 testist:

1979 3598 2045 3637 cx
2078 3582 2274 3635 timore
2318 3594 2471 3641 vero,
2505 3578 2733 3642 bestias,
2781 3592 2848 3633 ex
2904 3587 3129 3648 stupore
3188 3590 3319 3632 vero
3374 3592 3550 3647 angu-

1980 3674 2213 3744 stiaque,
2246 3674 2517 3729 elementa
2552 3670 2765 3726 mundi.
2795 3671 2856 3725 In
2882 3669 3061 3725 tribus
3098 3676 3281 3725 autem
3311 3669 3555 3725 elemen-

1979 3766 2051 3822 tis
2086 3766 2229 3837 ignis
2270 3764 2525 3820 sublimis
2556 3772 2757 3827 exstat,
2788 3772 2842 3819 et
2870 3762 2980 3818 illis
3034 3762 3322 3832 inspersus
3356 3770 3462 3825 est,
3497 3771 3553 3817 ct

1980 3857 2034 3911 in
2067 3857 2174 3911 illis
2208 3858 2361 3920 latet,
2394 3865 2448 3911 et
2492 3856 2596 3911 sub
2628 3855 2822 3911 iisdem
2857 3854 3201 3921 accenditur,
3245 3856 3412 3925 inque
3440 3855 3551 3909 illis

1978 3948 2237 4013 moritur,
2291 3945 2521 4001 formam
2577 3944 2665 4000 sui
2723 3943 3135 3999 determinatam
3192 3959 3303 3999 non
3343 3945 3553 4000 habens

1978 4039 2141 4096 sicuti
2192 4039 2401 4110 reliqua
2453 4039 2744 4101 elementa,
2770 4053 2834 4092 ex
2882 4036 3083 4108 quibus
3126 4037 3290 4093 mista
3360 4037 3551 4093 viven-

1976 4134 2223 4204 tiumque
2244 4148 2477 4203 corpora
2509 4130 2837 4188 formantur.

2048 4222 2228 4279 XLIX.
2273 4224 2541 4291 Quoniam
2570 4240 2701 4280 vero
2731 4222 3031 4287 nesciebat,
3078 4237 3198 4293 quae
3235 4237 3332 4292 per
3371 4222 3550 4292 ipsum

1977 4317 2326 4388 operabatur,
2374 4317 2575 4373 virtute
2622 4316 2844 4388 propria
2899 4332 2958 4372 se
3006 4332 3095 4372 res
3123 4331 3314 4372 creare
3355 4316 3551 4371 existi-

1978 4421 2154 4471 mans,
2185 4422 2309 4463 cum
2335 4414 2531 4462 natura
2565 4407 2760 4463 lubens
2786 4414 3061 4478 operetur,
3091 4413 3311 4477 prepter
3343 4405 3447 4460 hoc
3468 4404 3553 4458 di-

1977 4500 2058 4554 xit
2105 4498 2429 4570 Apostolus:
2473 4499 2779 4571 Subjectum
2823 4517 2934 4556 esse
2972 4501 3195 4555 vanitati
3234 4498 3417 4552 mundi
3449 4513 3551 4551 nou

1978 4607 2077 4644 sua
2100 4601 2300 4661 sponte,
2351 4592 2441 4647 sed
2473 4604 2684 4662 propter
2716 4610 2835 4648 eum
2886 4593 2975 4664 qui
3027 4592 3246 4662 subjecit
3292 4592 3346 4644 in
3377 4605 3465 4659 spe
3499 4588 3549 4651 ἀ,

1979 4684 2125 4755 quod
2156 4685 2272 4755 ipse
2298 4686 2461 4741 etiam
2491 4686 2829 4749 liberabitur,
2862 4699 2986 4739 cum
3008 4683 3104 4739 Dei
3135 4682 3343 4738 semina
3380 4681 3551 4735 colle-

1979 4785 2069 4832 cta
2112 4778 2332 4833 fuerint.
2378 4776 2656 4849 Praecipue
2682 4793 2811 4833 vero
2839 4777 2909 4833 sit
2936 4776 3139 4831 indicio
3171 4773 3315 4846 quod
3346 4774 3553 4828 invitus

1978 4880 2237 4942 operatus
2276 4878 2380 4935 est,
2415 4873 2673 4942 quoniam
2719 4869 2951 4925 Sabbato
2985 4868 3249 4923 benedixit
3286 4878 3333 4929 ε,
3383 4874 3437 4920 et
3465 4880 3554 4920 re—

1981 4965 2161 5035 quiem
2184 4980 2215 5018 a
2253 4964 2533 5020 laboribus
2562 4972 2764 5019 tuetur.

2044 5056 2108 5111 L.
2142 5056 2371 5113 Pulvere
2398 5073 2429 5114 e
2470 5066 2615 5113 terra
2646 5064 2864 5127 sumpto
2896 5070 3004 5109 non
3047 5070 3113 5109 ex
3147 5052 3321 5116 arida,
3345 5051 3455 5107 ‘sed
3483 5066 3553 5105 ex

1976 5150 2209 5205 diversis
2250 5149 2501 5220 partibus
2550 5149 2769 5204 dividua
2800 5147 3062 5217 variaque
3107 5144 3337 5200 materia
3381 5153 3554 5198 terre-

2286 5277 2308 5306 ε
2351 5264 2490 5337 Eph.
2516 5280 2591 5329 vt,
2622 5263 2728 5325 22;
2754 5280 2830 5328 tv,
2853 5260 2942 5316 30.
3050 5259 3089 5307 τι.
3118 5258 3278 5313 Itoni.
3306 5271 3429 5323 vm,
3457 5255 3551 5312 20.

1980 5463 2043 5518 νη
2052 5448 2191 5518 ρίας.
2223 5445 2484 5505 Svumno.

2051 5516 2128 5588 (2)
2157 5520 2352 5573 Τύπον
2374 5521 2545 5574 ἀποτ.
2582 5525 2741 5575 r'orle
2782 5520 2947 5575 τόπον
2998 5518 3325 5581 ἀποτακτόν,
3382 5516 3555 5572 locum

1979 5589 2333 5711 assignatum.

2051 5658 2067 5711 (
2114 5664 2127 5711 l
2210 5660 2333 5711 ’Υπε

2051 5657 2127 5728 (5)
2210 5660 2749 5729 Ὑπερασπίζεσθαι.
2833 5661 3264 5718 Convenientius
3340 5657 3559 5729 videtur

1980 5728 2480 5800 ύπερασπάζεσθαι,
2508 5733 2751 5802 amplecti
2770 5742 2814 5785 et
2842 5735 3088 5802 pra'ferri
3116 5730 3404 5784 laboribus.
3430 5728 3555 5782 Sno

1979 5813 2135 5855 θυαε.

3187 5894 3271 5951 aa
