4016 6308
242 310 362 368 σεδ

964 312 1192 369 DUBIA.
1224 347 1293 355 —
1334 314 1701 371 EXCERPTA
1741 316 1832 371 EX
1868 317 2181 374 SCRIPTIS
2215 318 2589 389 THEODOTI,
2629 320 2783 379 ETC.

3388 318 3497 389 688

238 432 354 497 λως
384 430 696 504 κινούμενος
732 433 839 488 ὑπὸ
885 433 982 505 τῆς
1007 434 1225 505 Σοφίας,
1258 433 1427 490 οἴεται
1461 436 1807 509 αὐτοκίνητος

1912 447 2085 501 vetur.
2120 454 2147 492 a
2186 455 2245 496 se
2270 441 2477 497 moveri
2513 442 2629 512 ipse
2658 448 2834 512 putat,
2869 441 3122 500 similiter
3148 452 3203 501 et
3219 441 3496 508 homines.

232 523 404 583 εἶναι’
433 527 633 597 ὁμοίως
677 527 773 582 καὶ
809 530 859 582 oi
887 522 1181 600 ἂνθρωποι.
1213 528 1435 601 Πρῶτον
1476 525 1568 583 οῦν
1597 530 1815 602 σπέρμα

233 620 608 691 πνευματικὸν
635 619 697 673 τὸ
723 621 782 674 ὲν
806 620 886 692 τῷ
938 621 1107 693 Ἀδὰμ
1140 620 1488 695 προέϐαλενή
1521 622 1707 695 Σοφία,
1730 627 1815 680 ἵνα

229 708 268 787 ᾗ
305 713 366 766 τὸ
408 711 597 767 ὀστοῦν
642 714 676 785 ἠ
725 713 914 787 λογικὴ
957 716 1052 769 καὶ
1087 716 1310 788 οὐρανία
1350 717 1495 789 ψυχὴ
1541 713 1614 790 μὴ
1661 719 1810 792 κενὴ,

227 808 375 862 ἀλλὰ
408 807 605 881 μυελοῦ
625 809 869 880 γέμουσα
890 811 1279 882 πνευματικοῦ.

298 925 424 977 NA'.
472 923 605 977 ’Δπδ
641 923 699 977 δὲ
736 923 831 978 τοῦ
875 924 1045 996 Ἀδὰμ
1077 927 1226 998 τρεῖς
1271 924 1462 995 φύσεις
1494 923 1808 994 γεννῶνται·

227 1016 429 1089 πρώτη
479 1016 578 1086 μὲν
612 1016 647 1087 ἡ
677 1015 887 1086 ἄλογος,
922 1014 990 1090 ἧς
1018 1013 1087 1090 ἧν
1113 1019 1273 1083 Κάῖν,
1317 1018 1545 1092 δευτέρα
1575 1019 1632 1072 δὲ
1662 1021 1696 1090 ἡ
1727 1019 1814 1073 λο-

224 1111 392 1182 γικὴ,
426 1110 521 1164 καὶ
568 1110 601 1180 ἡ
649 1109 855 1173 δικαία,
895 1107 965 1184 ἦς
991 1107 1058 1183 ἦν
1103 1112 1285 1166 Ἀϐελ’
1317 1112 1475 1183 τρίτη
1506 1112 1563 1166 δὲ
1586 1115 1619 1183 ἡ
1658 1130 1814 1167 πνευ-

227 1203 466 1275 ματικὴ,
500 1198 568 1275 ἦς
594 1197 665 1275 ἦν
698 1202 827 1275 Σήθ.
859 1204 969 1259 Καὶ
999 1207 1029 1259 6
1073 1204 1172 1276 μὲν
1217 1205 1398 1277 χοῖκὸς
1436 1207 1552 1261 ἐστὶ
1587 1210 1710 1261 κατ’
1737 1208 1813 1261 εί-

224 1294 393 1357 κόνα,
423 1296 453 1347 6
496 1293 553 1347 δὲ
584 1293 812 1365 ψυχικὸς
860 1294 982 1349 καθ’
1010 1296 1267 1367 ὁμοίωσιν
1300 1296 1457 1361 Θεοῦ,
1496 1300 1525 1352 6
1564 1299 1622 1353 δὲ
1653 1317 1812 1354 πνευ-

225 1384 469 1456 ματικὸς
495 1387 615 1440 κατ’
663 1385 796 1439 ἰδίαν
823 1382 924 1457 (7).
971 1387 1085 1455 Ἐφ’
1112 1383 1197 1452 οἷς
1215 1388 1391 1460 τρισὶν
1422 1390 1549 1444 ἄνευ
1589 1389 1697 1444 τῶν
1719 1389 1812 1446 ἄλ-

221 1476 341 1531 λων
372 1477 577 1531 παίδων
605 1476 700 1531 τοῦ
746 1477 919 1550 Ἀδὰμ
944 1478 1180 1550 εἴρηται·
1213 1480 1374 1548 Αὕτη
1397 1482 1434 1549 ἠ
1464 1482 1684 1549 ,ϐίϐλος
1712 1499 1807 1552 γε-

221 1572 461 1640 νέσεως
503 1572 845 1642 ἀνθρώπω.
900 1574 1021 1627 Ὅτι
1063 1573 1121 1627 δὲ
1177 1575 1541 1645 πνευματικὸς
1593 1577 1623 1629 6
1678 1576 1807 1648 Σὴθ,

219 1667 356 1722 οὔτε
381 1666 656 1738 ποιμαίνει
679 1666 803 1721 οὔτε
822 1669 1076 1738 γεωργεῖ,
1105 1666 1241 1720 ἀλλὰ
1267 1667 1431 1721 παῖδα
1452 1672 1807 1739 καρποφορεῖ,

219 1761 304 1825 ὡς
326 1761 403 1814 τὰ
428 1759 795 1832 πνευματικὰ,
817 1761 912 1814 καὶ
936 1760 1145 1824 τοῦτον,
1186 1759 1246 1824 ὃς
1265 1760 1488 1831 ἤλπισεν
1514 1760 1810 1816 ἐπικαλεῖ-

218 1858 375 1910 σθαι
419 1853 488 1908 τὸ
556 1852 743 1923 ὄνομα
799 1852 1041 1919 Κυρίου,
1093 1852 1206 1907 ἄνω
1263 1852 1551 1923 βλέποντα,
1605 1849 1677 1909 οὗ
1741 1852 1807 1906 τὸ

1914 531 2156 586 Primum
2188 531 2373 602 itaque
2395 547 2580 590 semen
2605 535 2752 606 quod
2776 535 2830 590 in
2856 535 3065 591 Adamo
3090 535 3211 602 fuit,
3236 537 3500 608 produnt

1918 623 2215 693 Sapientia,
2258 631 2318 677 ut
2346 639 2409 679 os
2464 626 2645 680 anima
2700 626 2988 681 rationalis
3044 637 3206 699 atque
3251 630 3497 687 cmlestis

1915 723 2078 779 esset,
2112 729 2221 769 non
2255 730 2427 770 vacua
2467 716 2560 770 sed
2587 717 2820 771 medulla
2845 717 3003 788 plena
3032 719 3325 789 spirituali.

1985 910 2117 967 LIV.
2153 912 2235 967 Ab
2277 912 2489 967 Adamo
2538 920 2721 971 autem
2753 923 2867 972 tres
2908 924 3119 973 naturae
3166 927 3493 988 nascuntur,

1914 1005 2089 1075 prima
2118 1006 2337 1075 quidem
2370 1021 2493 1076 quas
2523 1007 2752 1064 rationis
2782 1024 2976 1081 expers
3012 1011 3148 1077 fuit,
3178 1021 3231 1068 et
3258 1014 3326 1069 ad
3356 1016 3496 1069 hanc

1912 1096 2045 1151 Cain
2076 1097 2416 1167 pertinebat;
2446 1100 2688 1155 secunda
2730 1116 2862 1155 vero
2904 1103 3113 1160 ratione
3153 1107 3377 1175 praedita
3406 1106 3495 1177 ju-

1914 1197 2127 1259 staque.
2176 1190 2241 1244 ad
2298 1206 2459 1261 quam
2510 1190 2676 1258 Abel;
2711 1195 2875 1248 tertia
2920 1211 3052 1251 vero
3093 1197 3376 1267 spiritalis,
3426 1198 3495 1253 ad

1913 1295 2075 1349 quam
2101 1278 2251 1336 Seth.
2286 1280 2352 1334 Et
2384 1280 2667 1338 terrestris
2697 1284 2916 1354 quidem
2959 1295 3044 1342 est
3078 1287 3146 1341 ad
3177 1287 3493 1359 imaginem,

1913 1373 2165 1428 animalis
2186 1388 2315 1429 vero
2341 1373 2408 1428 ad
2449 1372 2543 1429 Dei
2576 1374 3016 1444 similitudinem,
3048 1381 3311 1450 spiritalis
3340 1381 3493 1438 deni-

1912 1481 2018 1536 que
2041 1469 2107 1523 ad
2138 1469 2433 1540 propriam.
2460 1469 2535 1527 De
2555 1470 2733 1525 tribus
2754 1470 2931 1536 hisce,
2965 1473 3087 1527 sine
3113 1473 3326 1529 caeteris
3346 1472 3496 1529 Ada-

1913 1557 1985 1612 mi
2027 1558 2252 1623 liberis,
2310 1559 2515 1614 dictum
2553 1566 2667 1615 est:
2709 1558 2809 1613 Hic
2854 1561 2984 1615 liber
3029 1571 3107 1615 est
3142 1564 3494 1633 generationis

1912 1651 2183 1706 hominum
2228 1664 2278 1706 ιι.
2318 1651 2476 1719 Quod
2518 1668 2648 1708 vero
2704 1651 2834 1709 Seth
2870 1654 3172 1724 spiritualis
3218 1655 3341 1719 fuit.
3392 1671 3496 1713 nec

1910 1751 2099 1815 pastor
2125 1752 2242 1801 erat
2266 1761 2441 1817 neque
2457 1754 2657 1801 terram
2679 1748 2872 1807 coluit.
2894 1748 2986 1803 sed
3016 1748 3309 1818 spirituum
3341 1764 3495 1806 more

1909 1838 2114 1909 prolem
2160 1837 2369 1908 genuit,
2406 1852 2636 1908 eamque
2674 1854 2795 1909 quae
2842 1856 3030 1895 nomen
3082 1839 3300 1896 Domini
3345 1843 3494 1897 invo-

220 1945 565 2015 πολίτευμα
588 1944 658 1999 ἐν
701 1943 965 2013 οὺρανῴ’
999 1942 1187 1997 τοῦτον
1216 1946 1246 1997 6
1292 1944 1495 2013 κόσμος
1531 1943 1592 1997 οὐ
1616 1946 1804 2013 χωρεῖ.

1915 1947 2036 1984 care
2079 1932 2107 1972 ι’
2135 1932 2409 2001 speravit;
2457 1946 2579 2001 quae
2627 1947 2846 1989 sursum
2891 1932 3080 1989 oculos
3119 1934 3296 1997 tollat,
3342 1935 3492 2005 cujus

294 2150 410 2205 NE'
472 2150 595 2214 Τοῖς
635 2149 812 2221 τρισὶν
863 2148 1175 2219 ἀσωμάτοις
1230 2146 1323 2200 ἐπὶ
1358 2143 1454 2200 τοῦ
1508 2144 1680 2217 Ἀδὰμ
1723 2145 1810 2199 τέ-

218 2259 432 2316 ταρτον
474 2242 788 2296 ἑπενδύεται
817 2240 908 2294 τὸν
953 2240 1156 2310 χοῖκὸν,
1188 2239 1314 2303 τοὺς
1347 2238 1701 2311 δερματίνους
1727 2256 1808 2308 χι-

219 2337 427 2401 τῶνας.
483 2334 607 2389 οὔτ⁹
656 2330 747 2387 οὖν
777 2333 886 2387 ἀπὸ
921 2332 1014 2386 τοῦ
1060 2331 1369 2402 πνεύματος
1405 2329 1517 2384 οὔτ’
1563 2326 1656 2384 οὖν
1700 2330 1808 2383 ἀπὸ

220 2428 628 2501 ὲμφυσήματος
661 2426 871 2495 σπείρει
898 2427 927 2479 6
966 2423 1153 2495 Ἀδάμ·
1187 2423 1304 2476 θεῖα
1334 2421 1443 2495 γὰρ
1479 2423 1663 2494 ἄμφω·
1714 2423 1807 2476 καὶ

220 2525 293 2578 δι’
332 2522 499 2578 αὐτοῦ
533 2522 651 2594 μὲν,
682 2521 781 2591 οὐχ
808 2521 900 2574 ὑπ’
941 2518 1107 2572 αὑτοῦ
1141 2518 1198 2572 δὲ
1232 2516 1591 2589 προϐάλλεται
1618 2516 1802 2587 ἄμφω.

221 2617 303 2669 Τὸ
332 2616 392 2668 δὲ
433 2614 614 2668 ὑλικὸν
631 2612 818 2675 αὐτοῦ,
848 2612 1067 2684 ἐνεργὸν
1102 2614 1180 2674 εἰς
1208 2611 1428 2683 σπέρμα
1455 2610 1548 2663 καὶ
1574 2609 1803 2679 γένεσιν,

206 2710 302 2773 ὡς
346 2708 411 2763 ἂν
447 2707 526 2778 τῷ
567 2707 840 2778 σπέρματι
870 2704 1331 2777 συγκεκραμένον,
1366 2703 1461 2757 καὶ
1490 2702 1691 2774 ταύτης
1747 2702 1805 2754 ὲν

227 2803 346 2874 ἷωῇ
378 2803 476 2874 τῆς
522 2799 787 2873 ἁρμονίας
838 2799 1138 2869 ἀποστῆναι
1182 2796 1255 2868 μὴ
1293 2796 1611 2868 δυνάμενος.
1648 2794 1806 2849 Κατά

232 2895 391 2950 ;οῦτο
425 2894 605 2966 πατὴρ
633 2891 789 2964 ἡμῶν
825 2894 855 2946 ὁ
898 2891 1089 2961 Ἀδάμ.

296 3098 447 3165 NG".
493 3097 545 3150 '0
574 3095 801 3166 πρῶτος
839 3093 885 3150 δ’
915 3095 1222 3165 ἅνθρωπος
1250 3094 1319 3149 ἐκ
1342 3094 1454 3164 γῆς
1483 3093 1709 3162 χοϊκός.
1742 3092 1804 3146 Εἰ

229 3192 279 3244 ἑὲ
324 3191 417 3244 καὶ
445 3191 509 3243 ἐκ
548 3188 776 3261 ψυχικοῦ
808 3188 1029 3261 ἔσπειρε
1061 3188 1155 3242 καὶ
1181 3188 1244 3240 ὲκ
1287 3184 1677 3257 πνευματικοῦ,
1708 3201 1805 3237 κα-

1913 2023 2238 2076 conversatio
2272 2023 2329 2075 in
2359 2021 2487 2077 creto
2520 2034 2570 2089 ε,
2600 2036 2761 2091 quam
2799 2022 3037 2078 mundus
3076 2039 3185 2078 non
3220 2024 3385 2094 capit.

1982 2132 2091 2189 LV.
2128 2132 2327 2190 Tribus
2354 2134 2408 2188 in
2432 2134 2641 2189 Adamo
2667 2134 3025 2204 incorporeis,
3059 2144 3316 2206 quartum
3348 2151 3491 2206 quo-

1909 2243 2014 2297 que
2065 2235 2325 2283 terrestre
2374 2228 2575 2291 induit,
2626 2228 2884 2298 pelliceas
2930 2227 3191 2283 nimirum
3249 2229 3489 2286 tunicas.

1908 2318 2143 2375 Proinde
2170 2334 2273 2375 nec
2300 2336 2367 2375 ex
2392 2320 2588 2389 spiritu
2634 2336 2810 2390 neque
2838 2336 2903 2376 ex
2942 2320 3218 2390 spiraculo
3246 2320 3490 2379 Adamus

1909 2412 2158 2476 seminat,
2190 2412 2352 2467 ambo
2377 2413 2578 2483 quippe
2602 2412 2806 2467 divina.
2843 2412 2907 2466 Et
2935 2429 3031 2483 per
3060 2414 3211 2469 illum
3242 2414 3487 2486 quidem,

1907 2519 2018 2559 non
2063 2512 2241 2559 autem
2291 2505 2360 2559 ab
2410 2505 2505 2558 illo
2532 2503 2912 2575 producuntur
2942 2505 3124 2561 ambo.
3157 2505 3314 2573 Quod
3358 2523 3490 2563 vero
3542 2486 3681 2566 διᾶ
3738 2486 3970 2559 -δετᾶ

1906 2596 2054 2652 illius
2075 2603 2160 2653 est
2186 2604 2488 2663 terrenum,
2510 2598 2563 2651 id
2587 2596 2655 2651 ad
2686 2614 2872 2655 semen
2899 2608 3063 2669 atque
3079 2601 3487 2671 generationem

1904 2687 2092 2745 eliicax
2132 2697 2239 2753 est,
2288 2690 2447 2761 quasi
2479 2690 2675 2746 semini
2707 2692 3058 2747 commistum
3093 2700 3260 2757 esset,
3293 2702 3487 2765 estque

1904 2780 2195 2850 ejusmodi,
2217 2788 2275 2836 ut
2296 2782 2364 2836 ab
2381 2783 2470 2837 illa
2501 2799 2621 2852 qua:
2647 2784 2701 2837 in
2728 2783 2840 2837 vita
2870 2790 2953 2838 est
2975 2783 3264 2840 harmonia
3295 2787 3485 2843 absce-

1904 2870 2034 2927 dere
2072 2886 2180 2927 non
2216 2872 2411 2941 possit.
2455 2872 2570 2928 Hoc
2626 2874 2811 2943 itaque
2868 2874 3031 2928 modo
3080 2873 3244 2931 Pater
3295 2886 3487 2933 noster

1902 2963 2071 3018 Adam
2083 2979 2148 3019 us
2171 2964 2400 3029 exstitit,
2431 2972 2484 3020 et
2512 2966 2721 3036 genuit.

1975 3077 2109 3134 LVI.
2150 3079 2364 3135 Primus
2394 3079 2547 3134 homo
2576 3078 2641 3134 de
2696 3091 2835 3135 terra
2868 3092 3108 3137 terrenus
3133 3082 3183 3138 ἀ.
3237 3081 3393 3151 Quod
3436 3085 3483 3138 si

1904 3184 1970 3225 ex
1995 3170 2215 3225 animali
2246 3172 2572 3228 seminasset
2606 3188 2671 3229 ac
2698 3174 2952 3244 Spiritali,
2980 3174 3045 3227 ad
3084 3175 3335 3230 eumdem
3374 3190 3487 3230 mo-

232 3282 407 3354 )émp
435 3280 496 3347 ἐξ
514 3243 718 3344 ὑλικέῦ,
747 3280 946 3345 πάντες
970 3243 1045 3334 .ἂν
1070 3280 1172 3333 (eo:
1205 3280 1299 3333 καὶ
1324 3243 1518 3332 δίκαιοι
1544 3243 1805 3347 ἐγεγόνει-

1912 3261 2034 3317 dum
2065 3276 2173 3332 quo
2199 3277 2265 3317 ex
2306 3263 2595 3329 materiali,
2631 3279 2821 3321 omnes
2860 3280 3023 3336 pares
3066 3281 3129 3320 ac
3176 3266 3313 3336 justi
3366 3267 3482 3321 natl

221 3375 466 3441 σαν,καὶ
499 3376 557 3428 ὲν
585 3376 752 3429 πᾶσιν
788 3374 854 3427 ἂν
897 3375 930 3445 ἡ
972 3372 1159 3443 διδαχὴ
1189 3367 1276 3444 ἦν.
1305 3370 1403 3424 Διὰ
1432 3370 1589 3424 τοῦτο
1621 3369 1802 3423 πολλοὶ

1903 3370 2173 3420 essemus,
2204 3363 2259 3410 et
2289 3356 2346 3411 in
2392 3356 2648 3411 omnibus
2678 3356 2928 3413 doctrina
2973 3364 3031 3421 ᾗ
3077 3366 3244 3413 esset.
3297 3358 3486 3430 Itaque

220 3468 334 3540 μὲν
369 3468 419 3521 ot
469 3467 666 3529 ὑλικοὶ,
706 3466 766 3520 οὐ
824 3465 1008 3519 πολλοὶ
1039 3465 1095 3518 δὲ
1137 3465 1186 3518 οἱ
1226 3460 1464 3535 ψυχικοί·
1501 3464 1714 3518 σπάνιοι
1745 3463 1802 3516 δὲ

1912 3446 2060 3501 multi
2092 3455 2221 3502 sunt
2253 3449 2478 3511 terreni,
2524 3464 2634 3504 non
2666 3464 2796 3505 vero
2845 3451 3003 3505 multi
3040 3451 3326 3515 animales,
3371 3452 3483 3506 rari

219 3562 269 3615 οἱ
315 3557 686 3631 πνευματικοί.
732 3556 805 3612 Τὸ
843 3557 942 3629 μὲν
972 3552 1066 3611 οὖν
1096 3556 1464 3627 πνευματικὸν
1494 3555 1652 3641 ερύσει
1699 3574 1803 3609 σω-

1912 3554 2034 3596 vero
2055 3540 2146 3610 qui
2194 3540 2507 3610 spirituales
2540 3551 2691 3599 sunt.
2720 3542 2910 3614 Itaque
2938 3544 3083 3615 quod
3117 3545 3337 3614 quidem
3370 3547 3485 3617 spia

219 3655 476 3726 ζὸμενον·
503 3652 565 3706 τὸ
583 3653 639 3707 δὲ
658 3651 905 3723 ψυχικὸν,
932 3647 1274 3715 αὐτεξούσιον
1287 3648 1368 3709 ὃν,
1391 3649 1803 3720 ἐπιτηδειότητα

217 3736 512 3817 ἷῐᾶἶρδς
537 3743 636 3814 τὴν
660 3741 838 3795 πίστιν
889 3740 982 3794 καὶ
1014 3738 1341 3810 ἀφθαρσίαν,
1387 3737 1481 3790 καὶ
1513 3736 1652 3808 πρὸς
1677 3737 1804 3789 ἀπι-

220 3838 389 3893 στίαν
432 3836 531 3891 ,καὶ
571 3833 795 3905 φθορὰν,
830 3832 972 3888 κατὰ
1013 3831 1112 3903 τὴν
1143 3829 1349 3884 οἰκείαν
1392 3828 1620 3901 αἵρεσιν·
1653 3827 1715 3880 τὸ
1745 3827 1803 3880 δὲ

219 3930 416 3987 ὑλικὸν
440 3928 597 3999 φύσει
616 3926 929 3982 ἀπόλλυται.
968 3927 1133 3997 Ὅταν
1157 3919 1250 3979 οὖν
1276 3910 1347 3977 τὰ
1376 3921 1582 3993 ψυχικὰ
1610 3920 1805 3992 ἐγκεν-

223 4020 447 4092 τρισθῇ
476 4019 549 4092 τῇ
572 4081 575 4085 ,
597 4019 957 4089 xui/uelum)
992 4019 1071 4080 είς
1117 4017 1300 4070 πίστιν
1330 4015 1421 4069 καὶ
1469 4012 1801 4085 ἀφθαρσίαν,

225 4116 333 4170 καὶ
355 4113 631 4185 μετάσχῃ
662 4111 770 4183 τῆς
804 4113 1078 4179 πιότητος
1115 4108 1226 4178 τῆς
1246 4110 1476 4175 ἐλαίας,
1509 4106 1607 4161 καὶ
1661 4106 1805 4159 ὅταν

222 4208 478 4276 εἰσέλθῃ
507 4206 579 4260 τὰ
598 4208 762 4273 ἔθνη,
793 4206 912 4259 τότε
947 4204 1100 4258 οὕτω
1132 4202 1251 4269 πᾶς
1296 4200 1529 4270 Ἰσραήλ
1563 4200 1657 4271 (8).
1705 4200 1806 4252 ἰσ-

229 4301 379 4376 par).
403 4300 460 4354 δὲ
488 4298 864 4371 ἀλληγορεῖται
894 4300 922 4351 ὁ
961 4295 1347 4367 πνευματικὸς,
1386 4295 1415 4347 6
1436 4292 1696 4364 ὀψόμενος
1714 4291 1805 4344 τὸν

226 4395 390 4457 Οεδν,
420 4394 450 4447 6
479 4390 571 4446 τοῦ
594 4380 792 4445 ’πιστοῦ
832 4387 1081 4461 Ἀϐραὰμ
1116 4387 1228 4451 υἱὸς
1255 4387 1495 4458 γνήσιος,
1524 4386 1643 4439 όεέκ
1695 4381 1805 4449 τῆς

230 4483 572 4551 ἐλευθέρας,
624 4483 736 4551 οὐχ
774 4483 805 4535 ὀ
847 4478 998 4533 κατὰ
1028 4478 1246 4547 σάρκα,
1284 4480 1317 4531 d
1344 4477 1412 4529 ἐκ
1439 4474 1552 4543 τῆς
1577 4474 1804 4541 δούλης

235 4578 345 4646 -ῆς
365 4575 708 4644 Αἰγυπτίας.

226 3727 451 3743 .__..__—

306 4833 432 4886 NZ'.
465 4832 675 4886 Γίνεται
711 4826 804 4885 οῦν
856 4831 920 4884 ὲκ
966 4831 1072 4884 τῶν
1118 4829 1291 4899 γενῶν
1340 4826 1448 4883 τῶν
1492 4828 1675 4901 τριῶν,
1706 4826 1801 4881 τοῦ

239 4925 343 4994 μὲν
371 4924 647 4996 μόρφωσις
701 4922 796 4976 τοῦ
839 4921 1229 4994 πνευματικοῦ,
1279 4921 1374 4975 τοῦ
1422 4922 1479 4974 δὲ
1516 4921 1802 4992 μετάθεσις

239 5018 332 5070 ’τοῦ
354 5014 584 5087 ψυχικοῦ
613 5015 677 5069 ὲκ
706 5014 945 5078 δουλείας
976 5017 1055 5077 είς
1076 5013 1405 5088 ἐλευθερίαν.

309 5108 445 5162 NH’.
479 5107 631 5162 Μετὰ
656 5106 753 5178 τὴν
785 5105 879 5160 τοῦ
914 5106 1142 5159 θανάτου
1174 5106 1352 5159 τοίνυν
1381 5105 1677 5175 βασιλείαν,
1707 5122 1803 5176 με·

252 5199 413 5272 ε’άλην
444 5198 542 5271 μὲν
564 5198 658 5253 καὶ
695 5197 1050 5268 εὐπρόσωπον
1078 5196 1177 5268 τὴν
1223 5196 1552 5265 ἐπαγγελίαν
1577 5212 1808 5265 πεποιη-

1907 3631 2088 3693 ritale,
2123 3640 2323 3686 natura
2365 3646 2465 3688 sua
2493 3633 2771 3688 salvatur:
2803 3635 2950 3705 quod
2975 3650 3106 3692 vero
3139 3637 3374 3693 animale
3419 3639 3486 3693 Ii-

1906 3723 2145 3794 beroque
2175 3724 2406 3780 arbitrio
2431 3725 2740 3795 praeditum,
2769 3728 2825 3783 id
2858 3728 3113 3784 idoneum
3139 3736 3225 3784 est
3258 3743 3382 3784 cum
3415 3727 3483 3785 ad

1905 3807 2207 3871 ﬁdem'tum
2241 3816 2308 3870 ad
2337 3818 2832 3889 incorruptionem,
2868 3820 2979 3875 imo
3007 3828 3063 3876 et
3093 3822 3162 3876 ad
3184 3821 3485 3877 inﬁdelita-

1905 3914 2013 3963 tem
2042 3924 2106 3964 ac
2135 3910 2563 3980 corruptionem,
2592 3911 2809 3983 hocque
2836 3928 2900 3968 ex
2922 3913 3189 3970 electione
3208 3928 3269 3969 ac
3290 3914 3486 3969 volun-

1904 4006 2017 4056 tate
2050 4005 2310 4074 pr0pria;
2341 4003 2487 4075 quod
2531 4004 2749 4060 demum
2793 4014 3096 4072 terrenum,
3147 4016 3342 4062 natura
3385 4020 3486 4063 sua

1907 4092 2011 4147 hoc
2042 4094 2248 4148 interit.
2281 4094 2415 4149 Cum
2448 4095 2634 4166 itaque
2669 4112 2790 4167 quae
2825 4114 2892 4152 ex
2920 4098 3141 4153 animali
3178 4107 3306 4154 sunt
3353 4100 3489 4155 sub-

1908 4186 2108 4237 stantia
2132 4184 2333 4239 inserta
2378 4186 2485 4239 sint
2513 4188 2565 4240 in
2591 4186 2779 4242 bonam
2800 4188 3015 4254 olivam,
3047 4190 3102 4244 in
3135 4189 3317 4255 ﬁdem,
3345 4200 3399 4247 et
3426 4192 3483 4246 in

1905 4273 2397 4344 incorruptionem,
2427 4283 2581 4347 atque
2606 4277 2758 4332 olivae
2784 4279 3150 4349 pinguedinem
3182 4283 3483 4352 participet,

1906 4380 2023 4417 cum
2045 4361 2262 4435 denique
2291 4373 2465 4435 gentes
2487 4367 2683 4436 fuerint
2722 4368 2990 4439 ingressa,
3032 4377 3164 4424 tunc
3203 4370 3279 4423 ita
3315 4370 3484 4426 omnis

1908 4456 2082 4513 Israel
2131 4460 2307 4514 salvus
2353 4460 2455 4513 erit
2492 4470 2537 4514 θ.
2570 4459 2736 4515 Israel
2766 4468 2945 4515 autem
2990 4461 3290 4531 spiritualis
3319 4474 3484 4517 sensu

1909 4551 2202 4623 allegorice
2231 4551 2577 4622 intelligitur,
2604 4553 2697 4622 qui
2735 4551 2903 4609 Deum
2936 4554 3008 4609 sit
3040 4556 3278 4617 visurus,
3310 4554 3487 4610 Abra-

1836 4609 1880 4663 Ι)
1908 4644 2247 4702 Itamiﬂdelis
2270 4645 2416 4701 ﬁlius
2440 4661 2624 4709 verus,
2648 4658 2816 4701 matre
2846 4646 3033 4708 libera,
3065 4664 3168 4700 non
3198 4647 3483 4702 secundum

1909 4751 2120 4789 carnem
2149 4746 2305 4789 natus
2322 4745 2372 4789 et
2395 4750 2460 4788 ea:
2491 4735 2689 4789 ancilla
2707 4734 3030 4806 ﬁgypliaca
3063 4736 3108 4792 ἲ.

1979 4824 2138 4882 LVII.
2173 4825 2260 4881 Fit
2293 4827 2459 4899 igitur
2481 4842 2546 4881 ex
2580 4827 2758 4881 tribus
2787 4828 3102 4895 generibus,
3135 4826 3272 4882 adeo
3297 4834 3357 4880 ut
3390 4825 3481 4880 uni

1910 4917 2130 4988 quidem
2167 4917 2343 4971 forma
2380 4918 2452 4971 sit
2472 4917 2759 4987 spiritalis,
2792 4916 2948 4971 alteri
2978 4931 3110 4971 vero
3132 4916 3383 4970 animalis
3416 4930 3482 4969 ex

1912 5010 2172 5065 servitute
2197 5008 2251 5062 in
2281 5009 2585 5064 libertatem
2613 5007 2925 5066 translatio.

1982 5100 2165 5157 LVIII.
2194 5099 2326 5156 Post
2352 5099 2545 5155 mortis
2575 5101 2760 5169 itaque
2791 5098 3097 5168 imperium,
3123 5097 3486 5169 promissione

1914 5209 2111 5266 magna
2141 5200 2195 5247 et
2224 5193 2472 5264 speciosa
2526 5192 2748 5263 quidem
2781 5190 3104 5263 perfectum,
3138 5206 3260 5261 quae
3287 5190 3486 5245 nihilo-

316 5293 1036 5425 K4P.9%AED.POTTER.
1115 5362 1140 5390 α
1175 5348 1310 5405 Gen.
1343 5351 1472 5409 v.1.
1550 5350 1577 5389 ι)
1604 5348 1741 5404 Gen.
1780 5364 1854 5415 tv,
1879 5347 1970 5402 26.
2051 5358 2072 5385 ε
2115 5346 2253 5401 Phil.
2291 5346 2480 5413 "1,20.
2559 5347 2583 5386 ά
2625 5344 2793 5402 ICor.
2834 5344 3033 5409 “.67.
3081 5345 3277 5401 eliom.
3307 5361 3366 5408 ιι,
3393 5345 3485 5401 25.

254 5425 268 5463 ε
313 5425 432 5479 Gal.
466 5440 541 5487 tv,
570 5423 660 5479 96.

314 5580 389 5651 (7)
440 5578 580 5651 Κατ’
629 5578 807 5632 ἰδίαν.
856 5576 923 5632 Η.
982 5575 1194 5630 dubitat
1243 5590 1311 5629 an
1354 5574 1537 5629 verius
1580 5573 1650 5628 sit
1682 5574 1799 5626 κατ’

231 5649 410 5711 ,ιδιαςη
440 5649 705 5706 Susum.

316 5720 388 5791 (8)
411 5719 536 5787 Πᾶς
558 5717 824 5791 ίίσραήαζ.
862 5715 924 5791 A_.
977 5723 1100 5788 post
1152 5715 1467 5791 haecvet‘ba
1501 5712 1806 5791 addendum

246 5783 395 5859 puia't
428 5783 750 5863 σωθήσεται,
783 5783 847 5843 ex
890 5783 1049 5844 hom.
1107 5804 1184 5853 ιι,
1219 5787 1308 5842 26.
1366 5786 1470 5841 Sed
1524 5784 1804 5840 subaudiri

1907 5573 2069 5628 etiam
2098 5581 2277 5644 potest
2309 5590 2375 5631 ex
2415 5572 2759 5629 antecedenti
2802 5574 3047 5628 membro
3078 5573 3303 5629 verbum
3342 5590 3489 5644 ets;-

1907 5642 2177 5707 λεύσετξιι,
2220 5646 2274 5700 id
2305 5654 2391 5701 est
2420 5656 2540 5698 tunc
2589 5644 2799 5698 domum
2839 5652 2980 5699 totus
3036 5644 3209 5699 Israel
3240 5642 3486 5696 intrabit.

1908 5715 1985 5840 ξε
2017 5714 2279 5772 insitione
2309 5727 2489 5771 autem
2532 5717 2697 5770 latius
2739 5722 3039 5770 tractatum
3070 5729 3238 5784 supra
3274 5729 3328 5784 p.
3359 5712 3490 5768 9.85.

1954 5800 2174 5840 YLBURG.

1954 5800 2174 5843 νιΒυιιο.
