4016 6308
622 357 729 437 ser

1781 348 2102 408 CLEMENS
2126 340 2695 405 ALEXANDRINUS.
3713 349 3778 403 688

619 476 805 535 minus
824 477 1020 532 mortis
1048 474 1301 530 ministra
1355 472 1496 527 facta
1534 478 1639 537 est,
1689 474 1838 525 omni
1891 468 2195 541 principatu

2228 474 2274 530 Α
2305 467 2493 540 μένην,
2520 465 2671 519 οὐδὲν
2703 464 2759 517 δὲ
2788 459 2949 535 ἦττον
2979 460 3253 515 διακονίαν
3286 458 3511 513 θανάτου
3561 464 3783 531 γεγενημέ-

620 586 685 627 ac
711 570 914 627 deitate
935 569 1223 625 deficiente
1246 582 1312 623 ac
1339 564 1655 630 fatiscente,
1673 580 1905 635 magnus
1932 563 2023 618 ille
2040 561 2189 633 pugil

620 658 781 718 Jesus
810 658 1062 716 Christus
1102 659 1158 713 in
1214 657 1399 729 seipso
1453 655 1696 727 potentia
1750 653 2054 709 Ecclesiam
2097 667 2191 708 su-

619 767 797 816 mens,
830 765 1023 820 nempe
1045 750 1250 806 electos
1300 763 1365 803 ac
1393 756 1615 803 vocatos
1651 746 1797 818 quod
1827 744 2047 817 quidem
2080 744 2191 814 spi-

621 843 778 898 ritale
822 856 853 912 a
904 850 1152 912 parente,
1206 839 1355 911 quod
1387 856 1516 895 vero
1545 839 1781 895 animale
1808 855 1875 895 ex
1905 838 2189 910 dispensa-

622 936 790 999 tione,
828 934 977 989 salva
1009 932 1137 988 fecit
1174 941 1230 988 et
1270 933 1463 988 extulit
1513 947 1853 1003 quaecunque
1882 945 2191 1000 assumpse-

620 1035 726 1090 rat,
764 1040 827 1078 ac
850 1040 947 1095 per
982 1025 1071 1078 illa
1093 1038 1322 1094 quaeque
1376 1023 1462 1077 bis
1523 1028 1651 1077 sunt
1689 1022 1912 1079 similia.
1947 1020 2009 1077 Si
2054 1022 2190 1075 enim

623 1118 869 1186 primitiae
914 1125 1136 1181 sancta',
1196 1115 1357 1169 etiam
1413 1130 1633 1177 massa;
1679 1114 1726 1168 si
1778 1111 1937 1167 radix
1980 1120 2188 1174 sancta,

623 1211 780 1265 etiam
816 1210 976 1263 rami.

692 1299 852 1371 357
870 1298 1007 1355 LIX.
1026 1297 1267 1354 Primum
1286 1299 1470 1369 itaque
1498 1312 1679 1352 semen
1701 1310 1732 1350 a
1752 1301 1971 1366 parente
1993 1294 2187 1359 induit,

625 1407 733 1447 non
768 1391 862 1461 qui
896 1399 1207 1461 caperetur,
1243 1388 1338 1445 sed
1392 1389 1486 1459 qui
1540 1388 1739 1442 virtute
1768 1394 2008 1456 caperet,
2048 1385 2193 1456 quod

625 1482 886 1556 paulatim
911 1498 1007 1553 per
1040 1482 1325 1538 scientiam
1351 1479 1638 1535 formatur.
1692 1477 1777 1532 Ad
1807 1478 1986 1533 locum
2012 1488 2195 1532 autem

624 1590 748 1631 cum
774 1572 1008 1637 venerit,
1034 1571 1241 1627 invenit
1263 1569 1452 1626 Jesum
1502 1568 1782 1626 Christum
1808 1565 2075 1635 induisse,
2101 1565 2194 1638 qui

623 1673 750 1721 ante
784 1663 1115 1735 praedicatus
1160 1661 1358 1731 fuerat,
1406 1677 1568 1733 quem
1608 1661 1887 1733 pr0pbeta2
1914 1667 2076 1730 atque
2108 1660 2198 1716 lex

624 1754 1083 1828 praenuntiabant,
1108 1762 1163 1810 et
1184 1753 1362 1825 imago
1384 1753 1686 1809 Salvatoris
1715 1758 1852 1808 erat.
1888 1750 2197 1819 Quinetiam

622 1857 677 1903 et
705 1848 959 1903 animalis
983 1847 1075 1901 hic
1107 1845 1384 1913 Christus,
1420 1860 1580 1917 quem
1612 1843 1885 1910 induerat,
1910 1842 2198 1900 invisibilis

622 1950 762 1997 erat.
794 1939 1091 2012 Oportebat
1143 1949 1325 1995 autem
1356 1946 1417 1995 ut
1446 1938 1539 1994 ille
1570 1939 1665 2009 qui
1689 1938 1746 1992 in
1776 1936 2038 1992 mundum
2067 1951 2199 1991 ven-

624 2038 787 2088 turus
833 2039 953 2088 erat
984 2032 1112 2088 talis
1152 2040 1319 2096 esset,
1356 2031 1449 2102 qui
1484 2030 1681 2095 videri,
1730 2028 1824 2100 qui
1881 2028 2075 2092 teneri,
2104 2028 2197 2098 qui

624 2122 834 2178 sociam
861 2123 988 2177 vita:
1024 2123 1294 2178 rationem
1324 2123 1485 2188 inire,
1516 2128 1571 2177 et
1599 2121 1819 2176 demum
1868 2120 1961 2191 qui
1995 2135 2198 2192 corpus

622 2214 892 2284 ejusmodi
921 2215 1146 2271 haberet
1193 2215 1339 2285 quod
1372 2231 1540 2272 sensu
1582 2214 1789 2286 percipi
1826 2220 2030 2284 posset.
2058 2212 2198 2269 Hinc

625 2306 795 2376 igitur
818 2306 897 2360 illi
929 2321 1133 2377 corpus
1166 2317 1247 2363 est
1275 2321 1343 2362 ex
1394 2306 1655 2363 invisibili
1692 2306 1916 2361 animali
1942 2305 2198 2361 substan-

622 2397 723 2463 tia,
756 2398 959 2453 virtute
985 2413 1117 2453 vero
1145 2413 1211 2454 ex
1246 2397 1431 2453 divina
1476 2396 1683 2454 fabrica
1706 2405 2047 2461 contextum,
2071 2411 2196 2451 cum

622 2486 679 2542 in
700 2488 963 2542 mundum
989 2489 1301 2544 sensibilem
1334 2488 1564 2544 veniret.

678 2577 792 2634 LX.
822 2581 940 2634 Hoc
981 2582 1213 2652 itaque:
1274 2581 1504 2650 Spiritus
1564 2589 1781 2635 sanctus
1839 2577 1894 2636 in
1937 2591 1984 2636 te
2009 2597 2196 2651 super-

620 2671 808 2736 veniet,
845 2674 1092 2742 corporis
1117 2672 1387 2728 Dominici
1420 2672 1688 2727 fabricam
1736 2672 1974 2741 indicat;
2029 2676 2196 2728 virtus

622 2778 756 2819 vero
776 2762 1045 2819 Altissimi
1102 2764 1198 2819 tibi
1244 2763 1578 2819 obumbrabit
1610 2776 1661 2829 ι,
1696 2762 2076 2821 formationem
2098 2764 2195 2821 Dei

620 2853 775 2921 dicit,
798 2871 919 2926 quae
944 2870 1146 2927 corpus
1180 2856 1236 2910 in
1266 2854 1491 2928 Virgine
1530 2855 1808 2911 formavit.

691 2945 829 3002 LXI.
860 2946 1015 3014 Quod
1040 2957 1221 3003 autem
1273 2946 1391 3018 ipse
1430 2948 1525 3020 qui
1574 2947 1893 3017 assumpsit,
1943 2944 2196 3002 diversus

621 3036 809 3100 fuerit,
832 3053 901 3092 ex
932 3038 1001 3093 iis
1029 3036 1383 3093 manifestum
1430 3044 1535 3103 est,
1567 3036 1772 3107 quibus
1796 3034 2034 3092 fatetur:
2084 3035 2195 3108 Ego

2290 578 2410 633 νην,
2439 560 2623 632 πάσης
2647 557 2986 628 ἀπειπούσης
3030 555 3201 627 ἀρχῆς
3246 556 3344 608 καὶ
3399 553 3643 625 θεότητος,
3669 560 3692 611 ὁ
3722 561 3783 628 μέ.

2291 667 2394 720 γας
2422 648 2727 722 ἀγωνιστὴς
2785 647 2990 719 Ἰησοῦς
3044 644 3277 718 Χριστὸς
3303 647 3361 699 ἐν
3410 645 3575 717 ἐαυτῷ
3617 646 3783 720 δυνάμει

2290 743 2390 815 τὴν
2424 740 2748 811 Ἐκκλησίαν
2789 738 3093 801 ἀναλαϐὼν,
3123 731 3184 790 τὸ
3214 736 3468 790 ἐκλεκτὸν
3501 738 3585 790 καὶ
3621 739 3670 791 τὸ
3692 743 3782 811 κλη-

2289 835 2402 901 τδν,
2437 832 2499 886 τὸ
2532 833 2629 903 μὲν
2658 830 2805 903 παρά
2832 831 2932 902 τῆς
2958 828 3243 899 τεκούσης,
3291 828 3355 881 τὺ
3391 831 3725 899 πνευματικὸν,
3745 836 3785 886 τι

2290 929 2347 982 δὲ
2378 928 2441 981 ἐκ
2480 927 2579 998 τῆς
2622 924 2955 996 οἰκονομίας,
3008 922 3069 975 τὸ
3115 916 3367 991 ψυχικὸν,
3419 920 3448 973 ὃ
3493 921 3695 975 ἀνέσωσε
3722 927 3784 977 καὶ

2293 1021 2587 1091 ἀνήνεγκεν
2618 1018 2763 1088 ἅπερ
2809 1014 3059 1079 ἀνέλαϐε,
3087 1014 3180 1067 καὶ
3216 1012 3283 1066 δι’
3312 1012 3489 1065 αὐτῶν
3527 1013 3610 1064 καὶ
3628 1013 3682 1066 τὰ
3704 1015 3785 1067 τού-

2290 1129 2403 1175 τοις
2430 1109 2735 1182 ὁμοιοῦντα.
2763 1110 2828 1162 Εί
2857 1108 2966 1176 γὰρ
2993 1109 3031 1176 ἡ
3059 1102 3301 1174 ἀπαρχὴ
3350 1104 3505 1175 ἁγία,
3527 1105 3611 1158 καί
3635 1105 3689 1158 τὸ
3708 1108 3782 1174 ρύ-

2285 1217 2468 1271 ραμω
2502 1204 2554 1254 εὶ
2581 1202 2620 1270 ἡ
2640 1198 2773 1268 ῥίζα
2800 1199 2961 1269 ἁγία,
2992 1197 3091 1251 καὶ
3119 1198 3174 1249 οἱ
3200 1192 3437 1250 κλάδοι.

2364 1290 2488 1344 ΝΘθ.
2533 1290 2762 1361 Σπέρμα
2795 1288 2894 1360 μὲν
2922 1282 3015 1342 οῦν
3044 1285 3260 1357 πρῶτον
3291 1282 3443 1357 παρὰ
3482 1284 3572 1356 τῆς
3592 1284 3781 1355 τεκούσης

2294 1381 2600 1445 ἐνεδύσατο,
2634 1382 2694 1434 ού
2718 1379 3005 1452 χωρισθεὶς
3047 1376 3184 1433 ἀλλά
3239 1377 3495 1448 χωρήσας
3534 1375 3646 1429 αὐτὸ
3674 1376 3780 1429 δυνά-

2298 1493 2409 1547 μει,
2443 1474 2473 1527 ὃ
2514 1474 2655 1528 κατά
2695 1472 2888 1545 μικρὸν
2913 1471 3213 1545 μορφοῦται
3272 1468 3363 1522 διὰ
3411 1467 3652 1537 γνώσεωςο
3690 1470 3780 1522 κατὰ

2294 1568 2352 1621 δὲ
2372 1566 2464 1622 τὸν
2491 1566 2655 1621 τόπον
2703 1566 3012 1636 γενόμενος,
3045 1556 3203 1635 εὗρεν
3267 1559 3472 1633 Ἰησοῦν
3519 1560 3708 1632 Χριστὸν
3727 1563 3781 1612 ὲν·

2297 1658 2560 1714 δύσασθαι
2597 1658 2688 1712 τὸν
2740 1655 3283 1729 προκεκηρυγμένον,
3324 1642 3385 1705 ὃν
3429 1651 3730 1721 κατήγγελλον
3750 1654 3780 1703 οι

2300 1750 2575 1822 προφῆται
2622 1748 2719 1803 καὶ
2765 1750 2794 1801 6
2830 1747 3014 1819 νόμος,
3067 1745 3197 1799 ὅντα
3230 1745 3418 1798 εἰκόνα
3458 1742 3545 1797 τοῦ
3585 1743 3778 1814 Σωτῆρος.

2228 1811 2271 1867 Β
2311 1811 2590 1897 ’Ᾰλλὲίκαὶ
2614 1834 2770 1906 οὗτος
2815 1843 2844 1895 6
2879 1811 3109 1910 ιξιυχικὸς
3162 1837 3421 1911 Χριστὸς,
3456 1836 3513 1890 ὃν
3558 1811 3778 1895 ἐνεδύσατο,

2298 1934 2528 2006 ἀόρατος
2553 1930 2641 2005 ἦν.
2673 1932 2819 1987 Ἔδει
2863 1931 2919 1986 δὲ
2945 1930 3038 1985 τὸν
3093 1931 3174 1993 εἱς
3202 1925 3410 1999 κόσμον
3458 1926 3778 1996 ἀφικνούμενον,

2297 2026 2382 2095 ἐφ’
2416 2019 2461 2095 ᾧ
2493 2043 2553 2079 τε
2578 2024 2830 2095 ὀφθῆναι,
2863 2021 3221 2096 κρατηθῆναι,
3268 2016 3680 2079 πολιτεύσασθαι,
3721 2014 3778 2068 καὶ

2296 2117 2552 2191 αἰσθητοῦ
2606 2117 2855 2189 σώματος
2901 2114 3243 2186 ἀντέχεσθαισ
3280 2111 3439 2185 σῶμα
3490 2113 3645 2165 τοίνυν
3684 2109 3776 2178 αὐτῷ

2297 2210 2495 2280 ὑφάναι
2522 2212 2621 2282 τῆς
2663 2212 2727 2264 ἐκ
2782 2210 2882 2281 τῆς
2927 2206 3167 2278 ἀφανοῦς
3205 2206 3445 2278 ψυχικῆς
3466 2205 3646 2268 οὐσίας,
3677 2202 3779 2255 δυνά·

2300 2319 2389 2374 μει
2428 2301 2486 2355 δὲ
2531 2300 2681 2365 θείας
2729 2302 2794 2354 ἐκ
2845 2299 3192 2371 κατασκευῆς
3235 2300 3320 2363 είς
3365 2294 3599 2368 αἰσθητὸν
3640 2294 3775 2362 κόσμοι

2295 2392 2611 2465 ἀφιγμένον.

2364 2594 2437 2647 Ξο.
2476 2593 2549 2647 T6
2576 2589 2690 2656 οὖν,
2744 2591 2987 2661 Πνεῦμα
3015 2590 3189 2661 ἅγιον
3213 2589 3587 2645 ἐπελεύσεται
3606 2584 3684 2638 ἐπί
3713 2584 3773 2644 σέ.

2293 2687 2393 2760 τὴν
2412 2685 2508 2740 τοῦ
2539 2685 2789 2757 σώματος
2827 2682 2921 2737 τοῦ
2946 2683 3155 2756 Κυρίου
3183 2681 3340 2752 λέγει
3383 2681 3476 2751 (9;.
3511 2679 3715 2745 Δύναμις
3737 2674 3773 2727 δὲ

2294 2778 2559 2849 ὑψίστου
2603 2774 2943 2831 ἐπισκιάσει
2990 2790 3110 2840 σοι,
3142 2773 3244 2846 τήν
3286 2772 3552 2846 μύρφωσιν
3582 2767 3699 2838 δηλοῖ
3714 2763 3774 2818 αὖ

2292 2869 2452 2935 Θεοῦ,
2479 2871 2513 2941 ἥ
2534 2867 2842 2924 ἐνετύπωσε
2867 2866 2929 2921 τὸ
2949 2867 3105 2938 σῶμα
3131 2867 3188 2920 ἐν
3209 2869 3281 2938 τῇ
3311 2863 3573 2934 Παρθένῳ.
3700 2916 3705 2921 ,

2363 2961 2612 3014 ΞΔ’.”ὐτι
2638 2959 2733 3031 μὲν
2758 2954 2852 3013 οὖν
2870 2956 3033 3022 αὐτὸς
3054 2957 3243 3029 ἕτερος
3269 2952 3339 3029 ἢν
3364 2949 3407 3023 ᾧ
3426 2954 3671 3023 ἀνείληφεν
3686 2946 3771 3017 (l0).

2293 3052 2450 3125 δῆλον
2483 3051 2543 3119 ἐξ
2594 3045 2669 3106 ὧν
2713 3049 2984 3122 ὁμολογεῖ,
3028 3050 3174 3120 Ἐγὼ
3220 3050 3264 3119 ἠ
3313 3046 3443 3116 ζωὴ,
3479 3044 3579 3115 ἐγὼ
3614 3036 3772 3110 rid-1'?

620 3145 739 3183 sum
771 3128 900 3193 vita,
932 3144 1025 3199 ego
1052 3144 1172 3182 sum
1214 3128 1412 3183 ueritas
1443 3126 1494 3195 ι),
1536 3132 1596 3192 ἦ(
1639 3141 1738 3198 ego
1761 3135 1813 3182 et
1838 3126 2002 3183 Pater
2030 3143 2194 3182 unum

2228 3149 2263 3206 Β
2294 3146 2439 3207 θεια,
2464 3141 2577 3212 ἐγὼ
2600 3140 2697 3194 καὶ
2728 3142 2761 3194 ὁ
2792 3138 2996 3209 Πατὴρ
3035 3138 3104 3194 ἓν
3152 3137 3365 3209 ἐσμεν.
3425 3136 3494 3189 Τὸ
3525 3132 3575 3188 δὲ
3602 3146 3773 3199 πνευμαο

619 3228 800 3269 sumus
847 3228 896 3273 ο.
948 3215 1087 3271 Illud
1127 3225 1311 3272 autem
1341 3215 1615 3287 spiritale,
1652 3216 1817 3271 etiam
1860 3224 1914 3272 et
1939 3216 2195 3282 animale,

624 3308 771 3380 quod
795 3310 1112 3379 assumpsit,
1143 3310 1289 3364 hunc
1316 3310 1374 3362 in
1403 3307 1624 3362 modum
1654 3315 1842 3363 notum
1863 3306 1994 3364 facit
2017 3328 2030 3363 :
2057 3308 2200 3365 Puer

625 3416 743 3456 vero
769 3400 1031 3455 crescebat
1077 3409 1130 3455 et
1172 3400 1481 3470 proﬁciebat
1528 3400 1680 3454 ualde
1728 3398 1778 3455 ἀ.
1820 3398 2049 3472 Insuper
2100 3399 2199 3457 Sa-

621 3491 839 3564 pientia:
864 3492 990 3556 fuit,
1036 3499 1096 3547 ut
1123 3491 1270 3563 quod
1290 3490 1579 3563 spirituale
1620 3499 1800 3555 esset,
1842 3493 2196 3563 ostenderet;

622 3583 1041 3654 magnitudinis,
1095 3593 1155 3639 ut
1200 3583 1257 3639 id
1299 3584 1446 3654 quod
1489 3584 1745 3641 animale.
1781 3583 1886 3641 Per
1925 3585 2019 3641 illa
2069 3603 2200 3643 vero

621 3690 743 3747 qua:
794 3691 859 3730 ea:
901 3676 1066 3731 latere
1116 3676 1385 3746 ﬂuxerunt
1435 3687 1482 3744 θ,
1537 3676 1855 3734 etiluxiones
1908 3677 2198 3736 aﬂ'ectuum

622 3766 1031 3833 manifestabat,
1081 3776 1136 3825 et
1166 3767 1478 3825 affectiones
1517 3784 1582 3824 ex
1636 3768 1943 3826 libidinosis
1985 3771 2211 3841 pravis-

622 3874 729 3929 que
761 3867 943 3915 rectas
995 3859 1326 3931 sedatasque
1355 3860 1529 3917 factas
1570 3863 1933 3930 substantias,
1967 3865 2197 3921 salutem

621 3948 795 4006 fuisse
826 3958 1175 4008 consecutas.
1208 3949 1274 4005 Et
1318 3965 1444 4006 cum
1493 3951 1675 4008 dicat:
1732 3952 1949 4023 Oportet
1997 3955 2198 4011 Filium

621 4041 849 4096 hominis
902 4040 1198 4111 reprobari,
1240 4043 1572 4110 contumeliis
1606 4046 1765 4117 aﬁici,
1794 4056 1845 4103 et
1872 4049 2112 4121 cruciﬁgi
2150 4049 2195 4116 τ,

621 4134 779 4203 quasi
809 4132 877 4188 de
908 4133 1017 4188 alio
1045 4133 1260 4189 videtur
1303 4134 1474 4205 loqui,
1531 4152 1727 4208 nempe
1755 4139 1824 4195 de
1862 4154 1929 4196 eo
1956 4142 2049 4212 qui
2072 4156 2200 4211 pas-

621 4224 875 4280 sionibus
906 4224 978 4280 sit
1005 4224 1298 4282 obnoxius.
1330 4225 1400 4280 Et
1433 4229 1729 4299 praecedam
1759 4248 1846 4286 vos
1866 4272 1882 4298 ,
1915 4232 2013 4296 ait,
2043 4235 2199 4288 tertia

620 4314 708 4369 die
736 4315 792 4369 in
820 4313 1102 4370 Galilteam
1158 4318 1205 4384 δ,
1268 4318 1386 4390 ipse
1415 4321 1559 4375 enim
1593 4323 1777 4378 omnia
1825 4326 2109 4394 praecedit,
2146 4337 2199 4381 et

2297 3234 2446 3289 τικὸν
2478 3234 2507 3287 ὃ
2534 3233 2818 3304 ἀνείληφεν
2849 3232 2944 3284 καὶ
2972 3230 3037 3285 τὸ
3092 3230 3326 3303 ψυχικὸν
3370 3229 3530 3291 οὕτως
3576 3221 3771 3295 ἐμφαίνεν

2305 3328 2376 3384 Τὸ
2403 3326 2471 3382 δὲ
2490 3327 2738 3382 παιδίον
2764 3325 3031 3396 ηὔξανεν
3076 3326 3174 3379 καὶ
3216 3325 3569 3395 προέκοπτεν
3593 3316 3772 3387 σφόδρα-

2298 3420 2498 3493 Σοφίας
2530 3419 2626 3492 μὲν
2659 3418 2767 3491 γὰρ
2789 3417 2852 3473 τὸ
2875 3417 3244 3490 πνευματικὸν
3292 3417 3478 3483 δεῖξαι,
3516 3405 3771 3485 μεγέθουςᾶ

2297 3510 2359 3566 τὸ
2383 3512 2625 3584 ψυχικόν.
2659 3510 2758 3565 Διά
2788 3510 2847 3564 δὲ
2881 3508 2989 3563 τῶν
3038 3508 3349 3581 ἐκρυέντων
3399 3509 3460 3560 ἐκ
3495 3505 3580 3576 τῆς
3605 3498 3771 3568 πλευρίς

2298 3603 2484 3676 ἐδήλου
2506 3602 2605 3667 τὰς
2632 3601 2883 3675 ἐκρύσεις
2936 3600 3042 3655 τῶν
3097 3600 3309 3664 παθῶν,
3340 3599 3443 3653 ἀπὸ
3466 3596 3561 3651 τῶν
3585 3587 3771 3662 ἐμπαθῶτ

2298 3695 2528 3760 ἀπαθεῖς
2546 3694 2841 3766 γενομένας
2866 3693 2964 3758 τὰς
3000 3691 3185 3757 οὐσίας
3232 3689 3514 3745 σεσῶσθαι.
3561 3683 3649 3739 Kal
3689 3682 3771 3743 δῖαν

2298 3784 2452 3856 λέγῃ,
2507 3783 2608 3837 Δεῖ
2642 3782 2752 3837 τὸν
2800 3781 2939 3837 Υἱὸν
2995 3780 3103 3835 τοῦ
3142 3779 3457 3852 ἀνθρώπου
3505 3772 3771 3838 ἀποδοκιμα-

2298 3872 2534 3944 σθῆναι,
2576 3871 2949 3944 ῠϐρισθῆναι,
3006 3872 3442 3942 σταυρωθῆναι,
3484 3869 3552 3932 ὠς
3575 3865 3677 3936 περὶ
3704 3859 3767 3915 ἀλ-

2298 3967 2390 4021 λου
2432 3967 2678 4037 φαίνεται
2723 3967 2918 4037 λέγων,
2969 3964 3208 4037 δηλονότι
3254 3964 3350 4018 τοῦ
3402 3956 3663 4034 ὲμπαθοῦς.
3698 3949 3770 4008 Καὶ

2299 4058 2538 4129 προάξω
2576 4057 2761 4129 ὑμᾶς,
2808 4058 2975 4130 λέγει,
3020 4058 3097 4128 τῇ
3142 4061 3310 4129 τρίτῃ
3354 4058 3467 4113 τῶν
3496 4049 3687 4125 ἡμερῶν
3715 4044 3769 4107 εἷς

2298 4152 2415 4220 τὴν
2435 4152 2791 4207 Γαλιλαίαν·
2832 4150 2994 4216 αὐτὸς
3019 4150 3128 4224 γὰρ
3166 4152 3398 4225 προάγει
3425 4148 3599 4208 πάντα,
3624 4134 3771 4225 mittit

2300 4238 2522 4311 ἀφανῶς
2549 4240 2863 4312 σωζομένην
2893 4239 3069 4313 ψυχὴν
3123 4223 3440 4313 ἀναστήσειν
3468 4235 3672 4308 ᾐνίσσετο
3709 4223 3770 4278 καὶ

2301 4333 2766 4403 ἀποκαταστήσειν
2798 4323 2862 4385 οὗ
2887 4330 2982 4386 νῦν
3005 4333 3257 4404 προάγει.
3319 4328 3556 4385 Ἀπέθανε
3594 4323 3655 4383 δὲ,
3677 4319 3768 4371 ἀπο·

620 4407 861 4462 animam
895 4408 1058 4464 modo
1103 4410 1367 4467 invisibili
1398 4413 1663 4470 salvatam
1696 4432 1756 4473 se
1799 4417 2194 4474 suscitaturum

2231 4485 2265 4496 ﬁ
2303 4422 2523 4487 στάντος
2544 4422 2637 4477 τοῦ
2669 4421 3003 4487 καταϐάντος
3054 4424 3142 4476 ἐπ’
3171 4424 3321 4496 αὑτῷ
3358 4422 3444 4475 ἐπὶ
3485 4416 3554 4488 τῷ
3599 4406 3767 4479 Ἰορδάνῃ

619 4498 903 4567 indicavit,
930 4500 1359 4575 restitutumque
1387 4520 1497 4576 quo
1520 4522 1667 4562 nunc
1697 4508 1955 4578 precedit
1982 4509 2034 4563 ιι.
2059 4508 2195 4564 Mor-

2229 4485 2270 4539 D
2300 4485 2633 4585 Πνεύματος,
2665 4515 2765 4568 οὐκ
2819 4514 2925 4586 ίδίᾳ
2970 4485 3453 4587 γενομένου,’ἀλλὰ
3486 4485 3767 4587 abnuens.

621 4596 750 4646 tuus
782 4597 965 4646 autem
997 4599 1083 4648 est
1100 4591 1308 4664 Spiritu
1353 4595 1447 4666 qui
1481 4612 1646 4667 super
1675 4612 1800 4653 eum
1845 4598 1910 4652 in.
1953 4595 2194 4655 Jordano

622 4681 909 4740 descendit
934 4683 1286 4748 abscedente.
1325 4702 1429 4743 nec
1478 4689 1680 4743 virtute
1720 4689 1939 4759 propria
1971 4689 2075 4745 hoc
2114 4689 2195 4746 fa-

622 4783 775 4831 ctum
805 4778 910 4842 est,
944 4775 1041 4833 sed
1069 4778 1217 4835 illius
1245 4780 1341 4850 qui
1387 4779 1648 4835 subduxit
1679 4793 1763 4843 se,
1820 4788 1881 4834 ut
1906 4780 2012 4833 vim
2040 4797 2192 4837 suam

620 4882 770 4925 mors
793 4877 1096 4937 exsereret,
1150 4872 1352 4942 quippe
1393 4887 1504 4941 quo
1553 4879 1712 4942 pacto
1764 4872 1876 4927 vita
1928 4882 2194 4944 praesente

619 4961 757 5015 mori
798 4962 854 5017 in
886 4962 979 5018 illo
998 4962 1174 5033 potuit
1205 4963 1445 5034 corpus?
1471 4964 1551 5019 sic
1579 4963 1726 5018 enim
1758 4973 1813 5020 et
1843 4981 1992 5024 mors
2020 4968 2191 5038 potita

620 5049 921 5110 Salvatoris
952 5054 1124 5125 ipsius
1144 5064 1310 5118 esset,
1340 5054 1489 5125 quod
1531 5055 1851 5114 absurdum.
1869 5056 2191 5114 Doloautem

620 5158 769 5200 mors
818 5153 1125 5216 expugnata
1174 5153 1259 5200 est
1290 5162 1303 5199 :
1335 5159 1564 5215 corpore
1611 5146 1756 5201 enim
1814 5147 2078 5204 moriente
2128 5162 2193 5203 ac

618 5237 797 5306 ipsum
823 5237 1111 5307 subigente
1162 5247 1359 5302 morte,
1392 5235 1669 5301 Salvator,
1694 5236 1903 5292 radium
1936 5240 2191 5309 potentias

922 5346 965 5391 ιτ

694 5421 753 5479 >14
794 5412 856 5467 P.
880 5412 987 5479 974
1024 5412 1132 5469 ED.
1168 5412 1464 5469 POTTER.
1508 5426 1535 5479 ε
1562 5412 1696 5468 Luc.
1731 5428 1771 5479 ι,
1807 5415 1895 5471 55.

616 5499 732 5548 ιιι,
766 5483 855 5539 54.
902 5483 923 5519 ¹
963 5483 983 5522 ί
1022 5484 1155 5539 Luc.
1186 5500 1263 5551 Ix,
1302 5484 1394 5538 22.

649 5710 796 5783 ηψιν,
828 5723 921 5783 aut
952 5712 1133 5783 simile
1159 5713 1311 5783 quid.
1349 5710 1613 5783 Srpsusc.

684 5639 763 5760 3?)
800 5639 998 5723 Aera.
1025 5640 1156 5723 Post
1185 5640 1289 5726 hoc
1325 5643 1552 5696 verbum
1590 5641 1781 5699 deesse
1816 5641 2031 5699 videtur
2062 5643 2187 5698 σύλ-

614 5706 680 5760 λη
728 5727 796 5760 ιν.
828 5723 921 5760 aut
952 5712 1133 5760 simile
1159 5713 1311 5760 ιιιιιιΙ.
1349 5710 1613 5760 Svuumc.

684 5637 763 5848 ῗὶ)
800 5639 990 5710 Λέγει.
1025 5640 1156 5697 Post
1185 5640 1289 5696 hoc
1325 5643 1552 5696 verbum
1590 5641 1781 5699 deesse
1816 5641 2031 5699 videtur
2062 5643 2186 5698 σύλ-

728 5727 796 5774 ιν,
828 5723 921 5764 aut
952 5712 1133 5767 simile
1159 5713 1311 5783 quid.
1349 5710 1613 5766 SrLsusc.

714 5780 798 5852 10)
828 5782 1071 5849 Ἕτερος
1095 5781 1172 5850 ἦν
1193 5782 1242 5849 ᾧ
1282 5783 1377 5835 ἀν.
1406 5782 1811 5853 Congruentius
1839 5786 1982 5843 forte
1999 5786 2186 5858 ἔτερος

1994 5416 2033 5487 ιζ
2059 5416 2216 5471 Joan.
2250 5435 2363 5487 xw,
2391 5420 2443 5475 6.

1511 5476 1537 5525 ε
1575 5476 1767 5540 Matth.
1801 5500 1948 5553 χιιι,
1976 5485 2067 5542 52.
2142 5488 2170 5527 ιι
2209 5476 2439 5557 Αοι.ἰι,
2478 5491 2570 5547 24.

2300 4604 2385 4658 ἵνα
2416 4604 2510 4659 καὶ
2565 4585 3156 4679 ἐνεργήσῃύθάνατοςο
3203 4608 3325 4663 ἐπεὶ
3373 4602 3500 4667 πῶς,
3551 4597 3634 4667 τῆς
3668 4585 3765 4679 ζωῆς

2298 4696 2577 4769 παρούσης
2606 4676 2669 4752 ἐν
2687 4676 2857 4770 αύτῷ,
2883 4698 3118 4753 ἀπέθανε
3150 4700 3213 4754 τὸ
3237 4699 3425 4771 σῶμα;
3456 4693 3581 4748 οὕτω
3623 4676 3767 4771 τάρῄἆν

2296 4768 2391 4841 καὶ
2434 4788 2598 4847 αὑτοῦ
2644 4787 2738 4842 τοῦ
2796 4768 3044 4861 Σωτῆρος
3095 4793 3125 4844 6
3173 4768 3396 4853 θάνατος
3440 4768 3762 4861 ἐκράτησεν

2293 4877 2429 4950 ὅπερ
2450 4880 2667 4933 ἄτοπον.
2712 4880 2857 4951 Δόλῳ
2999 4883 3028 4935 6
3074 4880 3297 4945 θάνατος
3354 4856 3762 4960 κατεστρατητήθξτ

2297 4969 2657 5035 ἀποθανόντος
2688 4971 2797 5043 γὰρ
2821 4971 2916 5025 τοῦ
2961 4971 3210 5044 σώματος
3243 4978 3335 5026 καὶ
3364 4965 3679 5040 κρατήσαπος
3697 4964 3763 5044 αυ-

2299 5059 2390 5114 τὸν
2411 5059 2505 5114 τοῦ
2536 5040 2788 5129 θανάτου,
2822 5040 3135 5127 ἀναστείλας
3186 5063 3285 5135 τὴν
3318 5053 3607 5145 ἐπελθοῦσαν
3627 5040 3765 5145 ifilli

2307 5153 2406 5225 τῆς
2443 5154 2729 5225 δυνάμεως
2775 5156 2805 5209 6
2853 5156 3069 5229 Σωτὴρ,
3119 5133 3368 5211 ἀπεέλεσε
3414 5149 3503 5220 μὲν
3547 5133 3762 5234 ΨΥθθῗνῗ

2295 5260 2385 5296 τον
2410 5243 2541 5314 (ιι),
2572 5245 2634 5299 τὸ
2679 5246 2736 5300 δὲ
2767 5246 2957 5322 θνητὸν
3002 5228 3166 5318 σῶμα
3218 5239 3487 5302 ἀποδαλὼν
3525 5228 3645 5296 πάθη
3678 5228 3763 5273 ἀνί·

2523 5434 2545 5461 ε
2585 5422 2744 5478 Joan.
2779 5441 2835 5490 χ,
2861 5425 2951 5481 '50.
3026 5423 3054 5462 ιι
3095 5424 3225 5480 Luc.
3261 5440 3316 5488 ιι,
3345 5421 3427 5487 40,
3452 5414 3514 5471 52
3596 5418 3616 5446 ⁶
3644 5399 3755 5455 Ῑοτιηο

2292 5642 2360 5718 ἦν
2388 5641 2449 5702 οὗ
2506 5649 2814 5722 ἀνείληφεν,
2851 5651 2990 5707 alius
3038 5651 3155 5722 (seu
3192 5643 3435 5713 diversus)
3465 5637 3521 5695 ab
3559 5647 3608 5687 ϐο
3644 5630 3754 5691 φκπί

2294 5721 2597 5787 assumpsit.
2627 5718 2892 5777 Sisenna.
3048 5718 3056 5722 ’
3422 5784 3440 5787 _
3585 5769 3669 5787 .___.
3692 5752 3727 5787 ,ς

2981 5797 3089 5849 τὸν
3125 5793 3390 5849 odi-amr.
3421 5769 3671 5852 Legendutn
3692 5768 3732 5810 Vl
