4016 6308
298 251 405 312 689

1000 248 1225 304 DUBIA.
1263 281 1330 290 —
1371 247 1737 304 EXCERI’TA
1776 246 1865 301 EX
1903 245 2216 302 SCRIPTIS
2256 247 2624 313 THEODOTI,
2668 247 2822 305 ETC.

3420 248 3525 304 G90

300 388 489 444 στησε.
525 368 606 423 Τά
662 369 869 440 ψυχικά
914 370 1011 441 μὲν
1066 366 1159 423 οὖν
1204 368 1375 433 οὕτως
1430 368 1714 423 ἀνίσταται
1769 366 1851 421 καὶ

1965 366 2434 437 supervenientem
2493 367 2844 433 contrahens,
2865 376 3094 420 mortem
3132 366 3347 437 quidem
3372 366 3527 439 fuga-

296 460 649 527 ἀνασώζεται·
696 460 1059 515 πιστεύσαντα
1107 460 1166 515 δὲ
1209 460 1279 515 τά
1329 458 1671 532 πνευματικά
1723 460 1863 530 ὑπὲρ

296 556 480 608 ἐκεῖνα
527 551 783 618 σώζεται,
834 552 1106 625 ἐνδύματα
1151 553 1345 626 γάμων
1389 552 1489 617 τὰς
1539 551 1717 623 ψυχὰς
1764 551 1858 606 λα-

293 645 476 701 δόντα.

362 912 479 965 ΞΒθ.
506 912 755 983 Κάθηται
780 913 878 984 μὲν
911 908 1002 967 οὗν
1030 914 1059 967 ὁ
1088 913 1314 984 ψυχικὸς
1366 910 1598 982 Χριστὸς
1625 912 1684 964 ὲν
1706 909 1857 982 δεξιᾷ

286 1002 384 1057 τοῦ
401 1003 764 1077 Δημιουργοῦ’
800 1004 933 1059 καθὸ
953 1007 1047 1059 καλ⁵
1080 1007 1111 1059 ὁ
1151 1005 1317 1061 Δαὸὶδ
1344 1004 1512 1074 λέγει,
1541 1003 1739 1059 Κάθου
1785 1005 1855 1058 ἐκ

287 1094 506 1161 δεξιῶν
532 1114 673 1166 μου,
720 1097 816 1150 καὶ
864 1096 931 1151 τά
962 1096 1106 1168 ἑξῆς·
1156 1096 1391 1169 κάθηται
1431 1096 1487 1151 δὲ
1510 1094 1686 1167 μέχρι
1708 1110 1856 1151 συν-

285 1188 544 1255 τελείας,
567 1190 668 1244 ἵνα
692 1189 902 1244 ίδωσιν
919 1192 1002 1256 είς
1051 1189 1125 1243 ὃν
1141 1188 1566 1260 ἐξεκέντησαν.
1615 1188 1857 1256 Ἐξεκέν-

283 1295 462 1350 τησαν
500 1279 557 1337 δὲ
605 1280 665 1334 τὸ
714 1280 1059 1353 φαινόμενον,
1100 1281 1129 1335 ὃ
1178 1276 1246 1355 ἦν
1279 1280 1415 1354 σὰρξ
1476 1280 1569 1335 τοῦ
1599 1279 1848 1352 ψυχικοῦ.

300 1372 553 1428 Ὀστοῦν
602 1372 711 1445 γὰρ
780 1374 969 1430 αὐτοῦ
1028 1375 1100 1430 οὐ
1143 1373 1634 1444 συντριϐήσεται,
1685 1374 1848 1445 φησί·
1882 1442 1885 1445 _

284 1466 545 1539 καθάπερ
573 1466 664 1520 ἐπὶ
694 1466 790 1520 τοῦ
834 1466 1004 1539 ’Δδάμ
1048 1466 1147 1539 τὴν
1176 1466 1355 1539 ψυχὴν
1402 1465 1595 1521 ὀστοῦν
1620 1466 1853 1538 ἠλληγό-

289 1574 455 1630 ρησεν
476 1560 513 1631 ἠ
535 1558 860 1630 προφητεία.
889 1555 1037 1629 Αὐτὴ
1065 1556 1174 1628 γὰρ
1201 1558 1235 1627 ἠ
1265 1556 1410 1630 ψυχὴ
1467 1555 1561 1611 τοῦ
1591 1556 1851 1628 Χριστοῦ,

284 1652 587 1722 πάσχοντος
610 1649 704 1705 τοῦ
747 1649 1017 1722 σώματος,
1049 1650 1246 1722 ἑαυτὴν
1274 1650 1354 1713 είς
1375 1649 1475 1714 τὰς
1516 1652 1704 1722 χεῖρας
1755 1648 1850 1703 τοῦ

1961 459 2060 522 vit,
2090 458 2320 514 mortale
2347 473 2476 515 vero
2507 474 2708 532 corpus
2729 459 3010 529 passiones
3041 458 3323 515 excutiens
3351 459 3525 516 susci-

1961 550 2113 605 tavit.
2141 550 2272 617 Quae
2301 551 2482 621 itaque
2534 551 2791 605 animalia
2838 558 2985 615 sunt,
3027 550 3172 606 hunc
3197 550 3254 605 in
3301 550 3522 606 modum

1960 641 2191 696 suscitat
2218 641 2476 712 salvaque
2506 641 2671 697 facit:
2701 641 2970 712 spiritalia
2999 658 3129 699 vero
3161 642 3266 699 ﬁde
3293 642 3522 711 imbuta,

1958 734 2399 789 excellentiorem
2460 734 2708 789 obtinent
2749 735 2981 791 salutem
3007 779 3020 800 ,
3072 736 3391 792 vestimenta
3422 751 3524 791 nu-

1960 824 2195 893 ptiarum
2225 824 2437 879 animas
2465 832 2647 879 nacta.

2028 914 2188 973 LXII.
2221 914 2476 972 Christus
2513 916 2698 988 itaque
2726 915 2979 973 animalis
3033 914 3090 970 in
3141 914 3365 971 dextera
3416 914 3522 972 De-

1958 1007 2155 1078 miurgi
2201 1006 2373 1073 sedet,
2421 1005 2582 1062 sicuti
2636 1004 2806 1060 David
2860 1005 2982 1060 ait:
3038 1004 3173 1061 Sede
3221 1021 3255 1059 a
3293 1004 3522 1060 dexteris

1958 1099 2084 1153 meis
2106 1111 2156 1163 ι,
2186 1107 2239 1155 et
2270 1113 2392 1169 qum
2436 1104 2761 1168 sequuntur.
2814 1096 2896 1151 Ad
2949 1098 3454 1152 consummationem
3492 1098 3523 1138 δ

1955 1206 2084 1247 vero
2112 1191 2284 1258 sedet,
2322 1199 2382 1245 ut
2419 1190 2623 1246 videant
2658 1191 2713 1244 in
2741 1206 2891 1261 quem
2927 1189 3319 1260 conﬁxerunte.
3342 1189 3523 1246 Conli-

1958 1291 2154 1341 xcrunt
2184 1298 2315 1340 vero
2342 1283 2489 1357 quod
2534 1283 2789 1340 sensibus
2846 1282 3149 1353 subjectum
3202 1281 3322 1346 fuit,
3375 1281 3521 1353 quod

1956 1380 2174 1450 quidem
2198 1378 2301 1434 fuit
2323 1377 2576 1434 animalis
2605 1392 2756 1433 caro.
2787 1374 2861 1432 0s
2900 1376 3062 1442 enim,
3111 1375 3206 1442 ait,
3253 1374 3367 1445 ejus
3417 1390 3520 1429 non

1955 1471 2334 1527 comminuetur
2362 1470 2413 1534 ἀ,
2438 1470 2601 1526 sicuti
2621 1471 2784 1527 etiam
2814 1469 2871 1524 in
2900 1469 3109 1530 Adamo
3135 1466 3277 1523 ossis
3298 1465 3521 1522 nomine

1955 1577 2121 1619 sensu
2168 1561 2444 1633 spirituali
2481 1561 2718 1616 animam
2779 1559 2997 1614 induxit
3045 1556 3350 1628 prophetia.
3398 1554 3519 1628 Ipsa
3620 1590 3627 1603 .

1953 1654 2100 1711 enim
2125 1651 2330 1709 Christi
2373 1652 2556 1707 anima
2610 1667 2840 1724 corpore
2900 1650 3156 1722 patiente,
3202 1650 3439 1721 seipsam
3461 1648 3519 1704 in

284 1744 502 1815 Πατρδς
543 1742 969 1816 παρακατέθετο.
1033 1743 1108 1796 Τὸ
1159 1742 1204 1796 δ’
1254 1743 1312 1796 ἐν
1355 1742 1434 1815 τῷ
1474 1743 1646 1815 ὀστέῳ
1689 1759 1851 1798 πνευ-

1955 1759 2119 1800 manu
2142 1742 2417 1816 Dentiurgi
2438 1742 2838 1799 commendavit
2868 1752 2914 1798 ο.
2946 1740 3104 1808 Quod
3141 1755 3274 1797 vero
3299 1743 3356 1795 in
3394 1755 3519 1797 osse

286 1834 516 1906 ματικὺν
585 1835 687 1889 οὑκ
751 1834 834 1890 ἔτι
909 1833 1437 1907 παρακατατίθεται·
1523 1833 1639 1889 ἀλλ’
1692 1835 1854 1901 αὐτὸς

284 1923 472 1990 σώζει.

354 2016 471 2069 ΞΡ.
516 2016 582 2071 Ἦ
617 2017 715 2088 μὲν
753 2012 846 2073 οὖν
878 2016 987 2072 τῶν
1035 2017 1416 2090 πνευματικῶν
1465 2018 1768 2084 ἀνάπαυσις
1792 2020 1852 2073 ἐν

284 2103 537 2177 Κυριακῇ
552 2107 610 2160 ὲν
634 2107 844 2177 ὸγδοάδι
863 2107 994 2179 (12),
1019 2108 1319 2181 ἡΚυριακὴ
1339 2109 1682 2181 ὀνομάζεταιο
1703 2110 1851 2184 παρά

281 2200 350 2268 τῇ
390 2199 556 2271 μητρὶ
583 2197 775 2269 ἔχοντα
794 2200 893 2263 τάς
923 2198 1100 2270 ψυχὰς
1139 2198 1209 2253 τά
1254 2200 1527 2272 ἐνδύματα
1567 2201 1694 2275 ἄχρι
1730 2218 1852 2255 συν-

278 2290 510 2355 τελείαςο
527 2292 584 2346 αί
603 2291 660 2347 δὲ
681 2291 836 2348 ἀλλαι
857 2292 1047 2346 πισταὶ
1058 2291 1224 2364 ψυχαὶ
1242 2292 1392 2365 παρά
1408 2291 1487 2364 τῷ
1505 2294 1706 2365 Δημιου
1715 2292 1846 2366 ργιῖν

275 2381 414 2453 περὶ
444 2381 501 2435 δὲ
552 2381 652 2453 τὴν
682 2381 991 2437 συντέλειαν
1044 2380 1383 2454 ἀναχωροῦσι
1440 2383 1534 2436 κα)⁸
1583 2376 1738 2437 αῦται
1771 2383 1850 2447 εἰς

273 2473 530 2543 ὁγδοάδα.
566 2469 700 2528 Εἶτα
730 2473 793 2529 τὸ
823 2473 1033 2528 δεῖπνον
1058 2472 1169 2527 τῶν
1195 2474 1406 2546 γάμων,
1427 2474 1605 2529 κοινὸν
1633 2476 1849 2530 πάντων

273 2566 390 2621 τῶν
416 2566 757 2639 σωζομένων,
779 2567 937 2639 ἄχρις
963 2565 1029 2622 ἂν
1053 2566 1302 2640 ἀπισωθῇ
1325 2568 1504 2623 πάντα
1528 2568 1622 2623 καὶ
1645 2568 1851 2640 ἄλληλα

276 2659 546 2735 γνωρίσῃ.

353 2836 467 2889 ΞΝ.
519 2835 594 2890 Τὸ
636 2836 694 2890 δὲ
734 2835 981 2892 ἐντεῦθεν
1028 2837 1342 2909 ἀποθέμεναι
1385 2837 1455 2892 τὰ
1500 2843 1849 2910 πνευματικά

275 2924 384 2990 τὰς
428 2926 598 2998 ψυχὰς
630 2927 745 2998 ἅμα
775 2929 841 2999 τῇ
880 2928 1045 2999 μητρὶ
1085 2927 1423 3000 κομιζομένη
1456 2927 1548 2982 τὸν
1588 2926 1843 3000 νυμφίον,

277 3016 619 3090 κομιζόμενα
649 3021 745 3073 καὶ
785 3021 924 3075 αύτά
948 3021 1072 3084 τοὺς
1113 3020 1380 3091 νυμφίους
1418 3020 1545 3085 τοὺς
1578 3019 1846 3089 ἀγγέλους

277 3073 511 3174 ἑαυτῶν,
530 3112 609 3175 είς
639 3111 729 3166 τὸν
753 3073 1197 3182 νυμφῶναέντὸςι
1219 3073 1311 3165 ⁸τοῦ
1344 3073 1470 3183 έρου
1505 3073 1723 3175 {secula}.
1871 3073 1914 3131 c

279 3198 423 3270 πρὸς
448 3198 543 3270 τὴν
574 3198 666 3252 τοῦ
696 3199 1010 3272 Πνεύματος
1042 3200 1164 3270 ὄψιν
1186 3199 1650 3272 ἐρχονταιᾼίῶνες
1670 3203 1846 3276 νοεροὶ

275 3288 573 3359 γενόμενα,
592 3291 672 3353 εἱς
702 3292 827 3356 τοὺς
858 3291 1078 3363 νοεροὺς
1108 3290 1201 3346 καὶ
1222 3291 1481 3356 αἰωνίους
1512 3292 1721 3364 γάμους
1744 3293 1845 3366 τῆς

279 3379 565 3449 συζυγίας.

350 3467 468 3523 ΞΕ’.
521 3470 578 3526 '0
617 3472 675 3527 δὲ
716 3473 811 3528 τοῦ
852 3475 1065 3529 δείπνου
1111 3479 1208 3548 μὲν
1263 3479 1684 3553 ἀρχιτρίκλινος,
1736 3480 1844 3535 τῶν
1890 3450 1893 3451 ν

276 3564 475 3636 γάμων
500 3565 557 3618 δὲ
615 3568 1140 3640 παράνυμφος,τοῦ
1205 3572 1465 3642 νυμφίου
1522 3572 1601 3627 δὲ.
1647 3575 1843 3644 φίλος.

282 3654 462 3720 ἑστὼς
495 3656 801 3729 ἔμπροσθεν
832 3659 925 3714 τοῦ
952 3662 1256 3732 νυμφῶνος,
1290 3663 1502 3718 ἀκούων
1533 3666 1631 3735 τῆς
1665 3665 1844 3736 φωνῆς

275 3746 373 3801 τοῦ
406 3748 659 3820 νυμφίου,
692 3751 837 3823 χαρᾷ
857 3751 1058 3824 χαίρει.
1090 3752 1260 3806 Τοῦτο
1286 3753 1448 3807 αὐτοῦ
1481 3755 1542 3808 τὸ
1575 3755 1844 3827 πλήρωμα

277 3839 381 3910 τῆς
412 3842 585 3913 χαρᾶς
612 3843 708 3896 καὶ
735 3843 835 3913 τῆς
866 3842 1247 3908 ἀναπαύσεως.

351 3953 485 4024 EG".
520 3955 579 4009 ὐ
603 3956 792 4028 Σωτὴρ
816 3958 941 4021 τοὺς
965 3958 1291 4023 ἀποστάλους
1323 3959 1590 4024 ἐδίδασκε,
1629 3962 1698 4015 τά
1738 3962 1835 4033 μὲν

281 4046 470 4120 πρῶτα
496 4048 736 4113 τυπικῶς
774 4049 868 4102 καὶ
909 4049 1205 4120 μυστικῶς,
1238 4050 1307 4105 τὰ
1337 4051 1393 4105 δὲ
1426 4051 1629 4124 ὕστερα
1663 4071 1843 4126 παρα-

280 4138 510 4205 ϐολικῶς
536 4140 628 4195 καὶ
656 4141 988 4213 ᾐνιγμένως,
1015 4140 1085 4196 τά
1121 4142 1179 4196 δὲ
1211 4142 1366 4215 τρίτα
1402 4144 1588 4215 σαφῶς
1625 4145 1718 4199 καὶ
1748 4162 1844 4215 γυ-

282 4231 431 4303 μνῶς
455 4232 595 4287 κατά
629 4232 793 4304 μόνας
818 4232 950 4305 (I5).

351 4338 468 4393 ΞΖ’.
502 4340 629 4394 Ὅτε
652 4335 796 4411 ἦμεν
825 4340 894 4393 ἐν
911 4338 985 4409 τῇ
1011 4341 1212 4409 σαρκὶ,
1241 4343 1402 4413 φησὶν
1426 4343 1455 4396 ὀ
1500 4344 1840 4410 Ἀπόστολος,

1953 1835 2234 1907 spiritale,
2285 1851 2395 1893 non
2455 1836 2690 1907 amplius
2748 1833 3192 1899 commendatur,
3244 1832 3341 1890 sed
3403 1832 3519 1903 ipse

1953 1926 2185 1983 salutem
2214 1931 2457 1996 praestat.

2021 2016 2204 2073 LXIII.
2244 2017 2481 2089 Requies
2516 2017 2700 2087 itaque
2737 2016 3066 2087 spiritalium
3106 2014 3164 2070 in
3206 2013 3513 2080 Dominica,

1951 2107 2008 2164 in
2031 2106 2274 2179 ogdoade
2302 2122 2402 2163 ceu
2430 2114 2644 2173 octava,
2682 2121 2806 2178 qua:
2836 2105 3117 2162 Dominica
3146 2104 3371 2173 dicitur,
3393 2120 3518 2178 qua

1952 2200 2094 2270 apud
2124 2207 2353 2256 matrem
2412 2199 2625 2254 animas
2678 2198 2996 2255 indumenta
3040 2198 3242 2256 habent
3281 2197 3348 2253 ad
3376 2213 3514 2253 con-

1951 2288 2370 2344 summationem
2413 2304 2610 2359 usque,
2660 2295 2871 2344 caetera}
2916 2303 3048 2344 vero
3095 2288 3278 2346 ﬁdeles
3319 2289 3515 2344 anima:

1949 2378 2093 2452 apud
2147 2378 2537 2452 Demiurgum:
2588 2380 2646 2436 in
2702 2382 3171 2437 consummatione
3211 2397 3341 2438 vero
3361 2397 3515 2438 rece-

1948 2471 2084 2528 dunt
2104 2480 2158 2528 et
2184 2473 2316 2543 ipsae.
2342 2473 2397 2529 in
2425 2473 2762 2545 ogdoadem;
2816 2472 2942 2529 dein
2985 2487 3145 2529 cmna
3198 2473 3513 2545 nuptiarum

1950 2566 2257 2645 communis
2278 2565 2522 2621 omnium
2551 2566 2646 2637 qui
2678 2566 2913 2622 salutem
2945 2574 3374 2637 consequentur,
3409 2566 3509 2622 do-

1948 2674 2050 2715 nec
2072 2658 2256 2713 omnia
2287 2657 2491 2715 fuerint
2514 2659 2767 2732 aequalia,
2807 2672 2976 2730 seque
3004 2656 3110 2712 alia
3153 2659 3387 2715 invicem
3419 2674 3514 2714 co-

1947 2750 2252 2822 gnoverint.

2020 2839 2267 2905 QLXIV.
2300 2839 2510 2897 Exinde
2546 2857 2675 2897 vero
2720 2839 2988 2914 spiritalia
3035 2841 3324 2915 animabus
3362 2840 3511 2911 abje-

1946 2936 2050 2992 ctis
2075 2951 2181 2991 una
2194 2951 2319 2991 cum
2348 2943 2522 2992 matre
2539 2950 2801 3007 sponsum
2829 2944 3143 3004 consecuta,
3174 2950 3406 3006 sponsos
3435 2935 3511 2991 si-

1946 3028 2145 3084 militer
2177 3028 2399 3099 angelos
2431 3043 2562 3084 suos
2606 3035 2662 3083 et
2689 3029 2808 3098 ipsa
2855 3036 3170 3094 consecuta,
3224 3028 3283 3083 iu
3327 3027 3502 3083 thala-

1944 3135 2092 3176 mum
2126 3119 2269 3174 intra
2298 3119 2591 3176 terminum
2638 3119 3043 3192 ingrediuntur,
3087 3128 3142 3178 et
3184 3125 3241 3176 in
3273 3135 3510 3193 conspe-

1944 3218 2090 3266 ctum
2126 3209 2365 3283 Spiritus
2391 3212 2639 3278 veniunt,
2675 3210 2882 3271 Eones
2933 3212 3299 3285 intelligentes
3339 3212 3508 3282 facta,

1945 3304 2001 3359 in
2032 3304 2308 3377 spiritales
2340 3305 2552 3361 scilicet
2582 3314 2926 3378 mteruasque
2948 3304 3190 3378 conjugii
3228 3306 3471 3378 nuptias.

2013 3484 2172 3541 LXV.
2209 3484 2392 3541 Coma:
2425 3501 2556 3540 vero
2588 3485 3020 3551 architriclinus,
3076 3500 3142 3541 ac
3191 3485 3507 3558 nuptiarum

1944 3578 2246 3649 pronubus,
2283 3578 2463 3648 sponsi
2488 3594 2604 3633 vero
2644 3578 2844 3633 amicus
2882 3577 2928 3646 ί,
2976 3584 3129 3634 stans
3164 3585 3289 3632 ante
3333 3577 3508 3634 thala-

1943 3686 2114 3735 mum,
2146 3670 2333 3741 sponsi
2373 3684 2562 3725 vocem
2614 3667 2864 3733 audiens,
2906 3668 3106 3740 gaudio
3135 3668 3355 3740 gaudet.
3393 3667 3508 3725 Hoc

1945 3762 2090 3818 illius
2113 3762 2295 3834 gaudii
2323 3760 2602 3833 plenitudo
2637 3768 2691 3817 et
2715 3759 2915 3832 quietis
2937 3761 2983 3816 ε.

2014 3960 2198 4018 LXVI.
2227 3959 2478 4016 Salvator
2509 3958 2788 4031 apostolos
2816 3957 3047 4015 docebat
3076 3958 3254 4030 primo
3285 3958 3505 4031 quidem

1944 4055 2120 4128 typice
2158 4070 2224 4111 ac
2251 4052 2502 4125 mystice,
2534 4050 2662 4107 dein
2690 4066 2822 4107 vero
2867 4051 3146 4123 parabolis
3180 4059 3343 4124 atque
3374 4053 3506 4109 aani-

1943 4147 2195 4219 gmatice,
2242 4153 2519 4218 postremo
2558 4145 2705 4201 clare
2734 4151 2787 4201 et
2829 4146 2972 4202 nude
3012 4146 3244 4203 seorsim
3289 4161 3506 4204 assum-

1941 4248 2085 4310 ptos.

2014 4351 2221 4408 LXVII.
2258 4352 2394 4409 Cum
2424 4368 2672 4410 essemus
2705 4354 2761 4408 in
2789 4369 2946 4407 carne
2972 4353 3025 4417 δ,
3054 4350 3229 4422 inquit
3267 4349 3507 4421 Aposto-

279 4430 471 4501 ὥσπερ
504 4430 607 4496 ἔξω
632 4429 726 4483 τοῦ
754 4428 1005 4501 σώματος
1029 4431 1130 4503 ήδη
1165 4430 1360 4487 λαλῶν.
1411 4432 1595 4506 Σάρκα
1626 4431 1719 4489 οὖν
1755 4436 1843 4490 λέ-

1949 4447 2051 4511 lus,
2087 4446 2244 4517 quasi
2286 4447 2399 4517 jam
2437 4453 2593 4502 extra
2631 4462 2832 4517 corpus
2889 4446 3225 4515 loqueretur.
3270 4442 3505 4500 Carnem

278 4540 398 4593 γειν
418 4522 579 4576 αὐτόν
603 4539 763 4592 φασιν
791 4523 1004 4593 ἐκείνην
1026 4524 1126 4595 τὴν
1157 4524 1459 4590 ἀσθένειαν,
1489 4527 1586 4598 τὴν
1612 4528 1721 4582 ἀπὸ
1744 4529 1843 4600 τῆς

278 4617 392 4671 ἄνω
435 4614 690 4685 γυναικὸς
735 4614 1023 4687 προϐολήν.
1082 4616 1192 4669 Καὶ
1238 4618 1367 4673 ὅταν
1409 4623 1438 4672 ὀ
1476 4619 1667 4692 Σωτὴρ
1704 4620 1841 4694 πρὸς

276 4706 548 4779 Σαλώμην
612 4707 725 4778 (14)
772 4706 924 4779 λέγῃ,
982 4707 1145 4781 μέχρι
1201 4708 1323 4763 τότε
1386 4705 1526 4765 εἶναι
1594 4710 1841 4776 θάνατον,

276 4795 439 4866 ἄχρις
470 4795 536 4849 ἂν
560 4797 617 4849 αἱ
638 4798 894 4864 γυναῖκες
918 4796 1192 4861 τίκτωσιν,
1229 4799 1288 4851 οὐ
1315 4798 1414 4870 τὴν
1448 4799 1659 4868 γένεσιν
1687 4802 1845 4857 κακί-

277 4885 388 4949 ζων
432 4885 637 4955 ἔλεγεν,
665 4888 981 4956 ἀναγκαίων
1003 4884 1166 4943 οὖσαν
1189 4887 1279 4943 διὰ
1304 4890 1401 4961 τὴν
1434 4891 1704 4964 σωτηρίαν
1734 4893 1841 4964 τῶν

278 4979 659 5036 πιστευόντων·
681 4980 764 5034 δεῖ
785 4979 893 5053 γάρ
918 4976 1172 5053 εἶναιτὴν
1194 4960 1405 5052 γένεσιν
1430 4960 1653 5056 ταύτιγν,
1682 4960 1850 5057 ἄχρις.

1941 4539 2107 4610 igitur
2148 4545 2325 4603 vocat,
2368 4538 2661 4609 inquiunt,
2705 4537 3073 4593 inﬁrmitatem
3120 4535 3265 4590 illam
3299 4550 3420 4604 qua:
3475 4549 3504 4588 a

1942 4630 2239 4700 propagine
2267 4630 2455 4701 prima
2486 4628 2733 4686 mulieris
2756 4628 2879 4684 fuit.
2913 4627 2979 4682 Et
3002 4643 3125 4684 cum
3153 4627 3403 4683 Salvator
3431 4628 3507 4681 ait

1944 4720 2194 4786 Salomaa,
2251 4720 2439 4776 tandiu
2486 4728 2717 4776 mortem
2765 4719 2903 4784 fore,
2954 4719 3197 4790 quandiu
3247 4718 3506 4773 mulieres

1942 4814 2212 4876 parerent,
2261 4820 2371 4859 non
2420 4804 2579 4874 quasi
2635 4804 3044 4874 generationem
3095 4804 3503 4865 criminaretur,

1946 4897 2051 4951 hoc
2079 4895 2237 4959 dixit,
2269 4909 2390 4967 qua:
2419 4894 2486 4949 ad
2531 4894 2761 4951 salutem
2795 4893 3035 4950 ﬁdelium
3066 4901 3151 4950 est
3174 4894 3501 4963 necessaria;

1944 4992 2157 5056 oportet
2177 4985 2321 5040 enim
2353 4984 2758 5057 generationem
2782 4981 2924 5039 hanc
2950 4997 3093 5048 esse,
3116 4982 3291 5039 donec
3321 4997 3505 5039 semen

355 5190 415 5249 ᾗ
457 5120 663 5261 νοῇ
683 5183 980 5261 roman.
1019 5185 1129 5261 so.
1170 5198 1197 5229 ι
1234 5186 1520 5261 Psal._crx,
1548 5190 1663 5261 l.__
1698 5190 1727 5231 δ
1761 5190 1851 5261 Act

1949 5205 1994 5257 η,
2022 5189 2114 5244 21.
2186 5200 2239 5261 ἐξ
2278 5188 2569 5261 Zachhxn,
2603 5189 2690 5244 l0.
2766 5190 2794 5261 fl
2828 5188 2984 5244 Joan.
3018 5204 3129 5253 XIX,
3154 5188 3224 5243 57
3274 5187 3371 5243 Ει.
3403 5204 3504 5253 xu,

284 5255 374 5311 46.
458 5266 483 5297 ο
521 5253 823 5322 Luc.xxm,
853 5257 944 5311 46.
1026 5255 1047 5296 ἲ
1077 5255 1235 5314 Joan.
1276 5272 1339 5324 ιι,
1378 5259 1442 5328 8;
1477 5253 1560 5324 ιιι,
1602 5258 1691 5315 29.
1771 5262 1797 5301 ε
1833 5259 1851 5314 .Ι

1949 5253 1989 5316 ιζ
2026 5276 2137 5326 va,
2177 5259 2269 5315 24.
2361 5258 2392 5301 ιι
2430 5253 2588 5316 Rom.
2627 5275 2724 5323 vn,
2764 5258 2817 5314 5.

282 5464 442 5518 detur
469 5462 731 5534 ἠπείλησε
754 5464 850 5534 μὲν
876 5462 952 5586 τῇ)
979 5461 1212 5586 Θανᾲτιρ,
1248 5465 1478 5519 minatus
1509 5473 1586 5519 est
1613 5466 1797 5545 .morti
1818 5480 1836 5518 :

282 5535 366 5586 vel
391 5534 580 5586 saltem
601 5534 877 5586 ἢπείλεσε.
938 5533 1123 5586 evolvit
1184 5534 1236 5586 Id
1264 5541 1349 5586 est
1379 5534 1674 5586 submovrtl
1699 5551 1836 5586 mor-

282 5535 366 5588 vel
391 5534 580 5604 saltem
601 5533 877 5603 ὴπείλεσε,
901 5533 1123 5589 devolvit
1159 5533 1236 5604 (id
1264 5541 1349 5590 est
1379 5534 1674 5604 submovit)
1699 5551 1837 5589 mor-

286 5612 407 5657 tem.
443 5602 701 5658 Summo.

356 5674 466 5743 (19.)
506 5666 887 5743 ‘ErKvpcaxﬁ
907 5674 973 5727 ἐν
998 5674 1119 5744 ὀγδ.
1166 5672 1524 5729 Scribcndum
1557 5675 1739 5744 potius
1759 5666 1847 5729 vii

1943 5465 2113 5537 detur
2131 5466 2189 5520 ὲν
2208 5467 2459 5537 κυριακῇ
2488 5465 2720 5537 omasi,
2748 5465 2804 5519 in
2832 5463 3112 5537 Dominica
3142 5464 3395 5537 ogdoadc.

2014 5535 2126 5605 (l5)
2152 5533 2312 5590 Κατὰ
2328 5533 2538 5605 μόνας.
2564 5533 2743 5605 Malim
2766 5534 3055 5605 coniuncte
3065 5533 3395 5605 καταμόνας.

2016 5604 2158 5732 (5%)
2192 5604 2501 5675 Σαλώμην.
2561 5604 2707 5660 Conl'
2788 5604 3088 5662 Clementis
3148 5604 3350 5660 Strom.
3417 5616 3502 5666 ιιι,

1945 5692 1998 5745 p.
2142 5718 2153 5730 .
