  <div class='ocr_page' id='page_1' title='image "/cluster/home/n/w/nwhite01/storage/ocr_20150623/9/hvd.32044073501322/352.png"; bbox 0 0 4016 6308; ppageno 0'>
   <div class='ocr_carea' id='block_1_1' title="bbox 300 286 419 344">
    <p class='ocr_par' dir='ltr' id='par_1_1' title="bbox 300 286 419 344">
     <span class='ocr_line' id='line_1_1' title="bbox 300 286 419 344; baseline -0.017 1"><span class='ocrx_word' id='word_1_1' title='bbox 300 286 419 344; x_wconf 63' lang='lat'><strong>093</strong></span> 
     </span>
    </p>
   </div>
   <div class='ocr_carea' id='block_1_2' title="bbox 998 276 2808 345">
    <p class='ocr_par' dir='ltr' id='par_1_2' title="bbox 998 276 2808 345">
     <span class='ocr_line' id='line_1_2' title="bbox 998 276 2808 345; baseline -0.001 -12"><span class='ocrx_word' id='word_1_2' title='bbox 998 277 1218 334; x_wconf 71' lang='lat' dir='ltr'><strong>DUBIA.</strong></span> <span class='ocrx_word' id='word_1_3' title='bbox 1253 309 1321 321; x_wconf 89' lang='lat'><strong>--</strong></span> <span class='ocrx_word' id='word_1_4' title='bbox 1360 279 1725 336; x_wconf 77' lang='lat' dir='ltr'><strong>EXCERP&#39;I‘A</strong></span> <span class='ocrx_word' id='word_1_5' title='bbox 1764 279 1856 334; x_wconf 83' lang='lat' dir='ltr'><strong>EX</strong></span> <span class='ocrx_word' id='word_1_6' title='bbox 1895 278 2136 335; x_wconf 72' lang='lat' dir='ltr'><strong>SCRIPT</strong></span> <span class='ocrx_word' id='word_1_7' title='bbox 2142 277 2205 334; x_wconf 85' lang='lat' dir='ltr'><strong>IS</strong></span> <span class='ocrx_word' id='word_1_8' title='bbox 2245 277 2615 345; x_wconf 77' lang='lat' dir='ltr'><strong>THEODOTI,</strong></span> <span class='ocrx_word' id='word_1_9' title='bbox 2656 276 2808 332; x_wconf 83' lang='lat' dir='ltr'><strong>ETC.</strong></span> 
     </span>
    </p>
   </div>
   <div class='ocr_carea' id='block_1_3' title="bbox 3416 278 3515 332">
    <p class='ocr_par' dir='ltr' id='par_1_3' title="bbox 3416 278 3515 332">
     <span class='ocr_line' id='line_1_3' title="bbox 3416 278 3515 332; baseline 0 -1"><span class='ocrx_word' id='word_1_10' title='bbox 3416 278 3515 332; x_wconf 67' lang='grc'>691</span> 
     </span>
    </p>
   </div>
   <div class='ocr_carea' id='block_1_4' title="bbox 299 394 1877 477">
    <p class='ocr_par' dir='ltr' id='par_1_4' title="bbox 299 396 1857 477">
     <span class='ocr_line' id='line_1_4' title="bbox 299 396 1857 477; baseline -0.006 -18"><span class='ocrx_word' id='word_1_11' title='bbox 299 400 867 477; x_wconf 66' lang='grc' dir='ltr'>δρῶντιπροσιόντα</span> <span class='ocrx_word' id='word_1_12' title='bbox 881 399 973 452; x_wconf 77' lang='grc' dir='ltr'><strong>καὶ</strong></span> <span class='ocrx_word' id='word_1_13' title='bbox 1023 397 1293 468; x_wconf 75' lang='grc' dir='ltr'><strong>φεύγοντι,</strong></span> <span class='ocrx_word' id='word_1_14' title='bbox 1340 399 1436 455; x_wconf 80' lang='grc' dir='ltr'>καὶ</span> <span class='ocrx_word' id='word_1_15' title='bbox 1481 399 1544 452; x_wconf 82' lang='grc' dir='ltr'><strong>ού</strong></span> <span class='ocrx_word' id='word_1_16' title='bbox 1591 396 1857 471; x_wconf 79' lang='grc' dir='ltr'><strong>προθύμῳ</strong></span> 
     </span>
    </p>
   </div>
   <div class='ocr_carea' id='block_1_5' title="bbox 1966 394 3518 477">
    <p class='ocr_par' dir='ltr' id='par_1_5' title="bbox 1966 394 3518 472">
     <span class='ocr_line' id='line_1_5' title="bbox 1966 394 3518 472; baseline 0.001 -22"><span class='ocrx_word' id='word_1_17' title='bbox 1966 412 2079 461; x_wconf 85' lang='lat' dir='ltr'><strong>pum</strong></span> <span class='ocrx_word' id='word_1_18' title='bbox 2102 398 2386 453; x_wconf 84' lang='lat' dir='ltr'><strong>venientem</strong></span> <span class='ocrx_word' id='word_1_19' title='bbox 2416 396 2666 463; x_wconf 65' lang='lat' dir='ltr'><strong>videritl,</strong></span> <span class='ocrx_word' id='word_1_20' title='bbox 2692 398 2875 472; x_wconf 86' lang='lat' dir='ltr'><strong>fugam</strong></span> <span class='ocrx_word' id='word_1_21' title='bbox 2907 397 3028 462; x_wconf 82' lang='lat' dir='ltr'><strong>init,</strong></span> <span class='ocrx_word' id='word_1_22' title='bbox 3069 404 3123 453; x_wconf 82' lang='lat' dir='ltr'><strong>et</strong></span> <span class='ocrx_word' id='word_1_23' title='bbox 3153 411 3264 450; x_wconf 90' lang='lat' dir='ltr'><strong>non</strong></span> <span class='ocrx_word' id='word_1_24' title='bbox 3302 394 3404 461; x_wconf 83' lang='lat' dir='ltr'><strong>illi,</strong></span> <span class='ocrx_word' id='word_1_25' title='bbox 3425 396 3518 462; x_wconf 83' lang='lat' dir='ltr'><strong>qui</strong></span> 
     </span>
    </p>
   </div>
   <div class='ocr_carea' id='block_1_6' title="bbox 295 488 1854 563">
    <p class='ocr_par' dir='ltr' id='par_1_6' title="bbox 295 488 1854 563">
     <span class='ocr_line' id='line_1_6' title="bbox 295 488 1854 563; baseline -0.003 -19"><span class='ocrx_word' id='word_1_26' title='bbox 295 490 397 563; x_wconf 72' lang='grc' dir='ltr'><strong>τὴν</strong></span> <span class='ocrx_word' id='word_1_27' title='bbox 450 490 626 563; x_wconf 79' lang='grc' dir='ltr'>ψυχὴν</span> <span class='ocrx_word' id='word_1_28' title='bbox 678 490 818 562; x_wconf 81' lang='grc' dir='ltr'>ὑπὲρ</span> <span class='ocrx_word' id='word_1_29' title='bbox 870 489 981 543; x_wconf 85' lang='grc' dir='ltr'>τῶν</span> <span class='ocrx_word' id='word_1_30' title='bbox 1032 489 1173 544; x_wconf 79' lang='grc' dir='ltr'>ἰδίων</span> <span class='ocrx_word' id='word_1_31' title='bbox 1212 489 1497 563; x_wconf 87' lang='grc' dir='ltr'>προϐάτων</span> <span class='ocrx_word' id='word_1_32' title='bbox 1548 488 1854 543; x_wconf 90' lang='grc' dir='ltr'>ἐπιδιδόναι.</span> 
     </span>
    </p>
   </div>
   <div class='ocr_carea' id='block_1_7' title="bbox 296 576 1857 657">
    <p class='ocr_par' dir='ltr' id='par_1_7' title="bbox 296 576 1857 657">
     <span class='ocr_line' id='line_1_7' title="bbox 296 576 1857 657; baseline -0.002 -18"><span class='ocrx_word' id='word_1_33' title='bbox 296 583 445 657; x_wconf 75' lang='grc' dir='ltr'>Πρὸς</span> <span class='ocrx_word' id='word_1_34' title='bbox 476 583 557 638; x_wconf 76' lang='grc' dir='ltr'>ἔτι</span> <span class='ocrx_word' id='word_1_35' title='bbox 584 583 697 655; x_wconf 86' lang='lat' dir='ltr'><strong>(I7)</strong></span> <span class='ocrx_word' id='word_1_36' title='bbox 741 583 798 637; x_wconf 88' lang='grc' dir='ltr'><strong>δέ</strong></span> <span class='ocrx_word' id='word_1_37' title='bbox 830 583 923 638; x_wconf 76' lang='grc' dir='ltr'><strong>καὶ</strong></span> <span class='ocrx_word' id='word_1_38' title='bbox 958 585 987 637; x_wconf 83' lang='grc' dir='ltr'>ὁ</span> <span class='ocrx_word' id='word_1_39' title='bbox 1027 583 1331 656; x_wconf 74' lang='grc' dir='ltr'>ἄνθρωπος,</span> <span class='ocrx_word' id='word_1_40' title='bbox 1362 583 1501 654; x_wconf 83' lang='grc' dir='ltr'>ὑπὲρ</span> <span class='ocrx_word' id='word_1_41' title='bbox 1533 576 1593 637; x_wconf 72' lang='grc' dir='ltr'>οὔ</span> <span class='ocrx_word' id='word_1_42' title='bbox 1621 584 1656 653; x_wconf 84' lang='grc' dir='ltr'>ή</span> <span class='ocrx_word' id='word_1_43' title='bbox 1687 581 1857 653; x_wconf 83' lang='grc' dir='ltr'>μάχη,</span> 
     </span>
    </p>
   </div>
   <div class='ocr_carea' id='block_1_8' title="bbox 293 673 1860 749">
    <p class='ocr_par' dir='ltr' id='par_1_8' title="bbox 293 673 1860 749">
     <span class='ocr_line' id='line_1_8' title="bbox 293 673 1860 749; baseline -0.002 -18"><span class='ocrx_word' id='word_1_44' title='bbox 293 675 523 741; x_wconf 77' lang='grc' dir='ltr'>ἀσθενὲς</span> <span class='ocrx_word' id='word_1_45' title='bbox 550 676 609 729; x_wconf 83' lang='grc' dir='ltr'><strong>ὃν</strong></span> <span class='ocrx_word' id='word_1_46' title='bbox 640 673 800 740; x_wconf 81' lang='grc' dir='ltr'>ζῶον,</span> <span class='ocrx_word' id='word_1_47' title='bbox 826 675 1147 747; x_wconf 62' lang='grc' dir='ltr'>εὐεπᾱρορόν</span> <span class='ocrx_word' id='word_1_48' title='bbox 1172 678 1288 729; x_wconf 84' lang='grc' dir='ltr'>ἐστι</span> <span class='ocrx_word' id='word_1_49' title='bbox 1310 675 1445 749; x_wconf 80' lang='grc' dir='ltr'>πρὸς</span> <span class='ocrx_word' id='word_1_50' title='bbox 1472 675 1533 728; x_wconf 84' lang='grc' dir='ltr'>τὸ</span> <span class='ocrx_word' id='word_1_51' title='bbox 1563 677 1742 746; x_wconf 79' lang='grc' dir='ltr'>χεῖρον</span> <span class='ocrx_word' id='word_1_52' title='bbox 1766 675 1860 730; x_wconf 81' lang='grc' dir='ltr'>καὶ</span> 
     </span>
    </p>
   </div>
   <div class='ocr_carea' id='block_1_9' title="bbox 293 763 1859 838">
    <p class='ocr_par' dir='ltr' id='par_1_9' title="bbox 293 763 1859 838">
     <span class='ocr_line' id='line_1_9' title="bbox 293 763 1859 838; baseline -0.001 -18"><span class='ocrx_word' id='word_1_53' title='bbox 293 768 412 831; x_wconf 84' lang='grc' dir='ltr'>τοῖς</span> <span class='ocrx_word' id='word_1_54' title='bbox 467 767 682 838; x_wconf 83' lang='grc' dir='ltr'>μισοῦσι</span> <span class='ocrx_word' id='word_1_55' title='bbox 736 766 1270 838; x_wconf 84' lang='grc' dir='ltr'>συλλαμϐανόμενον’</span> <span class='ocrx_word' id='word_1_56' title='bbox 1318 765 1440 821; x_wconf 83' lang='grc' dir='ltr'>ὅθεν</span> <span class='ocrx_word' id='word_1_57' title='bbox 1478 767 1572 819; x_wconf 76' lang='grc' dir='ltr'><strong>καὶ</strong></span> <span class='ocrx_word' id='word_1_58' title='bbox 1601 766 1768 819; x_wconf 83' lang='grc' dir='ltr'>πλείω</span> <span class='ocrx_word' id='word_1_59' title='bbox 1791 763 1859 819; x_wconf 82' lang='grc' dir='ltr'><strong>τά</strong></span> 
     </span>
    </p>
   </div>
   <div class='ocr_carea' id='block_1_10' title="bbox 296 855 1860 928">
    <p class='ocr_par' dir='ltr' id='par_1_10' title="bbox 296 855 1860 928">
     <span class='ocr_line' id='line_1_10' title="bbox 296 855 1860 928; baseline -0.001 -18"><span class='ocrx_word' id='word_1_60' title='bbox 296 858 446 910; x_wconf 76' lang='grc' dir='ltr'>κακά</span> <span class='ocrx_word' id='word_1_61' title='bbox 489 856 722 928; x_wconf 80' lang='grc' dir='ltr'>ὑπάρχει</span> <span class='ocrx_word' id='word_1_62' title='bbox 767 855 934 927; x_wconf 75' lang='grc' dir='ltr'>αὐτῷ.</span> <span class='ocrx_word' id='word_1_63' title='bbox 975 855 1073 910; x_wconf 76' lang='grc' dir='ltr'><strong>Διὰ</strong></span> <span class='ocrx_word' id='word_1_64' title='bbox 1115 856 1321 911; x_wconf 79' lang='grc' dir='ltr'>τοῦτοὸ</span> <span class='ocrx_word' id='word_1_65' title='bbox 1347 856 1550 928; x_wconf 80' lang='grc' dir='ltr'>Κύριος</span> <span class='ocrx_word' id='word_1_66' title='bbox 1595 856 1860 928; x_wconf 82' lang='grc' dir='ltr'>κατῆλθεν</span> 
     </span>
    </p>
   </div>
   <div class='ocr_carea' id='block_1_11' title="bbox 295 947 1860 1021">
    <p class='ocr_par' dir='ltr' id='par_1_11' title="bbox 295 947 1860 1021">
     <span class='ocr_line' id='line_1_11' title="bbox 295 947 1860 1021; baseline 0.001 -21"><span class='ocrx_word' id='word_1_67' title='bbox 295 947 520 1020; x_wconf 69' lang='grc' dir='ltr'>εἰρήνην</span> <span class='ocrx_word' id='word_1_68' title='bbox 564 948 802 1020; x_wconf 81' lang='grc' dir='ltr'><strong>ποιήσων</strong></span> <span class='ocrx_word' id='word_1_69' title='bbox 835 951 943 1011; x_wconf 84' lang='grc' dir='ltr'>τοῖς</span> <span class='ocrx_word' id='word_1_70' title='bbox 967 949 1064 1002; x_wconf 78' lang='grc' dir='ltr'><strong>ἀπ’</strong></span> <span class='ocrx_word' id='word_1_71' title='bbox 1088 948 1329 1021; x_wconf 81' lang='grc' dir='ltr'>οὐρανῶν</span> <span class='ocrx_word' id='word_1_72' title='bbox 1361 947 1495 1019; x_wconf 85' lang='grc'>(18),</span> <span class='ocrx_word' id='word_1_73' title='bbox 1522 948 1581 1001; x_wconf 85' lang='grc' dir='ltr'><strong>οὑ</strong></span> <span class='ocrx_word' id='word_1_74' title='bbox 1611 951 1725 1013; x_wconf 88' lang='grc' dir='ltr'>τοῖς</span> <span class='ocrx_word' id='word_1_75' title='bbox 1750 948 1860 1004; x_wconf 81' lang='grc' dir='ltr'><strong>ἀπὸ</strong></span> 
     </span>
    </p>
   </div>
   <div class='ocr_carea' id='block_1_12' title="bbox 297 1036 1855 1109">
    <p class='ocr_par' dir='ltr' id='par_1_12' title="bbox 297 1036 1855 1109">
     <span class='ocr_line' id='line_1_12' title="bbox 297 1036 1855 1109; baseline -0.004 -1"><span class='ocrx_word' id='word_1_76' title='bbox 297 1037 424 1108; x_wconf 76' lang='grc' dir='ltr'><strong>γῆς,</strong></span> <span class='ocrx_word' id='word_1_77' title='bbox 465 1036 542 1101; x_wconf 78' lang='grc' dir='ltr'>ὥς</span> <span class='ocrx_word' id='word_1_78' title='bbox 563 1054 724 1109; x_wconf 83' lang='grc' dir='ltr'>φησιν</span> <span class='ocrx_word' id='word_1_79' title='bbox 752 1041 781 1092; x_wconf 81' lang='grc' dir='ltr'>ὁ</span> <span class='ocrx_word' id='word_1_80' title='bbox 819 1038 1162 1103; x_wconf 77' lang='grc' dir='ltr'>Ἀπόστολος’</span> <span class='ocrx_word' id='word_1_81' title='bbox 1198 1037 1425 1107; x_wconf 71' lang='grc' dir='ltr'><strong>Εἰρήνη</strong></span> <span class='ocrx_word' id='word_1_82' title='bbox 1447 1038 1548 1091; x_wconf 73' lang='grc' dir='ltr'><strong>ἐπὶ</strong></span> <span class='ocrx_word' id='word_1_83' title='bbox 1581 1036 1687 1105; x_wconf 82' lang='grc' dir='ltr'><strong>τῆς</strong></span> <span class='ocrx_word' id='word_1_84' title='bbox 1723 1037 1855 1106; x_wconf 74' lang='grc' dir='ltr'><strong>γῆς.</strong></span> 
     </span>
    </p>
   </div>
   <div class='ocr_carea' id='block_1_13' title="bbox 298 1128 985 1198">
    <p class='ocr_par' dir='ltr' id='par_1_13' title="bbox 298 1128 985 1198">
     <span class='ocr_line' id='line_1_13' title="bbox 298 1128 985 1198; baseline 0.001 -14"><span class='ocrx_word' id='word_1_85' title='bbox 298 1129 400 1184; x_wconf 77' lang='grc' dir='ltr'><strong>καὶ</strong></span> <span class='ocrx_word' id='word_1_86' title='bbox 419 1128 570 1194; x_wconf 78' lang='grc' dir='ltr'>δόξα</span> <span class='ocrx_word' id='word_1_87' title='bbox 590 1130 663 1185; x_wconf 82' lang='grc' dir='ltr'><strong>ἐν</strong></span> <span class='ocrx_word' id='word_1_88' title='bbox 683 1129 985 1198; x_wconf 75' lang='grc' dir='ltr'><strong>ὑψίστοις.</strong></span> 
     </span>
    </p>
   </div>
   <div class='ocr_carea' id='block_1_14' title="bbox 371 1222 1859 1297">
    <p class='ocr_par' dir='ltr' id='par_1_14' title="bbox 371 1222 1859 1297">
     <span class='ocr_line' id='line_1_14' title="bbox 371 1222 1859 1297; baseline 0.001 -21"><span class='ocrx_word' id='word_1_89' title='bbox 371 1224 497 1281; x_wconf 76' lang='lat' dir='ltr'><strong>OA&#39;.</strong></span> <span class='ocrx_word' id='word_1_90' title='bbox 540 1223 639 1279; x_wconf 67' lang='grc' dir='ltr'><strong>Διὰ</strong></span> <span class='ocrx_word' id='word_1_91' title='bbox 680 1222 839 1277; x_wconf 77' lang='grc' dir='ltr'>τοῦτο</span> <span class='ocrx_word' id='word_1_92' title='bbox 867 1224 1106 1279; x_wconf 81' lang='grc' dir='ltr'><strong>ἀνέτειλε</strong></span> <span class='ocrx_word' id='word_1_93' title='bbox 1143 1224 1290 1290; x_wconf 88' lang='grc' dir='ltr'>ξένος</span> <span class='ocrx_word' id='word_1_94' title='bbox 1322 1225 1497 1297; x_wconf 80' lang='grc' dir='ltr'>ἀστὴρ</span> <span class='ocrx_word' id='word_1_95' title='bbox 1529 1226 1623 1280; x_wconf 79' lang='grc' dir='ltr'><strong>καὶ</strong></span> <span class='ocrx_word' id='word_1_96' title='bbox 1654 1225 1859 1288; x_wconf 81' lang='grc' dir='ltr'>καινὸς,</span> 
     </span>
    </p>
   </div>
   <div class='ocr_carea' id='block_1_15' title="bbox 298 1313 1862 1390">
    <p class='ocr_par' dir='ltr' id='par_1_15' title="bbox 298 1313 1862 1390">
     <span class='ocr_line' id='line_1_15' title="bbox 298 1313 1862 1390; baseline 0.002 -22"><span class='ocrx_word' id='word_1_97' title='bbox 298 1313 585 1369; x_wconf 76' lang='grc' dir='ltr'>καταλύων</span> <span class='ocrx_word' id='word_1_98' title='bbox 641 1314 740 1388; x_wconf 80' lang='grc' dir='ltr'><strong>τὴν</strong></span> <span class='ocrx_word' id='word_1_99' title='bbox 790 1316 1025 1373; x_wconf 81' lang='grc' dir='ltr'>παλαιάν</span> <span class='ocrx_word' id='word_1_100' title='bbox 1073 1317 1429 1390; x_wconf 84' lang='grc' dir='ltr'>άστροθεσίαν</span> <span class='ocrx_word' id='word_1_101' title='bbox 1479 1318 1632 1390; x_wconf 81' lang='lat' dir='ltr'><strong>(l9),</strong></span> <span class='ocrx_word' id='word_1_102' title='bbox 1691 1318 1862 1389; x_wconf 80' lang='grc' dir='ltr'>καινῷ</span> 
     </span>
    </p>
   </div>
   <div class='ocr_carea' id='block_1_16' title="bbox 300 1406 1861 1480">
    <p class='ocr_par' dir='ltr' id='par_1_16' title="bbox 300 1406 1861 1480">
     <span class='ocr_line' id='line_1_16' title="bbox 300 1406 1861 1480; baseline 0.001 -20"><span class='ocrx_word' id='word_1_103' title='bbox 300 1408 463 1477; x_wconf 71' lang='grc' dir='ltr'>φωτὶ,</span> <span class='ocrx_word' id='word_1_104' title='bbox 487 1408 549 1460; x_wconf 81' lang='grc' dir='ltr'><strong>οὐ</strong></span> <span class='ocrx_word' id='word_1_105' title='bbox 586 1406 835 1479; x_wconf 83' lang='grc' dir='ltr'>κοσμικῷ</span> <span class='ocrx_word' id='word_1_106' title='bbox 878 1407 1247 1480; x_wconf 82' lang='grc' dir='ltr'><strong>λαμπόμενος,</strong></span> <span class='ocrx_word' id='word_1_107' title='bbox 1280 1411 1310 1463; x_wconf 88' lang='grc' dir='ltr'><strong>ό</strong></span> <span class='ocrx_word' id='word_1_108' title='bbox 1340 1408 1531 1474; x_wconf 81' lang='grc' dir='ltr'>καινὰς</span> <span class='ocrx_word' id='word_1_109' title='bbox 1571 1410 1724 1473; x_wconf 81' lang='grc' dir='ltr'>ὁδοὺς</span> <span class='ocrx_word' id='word_1_110' title='bbox 1768 1410 1861 1463; x_wconf 72' lang='grc' dir='ltr'><strong>καὶ</strong></span> 
     </span>
    </p>
   </div>
   <div class='ocr_carea' id='block_1_17' title="bbox 302 1497 1861 1571">
    <p class='ocr_par' dir='ltr' id='par_1_17' title="bbox 302 1497 1861 1571">
     <span class='ocr_line' id='line_1_17' title="bbox 302 1497 1861 1571; baseline 0 -19"><span class='ocrx_word' id='word_1_111' title='bbox 302 1499 604 1571; x_wconf 77' lang='grc' dir='ltr'><strong>σωτηρίους</strong></span> <span class='ocrx_word' id='word_1_112' title='bbox 647 1499 983 1571; x_wconf 83' lang='grc' dir='ltr'>τρεπόμενος</span> <span class='ocrx_word' id='word_1_113' title='bbox 1006 1516 1019 1529; x_wconf 92' lang='grc'><strong>·</strong></span> <span class='ocrx_word' id='word_1_114' title='bbox 1055 1499 1219 1563; x_wconf 76' lang='grc' dir='ltr'>αὐτὸς</span> <span class='ocrx_word' id='word_1_115' title='bbox 1254 1500 1283 1552; x_wconf 84' lang='grc' dir='ltr'><strong>ό</strong></span> <span class='ocrx_word' id='word_1_116' title='bbox 1310 1498 1511 1569; x_wconf 83' lang='grc' dir='ltr'>Κύριος</span> <span class='ocrx_word' id='word_1_117' title='bbox 1560 1497 1861 1571; x_wconf 82' lang='grc' dir='ltr'>ἀνθρώπων</span> 
     </span>
    </p>
   </div>
   <div class='ocr_carea' id='block_1_18' title="bbox 298 1588 1861 1662">
    <p class='ocr_par' dir='ltr' id='par_1_18' title="bbox 298 1588 1861 1662">
     <span class='ocr_line' id='line_1_18' title="bbox 298 1588 1861 1662; baseline 0.001 -21"><span class='ocrx_word' id='word_1_118' title='bbox 298 1588 517 1661; x_wconf 82' lang='grc' dir='ltr'>όδηγὸς,</span> <span class='ocrx_word' id='word_1_119' title='bbox 542 1591 572 1644; x_wconf 85' lang='grc' dir='ltr'><strong>ό</strong></span> <span class='ocrx_word' id='word_1_120' title='bbox 595 1588 866 1645; x_wconf 77' lang='grc' dir='ltr'>κατελθὼν</span> <span class='ocrx_word' id='word_1_121' title='bbox 886 1590 966 1654; x_wconf 79' lang='grc' dir='ltr'><strong>είς</strong></span> <span class='ocrx_word' id='word_1_122' title='bbox 990 1591 1117 1658; x_wconf 79' lang='grc' dir='ltr'>γῆν,</span> <span class='ocrx_word' id='word_1_123' title='bbox 1151 1589 1240 1645; x_wconf 82' lang='grc' dir='ltr'>ἴνα</span> <span class='ocrx_word' id='word_1_124' title='bbox 1280 1588 1483 1662; x_wconf 82' lang='grc' dir='ltr'>μεταθῇ</span> <span class='ocrx_word' id='word_1_125' title='bbox 1516 1589 1642 1653; x_wconf 83' lang='grc' dir='ltr'>τοὺς</span> <span class='ocrx_word' id='word_1_126' title='bbox 1672 1592 1750 1653; x_wconf 80' lang='grc' dir='ltr'><strong>είς</strong></span> <span class='ocrx_word' id='word_1_127' title='bbox 1769 1589 1861 1643; x_wconf 82' lang='grc' dir='ltr'>τὸν</span> 
     </span>
    </p>
   </div>
   <div class='ocr_carea' id='block_1_19' title="bbox 298 1680 1860 1753">
    <p class='ocr_par' dir='ltr' id='par_1_19' title="bbox 298 1680 1860 1753">
     <span class='ocr_line' id='line_1_19' title="bbox 298 1680 1860 1753; baseline 0.001 -20"><span class='ocrx_word' id='word_1_128' title='bbox 298 1680 537 1751; x_wconf 75' lang='grc' dir='ltr'>Χριστὸν</span> <span class='ocrx_word' id='word_1_129' title='bbox 566 1680 957 1745; x_wconf 83' lang='grc' dir='ltr'>πιστεύσαντας</span> <span class='ocrx_word' id='word_1_130' title='bbox 990 1681 1098 1734; x_wconf 76' lang='grc' dir='ltr'><strong>ἀπὸ</strong></span> <span class='ocrx_word' id='word_1_131' title='bbox 1130 1681 1233 1752; x_wconf 82' lang='grc' dir='ltr'>τῆς</span> <span class='ocrx_word' id='word_1_132' title='bbox 1260 1680 1601 1753; x_wconf 80' lang='grc' dir='ltr'><strong>εἱμαρμένης</strong></span> <span class='ocrx_word' id='word_1_133' title='bbox 1650 1683 1730 1746; x_wconf 73' lang='grc' dir='ltr'><strong>είς</strong></span> <span class='ocrx_word' id='word_1_134' title='bbox 1762 1681 1860 1752; x_wconf 81' lang='grc' dir='ltr'><strong>τὴν</strong></span> 
     </span>
    </p>
   </div>
   <div class='ocr_carea' id='block_1_20' title="bbox 299 1758 1730 1842">
    <p class='ocr_par' dir='ltr' id='par_1_20' title="bbox 299 1758 1730 1842">
     <span class='ocr_line' id='line_1_20' title="bbox 299 1758 1730 1842; baseline 0.007 -21"><span class='ocrx_word' id='word_1_135' title='bbox 299 1769 512 1823; x_wconf 81' lang='grc' dir='ltr'>ἐκείνου</span> <span class='ocrx_word' id='word_1_136' title='bbox 532 1770 806 1842; x_wconf 84' lang='grc' dir='ltr'>πρόνοιαν.</span> <span class='ocrx_word' id='word_1_137' title='bbox 1714 1758 1730 1772; x_wconf 60' lang='grc'><em>’</em></span> 
     </span>
    </p>
   </div>
   <div class='ocr_carea' id='block_1_21' title="bbox 376 1860 1864 1936">
    <p class='ocr_par' dir='ltr' id='par_1_21' title="bbox 376 1860 1864 1936">
     <span class='ocr_line' id='line_1_21' title="bbox 376 1860 1864 1936; baseline -0.002 -19"><span class='ocrx_word' id='word_1_138' title='bbox 376 1863 496 1917; x_wconf 74' lang='grc' dir='ltr'><strong>υΕσ.</strong></span> <span class='ocrx_word' id='word_1_139' title='bbox 528 1863 652 1918; x_wconf 81' lang='grc' dir='ltr'>Ὀτι</span> <span class='ocrx_word' id='word_1_140' title='bbox 682 1863 742 1917; x_wconf 84' lang='grc' dir='ltr'><strong>δέ</strong></span> <span class='ocrx_word' id='word_1_141' title='bbox 782 1865 922 1929; x_wconf 85' lang='grc' dir='ltr'>ἐστι,</span> <span class='ocrx_word' id='word_1_142' title='bbox 964 1865 1146 1934; x_wconf 76' lang='grc' dir='ltr'>φασὶν,</span> <span class='ocrx_word' id='word_1_143' title='bbox 1185 1863 1513 1936; x_wconf 81' lang='grc' dir='ltr'>εἱμαρμένη,</span> <span class='ocrx_word' id='word_1_144' title='bbox 1546 1865 1657 1927; x_wconf 86' lang='grc' dir='ltr'>τοῖς</span> <span class='ocrx_word' id='word_1_145' title='bbox 1688 1860 1864 1925; x_wconf 77' lang='grc' dir='ltr'>ἄλλοις</span> 
     </span>
    </p>
   </div>
   <div class='ocr_carea' id='block_1_22' title="bbox 300 1952 1867 2025">
    <p class='ocr_par' dir='ltr' id='par_1_22' title="bbox 300 1952 1867 2025">
     <span class='ocr_line' id='line_1_22' title="bbox 300 1952 1867 2025; baseline -0.001 -18"><span class='ocrx_word' id='word_1_146' title='bbox 300 1954 376 2007; x_wconf 79' lang='grc' dir='ltr'>τὰ</span> <span class='ocrx_word' id='word_1_147' title='bbox 398 1952 815 2025; x_wconf 79' lang='grc' dir='ltr'>ἀποτελέσματα</span> <span class='ocrx_word' id='word_1_148' title='bbox 863 1953 1239 2025; x_wconf 87' lang='grc' dir='ltr'>προλεγόμενα</span> <span class='ocrx_word' id='word_1_149' title='bbox 1288 1954 1554 2009; x_wconf 85' lang='grc' dir='ltr'>δείκνυσιν</span> <span class='ocrx_word' id='word_1_150' title='bbox 1579 1970 1591 1982; x_wconf 75' lang='grc' dir='ltr'><strong>ο</strong></span> <span class='ocrx_word' id='word_1_151' title='bbox 1631 1952 1867 2024; x_wconf 67' lang='grc' dir='ltr'>ἐναργὴς</span> 
     </span>
    </p>
   </div>
   <div class='ocr_carea' id='block_1_23' title="bbox 302 2044 1868 2120">
    <p class='ocr_par' dir='ltr' id='par_1_23' title="bbox 302 2044 1868 2120">
     <span class='ocr_line' id='line_1_23' title="bbox 302 2044 1868 2120; baseline -0.001 -18"><span class='ocrx_word' id='word_1_152' title='bbox 302 2048 367 2102; x_wconf 74' lang='grc' dir='ltr'>δὲ</span> <span class='ocrx_word' id='word_1_153' title='bbox 394 2047 668 2116; x_wconf 78' lang='grc' dir='ltr'>ἀπόδειξις</span> <span class='ocrx_word' id='word_1_154' title='bbox 708 2049 802 2104; x_wconf 75' lang='grc' dir='ltr'><strong>καὶ</strong></span> <span class='ocrx_word' id='word_1_155' title='bbox 827 2051 860 2118; x_wconf 74' lang='grc' dir='ltr'><strong>ἡ</strong></span> <span class='ocrx_word' id='word_1_156' title='bbox 890 2048 997 2103; x_wconf 85' lang='grc' dir='ltr'><strong>τῶν</strong></span> <span class='ocrx_word' id='word_1_157' title='bbox 1034 2046 1371 2119; x_wconf 83' lang='grc' dir='ltr'>μαθημάτων</span> <span class='ocrx_word' id='word_1_158' title='bbox 1413 2044 1631 2120; x_wconf 87' lang='grc' dir='ltr'>θεωρία.</span> <span class='ocrx_word' id='word_1_159' title='bbox 1662 2046 1868 2101; x_wconf 69' lang='grc' dir='ltr'>Αὐτίκα</span> 
     </span>
    </p>
   </div>
   <div class='ocr_carea' id='block_1_24' title="bbox 305 2137 1865 2213">
    <p class='ocr_par' dir='ltr' id='par_1_24' title="bbox 305 2137 1865 2213">
     <span class='ocr_line' id='line_1_24' title="bbox 305 2137 1865 2213; baseline -0.001 -19"><span class='ocrx_word' id='word_1_160' title='bbox 305 2142 358 2194; x_wconf 74' lang='lat' dir='ltr'><strong>oi</strong></span> <span class='ocrx_word' id='word_1_161' title='bbox 389 2140 554 2213; x_wconf 81' lang='grc' dir='ltr'>μάγοι</span> <span class='ocrx_word' id='word_1_162' title='bbox 582 2142 663 2196; x_wconf 79' lang='grc' dir='ltr'>οὐ.</span> <span class='ocrx_word' id='word_1_163' title='bbox 691 2141 851 2213; x_wconf 88' lang='grc' dir='ltr'>μόνον</span> <span class='ocrx_word' id='word_1_164' title='bbox 880 2138 1044 2196; x_wconf 65' lang='lat' dir='ltr'><strong>elder</strong></span> <span class='ocrx_word' id='word_1_165' title='bbox 1078 2141 1188 2196; x_wconf 81' lang='grc' dir='ltr'><strong>τὸν</strong></span> <span class='ocrx_word' id='word_1_166' title='bbox 1221 2138 1445 2208; x_wconf 79' lang='grc' dir='ltr'>ἀστέρα</span> <span class='ocrx_word' id='word_1_167' title='bbox 1484 2137 1591 2193; x_wconf 85' lang='grc' dir='ltr'>τοῦ</span> <span class='ocrx_word' id='word_1_168' title='bbox 1626 2138 1865 2207; x_wconf 81' lang='grc' dir='ltr'>Κυρίου,</span> 
     </span>
    </p>
   </div>
   <div class='ocr_carea' id='block_1_25' title="bbox 305 2229 1865 2306">
    <p class='ocr_par' dir='ltr' id='par_1_25' title="bbox 305 2229 1865 2306">
     <span class='ocr_line' id='line_1_25' title="bbox 305 2229 1865 2306; baseline 0 -20"><span class='ocrx_word' id='word_1_169' title='bbox 305 2229 558 2286; x_wconf 76' lang='grc' dir='ltr'>ἀλλὰκαὶ</span> <span class='ocrx_word' id='word_1_170' title='bbox 589 2231 650 2286; x_wconf 82' lang='grc' dir='ltr'><strong>τὸ</strong></span> <span class='ocrx_word' id='word_1_171' title='bbox 679 2233 876 2303; x_wconf 79' lang='grc' dir='ltr'>ἀληθὲς</span> <span class='ocrx_word' id='word_1_172' title='bbox 916 2234 1179 2302; x_wconf 73' lang='grc' dir='ltr'>ἔγνωσαν,</span> <span class='ocrx_word' id='word_1_173' title='bbox 1223 2234 1306 2287; x_wconf 83' lang='grc' dir='ltr'><strong>ὅτι</strong></span> <span class='ocrx_word' id='word_1_174' title='bbox 1363 2231 1613 2306; x_wconf 80' lang='grc' dir='ltr'>βασιλεὺς</span> <span class='ocrx_word' id='word_1_175' title='bbox 1654 2230 1865 2303; x_wconf 87' lang='grc' dir='ltr'>ἐτέχθη,</span> 
     </span>
    </p>
   </div>
   <div class='ocr_carea' id='block_1_26' title="bbox 305 2320 1869 2398">
    <p class='ocr_par' dir='ltr' id='par_1_26' title="bbox 305 2320 1869 2398">
     <span class='ocr_line' id='line_1_26' title="bbox 305 2320 1869 2398; baseline -0.001 -18"><span class='ocrx_word' id='word_1_176' title='bbox 305 2327 407 2380; x_wconf 75' lang='grc' dir='ltr'><strong>καὶ</strong></span> <span class='ocrx_word' id='word_1_177' title='bbox 436 2320 512 2382; x_wconf 81' lang='grc' dir='ltr'>ὧν</span> <span class='ocrx_word' id='word_1_178' title='bbox 546 2326 914 2398; x_wconf 83' lang='grc' dir='ltr'>βασιλεὺς,ὃτι</span> <span class='ocrx_word' id='word_1_179' title='bbox 953 2327 1218 2382; x_wconf 84' lang='grc' dir='ltr'>θεοσεϐὦν</span> <span class='ocrx_word' id='word_1_180' title='bbox 1266 2326 1399 2398; x_wconf 78' lang='lat'><strong>(‘20).</strong></span> <span class='ocrx_word' id='word_1_181' title='bbox 1448 2326 1583 2379; x_wconf 85' lang='grc' dir='ltr'>Τότε</span> <span class='ocrx_word' id='word_1_182' title='bbox 1629 2324 1869 2379; x_wconf 82' lang='grc' dir='ltr'>Ἰουδαῖοι</span> 
     </span>
    </p>
   </div>
   <div class='ocr_carea' id='block_1_27' title="bbox 312 2399 1902 2515">
    <p class='ocr_par' dir='ltr' id='par_1_27' title="bbox 312 2399 1902 2515">
     <span class='ocr_line' id='line_1_27' title="bbox 312 2399 1902 2515; baseline -0.001 -42"><span class='ocrx_word' id='word_1_183' title='bbox 312 2419 466 2490; x_wconf 88' lang='grc' dir='ltr'>μόνοι</span> <span class='ocrx_word' id='word_1_184' title='bbox 495 2420 767 2492; x_wconf 88' lang='grc' dir='ltr'>διαϐόητοι</span> <span class='ocrx_word' id='word_1_185' title='bbox 795 2416 935 2492; x_wconf 81' lang='grc' dir='ltr'>ἦσαν</span> <span class='ocrx_word' id='word_1_186' title='bbox 965 2422 1058 2475; x_wconf 78' lang='grc' dir='ltr'>ἐπὶ</span> <span class='ocrx_word' id='word_1_187' title='bbox 1093 2420 1369 2493; x_wconf 80' lang='grc' dir='ltr'>θεοσεϐείᾳ</span> <span class='ocrx_word' id='word_1_188' title='bbox 1393 2436 1407 2451; x_wconf 78' lang='grc' dir='ltr'><strong>ο</strong></span> <span class='ocrx_word' id='word_1_189' title='bbox 1448 2418 1535 2473; x_wconf 80' lang='grc' dir='ltr'>διὰ</span> <span class='ocrx_word' id='word_1_190' title='bbox 1567 2418 1723 2472; x_wconf 79' lang='grc' dir='ltr'>τοῦτο</span> <span class='ocrx_word' id='word_1_191' title='bbox 1762 2399 1902 2515; x_wconf 40' lang='lat' dir='ltr'><strong>tripl</strong></span> 
     </span>
    </p>
   </div>
   <div class='ocr_carea' id='block_1_28' title="bbox 308 2505 1872 2586">
    <p class='ocr_par' dir='ltr' id='par_1_28' title="bbox 308 2505 1872 2586">
     <span class='ocr_line' id='line_1_28' title="bbox 308 2505 1872 2586; baseline -0.002 -20"><span class='ocrx_word' id='word_1_192' title='bbox 308 2513 409 2568; x_wconf 76' lang='grc' dir='ltr'><strong>καὶ</strong></span> <span class='ocrx_word' id='word_1_193' title='bbox 432 2514 462 2567; x_wconf 87' lang='grc' dir='ltr'><strong>ό</strong></span> <span class='ocrx_word' id='word_1_194' title='bbox 488 2511 678 2586; x_wconf 73' lang='grc' dir='ltr'>Σωτὴρ</span> <span class='ocrx_word' id='word_1_195' title='bbox 703 2513 837 2585; x_wconf 81' lang='grc' dir='ltr'>πρὸς</span> <span class='ocrx_word' id='word_1_196' title='bbox 860 2512 1127 2578; x_wconf 82' lang='grc' dir='ltr'>θεοσεϐεῖς</span> <span class='ocrx_word' id='word_1_197' title='bbox 1157 2512 1381 2578; x_wconf 83' lang='grc' dir='ltr'>κατιὼν,</span> <span class='ocrx_word' id='word_1_198' title='bbox 1412 2512 1504 2567; x_wconf 75' lang='grc' dir='ltr'>ἐπὶ</span> <span class='ocrx_word' id='word_1_199' title='bbox 1525 2511 1745 2575; x_wconf 76' lang='grc' dir='ltr'>τούτους</span> <span class='ocrx_word' id='word_1_200' title='bbox 1776 2505 1872 2581; x_wconf 77' lang='grc' dir='ltr'><strong>ἦλ-</strong></span> 
     </span>
    </p>
   </div>
   <div class='ocr_carea' id='block_1_29' title="bbox 311 2596 1873 2680">
    <p class='ocr_par' dir='ltr' id='par_1_29' title="bbox 311 2596 1873 2680">
     <span class='ocr_line' id='line_1_29' title="bbox 311 2596 1873 2680; baseline -0.002 -17"><span class='ocrx_word' id='word_1_201' title='bbox 311 2608 378 2663; x_wconf 85' lang='grc' dir='ltr'><strong>θε</strong></span> <span class='ocrx_word' id='word_1_202' title='bbox 399 2606 648 2680; x_wconf 85' lang='grc' dir='ltr'>πρώτους</span> <span class='ocrx_word' id='word_1_203' title='bbox 681 2609 807 2673; x_wconf 84' lang='grc' dir='ltr'>τοὺς</span> <span class='ocrx_word' id='word_1_204' title='bbox 834 2608 955 2662; x_wconf 79' lang='grc' dir='ltr'>τότε</span> <span class='ocrx_word' id='word_1_205' title='bbox 985 2608 1078 2662; x_wconf 77' lang='grc' dir='ltr'><strong>ἐπὶ</strong></span> <span class='ocrx_word' id='word_1_206' title='bbox 1114 2607 1393 2679; x_wconf 78' lang='grc' dir='ltr'>θεοσεϐείᾳ</span> <span class='ocrx_word' id='word_1_207' title='bbox 1430 2606 1586 2672; x_wconf 79' lang='grc' dir='ltr'>δόξαν</span> <span class='ocrx_word' id='word_1_208' title='bbox 1611 2596 1873 2678; x_wconf 74' lang='grc' dir='ltr'>ἀποφερο-</span> 
     </span>
    </p>
   </div>
   <div class='ocr_carea' id='block_1_30' title="bbox 316 2700 533 2773">
    <p class='ocr_par' dir='ltr' id='par_1_30' title="bbox 316 2700 533 2773">
     <span class='ocr_line' id='line_1_30' title="bbox 316 2700 533 2773; baseline -0.032 0"><span class='ocrx_word' id='word_1_209' title='bbox 316 2700 533 2773; x_wconf 74' lang='grc' dir='ltr'>μένους-</span> 
     </span>
    </p>
   </div>
   <div class='ocr_carea' id='block_1_31' title="bbox 388 2875 1876 2953">
    <p class='ocr_par' dir='ltr' id='par_1_31' title="bbox 388 2875 1876 2953">
     <span class='ocr_line' id='line_1_31' title="bbox 388 2875 1876 2953; baseline 0 -18"><span class='ocrx_word' id='word_1_210' title='bbox 388 2883 526 2950; x_wconf 71' lang='grc' dir='ltr'><strong>(ις’.</strong></span> <span class='ocrx_word' id='word_1_211' title='bbox 569 2881 658 2945; x_wconf 84' lang='grc' dir='ltr'>Ὠς</span> <span class='ocrx_word' id='word_1_212' title='bbox 694 2875 787 2935; x_wconf 81' lang='grc' dir='ltr'>οὖν</span> <span class='ocrx_word' id='word_1_213' title='bbox 825 2882 860 2952; x_wconf 81' lang='grc' dir='ltr'><strong>ὴ</strong></span> <span class='ocrx_word' id='word_1_214' title='bbox 891 2880 1141 2952; x_wconf 89' lang='grc' dir='ltr'>γέννησις</span> <span class='ocrx_word' id='word_1_215' title='bbox 1177 2879 1271 2934; x_wconf 83' lang='grc' dir='ltr'>τοῦ</span> <span class='ocrx_word' id='word_1_216' title='bbox 1312 2879 1559 2953; x_wconf 80' lang='grc' dir='ltr'>Σωτῆρος</span> <span class='ocrx_word' id='word_1_217' title='bbox 1613 2880 1876 2951; x_wconf 80' lang='grc' dir='ltr'>γενέσεως</span> 
     </span>
    </p>
   </div>
   <div class='ocr_carea' id='block_1_32' title="bbox 319 2971 1880 3045">
    <p class='ocr_par' dir='ltr' id='par_1_32' title="bbox 319 2971 1880 3045">
     <span class='ocr_line' id='line_1_32' title="bbox 319 2971 1880 3045; baseline -0.001 -17"><span class='ocrx_word' id='word_1_218' title='bbox 319 2975 470 3045; x_wconf 67' lang='grc' dir='ltr'>ἡμᾶς</span> <span class='ocrx_word' id='word_1_219' title='bbox 507 2974 598 3028; x_wconf 79' lang='grc' dir='ltr'><strong>καὶ</strong></span> <span class='ocrx_word' id='word_1_220' title='bbox 628 2974 968 3045; x_wconf 73' lang='grc' dir='ltr'>εἱμαρμένης</span> <span class='ocrx_word' id='word_1_221' title='bbox 999 2972 1268 3038; x_wconf 78' lang='grc' dir='ltr'>ἐξέϐαλεν,</span> <span class='ocrx_word' id='word_1_222' title='bbox 1296 2971 1438 3027; x_wconf 75' lang='grc' dir='ltr'>οὕτω</span> <span class='ocrx_word' id='word_1_223' title='bbox 1469 2972 1561 3027; x_wconf 72' lang='grc' dir='ltr'>καὶ</span> <span class='ocrx_word' id='word_1_224' title='bbox 1591 2972 1652 3027; x_wconf 81' lang='grc' dir='ltr'>τὸ</span> <span class='ocrx_word' id='word_1_225' title='bbox 1690 2972 1880 3044; x_wconf 82' lang='grc' dir='ltr'>βάπτι-</span> 
     </span>
    </p>
   </div>
   <div class='ocr_carea' id='block_1_33' title="bbox 1957 482 3516 561">
    <p class='ocr_par' dir='ltr' id='par_1_33' title="bbox 1957 482 3516 561">
     <span class='ocr_line' id='line_1_33' title="bbox 1957 482 3516 561; baseline -0.003 -18"><span class='ocrx_word' id='word_1_226' title='bbox 1957 498 2203 559; x_wconf 87' lang='lat' dir='ltr'><strong>prompte</strong></span> <span class='ocrx_word' id='word_1_227' title='bbox 2254 496 2309 544; x_wconf 90' lang='lat' dir='ltr'><strong>et</strong></span> <span class='ocrx_word' id='word_1_228' title='bbox 2347 489 2555 547; x_wconf 87' lang='lat' dir='ltr'><strong>animo,</strong></span> <span class='ocrx_word' id='word_1_229' title='bbox 2587 490 2755 545; x_wconf 88' lang='lat' dir='ltr'><strong>alacri</strong></span> <span class='ocrx_word' id='word_1_230' title='bbox 2800 506 2899 561; x_wconf 89' lang='lat' dir='ltr'><strong>pro</strong></span> <span class='ocrx_word' id='word_1_231' title='bbox 2940 482 3133 545; x_wconf 82' lang='lat' dir='ltr'><strong>ovibus</strong></span> <span class='ocrx_word' id='word_1_232' title='bbox 3176 489 3291 543; x_wconf 86' lang='lat' dir='ltr'><strong>suis</strong></span> <span class='ocrx_word' id='word_1_233' title='bbox 3347 486 3516 540; x_wconf 86' lang='lat' dir='ltr'><strong>vitam</strong></span> 
     </span>
    </p>
   </div>
   <div class='ocr_carea' id='block_1_34' title="bbox 1957 581 3520 655">
    <p class='ocr_par' dir='ltr' id='par_1_34' title="bbox 1957 581 3520 655">
     <span class='ocr_line' id='line_1_34' title="bbox 1957 581 3520 655; baseline -0.004 -16"><span class='ocrx_word' id='word_1_234' title='bbox 1957 597 2112 639; x_wconf 87' lang='lat' dir='ltr'><strong>suam</strong></span> <span class='ocrx_word' id='word_1_235' title='bbox 2139 583 2378 655; x_wconf 75' lang='lat' dir='ltr'><strong>deponit.</strong></span> <span class='ocrx_word' id='word_1_236' title='bbox 2404 583 2633 655; x_wconf 90' lang='lat' dir='ltr'><strong>Insuper</strong></span> <span class='ocrx_word' id='word_1_237' title='bbox 2662 592 2717 639; x_wconf 88' lang='lat' dir='ltr'><strong>et</strong></span> <span class='ocrx_word' id='word_1_238' title='bbox 2747 585 2911 640; x_wconf 90' lang='lat' dir='ltr'><strong>homo</strong></span> <span class='ocrx_word' id='word_1_239' title='bbox 2932 583 3091 655; x_wconf 87' lang='lat' dir='ltr'><strong>cujus</strong></span> <span class='ocrx_word' id='word_1_240' title='bbox 3119 581 3293 652; x_wconf 87' lang='lat' dir='ltr'><strong>gratia</strong></span> <span class='ocrx_word' id='word_1_241' title='bbox 3311 588 3395 637; x_wconf 89' lang='lat' dir='ltr'><strong>est</strong></span> <span class='ocrx_word' id='word_1_242' title='bbox 3419 597 3520 651; x_wconf 87' lang='lat' dir='ltr'><strong>pu~</strong></span> 
     </span>
    </p>
   </div>
   <div class='ocr_carea' id='block_1_35' title="bbox 1957 671 3520 744">
    <p class='ocr_par' dir='ltr' id='par_1_35' title="bbox 1957 671 3520 744">
     <span class='ocr_line' id='line_1_35' title="bbox 1957 671 3520 744; baseline 0 -18"><span class='ocrx_word' id='word_1_243' title='bbox 1957 688 2085 744; x_wconf 85' lang='lat' dir='ltr'><strong>gna,</strong></span> <span class='ocrx_word' id='word_1_244' title='bbox 2116 674 2317 727; x_wconf 84' lang='lat' dir='ltr'><strong>animal</strong></span> <span class='ocrx_word' id='word_1_245' title='bbox 2347 682 2433 730; x_wconf 92' lang='lat' dir='ltr'><strong>est</strong></span> <span class='ocrx_word' id='word_1_246' title='bbox 2462 674 2817 739; x_wconf 88' lang='lat' dir='ltr'><strong>imbecillum,</strong></span> <span class='ocrx_word' id='word_1_247' title='bbox 2871 682 2926 730; x_wconf 86' lang='lat' dir='ltr'><strong>et</strong></span> <span class='ocrx_word' id='word_1_248' title='bbox 2959 672 3107 744; x_wconf 87' lang='lat' dir='ltr'><strong>quod</strong></span> <span class='ocrx_word' id='word_1_249' title='bbox 3137 671 3297 727; x_wconf 83' lang='lat' dir='ltr'><strong>facile</strong></span> <span class='ocrx_word' id='word_1_250' title='bbox 3326 671 3382 726; x_wconf 90' lang='lat' dir='ltr'><strong>in</strong></span> <span class='ocrx_word' id='word_1_251' title='bbox 3426 687 3520 741; x_wconf 84' lang='lat' dir='ltr'><strong>pe-</strong></span> 
     </span>
    </p>
   </div>
   <div class='ocr_carea' id='block_1_36' title="bbox 1952 762 3517 836">
    <p class='ocr_par' dir='ltr' id='par_1_36' title="bbox 1952 762 3517 836">
     <span class='ocr_line' id='line_1_36' title="bbox 1952 762 3517 836; baseline -0.001 -15"><span class='ocrx_word' id='word_1_252' title='bbox 1952 767 2047 836; x_wconf 86' lang='lat' dir='ltr'><strong>jus</strong></span> <span class='ocrx_word' id='word_1_253' title='bbox 2064 772 2321 832; x_wconf 75' lang='lat' dir='ltr'><strong>mutetur,</strong></span> <span class='ocrx_word' id='word_1_254' title='bbox 2351 780 2415 821; x_wconf 85' lang='lat' dir='ltr'><strong>ac</strong></span> <span class='ocrx_word' id='word_1_255' title='bbox 2444 765 2555 821; x_wconf 89' lang='lat' dir='ltr'><strong>illis</strong></span> <span class='ocrx_word' id='word_1_256' title='bbox 2579 767 2672 836; x_wconf 91' lang='lat' dir='ltr'><strong>qui</strong></span> <span class='ocrx_word' id='word_1_257' title='bbox 2703 765 2829 820; x_wconf 92' lang='lat' dir='ltr'><strong>odio</strong></span> <span class='ocrx_word' id='word_1_258' title='bbox 2858 765 3058 821; x_wconf 85' lang='lat' dir='ltr'><strong>habent</strong></span> <span class='ocrx_word' id='word_1_259' title='bbox 3090 764 3353 819; x_wconf 79' lang='lat' dir='ltr'><strong>auxilium</strong></span> <span class='ocrx_word' id='word_1_260' title='bbox 3380 762 3517 831; x_wconf 83' lang='lat' dir='ltr'><strong>fert;</strong></span> 
     </span>
    </p>
   </div>
   <div class='ocr_carea' id='block_1_37' title="bbox 1957 856 3521 929">
    <p class='ocr_par' dir='ltr' id='par_1_37' title="bbox 1957 856 3521 929">
     <span class='ocr_line' id='line_1_37' title="bbox 1957 856 3521 929; baseline -0.001 -15"><span class='ocrx_word' id='word_1_261' title='bbox 1957 858 2085 914; x_wconf 78' lang='lat' dir='ltr'><strong>hinc</strong></span> <span class='ocrx_word' id='word_1_262' title='bbox 2109 864 2194 915; x_wconf 91' lang='lat' dir='ltr'><strong>est</strong></span> <span class='ocrx_word' id='word_1_263' title='bbox 2224 857 2370 928; x_wconf 86' lang='lat' dir='ltr'><strong>quod</strong></span> <span class='ocrx_word' id='word_1_264' title='bbox 2407 857 2566 929; x_wconf 89' lang='lat' dir='ltr'><strong>plura</strong></span> <span class='ocrx_word' id='word_1_265' title='bbox 2595 858 2676 911; x_wconf 86' lang='lat' dir='ltr'><strong>illi</strong></span> <span class='ocrx_word' id='word_1_266' title='bbox 2708 858 2850 911; x_wconf 89' lang='lat' dir='ltr'><strong>mala</strong></span> <span class='ocrx_word' id='word_1_267' title='bbox 2891 858 3200 929; x_wconf 85' lang='lat' dir='ltr'><strong>obtingunt.</strong></span> <span class='ocrx_word' id='word_1_268' title='bbox 3250 856 3404 913; x_wconf 82' lang='lat' dir='ltr'><strong>Hanc</strong></span> <span class='ocrx_word' id='word_1_269' title='bbox 3450 859 3521 913; x_wconf 90' lang='lat' dir='ltr'><strong>ob</strong></span> 
     </span>
    </p>
   </div>
   <div class='ocr_carea' id='block_1_38' title="bbox 1959 948 3521 1019">
    <p class='ocr_par' dir='ltr' id='par_1_38' title="bbox 1959 948 3521 1019">
     <span class='ocr_line' id='line_1_38' title="bbox 1959 948 3521 1019; baseline -0.001 -14"><span class='ocrx_word' id='word_1_270' title='bbox 1959 964 2181 1007; x_wconf 86' lang='lat' dir='ltr'><strong>causam</strong></span> <span class='ocrx_word' id='word_1_271' title='bbox 2220 949 2504 1005; x_wconf 88' lang='lat' dir='ltr'><strong>descendit</strong></span> <span class='ocrx_word' id='word_1_272' title='bbox 2537 948 2819 1015; x_wconf 84' lang='lat' dir='ltr'><strong>Dominus,</strong></span> <span class='ocrx_word' id='word_1_273' title='bbox 2862 961 2919 1004; x_wconf 91' lang='lat' dir='ltr'><strong>ut</strong></span> <span class='ocrx_word' id='word_1_274' title='bbox 2951 950 3043 1004; x_wconf 86' lang='lat' dir='ltr'><strong>ille</strong></span> <span class='ocrx_word' id='word_1_275' title='bbox 3080 950 3171 1019; x_wconf 88' lang='lat' dir='ltr'><strong>qui</strong></span> <span class='ocrx_word' id='word_1_276' title='bbox 3200 965 3232 1003; x_wconf 90' lang='lat' dir='ltr'><strong>e</strong></span> <span class='ocrx_word' id='word_1_277' title='bbox 3259 948 3416 1004; x_wconf 66' lang='lat' dir='ltr'><strong>caelis</strong></span> <span class='ocrx_word' id='word_1_278' title='bbox 3464 957 3521 1004; x_wconf 86' lang='lat' dir='ltr'><strong>et</strong></span> 
     </span>
    </p>
   </div>
   <div class='ocr_carea' id='block_1_39' title="bbox 1959 1041 3521 1114">
    <p class='ocr_par' dir='ltr' id='par_1_39' title="bbox 1959 1041 3521 1114">
     <span class='ocr_line' id='line_1_39' title="bbox 1959 1041 3521 1114; baseline 0 -17"><span class='ocrx_word' id='word_1_279' title='bbox 1959 1059 2069 1099; x_wconf 85' lang='lat' dir='ltr'><strong>non</strong></span> <span class='ocrx_word' id='word_1_280' title='bbox 2103 1042 2197 1114; x_wconf 87' lang='lat' dir='ltr'><strong>qui</strong></span> <span class='ocrx_word' id='word_1_281' title='bbox 2225 1049 2422 1098; x_wconf 88' lang='lat' dir='ltr'><strong>eterra</strong></span> <span class='ocrx_word' id='word_1_282' title='bbox 2460 1058 2647 1113; x_wconf 87' lang='lat' dir='ltr'><strong>pacem</strong></span> <span class='ocrx_word' id='word_1_283' title='bbox 2682 1043 2967 1114; x_wconf 63' lang='lat' dir='ltr'><strong>praeberet,</strong></span> <span class='ocrx_word' id='word_1_284' title='bbox 3002 1043 3082 1097; x_wconf 90' lang='lat' dir='ltr'><strong>uti</strong></span> <span class='ocrx_word' id='word_1_285' title='bbox 3111 1042 3244 1096; x_wconf 89' lang='lat' dir='ltr'><strong>dicit</strong></span> <span class='ocrx_word' id='word_1_286' title='bbox 3288 1041 3521 1112; x_wconf 83' lang='lat' dir='ltr'><strong>Aposto-</strong></span> 
     </span>
    </p>
   </div>
   <div class='ocr_carea' id='block_1_40' title="bbox 1958 1133 3182 1206">
    <p class='ocr_par' dir='ltr' id='par_1_40' title="bbox 1958 1133 3182 1206">
     <span class='ocr_line' id='line_1_40' title="bbox 1958 1133 3182 1206; baseline -0.002 -17"><span class='ocrx_word' id='word_1_287' title='bbox 1958 1136 2043 1190; x_wconf 87' lang='lat' dir='ltr'><strong>lus</strong></span> <span class='ocrx_word' id='word_1_288' title='bbox 2073 1155 2086 1191; x_wconf 90' lang='lat'><strong>:</strong></span> <span class='ocrx_word' id='word_1_289' title='bbox 2118 1133 2237 1189; x_wconf 72' lang='lat' dir='ltr'><strong>Pax</strong></span> <span class='ocrx_word' id='word_1_290' title='bbox 2264 1135 2317 1188; x_wconf 87' lang='lat' dir='ltr'><strong>in</strong></span> <span class='ocrx_word' id='word_1_291' title='bbox 2346 1145 2507 1201; x_wconf 89' lang='lat' dir='ltr'><strong>terra,</strong></span> <span class='ocrx_word' id='word_1_292' title='bbox 2533 1144 2582 1189; x_wconf 90' lang='lat' dir='ltr'><strong>et</strong></span> <span class='ocrx_word' id='word_1_293' title='bbox 2603 1134 2773 1206; x_wconf 80' lang='lat' dir='ltr'><strong>gloria</strong></span> <span class='ocrx_word' id='word_1_294' title='bbox 2806 1137 2861 1189; x_wconf 86' lang='lat' dir='ltr'><strong>in</strong></span> <span class='ocrx_word' id='word_1_295' title='bbox 2887 1134 3104 1189; x_wconf 73' lang='lat' dir='ltr'><strong>excelsis</strong></span> <span class='ocrx_word' id='word_1_296' title='bbox 3136 1134 3182 1187; x_wconf 75' lang='grc' dir='ltr'><strong>δ.</strong></span> 
     </span>
    </p>
   </div>
   <div class='ocr_carea' id='block_1_41' title="bbox 2028 1213 3518 1299">
    <p class='ocr_par' dir='ltr' id='par_1_41' title="bbox 2028 1213 3518 1299">
     <span class='ocr_line' id='line_1_41' title="bbox 2028 1213 3518 1299; baseline -0.001 -16"><span class='ocrx_word' id='word_1_297' title='bbox 2028 1213 2257 1283; x_wconf 76' lang='lat' dir='ltr'><strong>LXXIV.</strong></span> <span class='ocrx_word' id='word_1_298' title='bbox 2308 1226 2492 1299; x_wconf 89' lang='lat' dir='ltr'><strong>Itaque</strong></span> <span class='ocrx_word' id='word_1_299' title='bbox 2529 1229 2685 1285; x_wconf 83' lang='lat' dir='ltr'><strong>stella</strong></span> <span class='ocrx_word' id='word_1_300' title='bbox 2716 1245 2857 1285; x_wconf 87' lang='lat' dir='ltr'><strong>nova</strong></span> <span class='ocrx_word' id='word_1_301' title='bbox 2904 1244 2968 1284; x_wconf 88' lang='lat' dir='ltr'><strong>ac</strong></span> <span class='ocrx_word' id='word_1_302' title='bbox 3008 1228 3229 1283; x_wconf 89' lang='lat' dir='ltr'><strong>insolita</strong></span> <span class='ocrx_word' id='word_1_303' title='bbox 3258 1234 3379 1285; x_wconf 86' lang='lat' dir='ltr'><strong>orta</strong></span> <span class='ocrx_word' id='word_1_304' title='bbox 3413 1234 3518 1294; x_wconf 89' lang='lat' dir='ltr'><strong>est,</strong></span> 
     </span>
    </p>
   </div>
   <div class='ocr_carea' id='block_1_42' title="bbox 1959 1320 3518 1392">
    <p class='ocr_par' dir='ltr' id='par_1_42' title="bbox 1959 1320 3518 1392">
     <span class='ocr_line' id='line_1_42' title="bbox 1959 1320 3518 1392; baseline 0.001 -17"><span class='ocrx_word' id='word_1_305' title='bbox 1959 1336 2098 1377; x_wconf 86' lang='lat' dir='ltr'><strong>nova</strong></span> <span class='ocrx_word' id='word_1_306' title='bbox 2132 1322 2253 1375; x_wconf 91' lang='lat' dir='ltr'><strong>luce</strong></span> <span class='ocrx_word' id='word_1_307' title='bbox 2292 1328 2529 1377; x_wconf 80' lang='lat' dir='ltr'><strong>veterem</strong></span> <span class='ocrx_word' id='word_1_308' title='bbox 2583 1321 2861 1376; x_wconf 86' lang='lat' dir='ltr'><strong>stellarum</strong></span> <span class='ocrx_word' id='word_1_309' title='bbox 2902 1320 3224 1392; x_wconf 85' lang='lat' dir='ltr'><strong>positionem</strong></span> <span class='ocrx_word' id='word_1_310' title='bbox 3280 1320 3518 1384; x_wconf 77' lang='lat' dir='ltr'><strong>solvens,</strong></span> 
     </span>
    </p>
   </div>
   <div class='ocr_carea' id='block_1_43' title="bbox 1960 1411 3522 1484">
    <p class='ocr_par' dir='ltr' id='par_1_43' title="bbox 1960 1411 3522 1484">
     <span class='ocr_line' id='line_1_43' title="bbox 1960 1411 3522 1484; baseline -0.002 -15"><span class='ocrx_word' id='word_1_311' title='bbox 1960 1430 2069 1470; x_wconf 91' lang='lat' dir='ltr'><strong>non</strong></span> <span class='ocrx_word' id='word_1_312' title='bbox 2110 1414 2229 1469; x_wconf 90' lang='lat' dir='ltr'><strong>luce</strong></span> <span class='ocrx_word' id='word_1_313' title='bbox 2249 1428 2371 1484; x_wconf 70' lang='lat' dir='ltr'><strong>quae</strong></span> <span class='ocrx_word' id='word_1_314' title='bbox 2399 1413 2586 1468; x_wconf 88' lang='lat' dir='ltr'><strong>mundi</strong></span> <span class='ocrx_word' id='word_1_315' title='bbox 2612 1413 2773 1468; x_wconf 80' lang='lat' dir='ltr'><strong>fuerit</strong></span> <span class='ocrx_word' id='word_1_316' title='bbox 2794 1413 3004 1477; x_wconf 90' lang='lat' dir='ltr'><strong>lucens,</strong></span> <span class='ocrx_word' id='word_1_317' title='bbox 3036 1411 3131 1468; x_wconf 90' lang='lat' dir='ltr'><strong>sed</strong></span> <span class='ocrx_word' id='word_1_318' title='bbox 3147 1426 3267 1482; x_wconf 80' lang='lat' dir='ltr'><strong>quae</strong></span> <span class='ocrx_word' id='word_1_319' title='bbox 3287 1411 3401 1467; x_wconf 84' lang='lat' dir='ltr'><strong>vias</strong></span> <span class='ocrx_word' id='word_1_320' title='bbox 3423 1427 3522 1466; x_wconf 93' lang='lat' dir='ltr'><strong>no-</strong></span> 
     </span>
    </p>
   </div>
   <div class='ocr_carea' id='block_1_44' title="bbox 1958 1502 3520 1576">
    <p class='ocr_par' dir='ltr' id='par_1_44' title="bbox 1958 1502 3520 1576">
     <span class='ocr_line' id='line_1_44' title="bbox 1958 1502 3520 1576; baseline -0.001 -16"><span class='ocrx_word' id='word_1_321' title='bbox 1958 1521 2056 1561; x_wconf 84' lang='lat' dir='ltr'><strong>vas</strong></span> <span class='ocrx_word' id='word_1_322' title='bbox 2083 1513 2139 1560; x_wconf 90' lang='lat' dir='ltr'><strong>et</strong></span> <span class='ocrx_word' id='word_1_323' title='bbox 2166 1521 2287 1576; x_wconf 68' lang='lat' dir='ltr'><strong>qua:</strong></span> <span class='ocrx_word' id='word_1_324' title='bbox 2307 1505 2471 1561; x_wconf 89' lang='lat' dir='ltr'><strong>saluti</strong></span> <span class='ocrx_word' id='word_1_325' title='bbox 2503 1505 2837 1569; x_wconf 84' lang='lat' dir='ltr'><strong>conducunt,</strong></span> <span class='ocrx_word' id='word_1_326' title='bbox 2878 1504 3148 1560; x_wconf 84' lang='lat' dir='ltr'><strong>ostendat.</strong></span> <span class='ocrx_word' id='word_1_327' title='bbox 3175 1502 3382 1574; x_wconf 83' lang='lat' dir='ltr'><strong>Nempe</strong></span> <span class='ocrx_word' id='word_1_328' title='bbox 3411 1502 3520 1558; x_wconf 92' lang='lat' dir='ltr'><strong>Do-</strong></span> 
     </span>
    </p>
   </div>
   <div class='ocr_carea' id='block_1_45' title="bbox 1960 1593 3522 1665">
    <p class='ocr_par' dir='ltr' id='par_1_45' title="bbox 1960 1593 3522 1665">
     <span class='ocr_line' id='line_1_45' title="bbox 1960 1593 3522 1665; baseline 0 -17"><span class='ocrx_word' id='word_1_329' title='bbox 1960 1595 2141 1649; x_wconf 86' lang='lat' dir='ltr'><strong>minus</strong></span> <span class='ocrx_word' id='word_1_330' title='bbox 2170 1594 2404 1665; x_wconf 90' lang='lat' dir='ltr'><strong>ipsequi</strong></span> <span class='ocrx_word' id='word_1_331' title='bbox 2430 1595 2743 1651; x_wconf 88' lang='lat' dir='ltr'><strong>hominibus</strong></span> <span class='ocrx_word' id='word_1_332' title='bbox 2787 1594 2889 1650; x_wconf 71' lang='lat' dir='ltr'><strong>vite</strong></span> <span class='ocrx_word' id='word_1_333' title='bbox 2933 1593 3045 1648; x_wconf 82' lang='lat' dir='ltr'><strong>dux-</strong></span> <span class='ocrx_word' id='word_1_334' title='bbox 3074 1600 3180 1660; x_wconf 89' lang='lat' dir='ltr'><strong>est,</strong></span> <span class='ocrx_word' id='word_1_335' title='bbox 3224 1595 3425 1665; x_wconf 89' lang='lat' dir='ltr'><strong>quique</strong></span> <span class='ocrx_word' id='word_1_336' title='bbox 3467 1595 3522 1648; x_wconf 93' lang='lat' dir='ltr'><strong>in</strong></span> 
     </span>
    </p>
   </div>
   <div class='ocr_carea' id='block_1_46' title="bbox 1960 1683 3522 1754">
    <p class='ocr_par' dir='ltr' id='par_1_46' title="bbox 1960 1683 3522 1754">
     <span class='ocr_line' id='line_1_46' title="bbox 1960 1683 3522 1754; baseline -0.003 -13"><span class='ocrx_word' id='word_1_337' title='bbox 1960 1695 2158 1741; x_wconf 81' lang='lat' dir='ltr'><strong>terram</strong></span> <span class='ocrx_word' id='word_1_338' title='bbox 2187 1684 2491 1751; x_wconf 89' lang='lat' dir='ltr'><strong>descendit,</strong></span> <span class='ocrx_word' id='word_1_339' title='bbox 2532 1693 2592 1740; x_wconf 92' lang='lat' dir='ltr'><strong>ut</strong></span> <span class='ocrx_word' id='word_1_340' title='bbox 2633 1700 2665 1740; x_wconf 78' lang='grc' dir='ltr'><strong>ε</strong></span> <span class='ocrx_word' id='word_1_341' title='bbox 2698 1683 2809 1740; x_wconf 88' lang='lat' dir='ltr'><strong>fato</strong></span> <span class='ocrx_word' id='word_1_342' title='bbox 2838 1684 2907 1740; x_wconf 90' lang='lat' dir='ltr'><strong>ad</strong></span> <span class='ocrx_word' id='word_1_343' title='bbox 2942 1685 3088 1740; x_wconf 88' lang='lat' dir='ltr'><strong>illius</strong></span> <span class='ocrx_word' id='word_1_344' title='bbox 3126 1684 3522 1754; x_wconf 84' lang='lat' dir='ltr'><strong>providentiam</strong></span> 
     </span>
    </p>
   </div>
   <div class='ocr_carea' id='block_1_47' title="bbox 1963 1775 3242 1848">
    <p class='ocr_par' dir='ltr' id='par_1_47' title="bbox 1963 1775 3242 1848">
     <span class='ocr_line' id='line_1_47' title="bbox 1963 1775 3242 1848; baseline -0.003 -17"><span class='ocrx_word' id='word_1_345' title='bbox 1963 1778 2086 1832; x_wconf 89' lang='lat' dir='ltr'><strong>illos</strong></span> <span class='ocrx_word' id='word_1_346' title='bbox 2114 1778 2208 1848; x_wconf 86' lang='lat' dir='ltr'><strong>qui</strong></span> <span class='ocrx_word' id='word_1_347' title='bbox 2231 1778 2287 1832; x_wconf 90' lang='lat' dir='ltr'><strong>in</strong></span> <span class='ocrx_word' id='word_1_348' title='bbox 2314 1775 2593 1832; x_wconf 85' lang='lat' dir='ltr'><strong>Christum</strong></span> <span class='ocrx_word' id='word_1_349' title='bbox 2625 1776 2874 1840; x_wconf 87' lang='lat' dir='ltr'><strong>credant,</strong></span> <span class='ocrx_word' id='word_1_350' title='bbox 2897 1775 3242 1832; x_wconf 83' lang='lat' dir='ltr'><strong>transferret.</strong></span> 
     </span>
    </p>
   </div>
   <div class='ocr_carea' id='block_1_48' title="bbox 2034 1863 3525 1935">
    <p class='ocr_par' dir='ltr' id='par_1_48' title="bbox 2034 1863 3525 1935">
     <span class='ocr_line' id='line_1_48' title="bbox 2034 1863 3525 1935; baseline -0.002 -13"><span class='ocrx_word' id='word_1_351' title='bbox 2034 1866 2242 1922; x_wconf 97' lang='lat' dir='ltr'><strong>LXXV.</strong></span> <span class='ocrx_word' id='word_1_352' title='bbox 2267 1866 2420 1934; x_wconf 86' lang='lat' dir='ltr'><strong>Quod</strong></span> <span class='ocrx_word' id='word_1_353' title='bbox 2451 1882 2598 1933; x_wconf 84' lang='lat' dir='ltr'><strong>vero,</strong></span> <span class='ocrx_word' id='word_1_354' title='bbox 2621 1866 2833 1930; x_wconf 88' lang='lat' dir='ltr'><strong>dicunt,</strong></span> <span class='ocrx_word' id='word_1_355' title='bbox 2866 1863 2941 1920; x_wconf 93' lang='lat' dir='ltr'><strong>sit</strong></span> <span class='ocrx_word' id='word_1_356' title='bbox 2968 1864 3299 1935; x_wconf 69' lang='lat' dir='ltr'><strong>fatum,quae</strong></span> <span class='ocrx_word' id='word_1_357' title='bbox 3328 1865 3525 1934; x_wconf 77' lang='lat' dir='ltr'><strong>praedi-</strong></span> 
     </span>
    </p>
   </div>
   <div class='ocr_carea' id='block_1_49' title="bbox 1965 1956 3522 2028">
    <p class='ocr_par' dir='ltr' id='par_1_49' title="bbox 1965 1956 3522 2028">
     <span class='ocr_line' id='line_1_49' title="bbox 1965 1956 3522 2028; baseline -0.003 -12"><span class='ocrx_word' id='word_1_358' title='bbox 1965 1970 2050 2016; x_wconf 84' lang='lat' dir='ltr'><strong>cta</strong></span> <span class='ocrx_word' id='word_1_359' title='bbox 2080 1960 2147 2015; x_wconf 88' lang='lat' dir='ltr'><strong>de</strong></span> <span class='ocrx_word' id='word_1_360' title='bbox 2184 1961 2308 2017; x_wconf 87' lang='lat' dir='ltr'><strong>aliis</strong></span> <span class='ocrx_word' id='word_1_361' title='bbox 2343 1968 2493 2024; x_wconf 90' lang='lat' dir='ltr'><strong>sunt,</strong></span> <span class='ocrx_word' id='word_1_362' title='bbox 2547 1964 2804 2028; x_wconf 88' lang='lat' dir='ltr'><strong>certoque</strong></span> <span class='ocrx_word' id='word_1_363' title='bbox 2842 1964 3159 2024; x_wconf 86' lang='lat' dir='ltr'><strong>evenerunt,</strong></span> <span class='ocrx_word' id='word_1_364' title='bbox 3204 1956 3522 2012; x_wconf 87' lang='lat' dir='ltr'><strong>ostendunt.</strong></span> 
     </span>
    </p>
   </div>
   <div class='ocr_carea' id='block_1_50' title="bbox 1964 2032 3528 2121">
    <p class='ocr_par' dir='ltr' id='par_1_50' title="bbox 1964 2032 3528 2121">
     <span class='ocr_line' id='line_1_50' title="bbox 1964 2032 3528 2121; baseline -0.004 -15"><span class='ocrx_word' id='word_1_365' title='bbox 1964 2050 2221 2107; x_wconf 86' lang='lat' dir='ltr'><strong>Probatio</strong></span> <span class='ocrx_word' id='word_1_366' title='bbox 2244 2066 2372 2107; x_wconf 88' lang='lat' dir='ltr'><strong>vero</strong></span> <span class='ocrx_word' id='word_1_367' title='bbox 2403 2032 2690 2121; x_wconf 82' lang='lat' dir='ltr'><strong>perspicua</strong></span> <span class='ocrx_word' id='word_1_368' title='bbox 2708 2055 2793 2103; x_wconf 89' lang='lat' dir='ltr'><strong>est</strong></span> <span class='ocrx_word' id='word_1_369' title='bbox 2819 2048 3173 2104; x_wconf 88' lang='lat' dir='ltr'><strong>scientiarum</strong></span> <span class='ocrx_word' id='word_1_370' title='bbox 3202 2046 3528 2116; x_wconf 89' lang='lat' dir='ltr'><strong>contempla-</strong></span> 
     </span>
    </p>
   </div>
   <div class='ocr_carea' id='block_1_51' title="bbox 1967 2137 3529 2213">
    <p class='ocr_par' dir='ltr' id='par_1_51' title="bbox 1967 2137 3529 2213">
     <span class='ocr_line' id='line_1_51' title="bbox 1967 2137 3529 2213; baseline -0.004 -15"><span class='ocrx_word' id='word_1_371' title='bbox 1967 2145 2064 2198; x_wconf 87' lang='lat' dir='ltr'><strong>tio.</strong></span> <span class='ocrx_word' id='word_1_372' title='bbox 2122 2141 2318 2198; x_wconf 87' lang='lat' dir='ltr'><strong>Statim</strong></span> <span class='ocrx_word' id='word_1_373' title='bbox 2360 2142 2503 2213; x_wconf 82' lang='lat' dir='ltr'><strong>magi</strong></span> <span class='ocrx_word' id='word_1_374' title='bbox 2538 2157 2648 2197; x_wconf 89' lang='lat' dir='ltr'><strong>non</strong></span> <span class='ocrx_word' id='word_1_375' title='bbox 2682 2142 2842 2197; x_wconf 85' lang='lat' dir='ltr'><strong>modo</strong></span> <span class='ocrx_word' id='word_1_376' title='bbox 2886 2140 3097 2195; x_wconf 77' lang='lat' dir='ltr'><strong>stellam</strong></span> <span class='ocrx_word' id='word_1_377' title='bbox 3141 2137 3358 2193; x_wconf 84' lang='lat' dir='ltr'><strong>Domini</strong></span> <span class='ocrx_word' id='word_1_378' title='bbox 3387 2137 3529 2192; x_wconf 77' lang='lat' dir='ltr'><strong>vide-</strong></span> 
     </span>
    </p>
   </div>
   <div class='ocr_carea' id='block_1_52' title="bbox 1968 2228 3528 2305">
    <p class='ocr_par' dir='ltr' id='par_1_52' title="bbox 1968 2228 3528 2305">
     <span class='ocr_line' id='line_1_52' title="bbox 1968 2228 3528 2305; baseline -0.004 -16"><span class='ocrx_word' id='word_1_379' title='bbox 1968 2247 2090 2291; x_wconf 88' lang='lat' dir='ltr'><strong>runt</strong></span> <span class='ocrx_word' id='word_1_380' title='bbox 2115 2248 2166 2302; x_wconf 77' lang='grc' dir='ltr'>ο,</span> <span class='ocrx_word' id='word_1_381' title='bbox 2194 2235 2291 2292; x_wconf 91' lang='lat' dir='ltr'><strong>sed</strong></span> <span class='ocrx_word' id='word_1_382' title='bbox 2327 2245 2377 2291; x_wconf 90' lang='lat' dir='ltr'><strong>et</strong></span> <span class='ocrx_word' id='word_1_383' title='bbox 2400 2234 2546 2305; x_wconf 90' lang='lat' dir='ltr'><strong>quod</strong></span> <span class='ocrx_word' id='word_1_384' title='bbox 2573 2249 2762 2289; x_wconf 88' lang='lat' dir='ltr'><strong>verum</strong></span> <span class='ocrx_word' id='word_1_385' title='bbox 2790 2240 2935 2289; x_wconf 88' lang='lat' dir='ltr'><strong>esset</strong></span> <span class='ocrx_word' id='word_1_386' title='bbox 2963 2238 3358 2303; x_wconf 81' lang='lat' dir='ltr'><strong>cognoverunt,</strong></span> <span class='ocrx_word' id='word_1_387' title='bbox 3381 2228 3528 2300; x_wconf 81' lang='lat' dir='ltr'><strong>quod</strong></span> 
     </span>
    </p>
   </div>
   <div class='ocr_carea' id='block_1_53' title="bbox 1970 2319 3526 2395">
    <p class='ocr_par' dir='ltr' id='par_1_53' title="bbox 1970 2319 3526 2395">
     <span class='ocr_line' id='line_1_53' title="bbox 1970 2319 3526 2395; baseline -0.007 -12"><span class='ocrx_word' id='word_1_388' title='bbox 1970 2343 2063 2383; x_wconf 78' lang='lat' dir='ltr'><strong>rex</strong></span> <span class='ocrx_word' id='word_1_389' title='bbox 2105 2333 2267 2382; x_wconf 90' lang='lat' dir='ltr'><strong>natus</strong></span> <span class='ocrx_word' id='word_1_390' title='bbox 2304 2332 2469 2391; x_wconf 88' lang='lat' dir='ltr'><strong>esset,</strong></span> <span class='ocrx_word' id='word_1_391' title='bbox 2502 2333 2557 2380; x_wconf 89' lang='lat' dir='ltr'><strong>et</strong></span> <span class='ocrx_word' id='word_1_392' title='bbox 2583 2339 2813 2395; x_wconf 90' lang='lat' dir='ltr'><strong>quorum</strong></span> <span class='ocrx_word' id='word_1_393' title='bbox 2848 2339 2940 2378; x_wconf 82' lang='lat' dir='ltr'><strong>rex</strong></span> <span class='ocrx_word' id='word_1_394' title='bbox 2984 2322 3168 2386; x_wconf 85' lang='lat' dir='ltr'><strong>fuerit,</strong></span> <span class='ocrx_word' id='word_1_395' title='bbox 3209 2334 3402 2391; x_wconf 85' lang='lat' dir='ltr'><strong>nempe</strong></span> <span class='ocrx_word' id='word_1_396' title='bbox 3432 2319 3526 2374; x_wconf 90' lang='lat' dir='ltr'><strong>Dci</strong></span> 
     </span>
    </p>
   </div>
   <div class='ocr_carea' id='block_1_54' title="bbox 1970 2413 3528 2493">
    <p class='ocr_par' dir='ltr' id='par_1_54' title="bbox 1970 2413 3528 2493">
     <span class='ocr_line' id='line_1_54' title="bbox 1970 2413 3528 2493; baseline -0.006 -19"><span class='ocrx_word' id='word_1_397' title='bbox 1970 2419 2260 2489; x_wconf 87' lang='lat' dir='ltr'><strong>cultorum.</strong></span> <span class='ocrx_word' id='word_1_398' title='bbox 2302 2414 2471 2473; x_wconf 87' lang='lat' dir='ltr'><strong>Porro</strong></span> <span class='ocrx_word' id='word_1_399' title='bbox 2498 2416 2672 2472; x_wconf 66' lang='lat' dir='ltr'><strong>Judaei</strong></span> <span class='ocrx_word' id='word_1_400' title='bbox 2707 2417 2808 2472; x_wconf 92' lang='lat' dir='ltr'><strong>soli</strong></span> <span class='ocrx_word' id='word_1_401' title='bbox 2848 2417 3029 2470; x_wconf 88' lang='lat' dir='ltr'><strong>cultus</strong></span> <span class='ocrx_word' id='word_1_402' title='bbox 3067 2413 3238 2469; x_wconf 83' lang='lat' dir='ltr'><strong>divini</strong></span> <span class='ocrx_word' id='word_1_403' title='bbox 3278 2421 3528 2493; x_wconf 75' lang='lat' dir='ltr'><strong>respectu</strong></span> 
     </span>
    </p>
   </div>
   <div class='ocr_carea' id='block_1_55' title="bbox 1971 2505 3527 2568">
    <p class='ocr_par' dir='ltr' id='par_1_55' title="bbox 1971 2505 3527 2568">
     <span class='ocr_line' id='line_1_55' title="bbox 1971 2505 3527 2568; baseline -0.008 0"><span class='ocrx_word' id='word_1_404' title='bbox 1971 2512 2217 2568; x_wconf 86' lang='lat' dir='ltr'><strong>celebres</strong></span> <span class='ocrx_word' id='word_1_405' title='bbox 2246 2518 2379 2565; x_wconf 92' lang='lat' dir='ltr'><strong>tunc</strong></span> <span class='ocrx_word' id='word_1_406' title='bbox 2407 2509 2763 2565; x_wconf 88' lang='lat' dir='ltr'><strong>habebantur.</strong></span> <span class='ocrx_word' id='word_1_407' title='bbox 2797 2506 2862 2562; x_wconf 85' lang='lat' dir='ltr'><strong>Et</strong></span> <span class='ocrx_word' id='word_1_408' title='bbox 2884 2505 3025 2561; x_wconf 88' lang='lat' dir='ltr'><strong>hanc</strong></span> <span class='ocrx_word' id='word_1_409' title='bbox 3052 2505 3123 2561; x_wconf 90' lang='lat' dir='ltr'><strong>ob</strong></span> <span class='ocrx_word' id='word_1_410' title='bbox 3158 2519 3381 2559; x_wconf 89' lang='lat' dir='ltr'><strong>causam</strong></span> <span class='ocrx_word' id='word_1_411' title='bbox 3423 2511 3527 2565; x_wconf 83' lang='lat' dir='ltr'><strong>est,</strong></span> 
     </span>
    </p>
   </div>
   <div class='ocr_carea' id='block_1_56' title="bbox 1971 2596 3530 2675">
    <p class='ocr_par' dir='ltr' id='par_1_56' title="bbox 1971 2596 3530 2675">
     <span class='ocr_line' id='line_1_56' title="bbox 1971 2596 3530 2675; baseline -0.006 -15"><span class='ocrx_word' id='word_1_412' title='bbox 1971 2603 2113 2675; x_wconf 90' lang='lat' dir='ltr'><strong>quod</strong></span> <span class='ocrx_word' id='word_1_413' title='bbox 2147 2602 2396 2661; x_wconf 84' lang='lat' dir='ltr'><strong>Salvator</strong></span> <span class='ocrx_word' id='word_1_414' title='bbox 2422 2600 2490 2656; x_wconf 85' lang='lat' dir='ltr'><strong>ad</strong></span> <span class='ocrx_word' id='word_1_415' title='bbox 2517 2601 2613 2656; x_wconf 90' lang='lat' dir='ltr'><strong>Dei</strong></span> <span class='ocrx_word' id='word_1_416' title='bbox 2640 2601 2878 2655; x_wconf 86' lang='lat' dir='ltr'><strong>cultores</strong></span> <span class='ocrx_word' id='word_1_417' title='bbox 2907 2598 3269 2661; x_wconf 84' lang='lat' dir='ltr'><strong>descendens,</strong></span> <span class='ocrx_word' id='word_1_418' title='bbox 3307 2596 3375 2650; x_wconf 90' lang='lat' dir='ltr'><strong>ad</strong></span> <span class='ocrx_word' id='word_1_419' title='bbox 3407 2596 3530 2650; x_wconf 84' lang='lat' dir='ltr'><strong>illos</strong></span> 
     </span>
    </p>
   </div>
   <div class='ocr_carea' id='block_1_57' title="bbox 1972 2684 3532 2765">
    <p class='ocr_par' dir='ltr' id='par_1_57' title="bbox 1972 2684 3532 2765">
     <span class='ocr_line' id='line_1_57' title="bbox 1972 2684 3532 2765; baseline -0.007 -16"><span class='ocrx_word' id='word_1_420' title='bbox 1972 2696 2209 2765; x_wconf 90' lang='lat' dir='ltr'><strong>primum</strong></span> <span class='ocrx_word' id='word_1_421' title='bbox 2236 2693 2385 2750; x_wconf 83' lang='lat' dir='ltr'><strong>venit</strong></span> <span class='ocrx_word' id='word_1_422' title='bbox 2416 2698 2501 2757; x_wconf 57' lang='lat' dir='ltr'><strong>is,</strong></span> <span class='ocrx_word' id='word_1_423' title='bbox 2532 2691 2626 2761; x_wconf 92' lang='lat' dir='ltr'><strong>qui</strong></span> <span class='ocrx_word' id='word_1_424' title='bbox 2655 2699 2785 2745; x_wconf 88' lang='lat' dir='ltr'><strong>tunc</strong></span> <span class='ocrx_word' id='word_1_425' title='bbox 2816 2688 3076 2758; x_wconf 89' lang='lat' dir='ltr'><strong>temporis</strong></span> <span class='ocrx_word' id='word_1_426' title='bbox 3102 2687 3172 2743; x_wconf 92' lang='lat' dir='ltr'><strong>ob</strong></span> <span class='ocrx_word' id='word_1_427' title='bbox 3204 2686 3411 2741; x_wconf 90' lang='lat' dir='ltr'><strong>cultum</strong></span> <span class='ocrx_word' id='word_1_428' title='bbox 3446 2684 3532 2739; x_wconf 89' lang='lat' dir='ltr'><strong>di-</strong></span> 
     </span>
    </p>
   </div>
   <div class='ocr_carea' id='block_1_58' title="bbox 1975 2781 2761 2853">
    <p class='ocr_par' dir='ltr' id='par_1_58' title="bbox 1975 2781 2761 2853">
     <span class='ocr_line' id='line_1_58' title="bbox 1975 2781 2761 2853; baseline -0.005 -12"><span class='ocrx_word' id='word_1_429' title='bbox 1975 2785 2160 2847; x_wconf 82' lang='lat' dir='ltr'><strong>vinum</strong></span> <span class='ocrx_word' id='word_1_430' title='bbox 2190 2784 2417 2853; x_wconf 79' lang='lat' dir='ltr'><strong>gloriam</strong></span> <span class='ocrx_word' id='word_1_431' title='bbox 2439 2781 2761 2838; x_wconf 88' lang='lat' dir='ltr'><strong>retulerunt.</strong></span> 
     </span>
    </p>
   </div>
   <div class='ocr_carea' id='block_1_59' title="bbox 2045 2865 3532 2941">
    <p class='ocr_par' dir='ltr' id='par_1_59' title="bbox 2045 2865 3532 2941">
     <span class='ocr_line' id='line_1_59' title="bbox 2045 2865 3532 2941; baseline -0.009 -10"><span class='ocrx_word' id='word_1_432' title='bbox 2045 2873 2276 2931; x_wconf 89' lang='lat' dir='ltr'><strong>LXXVI.</strong></span> <span class='ocrx_word' id='word_1_433' title='bbox 2307 2872 2477 2928; x_wconf 84' lang='lat' dir='ltr'><strong>Prout</strong></span> <span class='ocrx_word' id='word_1_434' title='bbox 2526 2872 2709 2941; x_wconf 88' lang='lat' dir='ltr'><strong>itaque</strong></span> <span class='ocrx_word' id='word_1_435' title='bbox 2760 2868 3060 2924; x_wconf 83' lang='lat' dir='ltr'><strong>Salvatoris</strong></span> <span class='ocrx_word' id='word_1_436' title='bbox 3119 2865 3375 2921; x_wconf 82' lang='lat' dir='ltr'><strong>nativitas</strong></span> <span class='ocrx_word' id='word_1_437' title='bbox 3430 2878 3532 2918; x_wconf 86' lang='lat' dir='ltr'><strong>nos</strong></span> 
     </span>
    </p>
   </div>
   <div class='ocr_carea' id='block_1_60' title="bbox 1976 2956 3533 3044">
    <p class='ocr_par' dir='ltr' id='par_1_60' title="bbox 1976 2956 3533 3044">
     <span class='ocr_line' id='line_1_60' title="bbox 1976 2956 3533 3044; baseline -0.011 -16"><span class='ocrx_word' id='word_1_438' title='bbox 1976 2969 2164 3044; x_wconf 87' lang='lat' dir='ltr'><strong>genesi</strong></span> <span class='ocrx_word' id='word_1_439' title='bbox 2207 2967 2446 3037; x_wconf 88' lang='lat' dir='ltr'><strong>fatoque,</strong></span> <span class='ocrx_word' id='word_1_440' title='bbox 2494 2964 2577 3021; x_wconf 87' lang='lat' dir='ltr'><strong>sic</strong></span> <span class='ocrx_word' id='word_1_441' title='bbox 2612 2971 2668 3019; x_wconf 91' lang='lat' dir='ltr'><strong>et</strong></span> <span class='ocrx_word' id='word_1_442' title='bbox 2699 2962 2943 3034; x_wconf 83' lang='lat' dir='ltr'><strong>ejusdem</strong></span> <span class='ocrx_word' id='word_1_443' title='bbox 2994 2960 3266 3032; x_wconf 89' lang='lat' dir='ltr'><strong>baptisma</strong></span> <span class='ocrx_word' id='word_1_444' title='bbox 3294 2958 3362 3012; x_wconf 91' lang='lat' dir='ltr'><strong>ab</strong></span> <span class='ocrx_word' id='word_1_445' title='bbox 3408 2956 3533 3027; x_wconf 91' lang='lat' dir='ltr'><strong>igne</strong></span> 
     </span>
    </p>
   </div>
   <div class='ocr_carea' id='block_1_61' title="bbox 322 3048 1877 3161">
    <p class='ocr_par' dir='ltr' id='par_1_61' title="bbox 322 3064 1877 3139">
     <span class='ocr_line' id='line_1_61' title="bbox 322 3064 1877 3139; baseline -0.001 -18"><span class='ocrx_word' id='word_1_446' title='bbox 322 3084 439 3138; x_wconf 83' lang='grc' dir='ltr'><strong>ομα</strong></span> <span class='ocrx_word' id='word_1_447' title='bbox 473 3066 630 3121; x_wconf 82' lang='grc' dir='ltr'>αὑτοῦ</span> <span class='ocrx_word' id='word_1_448' title='bbox 674 3066 844 3139; x_wconf 83' lang='grc' dir='ltr'>πυρὸς</span> <span class='ocrx_word' id='word_1_449' title='bbox 873 3067 1019 3137; x_wconf 80' lang='grc' dir='ltr'>ἡμᾶς</span> <span class='ocrx_word' id='word_1_450' title='bbox 1046 3065 1296 3132; x_wconf 79' lang='grc' dir='ltr'>ἐξείλετο,</span> <span class='ocrx_word' id='word_1_451' title='bbox 1332 3064 1425 3119; x_wconf 80' lang='grc' dir='ltr'><strong>καὶ</strong></span> <span class='ocrx_word' id='word_1_452' title='bbox 1454 3064 1516 3118; x_wconf 81' lang='grc' dir='ltr'><strong>τδ</strong></span> <span class='ocrx_word' id='word_1_453' title='bbox 1561 3064 1729 3129; x_wconf 87' lang='grc' dir='ltr'>πάθος</span> <span class='ocrx_word' id='word_1_454' title='bbox 1775 3065 1877 3120; x_wconf 91' lang='grc' dir='ltr'><strong>πά-</strong></span> 
     </span>
    </p>
   </div>
   <div class='ocr_carea' id='block_1_62' title="bbox 1966 3048 3534 3161">
    <p class='ocr_par' dir='ltr' id='par_1_62' title="bbox 1977 3048 3534 3161">
     <span class='ocr_line' id='line_1_62' title="bbox 1977 3048 3534 3130; baseline -0.01 -9"><span class='ocrx_word' id='word_1_455' title='bbox 1977 3080 2079 3121; x_wconf 90' lang='lat' dir='ltr'><strong>nos</strong></span> <span class='ocrx_word' id='word_1_456' title='bbox 2107 3061 2377 3125; x_wconf 83' lang='lat' dir='ltr'><strong>liberavit,</strong></span> <span class='ocrx_word' id='word_1_457' title='bbox 2409 3063 2463 3115; x_wconf 89' lang='lat' dir='ltr'><strong>et</strong></span> <span class='ocrx_word' id='word_1_458' title='bbox 2490 3056 2676 3130; x_wconf 81' lang='lat' dir='ltr'><strong>passio</strong></span> <span class='ocrx_word' id='word_1_459' title='bbox 2706 3072 2738 3111; x_wconf 88' lang='lat' dir='ltr'><strong>a</strong></span> <span class='ocrx_word' id='word_1_460' title='bbox 2776 3056 3051 3127; x_wconf 86' lang='lat' dir='ltr'><strong>passione,</strong></span> <span class='ocrx_word' id='word_1_461' title='bbox 3081 3060 3140 3108; x_wconf 90' lang='lat' dir='ltr'><strong>ut</strong></span> <span class='ocrx_word' id='word_1_462' title='bbox 3177 3053 3235 3106; x_wconf 91' lang='lat' dir='ltr'><strong>in</strong></span> <span class='ocrx_word' id='word_1_463' title='bbox 3279 3048 3534 3105; x_wconf 90' lang='lat' dir='ltr'><strong>omnibus</strong></span> 
     </span>
     <span class='ocr_line' id='line_1_63' title="bbox 2467 3139 3505 3161; baseline -0.011 5"><span class='ocrx_word' id='word_1_464' title='bbox 2467 3149 2562 3161; x_wconf 58' lang='grc' dir='ltr'><strong>Α.</strong></span> <span class='ocrx_word' id='word_1_465' title='bbox 2670 3148 2682 3160; x_wconf 92' lang='grc'><em>.</em></span> <span class='ocrx_word' id='word_1_466' title='bbox 2780 3149 2791 3159; x_wconf 95' lang='grc'><em>.</em></span> <span class='ocrx_word' id='word_1_467' title='bbox 2872 3145 2905 3161; x_wconf 63' lang='grc' dir='ltr'>η</span> <span class='ocrx_word' id='word_1_468' title='bbox 3070 3144 3082 3161; x_wconf 94' lang='grc'>.</span> <span class='ocrx_word' id='word_1_469' title='bbox 3398 3139 3505 3161; x_wconf 38' lang='grc' dir='ltr'>ω,</span> 
     </span>
    </p>
   </div>
   <div class='ocr_carea' id='block_1_63' title="bbox 320 3139 1877 3228">
    <p class='ocr_par' dir='ltr' id='par_1_63' title="bbox 320 3154 1876 3228">
     <span class='ocr_line' id='line_1_64' title="bbox 320 3154 1876 3228; baseline -0.003 -15"><span class='ocrx_word' id='word_1_470' title='bbox 320 3158 468 3224; x_wconf 84' lang='grc' dir='ltr'>θους,</span> <span class='ocrx_word' id='word_1_471' title='bbox 502 3159 587 3214; x_wconf 75' lang='grc' dir='ltr'><strong>ἵνα</strong></span> <span class='ocrx_word' id='word_1_472' title='bbox 618 3158 757 3213; x_wconf 84' lang='grc' dir='ltr'>κατὰ</span> <span class='ocrx_word' id='word_1_473' title='bbox 786 3158 961 3212; x_wconf 87' lang='grc' dir='ltr'>πάντα</span> <span class='ocrx_word' id='word_1_474' title='bbox 995 3156 1449 3228; x_wconf 83' lang='grc' dir='ltr'>άκολουθήσωμεν,</span> <span class='ocrx_word' id='word_1_475' title='bbox 1479 3156 1644 3227; x_wconf 79' lang='grc' dir='ltr'>αύτῷ.</span> <span class='ocrx_word' id='word_1_476' title='bbox 1684 3156 1741 3210; x_wconf 88' lang='lat'><strong>&#39;0</strong></span> <span class='ocrx_word' id='word_1_477' title='bbox 1768 3154 1876 3227; x_wconf 84' lang='grc' dir='ltr'>γὰρ</span> 
     </span>
    </p>
   </div>
   <div class='ocr_carea' id='block_1_64' title="bbox 1966 3139 3532 3228">
    <p class='ocr_par' dir='ltr' id='par_1_64' title="bbox 1975 3139 3532 3226">
     <span class='ocr_line' id='line_1_65' title="bbox 1975 3139 3532 3226; baseline -0.014 -12"><span class='ocrx_word' id='word_1_478' title='bbox 1975 3172 2096 3215; x_wconf 88' lang='lat' dir='ltr'><strong>eum</strong></span> <span class='ocrx_word' id='word_1_479' title='bbox 2118 3167 2430 3226; x_wconf 87' lang='lat' dir='ltr'><strong>sequamur.</strong></span> <span class='ocrx_word' id='word_1_480' title='bbox 2462 3149 2567 3217; x_wconf 83' lang='lat' dir='ltr'><strong>Qui</strong></span> <span class='ocrx_word' id='word_1_481' title='bbox 2597 3148 2744 3205; x_wconf 86' lang='lat' dir='ltr'><strong>enim</strong></span> <span class='ocrx_word' id='word_1_482' title='bbox 2774 3149 2833 3202; x_wconf 85' lang='lat' dir='ltr'><strong>in</strong></span> <span class='ocrx_word' id='word_1_483' title='bbox 2858 3145 3027 3200; x_wconf 84' lang='lat' dir='ltr'><strong>Deum</strong></span> <span class='ocrx_word' id='word_1_484' title='bbox 3065 3144 3360 3213; x_wconf 76' lang='lat' dir='ltr'><strong>baptizatus</strong></span> <span class='ocrx_word' id='word_1_485' title='bbox 3387 3139 3532 3215; x_wconf 58' lang='lat' dir='ltr'><strong>estd,</strong></span> 
     </span>
    </p>
   </div>
   <div class='ocr_carea' id='block_1_65' title="bbox 317 3244 1878 3318">
    <p class='ocr_par' dir='ltr' id='par_1_65' title="bbox 317 3244 1878 3318">
     <span class='ocr_line' id='line_1_66' title="bbox 317 3244 1878 3318; baseline -0.007 -10"><span class='ocrx_word' id='word_1_486' title='bbox 317 3246 408 3313; x_wconf 65' lang='grc' dir='ltr'>είς</span> <span class='ocrx_word' id='word_1_487' title='bbox 434 3246 585 3301; x_wconf 74' lang='grc' dir='ltr'><strong>Θεὸν</strong></span> <span class='ocrx_word' id='word_1_488' title='bbox 609 3245 961 3312; x_wconf 78' lang='grc' dir='ltr'>βαπτισθεὶς</span> <span class='ocrx_word' id='word_1_489' title='bbox 989 3247 1067 3309; x_wconf 78' lang='grc' dir='ltr'><strong>εἰς</strong></span> <span class='ocrx_word' id='word_1_490' title='bbox 1098 3245 1228 3299; x_wconf 84' lang='grc' dir='ltr'>Θεὸν</span> <span class='ocrx_word' id='word_1_491' title='bbox 1268 3244 1563 3318; x_wconf 78' lang='grc' dir='ltr'>ἐχώρησεν,</span> <span class='ocrx_word' id='word_1_492' title='bbox 1592 3245 1690 3299; x_wconf 77' lang='grc' dir='ltr'><strong>καὶ</strong></span> <span class='ocrx_word' id='word_1_493' title='bbox 1718 3246 1878 3313; x_wconf 74' lang='grc' dir='ltr'>εἵλη-</span> 
     </span>
    </p>
   </div>
   <div class='ocr_carea' id='block_1_66' title="bbox 319 3337 1878 3409">
    <p class='ocr_par' dir='ltr' id='par_1_66' title="bbox 319 3337 1878 3409">
     <span class='ocr_line' id='line_1_67' title="bbox 319 3337 1878 3409; baseline -0.001 -16"><span class='ocrx_word' id='word_1_494' title='bbox 319 3356 437 3409; x_wconf 59' lang='lat' dir='ltr'><strong>ger</strong></span> <span class='ocrx_word' id='word_1_495' title='bbox 471 3338 758 3404; x_wconf 80' lang='grc' dir='ltr'>ἐξουσίαν</span> <span class='ocrx_word' id='word_1_496' title='bbox 795 3337 993 3393; x_wconf 79' lang='grc' dir='ltr'>ἐπάνω</span> <span class='ocrx_word' id='word_1_497' title='bbox 1022 3338 1326 3407; x_wconf 76' lang='grc' dir='ltr'>σκορπίων</span> <span class='ocrx_word' id='word_1_498' title='bbox 1357 3338 1453 3393; x_wconf 76' lang='grc' dir='ltr'><strong>καὶ</strong></span> <span class='ocrx_word' id='word_1_499' title='bbox 1487 3338 1678 3409; x_wconf 73' lang='grc' dir='ltr'>ὄφεων</span> <span class='ocrx_word' id='word_1_500' title='bbox 1720 3355 1878 3407; x_wconf 83' lang='grc' dir='ltr'>περι-</span> 
     </span>
    </p>
   </div>
   <div class='ocr_carea' id='block_1_67' title="bbox 320 3426 1883 3502">
    <p class='ocr_par' dir='ltr' id='par_1_67' title="bbox 320 3426 1883 3502">
     <span class='ocr_line' id='line_1_68' title="bbox 320 3426 1883 3502; baseline 0.001 -19"><span class='ocrx_word' id='word_1_501' title='bbox 320 3428 553 3493; x_wconf 67' lang='grc' dir='ltr'>πατεῖν,</span> <span class='ocrx_word' id='word_1_502' title='bbox 584 3430 691 3483; x_wconf 83' lang='grc' dir='ltr'>τῶν</span> <span class='ocrx_word' id='word_1_503' title='bbox 721 3429 998 3500; x_wconf 85' lang='grc' dir='ltr'>δυνάμεων</span> <span class='ocrx_word' id='word_1_504' title='bbox 1023 3429 1129 3483; x_wconf 86' lang='grc' dir='ltr'>τῶν</span> <span class='ocrx_word' id='word_1_505' title='bbox 1162 3430 1430 3502; x_wconf 75' lang='grc' dir='ltr'>πονηρῶν.</span> <span class='ocrx_word' id='word_1_506' title='bbox 1462 3431 1575 3485; x_wconf 79' lang='grc' dir='ltr'><strong>Καὶ</strong></span> <span class='ocrx_word' id='word_1_507' title='bbox 1601 3426 1715 3494; x_wconf 81' lang='grc' dir='ltr'>τοῖς</span> <span class='ocrx_word' id='word_1_508' title='bbox 1751 3431 1883 3484; x_wconf 65' lang='lat' dir='ltr'><strong>am-</strong></span> 
     </span>
    </p>
   </div>
   <div class='ocr_carea' id='block_1_68' title="bbox 323 3518 1884 3589">
    <p class='ocr_par' dir='ltr' id='par_1_68' title="bbox 323 3518 1884 3589">
     <span class='ocr_line' id='line_1_69' title="bbox 323 3518 1884 3589; baseline -0.001 -16"><span class='ocrx_word' id='word_1_509' title='bbox 323 3518 531 3584; x_wconf 83' lang='grc' dir='ltr'>στόλοις</span> <span class='ocrx_word' id='word_1_510' title='bbox 593 3519 921 3584; x_wconf 76' lang='grc' dir='ltr'>ἐντέλλεται,</span> <span class='ocrx_word' id='word_1_511' title='bbox 967 3521 1299 3589; x_wconf 83' lang='grc' dir='ltr'>Περιιόντες</span> <span class='ocrx_word' id='word_1_512' title='bbox 1364 3521 1729 3588; x_wconf 81' lang='grc' dir='ltr'>κηρύσσετε,</span> <span class='ocrx_word' id='word_1_513' title='bbox 1785 3520 1884 3573; x_wconf 79' lang='grc' dir='ltr'><strong>καὶ</strong></span> 
     </span>
    </p>
   </div>
   <div class='ocr_carea' id='block_1_69' title="bbox 324 3608 1883 3680">
    <p class='ocr_par' dir='ltr' id='par_1_69' title="bbox 324 3608 1883 3680">
     <span class='ocr_line' id='line_1_70' title="bbox 324 3608 1883 3680; baseline 0 -18"><span class='ocrx_word' id='word_1_514' title='bbox 324 3609 466 3676; x_wconf 85' lang='grc' dir='ltr'>τοὺς</span> <span class='ocrx_word' id='word_1_515' title='bbox 516 3611 909 3678; x_wconf 78' lang='grc' dir='ltr'>πιστεύοντας</span> <span class='ocrx_word' id='word_1_516' title='bbox 944 3610 1267 3679; x_wconf 58' lang='grc' dir='ltr'>,ϐαπτίζὲτε</span> <span class='ocrx_word' id='word_1_517' title='bbox 1300 3613 1388 3679; x_wconf 80' lang='grc' dir='ltr'><strong>εις</strong></span> <span class='ocrx_word' id='word_1_518' title='bbox 1430 3610 1617 3680; x_wconf 80' lang='grc' dir='ltr'>ὄνομα</span> <span class='ocrx_word' id='word_1_519' title='bbox 1657 3608 1883 3678; x_wconf 83' lang='grc' dir='ltr'>Πατρός</span> 
     </span>
    </p>
   </div>
   <div class='ocr_carea' id='block_1_70' title="bbox 321 3702 1880 3774">
    <p class='ocr_par' dir='ltr' id='par_1_70' title="bbox 321 3702 1880 3774">
     <span class='ocr_line' id='line_1_71' title="bbox 321 3702 1880 3774; baseline -0.001 -17"><span class='ocrx_word' id='word_1_520' title='bbox 321 3704 424 3757; x_wconf 74' lang='grc' dir='ltr'>καί</span> <span class='ocrx_word' id='word_1_521' title='bbox 469 3703 604 3757; x_wconf 85' lang='grc' dir='ltr'>Υίοῦ</span> <span class='ocrx_word' id='word_1_522' title='bbox 652 3703 751 3757; x_wconf 78' lang='grc' dir='ltr'><strong>καὶ</strong></span> <span class='ocrx_word' id='word_1_523' title='bbox 788 3704 960 3773; x_wconf 79' lang='grc' dir='ltr'>ἁγίου</span> <span class='ocrx_word' id='word_1_524' title='bbox 1006 3705 1376 3774; x_wconf 75' lang='grc' dir='ltr'>Πνεύματοςο</span> <span class='ocrx_word' id='word_1_525' title='bbox 1418 3704 1497 3767; x_wconf 84' lang='grc' dir='ltr'><strong>είς</strong></span> <span class='ocrx_word' id='word_1_526' title='bbox 1528 3702 1619 3766; x_wconf 78' lang='grc' dir='ltr'><strong>οὓς</strong></span> <span class='ocrx_word' id='word_1_527' title='bbox 1656 3703 1880 3770; x_wconf 71' lang='grc' dir='ltr'>ἁναγενυ</span> 
     </span>
    </p>
   </div>
   <div class='ocr_carea' id='block_1_71' title="bbox 323 3791 1886 3865">
    <p class='ocr_par' dir='ltr' id='par_1_71' title="bbox 323 3791 1886 3865">
     <span class='ocr_line' id='line_1_72' title="bbox 323 3791 1886 3865; baseline 0 -20"><span class='ocrx_word' id='word_1_528' title='bbox 323 3791 567 3865; x_wconf 85' lang='grc' dir='ltr'>νὼμεθα,</span> <span class='ocrx_word' id='word_1_529' title='bbox 598 3792 703 3847; x_wconf 84' lang='grc' dir='ltr'>τῶν</span> <span class='ocrx_word' id='word_1_530' title='bbox 738 3793 937 3848; x_wconf 79' lang='grc' dir='ltr'>λοιπῶν</span> <span class='ocrx_word' id='word_1_531' title='bbox 968 3793 1498 3865; x_wconf 75' lang='grc' dir='ltr'>δυνάμεωνάπασῶν</span> <span class='ocrx_word' id='word_1_532' title='bbox 1527 3793 1780 3864; x_wconf 83' lang='grc' dir='ltr'>ὑπεράνω</span> <span class='ocrx_word' id='word_1_533' title='bbox 1811 3808 1886 3861; x_wconf 89' lang='grc' dir='ltr'>γι-</span> 
     </span>
    </p>
   </div>
   <div class='ocr_carea' id='block_1_72' title="bbox 324 3883 559 3954">
    <p class='ocr_par' dir='ltr' id='par_1_72' title="bbox 324 3883 559 3954">
     <span class='ocr_line' id='line_1_73' title="bbox 324 3883 559 3954; baseline -0.004 -16"><span class='ocrx_word' id='word_1_534' title='bbox 324 3883 559 3954; x_wconf 89' lang='grc' dir='ltr'>νόμενοι.</span> 
     </span>
    </p>
   </div>
   <div class='ocr_carea' id='block_1_73' title="bbox 401 3974 1885 4049">
    <p class='ocr_par' dir='ltr' id='par_1_73' title="bbox 401 3974 1885 4049">
     <span class='ocr_line' id='line_1_74' title="bbox 401 3974 1885 4049; baseline -0.002 -18"><span class='ocrx_word' id='word_1_535' title='bbox 401 3977 516 4031; x_wconf 90' lang='lat' dir='ltr'><strong>OZ&#39;.</strong></span> <span class='ocrx_word' id='word_1_536' title='bbox 549 3978 733 4049; x_wconf 83' lang='grc' dir='ltr'>Ταύτῃ</span> <span class='ocrx_word' id='word_1_537' title='bbox 755 3977 980 4043; x_wconf 71' lang='grc' dir='ltr'>θάνστες</span> <span class='ocrx_word' id='word_1_538' title='bbox 1002 3978 1095 4035; x_wconf 76' lang='grc' dir='ltr'><strong>καὶ</strong></span> <span class='ocrx_word' id='word_1_539' title='bbox 1122 3977 1272 4041; x_wconf 86' lang='grc' dir='ltr'>τέλος</span> <span class='ocrx_word' id='word_1_540' title='bbox 1302 3977 1517 4047; x_wconf 87' lang='grc' dir='ltr'>λέγεται</span> <span class='ocrx_word' id='word_1_541' title='bbox 1538 3975 1633 4030; x_wconf 81' lang='grc' dir='ltr'>τοῦ</span> <span class='ocrx_word' id='word_1_542' title='bbox 1657 3974 1885 4031; x_wconf 82' lang='grc' dir='ltr'>παλαιοῦ</span> 
     </span>
    </p>
   </div>
   <div class='ocr_carea' id='block_1_74' title="bbox 1973 3240 3539 3309">
    <p class='ocr_par' dir='ltr' id='par_1_74' title="bbox 1973 3240 3539 3309">
     <span class='ocr_line' id='line_1_75' title="bbox 1973 3240 3539 3309; baseline -0.013 -4"><span class='ocrx_word' id='word_1_543' title='bbox 1973 3250 2030 3305; x_wconf 89' lang='lat' dir='ltr'><strong>in</strong></span> <span class='ocrx_word' id='word_1_544' title='bbox 2058 3247 2223 3303; x_wconf 91' lang='lat' dir='ltr'><strong>Deum</strong></span> <span class='ocrx_word' id='word_1_545' title='bbox 2249 3243 2544 3309; x_wconf 79' lang='lat' dir='ltr'><strong>concessit,</strong></span> <span class='ocrx_word' id='word_1_546' title='bbox 2570 3240 2865 3309; x_wconf 72' lang='lat' dir='ltr'><strong>accepitque</strong></span> <span class='ocrx_word' id='word_1_547' title='bbox 2894 3244 3200 3307; x_wconf 87' lang='lat' dir='ltr'><strong>potestatem</strong></span> <span class='ocrx_word' id='word_1_548' title='bbox 3223 3250 3377 3305; x_wconf 87' lang='lat' dir='ltr'><strong>super</strong></span> <span class='ocrx_word' id='word_1_549' title='bbox 3398 3248 3539 3288; x_wconf 84' lang='lat' dir='ltr'><strong>seor-</strong></span> 
     </span>
    </p>
   </div>
   <div class='ocr_carea' id='block_1_75' title="bbox 1976 3328 3538 3411">
    <p class='ocr_par' dir='ltr' id='par_1_75' title="bbox 1976 3328 3538 3411">
     <span class='ocr_line' id='line_1_76' title="bbox 1976 3328 3538 3411; baseline -0.01 -15"><span class='ocrx_word' id='word_1_550' title='bbox 1976 3341 2152 3411; x_wconf 86' lang='lat' dir='ltr'><strong>piones</strong></span> <span class='ocrx_word' id='word_1_551' title='bbox 2191 3355 2252 3394; x_wconf 88' lang='lat' dir='ltr'><strong>ac</strong></span> <span class='ocrx_word' id='word_1_552' title='bbox 2277 3344 2534 3407; x_wconf 82' lang='lat' dir='ltr'><strong>serpentes</strong></span> <span class='ocrx_word' id='word_1_553' title='bbox 2570 3329 2811 3387; x_wconf 77' lang='lat' dir='ltr'><strong>calcaudi</strong></span> <span class='ocrx_word' id='word_1_554' title='bbox 2831 3342 2876 3396; x_wconf 82' lang='grc' dir='ltr'>ο,</span> <span class='ocrx_word' id='word_1_555' title='bbox 2904 3330 3008 3384; x_wconf 89' lang='lat' dir='ltr'><strong>hoc</strong></span> <span class='ocrx_word' id='word_1_556' title='bbox 3036 3335 3120 3385; x_wconf 85' lang='lat' dir='ltr'><strong>est</strong></span> <span class='ocrx_word' id='word_1_557' title='bbox 3148 3328 3205 3382; x_wconf 88' lang='lat' dir='ltr'><strong>in</strong></span> <span class='ocrx_word' id='word_1_558' title='bbox 3239 3332 3538 3398; x_wconf 86' lang='lat' dir='ltr'><strong>potestates</strong></span> 
     </span>
    </p>
   </div>
   <div class='ocr_carea' id='block_1_76' title="bbox 1980 3417 3537 3502">
    <p class='ocr_par' dir='ltr' id='par_1_76' title="bbox 1980 3417 3537 3502">
     <span class='ocr_line' id='line_1_77' title="bbox 1980 3417 3537 3502; baseline -0.013 -14"><span class='ocrx_word' id='word_1_559' title='bbox 1980 3430 2272 3502; x_wconf 80' lang='lat' dir='ltr'><strong>improbas.</strong></span> <span class='ocrx_word' id='word_1_560' title='bbox 2323 3425 2483 3481; x_wconf 89' lang='lat' dir='ltr'><strong>Jubet</strong></span> <span class='ocrx_word' id='word_1_561' title='bbox 2534 3436 2751 3495; x_wconf 88' lang='lat' dir='ltr'><strong>quoque</strong></span> <span class='ocrx_word' id='word_1_562' title='bbox 2798 3419 3107 3490; x_wconf 85' lang='lat' dir='ltr'><strong>apostolos,</strong></span> <span class='ocrx_word' id='word_1_563' title='bbox 3147 3417 3537 3474; x_wconf 81' lang='lat' dir='ltr'><strong>Circumeuntes</strong></span> 
     </span>
    </p>
   </div>
   <div class='ocr_carea' id='block_1_77' title="bbox 1980 3505 3537 3593">
    <p class='ocr_par' dir='ltr' id='par_1_77' title="bbox 1980 3505 3537 3593">
     <span class='ocr_line' id='line_1_78' title="bbox 1980 3505 3537 3593; baseline -0.013 -16"><span class='ocrx_word' id='word_1_564' title='bbox 1980 3521 2279 3593; x_wconf 70' lang='lat' dir='ltr'><strong>pra’dicate,</strong></span> <span class='ocrx_word' id='word_1_565' title='bbox 2297 3528 2348 3573; x_wconf 86' lang='lat' dir='ltr'><strong>et</strong></span> <span class='ocrx_word' id='word_1_566' title='bbox 2373 3533 2461 3572; x_wconf 91' lang='lat' dir='ltr'><strong>eos</strong></span> <span class='ocrx_word' id='word_1_567' title='bbox 2485 3516 2573 3585; x_wconf 86' lang='lat' dir='ltr'><strong>qui</strong></span> <span class='ocrx_word' id='word_1_568' title='bbox 2600 3510 2807 3567; x_wconf 83' lang='lat' dir='ltr'><strong>credent</strong></span> <span class='ocrx_word' id='word_1_569' title='bbox 2836 3509 3098 3580; x_wconf 78' lang='lat' dir='ltr'><strong>baptizate</strong></span> <span class='ocrx_word' id='word_1_570' title='bbox 3121 3509 3177 3561; x_wconf 88' lang='lat' dir='ltr'><strong>in</strong></span> <span class='ocrx_word' id='word_1_571' title='bbox 3204 3506 3407 3562; x_wconf 82' lang='lat' dir='ltr'><strong>nomine</strong></span> <span class='ocrx_word' id='word_1_572' title='bbox 3428 3505 3537 3559; x_wconf 82' lang='lat' dir='ltr'><strong>Pa-</strong></span> 
     </span>
    </p>
   </div>
   <div class='ocr_carea' id='block_1_78' title="bbox 1981 3596 3541 3677">
    <p class='ocr_par' dir='ltr' id='par_1_78' title="bbox 1981 3596 3541 3677">
     <span class='ocr_line' id='line_1_79' title="bbox 1981 3596 3541 3677; baseline -0.013 -8"><span class='ocrx_word' id='word_1_573' title='bbox 1981 3616 2076 3668; x_wconf 87' lang='lat' dir='ltr'><strong>tris</strong></span> <span class='ocrx_word' id='word_1_574' title='bbox 2104 3624 2150 3668; x_wconf 87' lang='lat' dir='ltr'><strong>et</strong></span> <span class='ocrx_word' id='word_1_575' title='bbox 2182 3610 2313 3665; x_wconf 83' lang='lat' dir='ltr'><strong>Filii</strong></span> <span class='ocrx_word' id='word_1_576' title='bbox 2351 3617 2400 3664; x_wconf 88' lang='lat' dir='ltr'><strong>et</strong></span> <span class='ocrx_word' id='word_1_577' title='bbox 2431 3606 2662 3677; x_wconf 85' lang='lat' dir='ltr'><strong>Spiritus</strong></span> <span class='ocrx_word' id='word_1_578' title='bbox 2707 3601 2880 3657; x_wconf 86' lang='lat' dir='ltr'><strong>sancti</strong></span> <span class='ocrx_word' id='word_1_579' title='bbox 2910 3600 2929 3640; x_wconf 69' lang='grc' dir='ltr'><strong>ί</strong></span> <span class='ocrx_word' id='word_1_580' title='bbox 2962 3620 2976 3654; x_wconf 87' lang='lat'><strong>:</strong></span> <span class='ocrx_word' id='word_1_581' title='bbox 3009 3601 3066 3653; x_wconf 89' lang='lat' dir='ltr'><strong>in</strong></span> <span class='ocrx_word' id='word_1_582' title='bbox 3109 3612 3247 3668; x_wconf 92' lang='lat' dir='ltr'><strong>quos</strong></span> <span class='ocrx_word' id='word_1_583' title='bbox 3295 3596 3541 3653; x_wconf 80' lang='lat' dir='ltr'><strong>renasci-</strong></span> 
     </span>
    </p>
   </div>
   <div class='ocr_carea' id='block_1_79' title="bbox 1980 3689 3539 3775">
    <p class='ocr_par' dir='ltr' id='par_1_79' title="bbox 1980 3689 3539 3775">
     <span class='ocr_line' id='line_1_80' title="bbox 1980 3689 3539 3775; baseline -0.012 -11"><span class='ocrx_word' id='word_1_584' title='bbox 1980 3723 2104 3763; x_wconf 91' lang='lat' dir='ltr'><strong>mur</strong></span> <span class='ocrx_word' id='word_1_585' title='bbox 2169 3702 2393 3775; x_wconf 89' lang='lat' dir='ltr'><strong>reliquis</strong></span> <span class='ocrx_word' id='word_1_586' title='bbox 2466 3699 2721 3756; x_wconf 88' lang='lat' dir='ltr'><strong>omnibus</strong></span> <span class='ocrx_word' id='word_1_587' title='bbox 2796 3693 3156 3767; x_wconf 83' lang='lat' dir='ltr'><strong>potestatibus</strong></span> <span class='ocrx_word' id='word_1_588' title='bbox 3225 3689 3539 3761; x_wconf 84' lang='lat' dir='ltr'><strong>superiores</strong></span> 
     </span>
    </p>
   </div>
   <div class='ocr_carea' id='block_1_80' title="bbox 1985 3798 2131 3855">
    <p class='ocr_par' dir='ltr' id='par_1_80' title="bbox 1985 3798 2131 3855">
     <span class='ocr_line' id='line_1_81' title="bbox 1985 3798 2131 3855; baseline -0.041 0"><span class='ocrx_word' id='word_1_589' title='bbox 1985 3798 2131 3855; x_wconf 75' lang='lat' dir='ltr'><strong>facti.</strong></span> 
     </span>
    </p>
   </div>
   <div class='ocr_carea' id='block_1_81' title="bbox 2054 3964 3540 4030">
    <p class='ocr_par' dir='ltr' id='par_1_81' title="bbox 2054 3964 3540 4030">
     <span class='ocr_line' id='line_1_82' title="bbox 2054 3964 3540 4030; baseline -0.011 0"><span class='ocrx_word' id='word_1_590' title='bbox 2054 3972 2310 4030; x_wconf 87' lang='lat' dir='ltr'><strong>LXXVII.</strong></span> <span class='ocrx_word' id='word_1_591' title='bbox 2353 3970 2505 4026; x_wconf 85' lang='lat' dir='ltr'><strong>Hanc</strong></span> <span class='ocrx_word' id='word_1_592' title='bbox 2531 3970 2603 4025; x_wconf 93' lang='lat' dir='ltr'><strong>ob</strong></span> <span class='ocrx_word' id='word_1_593' title='bbox 2631 3981 2854 4023; x_wconf 88' lang='lat' dir='ltr'><strong>causam</strong></span> <span class='ocrx_word' id='word_1_594' title='bbox 2886 3965 3009 4020; x_wconf 78' lang='lat' dir='ltr'><strong>vita:</strong></span> <span class='ocrx_word' id='word_1_595' title='bbox 3047 3964 3247 4019; x_wconf 87' lang='lat' dir='ltr'><strong>veteris</strong></span> <span class='ocrx_word' id='word_1_596' title='bbox 3276 3975 3425 4016; x_wconf 89' lang='lat' dir='ltr'><strong>mors</strong></span> <span class='ocrx_word' id='word_1_597' title='bbox 3458 3966 3540 4014; x_wconf 88' lang='lat' dir='ltr'><strong>at-</strong></span> 
     </span>
    </p>
   </div>
   <div class='ocr_carea' id='block_1_82' title="bbox 329 4049 1877 4143">
    <p class='ocr_par' dir='ltr' id='par_1_82' title="bbox 329 4068 1877 4143">
     <span class='ocr_line' id='line_1_83' title="bbox 329 4068 1877 4143; baseline -0.001 -20"><span class='ocrx_word' id='word_1_598' title='bbox 329 4068 449 4140; x_wconf 81' lang='grc' dir='ltr'>βίου</span> <span class='ocrx_word' id='word_1_599' title='bbox 490 4070 551 4124; x_wconf 85' lang='grc' dir='ltr'>τὸ</span> <span class='ocrx_word' id='word_1_600' title='bbox 581 4070 889 4143; x_wconf 81' lang='grc' dir='ltr'>βάπτισμα,</span> <span class='ocrx_word' id='word_1_601' title='bbox 938 4070 1389 4143; x_wconf 77' lang='grc' dir='ltr'>ἀποτασσομένων</span> <span class='ocrx_word' id='word_1_602' title='bbox 1421 4068 1577 4142; x_wconf 80' lang='grc' dir='ltr'>ἡμῶν</span> <span class='ocrx_word' id='word_1_603' title='bbox 1629 4070 1750 4132; x_wconf 69' lang='grc' dir='ltr'>ταῖς</span> <span class='ocrx_word' id='word_1_604' title='bbox 1794 4085 1877 4121; x_wconf 89' lang='grc' dir='ltr'><strong>πο-</strong></span> 
     </span>
    </p>
   </div>
   <div class='ocr_carea' id='block_1_83' title="bbox 1966 4049 3542 4143">
    <p class='ocr_par' dir='ltr' id='par_1_83' title="bbox 1985 4049 3542 4140">
     <span class='ocr_line' id='line_1_84' title="bbox 1985 4049 3542 4140; baseline -0.013 -16"><span class='ocrx_word' id='word_1_605' title='bbox 1985 4084 2091 4140; x_wconf 90' lang='lat' dir='ltr'><strong>que</strong></span> <span class='ocrx_word' id='word_1_606' title='bbox 2113 4066 2236 4122; x_wconf 83' lang='lat' dir='ltr'><strong>linis</strong></span> <span class='ocrx_word' id='word_1_607' title='bbox 2265 4062 2540 4135; x_wconf 88' lang='lat' dir='ltr'><strong>baptisma</strong></span> <span class='ocrx_word' id='word_1_608' title='bbox 2561 4060 2783 4122; x_wconf 89' lang='lat' dir='ltr'><strong>dicitur,</strong></span> <span class='ocrx_word' id='word_1_609' title='bbox 2811 4056 2970 4112; x_wconf 90' lang='lat' dir='ltr'><strong>nobis</strong></span> <span class='ocrx_word' id='word_1_610' title='bbox 2997 4051 3359 4125; x_wconf 87' lang='lat' dir='ltr'><strong>potestatibus</strong></span> <span class='ocrx_word' id='word_1_611' title='bbox 3383 4049 3542 4106; x_wconf 85' lang='lat' dir='ltr'><strong>malis</strong></span> 
     </span>
    </p>
   </div>
   <div class='ocr_carea' id='block_1_84' title="bbox 327 4141 1877 4235">
    <p class='ocr_par' dir='ltr' id='par_1_84' title="bbox 327 4141 1877 4235">
     <span class='ocr_line' id='line_1_85' title="bbox 327 4141 1877 4235; baseline -0.001 -19"><span class='ocrx_word' id='word_1_612' title='bbox 327 4165 521 4233; x_wconf 84' lang='grc' dir='ltr'>νηραίς</span> <span class='ocrx_word' id='word_1_613' title='bbox 551 4141 916 4235; x_wconf 15' lang='grc' dir='ltr'>ἀρχαῖςοτζωὴ</span> <span class='ocrx_word' id='word_1_614' title='bbox 944 4163 1001 4216; x_wconf 87' lang='grc' dir='ltr'>δὲ</span> <span class='ocrx_word' id='word_1_615' title='bbox 1047 4162 1187 4217; x_wconf 81' lang='grc' dir='ltr'>κατὰ</span> <span class='ocrx_word' id='word_1_616' title='bbox 1218 4141 1472 4235; x_wconf 75' lang='grc' dir='ltr'>Χριστὸν,</span> <span class='ocrx_word' id='word_1_617' title='bbox 1501 4156 1571 4234; x_wconf 84' lang='grc' dir='ltr'>ἦς</span> <span class='ocrx_word' id='word_1_618' title='bbox 1603 4161 1761 4233; x_wconf 82' lang='grc' dir='ltr'>μόνος</span> <span class='ocrx_word' id='word_1_619' title='bbox 1792 4162 1877 4215; x_wconf 87' lang='grc' dir='ltr'>αύ-</span> 
     </span>
    </p>
   </div>
   <div class='ocr_carea' id='block_1_85' title="bbox 1966 4141 3543 4235">
    <p class='ocr_par' dir='ltr' id='par_1_85' title="bbox 1985 4141 3543 4217">
     <span class='ocr_line' id='line_1_86' title="bbox 1985 4141 3543 4217; baseline -0.014 -1"><span class='ocrx_word' id='word_1_620' title='bbox 1985 4157 2442 4217; x_wconf 89' lang='lat' dir='ltr'><strong>renuntiantibus.</strong></span> <span class='ocrx_word' id='word_1_621' title='bbox 2458 4152 2579 4209; x_wconf 82' lang='lat' dir='ltr'><strong>Vita</strong></span> <span class='ocrx_word' id='word_1_622' title='bbox 2594 4165 2722 4207; x_wconf 85' lang='lat' dir='ltr'><strong>vero</strong></span> <span class='ocrx_word' id='word_1_623' title='bbox 2743 4147 3041 4206; x_wconf 90' lang='lat' dir='ltr'><strong>secundum</strong></span> <span class='ocrx_word' id='word_1_624' title='bbox 3065 4144 3365 4209; x_wconf 86' lang='lat' dir='ltr'><strong>Christum,</strong></span> <span class='ocrx_word' id='word_1_625' title='bbox 3384 4141 3543 4211; x_wconf 90' lang='lat' dir='ltr'><strong>cujus</strong></span> 
     </span>
    </p>
   </div>
   <div class='ocr_carea' id='block_1_86' title="bbox 326 4234 1877 4327">
    <p class='ocr_par' dir='ltr' id='par_1_86' title="bbox 326 4234 1877 4327">
     <span class='ocr_line' id='line_1_87' title="bbox 326 4234 1877 4327; baseline -0.001 -20"><span class='ocrx_word' id='word_1_626' title='bbox 326 4255 423 4318; x_wconf 81' lang='grc' dir='ltr'><strong>τὸς</strong></span> <span class='ocrx_word' id='word_1_627' title='bbox 453 4234 713 4327; x_wconf 86' lang='grc' dir='ltr'>κυριεύει.</span> <span class='ocrx_word' id='word_1_628' title='bbox 751 4256 815 4308; x_wconf 84' lang='grc' dir='ltr'><strong>Ἠ</strong></span> <span class='ocrx_word' id='word_1_629' title='bbox 844 4234 1070 4326; x_wconf 81' lang='grc' dir='ltr'>δύναμις</span> <span class='ocrx_word' id='word_1_630' title='bbox 1108 4254 1166 4309; x_wconf 88' lang='grc' dir='ltr'><strong>δέ</strong></span> <span class='ocrx_word' id='word_1_631' title='bbox 1192 4234 1292 4326; x_wconf 83' lang='grc' dir='ltr'>τῆς</span> <span class='ocrx_word' id='word_1_632' title='bbox 1335 4252 1632 4326; x_wconf 85' lang='grc' dir='ltr'>μεταϐολῆς</span> <span class='ocrx_word' id='word_1_633' title='bbox 1661 4252 1753 4307; x_wconf 78' lang='grc' dir='ltr'>τοῦ</span> <span class='ocrx_word' id='word_1_634' title='bbox 1801 4252 1877 4323; x_wconf 71' lang='grc' dir='ltr'>βαι</span> 
     </span>
    </p>
   </div>
   <div class='ocr_carea' id='block_1_87' title="bbox 1966 4234 3545 4327">
    <p class='ocr_par' dir='ltr' id='par_1_87' title="bbox 1987 4234 3545 4322">
     <span class='ocr_line' id='line_1_88' title="bbox 1987 4234 3545 4322; baseline -0.013 -13"><span class='ocrx_word' id='word_1_635' title='bbox 1987 4254 2136 4309; x_wconf 91' lang='lat' dir='ltr'><strong>solus</strong></span> <span class='ocrx_word' id='word_1_636' title='bbox 2157 4252 2273 4322; x_wconf 87' lang='lat' dir='ltr'><strong>ipse</strong></span> <span class='ocrx_word' id='word_1_637' title='bbox 2295 4248 2545 4304; x_wconf 88' lang='lat' dir='ltr'><strong>dominus</strong></span> <span class='ocrx_word' id='word_1_638' title='bbox 2557 4253 2672 4301; x_wconf 92' lang='lat' dir='ltr'><strong>est:</strong></span> <span class='ocrx_word' id='word_1_639' title='bbox 2697 4244 2869 4299; x_wconf 90' lang='lat' dir='ltr'><strong>virtus</strong></span> <span class='ocrx_word' id='word_1_640' title='bbox 2889 4246 3067 4295; x_wconf 88' lang='lat' dir='ltr'><strong>autem</strong></span> <span class='ocrx_word' id='word_1_641' title='bbox 3088 4235 3403 4293; x_wconf 88' lang='lat' dir='ltr'><strong>mutationis</strong></span> <span class='ocrx_word' id='word_1_642' title='bbox 3423 4234 3545 4305; x_wconf 85' lang='lat' dir='ltr'><strong>ejus</strong></span> 
     </span>
    </p>
   </div>
   <div class='ocr_carea' id='block_1_88' title="bbox 329 4328 1877 4421">
    <p class='ocr_par' dir='ltr' id='par_1_88' title="bbox 329 4344 1877 4421">
     <span class='ocr_line' id='line_1_89' title="bbox 329 4344 1877 4421; baseline -0.003 -20"><span class='ocrx_word' id='word_1_643' title='bbox 329 4347 647 4414; x_wconf 83' lang='grc' dir='ltr'>πτισθέντος</span> <span class='ocrx_word' id='word_1_644' title='bbox 678 4349 737 4403; x_wconf 82' lang='grc' dir='ltr'><strong>οὐ</strong></span> <span class='ocrx_word' id='word_1_645' title='bbox 770 4349 899 4421; x_wconf 76' lang='grc' dir='ltr'>περὶ</span> <span class='ocrx_word' id='word_1_646' title='bbox 934 4348 995 4402; x_wconf 85' lang='grc' dir='ltr'>τὸ</span> <span class='ocrx_word' id='word_1_647' title='bbox 1023 4347 1209 4419; x_wconf 84' lang='grc' dir='ltr'>σῶμα,</span> <span class='ocrx_word' id='word_1_648' title='bbox 1251 4346 1301 4418; x_wconf 88' lang='grc' dir='ltr'>(ό</span> <span class='ocrx_word' id='word_1_649' title='bbox 1331 4347 1490 4411; x_wconf 81' lang='grc' dir='ltr'>αὐτὸς</span> <span class='ocrx_word' id='word_1_650' title='bbox 1519 4345 1627 4419; x_wconf 86' lang='grc' dir='ltr'>γὰρ</span> <span class='ocrx_word' id='word_1_651' title='bbox 1660 4344 1877 4401; x_wconf 78' lang='grc' dir='ltr'>ἀναϐαί‹</span> 
     </span>
    </p>
   </div>
   <div class='ocr_carea' id='block_1_89' title="bbox 1966 4328 3544 4421">
    <p class='ocr_par' dir='ltr' id='par_1_89' title="bbox 1988 4328 3544 4421">
     <span class='ocr_line' id='line_1_90' title="bbox 1988 4328 3544 4421; baseline -0.013 -20"><span class='ocrx_word' id='word_1_652' title='bbox 1988 4345 2081 4420; x_wconf 89' lang='lat' dir='ltr'><strong>qui</strong></span> <span class='ocrx_word' id='word_1_653' title='bbox 2121 4344 2423 4414; x_wconf 78' lang='lat' dir='ltr'><strong>baptizatus</strong></span> <span class='ocrx_word' id='word_1_654' title='bbox 2463 4346 2570 4403; x_wconf 88' lang='lat' dir='ltr'><strong>est,</strong></span> <span class='ocrx_word' id='word_1_655' title='bbox 2598 4338 2719 4407; x_wconf 67' lang='lat' dir='ltr'><strong>{non</strong></span> <span class='ocrx_word' id='word_1_656' title='bbox 2773 4333 2953 4406; x_wconf 90' lang='lat' dir='ltr'><strong>quoad</strong></span> <span class='ocrx_word' id='word_1_657' title='bbox 2985 4328 3544 4421; x_wconf 73' lang='lat' dir='ltr'><strong>corpus.attenditur,</strong></span> 
     </span>
    </p>
   </div>
   <div class='ocr_carea' id='block_1_90' title="bbox 328 4419 1877 4518">
    <p class='ocr_par' dir='ltr' id='par_1_90' title="bbox 328 4419 1877 4518">
     <span class='ocr_line' id='line_1_91' title="bbox 328 4419 1877 4518; baseline -0.004 -25"><span class='ocrx_word' id='word_1_658' title='bbox 328 4455 414 4493; x_wconf 87' lang='grc' dir='ltr'><strong>νει</strong></span> <span class='ocrx_word' id='word_1_659' title='bbox 428 4439 469 4511; x_wconf 76' lang='grc' dir='ltr'><strong>ο)</strong></span> <span class='ocrx_word' id='word_1_660' title='bbox 494 4438 628 4493; x_wconf 76' lang='grc' dir='ltr'>ἀλλὰ</span> <span class='ocrx_word' id='word_1_661' title='bbox 659 4439 787 4511; x_wconf 74' lang='grc' dir='ltr'>περὶ</span> <span class='ocrx_word' id='word_1_662' title='bbox 824 4419 1020 4518; x_wconf 58' lang='grc' dir='ltr'>ψυχήν.</span> <span class='ocrx_word' id='word_1_663' title='bbox 1053 4437 1270 4497; x_wconf 75' lang='grc' dir='ltr'>Αὐτίκα,</span> <span class='ocrx_word' id='word_1_664' title='bbox 1285 4436 1468 4501; x_wconf 81' lang='grc' dir='ltr'>δοῦλος</span> <span class='ocrx_word' id='word_1_665' title='bbox 1504 4433 1638 4490; x_wconf 82' lang='grc' dir='ltr'>Θεοῦ</span> <span class='ocrx_word' id='word_1_666' title='bbox 1666 4434 1783 4506; x_wconf 75' lang='grc' dir='ltr'><strong>ἅμα</strong></span> <span class='ocrx_word' id='word_1_667' title='bbox 1811 4432 1877 4505; x_wconf 70' lang='grc' dir='ltr'>τᾷ</span> 
     </span>
    </p>
   </div>
   <div class='ocr_carea' id='block_1_91' title="bbox 1966 4419 3546 4518">
    <p class='ocr_par' dir='ltr' id='par_1_91' title="bbox 1991 4419 3546 4497">
     <span class='ocr_line' id='line_1_92' title="bbox 1991 4419 3546 4497; baseline -0.012 -2"><span class='ocrx_word' id='word_1_668' title='bbox 1991 4419 2132 4494; x_wconf 82' lang='lat' dir='ltr'><strong>idem</strong></span> <span class='ocrx_word' id='word_1_669' title='bbox 2159 4435 2305 4491; x_wconf 88' lang='lat' dir='ltr'><strong>enim</strong></span> <span class='ocrx_word' id='word_1_670' title='bbox 2338 4430 2611 4494; x_wconf 88' lang='lat' dir='ltr'><strong>ascendit,</strong></span> <span class='ocrx_word' id='word_1_671' title='bbox 2647 4427 2742 4484; x_wconf 88' lang='lat' dir='ltr'><strong>sed</strong></span> <span class='ocrx_word' id='word_1_672' title='bbox 2773 4425 2953 4497; x_wconf 86' lang='lat' dir='ltr'><strong>quoad</strong></span> <span class='ocrx_word' id='word_1_673' title='bbox 2985 4422 3242 4480; x_wconf 81' lang='lat' dir='ltr'><strong>animam.</strong></span> <span class='ocrx_word' id='word_1_674' title='bbox 3281 4420 3430 4476; x_wconf 90' lang='lat' dir='ltr'><strong>Illico</strong></span> <span class='ocrx_word' id='word_1_675' title='bbox 3453 4419 3546 4476; x_wconf 90' lang='lat' dir='ltr'><strong>Dei</strong></span> 
     </span>
    </p>
   </div>
   <div class='ocr_carea' id='block_1_92' title="bbox 329 4513 1877 4604">
    <p class='ocr_par' dir='ltr' id='par_1_92' title="bbox 329 4513 1877 4604">
     <span class='ocr_line' id='line_1_93' title="bbox 329 4513 1877 4604; baseline -0.003 -18"><span class='ocrx_word' id='word_1_676' title='bbox 329 4532 574 4586; x_wconf 78' lang='grc' dir='ltr'>ἀνελθεῖν</span> <span class='ocrx_word' id='word_1_677' title='bbox 600 4532 697 4587; x_wconf 78' lang='grc' dir='ltr'>τοῦ</span> <span class='ocrx_word' id='word_1_678' title='bbox 731 4513 1101 4604; x_wconf 80' lang='grc' dir='ltr'>βαπτίσματος</span> <span class='ocrx_word' id='word_1_679' title='bbox 1127 4532 1223 4587; x_wconf 82' lang='grc' dir='ltr'>καὶ</span> <span class='ocrx_word' id='word_1_680' title='bbox 1250 4530 1386 4601; x_wconf 80' lang='grc' dir='ltr'>πρὸς</span> <span class='ocrx_word' id='word_1_681' title='bbox 1420 4529 1527 4583; x_wconf 85' lang='grc' dir='ltr'><strong>τῶν</strong></span> <span class='ocrx_word' id='word_1_682' title='bbox 1566 4528 1877 4602; x_wconf 62' lang='grc' dir='ltr'>ἀκαθάρτων</span> 
     </span>
    </p>
   </div>
   <div class='ocr_carea' id='block_1_93' title="bbox 1966 4513 3550 4604">
    <p class='ocr_par' dir='ltr' id='par_1_93' title="bbox 1994 4513 3550 4597">
     <span class='ocr_line' id='line_1_94' title="bbox 1994 4513 3550 4597; baseline -0.013 -10"><span class='ocrx_word' id='word_1_683' title='bbox 1994 4544 2205 4594; x_wconf 80' lang='lat' dir='ltr'><strong>servus,</strong></span> <span class='ocrx_word' id='word_1_684' title='bbox 2233 4542 2392 4597; x_wconf 90' lang='lat' dir='ltr'><strong>quam</strong></span> <span class='ocrx_word' id='word_1_685' title='bbox 2417 4524 2651 4596; x_wconf 89' lang='lat' dir='ltr'><strong>primum</strong></span> <span class='ocrx_word' id='word_1_686' title='bbox 2672 4536 2705 4575; x_wconf 92' lang='lat' dir='ltr'><strong>a</strong></span> <span class='ocrx_word' id='word_1_687' title='bbox 2725 4520 3049 4591; x_wconf 87' lang='lat' dir='ltr'><strong>baptismate</strong></span> <span class='ocrx_word' id='word_1_688' title='bbox 3068 4514 3373 4572; x_wconf 89' lang='lat' dir='ltr'><strong>ascenderit</strong></span> <span class='ocrx_word' id='word_1_689' title='bbox 3392 4513 3550 4584; x_wconf 80' lang='lat' dir='ltr'><strong>spiri-</strong></span> 
     </span>
    </p>
   </div>
   <div class='ocr_carea' id='block_1_94' title="bbox 330 4606 1877 4695">
    <p class='ocr_par' dir='ltr' id='par_1_94' title="bbox 330 4619 1877 4695">
     <span class='ocr_line' id='line_1_95' title="bbox 330 4619 1877 4695; baseline -0.001 -19"><span class='ocrx_word' id='word_1_690' title='bbox 330 4622 550 4692; x_wconf 79' lang='grc' dir='ltr'>λέγεται</span> <span class='ocrx_word' id='word_1_691' title='bbox 579 4622 691 4695; x_wconf 78' lang='grc'><strong>(21)</strong></span> <span class='ocrx_word' id='word_1_692' title='bbox 717 4623 1060 4695; x_wconf 85' lang='grc' dir='ltr'>πνευμάτων,</span> <span class='ocrx_word' id='word_1_693' title='bbox 1091 4622 1185 4676; x_wconf 78' lang='grc' dir='ltr'><strong>καὶ</strong></span> <span class='ocrx_word' id='word_1_694' title='bbox 1216 4623 1295 4686; x_wconf 81' lang='grc' dir='ltr'>εἰς</span> <span class='ocrx_word' id='word_1_695' title='bbox 1313 4619 1375 4675; x_wconf 82' lang='grc' dir='ltr'>ὃν</span> <span class='ocrx_word' id='word_1_696' title='bbox 1406 4620 1511 4692; x_wconf 82' lang='grc' dir='ltr'><strong>πρὸ</strong></span> <span class='ocrx_word' id='word_1_697' title='bbox 1530 4620 1711 4691; x_wconf 84' lang='grc' dir='ltr'>ὀλίγου</span> <span class='ocrx_word' id='word_1_698' title='bbox 1739 4623 1877 4692; x_wconf 80' lang='grc' dir='ltr'>ἐνήρ</span> 
     </span>
    </p>
   </div>
   <div class='ocr_carea' id='block_1_95' title="bbox 1966 4606 3548 4695">
    <p class='ocr_par' dir='ltr' id='par_1_95' title="bbox 1994 4606 3548 4691">
     <span class='ocr_line' id='line_1_96' title="bbox 1994 4606 3548 4691; baseline -0.013 -12"><span class='ocrx_word' id='word_1_699' title='bbox 1994 4624 2140 4679; x_wconf 90' lang='lat' dir='ltr'><strong>tibus</strong></span> <span class='ocrx_word' id='word_1_700' title='bbox 2167 4619 2301 4691; x_wconf 88' lang='lat' dir='ltr'><strong>ipsis</strong></span> <span class='ocrx_word' id='word_1_701' title='bbox 2330 4615 2559 4687; x_wconf 82' lang='lat' dir='ltr'><strong>impuris</strong></span> <span class='ocrx_word' id='word_1_702' title='bbox 2587 4627 2775 4668; x_wconf 86' lang='lat' dir='ltr'><strong>aurem</strong></span> <span class='ocrx_word' id='word_1_703' title='bbox 2796 4611 2957 4667; x_wconf 90' lang='lat' dir='ltr'><strong>etiam</strong></span> <span class='ocrx_word' id='word_1_704' title='bbox 2983 4609 3206 4682; x_wconf 71' lang='lat' dir='ltr'><strong>praebet,</strong></span> <span class='ocrx_word' id='word_1_705' title='bbox 3228 4614 3286 4662; x_wconf 90' lang='lat' dir='ltr'><strong>et</strong></span> <span class='ocrx_word' id='word_1_706' title='bbox 3310 4606 3365 4661; x_wconf 91' lang='lat' dir='ltr'><strong>in</strong></span> <span class='ocrx_word' id='word_1_707' title='bbox 3389 4621 3548 4676; x_wconf 90' lang='lat' dir='ltr'><strong>quem</strong></span> 
     </span>
    </p>
   </div>
   <div class='ocr_carea' id='block_1_96' title="bbox 332 4701 1877 4787">
    <p class='ocr_par' dir='ltr' id='par_1_96' title="bbox 332 4714 1196 4787">
     <span class='ocr_line' id='line_1_97' title="bbox 332 4714 1196 4787; baseline -0.001 -18"><span class='ocrx_word' id='word_1_708' title='bbox 332 4732 491 4785; x_wconf 81' lang='grc' dir='ltr'>γουν,</span> <span class='ocrx_word' id='word_1_709' title='bbox 516 4715 703 4769; x_wconf 78' lang='grc' dir='ltr'>τοῦτον</span> <span class='ocrx_word' id='word_1_710' title='bbox 729 4715 829 4787; x_wconf 70' lang='grc' dir='ltr'>ήδη</span> <span class='ocrx_word' id='word_1_711' title='bbox 863 4714 1196 4786; x_wconf 80' lang='grc' dir='ltr'>φρίσσουσιν.</span> 
     </span>
    </p>
   </div>
   <div class='ocr_carea' id='block_1_97' title="bbox 1966 4701 3512 4787">
    <p class='ocr_par' dir='ltr' id='par_1_97' title="bbox 1994 4701 3512 4783">
     <span class='ocr_line' id='line_1_98' title="bbox 1994 4701 3512 4783; baseline -0.011 -18"><span class='ocrx_word' id='word_1_712' title='bbox 1994 4710 2156 4783; x_wconf 86' lang='lat' dir='ltr'><strong>paulo</strong></span> <span class='ocrx_word' id='word_1_713' title='bbox 2183 4717 2307 4762; x_wconf 86' lang='lat' dir='ltr'><strong>ante</strong></span> <span class='ocrx_word' id='word_1_714' title='bbox 2343 4705 2592 4777; x_wconf 88' lang='lat' dir='ltr'><strong>agebant,</strong></span> <span class='ocrx_word' id='word_1_715' title='bbox 2618 4704 2765 4757; x_wconf 88' lang='lat' dir='ltr'><strong>hunc</strong></span> <span class='ocrx_word' id='word_1_716' title='bbox 2787 4701 2899 4771; x_wconf 89' lang='lat' dir='ltr'><strong>jam</strong></span> <span class='ocrx_word' id='word_1_717' title='bbox 2930 4701 3119 4755; x_wconf 89' lang='lat' dir='ltr'><strong>timent</strong></span> <span class='ocrx_word' id='word_1_718' title='bbox 3148 4704 3512 4765; x_wconf 84' lang='lat' dir='ltr'><strong>tremuntque.</strong></span> 
     </span>
    </p>
   </div>
   <div class='ocr_carea' id='block_1_98' title="bbox 411 4787 1877 4880">
    <p class='ocr_par' dir='ltr' id='par_1_98' title="bbox 411 4798 1877 4880">
     <span class='ocr_line' id='line_1_99' title="bbox 411 4798 1877 4880; baseline -0.006 -17"><span class='ocrx_word' id='word_1_719' title='bbox 411 4810 535 4863; x_wconf 81' lang='lat' dir='ltr'><strong>OH&#39;.</strong></span> <span class='ocrx_word' id='word_1_720' title='bbox 569 4810 744 4880; x_wconf 86' lang='grc' dir='ltr'>Μέχρι</span> <span class='ocrx_word' id='word_1_721' title='bbox 787 4807 881 4861; x_wconf 80' lang='grc' dir='ltr'>τοῦ</span> <span class='ocrx_word' id='word_1_722' title='bbox 934 4806 1305 4878; x_wconf 85' lang='grc' dir='ltr'>βαπτίσματος</span> <span class='ocrx_word' id='word_1_723' title='bbox 1350 4798 1443 4859; x_wconf 81' lang='grc' dir='ltr'>οὖν</span> <span class='ocrx_word' id='word_1_724' title='bbox 1475 4805 1509 4873; x_wconf 81' lang='grc' dir='ltr'><strong>ἡ</strong></span> <span class='ocrx_word' id='word_1_725' title='bbox 1555 4804 1877 4875; x_wconf 80' lang='grc' dir='ltr'>εἱμαρμένη.</span> 
     </span>
    </p>
   </div>
   <div class='ocr_carea' id='block_1_99' title="bbox 1966 4787 3546 4880">
    <p class='ocr_par' dir='ltr' id='par_1_99' title="bbox 2071 4787 3546 4880">
     <span class='ocr_line' id='line_1_100' title="bbox 2071 4787 3546 4880; baseline -0.012 -23"><span class='ocrx_word' id='word_1_726' title='bbox 2071 4796 2351 4856; x_wconf 77' lang='lat' dir='ltr'><strong>LXXVIII.</strong></span> <span class='ocrx_word' id='word_1_727' title='bbox 2389 4795 2470 4851; x_wconf 83' lang='lat' dir='ltr'><strong>Ad</strong></span> <span class='ocrx_word' id='word_1_728' title='bbox 2514 4794 2844 4866; x_wconf 86' lang='lat' dir='ltr'><strong>baptismum</strong></span> <span class='ocrx_word' id='word_1_729' title='bbox 2889 4794 3079 4862; x_wconf 82' lang='lat' dir='ltr'><strong>itaque,</strong></span> <span class='ocrx_word' id='word_1_730' title='bbox 3106 4804 3301 4859; x_wconf 84' lang='lat' dir='ltr'><strong>usque,</strong></span> <span class='ocrx_word' id='word_1_731' title='bbox 3329 4787 3546 4880; x_wconf 68' lang='lat' dir='ltr'><strong>fatum,</strong></span> 
     </span>
    </p>
   </div>
   <div class='ocr_carea' id='block_1_100' title="bbox 338 4878 1877 4973">
    <p class='ocr_par' dir='ltr' id='par_1_100' title="bbox 338 4878 1877 4973">
     <span class='ocr_line' id='line_1_101' title="bbox 338 4878 1877 4973; baseline -0.007 -15"><span class='ocrx_word' id='word_1_732' title='bbox 338 4902 522 4973; x_wconf 71' lang='grc' dir='ltr'>φασιν,</span> <span class='ocrx_word' id='word_1_733' title='bbox 557 4878 789 4973; x_wconf 63' lang='grc' dir='ltr'>ἀληθής·</span> <span class='ocrx_word' id='word_1_734' title='bbox 830 4900 968 4970; x_wconf 87' lang='grc' dir='ltr'>μετὰ</span> <span class='ocrx_word' id='word_1_735' title='bbox 994 4900 1061 4961; x_wconf 70' lang='grc' dir='ltr'><strong>δέ,</strong></span> <span class='ocrx_word' id='word_1_736' title='bbox 1077 4899 1231 4954; x_wconf 77' lang='grc' dir='ltr'>τοῦτο</span> <span class='ocrx_word' id='word_1_737' title='bbox 1259 4900 1359 4955; x_wconf 82' lang='grc' dir='ltr'><strong>οὐκ</strong></span> <span class='ocrx_word' id='word_1_738' title='bbox 1410 4898 1489 4951; x_wconf 77' lang='grc' dir='ltr'>ἔτι</span> <span class='ocrx_word' id='word_1_739' title='bbox 1542 4896 1877 4969; x_wconf 61' lang='grc' dir='ltr'>ἀληθεύουσα</span> 
     </span>
    </p>
   </div>
   <div class='ocr_carea' id='block_1_101' title="bbox 1966 4878 3547 4973">
    <p class='ocr_par' dir='ltr' id='par_1_101' title="bbox 2000 4878 3547 4959">
     <span class='ocr_line' id='line_1_102' title="bbox 2000 4878 3547 4959; baseline -0.012 -9"><span class='ocrx_word' id='word_1_740' title='bbox 2000 4893 2223 4956; x_wconf 90' lang='lat' dir='ltr'><strong>dicunt,</strong></span> <span class='ocrx_word' id='word_1_741' title='bbox 2272 4904 2460 4946; x_wconf 87' lang='lat' dir='ltr'><strong>verum</strong></span> <span class='ocrx_word' id='word_1_742' title='bbox 2498 4890 2611 4944; x_wconf 90' lang='lat' dir='ltr'><strong>sit:</strong></span> <span class='ocrx_word' id='word_1_743' title='bbox 2650 4895 2705 4941; x_wconf 90' lang='lat' dir='ltr'><strong>at</strong></span> <span class='ocrx_word' id='word_1_744' title='bbox 2736 4892 2859 4959; x_wconf 80' lang='lat' dir='ltr'><strong>post</strong></span> <span class='ocrx_word' id='word_1_745' title='bbox 2898 4884 3079 4955; x_wconf 89' lang='lat' dir='ltr'><strong>ipsum</strong></span> <span class='ocrx_word' id='word_1_746' title='bbox 3126 4881 3239 4936; x_wconf 85' lang='lat' dir='ltr'><strong>veri</strong></span> <span class='ocrx_word' id='word_1_747' title='bbox 3286 4878 3420 4932; x_wconf 86' lang='lat' dir='ltr'><strong>nihil</strong></span> <span class='ocrx_word' id='word_1_748' title='bbox 3472 4879 3547 4933; x_wconf 86' lang='lat' dir='ltr'><strong>lo-</strong></span> 
     </span>
    </p>
   </div>
   <div class='ocr_carea' id='block_1_102' title="bbox 664 5047 731 5096">
    <p class='ocr_par' dir='ltr' id='par_1_102' title="bbox 664 5047 731 5096">
     <span class='ocr_line' id='line_1_103' title="bbox 664 5047 731 5096; baseline 0 0"><span class='ocrx_word' id='word_1_749' title='bbox 664 5047 731 5096; x_wconf 61' lang='lat'><strong>8‘</strong></span> 
     </span>
    </p>
   </div>
   <div class='ocr_carea' id='block_1_103' title="bbox 417 5110 2201 5184">
    <p class='ocr_par' dir='ltr' id='par_1_103' title="bbox 417 5110 2201 5184">
     <span class='ocr_line' id='line_1_104' title="bbox 417 5110 2201 5184; baseline -0.001 -13"><span class='ocrx_word' id='word_1_750' title='bbox 417 5125 477 5184; x_wconf 57' lang='grc' dir='ltr'><strong>ᾖ(</strong></span> <span class='ocrx_word' id='word_1_751' title='bbox 518 5118 577 5173; x_wconf 88' lang='grc' dir='ltr'><strong>Ρ.</strong></span> <span class='ocrx_word' id='word_1_752' title='bbox 622 5110 726 5184; x_wconf 81' lang='lat'><strong>9,77</strong></span> <span class='ocrx_word' id='word_1_753' title='bbox 764 5113 869 5167; x_wconf 85' lang='lat' dir='ltr'><strong>ED.</strong></span> <span class='ocrx_word' id='word_1_754' title='bbox 913 5110 1203 5184; x_wconf 72' lang='lat' dir='ltr'><strong>POTTEB.</strong></span> <span class='ocrx_word' id='word_1_755' title='bbox 1247 5125 1272 5153; x_wconf 75' lang='grc' dir='ltr'>ι</span> <span class='ocrx_word' id='word_1_756' title='bbox 1311 5111 1464 5167; x_wconf 84' lang='lat' dir='ltr'><strong>Joan.</strong></span> <span class='ocrx_word' id='word_1_757' title='bbox 1504 5130 1558 5179; x_wconf 72' lang='grc' dir='ltr'>ς,</span> <span class='ocrx_word' id='word_1_758' title='bbox 1602 5114 1687 5168; x_wconf 86' lang='lat' dir='ltr'><strong>ll.</strong></span> <span class='ocrx_word' id='word_1_759' title='bbox 1770 5117 1795 5155; x_wconf 71' lang='grc' dir='ltr'>ιι</span> <span class='ocrx_word' id='word_1_760' title='bbox 1835 5111 1979 5177; x_wconf 51' lang='lat' dir='ltr'><strong>Luc:</strong></span> <span class='ocrx_word' id='word_1_761' title='bbox 2011 5128 2071 5183; x_wconf 83' lang='lat' dir='ltr'><strong>Il,</strong></span> <span class='ocrx_word' id='word_1_762' title='bbox 2117 5117 2201 5171; x_wconf 75' lang='grc'><strong>14.</strong></span> 
     </span>
    </p>
   </div>
   <div class='ocr_carea' id='block_1_104' title="bbox 346 5182 1229 5255">
    <p class='ocr_par' dir='ltr' id='par_1_104' title="bbox 346 5182 1229 5255">
     <span class='ocr_line' id='line_1_105' title="bbox 346 5182 1229 5255; baseline -0.011 -8"><span class='ocrx_word' id='word_1_763' title='bbox 346 5209 378 5246; x_wconf 73' lang='lat' dir='ltr'><strong>x</strong></span> <span class='ocrx_word' id='word_1_764' title='bbox 405 5182 542 5255; x_wconf 17' lang='lat' dir='ltr'><strong>,Vl9.</strong></span> <span class='ocrx_word' id='word_1_765' title='bbox 625 5182 874 5239; x_wconf 71' lang='lat' dir='ltr'><strong>&quot;Matth.</strong></span> <span class='ocrx_word' id='word_1_766' title='bbox 919 5199 1107 5247; x_wconf 77' lang='lat' dir='ltr'><strong>xxvm,</strong></span> <span class='ocrx_word' id='word_1_767' title='bbox 1144 5182 1229 5238; x_wconf 88' lang='lat' dir='ltr'><strong>l9.</strong></span> 
     </span>
    </p>
   </div>
   <div class='ocr_carea' id='block_1_105' title="bbox 2290 5101 3547 5179">
    <p class='ocr_par' dir='ltr' id='par_1_105' title="bbox 2290 5101 3547 5179">
     <span class='ocr_line' id='line_1_106' title="bbox 2290 5101 3547 5179; baseline -0.011 -9"><span class='ocrx_word' id='word_1_768' title='bbox 2290 5127 2309 5154; x_wconf 76' lang='grc' dir='ltr'><strong>ε</strong></span> <span class='ocrx_word' id='word_1_769' title='bbox 2352 5115 2517 5169; x_wconf 81' lang='lat' dir='ltr'><strong>Matth</strong></span> <span class='ocrx_word' id='word_1_770' title='bbox 2585 5129 2646 5179; x_wconf 84' lang='grc' dir='ltr'>ιι,</span> <span class='ocrx_word' id='word_1_771' title='bbox 2680 5114 2728 5167; x_wconf 72' lang='lat'><strong>2.</strong></span> <span class='ocrx_word' id='word_1_772' title='bbox 2808 5110 2835 5149; x_wconf 71' lang='grc' dir='ltr'><em>ἀ</em></span> <span class='ocrx_word' id='word_1_773' title='bbox 2874 5108 2991 5163; x_wconf 84' lang='lat' dir='ltr'><strong>Gal.</strong></span> <span class='ocrx_word' id='word_1_774' title='bbox 3039 5122 3132 5173; x_wconf 86' lang='grc' dir='ltr'>ιιι,</span> <span class='ocrx_word' id='word_1_775' title='bbox 3176 5106 3275 5159; x_wconf 72' lang='lat'><strong>27.</strong></span> <span class='ocrx_word' id='word_1_776' title='bbox 3350 5116 3373 5142; x_wconf 78' lang='grc' dir='ltr'><strong>ο</strong></span> <span class='ocrx_word' id='word_1_777' title='bbox 3415 5101 3547 5157; x_wconf 88' lang='lat' dir='ltr'><strong>Luc.</strong></span> 
     </span>
    </p>
   </div>
   <div class='ocr_carea' id='block_1_106' title="bbox 442 5325 1682 5399">
    <p class='ocr_par' dir='ltr' id='par_1_106' title="bbox 442 5325 1682 5399">
     <span class='ocr_line' id='line_1_107' title="bbox 442 5325 1682 5399; baseline -0.009 -11"><span class='ocrx_word' id='word_1_778' title='bbox 442 5332 528 5399; x_wconf 87' lang='lat' dir='ltr'><strong>l7)</strong></span> <span class='ocrx_word' id='word_1_779' title='bbox 559 5331 710 5399; x_wconf 85' lang='grc' dir='ltr'>Πρὸς</span> <span class='ocrx_word' id='word_1_780' title='bbox 730 5329 836 5383; x_wconf 77' lang='grc' dir='ltr'>ἔτι.</span> <span class='ocrx_word' id='word_1_781' title='bbox 871 5327 1049 5399; x_wconf 74' lang='lat' dir='ltr'><strong>Malim</strong></span> <span class='ocrx_word' id='word_1_782' title='bbox 1086 5326 1415 5399; x_wconf 80' lang='lat' dir='ltr'><strong>conjunctim</strong></span> <span class='ocrx_word' id='word_1_783' title='bbox 1445 5325 1682 5399; x_wconf 63' lang='grc' dir='ltr'>προσέτι,</span> 
     </span>
    </p>
   </div>
   <div class='ocr_carea' id='block_1_107' title="bbox 414 5332 2061 5472">
    <p class='ocr_par' dir='ltr' id='par_1_107' title="bbox 414 5332 2061 5472">
     <span class='ocr_line' id='line_1_108' title="bbox 442 5332 1682 5399; baseline -0.006 -11"><span class='ocrx_word' id='word_1_784' title='bbox 442 5334 465 5388; x_wconf 87' lang='lat' dir='ltr'><strong>l</strong></span> <span class='ocrx_word' id='word_1_785' title='bbox 559 5332 710 5399; x_wconf 85' lang='grc' dir='ltr'>Πρὸς</span> <span class='ocrx_word' id='word_1_786' title='bbox 730 5332 836 5383; x_wconf 77' lang='grc' dir='ltr'>ἔτι.</span> <span class='ocrx_word' id='word_1_787' title='bbox 871 5332 1049 5382; x_wconf 81' lang='lat' dir='ltr'><strong>Malim</strong></span> <span class='ocrx_word' id='word_1_788' title='bbox 1086 5332 1415 5395; x_wconf 87' lang='lat' dir='ltr'><strong>conjunctim</strong></span> <span class='ocrx_word' id='word_1_789' title='bbox 1445 5332 1682 5396; x_wconf 87' lang='grc' dir='ltr'>προσέτι.</span> 
     </span>
     <span class='ocr_line' id='line_1_109' title="bbox 414 5332 2061 5472; baseline -0.003 -15"><span class='ocrx_word' id='word_1_790' title='bbox 414 5332 531 5472; x_wconf 40' lang='lat' dir='ltr'><strong>ilbi;</strong></span> <span class='ocrx_word' id='word_1_791' title='bbox 589 5403 720 5472; x_wconf 55' lang='grc' dir='ltr'><strong>Ἀπί</strong></span> <span class='ocrx_word' id='word_1_792' title='bbox 766 5397 1053 5472; x_wconf 64' lang='grc' dir='ltr'>οὐρανῷν.</span> <span class='ocrx_word' id='word_1_793' title='bbox 1089 5405 1154 5452; x_wconf 83' lang='grc' dir='ltr'><strong>Α.</strong></span> <span class='ocrx_word' id='word_1_794' title='bbox 1188 5396 1281 5451; x_wconf 78' lang='grc' dir='ltr'><strong>ἀπ’</strong></span> <span class='ocrx_word' id='word_1_795' title='bbox 1331 5395 1581 5472; x_wconf 73' lang='grc' dir='ltr'>ούρανοῦ,</span> <span class='ocrx_word' id='word_1_796' title='bbox 1636 5396 1900 5472; x_wconf 60' lang='lat' dir='ltr'><strong>singulari</strong></span> <span class='ocrx_word' id='word_1_797' title='bbox 2004 5415 2061 5452; x_wconf 85' lang='grc' dir='ltr'><strong>σε</strong></span> 
     </span>
    </p>
   </div>
   <div class='ocr_carea' id='block_1_108' title="bbox 349 5464 1897 5539">
    <p class='ocr_par' dir='ltr' id='par_1_108' title="bbox 349 5464 1897 5539">
     <span class='ocr_line' id='line_1_110' title="bbox 349 5464 1897 5539; baseline -0.006 -11"><span class='ocrx_word' id='word_1_798' title='bbox 349 5464 578 5528; x_wconf 73' lang='lat' dir='ltr'><strong>numero</strong></span> <span class='ocrx_word' id='word_1_799' title='bbox 610 5490 624 5525; x_wconf 89' lang='lat'><strong>:</strong></span> <span class='ocrx_word' id='word_1_800' title='bbox 667 5468 813 5525; x_wconf 84' lang='lat' dir='ltr'><strong>Flor.</strong></span> <span class='ocrx_word' id='word_1_801' title='bbox 835 5464 1113 5539; x_wconf 66' lang='lat' dir='ltr'><strong>ambiguo</strong></span> <span class='ocrx_word' id='word_1_802' title='bbox 1142 5481 1329 5539; x_wconf 85' lang='lat' dir='ltr'><strong>errore</strong></span> <span class='ocrx_word' id='word_1_803' title='bbox 1348 5464 1440 5518; x_wconf 79' lang='grc' dir='ltr'><strong>ἀπ’</strong></span> <span class='ocrx_word' id='word_1_804' title='bbox 1458 5464 1701 5536; x_wconf 85' lang='grc' dir='ltr'>οὐρανόν.</span> <span class='ocrx_word' id='word_1_805' title='bbox 1739 5464 1897 5539; x_wconf 70' lang='lat' dir='ltr'><strong>Sua.</strong></span> 
     </span>
    </p>
   </div>
   <div class='ocr_carea' id='block_1_109' title="bbox 2066 5315 3552 5450">
    <p class='ocr_par' dir='ltr' id='par_1_109' title="bbox 2066 5315 3552 5450">
     <span class='ocr_line' id='line_1_111' title="bbox 2066 5315 3552 5450; baseline -0.008 -67"><span class='ocrx_word' id='word_1_806' title='bbox 2066 5329 2188 5450; x_wconf 48' lang='grc' dir='ltr'><strong>ἔξεο)</strong></span> <span class='ocrx_word' id='word_1_807' title='bbox 2226 5329 2351 5381; x_wconf 84' lang='grc' dir='ltr'>Ὅτι</span> <span class='ocrx_word' id='word_1_808' title='bbox 2381 5324 2813 5408; x_wconf 42' lang='grc' dir='ltr'>θεοσεόηΡΙεηιι</span> <span class='ocrx_word' id='word_1_809' title='bbox 2865 5331 3140 5410; x_wconf 69' lang='lat' dir='ltr'><strong>structura</strong></span> <span class='ocrx_word' id='word_1_810' title='bbox 3180 5326 3285 5385; x_wconf 88' lang='lat' dir='ltr'><strong>est,</strong></span> <span class='ocrx_word' id='word_1_811' title='bbox 3320 5320 3401 5372; x_wconf 75' lang='grc' dir='ltr'>ὅτι</span> <span class='ocrx_word' id='word_1_812' title='bbox 3436 5315 3552 5371; x_wconf 78' lang='grc' dir='ltr'>θεο-</span> 
     </span>
     <span class='ocr_line' id='line_1_112' title="bbox 2099 5389 3445 5450; baseline -0.007 0"><span class='ocrx_word' id='word_1_813' title='bbox 2099 5416 2175 5450; x_wconf 89' lang='grc' dir='ltr'>ων</span> <span class='ocrx_word' id='word_1_814' title='bbox 2201 5398 2392 5450; x_wconf 77' lang='grc' dir='ltr'>ἐτένθη</span> <span class='ocrx_word' id='word_1_815' title='bbox 2428 5398 2693 5450; x_wconf 76' lang='grc' dir='ltr'>Βασιλεύς.</span> <span class='ocrx_word' id='word_1_816' title='bbox 2723 5396 2853 5449; x_wconf 85' lang='grc' dir='ltr'>Τότε</span> <span class='ocrx_word' id='word_1_817' title='bbox 2877 5394 2984 5450; x_wconf 78' lang='grc' dir='ltr'><strong>γὰρ</strong></span> <span class='ocrx_word' id='word_1_818' title='bbox 3027 5391 3158 5445; x_wconf 80' lang='grc' dir='ltr'>Ῑουδ.</span> <span class='ocrx_word' id='word_1_819' title='bbox 3184 5389 3445 5444; x_wconf 73' lang='grc' dir='ltr'><strong>δηιιυιισ.</strong></span> 
     </span>
    </p>
   </div>
   <div class='ocr_carea' id='block_1_110' title="bbox 2099 5389 3445 5468">
    <p class='ocr_par' dir='ltr' id='par_1_110' title="bbox 2099 5389 3445 5468">
     <span class='ocr_line' id='line_1_113' title="bbox 2099 5389 3445 5468; baseline -0.007 -17"><span class='ocrx_word' id='word_1_820' title='bbox 2099 5389 2181 5451; x_wconf 74' lang='grc' dir='ltr'><strong>ὢν</strong></span> <span class='ocrx_word' id='word_1_821' title='bbox 2201 5398 2392 5468; x_wconf 76' lang='grc' dir='ltr'>ἐτέχθη</span> <span class='ocrx_word' id='word_1_822' title='bbox 2427 5395 2693 5468; x_wconf 80' lang='grc' dir='ltr'>βασιλεύς.</span> <span class='ocrx_word' id='word_1_823' title='bbox 2723 5396 2853 5468; x_wconf 75' lang='grc' dir='ltr'>Τότε</span> <span class='ocrx_word' id='word_1_824' title='bbox 2877 5394 2984 5468; x_wconf 75' lang='grc' dir='ltr'>γᾲρ</span> <span class='ocrx_word' id='word_1_825' title='bbox 3011 5391 3158 5445; x_wconf 78' lang='grc' dir='ltr'>’Ῑουδ.</span> <span class='ocrx_word' id='word_1_826' title='bbox 3184 5389 3445 5444; x_wconf 72' lang='grc' dir='ltr'>δηιιυιιο.</span> 
     </span>
    </p>
   </div>
   <div class='ocr_carea' id='block_1_111' title="bbox 2070 5463 3557 5539">
    <p class='ocr_par' dir='ltr' id='par_1_111' title="bbox 2070 5463 3557 5539">
     <span class='ocr_line' id='line_1_114' title="bbox 2070 5463 3557 5539; baseline -0.008 -17"><span class='ocrx_word' id='word_1_827' title='bbox 2070 5468 2183 5538; x_wconf 70' lang='grc'><strong>(21)</strong></span> <span class='ocrx_word' id='word_1_828' title='bbox 2225 5463 2484 5539; x_wconf 64' lang='grc' dir='ltr'>Λέγεται.</span> <span class='ocrx_word' id='word_1_829' title='bbox 2535 5466 2764 5539; x_wconf 74' lang='grc' dir='ltr'>ᾼέγεται</span> <span class='ocrx_word' id='word_1_830' title='bbox 2816 5463 2955 5539; x_wconf 65' lang='lat' dir='ltr'><strong>ferri</strong></span> <span class='ocrx_word' id='word_1_831' title='bbox 2988 5467 3183 5532; x_wconf 88' lang='lat' dir='ltr'><strong>potest,</strong></span> <span class='ocrx_word' id='word_1_832' title='bbox 3230 5473 3421 5539; x_wconf 81' lang='lat' dir='ltr'><strong>nempe</strong></span> <span class='ocrx_word' id='word_1_833' title='bbox 3458 5468 3557 5527; x_wconf 86' lang='lat' dir='ltr'><strong>pro</strong></span> 
     </span>
    </p>
   </div>
   <div class='ocr_carea' id='block_1_112' title="bbox 419 5532 1877 5611">
    <p class='ocr_par' dir='ltr' id='par_1_112' title="bbox 419 5532 1877 5611">
     <span class='ocr_line' id='line_1_115' title="bbox 419 5532 1877 5611; baseline -0.006 -15"><span class='ocrx_word' id='word_1_834' title='bbox 419 5542 531 5611; x_wconf 81' lang='lat' dir='ltr'><strong>(l9)</strong></span> <span class='ocrx_word' id='word_1_835' title='bbox 571 5532 1034 5610; x_wconf 64' lang='grc' dir='ltr'>Ἀστροθεσίανῖ</span> <span class='ocrx_word' id='word_1_836' title='bbox 1056 5537 1184 5593; x_wconf 86' lang='lat' dir='ltr'><strong>Post</strong></span> <span class='ocrx_word' id='word_1_837' title='bbox 1214 5538 1355 5611; x_wconf 79' lang='lat' dir='ltr'><strong>hanc</strong></span> <span class='ocrx_word' id='word_1_838' title='bbox 1387 5532 1570 5611; x_wconf 62' lang='lat' dir='ltr'><strong>vocem</strong></span> <span class='ocrx_word' id='word_1_839' title='bbox 1613 5550 1722 5611; x_wconf 74' lang='lat' dir='ltr'><strong>non</strong></span> <span class='ocrx_word' id='word_1_840' title='bbox 1763 5536 1877 5588; x_wconf 77' lang='lat' dir='ltr'><strong>mah</strong></span> 
     </span>
    </p>
   </div>
   <div class='ocr_carea' id='block_1_113' title="bbox 1966 5532 3543 5611">
    <p class='ocr_par' dir='ltr' id='par_1_113' title="bbox 2000 5532 3543 5611">
     <span class='ocr_line' id='line_1_116' title="bbox 2000 5532 3543 5611; baseline -0.008 -18"><span class='ocrx_word' id='word_1_841' title='bbox 2000 5532 2357 5611; x_wconf 72' lang='grc' dir='ltr'>ὁμολογεῖται,</span> <span class='ocrx_word' id='word_1_842' title='bbox 2401 5532 2829 5611; x_wconf 23' lang='lat' dir='ltr'><strong>si_quis_’tamen</strong></span> <span class='ocrx_word' id='word_1_843' title='bbox 2874 5532 3116 5587; x_wconf 73' lang='grc' dir='ltr'>λείπεται</span> <span class='ocrx_word' id='word_1_844' title='bbox 3164 5537 3256 5585; x_wconf 83' lang='lat' dir='ltr'><strong>aut</strong></span> <span class='ocrx_word' id='word_1_845' title='bbox 3281 5532 3543 5602; x_wconf 76' lang='grc' dir='ltr'>φεύγεται</span> 
     </span>
    </p>
   </div>
   <div class='ocr_carea' id='block_1_114' title="bbox 347 5603 2867 5682">
    <p class='ocr_par' dir='ltr' id='par_1_114' title="bbox 347 5603 2867 5682">
     <span class='ocr_line' id='line_1_117' title="bbox 347 5603 2867 5682; baseline -0.004 -18"><span class='ocrx_word' id='word_1_846' title='bbox 347 5603 1002 5682; x_wconf 59' lang='grc' dir='ltr'>ἁίέιίηὶετίεμὶιεείιιιεηε</span> <span class='ocrx_word' id='word_1_847' title='bbox 1030 5606 1358 5662; x_wconf 88' lang='lat' dir='ltr'><strong>commation</strong></span> <span class='ocrx_word' id='word_1_848' title='bbox 1388 5603 1556 5674; x_wconf 85' lang='grc' dir='ltr'>καινῷ</span> <span class='ocrx_word' id='word_1_849' title='bbox 1588 5605 1898 5682; x_wconf 43' lang='grc' dir='ltr'>φωτίηευῳ</span> <span class='ocrx_word' id='word_1_850' title='bbox 2002 5603 2184 5675; x_wconf 54' lang='lat' dir='ltr'><strong>niam;</strong></span> <span class='ocrx_word' id='word_1_851' title='bbox 2205 5627 2299 5682; x_wconf 71' lang='lat' dir='ltr'><strong>per</strong></span> <span class='ocrx_word' id='word_1_852' title='bbox 2325 5603 2409 5666; x_wconf 76' lang='lat' dir='ltr'><strong>me</strong></span> <span class='ocrx_word' id='word_1_853' title='bbox 2432 5603 2574 5663; x_wconf 69' lang='lat' dir='ltr'><strong>licét.</strong></span> <span class='ocrx_word' id='word_1_854' title='bbox 2605 5603 2867 5659; x_wconf 74' lang='lat' dir='ltr'><strong>Smcnc.</strong></span> 
     </span>
    </p>
   </div>
   <div class='ocr_carea' id='block_1_115' title="bbox 349 5674 1895 5805">
    <p class='ocr_par' dir='ltr' id='par_1_115' title="bbox 349 5674 1895 5805">
     <span class='ocr_line' id='line_1_118' title="bbox 349 5674 1895 5805; baseline -0.004 -69"><span class='ocrx_word' id='word_1_855' title='bbox 349 5682 594 5805; x_wconf 74' lang='lat' dir='ltr'><strong>ssequenti</strong></span> <span class='ocrx_word' id='word_1_856' title='bbox 628 5674 908 5752; x_wconf 68' lang='lat' dir='ltr'><strong>participio</strong></span> <span class='ocrx_word' id='word_1_857' title='bbox 935 5682 1213 5752; x_wconf 74' lang='lat' dir='ltr'><strong>jungatur,</strong></span> <span class='ocrx_word' id='word_1_858' title='bbox 1247 5693 1356 5733; x_wconf 89' lang='lat' dir='ltr'><strong>non</strong></span> <span class='ocrx_word' id='word_1_859' title='bbox 1382 5692 1505 5732; x_wconf 85' lang='lat' dir='ltr'><strong>cum</strong></span> <span class='ocrx_word' id='word_1_860' title='bbox 1536 5674 1895 5731; x_wconf 80' lang='lat' dir='ltr'><strong>antecedenti.</strong></span> 
     </span>
     <span class='ocr_line' id='line_1_119' title="bbox 392 5767 612 5805; baseline 0 0"><span class='ocrx_word' id='word_1_861' title='bbox 392 5767 612 5805; x_wconf 69' lang='lat' dir='ltr'><strong>sterno.</strong></span> 
     </span>
    </p>
   </div>
   <div class='ocr_carea' id='block_1_116' title="bbox 392 5767 612 5808">
    <p class='ocr_par' dir='ltr' id='par_1_116' title="bbox 392 5767 612 5808">
     <span class='ocr_line' id='line_1_120' title="bbox 392 5767 612 5808; baseline -0.005 -1"><span class='ocrx_word' id='word_1_862' title='bbox 392 5767 612 5808; x_wconf 71' lang='lat' dir='ltr'><strong>&#39;LBL‘RG.</strong></span> 
     </span>
    </p>
   </div>
  </div>
