4016 6308
435 241 539 298 I395

1562 237 1888 295 CLEIIENS
1926 235 2480 298 ALEXANDBINUS.

3550 236 3665 293 696

432 366 672 432 quuntur
698 359 977 432 astrologi.
1007 359 1105 416 Est
1146 368 1329 417 autem
1362 376 1474 416 non
1503 363 1679 417 solum
1712 363 1989 417 lavacrum

2105 362 2141 414 2i
2166 359 2691 432 άστρολόγοι.Ἕστιν
2717 358 2774 411 δὲ
2800 358 2860 411 οὒ
2892 358 2953 411 τὺ
2980 356 3201 428 λουτρὸν
3236 357 3397 428 μόνον
3424 356 3487 409 τὸ
3515 355 3668 408 ἐλευ-

433 454 576 524 quod
614 454 669 508 in
704 453 1010 510 libertatem
1058 469 1160 511 nos
1211 455 1442 521 asserit,
1490 470 1680 510 verum
1733 453 1896 508 etiam
1939 459 1994 507 et

432 545 661 601 scientia
690 546 879 615 quales
919 545 1203 610 fuerimus,
1235 548 1367 618 quid
1416 563 1607 605 sumus
1648 545 1858 611 ellecti,
1901 544 1992 599 ubi

431 650 669 701 eramus,
713 637 798 691 vel
826 636 917 691 ubi
948 636 1151 693 fuimus
1183 639 1437 710 conjecti,
1467 653 1576 709 quo
1610 650 1990 709 properamus,

433 726 573 784 unde
610 727 874 800 redempti
918 742 1129 795 sumus,
1158 731 1291 802 quid
1337 730 1635 802 generatio,
1681 726 1812 800 quid
1847 741 1997 797 rcge-

430 821 661 875 neratio.

496 907 661 978 359
709 906 946 965 LXXIX.
995 908 1247 977 Quandiu
1294 912 1497 983 itaque,
1546 912 1766 978 dicunt,
1817 913 1994 969 adhuc

428 1014 610 1053 semen
660 1009 746 1054 est
796 1001 1050 1069 informe,
1095 1003 1308 1059 femina:
1348 1012 1435 1060 εει
1486 1004 1670 1061 ﬁlius:
1707 1012 1992 1076 postquam

427 1104 555 1144 vero
583 1088 747 1144 fuerit
774 1090 1084 1159 formatum,
1113 1094 1168 1149 in
1193 1094 1367 1150 virum
1398 1095 1745 1160 transfertur,
1767 1103 1818 1152 et
1850 1097 1993 1151 ﬁlius

427 1182 613 1252 sponsi
644 1181 725 1246 ﬁt,
755 1199 862 1239 non
892 1186 1125 1256 amplius
1154 1186 1424 1256 inﬁrmus,
1450 1189 1627 1260 iisque
1652 1205 1775 1261 quae
1804 1187 1993 1244 mundi

427 1283 555 1329 sunt
581 1274 888 1332 visibilibus
917 1285 971 1334 et
1016 1279 1382 1338 invisibilibus
1428 1283 1729 1353 subjectus,
1773 1283 1868 1339 sed
1913 1283 1996 1338 vir

428 1364 623 1428 factus,
661 1365 872 1423 fructus
905 1371 1179 1426 masculus
1210 1388 1427 1442 quoque
1459 1372 1638 1430 factus
1670 1382 1778 1430 est.

497 1454 708 1510 LXXX.
751 1457 922 1524 Quem
955 1460 1126 1529 gignit
1166 1468 1360 1526 mater,
1392 1463 1449 1518 in
1498 1473 1726 1520 mortem
1762 1464 1994 1519 trahitur

427 1559 589 1619 atque
618 1549 674 1604 in
704 1552 964 1607 mundum
992 1571 1004 1606 :
1048 1568 1208 1622 quem
1243 1570 1371 1611 vero
1402 1565 1685 1627 regenerat
1717 1557 1992 1625 Christus,

427 1640 483 1694 in
515 1641 681 1695 vitam
710 1640 1036 1699 transfertur
1084 1645 1139 1699 in
1169 1645 1490 1717 ogdoadem,
1530 1658 1585 1703 et
1626 1649 1830 1706 mundo
1872 1651 1995 1722 qui-

2095 454 2308 527 θεροῦν,
2340 454 2473 510 ἀλλὰ
2506 455 2599 507 καὶ
2637 455 2670 524 ἡ
2704 450 2937 521 γνῶσις·
2973 450 3117 514 τίνες
3141 446 3301 521 ἦμεν,
3349 450 3402 502 τί
3434 448 3664 517 γεγόνει·

2097 562 2226 617 μεν·
2271 543 2373 598 ποῦ
2412 540 2581 615 ἦμεν,
2618 543 2653 612 ἢ
2700 541 2802 596 ποῦ
2850 541 3243 613 ὲνεϐλήθημεν·
3285 539 3388 592 ποῦ
3430 538 3663 592 σπεύδο-

2098 656 2216 710 μεν,
2269 637 2429 693 πόθεν
2475 636 2848 711 λυτρούμεθα·
2891 635 2943 689 τί
2993 635 3275 705 γέννησις,
3324 633 3377 686 τί
3426 631 3663 699 άναγέν-

2095 750 2267 806 νησις.

2164 914 2282 969 08'.
2320 913 2465 978 Ἕως
2495 904 2589 967 οὖν
2614 911 2958 984 ἀμόρφωτον,
2988 912 3171 981 φασιν,
3210 908 3288 962 ἔτι
3321 907 3381 963 τὸ
3413 907 3668 979 σάρμα,

2096 1005 2315 1078 θηλείας
2343 1005 2459 1059 ἐστὶ
2492 1005 2709 1059 τέκνον·
2750 1001 3033 1075 μορφωθὲν
3062 1002 3139 1066 δὲ,
3171 999 3426 1073 μετετέθη
3460 1001 3542 1062 είς
3574 998 3673 1052 άν-

2094 1098 2217 1171 δρα,
2250 1098 2343 1152 καὶ
2374 1098 2504 1162 Υἱὸς
2534 1096 2766 1169 νυμφίου
2793 1098 3021 1166 γίνεται,
3064 1094 3163 1149 οῦκ
3192 1093 3272 1147 ἔτι
3303 1091 3534 1163 ἀσθενὴς
3567 1089 3672 1144 καὶ

2093 1191 2204 1253 τοῖς
2236 1189 2516 1258 κοσμικοῐς
2552 1185 2908 1257 ὑποκείμενος
2937 1186 3151 1258 ὁρατοῖς
3178 1201 3238 1238 τε
3267 1184 3360 1237 καὶ
3383 1182 3674 1253 άοράτοις,

2094 1281 2208 1336 ἀλλ’
2234 1279 2545 1352 ἀνδρωθεὶς,
2568 1279 2744 1351 ἄρρην
2774 1278 2980 1349 γίνεται
3010 1277 3239 1348 καρπός.

2161 1460 2242 1513 II'.
2284 1461 2381 1513 Ὃν
2410 1460 2574 1531 γεννᾷ
2604 1458 2638 1530 ἠ
2671 1457 2874 1533 μήτηρ,
2920 1459 3003 1520 εἰς
3052 1456 3277 1510 θάνατον
3326 1453 3520 1523 ἄγεται
3572 1455 3676 1509 καὶ

2095 1554 2175 1616 εἰς
2207 1552 2410 1623 κόσμον
2429 1569 2445 1583 ·
2476 1551 2534 1605 ὃν
2561 1551 2620 1604 δὲ
2669 1552 2939 1623 άναγεννᾷ
2967 1549 3220 1623 Χριστὸς,
3256 1551 3338 1613 εἰς
3380 1546 3529 1618 ζωὴν
3566 1564 3675 1618 με·-

2094 1642 2366 1696 τατίθεται
2409 1644 2490 1707 εἰς
2534 1642 2797 1713 ὀγδοάδα·
2831 1644 2926 1698 καὶ
2976 1641 3375 1713 ἀποθνήσκουσι
3434 1641 3540 1710 μὲν
3590 1640 3673 1709 τῷ

426 1733 551 1788 dem
577 1734 906 1802 moriuntur,
938 1743 993 1789 at
1028 1736 1137 1792 Deo
1171 1738 1378 1804 vivunt,
1415 1746 1475 1794 ut
1500 1754 1649 1796 mors
1679 1749 1853 1796 morte
1879 1743 1994 1797 dis-

2105 1735 2304 1806 ιιόσμῳ,
2339 1734 2470 1801 ζῶσι
2499 1735 2556 1789 δὲ
2586 1735 2662 1806 τῷ
2685 1734 2823 1807 Θεῷ,
2854 1736 2943 1789 ἵνα
2974 1734 3202 1798 θάνατος
3245 1732 3460 1803 θανάτῳ
3503 1731 3675 1803 λυθῇ,

428 1826 689 1890 solvatur,
708 1835 761 1882 et
781 1829 1183 1885 resurrectione
1202 1832 1479 1901 corruptio
1507 1840 1764 1889 mutetur.
1787 1833 1997 1905 Quippe

427 1918 485 1971 in
518 1918 742 1974 nomine
786 1918 965 1975 Patris
997 1929 1050 1976 et
1083 1920 1206 1975 Filii
1237 1930 1291 1978 et
1342 1922 1580 1993 Spiritus
1613 1925 1789 1981 sancti
1824 1926 2000 1997 signa-

430 2022 539 2074 tus,
581 2010 839 2067 immunis
882 2013 951 2068 ab
980 2015 1129 2069 omni
1154 2016 1260 2071 alia
1291 2017 1490 2073 virtute
1515 2027 1622 2085 est,
1656 2034 1861 2089 perque
1894 2021 1995 2075 tria

428 2102 544 2158 haec
593 2104 815 2159 nomina
873 2105 943 2160 ab
995 2108 1142 2161 omni
1196 2124 1318 2179 qua:
1374 2109 1430 2163 in
1479 2111 1832 2182 corruptione
1874 2110 1996 2175 fuit,

429 2189 604 2246 triade
631 2198 892 2254 mutatus,
920 2194 1187 2251 liberatus
1221 2194 1495 2266 est;Cum
1528 2200 1674 2254 enim
1717 2200 1997 2271 imaginem

430 2282 691 2337 terrestris
738 2294 1001 2353 gesserat,
1049 2287 1128 2341 ita
1166 2297 1289 2344 tunc
1338 2291 1474 2361 gerit
1514 2292 1795 2362 imaginem
1844 2294 1999 2349 caele—

427 2374 525 2428 stis
561 2384 612 2431 ⁸.

499 2465 737 2524 LXXXI.
787 2467 918 2535 Quae
969 2472 1189 2542 quidem
1234 2472 1376 2543 ignis
1417 2489 1544 2544 pars
1582 2482 1667 2531 est
1714 2491 1998 2550 corporea,

428 2571 658 2628 corpora
687 2559 802 2615 haec
830 2561 1013 2617 omnia
1037 2564 1286 2635 attingit;
1335 2581 1456 2636 quae
1485 2583 1617 2624 vero
1648 2583 1785 2639 pura
1816 2586 1880 2626 ac
1918 2572 2003 2627 in-

429 2662 690 2719 corporea
734 2659 838 2717 est,
893 2656 1035 2711 hanc
1086 2656 1281 2712 dicunt
1332 2658 1653 2731 incorporea
1713 2664 1997 2735 attingere,

428 2753 623 2811 nempe
653 2742 946 2811 daemones,
985 2748 1206 2818 angelos
1246 2749 1523 2820 nequitiae,
1570 2753 1860 2825 ipsumque
1886 2755 2004 2810 dia-

428 2826 635 2883 bolum.
671 2829 784 2887 Hoc
815 2838 874 2897 >3
914 2844 1076 2904 pacto
1111 2838 1254 2909 ignis
1292 2840 1638 2897 subcmlestis
1669 2854 1862 2898 natura
1904 2860 2003 2901 sua

429 2920 628 2991 duplex
657 2931 760 2987 est,
798 2927 1057 2984 nimirum
1091 2930 1449 3003 intelligibilis
1493 2944 1547 2990 et
1581 2935 1894 2993 sensibilis:
1934 2936 2002 2990 ad

429 3012 679 3100 eumdem
704 3017 922 3072 modum
951 3019 1222 3090 baptisma
1253 3023 1450 3092 duplex
1483 3035 1590 3090 est,
1623 3027 1853 3082 alterum
1881 3030 2003 3100 qui-

431 3099 553 3155 dem
584 3104 860 3169 sensibile,
874 3109 1019 3178 quod
1048 3126 1145 3179 per
1176 3127 1371 3181 aquam
1402 3114 1481 3179 ﬁt,
1504 3116 1648 3185 quod
1674 3117 1850 3183 ignem
1880 3099 2000 3174 sen-

434 3189 647 3245 sibilem
677 3194 1060 3266 exstinguendi
1088 3200 1197 3253 vim
1233 3201 1429 3270 habet;
1462 3205 1692 3260 alterum
1733 3222 1864 3263 vero
1906 3209 1995 3263 in-

433 3282 733 3354 telligibile,
776 3302 875 3357 per
921 3287 1206 3360 Spiritum,
1263 3298 1410 3366 quod
1453 3297 1597 3367 ignis
1640 3298 1998 3372 intelligibilis

433 3385 519 3431 est
566 3378 867 3437 remedium
908 3383 1266 3456 eumdemque
1312 3387 1618 3459 depellendi
1664 3392 1770 3447 vim
1814 3393 1997 3450 habet.

437 3466 677 3539 Spiritus
718 3473 883 3528 etiam
922 3489 1221 3546 corporeus
1247 3493 1345 3535 ceu
1384 3488 1601 3547 ventus,
1636 3482 1778 3555 ignis
1827 3486 2005 3542 sensi-

438 3562 565 3619 bilis
603 3565 759 3625 cibus
804 3574 967 3639 atque
1000 3569 1173 3628 fomes
1212 3580 1316 3638 est,
1361 3589 1487 3629 cum
1537 3577 1784 3634 modicus
1817 3577 1999 3645 fuerit,

436 3654 523 3710 sin
556 3664 736 3714 autem
781 3661 904 3730 plus
948 3676 1105 3732 aequo
1153 3663 1315 3720 fuerit
1345 3680 1410 3721 ac
1451 3667 1764 3732 vehemens,
1795 3671 2003 3727 exstin-

2098 1826 2386 1880 ἀναστάσει
2422 1826 2478 1879 δὲ
2506 1828 2541 1898 ἡ
2567 1824 2759 1896 φθορά.
2790 1824 2888 1879 Διά
2916 1824 3025 1896 γάρ
3052 1824 3265 1897 Πατρὸς
3283 1824 3377 1878 καὶ
3406 1823 3539 1877 Υἱοῦ
3574 1822 3676 1878 καὶ

2097 1920 2270 1989 ἁγίου.
2314 1918 2628 1998 Πνεύματος
2690 1917 3075 1990 σφραγισθεὶς,
3124 1916 3488 1988 άνεπὶληπτός
3546 1917 3675 1970 ἐστι

2097 2013 2248 2087 πάσῃ
2275 2014 2341 2083 τῇ
2374 2010 2506 2083 ἄλλῃ
2554 2010 2816 2083 δυνάμει·
2864 2010 2961 2064 καὶ
3012 2010 3101 2064 διά
3142 2008 3313 2081 τριῶν
3359 2006 3674 2080 ὀνομάτων,

2098 2105 2278 2175 πάσης
2316 2104 2418 2175 τῆς
2458 2105 2516 2156 ὲν
2560 2102 2739 2176 φθορᾷ
2772 2101 2987 2173 τριάδος
3028 2099 3347 2172 ἀπηλλάγη·
3397 2100 3680 2169 Φορέσας

2097 2196 2212 2265 τὴν
2263 2196 2466 2250 εὶκόνα
2505 2193 2611 2249 τοῦ
2653 2192 2881 2264 χοϊκοῦ,
2920 2193 3051 2247 τότε
3094 2191 3266 2263 φορεῖ
3306 2191 3418 2261 τὴν
3458 2192 3681 2247 είκένα

2098 2288 2205 2344 τοῦ
2235 2287 2613 2356 ἐπουρανίου.

2171 2469 2296 2522 IIA'.
2311 2465 2418 2520 Τοῦ
2434 2466 2602 2538 πυρὸς
2613 2466 2671 2520 τὸ
2690 2466 2786 2537 μὲν
2808 2466 3137 2537 σωματικὸν,
3154 2466 3415 2538 σωμάτων
3432 2466 3678 2520 ἅπτεται

2102 2560 2338 2625 πάντων,
2365 2544 2426 2612 τὸ
2454 2557 2511 2612 δὲ
2539 2556 2779 2629 καθαρὸν
2802 2558 2896 2611 καὶ
2925 2557 3211 2629 ἀσώματον
3235 2557 3547 2629 ἀσωμάτων
3570 2574 3679 2626 ipa—

2103 2654 2186 2707 c‘w
2219 2651 2502 2716 ἅπτεσθαι,
2527 2644 2637 2704 οἷον
2665 2650 2953 2721 δαιμόνων,
2985 2652 3231 2720 ἀγγέλων
3255 2651 3353 2722 τῆς
3378 2649 3675 2728 πονηρίας,

2102 2747 2263 2803 αὐτοῦ
2293 2747 2386 2801 τοῦ
2413 2745 2680 2801 διαϐόλου.
2714 2744 2901 2809 Οὕτως
2931 2744 3045 2797 ἐστὶ
3076 2744 3138 2797 τὸ
3164 2744 3250 2795 ἐπ’
3280 2740 3506 2813 οὐρανὸν
3554 2738 3675 2811 πῦρ

2099 2840 2277 2896 δισσὸν
2302 2839 2400 2910 τὴν
2430 2838 2588 2913 φύσιν
2613 2838 2745 2911 ('22),
2768 2838 2830 2891 τὸ
2859 2838 2958 2908 μὲν
2982 2836 3189 2906 νοητὸν,
3217 2834 3277 2887 τὸ
3302 2833 3358 2889 δὲ
3384 2831 3675 2904 αἰσθητόν.

2103 2932 2214 2986 Καὶ
2240 2931 2302 2985 τὺ
2333 2931 2613 3002 βάπτισμα
2634 2925 2726 2984 οὖν
2769 2927 2988 2983 διπλοῦν
3019 2926 3314 2995 ἀναλόγως,
3355 2925 3413 2977 τὸ
3448 2924 3549 2994 μὲν
3585 2925 3677 2977 αἱ.

2106 3020 2318 3093 σθητὸν,
2357 3020 2425 3073 δι’
2465 3019 2672 3083 ὓδατος,
2704 3017 2798 3071 τοῦ
2827 3014 3084 3087 αἰσθητοῦ
3119 3013 3288 3085 πυρὸς
3313 3010 3675 3082 σϐεστήριον·

2098 3113 2159 3166 τὸ
2188 3113 2244 3166 δὲ
2306 3112 2514 3182 νοητὸν,
2548 3111 2636 3166 διὰ
2679 3108 2993 3181 Πνεῦματος
3045 3106 3184 3177 (25),
3218 3105 3311 3158 τοῦ
3336 3102 3528 3173 νοητοῦ
3560 3118 3677 3154 πυ⁴

2102 3207 2194 3279 ρὺς
2236 3205 2606 3277 ἀλεξητήριον.
2673 3204 2784 3257 Καὶ
2842 3202 2902 3255 τὸ
2943 3200 3250 3271 σωματικὸν
3302 3196 3523 3267 πνεῦμα
3575 3193 3674 3248 τοῦ

2100 3298 2357 3372 αἰσθητοῦ
2420 3299 2590 3372 πυρὸς
2650 3296 2822 3369 τροφὴ
2873 3296 2968 3350 καὶ
3020 3294 3350 3363 ὑπέκκαυμα
3415 3288 3633 3359 γίνεται
3657 3328 3676 3349 ,

2100 3394 2275 3463 ὀλίγον
2306 3392 2364 3446 ὅν
2385 3410 2397 3421 ·
2436 3391 2620 3445 πλεῖον
2650 3390 2709 3443 δὲ
2737 3390 3043 3460 γενόμενον,
3080 3386 3392 3456 σϐεστήριον
3433 3383 3677 3452 ἠφυκε.

2103 3487 2176 3541 Τὸ
2206 3486 2262 3540 δὲ
2299 3483 2502 3541 ἄνωθεν
2538 3482 2688 3537 δοθὲν
2713 3483 2845 3554 ἡμῖν
2887 3480 3124 3551 πνεῦμα,
3168 3476 3453 3549 ἀσώματον
3481 3475 3570 3539 ὃν,
3608 3474 3679 3527 οὗ

2111 3578 2384 3650 στοιχείων
2418 3578 2614 3649 μόνων,
2637 3575 2772 3630 ἀλλὰ
2801 3575 2894 3629 καὶ
2920 3574 3199 3644 δυνάμεων
3231 3572 3421 3644 κρατεῖ
3448 3569 3548 3623 καὶ
3579 3570 3680 3641 ἁρ-

2108 3671 2218 3742 χῶν
2248 3668 2516 3742 πονηρῶν.

438 3752 637 3820 guendi
699 3756 806 3810 vim
862 3756 1042 3814 habet.
1112 3758 1354 3831 Spiritus
1388 3769 1593 3829 autem,
1622 3765 1717 3835 qui
1753 3780 1784 3821 e
1811 3767 1951 3821 cmlo
1994 3768 2153 3822 nobis
2188 3766 2349 3822 datus
2381 3772 2487 3830 est,
2528 3766 2883 3836 incorporeus
2925 3779 3047 3819 cum
3082 3763 3173 3829 sit,
3203 3776 3313 3817 non
3340 3761 3517 3817 solum
3562 3759 3680 3814 ele-

437 3860 769 3919 mentorum,
810 3870 996 3909 verum
1029 3856 1189 3912 etiam
1229 3866 1577 3929 potestatum,
1616 3868 1671 3916 et
1708 3862 2107 3935 principatuum
2140 3863 2405 3917 malorum
2445 3862 2730 3932 imperium
2761 3861 2865 3916 sibi
2904 3859 3164 3914 vindicat.

510 3945 766 4004 LXXXII.
798 3948 1022 4021 Insuper
1050 3955 1209 4023 panis
1237 3964 1401 4026 atque
1445 3956 1627 4012 oleum
1670 3956 1860 4012 eadem
1903 3972 2004 4012 no-

440 4038 605 4096 minis
660 4040 862 4097 virtute
908 4045 1343 4111 sanctiﬁcantur,
1393 4062 1502 4103 non
1563 4062 1755 4104 revera
1814 4047 2003 4104 eadem

440 4140 601 4201 prout
623 4141 889 4204 apparent
925 4152 1046 4206 qua:
1074 4145 1201 4193 sunt
1231 4147 1477 4210 accepta,
1503 4138 1598 4195 sed
1633 4139 1831 4195 virtute
1867 4155 2005 4210 qua-

440 4225 566 4278 dam
596 4225 653 4280 in
698 4226 955 4284 virtutem
1002 4230 1341 4301 spiritualem
1382 4238 1683 4287 mutantur.
1736 4230 1818 4286 Ad
1859 4231 2006 4287 hunc

441 4315 663 4372 modum
694 4325 750 4374 et
796 4335 935 4392 aqua
975 4339 1095 4393 qure
1125 4325 1471 4381 erorcizatur
1510 4333 1565 4381 et
1609 4325 1880 4395 baptisma
1911 4325 1994 4389 ﬁt,

2178 3959 2301 4011 IIB'.
2342 3957 2454 4011 Kal.
2485 3959 2513 4009 ό
2542 3957 2704 4027 ἄρτος
2735 3955 2830 4010 καὶ
2858 3954 2918 4008 τὺ
2946 3953 3123 4008 ἔλαιον
3159 3949 3439 4021 ἁγιάζεται
3470 3951 3540 4020 τῇ
3583 3948 3681 4001 δυ-

2105 4051 2267 4122 νάμει
2296 4048 2390 4104 τοῦ
2423 4048 2688 4119 ὀνόματος
2719 4045 2858 4117 (24),
2888 4046 2949 4100 οὐ
2988 4044 3057 4098 τά
3086 4042 3225 4098 αὐτὰ
3248 4042 3375 4097 ὄντα
3425 4040 3570 4094 κατὰ
3612 4042 3678 4094 τδ

2110 4142 2432 4213 φαινόμενον
2476 4135 2564 4195 οἷα
2594 4139 2824 4211 ἐλήφθη,
2866 4136 3000 4193 ἀλλὰ
3052 4137 3274 4208 δυνάμει
3318 4136 3397 4198 εἰς
3441 4133 3678 4203 δύναμιν

2110 4232 2485 4307 πνευματικὴν
2532 4230 2949 4303 μεταϐέϐληται.
2996 4227 3149 4284 Οὕτω
3182 4228 3275 4282 καὶ
3304 4226 3367 4280 τὸ
3400 4225 3545 4298 ὕδωρ
3578 4225 3676 4278 καὶ

2107 4327 2170 4381 τὸ
2226 4326 2635 4396 ὲξορκιζόμενον
2683 4325 2778 4377 καὶ
2826 4322 2888 4376 τὸ
2937 4321 3216 4393 βάπτισμα
3263 4318 3569 4390 γινόμενον,
3610 4318 3677 4370 οὐ

440 4424 549 4462 non
580 4410 755 4466 solum
808 4415 952 4484 quod
990 4415 1231 4472 deterius
1277 4423 1361 4473 est
1402 4417 1567 4488 capit,
1616 4431 1803 4471 verum
1841 4416 2000 4472 etiam

2115 4419 2274 4490 μόνον
2301 4422 2470 4492 χωρεῖ
2496 4419 2556 4472 τὸ
2588 4419 2784 4491 χεῖρον,
2814 4417 2949 4472 ἀλλά
2978 4415 3074 4470 καὶ
3102 4413 3370 4486 άγιασμδν
3400 4412 3679 4485 προσλαμ-

439 4502 928 4563 sanotiﬁcationem
966 4509 1185 4580 accipit.

508 4591 792 4652 LXXXIII.
824 4598 907 4654 Ad
944 4600 1216 4671 baptisma
1248 4598 1548 4671 gaudentes
1587 4598 1848 4653 accedere
1873 4611 2009 4652 con-

437 4687 709 4746 veniebat.
764 4690 871 4748 Sed
907 4694 1168 4764 quoniam
1212 4705 1587 4763 saepenumero
1632 4690 2011 4745 descendenti-

439 4780 543 4837 bus
573 4786 851 4841 nonnullis
899 4787 1125 4856 spiritus
1173 4786 1337 4841 etiam
1390 4783 1590 4854 impuri
1635 4797 1741 4837 una
1784 4780 2010 4837 descen-

440 4872 617 4942 dunt,
674 4892 908 4950 cumque
963 4878 1184 4933 homine
1245 4875 1409 4946 sigilli
1475 4874 1612 4929 ﬁunt
1670 4874 2007 4946 participes,

442 4966 775 5026 insanabiles
817 4971 873 5025 in
923 4977 1205 5041 posterum
1260 4967 1390 5023 facti
1436 4975 1584 5034 sunt,
1636 4967 1886 5040 hancque
1939 4968 2011 5025 ob

440 5074 665 5117 causam
702 5063 903 5132 gaudio
931 5062 1096 5116 timor
1118 5059 1470 5125 admiscetur,
1503 5067 1563 5114 ut
1583 5059 1706 5130 quis
1726 5075 1894 5129 purus
1919 5075 2011 5116 so-

442 5152 531 5209 Ius
553 5154 670 5225 ipse
697 5154 1061 5225 descenderit.

537 5269 597 5328 »ις
636 5262 700 5318 p.
742 5258 848 5339 978
887 5259 993 5318 nn.
1034 5258 1331 5315 POTTER.
1434 5272 1462 5302 ι
1501 5259 1682 5318 ICor.
1723 5275 1813 5324 xv,
1847 5259 1936 5315 t9.

513 5383 624 5455 (2‘2)
670 5382 929 5455 Oﬁtmc...
953 5382 1156 5455 φύοιη
1185 5378 1253 5435 Η.
1281 5396 1407 5455 m_s.,
1432 5381 1604 5455 οὕτως
1626 5381 1749 5455 ἐστὶ
1776 5381 1837 5435 τὸ
1862 5382 2017 5434 ἐπου-

445 5450 626 5525 ράνιον
656 5452 768 5524 πῦρ
794 5450 973 5525 δισσὸν
1000 5453 1100 5525 τὴν
1130 5451 1390 5525 διαφορὰν
1421 5452 1597 5522 φύσιν.
1626 5450 1728 5525 Ubi
1763 5460 2017 5525 constru—

406 5537 414 5595 ξ
444 5521 645 5595 etionis
681 5521 872 5577 norma
913 5521 1242 5595 inclausula
1267 5521 1510 5595 postulat
1552 5522 1732 5595 potius
1764 5521 2017 5595 διάφορον

2112 4512 2284 4566 ϐάνει.

2183 4605 2303 4657 III".
2351 4603 2473 4657 Ἐπὶ
2508 4602 2567 4656 τὸ
2593 4602 2871 4674 βάπτισμα
2906 4599 3188 4672 χαίροντας
3223 4597 3475 4671 ἔρχεσθαι
3506 4614 3679 4668 προσ-

2111 4697 2262 4768 ῆκεν.
2316 4696 2453 4750 Ἀλλ’
2485 4697 2608 4750 ἐπεὶ
2656 4693 2909 4758 πολλάκις
2948 4691 3366 4762 συγκαταϐαίνει
3418 4692 3528 4744 τισὶ
3582 4691 3679 4742 καὶ

2113 4787 2397 4860 ἀκάθαρτα
2430 4787 2710 4859 πνεύματα
2744 4784 3245 4858 παρακολουθοῦντα
3263 4824 3278 4849 ,
3307 4782 3403 4837 καὶ
3446 4781 3680 4852 τυχόντα

2115 4880 2255 4949 μετὰ
2282 4879 2373 4932 τοῦ
2408 4878 2691 4951 ἀνθρώπου
2734 4878 2833 4949 τῆς
2876 4876 3186 4948 σφραγῖδος,
3223 4875 3416 4930 ἀνίατα
3442 4873 3534 4928 τοῦ
3570 4873 3681 4927 λοι-

2112 4968 2216 5023 ποῦ
2247 4970 2483 5039 γίνεται,
2525 4971 2562 5026 ἃ.
2588 4974 2653 5043 τῇ
2686 4972 2829 5042 χαρᾷ
2864 4969 3229 5041 συμπλέκεται
3273 4967 3456 5039 φόϐος,
3482 4967 3571 5021 ἵνα
3595 4984 3679 5032 τις

2118 5062 2276 5135 μόνος
2304 5064 2542 5137 καθαρὸς
2566 5064 2727 5128 αὐτὸς
2756 5062 3010 5137 κατέλθῃ.

2114 5380 2365 5437 articulo.
2409 5378 2671 5437 Sanunc.

2184 5452 2294 5522 (24)
2345 5450 2649 5521 Ἀγιάζεται
2679 5452 2754 5522 τῇ
2791 5450 3037 5521 δυνάμει
3060 5451 3353 5522 τοῦφόνρμ.
3382 5450 3682 5522 Gregorius

2111 5520 2391 5593 NySsenus
2417 5522 2637 5593 humilia
2676 5520 2800 5579 in's.
2832 5520 3119 5592 baptisma.
3146 5521 3211 5576 Η.
3254 5520 3330 5577 De
3367 5520 3682 5593 exorcismo

394 5584 410 5617 "
444 5591 642 5668 φύσιν,
661 5595 742 5649 vel
772 5594 1035 5668 διαφορὰν
1062 5584 1381 5668 φύσεεξαιη
1415 5584 2000 5650 οεουὲοιὶνοτυωῚΠο

2113 5584 2294 5649 autem
2326 5592 2470 5668 quod
2517 5594 2784 5668 sequitur,
2822 5584 2929 5646 non
2973 5593 3222 5668 congruit
3248 5608 3372 5647 cum
3413 5607 3500 5659 eo,
3531 5590 3679 5664 quod

443 5678 565 5718 rum
595 5664 855 5721 alteruter
880 5664 1164 5722 redundat.
1201 5664 1465 5722 Svnnunc.

515 5733 629 5805 (25)
666 5734 768 5791 Διὰ
796 5737 1155 5808 Πνεύιιατος.
1190 5736 1256 5792 Η.
1286 5735 1373 5789 διὰ
1402 5734 1497 5791 τοῦ
1522 5733 1861 5807 Πνεῦματος,
1888 5748 2012 5791 cum

2116 5678 2282 5734 supra
2314 5661 2499 5718 docuit
2527 5661 2778 5720 Clemens
2820 5678 2940 5735 pag.
2975 5661 3100 5718 I77.
3130 5661 3391 5718 Srwuuc.
