4016 6308
318 323 410 382 701

1060 323 1696 383 DUBIA.——ECLOG:E
1739 321 1833 377 EX
1872 315 2287 377 SCRIPTURIS
2327 313 2809 371 PROPIIETICIS.

3455 312 3556 366 702

306 438 441 517 ὕλης
471 447 617 501 ἐστὶν
654 447 912 513 ἔκϐασις,
942 448 1160 524 arma;
1198 449 1292 504 τοῦ
1333 449 1582 520 Σωτῆρος
1622 447 1868 501 διδασκα-

1986 455 2080 511 per
2095 438 2402 494 doctrinam
2429 435 2752 500 Salvator-is,
2779 449 3032 505 magnum
3067 432 3200 488 illud
3220 447 3285 486 ac
3308 432 3555 502 rapidum

305 535 427 603 λίας
461 541 696 612 μεγάλου
737 543 831 596 καὶ
869 543 1098 614 σφοδροῦ
1146 543 1415 615 ῥεύματος
1458 544 1545 599 ἀεὶ
1577 542 1875 616 φερομένου

306 632 401 685 καὶ
441 634 852 706 παραφέροντος
897 636 1086 706 mag;
1131 636 1341 706 ἐξάγων
1382 634 1474 691 οὖν
1520 637 1617 707 τῆς
1653 634 1877 702 ἀταξίας

303 723 454 797 ἡμᾶς
484 725 513 777 ὁ
542 725 766 797 Κύριος,
798 726 1045 797 φωτίζει,
1076 729 1155 792 εἰς
1182 726 1244 782 τὸ
1272 729 1387 801 φῶς
1418 730 1567 800 ἄγων
1597 729 1658 783 τὸ
1687 730 1874 785 ἄσκιον

304 818 402 870 καὶ
428 818 527 871 οὐκ
562 816 643 871 ἔτι
674 819 876 875 ὑλικόν.

366 911 458 976 εῖν.
474 909 675 964 Τοῦτον
700 912 792 965 τὸν
822 914 1064 985 ποταμὸν
1084 915 1183 986 τῆς
1212 916 1344 987 ὕλης
1375 916 1487 988 (51)
1518 918 1613 972 καὶ
1641 918 1740 991 τὴν
1775 917 1873 973 θά-

301 996 510 1055 λασσαν
539 1001 793 1074 διέκοψαν
821 1006 915 1060 καὶ
935 1005 1224 1080 διέστησαν
1253 1008 1477 1081 δυνάμει
1508 1011 1714 1080 Κυρίου
1746 1030 1874 1084 προ-

302 1091 473 1162 φῆται
518 1093 611 1147 δύο
638 1136 654 1161 ,
691 1098 1104 1171 περατουμένης
1149 1100 1251 1171 τῆς
1291 1101 1424 1173 ὕλης
1473 1103 1594 1157 καθ’
1617 1105 1873 1177 ἑκάτερον

298 1181 579 1255 διάστημα
600 1185 816 1251 ὓδατος·
842 1187 1092 1261 βουλήσει
1118 1190 1212 1244 τοῦ
1234 1191 1369 1245 Θεοῦ
1392 1193 1748 1266 διυπηρέτουν
1777 1214 1873 1250 κα-

300 1276 462 1349 Θαροὶ
494 1282 788 1353 στρατηγοὶ
814 1281 999 1354 ἄμφω,
1033 1277 1192 1340 δι’ὧν
1223 1285 1513 1359 ἐπιστεύθη
1551 1287 1622 1341 τὰ
1654 1292 1869 1358 σημεῖα,

298 1369 391 1423 ἵνα
417 1369 481 1442 δὴ
508 1371 537 1424 ὁ
563 1372 768 1437 δίκαιος
799 1375 863 1428 ὲκ
890 1374 986 1446 τῆς
1015 1374 1146 1446 ὕλης
1173 1376 1415 1447 γένηται,
1442 1376 1506 1430 δι’
1530 1376 1701 1447 αὐτῆς
1727 1376 1872 1430 ὁδεύ-

300 1478 403 1526 σας
438 1463 507 1518 τά
552 1464 761 1535 πρῶτα.
789 1465 1012 1538 Θατέρῳ
1042 1467 1140 1538 μέν
1181 1484 1244 1536 γε
1273 1466 1380 1521 τῶν
1412 1468 1749 1541 στρατηγῶν,
1781 1471 1871 1523 καὶ

298 1554 539 1626 τοῦνομα
569 1555 663 1610 τοῦ
695 1557 945 1630 Σωτῆρος
975 1558 1135 1629 ἡμῶν
1173 1559 1520 1632 ἐπεϐέϐλητο.

371 1647 443 1702 Z'.
468 1648 674 1703 Αὐτίκα
695 1649 761 1703 δι’
784 1649 972 1714 ὕδατος
990 1652 1085 1705 καὶ
1109 1652 1416 1724 πνεύματος
1444 1656 1472 1725 ἡ
1497 1655 1868 1726 άναγέννησις,

296 1739 554 1812 καθάπερ
572 1742 666 1795 καὶ
680 1743 714 1812 ἡ
748 1743 896 1796 πᾶσα
918 1744 1154 1813 γένεσις.
1180 1743 1423 1816 Πνεῦμα
1441 1745 1551 1814 γὰρ
1573 1745 1720 1800 Θεοῦ
1737 1748 1872 1801 ἐπε-

1983 532 2247 586 Iluentum
2277 570 2292 594 ,
2340 528 2487 599 quod
2533 535 2796 598 perpetuo
2848 526 3134 591 volvatur,
3188 540 3399 593 nosque
3447 540 3552 577 una

1982 624 2196 697 gurgite
2246 621 2422 677 ferat?
2450 619 2935 690 Dominus‘igitur
2984 633 3084 673 nos
3128 632 3195 672 ex
3234 615 3554 673 confusione

1982 717 2242 779 educens,
2285 713 2589 777 illuminat,
2626 712 2696 767 ad
2726 712 2902 765 lucem
2954 710 3163 766 ducens
3191 724 3354 779 quam
3395 709 3559 764 nulla.

1981 808 2280 864 obscurent
2305 807 2564 868 tenebrae,
2600 812 2654 858 et
2689 818 2810 873 qua:
2839 802 2950 872 jam
2986 802 3287 857 materialis
3308 817 3420 856 non
3447 809 3549 856 est.

2056 898 2145 954 VI.
2189 897 2424 954 Materia:
2462 895 2683 950 ﬂuvium
2724 894 2867 949 hunc
2906 910 2970 948 ac
2998 908 3148 949 mare
3182 893 3501 948 exciderunt
3528 905 3552 931 ει

1981 1006 2046 1046 ac
2073 990 2379 1046 diviserunt
2420 989 2660 1059 potentia
2694 987 2879 1043 divina
2908 986 3186 1057 prophetae
3218 984 3328 1039 duo
3356 986 3406 1050 ι),
3439 998 3556 1037 ma-

1980 1084 2114 1139 teria
2160 1082 2453 1138 terminum
2495 1081 2753 1149 utrinque
2793 1079 3197 1141 constituente,
3242 1093 3368 1132 cum
3412 1093 3554 1146 aqua

1978 1173 2154 1230 divisa
2184 1172 2370 1229 fuerit.
2406 1172 2500 1227 Dei
2539 1186 2734 1242 nempe
2764 1171 3030 1226 voluntati
3078 1170 3389 1225 serviebant
3416 1186 3555 1241 pra:-

1977 1267 2111 1322 clari
2150 1265 2259 1320 duo
2298 1263 2489 1331 duces,
2523 1280 2618 1334 per
2657 1277 2796 1334 quos
2833 1260 3043 1319 credita
3079 1270 3210 1318 sunt
3246 1262 3430 1335 signa;
3476 1264 3554 1317 uti

1978 1355 2242 1409 nimirum
2270 1355 2454 1426 justus
2481 1369 2548 1409 ex
2580 1354 2807 1408 materia
2840 1353 3012 1420 ﬁeret,
3046 1354 3141 1425 qui
3170 1370 3268 1423 per
3298 1370 3417 1409 eam
3448 1355 3555 1408 iter

1979 1446 2212 1517 primum
2242 1443 2543 1500 habuisset.
2583 1441 2777 1498 Verum
2814 1443 3013 1499 ducum
3051 1443 3225 1509 alteri,
3258 1443 3420 1498 etiam
3454 1457 3555 1497 no-

1979 1553 2102 1594 men
2136 1537 2434 1593 Salvatoris
2469 1537 2641 1593 nostri
2672 1536 2905 1591 inditum
2939 1535 3060 1592 fuit.

2047 1627 2161 1685 VII.
2197 1629 2347 1684 Illico
2380 1645 2445 1685 ex
2476 1644 2617 1699 aqua
2650 1627 2976 1700 Spirituque
2997 1628 3375 1699 regeneratio,
3408 1626 3555 1684 sicut

1976 1730 2030 1776 et
2053 1736 2239 1777 rerum
2265 1722 2514 1776 omnium
2537 1721 2779 1777 creatio:
2816 1720 3049 1790 Spiritus
3082 1727 3141 1786 Β
3173 1723 3311 1776 enim
3346 1721 3445 1777 Dei
3472 1721 3555 1791 fe-

294 1830 510 1901 φέρετο
548 1831 620 1903 τῇ
652 1812 1055 1903 ἁϐύσσῳ.Καὶ
1080 1835 1168 1890 διά
1192 1812 1350 1890 τοῦτο
1376 1838 1405 1890 ὁ
1433 1812 1621 1911 Σωτὴρ
1650 1839 1868 1893 ἐϐαπτί-

1976 1813 2185 1868 rebatur
2222 1828 2376 1883 super
2409 1812 2659 1885 abyssum
2697 1824 2741 1869 °.
2779 1812 3042 1886 Hancque
3083 1814 3154 1869 ob
3192 1828 3418 1869 causam
3449 1814 3551 1869 ba-

297 1940 450 1988 σατο,
493 1925 568 1997 μὴ
598 1924 816 1999 χρῄζων
853 1926 1035 1993 αὐτὸς,
1069 1928 1158 1983 ἴνα
1186 1932 1297 1994 τοῖς
1324 1930 1785 2002 ἀναγεννωμένοις
1812 1931 1874 1986 τὸ

295 2016 410 2071 πᾶν
430 2015 577 2088 ὕδωρ
605 2016 827 2089 ἁγιάσῃ.
853 2015 1041 2093 Ταύτῃ
1062 2036 1146 2072 τοι
1171 2020 1232 2074 οὐ
1266 2020 1422 2092 μόνον
1450 2021 1509 2075 τὸ
1537 2021 1715 2093 σῶμα,
1738 2020 1872 2077 ἀλλὰ

292 2108 396 2165 καὶ
433 2106 532 2177 τὴν
563 2108 740 2181 ψυχὴν
789 2108 1177 2185 καθαιρόμεθα.
1222 2113 1450 2185 Σημεῖον
1484 2112 1613 2183 γοῦν
1649 2115 1743 2169 τοῦ
1779 2116 1873 2170 καὶ

287 2198 368 2253 τὰ
397 2199 605 2270 ἀόρατα
643 2201 799 2272 ἡμῶν
827 2201 1149 2271 ἀγιάζεσθαι
1170 2241 1185 2267 ,
1216 2202 1278 2256 τὸ
1307 2202 1402 2257 καὶ
1442 2204 1726 2277 πνεύματα
1757 2205 1868 2278 (52)

290 2290 581 2365 ἀκάθαρτα
620 2293 1082 2365 συμπεπλεγμένα
1112 2297 1176 2367 τῇ
1204 2294 1349 2368 ψυχῇ
1393 2296 1722 2363 διῦλίζεσθαι
1763 2300 1870 2354 ἀπὸ

288 2381 398 2455 τῆς
426 2382 691 2453 γενέσεως
718 2385 815 2460 τῆς
848 2388 1040 2458 καινῆς
1064 2405 1124 2443 τε
1154 2390 1248 2447 καὶ
1280 2390 1677 2462 πνευματικῆς.

368 2564 451 2625 H'.
497 2563 680 2638 ’Ύδωρ
718 2564 902 2621 ἐπάνω
926 2567 1019 2620 τοῦ
1056 2568 1284 2641 οὐρανοῦ
1304 2588 1316 2599 ·
1353 2572 1475 2626 ἐπεὶ
1501 2571 1560 2626 τὸ
1587 2572 1868 2644 βάπτισμα

288 2653 501 2724 γίνεται
540 2656 608 2710 δι’
653 2656 843 2723 ὓδατος
897 2661 990 2715 καὶ
1024 2660 1358 2733 Πνεῦματος,
1412 2664 1763 2738 ἀλεξητήριον
1808 2666 1868 2721 ὃν

292 2747 466 2820 πυρὸς
520 2747 616 2802 τοῦ
652 2748 856 2815 δισσοῦ,
904 2750 999 2804 τοῦ
1030 2770 1088 2806 τε
1129 2753 1238 2808 τῶν
1270 2755 1517 2826 ἀοράτων
1559 2758 1865 2829 ἁπτομένου

289 2838 505 2895 καὶτοῦ
529 2838 637 2893 τῶν
661 2840 898 2912 ὀρατῶνο
939 2843 1152 2918 ἀνάγκῃ
1196 2847 1290 2899 καὶ
1326 2847 1420 2901 τοῦ
1451 2848 1639 2913 ὓδατος
1672 2850 1733 2902 τὸ
1766 2852 1866 2922 μέν

288 2947 352 2985 τι
379 2932 586 3003 νοητὸν,
613 2932 674 2987 τὸ
711 2933 767 2987 δὲ
796 2935 1050 3007 αἰσθητὸν
1097 2938 1359 3013 ὑπάρχον,
1384 2939 1738 3014 ἀλεξητήριον
1767 2946 1867 3017 τῆς

290 3024 522 3098 διπλόης
549 3025 638 3080 τοῦ
661 3028 849 3099 πυρός’
885 3031 979 3082 καὶ
1010 3030 1071 3083 τὸ
1089 3031 1185 3101 μὲν
1219 3033 1458 3101 ἐπίγειον
1500 3033 1643 3109 ὕδωρ
1669 3035 1731 3090 τὸ
1763 3037 1867 3091 σῶ-

294 3133 380 3191 μα
406 3116 764 3191 άπορῤύπτει,
799 3121 862 3173 τὸ
899 3120 957 3174 δὲ
984 3123 1304 3195 ἐπουράνιον
1333 3124 1496 3199 ὕδωρ,
1523 3127 1613 3182 διὰ
1638 3129 1699 3183 τὸ
1726 3126 1865 3185 εἶναι

288 3209 483 3282 νοητὸν
502 3211 595 3264 καὶ
621 3211 867 3285 άόρατον,
894 3213 1118 3287 Πνεῦμα
1139 3215 1513 3290 άλληγορεῖται
1548 3221 1722 3292 ἅγιον,
1755 3224 1865 3279 τῶν

287 3304 539 3373 ἀοράτων
556 3304 903 3378 καθαρτικὸν,
925 3301 1032 3363 οἷον
1047 3306 1141 3363 τοῦ
1159 3309 1298 3365 Πνεύ
1307 3320 1471 3382 ματος
1489 3311 1651 3385 ὕδωρ,
1676 3314 1824 3370 ὥσπε
1832 3334 1862 3390 ρ

289 3394 472 3451 ἐκεῖνο
502 3393 596 3450 τοῦ
631 3393 898 3467 σώματος.

363 3662 441 3716 6'.
490 3663 547 3718 Ὀ
592 3664 721 3730 Θεὸς
764 3669 856 3721 καὶ
893 3669 983 3723 τὸν
1014 3670 1259 3744 φόϐοντῇ
1288 3674 1579 3747 ἀγαθότητι
1608 3678 1859 3749 συνέμιξε

292 3754 362 3809 δι’
391 3755 718 3826 ἀγαοότητα.
750 3759 822 3812 Τὸ
854 3759 964 3833 γὰρ
998 3762 1272 3835 συμφέρον
1306 3765 1518 3837 ἑκάστῳ
1558 3767 1718 3821 τοῦτο
1758 3769 1858 3839 ἤδη

294 3844 547 3917 παρέχει,
595 3846 669 3910 ὼς
711 3849 892 3921 ἰατρὸς
941 3850 1332 3923 άρῤωστοῦντι,
1391 3854 1466 3918 ὡς
1509 3854 1688 3926 πατὴρ
1730 3856 1861 3909 ἀτα-

292 3938 511 4001 κτοῦντι
536 3939 612 4011 τῷ
634 3940 800 3994 παιδί.
819 3936 833 3955 ⁸
845 3947 888 3998 0
915 3942 1024 4015 γὰρ
1036 3943 1381 4014 φειδόμενος
1401 3944 1511 4013 τῆς
1531 3947 1861 4016 ,ϐακτηρίας

291 4031 481 4087 αὐτοῦ
506 4031 676 4098 μισεῖ
690 4033 796 4088 τὸν
820 4033 954 4088 υἱὸν
985 4033 1191 4090 αὑτοῦ.
1235 4037 1345 4091 Καὶ
1364 4038 1394 4090 ὁ
1421 4036 1623 4108 Κύριος
1659 4038 1716 4092 δὲ
1768 4040 1861 4093 καὶ

292 4124 343 4178 οἱ
376 4123 660 4191 άπόστολοι
711 4126 875 4183 αὐτοῦ
923 4127 983 4181 ὲν
1014 4126 1162 4199 φόϐῳ
1191 4127 1284 4183 καὶ
1312 4129 1493 4193 πόνοις
1530 4130 1862 4201 ἀνεστράφη-

294 4232 415 4269 σαν.
452 4215 616 4270 Ὅταν
654 4213 747 4277 οὖν
783 4217 976 4277 πιστοῦ
1024 4217 1269 4289 σώματος
1300 4212 1357 4293 ᾖ,
1387 4220 1421 4291 ἢ
1462 4219 1529 4275 δι’
1561 4220 1879 4300 ἁμάρτημάυ

289 4329 350 4380 τι
382 4314 874 4386 προημαρτημένον
910 4314 1264 4386 ἐπιτιμῶντος
1294 4314 1388 4369 τοῦ
1429 4315 1656 4387 Κυρίου,
1703 4314 1736 4389 ἦ
1772 4316 1859 4372 διὰ

295 4404 560 4476 μέλλοντα
610 4404 1111 4477 προφυλαξαμένου,
1166 4405 1198 4476 ἢ
1252 4406 1347 4461 καὶ
1406 4409 1525 4461 κατ’
1582 4406 1859 4484 ἐνέργειαν

291 4495 599 4594 προσϐολὴν
643 4496 753 4568 (55)
809 4496 1027 4594 ἐξωβεν-
1047 4498 1336 4571 γινομένην
1381 4498 1440 4552 οὐ
1498 4498 1857 4567 κωλύσαντος,
1892 4534 1939 4594 D

288 4587 384 4657 διά
409 4604 463 4641 τι
484 4588 749 4660 χρήσιμον
771 4590 866 4643 καὶ
891 4588 1038 4662 αὐτῴ
1060 4592 1152 4652 καὶ
1177 4592 1289 4656 τοῖς
1304 4590 1470 4655 πέλας
1491 4592 1861 4666 παραδείγμα-

289 4697 388 4749 τος
419 4680 607 4753 χάριν..

362 4940 426 5007 ιι.
440 4940 576 5014 Ἤδη
604 4943 661 4996 δὲ
694 4944 743 4996 οἱ
762 4943 819 4996 ἐν
850 4944 1031 5016 σαθρῷ
1064 4944 1336 5010 οἰκοῦντες
1352 4945 1583 5018 σώματι,
1615 4949 1867 5022 καθάπερ

291 5030 363 5087 ἐν.
387 5032 556 5105 πλοίῳ
602 5034 856 5100 πλέοντες
910 5036 1122 5107 παλαιῷ
1157 5077 1172 5099 ,
1249 5037 1351 5092 οὐκ
1427 5040 1569 5094 εἰσὶν
1632 5040 1812 5096 ὕπτιοι
1848 5082 1862 5108 ,

1978 1907 2213 1978 ptizatus
2235 1914 2320 1963 est
2343 1906 2596 1963 Salvator
2618 1915 2825 1973 noster,
2851 1922 2974 1963 cum
3000 1907 3276 1978 baptismo
3297 1923 3408 1962 non
3434 1923 3555 1977 ege-

1978 2007 2062 2055 ret
2087 1999 2238 2070 ipse,
2284 2008 2344 2054 ut
2372 1999 2459 2054 his
2490 1999 2584 2070 qui
2617 2006 3074 2071 regenerarentur
3102 2014 3300 2069 aquam
3331 2014 3550 2054 omnem

1977 2091 2367 2148 sanetillcaret.
2413 2090 2601 2162 Itaque
2654 2107 2763 2147 non
2828 2106 3057 2163 corpore
3114 2091 3290 2147 solum
3356 2090 3450 2147 sed
3496 2100 3554 2148 et

1976 2184 2159 2238 anima
2191 2184 2380 2240 mundi
2406 2183 2711 2241 evadimus.
2746 2182 2974 2254 Signum
3000 2199 3127 2239 vero
3155 2182 3301 2255 quod
3326 2192 3379 2240 et
3412 2184 3551 2239 invi-

1977 2274 2156 2339 sibilia
2190 2283 2379 2331 nostra
2410 2276 2854 2340 sanctiﬁcentur,
2889 2275 3146 2347 quodque
3174 2276 3406 2348 spiritus
3442 2275 3548 2330 im-

1975 2368 2097 2437 puri
2126 2368 2321 2424 animae
2349 2369 2645 2435 commisti,
2679 2384 2709 2423 a
2745 2385 2885 2424 nova
2916 2368 3295 2441 spiritualique
3323 2384 3522 2442 genera

1975 2462 2123 2543 tione
2152 2469 2497 2532 separentur.

2043 2553 2177 2610 VIII.
2205 2555 2359 2625 Aqua
2403 2571 2568 2626 super
2602 2556 2823 2622 coelum,
2854 2558 3112 2627 quoniam
3143 2542 3411 2626 baptisma
3452 2571 3551 2627 per

1973 2661 2167 2718 aquam
2201 2645 2260 2700 Iit
2298 2654 2460 2718 atque
2495 2645 2789 2717 Spiritum;
2825 2649 2971 2718 quod
3015 2656 3069 2704 et
3112 2648 3347 2720 duplicis
3404 2649 3547 2719 ignis

1973 2740 2045 2795 sit
2079 2740 2398 2796 remedium.
2449 2739 2584 2795 Cum
2628 2741 2764 2796 alter
2800 2743 2961 2796 rebus
2997 2741 3145 2797 hisce
3190 2741 3551 2807 accendatur,

1971 2847 2092 2903 qua:
2147 2831 2443 2888 invisibilia
2505 2841 2654 2897 sunt,
2721 2833 2858 2887 alter
2893 2832 3043 2888 hisce
3092 2848 3213 2902 quae
3251 2832 3546 2902 conspicua

1972 2932 2134 2993 sunt;
2166 2940 2390 2981 necesse
2420 2924 2521 2979 fuit
2547 2934 2605 2979 ut
2638 2939 2778 2995 aqua
2813 2925 3009 2994 partim
3038 2924 3258 2994 quidem
3288 2924 3546 2997 intelligi.

1970 3013 2118 3081 bilis,
2141 3016 2341 3086 partim
2372 3014 2648 3071 sensibilis
2679 3015 2912 3084 duplicis
2934 3014 3161 3084 hujusce
3194 3015 3335 3086 ignis
3369 3029 3547 3070 reme-

1970 3103 2119 3159 dium
2150 3106 2240 3171 sit,
2274 3120 2337 3159 ac
2357 3106 2640 3178 utriusque
2670 3104 2921 3174 injuriam
2960 3113 3183 3161 avertat.
3222 3106 3300 3160 Ac
3325 3105 3545 3176 quidem
3618 3173 3636 3185 _

1968 3210 2110 3268 aqua
2168 3203 2384 3251 terrena
2436 3211 2639 3267 corpus
2694 3197 2886 3263 abluit,
2942 3212 3082 3267 aqua
3128 3212 3258 3252 vero
3304 3198 3545 3253 etelestis

1967 3288 2225 3359 quoniam
2294 3288 2562 3359 spiritalis
2604 3297 2657 3344 et
2694 3289 3007 3355 invisibilis,
3040 3306 3205 3346 sensu
3251 3291 3545 3361 allegorice

1969 3396 2066 3451 pro
2099 3379 2307 3451 Spiritu
2341 3387 2533 3437 sancto
2566 3382 2822 3446 sumitur,
2860 3383 3056 3453 cuique
3085 3390 3238 3437 tanta
3269 3384 3348 3438 vis
3377 3385 3541 3448 inest,

1969 3480 2026 3528 ut
2048 3473 2345 3529 invisibilia
2387 3472 2635 3540 mundet,
2672 3475 2842 3529 veluti
2883 3474 3118 3546 Spiritus
3164 3491 3324 3546 aqua,
3383 3488 3543 3547 prout

1965 3563 2057 3617 illa
2084 3565 2333 3635 corporis
2363 3579 2503 3635 aqua
2540 3564 2726 3620 fuerit.

2034 3655 2125 3712 IX.
2164 3655 2324 3721 Deus,
2369 3666 2519 3711 tanta
2569 3657 2689 3728 ejus
2737 3658 2971 3724 bonitas,
3019 3659 3266 3714 timorem
3311 3659 3540 3715 bonitati

1964 3748 2127 3805 etiam
2176 3748 2487 3806 admiscuit.
2530 3747 2687 3815 Quod
2736 3751 2880 3806 enim
2922 3750 3212 3821 unicuique
3265 3751 3539 3819 convenit,

1966 3841 2069 3896 hoc
2092 3841 2205 3910 jam
2239 3842 2512 3906 concedit,
2541 3842 2607 3896 ad
2642 3841 2891 3897 eumdem
2916 3842 3137 3897 modum
3166 3857 3274 3913 quo
3294 3844 3541 3900 medicus

1966 3931 2200 3997 inﬁrmo,
2235 3941 2328 3987 aut
2363 3933 2505 3989 sicut
2531 3942 2687 4005 pater
2719 3933 2850 3999 ﬁlio,
2886 3933 3047 3989 ollicii
3082 3935 3168 3990 sui
3217 3934 3359 3990 haud
3391 3937 3530 3991 satis

1965 4026 2209 4082 memori.
2232 4025 2335 4093 Qui
2353 4027 2499 4082 enim
2523 4028 2695 4095 parcit
2712 4027 2867 4096 virga:
2888 4043 3018 4091 sum,
3038 4026 3158 4080 odio
3180 4027 3332 4081 habet
3354 4028 3531 4097 ﬁlium

1964 4135 2119 4173 suum
2158 4118 2185 4157 ἀ
2208 4161 2220 4173 .
2255 4118 2481 4189 Insuper
2509 4118 2771 4174 Dominus
2803 4119 3059 4190 illiusque
3097 4121 3351 4189 apostoli,
3380 4122 3438 4176 in
3472 4122 3541 4176 ti-

1965 4225 2116 4266 more
2146 4224 2211 4265 ae
2254 4209 2536 4266 laboribus
2582 4209 2801 4265 fuerunt
2827 4210 3063 4266 educati.
3095 4211 3231 4267 Cum
3261 4213 3447 4283 itaque
3472 4212 3539 4271 Ii-

1964 4307 2101 4365 delis
2148 4308 2382 4378 alicujus
2435 4323 2640 4379 corpus
2673 4309 2827 4364 labor
2880 4309 2970 4364 hic
3019 4310 3326 4375 incesserit,
3362 4317 3540 4368 evenit

1964 4399 2089 4464 hoc,
2123 4402 2207 4456 vel
2238 4399 2385 4471 quod
2417 4399 2682 4456 Dominus
2740 4401 2812 4457 ob
2859 4401 3070 4457 crimen
3132 4403 3353 4473 aliquod
3386 4406 3539 4474 prius

1963 4492 2314 4548 commissum
2347 4507 2538 4565 pmnas
2566 4499 2838 4565 reposcat,
2870 4493 2953 4550 vel
2985 4493 3132 4565 quod
3164 4495 3218 4549 in
3252 4502 3534 4565 posterum

1963 4585 2225 4656 majorem
2258 4601 2445 4642 curam
2474 4586 2850 4651 adhibeat,vel
2870 4588 3017 4658 quod
3050 4604 3116 4643 ex
3149 4595 3418 4659 potestate
3436 4603 3536 4644 sua

1963 4678 2070 4734 vim
2109 4678 2453 4736 extrinsecus
2488 4679 2695 4734 illatam
2722 4693 2835 4734 non
2866 4679 3149 4750 impediat,
3205 4689 3265 4735 ut
3316 4679 3537 4735 demum

1966 4771 2099 4827 utile
2161 4771 2367 4843 aliquid
2432 4771 2514 4826 illi
2576 4770 2810 4842 aliisque
2878 4772 2947 4826 ad
3022 4772 3331 4842 exemplum
3403 4785 3533 4840 pro-

1966 4870 2156 4933 ponat.

2035 4953 2194 5027 361
2220 4953 2286 5010 Χ.
2309 4953 2428 5011 Jam
2452 4971 2580 5012 vero
2609 4956 2702 5027 qui
2736 4962 2994 5026 corrupto
3031 4966 3157 5011 sunt
3192 4970 3419 5025 corpore
3470 4969 3535 5009 ac

1967 5044 2245 5117 languido,
2287 5064 2395 5104 non
2426 5064 2584 5104 secus
2618 5066 2680 5103 ac
2722 5050 2815 5119 qui
2848 5047 3062 5118 navigio
3122 5055 3334 5103 vetusto
3382 5046 3539 5101 navi-

404 5193 462 5250 »14
505 5186 567 5246 Ρ.
604 5125 697 5280 θὶι
744 5187 855 5246 ED.
894 5187 1187 5246 POTTER.
1265 5204 1293 5232 ει
1330 5192 1445 5250 Jos.
1488 5208 1576 5258 ιιι,
1601 5195 1684 5250 I6.
1763 5197 1791 5236 ιι
1829 5195 1868 5250 Ε

1976 5208 2000 5252 t.
2037 5215 2148 5265 xiv,
2184 5200 2273 5256 21.
2352 5212 2375 5241 ο
2417 5202 2553 5259 Gen.
2588 5220 2625 5268 ι,
2659 5206 2714 5261 2.
2791 5204 2816 5242 ά
2859 5203 3020 5258 Prov.
3052 5220 3174 5269 xm,
3205 5203 3297 5259 24.

370 5340 483 5417 (3i)
515 5345 788 5417 Ποταμὸν
810 5344 919 5417 τῆς
948 5346 1045 5401 ὕλ.
1064 5345 1305 5417 Respicit
1334 5349 1401 5403 ad
1432 5349 1571 5407 duos
1600 5350 1861 5406 miriﬁcos

297 5411 827 5493 [sutelis-transitus;
849 5411 1079 5493 alterum
1113 5411 1210 5487 per
1238 5421 1665 5493 marerubrurp,
1682 5420 1865 5493 Moyse

294 5480 438 5558 duce
459 5481 684 5558 ,_Exodi
710 5482 827 5558 ξιν
847 5525 862 5548 ,
895 5480 1129 5543 alterum
1158 5503 1253 5558 per
1279 5488 1570 5544 Iordanem
1601 5480 1820 5544 ﬂuvium
1842 5532 1856 5554 ,

296 5549 437 5607 duce
462 5551 675 5627 _Josua,
712 5552 893 5611 Josuae
939 5572 1061 5627 cap.
1097 5549 1175 5614 ιιιῖ
1209 5558 1378 5614 Alteri
1437 5569 1616 5615 autem
1667 5549 1858 5616 horum

299 5629 411 5675 tam
444 5623 670 5700 (locum,
700 5642 861 5700 quam
894 5623 1304 5700 prophetarum,
1327 5645 1523 5700 nempe
1545 5628 1745 5694 Josuee,
1772 5647 1863 5686 no-

300 5707 426 5774 men
456 5692 974 5774 servatorisnosftri
996 5692 1411 5774 diciturufuisse
1436 5692 1700 5774 inditum;
1728 5692 1860 5774 quia

301 5764 495 5843 etipse.
518 5764 748 5843 ’Inp'033¢
774 5766 1055 5843 ingraeci}
1082 5769 1266 5843 Dibliis
1296 5771 1617 5843 appellatur,
1649 5764 1861 5826 sedad-

303 5829 416 5889 dito
444 5829 782 5903 discriminc,
813 5840 844 5892 ό
872 5838 1072 5908 Ναυῆ,
1101 5839 1262 5897 Navae
1291 5829 1456 5899 ﬁlius.
1491 5829 1731 5900 Sittium

2039 5354 2150 5426 (‘52)
2178 5358 2509 5426 Πνεύμιιτα.
2557 5357 2861 5414 Credebant
2903 5372 2933 5410 e
2959 5354 3233 5410 veteribus
3264 5355 3535 5426 nonnulli,

1968 5426 2194 5493 spiritus
2224 5443 2318 5483 seu
2337 5425 2537 5492 bonos,
2564 5444 2661 5482 seu
2703 5427 2895 5489 malos,
2950 5426 3202 5480 humanis
3248 5425 3535 5483 animabus

1967 5510 2180 5564 semper
2225 5498 2500 5553 assistere.
2564 5497 2722 5553 Conf.
2785 5494 2995 5550 Hermae
3044 5494 3262 5550 Pastor.
3318 5494 3409 5564 lib_.
3468 5511 3534 5558 ιι.

1966 5559 2147 5683 ἲιέθῄό.
2206 5568 2259 5631 6,
2303 5576 2436 5623 sect.
2493 5568 2549 5632 2,
2603 5577 2657 5623 et
2702 5582 2821 5638 qua:
2884 5566 2959 5621 ibi
3007 5566 3284 5621 adnotavit
3363 5559 3523 5615 Cote-

2024 5645 2162 5683 rius.

1991 5644 2162 5689 CI'IUS.

2039 5707 2151 5777 (33)
2178 5707 2549 5777 Πρεσϐολήν.
2585 5704 2898 5777 Lt-gendum
2942 5707 3154 5777 videtur
3185 5705 3357 5777 divise
3407 5705 3539 5776 πρὸς

1969 5774 2149 5849 βολήν,
2204 5774 2297 5836 aut
2326 5780 2459 5856 πρὸς
2490 5774 2766 5838 ἐπιϐολήν.
2803 5792 2901 5832 seu
2934 5774 3241 5846 ἐπιϐουλήν.
3276 5774 3520 5832 Sumsit!-
