4016 6308
502 247 610 308 703

1673 256 1993 315 CLEMENS
2030 260 2591 321 ALEXANDRINUS.
2646 292 2653 299 -

3662 269 3761 324 ῖίιι

498 381 655 441 gant,
688 384 795 425 non
835 380 963 426 sunt
1004 373 1207 443 supini,
1242 373 1337 429 sed
1372 389 1588 445 semper
1620 376 1802 431 anima
1829 377 1886 433 in
1912 377 2082 435 Deum

2187 383 2298 437 ἀλλ’
2351 384 2436 437 ἀεὶ
2491 381 2737 455 εὔχονται
2766 425 2781 447 ,
2840 384 3225 454 ἀνατεταμένοι
3300 385 3433 457 πρὸς
3481 384 3571 438 τὸν
3609 386 3760 440 θεόν.

503 461 714 516 intenta
738 477 925 531 preces
954 462 1259 520 eﬂ‘undunt.

574 550 664 607 XI.
716 552 977 627 Seniores
1035 555 1192 612 valde
1252 558 1540 637 conquesti
1589 567 1740 627 sunt,
1784 561 1891 618 nisi
1953 562 2083 618 mali

502 643 794 714 aliquodin
820 646 934 701 dies
963 648 1183 719 corpori
1212 649 1507 714 accideret,
1541 652 1686 722 quod
1724 653 1939 709 fortiter
1971 654 2083 710 illis

502 734 897 803 perferendum
923 735 1082 793 foret.
1120 736 1409 793 Timebant
1440 740 1589 795 enim
1634 757 1705 797 ne
1732 740 1872 797 forte
1895 743 1952 798 in
1973 744 2082 799 vita

502 823 607 879 hac
640 827 838 895 pomis,
867 829 1108 897 peccatis
1161 829 1381 885 illorum
1442 830 1784 902 debitis,non
1825 835 2081 905 receptis,

501 932 624 987 qua:
661 908 884 988 'quidem
943 920 1136 985 multa,
1193 922 1302 978 illis
1353 922 1446 993 qui
1477 923 1533 978 in
1588 938 1751 980 carne
1803 932 1951 991 sunt,
1987 942 2084 997 per

501 1012 868 1083 ignorantiam
931 1016 1289 1080 comitantur,
1354 1017 1555 1071 saeculo
1616 1016 1800 1074 futuro
1864 1034 2083 1091 pmnam

501 1104 791 1159 confertim
829 1107 1158 1177 reciperent,
1188 1124 1353 1179 quam
1382 1109 1455 1164 ob
1493 1124 1717 1165 causam
1751 1109 1854 1166 hac
1885 1111 1943 1167 in
1973 1113 2084 1167 vita

500 1196 685 1250 curari
739 1196 1033 1253 malebant.
1085 1196 1384 1256 Timendus
1432 1200 1614 1271 itaque
1665 1200 1825 1257 nobis
1856 1210 1942 1258 est
1971 1217 2083 1258 non

498 1287 726 1342 morbus
759 1288 999 1343 exterior
1049 1288 1146 1344 sed
1199 1291 1381 1360 potius
1409 1299 1636 1362 peccata
1688 1302 1911 1366 propter
1961 1311 2083 1367 quae

498 1378 726 1433 morbus
746 1379 1043 1450 contingit;
1068 1380 1373 1452 animaeque
1391 1382 1636 1448 morbus,
1668 1398 1779 1440 non
1799 1385 2081 1456 corporis;

2260 562 2362 614 IA'.
2418 563 2481 614 Oi
2537 560 2896 633 πρεσϐύτεροι
2947 560 3153 633 σφόδρα
3190 560 3434 632 ἤχθοντο,
3482 560 3532 613 εί
3573 561 3653 631 μὴ
3684 561 3765 613 ὅτι

2190 652 2447 724 πάσχοιεν
2470 652 2581 723 (54)
2607 651 2748 707 κατά
2776 653 2837 706 τὸ
2859 653 3016 724 σῶμα
3034 652 3312 706 ἑκάστοτεο
3335 651 3632 721 ἐφοϐοῦντο
3659 653 3769 721 γὰρ

2192 745 2388 815 μήπως
2440 743 2674 799 ἐνταῦθα
2725 746 2785 798 οὐ
2837 744 3183 816 κομιζόμενοι
3231 742 3303 797 τά
3354 744 3612 814 ἐπίχειρα
3659 743 3769 795 τῶν

2191 835 2621 907 ἁμαρτημάτων,
2657 834 2693 889 ἃ
2745 833 2916 889 πολλὰ
2961 836 3073 897 τοῖς
3105 835 3164 886 ἐν
3209 833 3372 903 σαρκὶ
3395 830 3515 884 κατ’
3543 831 3767 897 ἄγνοιαν

2188 926 2604 998 παρακολουθεῖ,
2663 926 2863 999 ἀθρόαν
2906 927 3024 979 ἐκεῖ
3070 925 3386 996 κομίσονται
3433 922 3537 993 τὴν
3584 921 3764 991 δίκην

2183 1017 2323 1071 ὥστε
2353 1017 2538 1072 ἐνθάδε
2576 1017 2972 1090 θεραπεύεσθαι
3000 1016 3206 1089 ἠξίουν.
3237 1014 3506 1085 Φοϐητέον
3536 1013 3650 1084 ἀρα
3674 1013 3769 1065 οὐ-

2182 1110 2241 1180 χὶ
2267 1109 2421 1164 νόσον
2451 1109 2548 1182 τὴν
2578 1109 2796 1177 ἔξωθεν,
2846 1110 2981 1166 ἀλλά
3010 1110 3405 1182 ἁμαρτήματα,
3433 1105 3505 1159 δι’
3533 1105 3571 1160 ἀ
3606 1106 3643 1176 ἡ
3679 1104 3770 1157 νό-

2188 1218 2297 1266 σοςο
2332 1203 2427 1256 καὶ
2478 1202 2633 1256 νόσον
2662 1201 2859 1274 ψυχῆς,
2894 1203 2956 1255 οὐ
2993 1199 3261 1272 σώματος’
3296 1199 3378 1253 ὅτι
3403 1194 3577 1252 πᾶσα
3610 1195 3771 1263 σὰρξ

2186 1298 2418 1367 χόρτος
2442 1294 2512 1349 τά
2531 1295 2589 1350 δὲ
2619 1295 2906 1368 σωματικά
2931 1294 3027 1349 καὶ
3051 1293 3121 1349 τά
3140 1292 3297 1357 ἐκτὸς
3316 1290 3476 1355 καλά,
3508 1290 3777 1361 πρόσκαι-

2190 1404 2277 1460 ρα·
2309 1388 2381 1442 τὰ
2403 1387 2471 1441 δὲ
2494 1387 2582 1458 μὴ
2599 1388 2950 1459 βλεπόμενα
2975 1385 3199 1441 αἰώνια.

498 1475 699 1544 quippe
739 1475 911 1528 omnis
946 1491 1071 1529 caro
1106 1475 1283 1545 fenum
1311 1488 1359 1529 α.
1401 1475 1629 1550 Insuper
1665 1494 1928 1550 corporea
1958 1496 2188 1554 quaeque
2219 1486 2462 1541 exterius
2484 1493 2610 1542 sunt
2640 1485 2805 1551 bona,
2837 1491 3187 1555 temporanea
3246 1490 3401 1549 sunt;
3468 1495 3593 1551 qaut
3658 1493 3773 1532 vero

497 1586 605 1623 non
630 1569 893 1633 videntur,
924 1580 1122 1624 (eterna
1145 1571 1201 1626 ι).

574 1668 634 1727 »Β
669 1645 786 1720 XII.
813 1662 945 1730 Quaa
967 1664 1035 1719 ad
1068 1665 1357 1721 scientiam
1386 1667 1681 1737 pertinent,
1712 1683 1780 1725 ex
1830 1669 1899 1728 iis
1942 1686 2089 1731 noni

2262 1671 2361 1724 IB'.
2397 1670 2477 1725 Τά
2498 1669 2597 1741 τῆς
2643 1669 2918 1739 γνώσεως,
2950 1666 3019 1721 τά
3067 1665 3165 1737 μὲν
3196 1662 3296 1736 ἤδη
3324 1662 3654 1735 μετέχομεν·
3707 1664 3777 1717 τά

495 1754 646 1809 nulla
671 1753 783 1824 jam
815 1755 1150 1826 percipimus
1175 1774 1190 1824 ;
1223 1757 1330 1812 alia
1361 1773 1515 1825 vero,
1543 1775 1611 1816 ex
1644 1760 1732 1817 his
1755 1777 1878 1833 quae
1906 1764 2083 1834 possi-

496 1845 711 1911 demus,
742 1846 969 1903 ﬁrmiter
1011 1864 1317 1919 speramus.
1364 1850 1551 1923 Neque
1583 1854 1731 1910 enim
1764 1856 1947 1911 omnia
1994 1873 2083 1915 su-

496 1954 621 1995 mus
649 1938 852 2010 adepti,
887 1956 988 1996 nec
1019 1941 1278 1999 omnibus
1308 1942 1613 2011 deﬁcimur,
1663 1950 1761 2003 sed
1810 1948 1960 2006 velut
1993 1964 2081 2006 ar-

494 2028 797 2084 rhaboncm
832 2030 1100 2085 bonorum
1139 2033 1447 2089 coelestium
1477 2044 1825 2109 paternzeque
1851 2038 2083 2096 haeredi-

495 2120 628 2175 tatis
665 2122 997 2191 accepimus.
1040 2122 1254 2179 Viatica
1285 2141 1414 2181 vero
1446 2127 1546 2182 vis:
1586 2126 1883 2185 Dominicze
1926 2129 2078 2202 ejus-

495 2211 619 2265 dem
668 2212 1036 2271 beatitudines
1077 2222 1225 2271 sunt.
1272 2217 1508 2282 Quaerite
1553 2220 1725 2285 enim,
1756 2221 1914 2286 dixit,
1948 2237 2082 2277 cura

495 2303 731 2358 Sollicita
758 2306 1029 2376 exquirite
1083 2324 1300 2378 regnum
1332 2308 1448 2377 Dei,
1474 2318 1524 2364 et
1568 2309 1678 2365 hwc
1714 2313 1893 2366 omnia
1939 2313 2079 2384 adji-

496 2395 702 2449 cientur
732 2395 896 2451 vobis.
940 2396 1051 2451 Scit
1076 2398 1214 2452 enim
1252 2398 1418 2454 Pater
1443 2409 1611 2456 vester
1642 2402 1830 2472 quibus
1861 2404 2069 2476 indige-

497 2487 564 2540 tis
584 2497 632 2543 ο.
666 2487 865 2558 Sicque
886 2504 997 2543 non
1024 2490 1202 2545 solum
1238 2506 1454 2559 vacare,
1487 2493 1584 2548 sed
1620 2501 1676 2549 et
1707 2509 1871 2550 curas
1899 2497 2067 2551 etiam

496 2577 747 2635 conferre
772 2587 938 2636 vetat.
974 2580 1097 2635 Non
1135 2582 1279 2637 enim
1316 2584 1385 2637 ad
1411 2593 1694 2650 staturam,
1728 2586 1925 2658 inquit,
1948 2605 2078 2643 cura

494 2671 592 2725 hac
615 2671 849 2728 sollicita
880 2675 1154 2745 quidpiam
1181 2675 1409 2744 adjicere
1446 2680 1666 2746 potestis
1696 2678 1747 2735 ά.
1794 2678 2078 2737 Manifesta

495 2764 642 2818 enim
675 2768 959 2837 cognoscit
997 2766 1163 2834 Deus,
1194 2783 1443 2839 quaenam
1490 2786 1591 2825 nos
1634 2770 1836 2828 habere
1865 2780 1919 2829 et
1955 2774 2078 2844 qui.

493 2857 600 2913 bus
628 2858 872 2929 indigere
890 2860 1161 2933 expediat.
1189 2861 1349 2919 Curis
1378 2862 1561 2934 itaque
1588 2866 1821 2921 terrenis
1846 2880 2078 2921 evacua-

494 2951 588 3012 tis,
622 2966 722 3005 nos
763 2952 913 3021 ipsos
956 2954 1087 3021 illis,
1149 2971 1270 3025 quae
1324 2957 1392 3011 ad
1448 2956 1619 3013 Deum
1673 2967 1823 3020 sunt.
1862 2959 2074 3031 impleri

2185 1760 2265 1825 δὲ,
2294 1760 2363 1813 δι’
2389 1753 2463 1814 ὧν
2504 1758 2718 1831 ἔχομεν,
2755 1757 2989 1829 βεϐαίως
3021 1753 3331 1825 ἐλπίζομενο
3360 1751 3485 1806 οὔτε
3518 1752 3635 1825 γὰρ
3668 1756 3775 1807 πᾶν

2187 1850 2580 1923 κεκομίσμεθα,
2599 1848 2723 1904 οὔτε
2751 1848 2952 1913 παντὸς
2981 1844 3336 1919 ὑστεροῦμεψ
3372 1844 3488 1899 ἀλλ’
3539 1840 3658 1899 οἷον
3684 1848 3778 1918 ἆῤ-

2188 1941 2404 2013 ραϐῶνα
2421 1942 2532 1996 τῶν
2563 1941 2797 1996 αίωνίων
2822 1938 3043 2009 ἀγαθῶν
3082 1938 3176 1992 καὶ
3203 1935 3299 1989 τοῦ
3328 1935 3585 2008 πατρῴου
3610 1936 3776 1989 πλού-

2184 2050 2276 2086 του
2301 2032 2763 2105 προσειλήφαμεν.
2800 2031 2880 2086 Τά
2902 2028 2960 2084 δὲ
2997 2029 3182 2101 ἐφόδια
3210 2027 3310 2099 τῆς
3341 2027 3618 2100 κυριακῆς
3652 2026 3772 2080 ὀδοῦ

2185 2126 2234 2180 οἱ
2273 2128 2613 2198 μακαρισμοὶ
2648 2124 2742 2179 τοῦ
2775 2123 3003 2196 Κυρίου.
3052 2120 3291 2191 Ζητεῖτε
3332 2113 3629 2192 γὰρ,εἴπε,
3680 2121 3774 2173 καὶ

2189 2219 2487 2291 μεριμνᾶτε
2545 2221 2661 2286 τὴν
2698 2216 3025 2282 βασιλείαν
3068 2214 3174 2269 τοῦ
3220 2213 3390 2278 Θεοῦ,
3439 2212 3547 2266 καὶ
3581 2212 3776 2267 ταῦτα

2184 2310 2378 2364 πάντα
2396 2307 2869 2379 προστεθήσεται
2888 2307 3051 2377 ὑμῖν⁹
3082 2303 3207 2361 οἶδε
3237 2306 3345 2377 γὰρ
3381 2309 3414 2360 ό
3440 2305 3655 2375 Πατὴρ
3688 2299 3775 2358 ὧν

2136 2440 2141 2447 .
2184 2404 2394 2472 χρείαν
2439 2400 2631 2470 ἔχετε.
2670 2398 2860 2463 Οὕτως
2893 2398 2955 2451 οὐ
2990 2396 3148 2468 μόνον
3177 2396 3276 2461 τάς
3308 2395 3588 2467 ἀσχολίας,
3638 2395 3774 2449 ἀλλὰ

2183 2493 2409 2556 καὶτὰς
2437 2491 2722 2566 φροντίδας
2759 2488 3104 2563 περιγράφει.
3143 2490 3225 2544 Οὐ
3277 2486 3385 2562 γάρ
3416 2486 3492 2556 τῇ
3532 2487 3769 2555 ἡλικίᾳ,

2183 2586 2447 2658 φησὶν,ἐκ
2476 2583 2583 2639 τοῦ
2600 2581 2929 2654 φροντίζειν
2947 2581 3298 2652 προσθεῖναί
3322 2597 3375 2634 τι
3404 2579 3700 2634 δύνασθε.
3715 2581 3776 2633 '0

2181 2677 2290 2750 γὰρ
2332 2676 2463 2741 Θεὸς
2517 2671 2625 2729 οἶδε
2676 2673 2885 2744 σαφῶς,
2920 2672 3041 2727 τίνα
3075 2672 3173 2744 μὲν
3215 2673 3347 2744 ἡμῖν
3391 2670 3563 2741 ἔχειν,
3604 2670 3774 2724 τίνων

2181 2764 2239 2818 δὲ
2281 2766 2506 2837 ἀπορεῖν
2542 2763 2834 2837 συμφέρει.
2869 2761 3229 2827 Κενώσαντας
3263 2756 3354 2815 οὖν
3391 2761 3537 2830 σφᾶς
3569 2760 3773 2823 αὖτώς

2179 2857 2287 2910 τῶν
2330 2857 2608 2929 κοσμικῶν
2641 2857 2957 2931 φροντίδων,
2991 2856 3133 2922 ἀξιοῖ
3168 2846 3509 2929 πληροῦσθαι
3545 2855 3655 2926 τῆς
3694 2858 3775 2919 είς

2179 2949 2331 3003 Θεόν.
2379 2949 2574 3019 Ἡμεῖς
2608 2951 2719 3020 γὰρ
2752 2948 3128 3019 στενάζομεν,
3167 2947 3617 3003 ἐπενδύσασθαι
3670 2964 3774 3001 πο-

493 3042 630 3097 vult.
664 3042 865 3112 Quippe
896 3061 991 3099 nos
1024 3047 1434 3116 ingemiscimus,
1466 3048 1775 3119 superindui
1811 3051 2070 3119 cupientes

2187 3042 2418 3108 θοῦντες
2455 3041 2527 3095 τὰ
2559 3041 2831 3113 ἄφθαρτα,
2863 3041 2992 3114 πρὶν
3023 3038 3351 3093 ἐκδύσασθαι
3383 3037 3480 3108 τὴν
3529 3038 3761 3110 φθοράν.

493 3150 611 3203 qua:
642 3134 1073 3205 incorruptibilia
1104 3145 1229 3193 sunt
1250 3150 1296 3203 ε,
1317 3139 1637 3210 priusquam
1670 3142 2076 3212 corruptionem

493 3227 829 3284 exuerimus.
874 3228 1059 3284 Eﬁ'usa
1100 3230 1245 3285 enim
1290 3230 1415 3296 ﬁde,
1452 3231 1746 3287 inﬁdelitas
1775 3231 2075 3289 evanescit.

493 3315 578 3372 Ad
615 3319 868 3374 eumdem
912 3321 1135 3374 modum
1177 3321 1341 3376 etiam
1388 3322 1445 3377 in
1484 3322 1714 3378 scientia
1753 3337 1817 3378 ac
1839 3323 2073 3393 justitia.

496 3408 720 3480 Oportet
746 3411 929 3481 itaque
960 3428 1070 3467 non
1105 3412 1284 3467 solum
1314 3414 1552 3468 animam
1575 3429 1863 3480 evacuare,
1890 3429 2078 3470 verum

495 3502 658 3556 etiam
712 3500 825 3557 Deo
855 3501 1101 3572 implere.
1161 3501 1349 3573 Neque
1401 3504 1547 3559 enim
1578 3505 1813 3576 amplius
1851 3505 2075 3571 malum,

496 3594 642 3666 quod
670 3610 792 3650 esse
821 3594 1013 3661 desiit;
1048 3611 1224 3665 neque
1251 3595 1475 3650 omnino
1512 3596 1735 3662 bonum,
1771 3598 1915 3669 quod
1940 3613 2077 3653 non-

496 3685 624 3739 dum
655 3684 863 3756 aliquid
895 3685 1142 3755 accepit:
1185 3683 1331 3755 quod
1368 3701 1498 3741 vero
1545 3702 1646 3741 nec
1671 3688 1873 3743 bonum
1903 3703 2081 3758 neque

497 3776 725 3839 malum,
758 3777 894 3831 nihil
925 3784 1029 3831 est.
1058 3775 1353 3831 Revertitur
1379 3778 1517 3831 enim
1548 3779 1604 3832 in
1649 3778 1862 3833 domum
1891 3796 2081 3851 purga-

498 3874 607 3919 tam
646 3883 708 3920 ac
727 3884 946 3921 vacuam
981 3866 1025 3934 τ,
1057 3866 1111 3922 in
1145 3883 1306 3937 quam
1347 3882 1534 3923 eorum
1565 3869 1713 3923 nulla
1736 3884 1856 3939 qua:
1897 3868 1964 3923 ad
1992 3882 2085 3924 sa-

496 3958 664 4013 lutem
693 3958 1050 4028 suut,injecta
1079 3958 1318 4024 fuerunt,
1355 3960 1445 4015 ubi
1470 3961 1622 4032 prius
1644 3961 1869 4031 spiritus
1902 3962 2082 4030 impu-

496 4064 592 4103 rus
623 4048 988 4114 habitaverat,
1038 4051 1133 4121 qui
1184 4067 1369 4108 secum
1428 4053 1566 4108 alios
1612 4060 1819 4122 septem
1852 4052 2079 4122 spiritus

496 4141 742 4213 impuros
773 4144 1016 4199 assumit.
1055 4147 1235 4210 Quare
1290 4146 1454 4201 malis
1496 4144 1803 4210 evacuatis,
1866 4152 1928 4198 ut
1968 4144 2078 4201 Deo

495 4233 641 4290 bono
670 4234 912 4289 animum
942 4236 1265 4307 impleamus
1313 4253 1542 4293 necesse
1572 4244 1657 4293 est
1686 4235 1829 4307 quod
1860 4244 1941 4291 est
1979 4236 2078 4291 do-

2192 3133 2579 3207 Ἐπιχεομένης
2610 3132 2719 3205 γὰρ
2757 3133 2857 3204 τῆς
2904 3132 3162 3196 πίστεως,
3207 3131 3466 3202 ἀπορεῖή
3508 3129 3764 3184 ἀπιστία.

2190 3226 2421 3297 Ὁμοίως
2472 3224 2565 3279 καὶ
2593 3225 2686 3278 ἐπὶ
2725 3223 2978 3294 γνώσεως
3009 3222 3102 3277 καὶ
3136 3220 3502 3292 δικαιοσύνης.
3542 3221 3622 3274 Οὐ
3662 3222 3768 3292 χρὴ

2179 3314 2271 3371 οὖν
2304 3318 2461 3389 μόνον
2509 3314 2742 3370 κενῶσαι
2774 3316 2873 3388 τὴν
2920 3314 3119 3387 ψυχὴν,
3160 3312 3296 3367 ἀλλά
3342 3312 3437 3367 καὶ
3468 3311 3772 3383 πληρῶσαι

2179 3408 2335 3464 Θεοῦ.
2372 3408 2509 3463 Οῦτε
2545 3408 2654 3480 γάρ
2701 3407 2779 3462 ἐτι
2825 3407 3016 3471 κακὸν,
3048 3405 3171 3460 ἐπεὶ
3212 3405 3505 3458 πέπαυται·
3549 3403 3681 3456 οὔτε
3706 3404 3773 3476 δὴ

2181 3502 2403 3572 ἀγαθὸν,
2435 3500 2558 3554 ἐπεὶ
2593 3498 2818 3572 μηδέπω
2868 3496 3114 3570 εἴληφενο
3153 3496 3213 3549 τὸ
3259 3495 3315 3549 δὲ
3363 3495 3504 3566 μήτε
3558 3493 3775 3563 ἀγαθὸν

2184 3597 2319 3667 μήτε
2347 3594 2514 3648 κακὸν
2540 3592 2690 3647 οὐδέν
2718 3594 2882 3646 ἐστιν.
2931 3590 3230 3644 Ἐπάνεισι
3268 3588 3377 3660 γὰρ
3410 3589 3500 3653 εὶς
3530 3586 3642 3640 τὸν
3669 3603 3771 3640 κε-

2181 3684 2551 3756 καθαρμένον
2568 3680 2736 3740 οἷκον
2757 3683 2855 3738 καὶ
2880 3681 3081 3748 κενὸν,
3115 3680 3210 3735 ἐάν
3246 3679 3412 3752 μηδὲν
3442 3678 3556 3732 τῶν
3589 3695 3771 3751 σωτη-

2184 3777 2311 3849 ρίων
2345 3776 2609 3849 ἐμϐληθῇ,
2642 3775 2702 3830 τὸ
2742 3775 3140 3848 προενοικῆσαν
3180 3775 3486 3845 ἀκάθαρτον
3520 3772 3767 3845 πνεῦμα,

2182 3868 2711 3942 συμπαραλαμϐάνον
2760 3867 2893 3925 ἄλλα
2940 3868 3081 3922 ἐπτά
3122 3866 3407 3939 ἀκάθαρτα
3441 3865 3762 3935 πνεύματα.

2181 3963 2270 4016 Διὸ
2294 3960 2634 4025 κενώσαντας
2664 3959 2773 4015 τῶν
2805 3958 2991 4013 κακῶν
3022 3959 3101 4012 δεῖ
3138 3958 3424 4030 πληρῶσαι
3452 3955 3556 4029 τὴν
3583 3956 3769 4028 ψυχὴν

2181 4053 2275 4108 τοῦ
2304 4054 2507 4124 ἀγαθοῦ
2533 4053 2689 4121 Θεοῦ,
2718 4053 2855 4124 ὅπερ
2876 4050 3025 4107 ἐστὶν
3058 4052 3373 4123 οἰκητήριον
3401 4047 3767 4118 ἐπιλελεγμέ-

2184 4160 2290 4197 νον.
2327 4142 2729 4215 Πληρωθέντων
2754 4141 2864 4214 γάρ
2897 4141 3005 4195 τῶν
3037 4141 3229 4206 κενῶν,
3260 4140 3382 4194 τότε
3424 4141 3463 4208 ἡ
3496 4138 3768 4209 σφραγὶς

2184 4236 2571 4299 ἐπακολουθεῖ,
2606 4235 2694 4288 ῐνα
2723 4234 3063 4305 φυλάσσηται
3090 4232 3170 4305 τῷ
3200 4231 3317 4304 Θεῷ
3348 4232 3412 4286 τὸ
3440 4232 3617 4299 am.

494 4329 756 4384 micilium
796 4330 1047 4386 electum.
1077 4331 1319 4402 lmpletis
1346 4334 1490 4389 enim
1515 4347 1638 4405 quae
1666 4331 1821 4404 prius
1884 4330 2108 4386 fuerunt
2141 4346 2334 4395 vacua,
2366 4337 2495 4385 tunc
2526 4328 2765 4400 sigillum
2795 4328 3170 4399 consequitur,
3203 4334 3263 4382 ut
3298 4324 3650 4382 custodiatur
3709 4320 3767 4375 id

493 4421 638 4491 quod
674 4420 782 4478 Deo
822 4432 1070 4479 sanctum
1103 4434 1209 4481 est.

562 4510 700 4566 XIII.
736 4513 900 4569 Omne
934 4514 1144 4570 verbum
1182 4516 1432 4585 ﬁrmatur
1473 4516 1529 4569 in
1549 4513 1754 4568 duobus
1784 4514 1862 4569 uel
1905 4513 2075 4568 tribus

492 4600 708 4658 testibus
741 4605 800 4658 δε
841 4603 947 4659 hoc
988 4612 1094 4666 est,
1141 4604 1197 4658 in
1235 4601 1416 4667 Patre,
1454 4605 1511 4658 in
1543 4602 1702 4669 Filio,
1744 4617 1809 4656 ac
1863 4601 2074 4674 Spiritu

490 4702 716 4762 sancto;
749 4698 951 4767 quibus
968 4697 1207 4773 testibus
1228 4704 1283 4750 et
1316 4695 1680 4765 adjutoribus,
1705 4709 1825 4773 quae
1848 4694 2079 4749 manda-

493 4795 547 4840 ta
582 4797 869 4853 vocantur,
902 4772 1444 4844 observari'debent.

561 4879 702 4936 XIV.
737 4880 1039 4951 Jejunium,
1065 4888 1151 4935 est
1181 4896 1212 4933 a
1241 4881 1363 4935 cibo
1399 4879 1751 4944 abstinentia,
1785 4888 1946 4951 prout
2002 4895 2070 4936 ex

489 4970 608 5040 ipsa
637 4986 768 5025 voce
806 4977 1043 5025 constat.
1074 4970 1145 5022 At
1185 4969 1343 5047 cibus
1387 4984 1489 5024 nos
1518 4985 1627 5023 non
1664 4971 1837 5041 magis
1887 4969 2069 5040 justos

486 5061 575 5118 vel
613 5060 848 5130 iniustos
874 5060 1072 5116 reddit.
1102 5059 1414 5115 Secundum
1444 5076 1573 5117 vero
1605 5076 1827 5117 sensum
1871 5062 2063 5134 mysti-

2246 4509 2344 4561 II".
2384 4505 2513 4562 Πᾶν
2537 4506 2703 4575 ῥῆμα
2737 4506 2971 4559 ἵσταται
2993 4503 3092 4558 ἐπὶ
3126 4502 3236 4556 δύο
3270 4501 3368 4556 καὶ
3394 4500 3573 4570 τριῶν
3606 4521 3764 4574 μαρ-

2186 4602 2394 4669 τύρων
2432 4598 2523 4652 ἐπὶ
2556 4597 2765 4669 Πατρός
2798 4596 2892 4649 καὶ
2926 4594 3054 4648 Υίοῦ
3089 4595 3183 4649 καὶ
3222 4593 3380 4662 ἁγίου
3418 4593 3766 4666 Πνεῦματος,

2185 4693 2272 4763 ἐφ’
2304 4688 2379 4745 ὧν
2415 4690 2705 4763 μαρτύρων
2756 4689 2850 4742 καὶ
2897 4686 3106 4759 βοηθῶν
3139 4687 3196 4740 αἱ
3228 4684 3441 4739 ἐντολαὶ
3466 4685 3764 4759 λεγόμεναι

2183 4768 2551 4853 φυλάσσεσθαι
2583 4780 2909 4851 ὀφείλουσιν.

2249 4877 2345 4928 ΙΔ’.
2386 4875 2451 4927 Ἦ
2480 4873 2702 4945 νηστεία
2750 4872 2861 4944 (55)
2910 4871 3089 4942 ἀποχὴ
3128 4870 3333 4942 τροφῆς
3366 4872 3482 4923 ἐστι
3515 4869 3662 4925 κατά
3698 4869 3761 4923 τὸ

2177 4966 2593 5036 σημαινόμενον.
2639 4964 2826 5037 Τροφὴ
2864 4963 2920 5017 δὲ
2957 4963 3108 5016 οὐδὲν
3140 4960 3508 5036 δικαιοτέρους
3539 4962 3695 5033 ἡμᾶς
3722 4964 3756 5033 ἢ

2168 5058 2529 5130 ἀδικωτέρους
2562 5055 2973 5129 ἀπειργάζεταν
3001 5053 3139 5108 κατά
3176 5054 3234 5108 δὲ
3272 5054 3334 5107 τὸ
3373 5055 3636 5126 μυστικὸν
3663 5054 3758 5127 δη-

490 5166 636 5215 cum,
677 5150 884 5221 liquido
912 5158 1149 5217 constat,
1194 5151 1341 5223 quod
1383 5152 1532 5209 velut
1574 5153 1807 5224 singulis
1832 5154 1943 5208 vita
1994 5168 2061 5208 ex

2187 5154 2250 5206 toi
2301 5152 2405 5215 ὅτι,
2440 5150 2631 5224 ῶσπερ
2667 5154 2781 5214 τοῖς
2809 5148 2933 5216 καθ’
2989 5149 3085 5202 ἐνα
3127 5148 3193 5201 ἐκ
3228 5149 3437 5222 τροφῆς
3472 5150 3505 5218 ἡ
3547 5145 3687 5219 ζωὴ,
3719 5148 3754 5218 ἡ

490 5244 616 5299 cibo
647 5250 752 5310 est,
794 5250 851 5297 et
882 5257 994 5298 non
1041 5244 1243 5298 nutriri
1284 5245 1479 5302 mortis
1508 5243 1793 5310 indicium,
1837 5245 1919 5302 sic
1963 5260 2078 5306 nos,

2187 5245 2213 5296 i’
2254 5244 2488 5315 ἀτροφία
2521 5243 2752 5299 θανάτου
2788 5242 3075 5314 σύμϐολον
3115 5239 3290 5306 οῦτως
3318 5239 3412 5295 καὶ
3437 5241 3587 5311 ἡμᾶς
3644 5238 3755 5294 τῶν

569 5395 704 5462 μω).
746 5326 997 5475 agger).
1034 5396 1328 5475 norma.
1382 5412 1456 5475 λιι
1491 5399 1723 5475 Isa_._x1..
1755 5400 1809 5456 6.
1914 5397 2090 5475 h__n-c

2187 5414 2285 5475 _Iv,
2321 5398 2408 5454 i8.
2474 5410 2497 5437 ο
2540 5397 2728 5475 ψιιιι.
2757 5413 2834 5461 v1,
2868 5399 2939 5454 35
2961 5405 3018 5454 et
3042 5397 3133 5451 32.
3236 5393 3265 5434 ἀ
3289 5391 3480 5451 Hatth.
3508 5408 3589 5458 τι,
3649 5392 3751 5457 27;

489 5464 627 5524 Luc.
657 5464 882 5531 311,35.

562 5620 674 5690 (δέ)
711 5622 886 5701 Elin}
916 5623 1019 5701 ὅτε
1052 5625 1365 5696 πάσχοιεν.
1428 5627 1739 5701 Legendum
1778 5626 1991 5685 videtur
2019 5628 2065 5680 εἰ

494 5691 568 5761 μή
598 5709 649 5745 τι
678 5691 951 5764 πάσχοιεν.
987 5691 1246 5753 Summo.

996 5477 1020 5506 ο
1062 5467 1104 5522 Il
1133 5469 1261 5526 Cor.
1294 5487 1346 5536 v,
1375 5471 1430 5528 2.
1513 5472 1533 5511 ί
1571 5470 1761 5527 Matth.
1794 5486 1895 5537 xu,
1927 5471 2016 5526 44.
2098 5473 2122 5510 ε
2164 5468 2329 5526 Deut.
2376 5484 2513 5533 xvn,
2543 5468 2597 5523 6.

2244 5623 2358 5695 (35)
2412 5625 2471 5677 Ἠ
2508 5626 2774 5690 νηστεία.
2811 5623 2883 5679 De
2927 5623 3120 5695 jejunii
3165 5622 3493 5680 abstinentia
3536 5620 3666 5680 vide
3698 5628 3753 5683 et

2176 5694 2346 5750 Basil.
2384 5711 2507 5765 pag.
2545 5695 2644 5749 155
2668 5703 2719 5751 et
2760 5695 2877 5749 157.
2907 5695 2968 5749 Il.
3003 5694 3267 5750 δι’ωιῖιιῦ.
