4016 6308
309 376 412 432 705

1041 361 1268 418 DUBIA.
1303 390 1373 401 —
1406 355 1704 414 ECLOGA]
1744 354 1839 409 EX
1880 347 2287 408 SCRIP'I‘URIS
2326 341 2803 401 PROPHETICIS.

3443 335 3545 393 706

294 489 576 564 κωμικῶν
608 483 887 559 νηστεύειν
919 482 1045 555 χρὴ,
1062 484 1148 536 ἵνα
1175 480 1252 552 τῷ
1274 480 1462 550 κόσμῳ
1489 475 1870 547 ἀποθάνωμεν,

1999 483 2192 540 [uoque
2221 467 2288 521 ab
2320 466 2407 521 his
2434 480 2554 536 quae
2586 463 2776 519 mundi
2814 460 3045 532 hujusce
3065 466 3219 527 sunt,
3236 456 3551 529 jejunemus

294 586 394 642 καὶ
427 582 569 656 μετά
584 578 742 635 τοῦτο
771 572 976 651 τρόφῇς
1005 573 1153 638 θείας
1197 570 1595 645 μεταλαϐόντες
1615 567 1734 639 Θεῷ
1768 566 1865 638 ξή-

296 692 501 747 σωμεν.
526 672 733 736 ’Δλλως
754 688 814 725 τε
843 670 987 725 κενοῖ
998 665 1097 738 τῆς
1119 663 1257 736 ὕλης
1270 663 1368 735 τὴν
1385 660 1560 734 ψυχὴν
1580 661 1615 732 ἡ
1645 658 1868 729 νηστεία

293 768 394 824 καὶ
436 764 681 836 καθαρὰν
712 764 806 817 καὶ
853 760 1060 831 κούφην
1101 758 1197 811 σὺν
1231 756 1323 811 καὶ
1347 754 1425 825 τῷ
1465 752 1676 823 σώματι
1703 747 1868 822 παρί-

297 875 462 932 στησι
491 860 606 920 τοῖς
643 855 810 919 θείοις
838 853 1037 923 λόγοις.
1072 848 1259 924 Τροφὴ
1309 846 1407 918 μὲν
1438 838 1531 899 οὖν
1570 840 1806 914 κοσμικὴ
1841 842 1870 893 6

296 950 569 1025 πρότερος
597 947 710 1018 βίος
736 946 830 1001 καὶ
859 944 928 999 τά
959 943 1347 1015 ἁμαρτήματα·
1398 936 1573 1009 τροφὴ
1600 934 1658 988 δὲ
1692 932 1868 1003 θεῖκὴ,

298 1042 507 1107 πίστις,
540 1040 714 1104 ἐλπὶς,
738 1038 944 1108 ἀγάπη,
989 1033 1257 1106 ὑπομονὴ,
1283 1031 1502 1103 γνῶσις,
1525 1028 1735 1101 εἰρήνη,
1764 1042 1871 1079 σω-

300 1133 568 1207 φροσύνη.
599 1131 883 1202 Μακάριοι
909 1127 1020 1198 γὰρ
1047 1130 1099 1182 οἱ
1122 1124 1440 1190 πεινῶντες
1457 1121 1553 1177 καὶ
1580 1116 1874 1188 διψῶντες

301 1228 420 1296 τὴν
453 1224 845 1293 δικαιοσύνην
878 1222 973 1279 ⁶ιςοῦ
993 1218 1153 1276 Θεοῦ·
1187 1213 1352 1274 οὗτοι
1382 1216 1493 1287 γὰρ
1525 1214 1622 1268 καὶ
1650 1213 1875 1282 ἐμπλη-

301 1319 657 1386 σθήσονται.
720 1312 880 1387 Ψυχὴ
935 1312 1013 1377 δὲ,
1047 1309 1161 1366 ἀλλ’
1217 1310 1279 1363 οὐ
1332 1308 1509 1379 σῶμα,
1557 1305 1655 1377 τὴν
1698 1302 1875 1375 ὄρεξιν

302 1415 508 1485 ταύτην
538 1409 823 1483 λαμϐάνει.

382 1598 478 1651 IE'.
502 1595 614 1667 Τῆς
645 1593 879 1656 πίστεως
904 1588 1001 1661 τὴν
1023 1586 1186 1661 εὐχὴν
1221 1583 1569 1657 ἰσχυροτέραν
1603 1579 1878 1652 ἀπέφηνεν

303 1690 336 1743 ὁ
378 1687 572 1760 Σωτὴρ
605 1688 718 1750 τοῖς
750 1684 958 1746 πιστοῖς
991 1678 1308 1741 ἀποστόλοις
1339 1675 1440 1729 ἐπί
1485 1691 1649 1740 τινος
1674 1672 1877 1743 δαιμο-

300 1781 581 1847 νιῶντος,
625 1779 683 1832 ὃν
735 1776 834 1830 οὐκ
890 1773 1116 1845 ἴσχυσαν
1167 1768 1501 1840 καθαρίσαι,
1554 1764 1745 1831 εἰπὼν,
1800 1766 1879 1819 Τά

300 1869 534 1925 τοιαῦτα
557 1867 686 1939 εὐχῇ
710 1862 1086 1937 κατορθοῦται.
1144 1862 1202 1914 '0
1240 1860 1335 1931 μὲν
1364 1856 1659 1922 πιστεύσας
1689 1857 1882 1927 ἄφεσιν
1916 1863 1961 1922 Β

310 1960 729 2035 ἁμαρτημάτων
761 1956 919 2012 ἔλαϐε
974 1953 1123 2028 παρά
1153 1951 1247 2005 τοῦ
1279 1951 1504 2023 Κυρίου·
1538 1953 1567 2005 6
1589 1950 1635 2004 δ’
1660 1951 1717 2003 ἐν
1744 1948 1883 2018 γνῶ-

308 2071 396 2109 σει
424 2053 730 2125 γενόμενος,
766 2049 861 2104 ἀτε
901 2048 1096 2121 μηκέτι
1140 2045 1489 2117 ἁμαρτάνων,
1525 2043 1655 2127 παρς
1687 2041 1881 2097 ἑαυτοῦ

307 2145 411 2218 τὴν
442 2143 634 2213 ἄφεσιν
658 2141 766 2196 τῶν
798 2139 999 2194 λοιπῶν
1033 2136 1338 2209 κομίζεται.

370 2400 493 2475 ις’.
517 2407 726 2478 Ὠσπερ
747 2407 802 2460 αἱ
833 2405 1117 2478 θεραπεῖαι
1145 2404 1239 2459 καὶ
1260 2406 1315 2459 αἱ
1346 2408 1668 2477 προφητεῖαι
1700 2406 1794 2460 καὶ
1817 2407 1886 2461 τά

316 2501 541 2572 σημεῖα,
565 2498 737 2562 οὕτως
758 2498 849 2552 καὶ
875 2499 908 2568 ή
935 2497 1208 2570 γνωστικὴ
1239 2496 1555 2551 διδασκαλία
1582 2496 1651 2551 δι’
1678 2497 1887 2570 ἀνθρώ-

317 2610 438 2647 πων
465 2588 813 2664 ἐνεργοῦντος
838 2590 933 2645 τοῦ
982 2589 1116 2643 Θεοῦ
1166 2589 1509 2644 ἐπιτελεῖται·
1550 2592 1578 2644 6
1604 2590 1713 2663 γὰρ
1756 2590 1887 2655 Θεὸς

314 2684 386 2737 δι’
409 2682 711 2755 ἀνθρώπων
738 2682 836 2755 τὴν
872 2681 1099 2754 δύναμιν
1132 2681 1517 2736 ἐπιδείκνυται.
1566 2684 1678 2736 Kal.
1715 2683 1889 2756 ὀρθῶς

315 2778 351 2847 ἡ
381 2775 684 2848 προφητεία
713 2774 865 2846 φησί·
897 2773 1006 2829 Καὶ
1048 2773 1365 2829 ἀποστελῶ
1412 2774 1728 2840 ὲπάὐτοῖς
1778 2774 1888 2848 (56)

320 2865 636 2935 ἄνθρωπον
662 2865 731 2931 ὃς
772 2864 956 2919 σώσει
990 2864 1229 2931 αὐτούς.
1281 2863 1452 2928 Αὐτὸς
1488 2859 1582 2919 οὖν
1621 2865 1890 2937 ἐκπέμπει

323 2959 458 3012 ποτὲ
491 2959 586 3029 μὲν
629 2960 930 3031 προφήτας,
984 2956 1116 3010 ποτὲ
1159 2955 1216 3009 δὲ
1247 2955 1595 3022 ἀποστόλους,
1645 2958 1892 3031 σωτῆρας

323 3050 436 3104 τῶν
473 3047 786 3122 ἀνθρώπων.
829 3047 986 3101 Οῦτω
1038 3047 1169 3111 Θεὸς
1229 3047 1296 3101 δι’
1326 3046 1627 3120 ἀνθρώπων
1671 3048 1892 3119 εὐεργε-

324 3145 429 3196 τεῖ·
465 3142 583 3213 οὐχὶ
610 3140 719 3213 γάρ
751 3139 819 3194 τά
872 3140 969 3211 μὲν
1003 3139 1245 3203 δύναται,
1277 3138 1346 3193 τὰ
1389 3139 1446 3192 δὲ
1499 3140 1557 3192 οὐ
1614 3137 1833 3194 δύναται
1864 3141 1893 3193 6

1971 568 2211 633 Oportet,
2239 574 2362 614 eum
2390 571 2587 627 nempe
2615 555 2671 609 in
2704 553 2864 609 ﬁnem
2898 560 2957 606 ut
2985 551 3189 606 mundo
3217 549 3548 616 moriamur;

1976 667 2040 708 ac
2066 652 2193 707 dein
2220 648 2530 704 alimoniam
2548 647 2786 702 divinam
2821 642 3124 710 consecuti,
3142 641 3253 697 Deo
3279 641 3528 695 vivamus

1975 743 2201 814 Insuper
2225 743 2464 796 animum
2494 755 2524 795 a
2557 739 2686 794 faece
2717 736 2984 792 matcriali
3011 735 3155 791 levat
3179 733 3470 805 jejunium,
3499 740 3552 785 et

1977 848 2173 907 purum
2223 832 2502 901 levemque
2560 846 2681 884 cum
2736 832 2855 899 ipso
2905 843 3136 898 corpore
3167 825 3549 885 constitutum,

1977 923 2324 980 sermonibus
2346 920 2719 991 doctrinisque
2756 919 2957 974 divinis
2985 928 3169 988 aptum
3201 916 3399 972 reddit.
3440 912 3553 967 Sae-

1978 1017 2087 1072 culi
2150 1014 2377 1087 proinde
2423 1014 2654 1083 hujusce
2699 1012 2875 1075 cibus,
2916 1012 3028 1066 vita
3073 1009 3351 1080 praeterita
3389 1013 3554 1079 atque

1980 1113 2201 1178 peccata
2232 1111 2397 1171 sunt;
2435 1103 2591 1158 cibus
2612 1118 2740 1157 vero
2769 1102 3011 1166 divinus,
3050 1100 3206 1164 ﬁdes,
3244 1114 3391 1168 spes.
3422 1097 3554 1153 cha-

1979 1197 2137 1264 ritas,
2187 1195 2466 1266 patientia,
2515 1193 2764 1259 scientia,
2805 1209 2931 1263 pax,
2978 1192 3354 1262 temperantia.
3400 1188 3554 1243 Beati

1981 1285 2129 1341 enim
2160 1285 2249 1356 qui
2263 1286 2501 1339 esuriant
2547 1301 2609 1338 ac
2651 1286 2839 1337 sitiunt
2871 1283 3144 1352 justitiam
3180 1281 3311 1347 Dei;
3346 1296 3470 1334 nam
3503 1288 3555 1333 et

1982 1380 2083 1448 ipsi
2102 1378 2483 1433 saturabunlur
2514 1389 2561 1433 ³.
2607 1383 2665 1441 >Ι<
2704 1378 2899 1432 Anima
2928 1393 3058 1434 vero
3099 1384 3153 1432 et
3185 1392 3295 1432 non
3352 1389 3555 1443 corpus

1985 1469 2132 1524 hunc
2168 1470 2466 1540 appetitum
2499 1470 2687 1524 sumit.

2054 1565 2171 1621 XV.
2200 1565 2395 1621 Preces
2426 1565 2652 1635 majoris
2706 1579 2828 1619 esse
2886 1562 3107 1618 virtutis
3161 1576 3322 1632 quam
3372 1558 3553 1622 ﬁdem,

1988 1658 2250 1730 apostolis
2302 1656 2553 1713 ﬁdelibus
2609 1655 2886 1712 animisni
2920 1669 3141 1709 sensum
3182 1652 3407 1723 protulit
3436 1648 3558 1705 Sal-

1988 1759 2164 1813 vator,
2202 1764 2326 1807 cum
2359 1747 2422 1801 de
2441 1747 2767 1803 dwmoniaco
2795 1746 3021 1816 quodam.
3048 1753 3299 1816 ageretur
3320 1741 3370 1809 δ,
3395 1761 3557 1815 quem

1989 1837 2255 1892 mundare
2302 1835 2447 1890 haud
2498 1842 2768 1907 poterant,
2825 1837 3036 1899 dicens,
3086 1834 3349 1889 miracula
3410 1834 3559 1903 ejus-

1989 1928 2135 1984 modi
2160 1943 2256 1999 per
2284 1943 2475 1999 preces
2510 1928 2779 1999 praestari.
2841 1925 3051 1997 Quippe
3095 1926 3187 1997 qui
3242 1925 3494 1989 credidit,
3525 1939 3556 1979 a

1988 2021 2222 2076 Domino
2251 2029 2604 2092 peccatorum
2634 2021 3013 2076 remissionem
3043 2020 3270 2090 adeptus
3297 2027 3409 2086 est;
3461 2018 3556 2089 qui

1988 2127 2121 2168 vero
2156 2112 2445 2169 scientiam
2488 2119 2572 2169 est
2606 2122 2957 2177 consecutus,
3012 2114 3218 2183 quique
3275 2126 3383 2165 non
3443 2126 3560 2164 am-

1988 2203 2134 2274 plius
2162 2211 2372 2274 peccat,
2410 2218 2439 2258 a
2467 2203 2651 2276 seipso
2679 2203 3058 2260 remissionem
3086 2204 3425 2273 reliquorum
3460 2202 3562 2256 im-

1990 2304 2187 2366 pctrat.

2064 2386 2201 2444 XVI.
2233 2386 2389 2443 Sicut
2441 2388 2777 2453 sanationes,
2832 2398 2883 2444 et
2937 2386 3252 2459 prophetiae,
3284 2394 3337 2441 et
3386 2386 3561 2457 signa,

1993 2479 2060 2534 ad
2089 2480 2339 2535 eumdem
2370 2480 2592 2535 modum
2612 2487 2666 2536 et
2695 2481 2943 2536 doctrina
2999 2494 3118 2551 qua:
3150 2483 3217 2534 ad
3277 2478 3564 2534 scientiam

1993 2571 2186 2636 tendit,
2215 2587 2313 2643 per
2336 2571 2583 2628 homines
2639 2572 2749 2628 Deo
2778 2572 3071 2643 adjuvante
3098 2580 3152 2627 et
3195 2571 3409 2625 aﬁlante
3439 2586 3566 2641 per-

1997 2664 2196 2719 ﬁcitur.
2255 2663 2401 2721 Deus
2438 2667 2583 2721 enim
2630 2683 2728 2738 per
2786 2666 3062 2721 hominem
3112 2681 3267 2720 suam
3328 2662 3567 2719 ostendit

1994 2764 2341 2828 potestatem.
2367 2756 2504 2812 Hinc
2524 2766 2674 2812 recte
2705 2757 2837 2811 dicit
2884 2756 3204 2828 prOphetia:
3240 2754 3308 2808 Et
3360 2756 3568 2809 mittam

1996 2848 2065 2902 ad
2084 2866 2170 2904 eos
2202 2849 2400 2914 virum,
2458 2850 2550 2921 qui
2596 2849 2824 2903 salvabit
2852 2866 2939 2903 eos
2989 2859 3036 2904 ο.
3069 2846 3189 2919 Ipse
3216 2847 3435 2920 quidem
3484 2855 3570 2902 est

1999 2944 2092 3015 qui
2121 2957 2517 3013 nonnunquam
2543 2942 2859 3013 prophetas,
2888 2940 3217 3011 quandoque
3247 2954 3380 2993 vero
3438 2952 3571 3009 apo-

1999 3039 2171 3094 stolos
2204 3037 2390 3103 mittit,
2422 3035 2517 3107 qui
2551 3034 2865 3090 hominibus
2912 3033 3142 3088 salutem
3172 3037 3386 3102 parent.
3412 3027 3571 3085 Hunc

2000 3131 2055 3185 in
2079 3130 2299 3186 modum
2332 3129 2476 3185 Deus
2534 3143 2633 3200 per
2676 3125 2951 3182 hominem
3008 3125 3271 3180 beneﬁcia
3323 3131 3569 3194 praestat.

324 3234 479 3299 Θεὸς,
503 3234 621 3288 οὐδὲ
654 3232 869 3287 ἀσθενεῖ
896 3247 1028 3284 ποτε
1078 3231 1136 3283 ἐν
1166 3229 1358 3283 οὐδενί·
1403 3229 1516 3283 ἀλλ’
1540 3230 1659 3284 οὐδὲ
1709 3230 1777 3284 τά
1809 3229 1892 3302 μὲι

2005 3221 2127 3277 Non
2152 3222 2296 3278 enim
2325 3220 2571 3293 quaedam
2602 3218 2813 3276 efﬁcere
2839 3226 3018 3289 potest
3049 3216 3216 3281 Deus,
3249 3222 3303 3270 ct
3325 3216 3431 3270 alia
3459 3232 3571 3270 non

326 3323 566 3387 ἑκόντος,
591 3321 662 3375 τά
709 3321 767 3375 δὲ
799 3321 1025 3383 ἄκοντος
1071 3316 1236 3373 αὐτοῦ
1282 3318 1506 3388 γίνεται·
1550 3320 1644 3374 καὶ
1679 3320 1747 3374 τὰ
1799 3321 1896 3391 μὲν

326 3416 422 3471 ὑπ’
444 3413 630 3478 αὐτοῦ,
658 3413 726 3467 τὰ
757 3412 813 3466 δὲ
841 3411 930 3481 ὑφ’
963 3410 1169 3482 ἑτέρου·
1192 3408 1327 3464 ἀλλά
1353 3410 1446 3465 καὶ
1473 3412 1617 3483 ἡμᾶς
1645 3411 1897 3485 ἐγέννησε

324 3506 395 3564 δι’
415 3504 734 3579 ἀνθρώπων,
764 3503 859 3559 καὶ
889 3504 1173 3558 ἐπαίδευσε
1194 3501 1260 3557 δι’
1287 3502 1607 3575 ἀνθρώπων.

404 3771 502 3824 IZ'.
549 3768 607 3822 Ὀ
630 3767 759 3831 Θεὸς
785 3767 935 3838 ἡμᾶς
959 3765 1238 3837 εποίησεν,
1280 3764 1339 3819 οὐ
1368 3764 1651 3836 προόντας.
1701 3762 1896 3835 Ἐχρῆν

328 3859 442 3932 γάρ
467 3858 560 3914 καὶ
584 3859 777 3913 εἰδέναι
807 3859 954 3929 ἡμᾶς
972 3858 1106 3911 ὅπου
1136 3852 1279 3927 ἦμεν
1303 3857 1351 3909 εἰ
1381 3855 1649 3927 προῇμεν,
1669 3853 1900 3917 καὶπῶς

332 3952 430 4007 καὶ
446 3951 535 4005 διά
562 3951 615 4004 τί
645 3948 804 4022 δεῦρο
833 3950 1060 4021 ἥκομεν·
1087 3950 1136 4001 εῑ
1169 3947 1213 4000 δ’
1238 3947 1299 4001 ού
1330 3946 1598 4019 προῆμεν,
1623 3946 1722 4017 τῆς
1752 3945 1903 4015 γενέ-

335 4061 477 4108 σεως
511 4043 667 4115 μόνος
703 4042 873 4107 αίτιος
912 4042 941 4094 6
977 4041 1129 4105 Θεός.
1175 4041 1264 4105 Ὠς
1289 4035 1381 4094 οὖν
1408 4040 1509 4093 οὐκ
1540 4038 1697 4102 ὄντας
1722 4036 1907 4109 ἐποίη-

334 4154 452 4204 σεν,
478 4136 653 4201 οὕτως
680 4136 775 4191 καὶ
800 4136 1125 4208 γενομένους
1159 4134 1318 4200 σώζει
1344 4136 1411 4206 τῇ
1448 4133 1553 4205 ίδίᾳ
1582 4132 1783 4205 χάριτι,
1814 4129 1907 4185 ὲάν

330 4232 475 4300 ἄξιοι
504 4232 617 4305 ('57)
650 4232 744 4286 καὶ
776 4231 1070 4302 ἐπιτήδειοι
1126 4228 1401 4300 φανῶμεν,
1450 4228 1500 4280 εἰ
1555 4225 1629 4298 μὴ
1672 4224 1905 4298 παρήσει

332 4325 476 4397 πρὸς
528 4325 590 4379 τὸ
626 4326 821 4379 οἰκεῖον
850 4322 1022 4387 τέλος·
1053 4322 1149 4377 καὶ
1182 4316 1312 4393 ίγάρ
1364 4318 1594 4382 ζώντων
1622 4315 1755 4372 ἐστὶ
1806 4315 1904 4371 καί

332 4418 570 4488 νεκρῶν
588 4419 820 4487 Κύριος.

1993 3323 2212 3387 potest;
2248 3328 2425 3385 neque
2448 3329 2509 3369 re
2532 3313 2640 3367 ulla
2670 3311 2919 3366 inﬁrmus
2963 3320 3064 3365 est.
3102 3308 3207 3363 Sed
3239 3314 3293 3363 et
3322 3323 3423 3363 nec
3453 3307 3571 3378 ipso

1992 3408 2208 3465 volente
2235 3406 2482 3479 quaedam
2543 3405 2698 3469 fiunt,
2753 3404 2857 3458 alia
2887 3418 3017 3458 vero
3051 3401 3209 3473 quasi
3246 3401 3366 3470 ipso
3397 3400 3571 3455 invito

1997 3506 2125 3555 sunt
2149 3499 2374 3566 eﬁ‘ecta;
2404 3505 2458 3553 et
2517 3497 2633 3551 haec
2685 3496 2903 3566 quidem
2935 3494 3002 3549 ab
3033 3494 3173 3563 ipso,
3207 3492 3313 3545 alia
3335 3507 3467 3546 vero
3501 3491 3572 3546 ab

1997 3590 2139 3658 alio;
2179 3589 2314 3660 quin
2346 3595 2400 3643 et
2423 3603 2526 3644 nos
2551 3602 2768 3659 quoque
2795 3602 2892 3658 per
2921 3585 3172 3642 homines
3201 3584 3410 3656 genuit,
3444 3598 3571 3654 per-

1996 3697 2104 3753 que
2137 3682 2386 3737 homines
2411 3681 2633 3736 erudiit.

2066 3773 2226 3845 362
2262 3772 2428 3829 XVII.
2459 3771 2602 3828 Deus
2623 3771 2839 3842 quidem
2871 3785 2973 3825 nos
3001 3770 3226 3832 creavit,
3267 3783 3391 3822 cum
3422 3767 3575 3838 prius

2001 3880 2111 3920 non
2142 3879 2411 3920 essemus.
2447 3862 2702 3934 Oportuit
2722 3862 2869 3917 enim
2895 3869 2951 3917 et
2985 3877 3086 3918 nos
3137 3861 3279 3915 scire
3305 3860 3399 3913 ubi
3450 3874 3576 3914 era-

2004 3970 2149 4020 mus,
2196 3956 2242 4012 si
2279 3956 2440 4011 modo
2491 3956 2643 4026 prius
2693 3953 3020 4020 fuissemus;
3072 3960 3126 4007 et
3175 3950 3468 4021 quomodo,
3524 3959 3579 4006 et

2006 4061 2170 4117 quam
2189 4047 2259 4102 ob
2284 4061 2506 4101 causam
2531 4046 2677 4100 hunc
2707 4045 2761 4098 in
2792 4042 3054 4098 mundum
3100 4042 3428 4098 venerimus.
3480 4039 3576 4095 Sin

2008 4138 2162 4208 prius
2184 4153 2292 4193 non
2320 4137 2543 4202 fuimus,
2576 4143 2731 4192 ortus
2775 4143 2907 4190 tunc
2946 4134 3117 4190 nostri
3165 4148 3333 4189 causa
3355 4132 3574 4204 quidem

2007 4231 2173 4286 unica
2198 4239 2281 4285 est
2307 4228 2473 4286 Deus.
2529 4227 2683 4283 Sicut
2732 4230 2919 4298 itaque
2972 4241 3097 4282 cum
3130 4208 3375 4281 nondum
3426 4239 3580 4279 esse-

2008 4337 2132 4378 mus
2155 4323 2379 4389 creavit,
2440 4320 2509 4375 ad
2555 4319 2805 4376 eumdem
2852 4319 3074 4375 modum
3131 4333 3258 4373 cum
3286 4317 3341 4371 in
3394 4330 3575 4371 rerum

2007 4422 2205 4469 natura
2237 4415 2410 4469 simus
2456 4412 2583 4484 ipsi,
2647 4416 2820 4483 gratia
2872 4426 2973 4468 sua
3027 4425 3130 4467 nos
3169 4409 3364 4467 salutis
3394 4407 3571 4463 reddit

333 4513 656 4586 participes,
687 4510 734 4568 si
763 4509 925 4564 modo
978 4507 1243 4564 fuerimus
1300 4504 1447 4576 digni
1505 4510 1561 4559 et
1612 4501 1823 4570 idonei;
1858 4501 1904 4557 si
1941 4518 2051 4558 non
2081 4519 2279 4577 segnes
2323 4504 2496 4560 simus
2548 4503 2617 4559 ad
2679 4503 2840 4558 ﬁnem
2888 4500 3211 4573 proprium;
3266 4501 3467 4571 quippe
3504 4500 3582 4552 vi-

338 4626 523 4665 vorum
541 4616 619 4663 est
644 4607 737 4662 ille
761 4615 812 4661 et
846 4613 1176 4659 mortuorum
1199 4603 1460 4657 Dominus
1484 4599 1535 4654 τι.
1648 4618 1656 4627 ·

413 4705 521 4758 ΙΗ’.
556 4704 693 4776 Ὅρα
722 4701 779 4756 δὲ
807 4716 905 4772 την
930 4699 1155 4771 δύναμιν
1182 4697 1274 4751 τοῦ
1319 4695 1475 4750 Θεοῦ·
1504 4695 1564 4748 οὐ
1618 4695 1774 4766 μόνον
1824 4695 1892 4746 ὲπ

2082 4689 2270 4746 XVIII.
2296 4689 2435 4747 Vide
2464 4704 2595 4745 vero
2623 4687 2717 4744 Dei
2746 4686 3043 4759 potentiam
3069 4704 3083 4753 ;
3132 4701 3244 4741 non
3290 4692 3501 4739 tantum
3524 4685 3580 4739 in

342 4794 644 4868 ἀνθρώπων
673 4793 748 4867 μὴ
793 4793 949 4857 ϐντας
974 4794 1054 4856 εἰς
1079 4790 1140 4844 τὸ
1185 4784 1324 4845 εἶναι
1355 4787 1638 4859 παράγων,
1664 4786 1759 4839 καὶ
1784 4784 1910 4849 τοὺς

343 4887 665 4959 γενομένους
689 4884 867 4950 αῦξων
889 4883 1011 4938 καθ’
1031 4880 1246 4955 ἡλικίας
1295 4878 1596 4952 προκοπὴν,
1633 4875 1768 4931 ἀλλά
1816 4876 1912 4929 καὶ

343 4984 473 5046 τοὺς
498 4977 851 5041 πιστεύοντας
893 4974 1081 5041 σώζων
1130 4972 1269 5028 κατὰ
1320 4972 1382 5026 τὸ
1435 4972 1631 5025 οίκείον
1675 4967 1907 5038 ἑκάστῳ.

347 5073 492 5145 Ἤδη
512 5072 569 5127 δὲ
601 5068 919 5143 μεταϐάλλει
953 5067 1047 5121 καὶ
1078 5065 1244 5139 ὥρας,
1275 5064 1369 5119 καὶ
1395 5062 1637 5135 καιροὺς,
1669 5061 1764 5114 καὶ¹
1782 5076 1915 5131 καρ-

349 5165 507 5228 ποὺς,
532 5151 628 5217 καὶ
654 5161 908 5231 στοιχεῖα.
957 5151 1124 5220 Οὗτος
1166 5154 1274 5226 γὰρ
1322 5148 1403 5218 εἷς
1438 5152 1591 5216 Θεὸς,
1616 5152 1645 5204 6
1671 5150 1766 5204 ml.
1815 5146 1913 5219 τὴν

347 5253 523 5326 ἀρχὴν
549 5252 643 5307 καὶ
667 5250 730 5305 τὸ
755 5250 905 5313 τέλος
945 5246 1054 5301 τῶν
1092 5243 1396 5316 γενομένων
1448 5243 1662 5305 οἰκείως
1701 5238 1914 5308 ἑκάστῳ

354 5347 651 5417 μετρήσας.

2015 4781 2349 4848 hominibus,
2387 4782 2634 4853 quicum
2682 4779 2924 4835 nondum
2963 4788 3169 4844 essent,
3227 4777 3281 4831 in
3328 4784 3580 4830 naturam

2012 4873 2265 4941 deducat,
2303 4889 2367 4928 ac
2396 4880 2685 4945 postquam
2712 4871 2914 4926 fuerint
2945 4886 3042 4941 per
3073 4870 3250 4925 aetatis
3273 4866 3579 4939 profectum

2015 4969 2085 5023 ad
2128 4966 2445 5024 earumdem
2502 4974 2851 5036 augmentum
2905 4963 3119 5028 evehat,
3180 4976 3365 5016 verum
3418 4962 3581 5017 etiam

2016 5061 2318 5116 secundum
2372 5059 2505 5113 illud
2555 5058 2700 5130 quod
2759 5058 2956 5128 cuique
3000 5070 3303 5125 congruum
3353 5060 3457 5115 est,
3490 5055 3581 5125 qui

2020 5153 2252 5208 credunt
2286 5152 2468 5208 salvos
2497 5151 2694 5208 reddit.
2727 5149 2847 5205 Jam
2881 5162 3011 5204 vero
3036 5154 3090 5203 et
3140 5146 3327 5209 horas,
3356 5152 3411 5200 et
3443 5151 3584 5200 tem-

2020 5259 2172 5315 pora,
2202 5251 2258 5300 et
2285 5242 2518 5307 fructus,
2550 5258 2615 5298 ac
2635 5243 2901 5298 elementa
2942 5245 3120 5294 mutat
3146 5238 3284 5308 ipse.
3318 5234 3413 5291 Ille
3438 5240 3583 5291 enim

2019 5347 2105 5394 est
2131 5337 2276 5395 Deus
2304 5352 2472 5402 unus,
2503 5336 2596 5408 qui
2620 5333 2945 5406 principium
2976 5332 3040 5385 ac
3061 5330 3219 5386 ﬁnem
3248 5342 3439 5385 eorum
3465 5342 3588 5400 qua:

2023 5436 2152 5485 sunt
2183 5424 2898 5499 unicuique,convenienter
2924 5420 3166 5477 deﬁniat.

465 5589 525 5648 ὦ
562 5582 627 5641 P.
661 5513 766 5671 £3
803 5580 911 5636 ΕΙ).
950 5562 1267 5637 POTTER.~
1291 5588 1321 5618 α
1355 5575 1545 5631 Matth.
1588 5591 1640 5639 v,
1685 5572 1739 5628 6.
1816 5571 1845 5611 ι)
1876 5567 2046 5625 Marc.
2089 5585 2166 5635 rx,
2221 5566 2399 5624 18-28.
2479 5576 2504 5605 ο
2544 5565 2648 5621 Isa.
2681 5579 2796 5629 xu,
2824 5561 2914 5617 20.
2990 5560 3019 5600 α
3055 5560 3216 5616 Rom.
3245 5573 3362 5625 xtv,
3390 5556 3447 5613 9.

430 5699 540 5773 (56)
573 5694 901 5773 Ἀποστεω
933 5695 1047 5773 ἐπ’-
1066 5692 1296 5773 αὐτρῖςχ
1335 5689 1501 5773 Forte
1525 5685 1806 5773 ἀποστελῶ
1823 5687 1915 5770 ,ἐπ’

355 5758 572 5836 αὐτούς,
624 5770 709 5824 vel
761 5766 1111 5822 ὲπαποστελῶ
1141 5758 1323 5827 αὐτοῖς
1341 5780 1354 5794 ·
1414 5769 1508 5816 aut
1563 5760 1650 5815 ἐπ’
1691 5758 1916 5816 omnino

366 5841 598 5898 tollenda
617 5848 721 5897 est.
748 5838 1007 5895 SYLBIJRG.

2095 5684 2209 5756 (57)
2254 5682 2397 5756 Ἐὰν
2416 5680 2514 5756 ἀξ.
2534 5678 2632 5756 Sic
2642 5693 2858 5750 quoque
2888 5676 3159 5756 distingui.
3184 5678 3347 5756 locus
3364 5671 3589 5756 poterit:
3636 5729 3654 5749 .

2022 5742 2118 5843 ξάν
2145 5742 2284 5843 agno:
2307 5754 2401 5843 καὶ
2447 5742 2740 5843 ἐπιτηδείρι
2770 5742 3175 5843 ξρανῶμενῖαεί-
3306 5747 3388 5840 (ω
3414 5750 3522 5809 est,
3543 5742 3594 5793 si

2022 5827 2077 5881 δὲ
2114 5815 2211 5897 μὴῇ
2242 5825 2476 5899 παρήσει
2497 5815 2638 5895 πρὸς
2659 5821 2721 5875 τὸ
2745 5815 2849 5875 οἰκ.
2878 5815 3053 5888 τέλος.
3085 5815 3352 5875 Sustine.
