3964 6312
458 292 563 348 707

1653 285 1977 342 CLEMENS
2016 282 2574 340 ALEXANDRINUS.

3613 279 3713 335 τοι

523 407 667 461 XIX.
699 407 874 462 Homo
899 407 991 477 qui
1049 422 1114 462 ex
1169 407 1273 462 fide
1311 414 1368 461 ct
1418 404 1612 462 timore
1645 405 1712 460 ad
1743 406 2027 463 scientiam

2200 404 2299 458 16'.
2344 404 2438 457 Ἐκ
2470 402 2703 466 πίστεως
2736 400 2828 455 καὶ
2850 399 3014 469 φόϐου
3065 398 3343 470 προκόψας
3384 398 3471 463 εἰς
3503 397 3709 467 γνῶσιν

451 500 741 573 processit,
773 515 882 554 non
914 507 974 554 ut
1004 515 1198 555 servus
1220 500 1369 553 novit
1392 499 1593 566 dicere,
1632 496 1873 562 Domine,
1917 497 2028 551 Do-

454 592 631 657 mine;
662 591 756 647 sed
792 599 852 645 ut
884 590 1031 646 [ilius
1056 590 1313 646 invocare
1338 589 1553 655 didicit,
1611 587 1777 643 Pater
1818 598 2027 653 noster;

453 684 712 739 nimirum
744 697 773 735 a
805 681 1007 752 spiritu
1056 681 1336 737 servitutis
1367 681 1629 736 liberatus
1649 682 1742 751 qui
1768 679 1836 735 ad
1866 683 2029 737 timo-

453 789 571 829 rem
598 773 795 837 tendit,
828 788 889 826 ac
913 787 1010 842 per
1042 772 1366 828 cbaritatem
1415 770 1480 825 ad
1513 772 1748 827 ﬁliorum
1784 771 2030 842 adoptio-

455 879 578 919 nem
598 868 656 927 >14
678 864 997 927 translatus,
1019 870 1183 933 atque
1199 878 1344 918 nunc
1367 877 1434 918 ex
1454 862 1725 918 charitate
1752 862 1903 917 illum
1929 878 2029 917 co-

454 957 554 1024 lat,
588 972 751 1028 quem
775 956 930 1028 prius
977 956 1181 1011 timuit.
1216 954 1338 1010 Non
1390 955 1537 1011 enim
1578 955 1745 1011 timor
1793 956 2028 1027 amplius

453 1052 514 1107 in
548 1066 716 1107 causa
746 1057 851 1115 est,
892 1050 1039 1122 quod
1069 1065 1099 1104 a
1118 1048 1305 1105 vetitis
1330 1049 1619 1114 abstineat,
1651 1048 1748 1106 sed
1770 1049 2026 1106 charitati

454 1148 829 1210 tribuendum,
862 1145 1007 1217 quod
1062 1145 1129 1199 ad
1163 1144 1418 1200 mandata
1479 1145 1718 1199 animum
1774 1144 2025 1215 appellat.

456 1234 598 1302 Ipse,
658 1235 859 1304 inquit,
922 1232 1154 1301 Spiritus
1202 1233 1559 1287 testimonium
1606 1232 1873 1303 perhibet,
1908 1250 2027 1290 cum

452 1326 677 1381 dicimus
702 1342 719 1380 :
742 1325 911 1393 Abba,
950 1324 1109 1379 Pater
1137 1335 1185 1379 α.

522 1437 643 1493 XX.
677 1436 1098 1509 Sanguinevero
1128 1438 1368 1509 pretioso
1420 1436 1640 1495 redimit
1690 1455 1793 1496 nos
1844 1437 2030 1493 Domi-

453 1547 580 1594 nus,
604 1529 672 1584 ab
705 1529 855 1585 beris
898 1529 1029 1583 olim
1084 1529 1300 1584 acerbis
1364 1538 1577 1586 nosmet
1621 1530 1881 1595 liberans,
1925 1531 2028 1585 hoc

454 1632 537 1676 cst
572 1636 602 1674 a
659 1621 923 1691 peccatis,
976 1635 1208 1691 quorum
1240 1634 1406 1675 causa
1450 1621 1716 1692 spiritalia
1770 1621 2029 1692 nequitiae

456 1715 614 1769 nobis
648 1713 867 1769 luerunt
898 1713 1125 1768 domini.
1160 1711 1319 1769 Ducit
1351 1713 1538 1784 itaque
1593 1714 1661 1770 ad
1717 1715 2025 1769 libertatem

2136 494 2437 567 ἄνθρωπος,
2467 489 2606 547 οἶδεν
2634 491 2826 556 εἰπεῖν,
2879 491 3076 559 Κύριε,
3121 492 3316 559 Κύριεν
3363 488 3481 543 ἀλλ’
3504 489 3612 560 οὐχ
3636 491 3716 555 ὡς

2134 587 2163 639 6
2189 585 2401 652 δοῦλος,
2452 583 2620 656 ἔμαθε
2675 583 2874 652 λέγειν,
2905 581 3097 651 Πάτερ
3128 580 3315 651 ἡμῶν·
3369 582 3435 635 τὸ
3492 579 3715 652 πνεῦμα

2133 676 2236 747 τῆς
2260 675 2501 739 δουλείας
2525 674 2585 729 τὸ
2612 676 2693 738 είς
2732 673 2896 744 φόϐον
2938 670 3327 744 ἐλευθερώσας,
3352 671 3449 725 καὶ
3475 670 3545 724 δι’
3576 672 3715 739 ἀτά.

2136 788 2246 842 πης
2271 769 2551 843 προκόψας
2581 770 2661 833 είς
2688 766 2979 831 υἱοθεσίαν,
3006 765 3322 838 αἰδούμενος
3345 764 3448 837 ἤδη
3475 764 3545 818 δι’
3575 764 3715 832 ἀγά-

2136 880 2246 932 πην
2272 861 2332 915 ὃν
2356 860 2603 932 ἐφοϐεῖτο
2652 861 2940 933 πρότερον
2993 859 3056 913 οὐ
3102 858 3213 930 γὰρ
3277 857 3357 910 ἔτι
3406 855 3498 910 διά
3547 854 3717 924 φόϐον

2134 951 2395 1023 ἀπέχεται
2415 951 2524 1005 τῶν
2546 951 2851 1022 ἀφεκτέων,
2881 949 3018 1004 ἀλλά
3047 950 3112 1003 δι’
3143 949 3360 1020 ἀγάπην
3386 948 3579 1019 ἔχεται
3604 946 3715 998 τῶν

2134 1042 2380 1097 ἐντολῶν.
2408 1042 2584 1108 Αὐτὸ,
2617 1043 2780 1113 φησὶ,
2826 1041 2893 1097 τὸ
2944 1040 3187 1111 Πνεῦμα
3228 1038 3540 1111 μαρτυρεῖ,
3566 1037 3716 1092 6m

2132 1134 2415 1206 λέγωμεν
2464 1133 2627 1193 Ἄϐὅᾶ
2650 1138 2684 1189 ό
2708 1131 2929 1202 Πατήρ.

2203 1447 2288 1501 K'.
2362 1444 2646 1516 ’Δγοράζει
2703 1442 2758 1496 δὲ
2822 1445 2970 1515 ἡμᾶς
3021 1442 3224 1517 Κύριος
3268 1438 3434 1515 τιμίῳ
3494 1440 3717 1514 αἵματι,

2132 1536 2405 1592 δεσποτῶν
2431 1537 2598 1591 πάλαι
2618 1535 2727 1589 τῶν
2751 1533 2962 1607 πικρῶν
3009 1533 3368 1589 ἀπαλλάσσων
3394 1534 3716 1606 ἀματτιῶν,

2132 1626 2199 1679 δι’
2226 1626 2290 1691 ἃς
2320 1625 2385 1680 τὰ
2409 1625 2753 1697 πνευματικὰ
2774 1626 2874 1696 τῆς
2901 1625 3162 1696 πονηρίας
3182 1623 3503 1696 ἐκυρίευσεν
3531 1623 3714 1693 ἡμῶν.

2139 1721 2294 1787 Ἀγει
2318 1715 2409 1773 οὖν
2437 1721 2517 1783 είς
2549 1718 2859 1791 ἐλευθερίαν
2886 1718 2983 1789 τὴν
3030 1716 3125 1771 τοῦ
3156 1716 3371 1789 Πατρὸς
3402 1717 3718 1787 συγκληρο-

456 1805 609 1858 illam
643 1820 764 1875 quae
789 1810 873 1859 est
931 1802 1130 1867 Patris,
1162 1804 1475 1859 cohaaredes
1532 1803 1673 1861 ﬁlios
1708 1811 1762 1859 et
1795 1804 2021 1859 amicos.

2140 1812 2324 1883 νόμους
2358 1812 2504 1875 υἱοὺς
2533 1813 2624 1865 καὶ
2659 1811 2865 1881 φίλους.
2925 1809 3191 1879 Ἀδελφοί
3227 1827 3349 1879 μου
3374 1808 3511 1879 γὰρ,
3546 1807 3716 1879 φησὶν

458 1897 679 1952 Fratres
702 1899 838 1952 enim
873 1896 994 1960 mei,
1030 1896 1107 1950 ait
1158 1894 1441 1959 Dominus,
1471 1904 1520 1949 et
1554 1893 1847 1949 cohu'redes
1880 1903 2022 1960 sunt,

454 1989 545 2058 qui
575 1989 780 2058 faciunt
833 1989 1153 2041 voluntatem
1190 1983 1374 2039 Patris
1421 1985 1522 2040 mei
1548 1986 1598 2040 δ.
1654 1985 1834 2042 Nolite
1862 1985 2027 2056 igitur

455 2094 652 2136 vocare
677 2080 833 2135 vobis
856 2088 1062 2151 patrem
1111 2094 1277 2150 super
1318 2085 1544 2133 terram.
1589 2075 1728 2132 Sunt
1754 2077 1897 2132 enim
1932 2093 2026 2133 su-

454 2186 553 2242 per
586 2180 785 2228 terram
811 2180 865 2228 et
895 2173 1045 2238 beri;
1101 2171 1156 2226 in
1202 2171 1356 2226 caelis
1391 2180 1570 2225 autem
1614 2167 1776 2225 Pater
1809 2177 1916 2233 est,
1960 2184 2024 2223 ex

457 2278 567 2335 quo
596 2264 845 2334 cognatio
874 2265 1053 2319 omnis
1083 2279 1207 2319 cum
1253 2263 1308 2317 in
1357 2262 1513 2317 cmlis
1548 2269 1662 2317 tum
1712 2261 1768 2315 in
1805 2267 1948 2323 terra
1976 2273 2023 2313 ο.

459 2355 789 2426 Spontaneis
821 2356 967 2412 enim
1000 2371 1064 2412 ac
1089 2355 1398 2411 volentibus
1455 2355 1689 2426 imperat
1743 2354 2023 2411 Charitas:

457 2454 542 2502 ast
584 2447 692 2503 illis
733 2448 826 2517 qui
856 2454 1084 2517 pareant
1114 2446 1290 2510 inviti,
1319 2448 1484 2502 timor
1511 2448 1665 2503 hicce
1714 2448 1890 2505 malus
1929 2448 2029 2502 do-

456 2536 736 2591 minatur:
773 2537 866 2606 qui
898 2552 1029 2592 vcro
1063 2536 1131 2591 ad
1157 2537 1359 2592 bonum
1392 2537 1688 2594 eruditoris
1725 2538 1873 2594 vices
1898 2555 2029 2610 sup-

456 2627 589 2698 plet,
621 2627 689 2682 ad
711 2627 987 2683 Christum
1011 2626 1184 2690 ducit,
1240 2628 1580 2700 maximeque
1626 2630 1885 2687 salutaris
1921 2640 2024 2687 est.

533 2717 674 2774 XXI.
703 2718 760 2774 Si
790 2734 922 2775 vero
963 2719 1088 2791 quis
1144 2718 1315 2775 Deum
1369 2720 1645 2792 intelligit,
1682 2737 2026 2792 nequaquam

458 2827 589 2867 sane
619 2825 719 2880 pro
747 2811 1011 2882 dignitate
1069 2824 1167 2867 sua
1200 2819 1306 2869 est.
1341 2811 1473 2879 Quae
1522 2814 1666 2868 enim
1698 2823 1785 2870 est
1828 2812 1924 2869 Dei
1953 2813 2031 2869 di-

458 2904 683 2972 gnitas?
758 2912 853 2957 aut
917 2920 1161 2975 quaenam
1215 2906 1293 2961 illi
1349 2907 1664 2978 prmstantia
1718 2907 1856 2977 par?
1933 2906 2029 2962 sed

457 3004 663 3064 quanta
691 3011 957 3051 concessa
981 3004 1065 3052 est
1093 2997 1169 3051 illi
1226 2996 1478 3062 facultas,
1530 2999 1796 3070 intelligat
1843 2998 2029 3053 lumen

457 3102 733 3158 magnum,
769 3096 1094 3159 captumque
1129 3104 1418 3160 superans,
1474 3099 1529 3146 et
1576 3089 2027 3161 pulcherrimum,

2131 1905 2160 1957 6
2182 1903 2405 1975 Κύριος,
2442 1904 2536 1956 καὶ
2569 1903 3048 1973 συγκληρρνόμοι
3078 1903 3134 1954 οἱ
3175 1899 3491 1967 ποιοῦντες
3513 1899 3589 1953 τὸ
3620 1901 3717 1954 θέ-

2129 1998 2291 2064 λημα
2311 1993 2418 2047 τοῦ
2450 1996 2677 2062 Πατρός
2719 2011 2859 2063 μου.
2906 1992 2999 2065 Μὴ
3051 1992 3315 2064 καλέσητε
3358 1987 3455 2046 οὖν
3495 1990 3719 2054 ἑαυτοῖς

2132 2084 2342 2155 πατέρα
2375 2085 2468 2138 ἐπὶ
2491 2081 2590 2156 τῆς
2614 2085 2734 2155 γῆς’
2766 2083 3021 2138 δεσπόται
3050 2084 3160 2154 γάρ
3195 2084 3288 2137 ἐπ)⁵
3319 2083 3419 2155 τῆς
3469 2081 3602 2153 γῆς·
3654 2082 3713 2136 ἐν

2130 2174 2186 2228 δέ
2210 2176 2457 2248 οὐρανοῖς
2479 2178 2507 2229 ό
2538 2176 2748 2248 Πατὴρ,
2770 2175 2829 2240 ἐξ
2861 2169 2921 2228 οὗ
2962 2177 3109 2229 πᾶσα
3134 2175 3337 2245 πατριὰ
3372 2172 3429 2227 ἔν
3462 2159 3525 2227 τε
3546 2173 3719 2244 οὐρα-

2131 2270 2241 2330 νοῖς
2263 2267 2356 2320 καὶ
2384 2268 2477 2320 ἐπὶ
2528 2267 2628 2337 τῆς
2653 2268 2776 2338 γῆς.
2821 2268 3031 2339 ’Λγάπη
3065 2266 3174 2339 γὰρ
3223 2268 3492 2321 ἐκουσίων
3526 2268 3714 2338 ἀρχειο

2134 2360 2375 2414 ἀκόντων
2426 2360 2485 2413 δέ
2532 2360 2561 2412 ὁ
2606 2360 2767 2430 φόϐος
2796 2352 2950 2424 οὗτος
2976 2362 3005 2412 6
3038 2360 3258 2431 φαῦλος·
3289 2363 3319 2414 ό
3354 2360 3411 2413 δέ
3460 2361 3545 2424 είς
3572 2361 3715 2428 ἀγα-

2134 2451 2223 2506 θὸν
2252 2450 2617 2522 παιδαγωγῶν
2663 2453 2741 2517 εἰς
2800 2452 3034 2526 Χριστὸν
3093 2453 3247 2522 ἄγει,
3293 2453 3388 2507 καὶ
3426 2451 3548 2506 ἐστι
3612 2469 3716 2505 σω-

2133 2544 2198 2614 ei;
2207 2560 2339 2615 ριος.

2203 2728 2332 2782 KA'.
2357 2728 2419 2781 Ei
2451 2727 2514 2798 δή
2546 2744 2629 2790 τις
2657 2729 2767 2780 νοεῖ
2793 2724 2944 2789 Θεὸν,
2977 2726 3096 2780 κατ’
3130 2724 3285 2792 ἀξίαν
3307 2723 3406 2795 μὲν
3430 2721 3713 2794 οὐδαμῶς·

2133 2819 2217 2883 τίς
2259 2820 2367 2892 γὰρ
2397 2819 2605 2889 γένοιτο
2649 2819 2775 2885 ἀξία
2822 2816 2992 2883 Θεοῦ;
3028 2815 3143 2871 ἀλλ’
3167 2817 3243 2880 ὡς
3295 2814 3523 2869 δυνατόν
3570 2816 3715 2877 ἐστι,

2134 2910 2322 2963 νοείτω
2355 2909 2498 2981 μέγα
2529 2910 2625 2964 καὶ
2673 2908 3027 2980 ἀπερινόητον
3080 2907 3175 2961 καὶ
3235 2906 3524 2961 κάλλιπον
3572 2905 3715 2975 φῶς.

2135 3001 2445 3072 ἀπρόσιτον,
2497 3002 2677 3055 πᾶσαν
2707 2999 2932 3070 δύναμιν
2978 2996 3208 3069 ἀγαθὴν.
3257 2998 3433 3052 πᾶσαν
3484 2996 3718 3050 ἀστείαν

2136 3090 2334 3166 ἀρετὴν
2385 3091 2922 3164 συγκεκληρωμένον,
2982 3089 3200 3143 πάντων
3256 3088 3580 3160 κηδόμενον,
3629 3107 3717 3157 φι-

459 3179 940 3250 inaccessumque;
991 3181 1196 3247 lumen,
1244 3182 1489 3255 inquam,
1541 3184 1832 3255 ejusmodi,
1886 3186 2027 3257 quod

2140 3186 2463 3258 λοικτίρμον,
2518 3185 2744 3249 ἀπαθὲς,
2793 3182 3014 3252 ἀγαθὸν,
3067 3183 3248 3236 πάντα
3297 3180 3458 3245 είδὸς,
3511 3198 3715 3249 προγι-

460 3286 678 3326 omnem
718 3273 1015 3341 potentiam
1046 3273 1267 3339 bonam,
1316 3276 1462 3345 quod
1500 3276 1754 3332 virtutem
1813 3292 2027 3335 omnem

459 3362 761 3432 elegantem
796 3363 1050 3418 sortitum
1084 3363 1193 3432 sit;
1232 3367 1378 3436 quod
1402 3367 1480 3422 illi
1514 3381 1662 3423 cura:
1687 3367 1798 3423 sint
1826 3369 2030 3433 omnia,

2136 3275 2341 3330 νῶσκον
2396 3275 2593 3338 πάντα,
2626 3272 2912 3344 εἱλικρινὲς
2936 3311 2951 3335 ,
3014 3270 3207 3340 γλυκὺ,
3258 3269 3548 3342 λαμπρὸν.
3580 3270 3718 3339 ἀκήν

2139 3385 2318 3442 ρατον.

459 3453 605 3525 quod
638 3454 710 3509 sit
753 3455 1084 3518 misericors,
1117 3458 1323 3530 absque
1371 3460 1740 3531 passiouibus,
1782 3461 2028 3516 bonitate
2066 3476 2278 3516 summa
2324 3458 2647 3532 prteditum;
2706 3458 2884 3528 quod.
2920 3457 3103 3512 omnia
3155 3459 3330 3522 sciat,
3397 3463 3717 3528 prmnoscat

459 3545 745 3613 universa;
778 3546 924 3616 quod
949 3544 1183 3620 denique
1213 3551 1510 3616 sincerum,
1570 3552 1749 3617 dulce,
1783 3551 2151 3623 splendidum,
2186 3558 2350 3622 atque
2376 3551 2753 3620 incorruptum
2792 3548 2886 3604 sit.

527 3662 691 3719 XXII.
716 3663 874 3731 Quod
904 3680 970 3721 ex
995 3680 1056 3721 se
1086 3672 1369 3720 moveatur
1415 3666 1617 3731 anima,
1648 3666 1754 3723 hoc
1779 3666 1874 3724 Dei
1905 3683 2031 3739 gra-

2198 3668 2326 3722 KB'.
2365 3667 2518 3721 Ἐπεὶ
2549 3666 2609 3732 ἐξ
2634 3666 2832 3737 ἑαυτῆς
2855 3669 3081 3720 κινεῖται
3125 3667 3159 3738 ἡ
3192 3665 3413 3737 ψυχὴ,ή
3456 3665 3631 3739 χάρις
3680 3670 3715 3741 ἡ

457 3757 547 3813 tia:
567 3764 853 3828 acceptum
910 3754 1115 3812 referre
1165 3756 1347 3820 debet,
1399 3756 1545 3827 quod
1603 3772 1672 3814 ex
1732 3773 1792 3814 se
1834 3757 2027 3813 habeat

2140 3762 2225 3817 τοῦ
2260 3761 2427 3828 Θεοῦ,
2467 3762 2497 3816 6
2541 3761 2653 3832 ἔχει
2682 3763 2716 3833 ὴ
2757 3760 2923 3833 ψυχὴ,
2972 3759 3068 3831 τὴν
3116 3758 3420 3831 προθυμίαν
3479 3759 3718 3815 ἀπαιτεῖ

458 3850 660 3916 anima,
686 3864 882 3920 nempe
912 3848 1106 3919 agendi
1155 3848 1487 3919 potentiam,
1544 3849 1614 3905 ab
1668 3864 1733 3906 ea
1785 3849 2027 3921 exposcit

2140 3856 2261 3927 παρ’
2288 3855 2512 3927 ἑαυτῆς,
2567 3848 2677 3909 οἷον
2711 3852 2898 3925 ἔρανον
2951 3853 3032 3916 είς
3090 3851 3384 3923 σωτηρίαν.
3440 3848 3715 3906 Βούλει-αι

458 3941 618 4012 quasi
648 3940 954 4013 symbolum
986 3938 1056 3994 ad
1078 3940 1328 3996 salutem.
1356 3939 1483 3995 Vult
1507 3942 1655 3997 enim
1683 3942 1878 3997 animae
1905 3956 2033 4011 pro-

458 4035 636 4107 prium
669 4049 792 4090 esse
818 4037 1022 4089 bonum
1060 4033 1217 4099 illud,
1248 4036 1394 4106 quod
1443 4035 1492 4091 ei
1523 4035 1713 4091 tribuit
1744 4034 2027 4091 Dominus.

459 4128 669 4200 Quippe
701 4143 867 4184 sensu
899 4142 1091 4198 parum
1122 4135 1291 4194 caret,
1316 4138 1372 4183 ut
1398 4128 1539 4183 sicut
1564 4140 1765 4196 corpus
1796 4126 2024 4181 feratur.

458 4216 695 4275 Proinde
730 4219 951 4282 habere,
983 4220 1132 4276 illius
1153 4220 1348 4291 estqui
1393 4219 1544 4290 prius
1595 4218 1901 4288 acceperit;
1937 4231 2031 4272 ac-

461 4310 643 4380 cipere
702 4326 833 4366 vero
875 4310 1022 4369 illius
1078 4313 1170 4383 qui
1226 4313 1457 4367 voluerit
1492 4320 1655 4381 atque
1702 4308 2028 4381 appetierit;

460 4410 646 4458 tenere
672 4418 802 4458 vero
824 4404 971 4472 quod
1000 4405 1231 4475 accepit,
1258 4403 1404 4458 illius
1430 4410 1514 4457 est
1543 4400 1640 4472 qui
1663 4406 1849 4456 tenere
1879 4399 2029 4470 cogi-

2130 3947 2238 4019 γάρ
2258 3947 2355 4018 τῆς
2374 3945 2549 4017 ψυχῆς
2580 3944 2707 3998 ἴδιον
2737 3941 2873 3998 εἶναι
2901 3945 2964 4003 τὸ
3008 3943 3231 4012 ἀγαθὸν.
3254 3941 3284 3996 6
3310 3942 3530 3997 δίδωσιν
3567 3946 3715 4017 αὐτῇ

2130 4041 2159 4092 6
2192 4036 2413 4110 Κύριοςο
2447 4039 2509 4091 οὐ
2534 4038 2641 4110 γάρ
2672 4039 2818 4092 ἐστιν
2866 4038 3210 4110 ἀναίσθητος,
3242 4038 3330 4091 ἵνα
3357 4038 3599 4110 φέρηται
3627 4039 3708 4103 ῶς

2131 4132 2306 4203 σῶμα.
2344 4132 2417 4185 Τὸ
2445 4129 2544 4204 μὲν
2570 4128 2662 4186 οὖν
2694 4133 2855 4204 ἔχειν,
2880 4132 2974 4186 τοῦ
3000 4130 3251 4194 λαϐόντος
3268 4147 3282 4161 ·
3306 4131 3368 4185 τὸ
3395 4130 3585 4185 λαϐεῖν
3621 4130 3707 4187 δὲ.

2128 4223 2220 4278 τοῦ
2252 4223 2571 4296 θελήσαντος
2599 4224 2693 4277 καὶ
2719 4223 3058 4297 ὀρεχθέντος·
3084 4222 3148 4276 τὸ
3180 4224 3404 4294 κρατεῖν
3440 4220 3501 4274 δέ
3532 4220 3714 4275 δελε-

2127 4313 2242 4379 ϐεν,
2274 4314 2368 4368 τοῦ
2398 4317 2618 4386 κρατεῖν
2670 4314 3062 4385 μελετήσαντος
3098 4313 3191 4367 καὶ
3245 4311 3568 4383 δυναμένου.
3604 4313 3711 4366 Διὰ

2130 4407 2285 4461 τοῦτο
2313 4406 2405 4461 ἐπὶ
2435 4410 2502 4479 τῇ
2532 4406 2674 4479 ψυχῇ
2703 4409 2733 4460 6
2778 4406 2910 4470 Θεὸς
2939 4406 3039 4479 τὴν
3083 4406 3290 4478 αἵρεσιν
3328 4404 3584 4467 δέδωκεν,
3614 4405 3708 4457 ἵνα

459 4493 657 4548 taverit
681 4501 735 4549 et
764 4494 959 4564 possit.
994 4494 1252 4565 Hancque
1272 4493 1342 4549 ob
1371 4507 1592 4548 causam
1621 4491 1816 4546 anima:
1860 4490 2027 4545 facul-

2140 4498 2293 4563 αὐτὸς
2328 4498 2424 4569 μὲν
2480 4498 2690 4570 μηνύσῃ
2718 4498 2780 4553 τὸ
2825 4498 2963 4564 δέον,
3012 4498 3047 4569 ὴ
3074 4498 3151 4564 δὲ,
3195 4496 3445 4568 ἑλομένη,
3477 4494 3711 4567 δέξηται

461 4594 625 4641 tatem
653 4586 887 4658 eligendi
916 4587 1065 4643 dedit
1096 4585 1240 4643 Deus
1262 4626 1277 4650 ,
1320 4593 1382 4640 ut
1432 4584 1549 4653 ipse
1604 4582 1823 4654 quidem
1876 4580 2036 4636 ollicii

463 4678 550 4733 sui
611 4678 935 4744 admoneat,
1004 4679 1096 4733 illa
1144 4693 1273 4733 vero
1332 4676 1540 4745 eligens
1598 4672 1832 4743 accipiat
1886 4680 2035 4728 tene-

462 4776 647 4840 atque.

533 4859 724 4916 XXIII.
760 4859 937 4916 Sicuti
994 4875 1093 4931 per
1149 4874 1351 4929 corpus
1404 4856 1656 4911 Salvator
1711 4853 1927 4910 locutus
1949 4861 2035 4910 est

457 4965 801 5028 aegrotosque
832 4954 1063 5018 sanavit,
1098 4953 1163 5007 ad
1186 4949 1436 5007 eumdem
1469 4949 1690 5004 modum
1722 4947 1877 5019 prius
1910 4948 2028 5020 qui-

2132 4590 2225 4643 καὶ
2261 4590 2525 4662 κατάσχῃ.

2200 4861 2322 4916 KP.
2360 4857 2571 4931 Ὥσπερ
2601 4855 2689 4911 διά
2719 4855 2813 4911 τοῦ
2848 4855 3097 4928 σώματος
3126 4856 3155 4909 ό
3179 4855 3373 4927 Σωτὴρ
3402 4853 3587 4908 ἐλάλει
3606 4857 3708 4910 καὶ

2136 4951 2270 5014 tam,
2303 4949 2445 5005 οὕτω
2493 4950 2588 5004 καὶ
2620 4949 2880 5021 πρότερον
2927 4948 3025 5018 μὲν
3053 4944 3152 5001 διὰ
3194 4944 3316 5001 τῶν
3354 4944 3709 5015 προφητῶν,

457 5047 582 5105 dem
606 5063 698 5116 per
727 5046 1003 5116 prophetas
1036 5038 1103 5111 5;
1143 5058 1291 5098 nunc
1314 5048 1495 5098 autem
1542 5056 1637 5105 per
1669 5040 1932 5111 apostolos
1962 5058 2026 5096 ac

2140 5042 2224 5097 νῦν
2252 5040 2310 5096 δὲ
2345 5042 2442 5096 διὰ
2468 5040 2588 5095 τῶν
2628 5041 2986 5095 ἀποστόλων·
3015 5037 3114 5093 καί
3141 5036 3263 5093 τῶν
3296 5036 3705 5092 διδασκάλων

457 5141 719 5196 doctores.
748 5138 949 5193 Virtuti
996 5136 1142 5192 enim
1172 5134 1388 5191 Domini
1420 5135 1698 5191 ministrat
1732 5134 1977 5192 Ecclesia
2008 5154 2023 5191 :

460 5233 585 5290 inde
615 5240 747 5289 tunc
780 5245 998 5302 quoque
1024 5229 1298 5285 hominem
1349 5228 1669 5300 assumpsit,
1692 5238 1753 5285 ut
1778 5244 1875 5300 per
1900 5243 2025 5285 eum

456 5322 726 5380 voluntati
750 5320 927 5375 Patris
964 5320 1225 5383 serviret;
1259 5319 1370 5376 imo
1390 5320 1668 5377 hominem
1701 5334 1915 5391 semper
1936 5318 2026 5374 in-

455 5415 574 5471 duit
597 5415 743 5469 Deus
768 5412 1062 5478 humanus,
1090 5412 1431 5480 misericors,
1471 5420 1534 5468 ut
1570 5412 1884 5469 hominibus
1934 5426 2026 5469 sa-

454 5512 623 5567 lutem
652 5505 1004 5577 conciliaret;
1048 5508 1201 5579 prius
1250 5508 1471 5581 quidem
1501 5507 1819 5581 prophetas,
1874 5523 2027 5564 nunc

596 5667 654 5736 Et
694 5659 889 5736 P3954
927 5665 1032 5725 ΕΙ).
1073 5667 1369 5728 POTTER.
1414 5669 1616 5727 IIRom.
1652 5684 1770 5736 vm,
1801 5669 1904 5730 l5:
1945 5667 2065 5725 Gal.
2097 5684 2172 5734 tv,
2198 5666 2252 5723 6.
2328 5665 2358 5706 δ
2396 5662 2586 5719 Matth.
2622 5678 2722 5727 xu,
2760 5661 2863 5729 50;
2904 5676 3055 5729 xmt
3108 5660 3162 5716 9.

450 5728 480 5771 δ
524 5721 658 5786 ﬂeb.
698 5732 781 5797 1,1

2132 5137 2167 5206 ἡ
2209 5133 2499 5204 Ἐκκλησία
2525 5128 2633 5204 γὰρ
2664 5133 2926 5205 ὑπηρετεῖ
2956 5134 3022 5204 τῇ
3054 5130 3148 5185 τοῦ
3177 5130 3385 5203 Κυρίου
3424 5129 3706 5201 ἐνεργείᾳ·

2134 5226 2283 5282 ἐνθεν
2331 5228 2425 5282 καὶ
2479 5228 2599 5282 τότε
2652 5224 2936 5297 ἄνθρωπον
2981 5222 3264 5288 ἀνέλαϐεν,
3295 5223 3387 5277 ἵνα
3436 5222 3505 5275 δι’
3533 5220 3709 5276 αὑτοῦ

2134 5320 2451 5393 ὐτηρετήσῃ
2507 5318 2586 5389 τῷ
2615 5318 2875 5389 θελήματι
2925 5314 3019 5370 τοῦ
3065 5314 3297 5386 Πατρός·
3347 5313 3444 5367 καὶ
3469 5312 3709 5367 πάντοτε

2130 5410 2414 5483 ἄνθρωπον
2440 5412 2471 5465 6
2499 5408 2876 5481 φιλάνθρωπος
2915 5406 3158 5462 ἐνδύεται
3193 5404 3326 5469 Θεὸς
3357 5406 3440 5469 είς
3467 5404 3572 5477 τὴν
3607 5406 3709 5459 ἀν-

2134 5504 2368 5579 θρώπων
2423 5502 2716 5577 σωτηρίαν,
2756 5500 3018 5575 πρότερον
3074 5500 3172 5571 μὲν
3220 5499 3347 5563 τοὺς
3394 5499 3708 5571 προφήτας,

3242 5672 3264 5700 ο
3307 5656 3444 5728 Eph.
3475 5672 3572 5722 ιιι,
3614 5656 3710 5715 15.
