3964 6312
212 334 320 390 τοι)

948 320 1176 378 DUBIA.
1223 350 1288 359 ο-
1324 313 1621 374 ECLOGAE
1661 312 1755 368 EX
1797 308 2211 369 SCRIPTURIS
2241 305 2718 365 PROPHETICIS.

3342 302 3451 359 710

209 453 330 508 νυνὶ
361 450 418 505 δὲ
451 450 546 521 τὴν
582 443 923 515 Ἐκκλησίαν.
981 443 1058 495 Τὸ
1102 440 1210 514 γὰρ
1256 440 1439 511 ὅμοιον
1479 437 1558 508 τῷ
1609 435 1776 507 ὁμοίῳ

1882 439 2059 487 autem
2094 428 2415 484 Ecclesiam.
2468 430 2527 489 ›Ῑ‹
2587 423 2797 493 Quippe
2837 420 3067 476 similem
3098 416 3166 472 ad
3190 417 3448 485 salutem,

211 543 566 615 ἐξυπηρετεῖν
614 535 942 607 κατάλληλον
992 534 1129 607 πρὸς
1194 532 1293 604 τὴν
1360 530 1551 601 ὁμοίαν
1604 545 1778 599 σωτη-

213 651 361 705 ριαν.

285 727 412 795 KA’.
449 725 577 777 Ὅτε
607 721 780 793 χοῖκοὶ
803 715 1008 792 ἦμεν...
1044 718 1264 786 Καῖσαρ
1299 713 1356 766 δέ
1378 710 1570 765 ἐστινό
1605 709 1778 782 πρόσ-

208 834 406 889 καιρος
436 816 639 889 ἄρχων,
676 806 736 867 οὗ
777 814 871 867 καὶ
907 810 1071 866 εἰκὼν
1106 812 1140 882 ἠ
1168 808 1327 881 χοῖκὴ
1358 809 1387 861 ὀ
1418 804 1643 868 παλαιὸς
1688 803 1781 858 άν-

208 912 454 980 θρωπος,
502 911 582 972 είς
604 907 663 961 δν
692 904 1171 976 ἐπαλινδρόμησεν.
1196 900 1384 971 Τούτῳ
1402 893 1493 954 οὖν
1513 895 1583 949 τά
1623 892 1779 967 χοῖκὰ

208 1001 527 1067 ἀποδοτέον,
549 999 585 1054 ἃ.
606 998 988 1070 πεφορέκαμεν
1030 996 1089 1048 ὲν
1132 995 1199 1065 τῇ
1239 992 1408 1047 εἰκόνι
1452 988 1545 1042 τοῦ
1568 984 1776 1059 χοϊκοῦ,

208 1098 311 1149 καὶ
347 1094 415 1147 τά
442 1092 536 1146 τοῦ
563 1090 697 1145 Θεοῦ
732 1088 809 1162 τῷ
850 1085 1000 1159 Θεῷο
1041 1087 1270 1141 ἕκαστον
1300 1083 1409 1155 γὰρ
1438 1081 1547 1136 τῶν
1590 1077 1779 1134 παθῶν

206 1190 406 1258 ὥσπερ
452 1187 686 1259 γράμμα
729 1184 821 1237 καὶ
868 1182 1130 1254 χάραγμα
1189 1180 1321 1250 ἡμῖν
1374 1177 1470 1231 καὶ
1531 1178 1774 1248 σημεῖον.

214 1280 384 1335 Ἄλλο
427 1279 687 1351 χάραγμα
733 1273 829 1329 νῦν
856 1274 885 1325 ὁ
908 1272 1112 1344 Κύριος
1150 1272 1303 1342 ἡμῖν,
1349 1268 1443 1321 καὶ
1477 1266 1612 1321 ἄλλα
1664 1265 1781 1319 ὀνό-

216 1388 368 1442 ματα
388 1369 484 1423 καὶ
511 1367 813 1440 γράμματα
840 1362 1251 1433 ἐνσημαίνεται,
1281 1360 1465 1413 πίστιν
1487 1356 1609 1412 ἀντὶ⁸
1652 1356 1779 1410 ἀπι-

214 1462 396 1527 στίας,
436 1460 530 1513 καὶ¹
569 1457 636 1512 τὰ
664 1456 809 1526 ἑξῆς.
845 1452 1032 1519 Οὕτως
1057 1453 1167 1508 ἀπὸ
1196 1452 1306 1506 τῶν
1328 1449 1530 1506 ὑλικῶν
1567 1448 1661 1503 ἐπὶ
1708 1447 1779 1501 τά

217 1552 561 1623 πνευματικὰ
589 1544 958 1621 μεταγόμεθα,
1014 1539 1381 1614 φορέσαντες
1422 1533 1539 1603 τὴν
1576 1532 1782 1588 εἰκόνα

212 1640 329 1694 τοῦ
354 1636 736 1708 ἐπουρανίου.

1886 522 2062 576 simile
2088 519 2251 577 simili
2279 517 2591 573 subservire
2618 512 2854 568 maxime
2890 512 3165 566 convenit.

1954 699 2142 757 XXIV.
2173 700 2312 755 Cum
2335 697 2539 754 terreni
2572 695 2902 751 fuerimus...
2936 692 3119 747 Caesar
3148 696 3331 745 autem
3359 693 3450 746 est

1885 793 2140 863 princeps
2183 798 2590 858 temporaneus,
2632 785 2791 855 cujus
2828 791 2882 839 et
2919 784 3095 851 imago
3135 789 3353 837 terrena
3393 792 3447 845 ι,

1886 882 2142 938 nimirum
2171 887 2330 935 vetus
2356 879 2541 940 homo,
2574 876 2641 931 ad
2671 891 2834 947 quem
2864 874 3081 944 quidem
3100 886 3317 927 reversa
3340 876 3445 926 est.

1886 971 2025 1027 lluie
2065 972 2249 1042 itaque
2280 984 2401 1039 quer
2428 974 2559 1023 sunt
2590 974 2807 1025 terrena
2837 963 3114 1019 reddenda
3145 969 3295 1026 sunt,
3326 975 3451 1032 quae

1886 1066 1940 1120 in
1975 1064 2210 1135 imagine
2256 1061 2457 1117 terreni
2505 1060 2817 1131 gessimus;
2872 1067 2925 1113 et
2973 1071 3095 1125 quae
3146 1065 3279 1109 sunt
3327 1053 3447 1119 Dei,

1884 1159 2018 1215 Deo.
2058 1156 2360 1212 Aﬂ'ectuum
2390 1153 2535 1210 enim
2567 1150 2767 1223 singuli
2799 1149 2956 1220 quasi
2983 1149 3183 1209 littera,
3213 1154 3364 1209 nota,
3393 1152 3449 1199 et

1884 1251 2100 1322 signum
2133 1247 2293 1302 nobis
2334 1246 2661 1316 impressum
2694 1249 2842 1298 sunt.
2870 1242 3046 1295 Aliam
3090 1254 3238 1293 nunc
3287 1238 3447 1293 nobis

1884 1352 2067 1398 notam
2098 1339 2383 1403 Dominus,
2416 1338 2523 1391 alia
2557 1336 2798 1397 nomina,
2831 1335 3149 1403 litterasque
3175 1332 3310 1386 alias
3346 1330 3447 1386 ob.

1884 1435 2082 1505 signat,
2120 1445 2310 1499 nempe
2331 1428 2486 1483 ﬁdem
2512 1443 2611 1498 pro
2651 1425 3056 1493 incredulitate,
3074 1438 3138 1478 ac
3175 1424 3256 1479 sic
3290 1422 3449 1478 dein-

1802 1539 1811 1563 ι
1883 1539 2010 1595 ceps
2045 1524 2273 1592 reliqua.
2301 1520 2457 1574 Hune
2487 1519 2543 1574 in
2568 1520 2786 1575 modum
2810 1533 2841 1572 a
2870 1516 3224 1572 terrestribus
3246 1513 3311 1568 ad
3335 1513 3450 1584 spi-

1882 1615 2060 1670 ritalia
2090 1630 2279 1669 sumus
2307 1611 2502 1679 evecti,
2538 1611 2666 1666 dum
2695 1610 2918 1665 calcatis
2956 1609 3236 1679 imaginem
3272 1616 3449 1675 porte-

1884 1725 1998 1761 mus
2032 1709 2080 1764 1).

284 1809 417 1863 κε’.
458 1810 518 1863 ’0
555 1807 805 1880 Ἰωάννης
832 1808 1014 1880 φησιν,
1043 1807 1144 1871 ὅτι,
1172 1804 1313 1875 Ἐγὼ
1327 1803 1443 1874 μὲν
1463 1801 1612 1874 ὑμᾶς
1632 1801 1776 1855 ὕδα-

1946 1801 2106 1873 363
2138 1800 2299 1855 XXV.
2341 1801 2482 1857 Dixit
2517 1799 2756 1855 Joannes
2791 1818 2804 1854 :
2836 1797 2949 1869 Ego
2979 1794 3187 1856 quidem
3233 1794 3443 1863 baptizo

206 1918 261 1954 τι
288 1900 572 1966 βαπτίζω,
593 1898 828 1969 ἔρχεται
851 1899 918 1953 δέ
928 1916 1046 1969 μου
1078 1898 1268 1952 ὀπίσω
1289 1895 1399 1968 ('58)
1426 1898 1459 1949 ό
1474 1890 1776 1959 βαπτίζων

202 1993 457 2064 ὐμᾶςέιν
504 1994 793 2062 πνεύματι
833 1991 934 2046 καὶ
961 1993 1125 2061 πυρί.
1161 1992 1301 2063 Πυρὶ
1333 1990 1390 2044 δὲ
1426 1988 1616 2043 οὐδένα
1650 1987 1776 2041 ὲϐά·

201 2102 423 2141 πτισεν.
445 2085 613 2137 Ἔνιοι
637 2084 712 2147 δὲ,
743 2083 819 2148 ὥς
849 2098 1011 2155 φησιν
1044 2083 1354 2155 Ἡρακλέων
1386 2081 1519 2151 (39),
1549 2080 1683 2152 πυρὶ
1707 2079 1775 2133 τά

199 2171 331 2232 ὦτα
348 2176 458 2229 τῶν
493 2176 938 2248 σφραγιζομὲνων
964 2174 1376 2248 κατεσημήνατο
1420 2174 1531 2245 (40)
1557 2189 1573 2204 ·
1604 2170 1775 2236 οὕτως

198 2267 544 2331 ἀκούσαντες
588 2267 648 2321 τὸ
679 2266 1031 2322 άποστολικὸν
1060 2284 1074 2297 ·
1109 2267 1179 2322 Τὸ
1224 2267 1333 2337 γὰρ
1364 2266 1556 2321 πτῦον
1583 2264 1656 2318 ἐν
1699 2262 1775 2333 τῇ

200 2358 362 2427 χειρὶ
406 2357 612 2422 αὐτοῦ,
637 2357 743 2412 τοῦ
764 2355 1111 2425 διακαθᾶραι
1137 2356 1251 2425 τὴν
1279 2356 1434 2411 ἅλω*
1467 2354 1565 2409 καί
1587 2353 1776 2409 συνά-

200 2450 303 2515 ξει
323 2449 431 2504 τὸν
453 2449 626 2505 σῖτον
644 2451 733 2516 εὶς
755 2447 869 2517 τὴν
890 2446 1204 2515 ἀποθήκην
1220 2464 1233 2478 ο
1261 2446 1327 2501 τὸ
1342 2446 1411 2500 δὲ
1435 2444 1665 2517 ἄχυρον
1680 2462 1778 2500 καρ

198 2541 496 2597 τακαύσει
530 2541 673 2611 πυρὶ
716 2539 1007 2608 ἀσϐέστῳ.
1055 2538 1385 2612 Πρόσκειται
1424 2534 1517 2592 οῦν
1557 2536 1635 2610 τῷ
1676 2536 1774 2591 Διὰ

204 2635 484 2707 πυρὸς,τὺ
527 2635 629 2688 Διὰ
666 2633 973 2705 πνεύματος
995 2650 1009 2664 ο
1044 2632 1231 2704 ἐπειδὴ
1262 2632 1323 2686 τὸ
1364 2632 1508 2686 σῖτον
1536 2631 1646 2685 ἀπὸ
1678 2629 1772 2684 τοῦ

199 2725 412 2799 ἁχύρου
439 2726 723 2799 διακρίνει,
750 2724 1023 2780 τουτέστιν
1060 2724 1171 2778 ἀπὸ
1200 2722 1293 2777 τοῦ
1329 2722 1510 2776 ὑλικοῦ
1546 2722 1776 2793 ἐνδύμα-

196 2837 300 2883 τος
317 2817 408 2871 διὰ
439 2817 743 2889 πνεύματος
761 2835 775 2848 ·
810 2817 906 2871 καὶ
934 2817 996 2870 τὸ
1015 2816 1215 2888 ἄχυρον
1241 2814 1530 2887 χωρίζεται
1564 2814 1653 2868 διὰ
1678 2815 1773 2869 τοῦ

199 2907 517 2979 πνεύματος
545 2906 885 2979 λικμώμενον
906 2922 920 2937 ο
964 2904 1137 2970 οὕτως
1172 2903 1233 2958 τὸ
1267 2903 1482 2974 πνεῦμα
1521 2903 1777 2974 διαχωρι-

200 2997 405 3071 στικὴν
429 2998 536 3069 ἔχει
563 2997 791 3068 δύναμιν
805 2994 1091 3068 ἐνεργειῶν
1104 2992 1326 3049 ὑλικῶν.
1343 2994 1495 3048 Ἐπεὶ
1505 2992 1563 3047 δὲ
1590 2992 1660 3047 τὰ
1677 2992 1775 3064 μὲν

195 3087 271 3156 ιε
293 3089 558 3160 ἁγενήτου
597 3088 709 3159 (At)
732 3088 826 3142 καὶ
848 3086 1126 3158 ἀφθάρτου
1157 3084 1380 3154 γέγονε,
1420 3084 1489 3138 τά
1527 3100 1775 3154 σπερμα-

1882 1909 1968 1947 vos
1995 1909 2163 1963 aqua;
2187 1894 2512 1947 venitautem
2538 1900 2655 1961 post
2680 1907 2779 1954 me,
2811 1891 2901 1960 qui
2936 1905 3023 1943 vos
3055 1886 3347 1957 baptizabit
3386 1886 3443 1939 in

1880 1984 2072 2053 spiritu
2104 1992 2151 2037 et
2178 1984 2232 2036 in
2262 1983 2370 2053 igni
2401 1993 2448 2037 ο.
2482 1981 2608 2053 Igne
2641 1996 2770 2035 vero
2805 1979 3078 2034 neminem
3125 1976 3440 2046 baptizavit.

1880 2077 2110 2144 Quidam
2141 2084 2342 2139 autem,
2374 2083 2533 2145 prout
2565 2075 2760 2131 asserit
2786 2072 3109 2136 Heracleon,
3136 2072 3259 2142 igne
3280 2083 3443 2124 aures

1878 2186 2065 2227 eorum
2096 2169 2476 2241 obsignarunt,
2520 2168 2613 2239 qui
2642 2160 2868 2237 hujusce
2904 2163 3251 2235 baptismatis
3282 2161 3442 2232 sigil-

1879 2264 1990 2319 lum
2023 2273 2382 2334 acceperant:
2412 2264 2515 2317 hoc
2543 2262 2800 2316 nimirum
2829 2266 2990 2330 pacto
3035 2256 3266 2329 aposmli
3305 2253 3440 2309 illud

1879 2356 2286 2427 intelligentes:
2331 2354 2692 2411 Ventilabrum
2730 2353 2870 2408 enim
2914 2352 2968 2405 iu
3015 2366 3175 2403 manu
3191 2348 3327 2419 ejus,
3370 2345 3441 2401 ad

1880 2460 2056 2501 aream
2085 2447 2448 2518 purgandum;
2491 2463 2552 2500 ac
2582 2442 2914 2514 congregabit
2945 2441 3181 2495 triticum
3221 2441 3275 2493 in
3312 2437 3440 2493 lior-

1879 2552 2059 2598 reum;
2098 2539 2305 2606 paleam
2344 2554 2461 2592 vero
2495 2536 2762 2591 comburet
2793 2536 2911 2604 igne
2939 2529 3358 2601 mexstinguibili
3385 2528 3439 2585 ἀ.

1879 2629 2207 2702 Adjungitur
2244 2631 2426 2702 itaque
2457 2629 2584 2684 huic
2625 2642 2719 2696 per
2742 2625 2940 2697 ignem,
2974 2624 3109 2679 illud
3172 2635 3262 2690 per
3283 2619 3443 2690 spiri-

1882 2736 2029 2789 tum;
2064 2738 2183 2777 eam
2223 2737 2418 2792 nempe
2451 2721 2523 2775 ob
2564 2734 2786 2774 causam
2816 2716 2959 2787 quod
2998 2715 3240 2770 triticum
3277 2729 3307 2767 a
3345 2729 3445 2784 pa-

1881 2813 1962 2868 lea
2009 2812 2315 2879 discernat;
2360 2812 2464 2867 hoc
2492 2818 2577 2867 est
2610 2811 2678 2864 ab
2713 2807 3033 2863 indumento
3079 2814 3295 2861 terreno
3345 2820 3445 2876 per

1881 2903 2153 2976 spiritum.
2186 2903 2347 2959 Palea
2372 2903 2624 2959 similiter
2651 2917 2682 2955 a
2706 2909 2870 2956 vento
2896 2914 2991 2955 seu
3023 2897 3219 2969 spiritu
3266 2896 3444 2952 venti-

1882 2994 2029 3050 lante
2066 3002 2368 3064 separatur.
2425 2991 2516 3048 Sic
2570 2991 2794 3063 spiritus
2844 2990 3076 3043 virtutes
3127 2987 3443 3043 materiales

1882 3085 2172 3155 separandi
2202 3083 2309 3139 vim
2331 3083 2512 3139 habet.
2544 3081 2811 3148 Quoniam
2845 3096 2973 3135 vero
3002 3078 3106 3132 alia
3136 3076 3352 3148 quidem
3373 3091 3443 3134 ex

195 3180 337 3236 τικά
366 3178 531 3251 ζωῆς.
564 3181 594 3232 ό
621 3179 790 3250 πυρὸς
813 3177 905 3231 καὶ
926 3175 1261 3237 ἀποτίθεται,
1286 3173 1347 3228 τὸ
1374 3173 1431 3228 δὲ
1454 3172 1658 3237 ὑλικὸν,
1687 3172 1776 3244 μὲ-

1882 3176 2123 3232 increato
2154 3184 2315 3248 atque
2351 3173 2752 3245 incorruptibili
2798 3174 2941 3228 facta
2978 3179 3128 3236 sunt,
3171 3171 3435 3226 nimirum

194 3288 299 3342 χρι
325 3270 540 3324 σύνεστι
561 3268 642 3341 τῷ
670 3269 958 3341 κρείττονι,
992 3267 1168 3339 μένει·
1211 3267 1338 3320 ὅταν
1368 3265 1573 3320 ἐκείνου
1612 3282 1777 3338 χωρι-

198 3364 333 3434 σθῇ,
365 3360 691 3416 ἀπόλλυται·
735 3363 793 3415 ὲν
832 3360 1002 3432 ἑτέρῳ
1040 3359 1150 3430 γὰρ
1170 3353 1284 3429 εἶχε
1328 3357 1390 3412 τὸ
1416 3353 1573 3412 εἶναι.
1608 3356 1778 3412 Τοῦτο

194 3457 341 3527 γοῦν
366 3454 692 3527 χωριστικὸν
720 3455 818 3525 μὲν
846 3453 1074 3524 δυνάμει
1107 3451 1169 3505 τὸ
1197 3449 1434 3523 πνεῦμα,
1449 3450 1780 3505 ἀναλωτικὸν

192 3551 265 3604 δὲ
291 3549 355 3602 τὸ
377 3544 516 3620 πῦρ·
553 3545 663 3619 πῦρ
689 3546 747 3600 δὲ
790 3546 851 3600 τὸ
894 3545 1075 3599 ὑλικὸν
1105 3542 1340 3614 νοητέον.
1371 3542 1511 3596 Ἀλλ’
1538 3542 1659 3596 ἐπεὶ
1683 3541 1779 3612 μὲν

192 3641 270 3694 τὸ
301 3639 609 3710 σωζόμενον
632 3639 762 3709 σίτῳ
783 3637 982 3714 ἔοικεν,
1012 3636 1073 3690 τὺ
1093 3635 1150 3689 δὲ
1171 3635 1501 3704 διαπεφυκὸς
1535 3636 1602 3706 τῇ
1632 3633 1776 3704 ψυχῇ

195 3733 288 3804 τῷ
316 3732 528 3805 ἀχύρῳ,
559 3730 654 3784 καὶ
678 3730 738 3783 τὸ
774 3729 874 3801 μὲν
905 3727 1217 3799 ἀσώματον,
1246 3727 1307 3781 τὸ
1331 3726 1387 3781 δὲ
1418 3725 1779 3798 χωριζόμενον

196 3827 396 3880 ὑλικόν
416 3827 561 3878 ἐστιν
584 3841 597 3854 ·
626 3823 919 3895 άντέθηκεν
944 3819 1019 3891 τῷ
1044 3819 1143 3891 μὲν
1162 3818 1436 3889 ἀσωμάτῳ
1460 3817 1522 3871 τὸ
1542 3815 1777 3887 πνεῦμα,

193 3920 404 3974 λεπτὸν
449 3915 815 3988 zeal-anapr
845 3913 1029 3985 σχεδὸν
1060 3912 1200 3982 ὑπὲρ
1230 3909 1378 3974 νοῦν,
1411 3906 1489 3979 τῷ
1524 3907 1581 3962 δὲ
1610 3907 1780 3978 ὐλικῷ

192 4014 268 4068 τὸ
295 4011 430 4083 πῦρ,
458 4011 519 4064 οὐ
550 4008 783 4081 πονηρὸν
814 4007 933 4060 οὐδὲ
960 4005 1130 4061 κακὸν
1146 4004 1411 4077 ὑπάρχον,
1434 3999 1651 4073 ἰσχυρὸν
1682 4000 1776 4053 καὶ

196 4104 384 4161 κακοῦ
402 4104 730 4177 καθαρτικόν
748 4120 761 4133 ⁶
787 4103 966 4175 ἀγαθὴ
994 4101 1103 4174 γάρ
1120 4100 1349 4172 δύναμις
1368 4099 1429 4152 τὸ
1450 4096 1562 4169 πῦρ
1575 4098 1776 4152 νοεῖται

197 4200 306 4254 καὶ
353 4198 568 4269 ἰσχυρὰ,
616 4195 888 4268 φθαρτικὴ
932 4194 1039 4248 τῶν
1077 4193 1336 4265 χειρόνων
1394 4192 1488 4246 καὶ
1539 4190 1776 4260 σωστικὴ

198 4289 322 4344 τῶν
359 4290 655 4361 ἀμεινόνων
687 4304 700 4317 ·
733 4286 813 4339 διὸ
832 4286 926 4339 κα)⁵
956 4284 1219 4356 φρόνιμον
1243 4282 1354 4355 (42)
1381 4282 1599 4351 λέγεται
1628 4278 1779 4351 παρὰ

197 4383 325 4445 τοῖς
354 4380 656 4452 προφήταις
675 4377 832 4431 τοῦτο
857 4375 919 4430 τὸ
947 4375 1077 4447 πῦρ.

1879 3285 2001 3340 quae
2027 3273 2152 3324 vita:
2186 3275 2315 3325 sunt
2340 3267 2572 3329 semina,
2602 3265 2932 3320 frumentum
2976 3263 3142 3317 etiam
3191 3259 3449 3318 recondi~

1879 3370 1968 3416 tur
2002 3361 2183 3433 :quod
2219 3377 2350 3417 vero
2378 3368 2655 3429 terrenum
2686 3366 2772 3414 est
2802 3356 3043 3428 quandiu
3075 3352 3288 3410 meliori
3313 3366 3448 3410 con-

1873 3452 2143 3523 jungitur,
2168 3458 2453 3522 permanet
2476 3468 2489 3517 ;
2512 3464 2674 3520 quam
2697 3448 2934 3519 primum
2961 3460 3091 3500 vero
3112 3444 3182 3499 ab
3203 3443 3295 3498 illo
3317 3442 3444 3499 fue-

1877 3542 1953 3596 rit
1989 3551 2319 3614 separatum,
2355 3542 2531 3613 perit;
2583 3542 2637 3596 in
2668 3540 2776 3594 alio
2804 3544 2949 3594 enim
2975 3537 3123 3608 quod
3154 3543 3322 3601 esset,
3346 3534 3447 3590 ha-

1880 3634 2015 3691 buit.
2051 3635 2226 3705 Hujus
2262 3635 2447 3705 itaque
2488 3631 2779 3704 separandi
2818 3630 2927 3684 vim
2967 3629 3129 3684 habet
3172 3628 3443 3698 spiritus;

1877 3729 2230 3785 consumendi
2258 3744 2389 3784 vero
2411 3728 2539 3795 vim,
2572 3726 2752 3797 ignis;
2787 3723 2929 3795 ignis
2961 3729 3142 3777 autem
3179 3717 3440 3773 materia-

1880 3820 1949 3876 lis
1978 3821 2067 3876 hic
2090 3820 2501 3891 intelligendus.
2537 3817 2637 3873 Ast
2669 3816 2925 3887 quoniam
2950 3812 3005 3868 id
3033 3810 3178 3883 quod
3211 3811 3445 3866 salutem

1880 3914 2252 3982 consequitur.
2284 3911 2469 3967 tritico
2498 3909 2717 3981 quidem
2741 3915 2825 3965 est
2854 3906 3053 3968 simile,
3086 3902 3229 3975 quod
3266 3909 3448 3956 autem

1877 4004 2072 4060 animae
2100 4006 2369 4060 adhaereat
2394 4019 2457 4059 ac
2481 4018 2588 4058 una
2627 4007 2907 4064 nascatur,
2943 3997 3111 4070 palea:
3152 4010 3261 4051 non
3303 3991 3450 4048 absi-

1874 4097 2001 4151 mile
2053 4096 2273 4167 quidem
2328 4105 2444 4162 est;
2491 4103 2546 4149 et
2592 4094 2697 4148 hoc
2749 4092 2970 4163 quidem
3030 4088 3443 4157 incorporeum,

1879 4188 2024 4258 quod
2058 4202 2186 4240 vero
2218 4196 2523 4257 separatur,
2546 4192 2821 4240 terrenum
2853 4189 2960 4248 est,
2992 4178 3249 4251 opposuit
3271 4176 3452 4231 incor-

1879 4294 2047 4350 poreo
2086 4280 2360 4350 Spiritum,
2396 4287 2614 4334 tenuem
2663 4289 2989 4348 purumque,
3022 4271 3223 4343 quippe
3246 4268 3338 4340 qui
3358 4281 3452 4322 ve-

1881 4370 1982 4424 luti
2014 4386 2167 4426 mens
2204 4377 2320 4437 est;
2359 4367 2608 4423 terrestri
2645 4380 2796 4429 vero,
2835 4364 3037 4435 ignem,
3067 4376 3173 4415 non
3213 4358 3304 4431 qui
3342 4371 3454 4412 ma-

202 4478 327 4537 lus,
351 4481 443 4529 aut
464 4489 664 4544 pravus
685 4473 777 4537 sit,
805 4471 899 4526 sed
946 4471 1038 4541 qui
1063 4468 1241 4530 fortis,
1262 4464 1464 4537 quique
1490 4462 1618 4518 mali
1650 4464 1918 4534 purgandi
1945 4464 2055 4519 vim
2091 4465 2308 4520 habeat.
2346 4463 2556 4532 Quippe
2604 4462 2780 4516 virtus
2848 4459 2989 4514 bona
3039 4455 3181 4527 ignis
3248 4452 3451 4509 intelli-

206 4569 366 4641 gitur
420 4543 706 4635 fortisque,
762 4563 1000 4633 potentia
1067 4558 1338 4615 deteriora
1396 4551 1780 4623 corrumpendi
1842 4554 2091 4624 praedita,
2161 4552 2631 4622 conservandique
2666 4548 2907 4603 meliora.
2936 4546 3276 4617 QuaprOpter
3308 4543 3452 4614 ignis

205 4662 373 4715 hicce
395 4658 451 4713 in
482 4657 871 4728 prophetarum
895 4651 1116 4724 scriptis
1141 4651 1383 4722 prudens
1406 4648 1577 4703 audit.

270 4745 418 4819 KG".
643 4747 774 4817 γοῦν
803 4747 899 4801 καὶ
924 4746 1050 4799 ὅταν
1070 4746 1100 4798 ὁ
1127 4742 1259 4806 Θεὸς
1274 4740 1499 4812 λέγηται
1526 4737 1648 4806 πῦρ
1670 4752 1776 4793 κα-

1948 4732 2144 4789 XXVI.
2207 4732 2299 4788 Sic
2358 4733 2544 4801 itaque
2595 4744 2718 4783 cum
2777 4736 2833 4782 et
2882 4725 3027 4781 Deus
3067 4726 3204 4796 ignis
3255 4741 3453 4780 consu-

205 4816 606 4906 tmlaxw,
633 4816 696 4894 οὐ
740 4838 959 4902 κακίας,
996 4836 1131 4892 ἀλλὰ
1161 4834 1443 4906 δυνάμεως
1487 4831 1658 4902 ὄνομα
1686 4830 1776 4884 καὶ

1891 4843 2033 4880 mens
2073 4836 2097 4865 ε
2127 4831 2375 4885 vocatur,
2400 4835 2509 4875 non
2539 4816 2893 4885 malitiae,sed
2936 4816 3191 4887 potentiae
3255 4821 3313 4879 ᾖ
3352 4830 3453 4871 no-

208 4936 483 5008 σῦμδολον
524 4930 828 4988 ὲκλεκτέον.
876 4930 963 4994 Ὠς
1021 4928 1131 5000 γὰρ
1169 4927 1229 4981 τὺ
1274 4925 1385 4998 πῦρ
1430 4922 1776 4995 ἰσχυρότατον

1891 4932 2014 4973 men
2049 4931 2113 4971 ac
2144 4915 2361 4987 signum
2408 4910 2838 4983 intelligendum.
2888 4907 2969 4963 Ad
3014 4909 3263 4964 eumdem
3307 4908 3453 4963 enim

206 5031 324 5085 τιῖιν
387 5026 662 5098 στοιχείων
724 5023 817 5078 καὶ
862 5021 1077 5076 πάντων
1120 5017 1373 5091 κρατοῦν,
1419 5016 1560 5071 οῦτω
1613 5013 1709 5069 καὶ
1753 5014 1776 5066 ὁ

1889 5010 2111 5066 modum
2157 5022 2266 5078 quo
2306 5006 2447 5078 ignis
2488 5005 2880 5061 elementorum
2936 5009 3021 5057 est
3069 4997 3452 5061 fortissimum,

288 5185 456 5258 ar.
490 5115 599 5258 9§3
632 5181 742 5258 ΕΡ-
782 5175 1079 5258 POITER-
1164 5186 1227 5258 ,3.
1247 5170 1742 5258 “39119514.!-

1882 5165 2108 5258 Λέξον.
2144 5178 2233 5228 xv,
2262 5160 2353 5217 49.
2461 5168 2489 5201 ο
2527 5156 2721 5214 Matth.
2748 5171 2848 5225 ιιι,
2879 5155 2970 5212 li.
3070 5153 3099 5195 d
3142 5152 3335 5208 Matth.
3373 5168 3429 5207 ,η

213 5234 341 5327 121ξι
339 5234 610 5317 fuerit},
635 5234 740 5307 i7.
807 5261 831 5290 ο
871 5248 1029 5303 Deut.
1061 5262 1135 5311 tv,
1164 5244 1254 5299 24.
1334 5242 1472 5306 ›Ῑ‹Ρ.
1500 5236 1603 5327 9βὸ
1636 5240 1746 5295 ED.

1882 5234 2079 5293 I'TER.

293 5412 402 5486 ‘38)
458 5415 622 5486 Mou_
653 5408 861 5486 ὀπίσω.
935 5401 1095 5486 vulg;
1147 5398 1315 5486 rBib_.,
1341 5334 1575 5486 ο
1648 5409 1772 5464 μου,

216 5465 412 5538 Μᾶίιὶί.
446 5497 527 5537 ιιι.
566 5480 655 5533 il.
686 5478 818 5532 Luc.
849 5490 934 5537 ιιι,
967 5465 1227 5527 ιδ’ίοιιιι.
1264 5483 1303 5529 I,
1341 5467 1434 5520 27.
1458 5465 1585 5538 ξπ..

288 5535 402 5624 (59)
429 5535 798 5624 ξἨρακλέων.
859 5535 1021 5601 Geni.
1073 5540 1412 5613 Augustinus
1453 5535 1530 5590 De
1558 5537 1772 5594 hceres.,

416 5622 913 5764 ῗξᾳτεσημῄναζο.
942 5681 1235 5764 Pluraliter
1253 5676 1540 5764 legegdum
1553 5673 1774 5764 videtur

217 5744 806 5834 κατεσημῄναντὸ”·”ιιι
843 5757 1046 5813 feratur
1080 5753 1145 5808 ad
1182 5744 1332 5805 ἔνιοιῖ
1371 5747 1482 5803 Nec
1516 5746 1662 5803 enim
1685 5744 1769 5799 vel

1880 5392 1949 5444 ad
1983 5390 2264 5446 Christum
2292 5389 2378 5445 vel
2410 5388 2475 5444 ad
2507 5385 2897 5443 Heraeleonem
2930 5378 3125 5439 referri
3157 5376 3457 5435 verisimile

1878 5460 2113 5517 videtur.
2144 5460 2270 5514 8η.

1971 5531 2062 5601 Li)
2100 5527 2441 5599 ’Arerﬁrov.
2467 5525 2922 5601 _A.,_dt*{§vvi]rou.
2965 5521 3122 5577 SYLB.

1969 5584 2061 5671 423
2106 5584 2435 5671 Φρὀνιὶιοτςε
2456 5584 2617 5671 Colit.
2654 5584 2919 5652 'Clcmens
2952 5593 3207 5663 superius
3231 5584 3452 5653 Piedag.

1875 5669 1973 5729 lib.
2011 5669 2096 5741 ιιι,
2127 5687 2177 5726 c.
2209 5671 2264 5736 8,
2290 5685 2343 5739 p.
2375 5669 2502 5727 280.
2532 5674 2647 5722 not.
