3964 6312
449 257 457 261 ’
522 286 620 342 ἰιι

1714 282 2037 339 CLEMENS
2079 286 2640 346 ALEXANDRINUS.

3687 306 3787 361 712

519 402 858 475 reliquisque
883 403 1219 469 dominatur,
1251 402 1440 459 eodem
1462 402 1623 474 plane
1649 403 1812 460 modo
1852 405 2098 477 omnipo«

2207 407 2339 473 Θεὸς
2384 409 2787 481 παντοδύναμος
2834 411 2925 465 καὶ
2974 409 3391 483 παντοκράτωρ,
3427 413 3459 467 6
3489 413 3792 486 δυνάμεως

528 501 642 550 lens
673 509 737 550 ac
769 496 1112 551 omnitenens
1150 503 1235 550 est
1269 494 1436 550 etiam
1467 494 1632 558 Deus,
1669 495 1764 565 qui
1803 504 1984 567 potest
2018 505 2100 553 te.

520 602 671 651 nere,
701 604 909 652 creare,
938 587 1139 653 facere,
1164 588 1330 649 alere,
1364 602 1584 658 augere,
1619 602 1862 654 servare,
1890 590 2098 661 quique

519 683 764 752 corporis
800 681 1105 751 animaeque
1134 687 1464 751 potestatem
1495 680 1682 737 habet.
1721 681 1880 737 Sicut
1910 683 2102 755 itaque

518 773 802 829 elementis
853 773 976 828 aliis
1016 774 1161 843 ignis
1188 772 1473 842 pmcellit,
1518 771 1710 828 eodem
1764 774 1931 830 modo
1984 783 2101 831 tum

518 864 647 927 diis,
680 880 744 920 ac
770 866 1088 930 virtutibus,
1125 881 1191 921 ac
1230 866 1633 937 principatibus
1669 868 1933 939 praecellit
1972 867 2105 924 Om-

517 958 790 1014 nitenens.
822 958 970 1028 Ignis
1001 967 1182 1013 autem
1217 958 1398 1014 virtus
1431 958 1631 1029 duplex
1665 967 1773 1024 est,
1820 960 1928 1017 alia
1976 962 2101 1032 qui-

517 1050 640 1108 dem
679 1050 747 1105 ad
782 1049 1058 1105 fructuum
1098 1050 1513 1121 productionem
1542 1064 1606 1105 ac
1631 1050 1950 1107 eorumdem
1984 1068 2105 1108 ma-

519 1144 822 1208 turitatem,
875 1145 1102 1216 insuper
1135 1143 1202 1198 ad
1241 1143 1561 1198 animalium
1601 1144 2011 1215 generationem
2037 1162 2101 1203 ac

518 1236 832 1293 earumdem
855 1238 1038 1293 cibum
1070 1236 1420 1305 necessaria;
1453 1238 1612 1308 cujus
1646 1239 1729 1295 sol
1763 1239 1947 1312 imago
1973 1250 2093 1295 est:

518 1331 624 1385 alia
650 1346 780 1386 vero
812 1331 880 1387 ad
908 1330 1326 1387 dissolutionem
1361 1346 1425 1386 ac
1457 1332 1868 1401 corruptionem
1902 1332 2097 1397 tendit,

518 1423 696 1494 qualis
733 1430 817 1479 est
855 1423 999 1495 ignis
1028 1423 1120 1479 ille
1150 1423 1456 1479 terrestris.
1509 1422 1743 1479 Proinde
1786 1439 1908 1479 cum
1954 1424 2098 1480 Deus

516 1517 662 1588 ignis
686 1532 1020 1574 consumens
1044 1525 1292 1584 vocatur,
1327 1517 1503 1574 virtus
1541 1525 1676 1574 tunc
1704 1516 1861 1574 fortis
1893 1519 2099 1574 intelli-

516 1612 685 1683 gitur,
720 1612 808 1671 cui
839 1612 977 1667 nihil
1008 1611 1209 1683 opponi
1228 1610 1424 1682 possit,
1458 1612 1656 1681 cuique
1678 1611 1816 1665 nihil
1839 1610 2098 1681 impossi-

517 1692 627 1760 bile
660 1705 732 1761 sit
772 1705 999 1775 insuper
1032 1712 1086 1759 et
1116 1703 1345 1773 perdere
1377 1717 1498 1759 eam
1536 1718 1722 1774 posse.
1777 1702 1856 1758 De
1894 1703 2099 1758 virtute

2211 502 2508 573 κρατῆσαι,
2540 503 2742 568 κτίσαι,
2765 505 3010 576 ποιῆσαι,
3048 505 3289 578 τρέφειν,
3323 503 3530 573 αὔξειν,
3568 509 3795 573 σώζειν,

2212 592 2463 665 σώματος
2508 595 2599 648 καὶ
2643 596 2821 667 ψυχῆς
2867 595 3116 662 ἐξουσίαν
3166 597 3321 669 ἔχων.
3380 598 3471 661 Ὦς
3529 594 3629 653 οὖν
3685 601 3796 654 τίη

2212 687 2488 758 στοιχείων
2510 687 2767 759 ὑπερέχει
2795 690 2857 743 τὸ
2890 689 3003 761 πῦρ
3022 730 3037 755 ,
3067 689 3209 745 οὕτω
3230 690 3367 744 θεῶν
3400 709 3460 746 τε
3500 694 3597 745 καί
3628 693 3797 747 δυνά-

2213 795 2357 850 μεων
2390 780 2488 834 καὶ
2519 780 2703 852 ἀρχῶν
2734 783 2763 836 ὁ
2794 784 3211 856 παντοκράτωρ.
3263 785 3441 856 Διπλῆ
3475 804 3534 840 τε
3568 790 3604 856 ἠ
3636 787 3801 840 δύνα-

2213 888 2304 943 μις
2335 872 2427 927 τοῦ
2461 872 2650 945 πυρὸς,
2685 874 2719 945 ἡ
2755 876 2854 946 μὲν
2886 874 3024 947 πρὸς
3055 875 3415 947 δημιουργίαν
3450 879 3548 932 καὶ
3580 879 3799 934 πέπατ-

2210 980 2293 1017 σιν
2338 963 2566 1036 καρπῶν
2613 965 2708 1019 καὶ
2754 963 2906 1031 ζώων
2950 966 3165 1035 γένεσιν
3214 969 3308 1022 καὶ
3339 970 3552 1041 τροφὴν
3602 974 3800 1045 irati}-

2206 1055 2367 1121 δειος,
2406 1050 2475 1126 ἧς
2518 1054 2683 1110 είκὼν
2722 1058 2752 1110 6
2791 1054 2981 1125 ἥλιοςο
3029 1059 3063 1129 ἡ
3105 1058 3163 1111 δὲ
3202 1060 3337 1132 πρὸς
3380 1061 3668 1115 ἀνάλωσιν
3702 1064 3797 1119 καὶ

2207 1145 2432 1218 φθορὰν,
2461 1144 2537 1211 ὡς
2568 1148 2627 1201 τὸ
2660 1147 2772 1219 πῦρ
2791 1146 2852 1200 τὸ
2880 1148 3140 1217 ἐπίγειον.
3176 1150 3293 1222 Πῦρ
3326 1149 3421 1205 οὖν
3460 1154 3600 1207 ὅταν
3632 1154 3799 1227 λέγῃ-

2203 1253 2297 1291 ται
2318 1239 2346 1291 6
2369 1237 2504 1303 Θεὸς
2536 1237 2949 1304 καταναλίσκον,
2983 1238 3211 1311 δύναμις
3245 1242 3447 1313 ἰσχυρά
3474 1244 3575 1295 καὶ
3589 1244 3793 1314 ἀπροσ-

2207 1329 2435 1404 άντητος
2455 1364 2472 1391 ,
2525 1324 2560 1404 ᾖ
2593 1329 2758 1402 μηδὲν
2788 1330 3049 1386 ἀδύνατον
3084 1330 3219 1405 (43),
3252 1333 3387 1387 ἀλλά
3419 1335 3517 1386 καὶ
3557 1332 3623 1385 τὸ
3654 1337 3795 1388 dm-

2203 1418 2359 1475 λέσαι
2388 1420 2631 1476 δυνατόν.
2667 1423 2802 1496 Περὶ
2823 1423 3079 1495 τοιαύτης
3106 1424 3385 1497 δυνάμεως
3423 1425 3519 1480 καὶ
3552 1427 3585 1478 6
3605 1426 3796 1498 Σωτὴρ

2202 1510 2350 1580 λέγει
2385 1528 2399 1543 ’
2434 1512 2560 1583 Πῦρ
2579 1509 2769 1584 ἦλθον
2781 1516 3001 1581 ,βαλεῖν
3016 1516 3115 1570 ἐπὶ
3134 1516 3246 1585 τὴν
3270 1514 3406 1587 γῆν,
3430 1516 3685 1588 δηλονότι
3716 1517 3798 1571 δύ-

2203 1619 2385 1676 ναμιν,
2417 1605 2525 1659 τῶν
2573 1607 2669 1677 μὲν
2713 1608 2884 1676 ἁγίων
2921 1607 3280 1681 καθαρτικὴν,
3327 1607 3438 1662 τῶν
3484 1608 3793 1672 δὲὺλικῶν,

2200 1696 2276 1763 ὡς
2311 1699 2409 1769 μὲν
2436 1700 2631 1754 ἐκεῖνοι
2660 1699 2844 1769 φασιν,
2870 1702 3230 1774 ἀφανιστικήν
3267 1718 3281 1732 ·
3317 1702 3393 1765 ὡς
3434 1700 3496 1754 δὲ
3530 1703 3702 1773 misi;
3732 1703 3795 1755 ἂν

514 1796 621 1852 bac
668 1796 901 1851 allirmat
955 1795 1213 1851 Salvator
1244 1815 1258 1851 :
1292 1794 1474 1866 Ignem
1521 1796 1636 1850 veni
1673 1796 1881 1850 mittere
1908 1796 1966 1849 in
1992 1804 2098 1850 ter—

2207 1792 2467 1863 φαίημεν,
2510 1793 2887 1865 παιδευτικήν.
2929 1796 3088 1865 Ἔχει
3121 1794 3178 1849 δὲ
3214 1794 3309 1849 καὶ
3349 1793 3518 1863 φόϐον
3554 1794 3620 1847 τὸ
3664 1793 3794 1865 πῦρ,

516 1900 730 1953 fama;

795 1886 1056 1942 nimirum
1108 1886 1391 1953 virtutem,
1441 1902 1564 1957 qua:
1609 1886 1830 1956 quidem
1875 1896 2098 1942 sanctos

2207 1885 2290 1941 καὶ
2319 1886 2567 1957 διάχυσιν
2600 1886 2660 1942 τὸ
2694 1887 2830 1958 φῶς.

517 1992 745 2055 purgat;
783 1992 1072 2042 terrestres
1142 1992 1345 2052 autem,
1388 1992 1551 2055 prout
1618 1993 1873 2039 asserunt
1921 1983 2034 2050 illi,
2077 1983 2241 2049 delet,
2297 1984 2568 2041 destruit:
2602 1987 2874 2041 sententia
2928 2001 3060 2042 vero
3093 1994 3281 2043 nostra
3320 1996 3427 2052 est,
3472 1987 3630 2058 quod
3670 2002 3792 2042 ere-

516 2080 648 2135 diat.
685 2079 827 2151 Ignis
868 2088 1050 2136 autem
1094 2080 1371 2146 timorem,
1404 2080 1499 2133 lux
1528 2078 1878 2134 diﬂ‘usionem
1910 2079 2094 2135 habet.

586 2172 803 2229 XXVII.
853 2174 973 2229 Non
1009 2183 1191 2230 autem
1229 2175 1574 2245 scripserunt
1607 2175 1875 2240 seniores,
1920 2189 2099 2244 neque

515 2265 625 2322 illis
664 2267 965 2330 arridebat,
1010 2274 1073 2322 ut
1105 2282 1239 2322 cura
1283 2266 1599 2323 traditionis
1636 2265 1897 2322 docenda:
1939 2266 2097 2322 alteri

516 2378 666 2417 cura:
703 2360 771 2417 ac'
811 2362 1087 2418 scribendi
1122 2360 1296 2416 labori
1341 2360 1707 2423 incumberet,
1738 2375 1840 2415 nec
1877 2359 2098 2430 quidem

515 2457 598 2511 uti
636 2464 853 2526 tempus
881 2454 1298 2526 praemeditandi
1338 2470 1459 2526 qua:
1486 2461 1671 2511 essent
1700 2452 1929 2509 dicenda
1959 2453 2097 2509 scri-

514 2548 696 2604 bendo
719 2549 1080 2603 insumerent.
1114 2546 1376 2602 Fortasse
1408 2562 1541 2602 vero
1581 2561 1705 2601 cum
1735 2546 1978 2617 ejusdem
2004 2561 2097 2617 ge-

515 2639 595 2695 nii
637 2656 746 2696 non
795 2657 919 2697 esse
956 2657 1282 2711 persuasum
1324 2640 1638 2705 habuerint,
1679 2639 1852 2694 libros
1880 2653 2099 2710 compoo

515 2732 682 2787 nendi
722 2740 886 2802 atque
934 2732 1167 2788 docendi
1212 2733 1477 2796 studium,
1526 2732 1821 2803 unicuique
1852 2732 1998 2802 quod
2028 2749 2098 2787 ex

517 2825 701 2881 indole
725 2834 893 2892 esset,
926 2825 1317 2895 permiserunt.
1361 2824 1575 2895 Quippe
1614 2824 1844 2879 alterum
1874 2824 2095 2896 quidem

516 2917 689 2973 libere
720 2925 885 2988 atque
916 2918 1121 2988 impetu
1163 2917 1399 2987 quodam
1431 2932 1495 2971 ex
1531 2931 1628 2970 ore
1662 2915 1895 2971 dicentis
1924 2915 2098 2973 (luens

519 3009 631 3065 cito
659 3024 766 3063 una
801 3023 995 3079 rapere
1022 3014 1237 3078 potest;
1275 3006 1507 3060 alterum
1544 3012 1748 3071 autem,
1787 3005 1932 3077 quod
1965 3021 2096 3063 exa-

522 3100 659 3155 mini
689 3100 979 3170 diligenter
1008 3099 1304 3169 legentium
1357 3097 1605 3168 quotidie
1654 3096 1938 3165 subdatur,
1979 3097 2096 3154 dis-

519 3193 873 3264 quisitionem
905 3204 1173 3247 summam
1206 3189 1467 3260 postulat,
1498 3205 1830 3261 operamque
1853 3189 2096 3245 sedulam

519 3284 712 3357 exigit.
744 3282 841 3339 Est
887 3282 1074 3347 etiam,
1114 3289 1176 3336 ut
1222 3282 1301 3336 ita
1339 3282 1542 3349 dicam,
1588 3282 1792 3351 scripta
1839 3281 2099 3337 doctrina

522 3374 890 3440 conﬁrmatio,
924 3374 1116 3443 sicque
1145 3372 1215 3430 ad
1245 3382 1472 3446 nepotes
1521 3374 1626 3428 hoc
1669 3372 1833 3428 modo
1875 3372 2099 3443 scriptis

2273 2176 2397 2230 KZ'.
2428 2175 2544 2230 Ούκ
2571 2174 2809 2246 ἔγραφον
2830 2174 2887 2228 δὲ
2916 2175 2965 2229 οἱ
3004 2175 3387 2248 πρεσϐύτεροι,
3440 2177 3587 2249 μήτε
3645 2183 3788 2233 ἀπα-

2205 2270 2415 2342 σχολεῖν
2436 2267 2748 2340 βουλόμενοι
2779 2266 2876 2339 τὴν
2893 2266 3278 2341 διδασκαλικὴν
3301 2269 3399 2341 τῆς
3427 2270 3790 2342 παραδόσεως

2205 2357 2458 2432 φροντίδα
2504 2360 2570 2428 τῇ
2611 2356 2738 2428 περὶ
2788 2356 2848 2410 τὸ
2890 2356 3122 2429 γράφειν
3150 2356 3286 2431 άλλῃ
3331 2360 3606 2430 φροντίδι,
3660 2363 3788 2431 μηδὲ

2208 2451 2315 2523 μὴν
2343 2448 2433 2503 τὸν
2477 2448 2571 2503 τοῦ
2601 2447 3043 2520 προσκέπτεσθαι
3083 2447 3150 2503 τά
3184 2447 3566 2519 λεχθησόμενα
3599 2452 3787 2521 καιρὸν

2205 2542 2691 2607 καταναλίσκοντες
2727 2542 2807 2606 είς
2849 2541 3089 2614 γραφήν.
3126 2541 3281 2612 Τάχα
3322 2541 3378 2595 δὲ
3403 2542 3533 2595 ούδὲ
3563 2544 3671 2613 τῆς
3698 2544 3788 2598 αὒ-

2202 2636 2302 2707 τῆς
2334 2635 2547 2707 φύσεως
2578 2635 2910 2706 κατόρθωμα
2930 2634 2990 2688 τὸ
3023 2634 3376 2688 συντακτικδν
3402 2636 3505 2689 καὶ
3536 2635 3789 2689 615cm-

2203 2729 2353 2783 λικδν
2387 2725 2525 2793 εἶδος
2558 2725 2696 2783 εἶναι
2736 2727 3117 2799 πεπεισμένοι,
3163 2730 3275 2791 τοῖς
3306 2728 3389 2791 είς
3414 2728 3588 2783 τοῦτο
3618 2748 3787 2800 πεφυ-

2186 2825 2326 2878 Δκόσι
2361 2820 2718 2895 συνεχώρουν.
2762 2819 2836 2873 Τὸ
2884 2820 2983 2892 μὲν
3013 2820 3149 2892 7&9,
3177 2820 3477 2886 ἀκωλύτως
3505 2823 3610 2877 καὶ
3657 2827 3786 2895 μετὰ

2207 2916 2385 2989 ῥύμης
2428 2915 2653 2988 φέρεται
2703 2913 2885 2986 ῥεῦμα
2924 2911 3019 2967 τοῦ
3064 2913 3332 2979 λέγοντος,
3368 2914 3468 2968 καί
3512 2932 3622 2969 που
3654 2919 3785 2986 τάχα

2206 3006 2553 3079 συναρπάσαι
2594 3005 2890 3077 δυνάμενον
2912 3021 2925 3034 ·
2959 3003 3020 3058 τὸ
3052 3004 3128 3069 δὲ,
3175 3005 3280 3059 ὑπὸ
3303 3006 3409 3059 τῶν
3427 3008 3783 3078 ἐντυγχανόν-

2203 3116 2309 3153 των
2341 3098 2453 3171 (44)
2478 3099 2734 3153 ἑκάστοτε
2770 3097 3192 3170 βασανιζόμενον
3222 3098 3492 3171 ἀκριϐῶς,
3529 3098 3640 3170 τῆς
3678 3101 3783 3166 ἕξει

2203 3193 2412 3258 τάσεως
2439 3194 2704 3265 τυγχάνον
2719 3192 2893 3262 ἀκρας
2920 3189 3133 3261 καὶτῆς
3154 3189 3475 3261 ἐπιμελείας
3504 3191 3781 3258 ἀξιοῦται’

2205 3286 2299 3341 καὶ
2333 3286 2480 3340 ἔστιν
2499 3283 2609 3340 οἷον
2630 3287 2803 3338 εἰπεῖν
2837 3283 3117 3355 ἔγγραφος
3141 3282 3496 3347 διδασκαλίας
3547 3284 3781 3355 βεϐαίω-

2207 3394 2310 3441 σις,
2347 3376 2440 3431 καὶ
2470 3377 2549 3439 είς
2578 3375 2705 3439 τοὺς
2731 3373 3013 3443 ὸψιγόνους
3036 3371 3212 3437 οὕτως
3230 3373 3315 3427 διὰ
3343 3375 3445 3445 τῆς
3476 3373 3785 3439 συντάξεως

520 3467 892 3525 transmissio.
928 3465 1143 3538 Quippe
1182 3468 1461 3523 seniorum
1499 3464 1830 3536 depositum,
1860 3479 1925 3519 ex
1961 3464 2098 3518 scri-

2207 3466 2715 3541 παραπεμπομένης
2742 3468 2841 3538 τῆς
2882 3467 3067 3539 φωνῆς
3100 3506 3113 3519 .
3163 3466 3228 3520 Ἦ
3259 3466 3369 3539 7&9
3399 3466 3515 3520 τῶν
3546 3467 3783 3539 πρεσϐυ-

522 3574 616 3634 pto
638 3561 893 3632 loquens,
927 3560 1200 3632 scriptore
1232 3559 1406 3614 utitur
1433 3558 1709 3622 ministro,
1747 3557 1812 3612 ad
1847 3556 2100 3612 traditio-

520 3669 647 3710 nem
678 3668 870 3710 eorum
899 3668 1020 3723 qua:
1040 3653 1320 3724 leguntur.
1344 3649 1427 3706 Ad
1464 3648 1714 3705 eumdem
1751 3649 1935 3720 itaque
1976 3663 2098 3703 mo-

522 3744 652 3800 dum
693 3759 804 3816 quo
849 3742 1076 3815 Magnes
1110 3742 1274 3814 lapis,
1310 3740 1433 3796 alia:
1468 3739 1712 3795 materia:
1741 3739 2095 3810 coniunctus,

521 3846 725 3903 ferrum
749 3840 1114 3907 solummodo,
1146 3845 1372 3912 propter
1396 3836 1860 3893 necessitudinem
1893 3849 2000 3906 qua
2022 3834 2099 3889 illi

521 3940 596 3997 sit
629 3937 807 4002 aliine,
836 3935 906 3990 ad
946 3950 1005 3991 se
1032 3933 1236 3997 trahit;
1271 3932 1354 3988 sic
1382 3929 1546 3987 etiam
1582 3927 1729 3991 libri,
1784 3926 1940 3981 multi
1971 3940 2096 3981 cum

523 4038 634 4094 sint
657 4037 751 4109 qui
782 4037 851 4092 iis
875 4042 1184 4099 versantur,
1217 4032 1321 4087 hos
1346 4037 1561 4085 tantum
1592 4027 1859 4094 trahunt,
1898 4025 1993 4098 qui
2015 4025 2093 4079 in-

523 4128 797 4201 telligendi
846 4127 1049 4183 fuerint
1082 4139 1334 4195 capaces.
1377 4120 1641 4177 Veritatis
1684 4120 1833 4176 enim
1886 4132 2096 4181 sermo,

525 4225 651 4279 aliis
701 4222 914 4295 quidem
971 4219 1207 4276 stultitia
1240 4218 1306 4283 δ,
1368 4216 1490 4272 aliis
1550 4229 1682 4269 vero
1740 4211 2098 4274 scandalum;

523 4315 721 4386 paucis
768 4323 953 4371 autem
987 4320 1073 4369 est
1106 4310 1399 4383 sapientia.
1432 4308 1524 4363 Sic
1559 4306 1653 4361 Dei
1685 4307 1862 4361 virtus
1890 4302 2104 4359 inveni-

524 4415 654 4473 tur,
720 4407 851 4463 licet
889 4406 1098 4463 invidia
1154 4414 1440 4477 rumpatur
1494 4403 1750 4476 gnostici.
1801 4400 2099 4472 Propterea

526 4500 723 4572 quaerit
743 4500 930 4565 etiam,
955 4514 1024 4554 an
1047 4506 1107 4563 ᾖ(
1132 4498 1286 4570 pejus
1306 4497 1469 4554 fuerit
1492 4495 1716 4565 indigno
1733 4494 1883 4559 dare,
1901 4493 1983 4548 vel
2010 4492 2096 4547 di-

526 4608 635 4667 gno
668 4591 811 4648 haud
846 4592 1124 4663 praebere:
1176 4606 1395 4663 praeque
1420 4590 1592 4645 nimio
1632 4601 1837 4653 amore,
1881 4583 2100 4656 pericu-

527 4688 643 4744 lum
691 4695 808 4752 est;
842 4700 913 4741 ne
944 4700 1054 4740 non
1089 4685 1269 4741 solum
1303 4684 1477 4747 omni,
1515 4682 1606 4738 cui
1646 4679 1860 4745 deceat,
1909 4690 2100 4732 verum

525 4781 692 4837 etiam
752 4777 1027 4835 interdum
1060 4778 1289 4850 indigno
1324 4776 1532 4835 fervide
1554 4775 1759 4848 petenti
1788 4768 2097 4828 communi-

2204 3561 2379 3633 τέρων
2430 3558 2893 3632 παρακαταθήκη,
2934 3558 3025 3612 διά
3080 3558 3180 3630 τῆς
3233 3558 3454 3631 γραφῆς
3521 3559 3779 3621 λαλοῦσι,

2204 3652 2467 3724 ὑπουργῷ
2513 3652 2714 3723 χρῆται
2734 3650 2811 3723 τῷ
2849 3651 3113 3722 γράφοντι
3161 3651 3300 3725 πρὸς
3334 3651 3431 3723 τὴν
3484 3653 3779 3725 παράδοσιν

2200 3746 2309 3801 τῶν
2346 3746 2764 3817 ἐντευξομένων.
2815 3744 3083 3818 Καθάπερ
3115 3741 3210 3800 οὖν
3243 3746 3276 3816 ή
3311 3745 3592 3816 μαγνῆτις
3620 3748 3777 3809 λίθος,

2201 3840 2301 3913 τὴν
2352 3840 2518 3911 ἄλλην
2562 3838 2695 3911 ὓλην
2741 3837 3249 3911 παραπεμπομὲνη,
3298 3838 3459 3909 μόνον
3492 3839 3779 3908 ἐφέλκεται

2199 3934 2267 3988 δι’
2302 3933 2715 4005 ἐπιτηδειότητα
2747 3930 2837 3986 τὸν
2863 3931 3106 4003 σίδηρονο
3143 3929 3319 3995 οὕτως
3351 3930 3447 3985 καὶ
3476 3931 3548 3985 τὰ
3584 3932 3776 4003 βιϐλία,

2202 4026 2411 4081 πολλῶν
2435 4026 2605 4080 όντων
2632 4023 2741 4079 τῶν
2774 4024 3233 4095 ἐντυγχανόντων,
3253 4022 3381 4088 τοὺς
3405 4023 3558 4088 οἵους
3576 4043 3642 4079 τε
3670 4044 3777 4080 συν-

2203 4121 2341 4175 ιέναι
2399 4118 2591 4191 μόνους
2634 4119 2954 4172 ἐπισπᾶται·
2981 4119 3010 4171 ό
3040 4116 3150 4188 7&9
3182 4115 3282 4185 τῆς
3321 4114 3589 4187 ἀληθείας
3634 4117 3779 4186 λόγος

2202 4212 2327 4280 τοῖς
2351 4212 2469 4283 μὲν
2494 4214 2707 4284 μωρία,
2737 4213 2849 4275 τοῖς
2870 4209 2928 4263 δὲ
2958 4208 3330 4274 σκάνδαλον,
3367 4209 3574 4279 ὀλίγοις
3614 4211 3673 4265 δὲ
3704 4228 3778 4265 σο-

2204 4307 2330 4376 φία·
2363 4306 2536 4371 οὕτως
2567 4306 2662 4360 καὶ
2693 4305 2923 4375 δύναμις
2951 4303 3263 4376 εὑρίσκεται
3295 4303 3463 4357 Θεοῦ“
3502 4304 3703 4373 φθόνος
3729 4304 3780 4357 δὲ

2203 4403 2369 4474 ἀπείη
2411 4400 2524 4473 (46)
2545 4400 2849 4471 γνωστικοῦ
2871 4417 2885 4431 ·
2918 4399 3006 4454 διά
3033 4398 3190 4454 τοῦτο
3219 4399 3329 4471 7&9
3354 4400 3448 4454 καὶ
3479 4400 3662 4471 ζητεῖ,
3696 4401 3781 4454 πύ-

2204 4512 2360 4568 τερον
2387 4497 2565 4567 χεῖρον
2587 4495 2788 4567 ἀναξίῳ
2817 4492 3025 4556 δοῦναι,
3057 4492 3091 4564 ἢ
3126 4491 3262 4563 ἀξίῳ
3302 4491 3377 4564 μὴ
3410 4493 3777 4566 παραδοῦναι·

2204 4588 2294 4643 καὶ
2345 4588 2641 4643 κινδυνεύει
2698 4587 2805 4641 ὑπὸ
2852 4586 3052 4659 πολλῆς
3094 4586 3193 4658 τῆς
3239 4586 3486 4659 ἀγάπης,
3510 4588 3576 4640 ού
3628 4589 3781 4659 μόνον

2206 4681 2366 4735 παντὶ
2397 4680 2473 4753 τῷ
2503 4683 2850 4754 προσήκοντι,
2874 4679 2989 4733 ἀλλ’
3022 4678 3134 4732 ἔσθ’
3156 4680 3247 4732 ὅτε
3275 4679 3371 4732 καὶ
3398 4679 3609 4751 ἀναξίῳ
3629 4680 3780 4735 λιπα-

2207 4777 2316 4850 ρῶς
2345 4774 2582 4848 δεομένῳ
2613 4775 2982 4847 κοινωνήσειν,
3017 4774 3077 4828 οὐ
3099 4773 3189 4828 διὰ
3209 4772 3309 4845 τὴν
3338 4773 3529 4844 δέησιν
3548 4793 3563 4805 ·
3598 4776 3662 4829 ού
3679 4776 3779 4845 7&9

525 4881 614 4930 cet
646 4892 660 4929 :
691 4888 802 4931 non
854 4879 1076 4944 propter
1135 4872 1463 4935 orationem,
1522 4869 1725 4940 quippe
1765 4880 1875 4921 non
1917 4860 2098 4917 laudis

2207 4866 2465 4940 φιλοδοξεῖ
2489 4887 2503 4900 ·
2541 4868 2676 4923 ἀλλά
2701 4866 2788 4921 διά
2815 4866 2913 4939 τὴν
2938 4865 3203 4939 ἐπιμονὴν
3220 4865 3312 4921 τοῦ
3333 4865 3593 4938 δεομένου
3632 4867 3780 4940 μελε-

527 4981 716 5022 amore
740 4974 1012 5032 movetur,
1043 4966 1139 5022 sed
1163 4972 1381 5036 propter
1412 4959 1876 5035 perseverantiam
1907 4963 2099 5029 peten-

527 5059 621 5125 tis,
656 5060 902 5143 oratione
940 5059 1153 5130 prolixa
1178 5058 1255 5143 ad
1290 5056 1449 5112 ﬁdem
1494 5055 1738 5109 animum
1772 5051 2098 5107 erudientis.

2205 4964 2405 5026 τῶντος
2439 4964 2518 5027 είς
2548 4963 2728 5015 πίστιν
2753 4961 2841 5015 διὰ
2875 4960 3080 5032 πολλῆς
3110 4961 3211 5031 τῆς
3238 4960 3496 5032 δεήσεως.

604 5178 664 5238 at
705 5173 767 5230 P.
808 5120 913 5253 ρῖῖ
952 5174 1061 5229 ED.
1103 5131 1403 5229 roman.
1444 5184 1470 5212 ι
1511 5170 1644 5225 Luc.
1673 5185 1777 5234 xu,
1806 5170 1896 5223 49.
1974 5169 2003 5208 ιι
2042 5167 2062 5220 ι

2209 5209 2222 5221 .
2261 5184 2298 5233 ι,
2339 5167 2424 5222 18.

602 5291 715 5364 (45)
736 5284 820 5362 ᾟ
839 5291 1038 5361 μηδὲν
1063 5291 1410 5364 ἀδύνατον.Δ
1435 5288 1493 5343 In
1539 5287 1882 5364 flor_.“sunt
1928 5286 2092 5340 etiam

529 5356 762 5420 alterius
780 5356 1076 5432 scripturae
1099 5360 1349 5432 vestigia,
1384 5361 1420 5431 ἢ
1457 5359 1624 5432 μηδὲν
1659 5356 1939 5421 ἀδύνατος,
1981 5372 2099 5427 quae

530 5432 663 5489 nihil
692 5447 795 5485 non
827 5429 997 5499 facere
1021 5432 1159 5499 potia
1201 5429 1582 5486 exustum.

600 5501 712 5574 (44)
735 5497 1046 5574 )erer
1087 5500 1329 5574 ἐντυγχ.
1368 5501 1487 5574 Non
1538 5499 1722 5555 minus
1743 5508 1878 5574 apte
1911 5498 1992 5574 sic
2021 5497 2099 5553 le-

525 5567 704 5645 geris,
724 5570 831 5645 61:6
847 5570 956 5645 τῶν
976 5567 1413 5645 ἐντυγχανόντων
1442 5573 1725 5645 ὲκάστοτεῌ
1737 5567 2084 5645 βασανιζόμε-

526 5639 634 5724 νον,
659 5642 1037 5724 ἀκριϐούςτῇς
1057 5639 1355 5724 ἐξετάσεως
1387 5643 1671 5713 τυγχάνον,
1696 5639 1870 5713 ἄκρας
1892 5639 2100 5713 καὶτῆς

525 5711 839 5783 ἐπιμελείας
864 5711 1127 5777 ἀξιοῦται.
1164 5713 1290 5771 5η..

596 5779 707 5855 (ιὸ)
757 5783 1085 5856 Μαγνῆτις.
1135 5783 1451 5843 Similitudo
1484 5784 1552 5842 dc
1587 5782 1851 5857 Magnetis
1900 5779 2101 5853 lapidis

2200 5293 2418 5355 natura.
2460 5291 2722 5355 usurpata
2770 5282 3178 5355 etiamhsupra,
3215 5293 3341 5355 pag.
3371 5278 3505 5343 299,
3553 5289 3609 5336 et
3641 5280 3778 5355 apud

2198 5354 2506 5426 Philonem,
2532 5349 2874 5426 p.'630,Ased
2909 5349 3075 5426 aliam
3106 5349 3333 5426 eiusrei
3361 5364 3589 5406 causam
3615 5352 3778 5426 adut».

2199 5434 2279 5551 tsat
2330 5419 2570 5482 Joannes
2629 5423 2926 5481 Broddaeus
2977 5419 3203 5479 Misce".
3234 5422 3338 5481 lib.
3373 5436 3458 5487 ιιι,
3518 5436 3647 5492 cap.
3682 5419 3771 5477 29.

2246 5512 2469 5551 vnsusc.

2246 5512 2447 5553 ιιιιυιιῦ
2457 5538 2469 5552 .

2276 5568 2385 5639 (46)
2408 5566 2644 5639 φθόνος
2676 5564 2746 5639 δὲ
2770 5566 2872 5622 ἀπ.
2911 5563 3123 5639 Sensus
3160 5572 3265 5626 est,
3304 5561 3606 5639 υςῇῳὸεῇι
3629 5566 3776 5639 uerbo

2203 5633 2429 5709 inuidia)
2479 5637 2724 5708 gnostici,
2760 5653 2798 5690 ι.
2830 5651 2882 5691 e.
2919 5633 3434 5709 hominisgnostici
3455 5634 3515 5687 in
3539 5633 3777 5709 divinat:

2208 5703 2507 5780 quamdam,
2544 5716 2795 5780 naturam
2826 5703 3221 5780 transmutatii
3254 5704 3401 5776 quod
3434 5710 3624 5760 tamen
3662 5704 3778 5757 aiis-

2209 5772 2315 5849 que
2346 5779 2548 5834 invidia
2571 5779 2780 5834 dictum
2832 5778 2975 5832 volo.
3014 5772 3280 5831 Sustine.
