3964 6312
228 275 331 328 7ίό

956 269 1184 330 DUBIA.
1224 303 1295 314 —
1334 271 1625 328 ECLOGIE
1665 271 1753 326 EX
1800 269 2210 326 SCRIPTURIS
2247 271 2727 328 PROPHETICIS.

3364 276 3464 331 7M

297 395 428 446 κη’.
480 392 600 446 Εἰσὶ
643 393 687 448 δ’
734 395 816 460 οἶ,
853 394 1101 464 λέγοντες
1133 391 1272 450 εἶναι
1324 397 1640 464 γνωστικοὶ,
1678 400 1762 450 τοῖ

1961 390 2196 450 XXVIII.
2230 392 2367 448 Sunt
2397 410 2523 449 vero
2549 395 2666 466 qui,
2706 409 2829 449 cum
2860 393 3092 464 gnostici
3125 409 3248 450 esse
3279 394 3465 449 dican-

222 485 444 550 οίκείοις
477 485 728 554 φθονοῦσι
762 486 959 557 μᾶλλον
989 487 1022 557 ἢ
1061 490 1173 550 τοῖς
1205 487 1378 550 ἐκτός.
1425 487 1510 553 Ὠς
1541 487 1598 542 δὲ
1695 487 1791 541 θά-

1900 493 2007 550 tur,
2037 484 2352 542 domesticis
2402 485 2575 556 magis
2621 501 2782 556 quam
2833 486 3034 542 exteris
3081 486 3342 541 invident.
3376 484 3466 540 Uti

221 573 397 629 λασσα
427 575 633 630 ἀνίεται
667 575 775 648 (47)
809 578 992 640 πᾶσιν,
1027 577 1140 630 ἀλλ’
1185 579 1214 631 6
1262 577 1360 648 μὲν
1407 579 1641 648 νήχεται,
1676 580 1705 632 6
1735 578 1763 630 6

1897 592 2025 631 vero
2055 578 2309 632 omnibus
2338 585 2485 646 patet
2531 592 2681 632 mare
2726 576 2955 631 liberum
2978 617 2993 638 ,
3025 578 3120 632 sed
3163 576 3304 633 alius
3341 577 3467 646 qui-

220 665 608 739 ὲμπορεύεται,
642 669 672 721 ὁ
702 667 756 721 δὲ
788 669 1009 740 ἀγρεύει
1051 671 1174 732 τοὺς
1209 668 1373 739 ἰχθύς.
1409 669 1516 723 Καὶ
1547 668 1620 734 ὼς
1649 672 1682 741 ἡ
1717 669 1767 737 γὶ

1895 670 2016 724 dem
2074 669 2127 723 in
2165 669 2356 725 eodem
2405 676 2585 733 natat,
2627 669 2768 723 alius
2824 677 3186 723 mercaturam
3223 676 3461 733 exercet,

219 760 399 831 κοινὴ,
428 760 541 814 ἀλλ”
589 762 618 814 6
653 761 753 832 μὲν
784 760 973 828 ὁδεύει,
1003 765 1032 816 6
1062 758 1117 815 δὲ
1152 764 1292 834 ἀροῖ,
1325 762 1467 835 θηρᾷ.
1496 763 1552 817 δὲ
1583 764 1786 836 ἕτερος,

217 850 311 903 καί
345 868 425 914 τις
465 851 624 916 ἀλλος
675 852 911 924 μέταλλα
946 854 1141 925 ἐρευνᾷ
1174 854 1303 925 (48),
1335 856 1363 906 6
1389 855 1444 908 δὲ
1484 855 1782 928 οἰκοδομεῖ·

214 942 394 1006 οὕτως
427 943 521 997 καὶ
554 944 652 1014 τῆς
686 945 903 1016 Γραφῆς
941 945 1477 1016 ἀναγινωσκομένης,
1504 949 1533 1000 6
1568 948 1666 1019 μὲν
1708 952 1785 1014 είς

214 1034 419 1098 πίστιν,
443 1037 472 1088 6
505 1035 562 1088 δὲ
587 1039 667 1101 είς
698 1031 826 1107 ἦθος
857 1036 1165 1105 ὠφελεῖται,
1198 1038 1510 1110 ἀπαιρεῖται
1539 1039 1597 1092 δὲ
1630 1040 1784 1105 ἄλλος

209 1122 637 1194 δεισιδαιμονίαν
675 1125 817 1197 (49),
853 1125 940 1179 διά
980 1126 1078 1196 τῆς
1113 1127 1456 1196 ἐπιγνώσεως
1504 1129 1612 1184 τῶν
1645 1148 1785 1202 πρα-

209 1214 479 1282 γμάτωνο
515 1220 543 1270 6
585 1217 642 1270 δὲ
703 1218 972 1290 ἀθλητὴς,
1025 1220 1296 1290 γνωρίσας
1357 1221 1418 1274 τὸ
1481 1222 1690 1277 στάδιον
1723 1224 1782 1278 τὸ

225 1305 616 1378 Ὀλυμπιακὸν,
653 1308 1014 1362 ὲπαποδύεται
1047 1313 1111 1382 τῇ
1155 1311 1470 1384 διδασκαλίᾳ
1509 1314 1601 1367 καὶ
1645 1316 1782 1384 ἀγω-

208 1399 417 1464 νίζεται
451 1401 544 1456 καὶ
577 1402 864 1474 νικηφόρος
898 1403 1126 1471 γίνεται,
1174 1405 1297 1470 τούς
1330 1405 1653 1472 ἀντιπάλους
1688 1409 1780 1461 καὶ

207 1491 644 1563 κατατρέχοντας
687 1493 782 1563 τῆς
827 1495 1128 1566 γνωστικῆς
1159 1495 1276 1548 ὁδοῦ
1324 1499 1779 1570 παρακρουσάμε-

208 1600 302 1646 νος
339 1584 432 1637 καὶ
483 1585 910 1655 ἀγωνισάμενος.
942 1583 1243 1654 Ἀναγκαία
1268 1587 1427 1660 γάρὴ
1463 1590 1661 1658 γνῶσις
1685 1592 1779 1646 καὶ

208 1673 349 1745 πρὸς
396 1673 570 1744 ψυχῆς
614 1675 919 1745 γυμνασίαν
952 1677 1044 1729 καὶ
1076 1677 1210 1748 πρὸς
1243 1678 1546 1749 σεμνότητα
1591 1681 1773 1753 ἤθους,

1894 761 2226 830 piscaturam
2243 776 2370 817 vero
2385 759 2513 814 facit
2541 761 2700 816 alius.
2721 761 2783 814 Et
2806 762 2965 816 sicuti
2995 769 3138 818 terra
3154 765 3462 818 communis

1893 858 1999 917 est,
2025 851 2165 906 alius
2183 858 2363 905 tamen
2384 850 2437 904 in
2470 851 2656 906 eadem
2687 852 2791 906 iter
2815 850 2964 916 facit,
2982 852 3121 904 alius
3138 859 3276 916 arat,
3295 868 3462 906 vena-

1891 951 1984 996 tur
2011 945 2171 1007 alius,
2197 943 2413 999 metalla
2443 951 2720 998 scrutatur
2735 943 2874 997 alius
2897 945 3041 1014 quis,
3069 945 3208 1001 alius
3229 945 3464 1016 denique

1889 1033 2139 1099 mdiﬁcat,
2160 1035 2239 1090 sic
2259 1036 2422 1089 etiam
2443 1033 2846 1105 Scripturarum
2861 1035 3112 1113 lectione,
3137 1037 3224 1091 hic
3241 1037 3458 1107 quidem

1890 1127 1957 1182 ad
1987 1128 2166 1192 ﬁdem,
2197 1129 2262 1182 ad
2292 1144 2471 1183 mores
2522 1127 2823 1182 :cdiﬁcatur
2852 1127 2941 1182 ille
2962 1169 2977 1192 ,
3015 1130 3457 1200 superstitionem

1889 1217 2028 1272 alius
2057 1217 2296 1287 deponit,
2340 1232 2534 1287 nempe
2581 1217 2724 1286 quod
2755 1232 2842 1271 res
2878 1217 3095 1287 penitus
3138 1227 3454 1288 cognoscat.

1887 1308 1980 1365 Ille
2006 1326 2134 1365 vero
2153 1311 2244 1380 qui
2279 1311 2427 1382 pugil
2449 1319 2550 1376 est,
2576 1325 2639 1363 ac
2657 1309 2890 1364 stadium
2921 1309 3291 1380 Olympiacam
3330 1327 3457 1380 pro-

1884 1401 1952 1457 he
1974 1390 2245 1472 intelligit,
2271 1403 2521 1458 doctrina
2545 1405 2882 1473 capessenda
2920 1405 3159 1465 exuitur,
3195 1417 3257 1457 ac
3287 1413 3458 1458 certat

1883 1493 2166 1564 victorque
2197 1495 2410 1560 evadit,
2442 1497 2542 1550 via:
2569 1496 2828 1566 gnosticae
2869 1495 3211 1550 adversarios
3243 1495 3334 1561 qui
3366 1509 3452 1549 se-

1883 1600 1993 1644 met
2021 1600 2322 1662 opponunt,
2371 1593 2646 1664 depellens
2673 1603 2834 1664 atque
2877 1593 3107 1665 palmam
3148 1601 3452 1662 reportans.

1882 1679 2091 1750 QUippe
2117 1684 2428 1739 necessaria
2459 1683 2676 1754 quidem
2711 1693 2795 1740 est
2825 1683 3074 1747 scientia,
3109 1691 3219 1737 tum
3248 1684 3312 1736 ad
3345 1685 3456 1737 ani.

206 1766 750 1839 ἀξιεντρεπτοτέρους
790 1767 1014 1822 ποιοῦσα
1065 1769 1190 1834 τοὺς
1246 1772 1495 1836 πιστοὺς,
1533 1773 1626 1826 καὶ¹
1669 1765 1767 1828 ’τῶι

1883 1787 1985 1827 mae
2032 1773 2642 1836 exercitationem,tum
2691 1775 2756 1829 ad
2819 1789 3030 1829 morum
3089 1773 3450 1836 honestatem,

206 1856 548 1927 πραγμάτων
594 1855 837 1928 ἀκριϐεῖς
884 1858 1095 1923 θεατάς.
1140 1859 1226 1924 Ὠς
1258 1860 1366 1931 γάρ
1397 1862 1495 1914 οὐκ
1540 1861 1653 1915 ἔστι
1686 1881 1776 1916 πι·

209 1947 434 2002 στεῦσαι
467 1949 593 2003 ἀνευ
626 1951 998 2021 κατηχήσεως,
1029 1949 1199 2015 οὕτως
1219 1951 1338 2004 οὐδὲ
1373 1952 1776 2010 καταλαϐέσθαι

206 2039 339 2092 ἄνευ
369 2039 639 2108 γνώσεως.

281 2331 403 2382 KB'.
439 2330 559 2384 Τῶν
590 2332 699 2403 γὰρ
741 2333 1052 2407 εὐχρήστων
1085 2336 1177 2390 καὶ
1207 2336 1514 2406 ἀναγκαίων
1551 2335 1660 2408 (5ο)
1695 2338 1773 2402 είς

205 2423 502 2496 σωτηρίαν,
533 2419 642 2478 οἷον
675 2427 886 2498 Πατρδς
921 2427 1015 2482 καὶ
1046 2429 1172 2482 Υἱοῦ
1207 2429 1300 2482 καὶ
1332 2428 1487 2498 ἁγίου
1522 2429 1774 2501 Πνεύμα-

203 2532 316 2581 τος,
351 2516 485 2571 ἀλλά
516 2517 610 2571 καὶ
641 2517 738 2589 τῆς
778 2519 1054 2592 ἡμετέρας
1095 2520 1272 2593 ψυχῆς
1316 2522 1398 2575 δεῖ
1428 2522 1642 2588 πάντως
1676 2523 1772 2576 καὶ

201 2609 298 2662 τὸν
329 2610 457 2682 περὶ
501 2609 679 2665 αὐτῶν
735 2610 910 2681 λόγον,
943 2613 1001 2678 ὃς
1035 2617 1148 2668 ἐστι
1202 2616 1523 2684 γνωστικὸς,
1573 2616 1770 2688 εὐχρη-

203 2719 330 2755 στον
357 2703 491 2774 ὁμοῦ
522 2706 613 2759 καὶ
647 2708 942 2776 ἀναγκαῖον
972 2706 1274 2778 τυγχάνειν.
1311 2693 1434 2772 Τοῖς
1467 2707 1524 2761 δὲ
1555 2708 1648 2762 καὶ
1674 2707 1770 2778 τὴν

201 2797 536 2868 προστασίαν
568 2798 1001 2872 ὲπανῃρημένοις
1033 2800 1125 2855 τοῦ
1151 2800 1376 2870 ὠφελεῖν
1409 2800 1705 2873 εὔχρηστος
1735 2803 1768 2872 ἡ

198 2889 523 2961 πολυπειρία
560 2891 694 2964 πρὸς
724 2892 783 2946 τὸ
819 2892 894 2966 μὴ
940 2892 1210 2948 διαλαθεῖν
1241 2911 1291 2946 τι
1324 2893 1430 2947 τῶν
1471 2893 1769 2948 δοκούντων

193 2983 333 3054 παρ’
365 2983 539 3048 ἄλλοις
571 2984 882 3053 ἀναγκαίως
914 2985 1006 3039 καὶ
1039 2983 1362 3056 πολυμαθῶς
1405 2986 1764 3054 ὲπεγνῶσθαι.

1878 1880 2104 1934 quaeque
2135 1866 2389 1936 agiliores
2433 1884 2648 1937 semper
2689 1867 2874 1923 ﬁdeles
2915 1867 3124 1932 reddat,
3171 1874 3331 1936 atque
3361 1881 3455 1920 ac-

1877 1967 2097 2011 curatos
2134 1973 2315 2013 rerum
2357 1960 2708 2028 inspectores.
2763 1959 2842 2013 Ad
2877 1959 3127 2013 eumdem
3159 1959 3300 2013 enim
3335 1972 3453 2012 mo-
3551 1986 3561 1999 κ

1876 2046 2003 2101 dum
2050 2058 2109 2102 ut
2164 2047 2369 2119 absque
2400 2051 2672 2106 catechesi
2704 2051 2784 2106 vel
2806 2050 3150 2106 institutione
3188 2050 3300 2106 ﬂeri
3341 2067 3450 2106 non

1876 2145 2055 2207 potest
2089 2139 2166 2193 uti
2201 2139 2388 2195 credat
2435 2141 2594 2211 quis,
2633 2143 2713 2197 sic
2756 2158 2932 2212 neque
2976 2142 3092 2197 sine
3133 2143 3358 2198 scientia
3393 2152 3450 2196 ut

1876 2231 2314 2300 comprehendat.

1944 2345 2132 2400 XXIX.
2165 2345 2284 2400 Non
2309 2347 2486 2402 solum
2530 2346 2680 2403 hisce
2707 2362 2826 2416 quae
2855 2347 3071 2417 quidem
3106 2347 3172 2402 ad
3215 2348 3444 2403 salutem

1874 2439 2024 2492 utilia
2043 2448 2096 2492 et
2134 2438 2444 2493 necessaria
2504 2447 2664 2500 sunt,
2715 2453 2907 2507 nempe
2947 2436 3139 2500 Patre,
3167 2436 3341 2501 Filio,
3384 2452 3449 2492 ac

1873 2526 2080 2599 Spiritu
2111 2538 2321 2592 sancta,
2345 2527 2440 2582 sed
2471 2533 2526 2583 et
2555 2543 2720 2598 opera
2777 2529 2972 2582 animae
2999 2537 3204 2584 nostrae
3231 2544 3449 2598 semper

1869 2621 2008 2690 Opus
2038 2630 2156 2684 est,
2191 2628 2358 2689 utque
2387 2619 2527 2674 ratio
2553 2633 2673 2689 quae
2695 2617 2762 2673 de
2793 2618 2899 2673 illis
2925 2627 3026 2686 est,
3055 2634 3174 2688 qua:
3202 2621 3448 2689 gnostica

1871 2722 2117 2777 vocatur,
2146 2713 2296 2768 utilis
2341 2711 2503 2768 simul
2533 2719 2698 2781 atque
2736 2711 3046 2765 necessaria
3088 2711 3178 2767 sit.
3215 2709 3312 2766 His
3343 2725 3444 2764 au-

1869 2812 1980 2860 tem
2011 2806 2102 2876 qui
2131 2805 2434 2875 praelatum:
2469 2819 2669 2858 munus
2709 2809 3088 2870 susceperunt,
3121 2810 3180 2856 ut
3205 2802 3326 2856 aliis
3352 2802 3446 2855 be-

1869 2896 2163 2958 nefaciant,
2187 2895 2519 2966 experientia
2542 2895 2711 2948 multa
2740 2894 2988 2958 utilis,ut
3012 2909 3078 2949 ne
3101 2893 3230 2964 quid
3253 2908 3443 2949 eorum

1869 2990 2038 3044 lateat
2079 2989 2224 3051 illos,
2264 3003 2385 3058 quae
2420 2987 2489 3041 ab
2520 2986 2643 3041 aliis
2681 2984 3017 3068 necessario,
3053 2985 3148 3055 qui
3193 2983 3443 3040 doctrina

189 3071 364 3143 Φέρει
393 3072 447 3124 δὲ
480 3073 571 3126 καὶ
614 3073 746 3143 ἄλλη
795 3074 1205 3145 συγγυμνασίαν
1239 3074 1348 3146 (51)
1382 3075 1558 3146 ψυχῆς
1602 3076 1767 3149 ζητη-

1878 3079 2040 3134 multa
2092 3077 2295 3133 fuerint
2333 3076 2550 3142 imbuti,
2592 3076 2808 3147 cognita
2859 3075 3166 3132 videantur.
3217 3073 3446 3145 Insuper

191 3160 359 3230 τικῆς
403 3161 562 3232 ήτῆς
606 3162 910 3233 ὲτεροδὸξου
969 3162 1312 3228 διδασκαλίας
1367 3165 1615 3231 ἔκθεσις,
1672 3167 1764 3220 καὶ

193 3251 600 3323 ἀνεξαπάτητον
632 3254 727 3325 τῆς
759 3254 989 3326 ἀληθοῦς
1030 3255 1138 3326 (52)
1173 3258 1325 3328 τηρεῖ
1355 3257 1444 3310 τὸν
1494 3257 1760 3330 μαθητὴν,

193 3343 681 3416 περισαλπίζεσθαι
756 3346 1016 3400 πάντοθεν
1075 3348 1176 3418 ἤδη
1249 3349 1764 3421 προμεμελετηκότα

187 3438 311 3500 τοῖς
347 3437 656 3508 πολεμικοῖς
689 3440 958 3512 ὀργάνοις.

270 3635 350 3686 A'.
385 3632 491 3687 Τοῦ
530 3632 829 3702 γνωστικοῦ
862 3635 1049 3706 νόμου,
1105 3636 1352 3707 καθάπερ
1396 3637 1612 3708 λέγουσι
1664 3641 1763 3711 τὴν

187 3729 420 3798 Κρήτην
468 3727 657 3795 ἄγονον
689 3724 828 3782 εἶναι
873 3727 1076 3800 θηρίων
1124 3729 1402 3802 ὀλεθρίων,
1435 3734 1464 3785 6
1497 3731 1608 3802 βίος
1659 3749 1761 3786 κα-

189 3816 361 3891 θαρὸς
401 3820 507 3873 ἀπὸ
540 3820 735 3884 παντὸς
769 3819 1002 3892 πονηροῦ
1061 3821 1219 3892 ἔργου
1253 3840 1310 3876 τε
1357 3824 1450 3877 καὶ
1493 3825 1759 3896 νοήματος

188 3913 290 3966 καὶ
343 3911 519 3981 λόγου,
551 3910 674 3965 οὐτε
707 3911 898 3984 ἐχθρὸν
944 3909 1152 3982 ἔχοντος
1198 3912 1258 3965 τὸ
1304 3914 1580 3984 παράπαν,
1625 3913 1761 3968 ἀλλά

191 4005 291 4058 καὶ
325 4005 516 4073 φθόνου
551 4004 644 4058 καὶ
683 4003 894 4073 μίσους,
928 4004 1024 4058 καὶ
1072 4003 1416 4076 βλασφημίας
1451 4005 1629 4077 πάσης
1663 4005 1758 4058 καὶ

189 4094 446 4165 διαϐολῆς
473 4095 626 4158 ἐκτὸς
654 4095 821 4149 ὄντων
856 4095 986 4166 (55).

264 4210 389 4262 ΛΔ’.
439 4209 526 4262 Ἐν
577 4207 753 4278 πολλῷ
799 4208 876 4280 τῷ
924 4208 1024 4282 βίῳ
1077 4210 1410 4282 μακαριστὸς
1455 4212 1518 4265 οὐ
1563 4211 1652 4266 διὰ
1698 4211 1758 4266 τὸ

189 4302 408 4375 μακρὸν
451 4303 736 4374 γενόμενος
757 4302 874 4374 ζῇν,
905 4299 950 4372 ᾧ
979 4320 1044 4373 γε
1105 4304 1200 4358 καὶ
1247 4304 1334 4358 διὰ
1365 4304 1425 4358 τὸ
1458 4305 1620 4376 ζῆσαι
1665 4309 1757 4361 καὶ

191 4393 436 4465 ὑπῆρξεν
483 4393 618 4464 ἀξίῳ
659 4395 751 4448 τοῦ
803 4395 902 4466 ζῇν
934 4394 1022 4448 ἀεὶ
1074 4394 1326 4464 γενέσθαι
1381 4395 1511 4467 (54).
1548 4398 1756 4452 Οὐδένα

1870 3167 2118 3223 doctrina
2150 3167 2526 3223 haereticorum
2568 3165 2911 3236 exponenda,
2941 3167 3165 3222 alteram
3205 3167 3442 3222 animam

1868 3260 2160 3316 exercendi
2191 3274 2376 3316 curam
2421 3257 2597 3322 aﬂ‘ert,
2621 3266 2674 3313 et
2703 3257 3030 3327 discipulum
3059 3257 3128 3312 ab
3164 3257 3445 3312 erroribus

1869 3355 2167 3408 immunem
2223 3358 2480 3422 prestat,
2521 3351 2615 3420 qui
2660 3349 2860 3420 ubique
2910 3349 3287 3404 instrumentis
3324 3347 3440 3404 bel-

1868 3443 1990 3500 licis
2027 3445 2303 3516 clangere,
2348 3443 2458 3512 jam
2518 3443 2702 3496 animo
2756 3450 2978 3512 paratus
3037 3453 3100 3494 ac
3154 3437 3440 3494 institutus
3487 3437 3490 3442 ’

1869 3535 1960 3590 sit.

1937 3642 2104 3698 XXX.
2129 3643 2286 3713 Legis
2307 3642 2567 3714 gnostica:
2588 3643 2697 3696 vita
2730 3641 2913 3712 (sicuti
2935 3639 3003 3695 de
3033 3640 3194 3695 Creta
3225 3639 3433 3701 dicunt,

1865 3735 2011 3806 quod
2065 3735 2266 3790 bestias
2295 3734 2543 3789 exitiales
2582 3748 2772 3803 parum
2813 3731 3106 3803 producat)
3170 3730 3238 3785 ab
3285 3729 3436 3806 omni

1865 3840 2032 3896 pravo
2065 3840 2248 3896 opere,
2280 3825 2446 3879 animi
2491 3840 2679 3886 sensu,
2731 3838 2794 3878 ac
2834 3837 3085 3878 sermone
3131 3828 3218 3876 est
3272 3803 3431 3890 pura,

1865 3933 1965 3974 nec
2002 3933 2228 3988 prorsus
2257 3915 2539 3971 inimicum
2578 3916 2762 3978 habet,
2811 3914 2906 3970 sed
2942 3921 3093 3970 extra
3133 3911 3348 3967 invidiae
3368 3925 3432 3964 ac

1864 4007 1996 4074 odii,
2029 4025 2092 4064 ac
2139 4009 2485 4080 blasphemiae
2513 4007 2804 4078 omnisque
2824 4005 3106 4062 calumnia:
3127 4004 3297 4059 aleam
3334 4019 3434 4074 po-

1864 4099 1969 4156 sita
1989 4109 2094 4156 est.

1940 4218 1998 4276 >I<
2019 4211 2210 4268 XXXI.
2228 4212 2591 4284 Longaavitate
2609 4213 2801 4267 beatus
2819 4217 2904 4266 est
2921 4209 3010 4266 ille
3046 4209 3425 4272 celebrandas,

1861 4317 1973 4357 non
2003 4302 2096 4373 qui
2123 4304 2321 4359 multos
2365 4303 2421 4356 in
2463 4316 2636 4356 annos
2664 4300 2879 4365 vixerit,
2923 4296 3019 4355 sed
3050 4297 3142 4368 qui
3178 4297 3426 4364 vivendo,

1861 4396 2116 4466 quodque
2146 4395 2388 4458 exstitit,
2417 4395 2527 4450 vita
2555 4401 2760 4450 aeterna
2802 4408 2861 4449 se
2889 4390 3113 4462 dignum
3151 4390 3423 4460 pmstitit.

186 4484 514 4556 λελύπηκεν,
551 4486 631 4538 ὅτι
669 4484 743 4555 μὴ
787 4484 863 4554 τῷ
900 4485 1042 4556 λόγῳ
1088 4485 1356 4539 παιδεύων
1400 4487 1524 4551 τούς
1571 4488 1751 4558 ἡλκω-

1878 4486 2135 4542 ieminem
2169 4485 2626 4550 tristitiaaﬂecit,
2673 4492 3055 4554 praeterquam,
3083 4481 3212 4536 dum
3241 4482 3426 4536 animo

191 4576 391 4652 μένους
417 4576 513 4647 τὴν
545 4576 791 4647 καρδίαν,
828 4576 1076 4647 καθάπερ
1109 4575 1287 4647 μέλιτι
1319 4577 1589 4649 σωτηρίῳ,
1627 4579 1748 4646 γλυ-

266 4737 328 4796 sit
369 4728 430 4784 Ρ.
469 4655 576 4798 9ἔ8
612 4727 720 4784 ED.
761 4726 1055 4784 POTTER.

263 4908 374 4979 (4η
420 4906 676 4960 Ἇνίεται.
706 4903 907 4979 Malim,
930 4905 1137 4979 ἀνεῖται
1167 4905 1320 4966 πᾶσι,
1353 4905 1644 4972 expositum
1673 4911 1750 4957 est

188 4971 452 5037 om‘nibus,
470 4984 610 5044 patet
640 4971 1188 5044 omnibustSvtsunc.

263 5047 372 5119 (48)
404 5041 685 5100 metalla
707 5043 940 5112 ἐρευνᾷ.
985 5043 1130 5119 Fl_or._
1157 5052 1211 5098 et
1242 5041 1511 5119 lI._rnss_.,
1539 5043 1750 5119 μεγάλα

185 5112 405 5190 ιρέυνᾷ,
447 5131 652 5190 magna
690 5125 974 5190 scrutatar.
1029 5113 1133 5190 sed
1189 5112 1422 5190 μέταλλα
1464 5112 1747 5183 legendum

187 5131 405 5190 ιρευνᾳ,
447 5131 637 5186 magna
690 5131 974 5170 scrutatur.
1029 5131 1133 5167 aeu
1189 5131 1264 5236 με·

187 5203 338 5247 esse.
374 5197 520 5241 recte
549 5186 682 5239 vidit
713 5188 874 5240 etiam
904 5184 970 5239 X.
1002 5195 1056 5237 et
1088 5183 1152 5238 ll.
1214 5200 1264 5239 υ.

264 5256 376 5328 (49)
406 5255 858 5328 ,Ἀπαιρεῖτᾲαιᾷδὲ
887 5252 1386 5328 _d.1._10c‘58t0'.__n.
1425 5270 1530 5328 tus.
1580 5253 1744 5320 ἀφαι-

187 5325 366 5404 ρεῖται
479 5328 650 5389 ἄλλος.
680 5325 786 5404 S_ed
811 5326 956 5395 vulg.
984 5325 1159 5404 lectio
1181 5325 1389 5404 melior.
1418 5325 1499 5404 _lo.

262 5399 372 5469 (50)
410 5399 588 5469 ᾍγευί
617 5395 888 5467 γνώσεως
903 5392 929 5425 ·’
949 5392 1066 5469 τῷν
1099 5394 1209 5465 γὰρ
1236 5396 1598 5469 εὐχρήστων
1628 5393 1746 5469 μκαι

184 5464 400 5538 (traria.
443 5467 594 5521 Haud
625 5464 751 5538 scio
792 5482 860 5538 an
913 5464 1114 5538 verior
1140 5467 1406 5538 scriptura
1467 5464 1746 5538 sit,_dveu

184 5532 440 5608 γνώσεως
477 5538 586 5592 τῶν
627 5536 754 5606 γοῦν
798 5537 1111 5608 εὐχρήστων
1166 5532 1269 5608 καί
1312 5536 1505 5603 ἀναγκ.
1542 5532 1748 5608 Absqae

185 5603 480 5676 cognitione
519 5603 1097 5678 coram_quide'hz'qum
1150 5607 1400 5674 miliae!
1445 5603 1744 5658 necessaria

146 5692 155 5701 '
186 5693 308 5735 sum
340 5678 407 5730 ad
435 5679 681 5733 salutent.
712 5676 787 5732 It).

258 5751 368 5811 (Fit)
389 5751 570 5816 Ἄλλη
596 5765 769 5817 συγγ.
789 5746 913 5818 Legi
931 5748 1092 5802 etiam
1111 5755 1286 5819 potest
1301 5744 1463 5815 ἀλλην
1485 5759 1637 5812 συγγ.
1660 5739 1739 5798 In.

476 5839 737 5902 Parnm.
776 5838 892 5902 Gn.
927 5839 1040 5901 1X.

1853 4581 2197 4637 exulceratos
2237 4579 2552 4650 castigarit,
2593 4578 2818 4634 salutari
2863 4575 3019 4646 quasi
3059 4574 3238 4641 melle,
3279 4572 3424 4646 quod

1931 4903 2040 4976 (59-)
2093 4904 2206 4972 Τῆς
2234 4906 2532 4980 ἀληθοῦς.
2585 4905 2714 4980 Legi
2771 4915 2949 4979 potest
3000 4907 3280 4980 τάληθούς,
3326 4913 3419 4959 aut

1856 4991 1980 5098 ppu]
2034 4975 2378 5098 praecedente
2437 4975 2688 5031 membro
2748 4975 3132 5048 repetendum'
3163 4977 3414 5031 διδασκα-

1911 5062 1992 5098 ac.
2073 5060 2294 5098 “nunc.

1911 5062 1992 5108 ας.
2034 5060 2294 5100 δηθυιιῦ.

1927 5115 2040 5185 (55)
2076 5118 2311 5186 Ὄντων.
2345 5114 2749 5185 Congruentius
2793 5118 2972 5182 ὄντος,
3017 5114 3277 5186 singulari
3317 5129 3420 5169 nu-

1857 5199 2042 5257 mero;
2072 5195 2136 5257 ut
2168 5185 2329 5255 paulo
2358 5193 2484 5240 ante
2506 5187 2743 5257 ἔχοντος.
2783 5189 2855 5240 In.

1927 5247 2039 5326 (54)
2071 5253 2147 5326 τῼ
2380 5247 2676 5326 γεηέοίὶῖαι.
2707 5247 2882 5310 Paulo
2933 5254 3344 5326 congruentius,
3376 5247 3420 5321 ᾧ

1855 5340 1916 5401 τε
1931 5311 2033 5401 καί
2051 5311 2136 5379 διὰ
2163 5311 2223 5401 τὸ
2243 5311 2402 5401 ζῇσαὶ
2433 5323 2490 5401 εὖ
2515 5328 2754 5401 ὐπῆρξεν
2772 5329 2918 5394 ἀξιον
2945 5311 3187 5401 τοῦυςῇν,
3218 5325 3302 5401 ἀεὶ
3327 5311 3418 5392 γεῖ-

1853 5394 2039 5472 νέσθαι
2058 5413 2072 5426 ο
2104 5397 2188 5450 cui
2217 5394 2374 5449 etiam
2401 5397 2464 5450 ob
2493 5394 2654 5472 vitam
2683 5406 2817 5472 recte
2843 5407 3038 5464 aptam,
3071 5394 3180 5472 vita
3202 5396 3416 5472 digitum

1852 5465 1985 5536 foret
2015 5483 2214 5536 semper
2238 5481 2348 5520 esse
2376 5468 2727 5536 superstitem.
2757 5462 2966 5522 Sensus
2989 5476 3094 5530 est,
3139 5462 3417 5536 ἐνπολλῷ

1954 5533 2741 5627 ,βίὲρὶμοικαίριετὺς’γεγίμενος
2765 5538 2826 5620 οὐ
2851 5538 2939 5627 διὰ
2972 5537 3034 5590 τὸ
3064 5535 3276 5618 μακρρκζ
3295 5533 3418 5627 ζῇς).

1812 5637 1814 5640 ν
1846 5593 1980 5682 ἀλλᾶ
2009 5593 2262 5682 δὶὸίτὸ-εὗ
2295 5593 2533 5682 ζῇνξκαὶ
2558 5593 2644 5660 δίἀ
2675 5593 2736 5660 τδ
2763 5601 2822 5661 εὖ
2858 5607 3038 5682 ζῆσαι,
3064 5593 3418 5673 ’τοῦάεὶ

1846 5674 1992 5740 ἄξιος
2017 5661 2408 5744 γενέσθαιίῖοξ

3040 5828 3122 5887 23
