3964 6312
641 273 747 332 ’115

1800 267 2124 328 CLEMENS
2159 269 2717 328 ALEXANDRINUS.
3708 279 3772 336 ili

638 406 691 453 et
717 396 875 451 dulce
892 394 1222 465 mordaxque
1251 394 1342 451 sit.
1363 393 1601 449 Proinde
1626 393 1707 449 vir
1737 395 1954 465 sapiens
1985 408 2049 449 ac
2076 408 2200 448 vere

644 488 920 511 __..-.:_..-
949 501 1061 511 ...Δ
1096 486 1346 511 ,ιη-ιιι..-
1374 484 1628 511 ,Ιιυιιι-...υ-
1695 499 1815 511 ,ιη-ι...
1850 500 1912 511 ΑΛ
1956 484 2096 511 .-.υ-..1
2120 500 2179 511 ..ιιι

2306 394 2391 446 κεῖ
2442 409 2500 445 τε
2544 390 2654 446 ὄντι
2706 392 2801 446 καὶ
2848 391 3106 464 δηκτικῷ.
3144 391 3300 445 ’Ὥστε
3348 392 3536 456 παντὸς
3576 394 3776 466 μᾶλλονί
3875 410 3877 511 ‘

2301 500 2382 511 υ...
2400 483 2597 511 ,ρ-...λρ
2628 484 2685 511 ρ).
2720 482 2929 511 -ρλ-Α..
2975 483 3038 511 Ε..
3074 484 3206 511 ..--.ι.
3249 482 3344 511 ...π
3377 484 3509 511 ..-Νι
3548 484 3672 511 11....
3708 505 3754 511 __.

640 488 923 559 gnosticus
949 501 1061 558 prae
1092 486 1349 542 omnibus
1372 484 1629 542 decorum
1650 527 1664 550 ,
1693 499 1816 540 cum
1848 500 1915 540 eo
1953 484 2097 556 quod
2120 500 2213 539 ra-

2301 483 2597 554 γνωστικὺς
2628 484 2687 537 τὸ
2718 482 2929 555 πρέπον
2972 483 3038 538 ἂν
3073 484 3207 554 μετά
3249 482 3344 537 τοῦ
3377 484 3512 538 κατὰ
3548 484 3673 554 λόγον
3707 505 3776 556 εν-

638 577 774 633 tioni
813 583 1239 632 consentaneum
1280 585 1395 640 est.
1426 584 1624 632 servat.
1659 575 1931 646 Quidquid
1959 576 2103 631 enim
2140 591 2200 631 ex

2306 574 2514 628 λάσσει.
2560 575 2667 629 Τοῦ
2709 575 2818 646 γὰρ
2872 574 3150 644 ἐμπαθοῦς
3195 574 3396 638 παντὸς
3439 575 3776 647 περιτμηθέντος

638 667 833 722 affectu
867 676 923 723 et
957 667 1307 738 passionibus
1336 679 1441 731 est,
1462 681 1530 722 ex
1558 668 1739 722 anima
1764 667 1911 722 omni
1960 666 2200 723 abscisso

2305 667 2400 722 καὶ
2430 666 2865 739 περιαιρεθέντος
2890 666 3105 739 ἀπάσης
3135 666 3232 736 τῆς
3261 666 3461 738 ψυχῆς,
3483 665 3553 737 τῷ
3579 668 3779 742 κρατίστῃ

635 765 690 810 et
715 755 916 821 ablato,
946 770 1072 811 cum
1106 770 1172 811 eo
1200 755 1346 826 quod
1370 756 1881 826 praestantissimum
1904 770 2200 825 purumque

2308 757 2531 830 καθαρῷ
2560 757 2836 830 γενομένῳ
2867 758 2963 812 καὶ
3006 757 3436 830 ὴλευθερωμένῳ
3476 760 3550 822 είς
3583 760 3781 816 υἱοθεσίαν

637 848 730 910 sit,
757 861 821 901 ac
862 847 1097 903 ﬁliorum
1147 846 1454 903 libertatem
1495 847 1787 918 ad0ptione
1826 856 2203 915 consecutum,

636 944 825 1005 postea
851 944 1099 991 versatur
1120 937 1394 1007 vitamque
1418 950 1572 992 suam
1594 937 1723 1007 agit.

706 1044 914 1103 XXXII.
940 1046 1279 1119 Pythagoras
1304 1049 1496 1115 voluit,
1536 1064 1646 1103 non
1684 1048 1859 1104 solum
1897 1045 2206 1103 eruditissi-

635 1153 804 1203 mum,
829 1155 1016 1195 verum
1053 1141 1217 1196 etiam
1246 1135 1575 1208 sapientium
1608 1140 2052 1210 antiquissimum
2103 1138 2205 1194 du-

635 1230 867 1286 cendum
891 1229 1027 1298 fore,
1048 1232 1141 1301 qui
1174 1232 1340 1287 rebus
1368 1231 1591 1287 nomina
1619 1233 1946 1302 imponeret.
1978 1230 2204 1302 Oportet

635 1322 818 1393 itaque
846 1330 906 1376 ut
937 1321 1250 1394 Scripturas
1284 1337 1473 1379 sacras
1506 1332 1757 1378 accurate
1787 1322 2200 1393 perscrutando,

632 1418 890 1486 quoniam
940 1416 995 1470 in
1037 1416 1312 1486 parabolis
1354 1424 1642 1471 contextas
1686 1429 1811 1472 esse
1850 1422 2087 1480 constat,
2134 1430 2202 1470 ex

634 1508 949 1564 nominibus
996 1507 1310 1587 earumdem
1383 1509 1683 1565 sententias
1730 1525 2012 1575 venemur,
2064 1524 2203 1580 quas

635 1600 871 1670 Spiritus
912 1611 1135 1657 sanctus
1163 1600 1229 1654 de
1284 1601 1451 1656 rebus
1486 1601 1589 1655 sibi
1620 1601 1923 1672 proposuit,
1949 1610 2003 1657 et
2037 1608 2098 1655 ut
2126 1601 2201 1656 ita

631 1688 831 1753 dicam,
861 1688 1089 1744 vocibus
1136 1688 1353 1752 indidit,
1398 1689 1635 1760 indeque
1668 1701 1902 1747 mentem
1923 1706 2079 1747 suam
2108 1707 2203 1747 ex-

633 1794 877 1848 pressam
911 1779 1110 1848 docet;
1148 1798 1271 1836 eum
1314 1796 1506 1857 nempe
1549 1782 1603 1836 in
1658 1783 1854 1848 linem,
1888 1794 1948 1839 ut
1980 1783 2201 1838 nomina
2233 1817 2274 1875 Β

633 1885 757 1939 qua:
784 1870 1184 1941 significatione
1211 1873 1498 1944 multiplici
1522 1873 1668 1930 dicta
1697 1882 1844 1939 sunt,
1861 1876 2147 1946 diligenter
2170 1889 2201 1929 a

632 1961 795 2017 nobis
820 1976 1060 2032 expensa
1081 1962 1442 2032 explicentur,
1467 1973 1523 2020 et
1555 1964 1911 2022 absconditus
1934 1966 1989 2020 in
2016 1965 2201 2022 multis

632 2050 712 2109 sic
762 2053 1068 2123 tegentibus
1110 2068 1329 2119 sensus,
1390 2056 1549 2126 quasi
1589 2057 1979 2112 contrectando
2011 2055 2202 2112 condi-

630 2145 944 2216 scendoque
960 2153 1221 2217 appareat
1236 2157 1397 2217 atque
1415 2148 1647 2203 eluceat.
1666 2146 1757 2203 Sic
1778 2148 1922 2204 enim
1944 2154 1999 2204 et
2025 2149 2202 2219 plum-

629 2238 759 2293 bum
803 2237 996 2293 attritu
1032 2238 1332 2303 candescit,
1366 2239 1488 2293 alba
1518 2254 1585 2294 ex
1627 2238 1785 2311 nigro
1825 2253 2051 2295 cerussa
2084 2238 2199 2309 jam

631 2328 796 2384 facta.
834 2327 929 2384 Sic
975 2329 1139 2385 etiam
1215 2337 1271 2386 et
1318 2330 1547 2384 scientia
1596 2331 1772 2387 lucem
1837 2345 1901 2387 ac
1946 2331 2202 2403 splendo-

629 2432 745 2475 rem
791 2418 1096 2485 eﬂ‘undens,
1136 2433 1263 2475 vere
1314 2419 1500 2475 divina
1545 2420 1638 2475 illa
1695 2420 1963 2490 sapientia
2012 2420 2198 2486 fuerit,

631 2527 829 2584 purum
860 2511 996 2567 illud
1032 2510 1238 2574 lumen,
1266 2510 1580 2567 illuminans
1629 2513 1755 2568 illos
1812 2526 2043 2583 quorum
2095 2527 2199 2582 pu-

628 2604 759 2676 pilla
793 2602 1079 2658 oculorum
1129 2617 1267 2674 pura
1316 2602 1501 2667 fuerit,
1552 2603 1839 2659 veritatem
1886 2610 1947 2657 ut
1984 2601 2201 2657 videant

631 2692 984 2763 eamdemque
1008 2691 1235 2748 ﬁrmiter
1250 2692 1731 2763 comprehendant.

698 2785 863 2859 36‘.
875 2783 1113 2840 XXXIII.
1130 2784 1370 2843 Proinde
1385 2785 1524 2842 lucis
1544 2785 1776 2856 hujusce
1785 2785 2201 2857 principio,face

630 2885 888 2935 accensa,
924 2885 993 2926 ex
1027 2869 1285 2942 passione
1314 2885 1435 2941 quae
1471 2871 1693 2940 quidem
1723 2872 1780 2926 in
1809 2871 1901 2926 illa
1928 2881 2198 2937 versatur,

625 2975 791 3033 quam
822 2960 1057 3015 maxime
1093 2961 1222 3015 licet
1251 2959 1319 3013 ad
1344 2960 1754 3021 similitudinem
1782 2962 2201 3031 contendentes,

629 3053 771 3108 lucis
797 3052 965 3122 pleni,
991 3052 1093 3106 viri
1119 3049 1373 3107 lsraelitte
1401 3053 1580 3123 reipsa
1627 3054 1931 3109 evadimus.
1974 3043 2198 3112 Amicos

2304 847 2395 902 τοῦ
2428 847 2614 902 λοιποῦ
2644 846 2860 901 σύνεστί
2891 864 2948 901 τε
2971 849 3063 901 καὶ
3093 847 3213 919 βιοῖ.

2374 1050 2493 1103 AB'.
2530 1048 2853 1121 Πυθαγόρας
2884 1049 3036 1119 ἠξίου
3072 1049 3146 1121 μὴ
3181 1050 3342 1121 μόνον
3366 1050 3780 1121 λογιώτατον.ῶῆ

2303 1139 2396 1192 καὶ
2427 1138 2793 1210 πρεσϐύτατον
2824 1138 3075 1209 ἡγεῖσθαι
3103 1138 3210 1192 τῶν
3234 1140 3414 1209 σοφῶν
3435 1141 3520 1194 τὸν
3544 1141 3780 1213 θέμενοντὰ

2301 1230 2540 1301 όνόματα
2562 1233 2672 1295 τοῖς
2705 1231 3013 1303 πράγμασι.
3035 1232 3126 1283 Δεῖ
3154 1230 3333 1284 τοίνυν
3354 1232 3454 1295 τὰς
3475 1233 3665 1303 Γραφάς

2301 1320 2411 1387 δὼς
2441 1321 2914 1394 διερευνωμένους,
2950 1321 3135 1393 ἐπειδὴ
3168 1324 3226 1376 ἐν
3257 1323 3580 1394 παραίολαῐς
3607 1326 3780 1397 είρῆσθσι

2300 1413 2765 1485 ἀνωμολόγηνται,
2801 1414 2907 1467 ἀπὸ
2938 1412 3045 1468 τῶν
3079 1414 3361 1485 ὀνομάτων
3394 1415 3779 1488 θηρωμένουςά

2299 1505 2486 1571 δόξας,
2524 1505 2588 1569 ἀς
2620 1506 2680 1558 τὸ
2725 1505 2881 1574 ἆγιον
2927 1506 3153 1576 Πνεῦμα
3206 1507 3336 1577 περὶ
3369 1507 3475 1561 τῶν
3527 1508 3778 1579 πραγμάτων

2300 1596 2441 1668 ἔχον,
2475 1599 2555 1662 εἰς
2600 1596 2698 1663 τὰς
2729 1597 2921 1662 λέξεις,
2960 1597 3034 1662 ὡς
3066 1600 3261 1659 εἰπεῖν,
3294 1597 3396 1669 τὴν
3428 1598 3580 1652 αὐτοῦ
3616 1599 3781 1653 διάνοιαν

2302 1690 2754 1761 ἐκτυπωσάμενον
2798 1689 3057 1753 διδάσκει,
3092 1690 3179 1743 ἵνα
3224 1692 3363 1760 ἡμῖν
3397 1690 3618 1762 ἀκριϐῶς
3652 1691 3776 1757 ἐξετα-

2302 1778 2504 1851 ζόμενα
2557 1779 2948 1853 διαπτύσσηται
2990 1785 3058 1835 τὰ
3102 1781 3349 1853 ὀνόματα
3393 1782 3683 1851 πολυσήμως
3717 1783 3779 1852 μὲν

2300 1870 2569 1943 εἰρημένα
2602 1870 2735 1942 (55),
2767 1870 2829 1925 τὸ
2857 1871 2902 1924 δ’
2929 1871 3385 1943 ἐγκεκρυμμένον
3414 1873 3473 1925 ἐν
3505 1872 3678 1936 πολλοῖς
3708 1875 3777 1937 mi;

2300 1961 2559 2016 σκέπουσι
2604 1960 2996 2033 ψηλαφώμενω
3044 1964 3140 2017 καὶ
3181 1963 3690 2035 καταμανθανόμενον
3720 1965 3777 2015 ἐι-

2300 2054 2555 2127 φαίνηται
2586 2055 2682 2111 καὶ
2713 2054 3026 2127 ἀναλάμψῃ.
3063 2055 3252 2121 Οὕτως
3283 2056 3395 2128 γὰρ
3428 2056 3518 2110 καὶ
3547 2059 3573 2110 ό
3610 2054 3775 2127 μόλιϐδος

2299 2148 2409 2210 τοῖς
2442 2146 2717 2217 τρίϐουσιν
2749 2145 2960 2213 ἐξανθεῖ
3003 2145 3195 2202 λευκὸν
3229 2148 3297 2200 ἐκ
3347 2147 3563 2218 μέλανος
3588 2147 3639 2199 τὸ
3666 2145 3775 2215 imii-

2299 2238 2412 2292 θιον
2431 2255 2444 2269 ·
2478 2237 2651 2304 οὓτως
2680 2237 2774 2291 καὶ
2800 2236 2908 2308 (56)
2941 2238 2974 2307 ἠ
3007 2237 3229 2307 γνῶσις,
3268 2238 3471 2307 φέγγος
3499 2239 3583 2292 καὶ
3613 2237 3775 2308 λαμπρόν

2297 2347 2435 2401 τητα
2494 2328 2837 2400 καταχέουσα
2867 2328 2974 2383 τῶν
3022 2330 3389 2401 πραγμάτων,
3433 2332 3465 2401 ἡ
3495 2330 3565 2401 τῷ
3590 2330 3678 2383 ὄντι
3701 2327 3775 2380 ista

2299 2420 2462 2491 σοφία
2492 2420 2577 2492 εἴη
2614 2419 2702 2483 ἂν,
2729 2420 2789 2474 τὸ
2821 2419 2936 2486 φῶς
2967 2420 3027 2473 τὸ
3058 2419 3370 2492 είλικρινές,
3400 2420 3459 2474 τὸ
3486 2418 3678 2490 φωτίζον
3696 2418 3774 2479 τοὺς

2299 2511 2569 2583 καθαροὺς
2592 2511 2698 2567 τῶν
2716 2512 2811 2569 ἀνθ
2820 2511 3015 2583 ρώπων
3033 2511 3109 2576 ὡς
3130 2512 3303 2584 κόρην
3320 2512 3603 2586 ὀφθαλμοῦ,
3621 2513 3682 2576 είς
3697 2511 3775 2580 ﬁlo

2298 2602 2393 2656 καὶ
2420 2602 2720 2673 κατάληψιν
2744 2601 2844 2673 τῆς
2868 2601 3127 2674 ἀληθείας
3161 2602 3408 2674 βεϐαίαν.

2370 2775 2490 2828 AI".
2539 2774 2897 2847 Ἀναψάμενοι
2939 2756 3116 2830 τοίνυν
3159 2776 3265 2847 τῆς
3320 2777 3490 2850 ἀρχῆς
3527 2774 3609 2830 τοῦ
3658 2773 3774 2844 φωτὸς
3876 2778 3877 2805 ‘

2299 2867 2508 2921 ἐκείνου
2539 2869 2603 2920 ἐκ
2633 2866 2726 2920 τοῦ
2761 2867 2965 2932 πάθους
3000 2867 3094 2921 τοῦ
3146 2869 3279 2940 περὶ
3330 2870 3480 2934 αὐτὸ,
3506 2868 3573 2931 ὡς
3611 2867 3671 2919 Evt
3704 2866 3770 2935 μά·

2298 2956 2454 3012 λιστα
2476 2956 2848 3028 ἐξομοιοῦσθαι
2876 2957 3220 3031 πειρώμενοι,
3249 2960 3426 3029 φωτὸς
3452 2958 3643 3031 ἔμπλεοι
3660 2957 3772 3026 φῶτες

2311 3051 2633 3124 Ἰσραηλῖται
2664 3051 2743 3122 τῷ
2771 3053 2883 3105 ὄντι
2922 3051 3203 3122 γινόμεθα.
3237 3052 3429 3116 Φίλους
3462 3053 3560 3123 γὰρ
3584 3047 3677 3104 εἶτα
3711 3050 3771 3102 καὶ

627 3146 774 3200 enim
825 3144 1131 3215 fratresque
1182 3145 1398 3199 vocavit
1455 3147 1606 3210 illos,
1653 3146 1746 3216 qui
1787 3146 2078 3213 desiderio,
2110 3150 2200 3220 qui

2305 3144 2566 3214 ἀδελφοὺς
2588 3146 2712 3207 τοὺς
2735 3143 3030 3215 ἐχομένους
3054 3143 3153 3215 τῆς
3179 3145 3320 3215 πρὸς
3342 3147 3403 3199 τὸ
3422 3144 3562 3199 Θείον
3582 3139 3775 3212 ἀφομοιώ-

629 3244 853 3304 conatu,
874 3243 935 3291 ut
962 3250 1086 3290 cum
1134 3234 1244 3292 Deo
1287 3235 1699 3291 similitudinem
1742 3236 1949 3309 ineant,
1974 3239 2196 3306 student

630 3340 965 3399 operamque
996 3332 1222 3381 navant.

700 3439 938 3496 XXXIV.
980 3438 1111 3496 Loci
1136 3438 1353 3510 quidem
1402 3437 1524 3509 puri
1562 3445 1823 3509 prataque
1865 3449 2197 3511 acceperunt

626 3549 791 3590 voces
813 3573 828 3598 ,
861 3548 925 3588 ac
950 3538 1206 3603 aspectus
1250 3527 1513 3600 quosdam
1539 3530 1939 3599 apparitionum
1977 3532 2199 3588 sancta-

625 3643 748 3682 rum
785 3623 1109 3692 ;hominum
1146 3629 1327 3677 autem
1363 3621 1758 3691 unusquisque,
1794 3623 1889 3692 qui
1946 3631 2198 3680 accurate

627 3717 791 3774 fuerit
824 3723 1124 3786 purgatus,
1154 3712 1418 3769 doctrina:
1454 3726 1519 3767 ac
1558 3712 1777 3768 virtutis
1800 3711 1999 3767 divinae
2040 3728 2194 3770 com-

627 3824 727 3879 pos
750 3807 952 3864 evadit.

699 3916 920 3973 XXXV.
970 3914 1202 3985 Insuper
1235 3914 1367 3969 mihi
1422 3914 1642 3985 quidem
1694 3913 2006 3977 innotescit.
2052 3913 2197 3985 quod

629 4010 874 4067 scientiae.
932 4007 1217 4079 mysteria,
1263 4021 1296 4061 a
1351 4007 1538 4062 multis
1596 4005 1833 4062 ludibrio
1868 4005 2193 4072 habeantur,

627 4101 900 4173 praecipue
944 4113 1073 4154 vero
1139 4111 1264 4152 cum
1310 4097 1615 4169 tropologia
1683 4096 1984 4168 sophistica
2052 4097 2195 4153 haud

627 4195 792 4247 mista
858 4197 987 4245 sunt
1026 4203 1090 4244 ac
1148 4196 1646 4260 consutazpaucos
1694 4205 1846 4255 vero,
1907 4188 2070 4245 sicuti
2112 4189 2199 4245 lu—

625 4299 754 4339 men
804 4289 1031 4353 rcpente
1083 4282 1366 4354 symposio
1419 4282 1764 4353 triclinioque
1803 4282 2048 4350 illatum,
2083 4285 2198 4357 pri—

627 4391 777 4430 mum
800 4382 1025 4445 stupore
1043 4373 1339 4444 percutiet;
1357 4381 1545 4444 postea
1564 4380 1946 4430 assuescentes
1959 4389 2019 4430 se
2032 4380 2198 4445 atque

626 4473 809 4522 mente
840 4471 899 4529 >14
931 4464 1239 4530 exercitati,
1279 4465 1435 4534 quasi
1457 4467 1655 4536 gaudio
1677 4468 1904 4521 recreati
1931 4481 1995 4521 ac
2021 4467 2197 4523 exsul-

624 4569 831 4625 tantes,
874 4559 1280 4615 Dominum.....
1329 4557 1499 4613 Prout
1523 4560 1667 4615 enim
1715 4558 1966 4629 voluptas
1997 4558 2198 4614 libera-

626 4655 832 4707 tionem
864 4666 896 4705 a
925 4649 1115 4706 dolore
1146 4664 1213 4706 ex
1238 4660 1433 4705 natura
1466 4665 1566 4706 sua
1608 4648 1791 4713 habet,
1821 4648 1902 4705 sic
1928 4654 1981 4703 et
2013 4648 2195 4704 scien-

626 4744 703 4799 tia
718 4741 1038 4815 ignorantiae.
1054 4740 1402 4797 ablationem.
1426 4739 1581 4796 Sicut
1602 4740 1747 4795 enim
1774 4752 1969 4795 somno
1985 4738 2196 4811 gravati

624 4840 719 4909 qui
743 4846 868 4895 sunt
882 4836 1145 4900 'maxime,
1163 4842 1333 4892 semet
1352 4836 1577 4908 vigilare
1590 4835 1822 4890 maxime
1837 4835 2193 4902 arbitrantur,

625 4932 721 5013 qui
751 4930 1077 4988 clarioribus
1108 4930 1398 4999 minusque
1445 4926 1726 5007 dissipatis
1754 4942 1818 4983 ac
1846 4927 1953 4981 alio
1975 4927 2194 4983 trahen-

2294 3254 2431 3302 σεως
2463 3238 2601 3291 κατά
2632 3235 2922 3307 ἐπιθυμίαν
2950 3237 3042 3291 καὶ
3071 3235 3276 3302 δίωξιν.

2366 3433 2485 3487 ΔΔ’.
2526 3433 2628 3486 Ἦν
2682 3431 2793 3503 (57)
2840 3431 2996 3486 τόποι
3039 3432 3138 3502 μὲν
3194 3435 3427 3505 καθαροὶ
3467 3433 3551 3486 καὶ
3587 3428 3766 3499 λειμῶνες

2297 3520 2542 3587 ἐδέξαντο
2613 3520 2795 3591 φωνὰς
2854 3522 2947 3576 καί
2988 3539 3140 3586 τινας
3199 3523 3356 3593 ὄψεις
3414 3523 3571 3592 ἁγίων
3618 3517 3766 3590 emi-

2295 3631 2436 3669 των·
2484 3614 2766 3686 ἄνθρωπος
2815 3613 2872 3668 δέ
2913 3615 2942 3668 ό
2990 3613 3231 3686 ἀκριϐῶς
3285 3613 3652 3687 κεκαθαρμένος
3676 3610 3767 3668 ἄπας

2295 3707 2638 3773 διδασκαλίας
2700 3707 2796 3761 καὶ
2858 3707 3140 3779 δυνάμεως
3206 3707 3397 3781 θεῖκῆς
3454 3701 3765 3771 καταξωώησε·

2297 3817 2407 3857 ται.

2366 3915 2486 3969 AE'.
2523 3905 2654 3968 οἴδα
2681 3911 2738 3965 δὲ
2769 3910 2899 3980 ἐγὼ,
2940 3912 3022 3965 ὃτι
3050 3910 3120 3964 τὰ
3149 3911 3248 3983 τῆς
3293 3910 3533 3982 γνώσεως
3577 3904 3767 3978 μυοτὴρω

2295 4007 2407 4071 τοϊς
2445 4005 2542 4077 μὲν
2578 4001 2788 4067 πολλοῖς
2820 4001 3017 4074 χλεύην
3051 4003 3228 4073 φέρει,
3260 4004 3359 4057 καὶ
3392 4002 3602 4073 μάλιστα
3634 3996 3690 4067 μὴ
3710 4008 3767 4046 κε·

2297 4096 2626 4168 καττυμένα,
2659 4096 2940 4167 σοφιστικῇ
2976 4093 3339 4167 τροπολογίᾳ·
3373 4096 3491 4158 τοὺς
3518 4092 3567 4146 δὲ
3605 4089 3765 4154 ὀλίγους.
3876 4164 3877 4167 η

2297 4189 2546 4262 καθάπερ
2573 4187 2688 4258 φῶς
2729 4188 3102 4259 ἐπισενεχθέν
3132 4186 3395 4258 ἐξαίφνης
3438 4182 3677 4257 συμποσίῳ
3695 4175 3764 4230 τινὶ

2299 4283 2623 4353 συνηρεφεῖ,
2667 4278 2928 4352 ἐκπλήξει
2979 4279 3046 4333 τά
3091 4277 3318 4350 πρῶτα·
3357 4279 3532 4332 ἔπειτα
3569 4273 3764 4328 ἐθίσαντες

2298 4373 2391 4426 καὶ
2427 4370 2822 4444 συντραφέντες
2860 4372 2955 4425 καὶ
2985 4370 3456 4442 ἐγγυμνασάμενοι
3482 4366 3550 4437 τῷ
3575 4357 3762 4432 λογισμῷ.

2296 4465 2373 4528 ὡς
2417 4463 2506 4533 ὑφ’
2539 4462 2729 4533 ἡδονῆς
2758 4462 3169 4535 εὐφραινόμενοι
3200 4462 3298 4516 καὶ
3326 4457 3674 4530 ἀγαλλιώμενοι
3706 4449 3764 4501 ’σὺν

2227 4517 2271 4571 D
2299 4517 2521 4628 Κόριον.
2550 4517 2573 4606 .’
2593 4592 2608 4607 .
2638 4593 2653 4607 .
2680 4517 2737 4607 ..
2765 4592 2779 4605 .
2908 4552 2993 4616 Ὠς
3020 4517 3142 4624 ’γὰρ
3180 4552 3347 4624 ἡδονὴ
3374 4517 3490 4622 ,τὴν
3533 4517 3615 4618 τῆς
3647 4539 3762 4628 “TT

2295 4627 2445 4711 δόνος
2474 4646 2792 4718 ἀπαλλαγὴν
2831 4645 3018 4699 οὐσίαν
3060 4645 3191 4716 ἔχει,
3224 4644 3398 4709 οὕτως
3430 4644 3462 4713 ή
3504 4637 3667 4711 γνῶσις

2295 4739 2515 4809 ἀγνοίας
2545 4738 2643 4809 τὴν
2668 4716 3036 4809 ὑπεξαίρεσιν.
3074 4736 3161 4801 Ὧς
3188 4737 3299 4809 γὰρ
3323 4737 3372 4790 oi
3397 4733 3604 4807 μάλιστα
3628 4716 3761 4779 καθεύ-

2293 4831 2471 4895 δοντες
2524 4829 2723 4884 οἴονται
2791 4829 3024 4899 μάλιστα
3079 4828 3465 4900 ἐγρηγορέναι,
3521 4809 3761 4891 ἐναργεστέ-

2294 4937 2404 4993 Ροις
2458 4918 2594 4991 (58)
2657 4920 3051 4981 ὑποπίπτοντες
3099 4919 3196 4972 καὶ⁵
3251 4913 3640 4989 ἀπερισπάστως
3684 4901 3762 4961 ταῖς

625 4994 774 5078 tibus
802 5022 857 5077 in
886 5021 1096 5077 somnis
1137 4994 1466 5090 spectaculis
1516 4994 1627 5071 sint
1669 5015 1944 5088 occupati;
1976 5016 2056 5071 sic
2099 5016 2194 5088 qui

2298 5014 2421 5086 ὄναρ
2452 5012 2772 5083 φαντασίαις
2790 5029 2806 5042 ·
2835 5010 3009 5075 οὕτως
3039 5013 3089 5064 οί
3120 5010 3351 5082 μάλιστα
3392 5004 3665 5077 ἀγνοοῦντες

626 5130 842 5172 summa
865 5114 1117 5169 laborant
1150 5110 1454 5182 ignorantia
1474 5151 1489 5175 ,
1519 5124 1578 5165 se
1606 5110 1839 5165 maxime
1865 5108 2007 5165 scire
2047 5109 2193 5164 arbi-

734 5275 795 5334 εμ
832 5265 895 5322 p.
934 5194 1042 5337 οἷο
1079 5263 1187 5320 eo.
1232 5260 1523 5319 nomen.

693 5424 809 5494 (55)
836 5418 1228 5494 Ataxr..._pér
1251 5418 1573 5494 εἰρημένα.
1604 5415 1957 5494 Planior_erit
1973 5422 2184 5494 senten-

623 5485 731 5556 tia‘,
759 5485 806 5549 si
838 5485 1172 5562 transposito
1198 5485 1615 5562 μένίιεῇιαιιιυε,
1649 5486 2042 5562 διαπτύσσηται
2094 5485 2189 5557 μὲν

620 5563 957 5642 τάιόνόματα
990 5558 1315 5642 πολυσήμως
1348 5559 1633 5642 εἰρημένα.
1654 5558 1935 5642 .San'uac.

626 5627 824 5758 ιυβδγ
857 5632 1055 5699 οὕτως
1091 5627 1220 5703 τάρζ
1259 5627 1592 5687 (Σοιὼὶηιιὶυε
1639 5629 1715 5693 ὡς
1752 5628 1883 5700 γάρ,
1929 5635 1989 5681 ut
2024 5627 2184 5685 enim.

2290 5084 2445 5162 λιστα
2470 5104 2978 5177 είδέναινομίζουσι.
2995 5104 3267 5176 Μακάριοι
3297 5103 3354 5157 δὲ
3374 5103 3422 5156 οί
3440 5084 3759 5165 ἐξῦιιιινουτυνῖοδ⁸

2367 5411 2646 5487 (57)]ξΗν.
2682 5408 2966 5487 Ειίιιιιιείᾖ
3012 5414 3251 5484 legamus
3299 5426 3395 5487 pro
3424 5411 3504 5481 ἦν.
3548 5400 3758 5487 “Mf

2298 5472 2386 5553 sic‘
2411 5472 2629 5553 quidem
2669 5494 2755 5537 sat
2807 5472 2966 5539 recté'
2997 5472 3248 5540 constare
3292 5472 3497 5538 videtur
3534 5472 3756 5529 εεηιωιιιο

2303 5551 2568 5608 δνιιέυιιο.

2366 5624 2479 5694 (58)
2522 5622 3016 5693 Ἐναργτστέροις.
3035 5621 3293 5683 Us‘itatius
3314 5613 3687 5691 ἐναργεστέρως.
3701 5597 3755 5653 τε·

2299 5696 2504 5751 minina
2550 5695 2952 5750 terminatione.
2982 5694 3056 5751 In.
