3964 6312
263 311 324 367 ’11
335 313 362 365 7

950 306 1175 364 DUBIA.
1216 336 1284 347 -
1317 301 1610 360 ECLOGA!)
1650 300 1741 356 EX
1783 297 2191 358 SCRIPTURIS
2229 296 2698 356 PROPHETICIS.

3359 298 3460 354 7l8

256 428 348 482 aut.
382 427 481 497 τῆς
522 425 942 500 παραφροσύνης
991 426 1388 496 ἀνεγειρόμενοι
1441 424 1532 477 καὶ
1575 421 1796 476 ἀναϐλέ-

1906 428 2138 476 trantur.
2170 418 2319 475 Beati
2378 434 2507 474 vero
2537 420 2651 489 qui,
2689 435 2752 473 ex
2781 433 2970 473 somno
3016 415 3121 472 hoc
3163 415 3462 472 dementia-

251 519 452 588 ψαντες
478 519 538 571 τὸ
567 518 680 588 φῶς
705 519 798 572 καὶ
826 517 922 590 τὴν
948 517 1219 588 ἀλήθειαν.

321 717 459 783 ΑΕΓ.
489 718 580 770 Δεῖ
602 717 779 770 τοίνυν
833 717 1028 788 ἐπίσης
1068 715 1147 787 τῷ
1191 713 1493 787 βουλομένῳ
1535 714 1596 766 τὸ
1628 713 1804 767 πειθό-

247 823 412 876 μενον
442 806 584 879 ἔχειν
622 807 715 862 τὸν
762 809 1027 881 μαθητὴν,
1059 811 1154 865 καὶ
1182 808 1261 880 τῷ
1312 807 1460 878 πόθῳ
1488 806 1586 879 τὴν
1627 808 1808 861 πίστιν

246 897 716 964 ἐγκαταμίξαντα,
772 899 1064 972 γυμνάζειν
1125 901 1218 954 καὶ
1276 899 1502 972 μελετᾷν
1553 899 1806 952 ἑκάστοτε

241 989 387 1060 πρὸς
427 991 614 1045 ἑαυτὸν
641 992 739 1062 τὴν
775 991 883 1046 τῶν
929 991 1300 1064 θεωρημάτων
1329 990 1584 1062 ἀλήθειαν
1625 990 1807 1056 ἐξετά-

239 1078 429 1145 ζοντα.
475 1081 718 1136 Ἐπειδὰν
745 1083 801 1137 δὲ
828 1079 887 1137 εὖ
916 1082 1056 1154 ἔχειν
1101 1081 1247 1153 αὑτῷ
1275 1082 1426 1152 δοκῇ,
1453 1081 1573 1134 τότε
1603 1080 1668 1152 δὴ
1714 1081 1807 1135 καὶ⁹

237 1173 329 1234 είς
363 1171 462 1236 τὰς
497 1173 604 1227 τῶν
640 1173 806 1238 πέλας
843 1173 1097 1246 ζητήσεις
1128 1173 1407 1227 καθιέναι·
1440 1173 1562 1225 ἐπεὶ
1610 1171 1703 1225 καὶ
1754 1173 1804 1225 οἱ

235 1263 449 1316 νεοττοὶ
487 1265 1028 1337 προσαποπειρῶνται
1058 1264 1168 1334 (59)
1197 1263 1291 1317 τοῦ
1322 1263 1550 1317 πετάσας,
1579 1265 1671 1316 ἐπὶ
1707 1264 1804 1334 τῆς

234 1355 457 1420 καλιᾶς,
487 1357 858 1428 γυμνάσαντες
886 1356 955 1411 τὰ
984 1357 1176 1429 πτερά.

317 1469 436 1522 ΛΖ’.
472 1469 535 1522 'H
563 1469 669 1541 γὰρ
684 1469 850 1542 ἀρετὴ
876 1471 908 1541 ἠ
941 1469 1211 1540 γνωστικὴ
1240 1467 1512 1539 πανταχοῦ
1535 1467 1800 1522 καλόνκαὶ

231 1563 418 1632 πρᾶον
446 1563 538 1616 καὶ
572 1561 822 1626 ἀϐλαϐὲς,
854 1563 948 1616 καὶ
991 1562 1217 1625 ἄλυπον,
1249 1561 1344 1615 καὶ
1386 1561 1678 1633 μακάριον,
1709 1561 1800 1613 καὶ

231 1653 775 1725 παρεσκευασμένον,
800 1652 994 1724 ἄριστα
1010 1653 1104 1725 μὲν
1118 1652 1322 1724 ὁμιλεῖν
1351 1651 1513 1705 παντὶ
1539 1650 1614 1723 τῷ
1649 1650 1797 1721 θείῳ,

230 1745 439 1816 ἄριστα
473 1745 516 1798 δ’
552 1743 875 1816 ἀνθρώποις,
911 1743 1233 1816 θεωρητικὸν
1272 1743 1406 1816 ὁμοῦ
1437 1745 1532 1798 καὶ
1569 1759 1797 1815 πρακτι-

228 1837 338 1889 κὸν
386 1835 606 1907 ἄγαλμα
657 1836 795 1889 θεῖον
841 1835 931 1888 τὸν
963 1835 1242 1907 ἄνθρωπον
1289 1835 1794 1899 κατασκευάζουσα,
1829 1824 1868 1878 Β

229 1928 338 1980 καὶ¹
392 1927 677 1998 φιλόκαλον
731 1926 1146 2000 ἀπεργαζομένη
1191 1928 1258 1982 δι’
1297 1928 1544 2001 ἀγάπης’
1591 1928 1653 1982 τὸ
1689 1927 1798 2000 γὰρ

230 2019 426 2082 καλὸν,
464 2019 539 2084 ὡς
568 2021 684 2073 ἐκεῖ
723 2019 882 2091 σοφίᾳ
915 2018 1182 2091 θεωρητδν
1209 2022 1302 2074 καὶ
1330 2021 1535 2092 νοητὸν,
1565 2022 1798 2077 ἐνταῦθα

232 2107 531 2180 σωφοσύνῃ
585 2109 680 2162 καὶ
735 2106 1044 2181 δικαιοσύνῃ
1094 2107 1181 2163 διὰ
1229 2109 1459 2174 πίστεως
1518 2112 1756 2183 πρακτόν
1779 2129 1792 2142 ·

227 2199 299 2255 ἑν
336 2202 496 2272 σαρκὶ
525 2199 908 2272 μελετήσαντες
938 2199 1224 2270 ἀγγελικὴν
1266 2201 1581 2272 ὑπουργίαν,
1612 2202 1797 2276 ὥσπερ

231 2293 300 2345 έν
329 2294 480 2364 τόπῳ
509 2294 755 2362 διαφανεῖ
783 2292 1152 2364 καὶάμιάντῳ
1177 2291 1254 2363 τῷ
1297 2291 1506 2364 σώματι
1542 2293 1632 2347 τὸν
1672 2294 1796 2348 νοῦν

231 2384 692 2457 καθιερώσαντες.

316 2564 445 2617 AH'.
478 2562 619 2633 Πρὸς
646 2562 701 2615 δὲ
728 2563 988 2616 Τατιανὸν
1017 2561 1147 2634 (60),
1181 2563 1403 2632 λέγοντα
1442 2564 1688 2617 εὐκτικὸν
1721 2561 1796 2617 εἷ-

229 2672 329 2710 ναι
352 2655 413 2708 τὸ
446 2653 757 2720 Γενηθήτω
782 2652 925 2723 φῶς,
951 2653 1165 2708 λεκτέον
1182 2670 1196 2684 ·
1213 2652 1275 2706 Et
1303 2654 1480 2710 τοίνυν
1509 2656 1795 2727 εὐχόμενος

229 2747 341 2820 ἠδη
383 2747 476 2800 τὸν
519 2747 908 2817 ὑπερκείμενον
957 2745 1066 2817 (6|)
1121 2746 1273 2811 θεὸν,
1316 2747 1432 2811 πῶς
1473 2747 1615 2816 λέγει
1659 2749 1796 2818 Ἐγὼ

231 2839 416 2904 Θεὸς,
455 2839 551 2892 καὶ
594 2836 760 2904 πλὴν
796 2837 942 2907 ἐμοῦ
975 2837 1163 2904 ἄλλος
1201 2837 1428 2904 οὺδείς;
1468 2839 1690 2910 εἴπομεν
1721 2838 1795 2903 ὼς

229 2929 489 2990 κολάσεις
545 2927 650 2978 εἰσὶ
699 2924 1081 2997 βλασφημιῶν,
1137 2925 1429 2994 φλυαρίας,
1487 2924 1795 2978 ἀκολάστων

231 3019 519 3092 ῥημάτων,
551 3016 694 3087 λόγῳ
742 3015 858 3087 (62)
913 3015 1281 3087 κολαζομένων
1323 3017 1415 3070 καὶ
1469 3014 1794 3087 παιδευομέ-

230 3131 370 3168 νων.

310 3226 433 3280 ΛΘ·
479 3227 751 3294 Ἔφασκεν
790 3224 847 3278 δὲ
878 3224 969 3278 καὶ
995 3223 1081 3278 διά
1122 3222 1220 3287 τάς
1260 3223 1450 3294 τρίχας
1477 3219 1796 3286 κολάζεσθαι

226 3321 332 3374 καὶ
368 3319 461 3373 τὸν
503 3319 706 3390 κόσμον
743 3316 842 3381 τὰς
893 3320 1158 3387 γυναῖκας
1208 3317 1312 3369 ὑπὸ
1368 3313 1647 3386 δυνάμεως
1697 3313 1796 3382 τῆς

225 3415 330 3466 ὲπὶ
370 3411 579 3474 τούτοις
612 3409 967 3480 τεταγμένης,
1003 3410 1036 3479 ἡ
1068 3408 1158 3460 καὶ
1189 3406 1266 3478 τῷ
1293 3403 1528 3476 Σαμψὼν
1571 3403 1792 3474 δύναμιν

228 3505 470 3576 παρεῖχε
511 3504 629 3564 ταῖς
674 3499 868 3572 θριξὶν,
910 3500 1029 3570 ητις
1071 3497 1286 3562 κολάζει
1323 3497 1420 3560 τὰς
1459 3495 1562 3549 διὰ·
1591 3493 1793 3565 κόσμου

225 3593 438 3666 τριχῶν
466 3593 556 3646 ἐπὶ
587 3591 837 3662 πορνείαν
861 3588 1131 3662 όρμὼσας.

305 3709 397 3761 Μ’.
428 3705 687 3778 Καθάπερ
713 3703 915 3773 ἀγαθοῦ
941 3701 1205 3775 ἀπορῤοία
1231 3701 1606 3770 ἀγαθύνονται,
1625 3698 1793 3763 οὕτως

228 3800 332 3853 καὶ
365 3797 671 3851 κακοῦνται.
716 3796 870 3866 Καλὴ
896 3797 930 3865 ἡ
975 3792 1157 3864 κρίσις
1186 3790 1280 3844 τοῦ
1320 3789 1476 3854 Θεοῦ,
1505 3791 1539 3859 ἦ
1575 3807 1635 3842 τε
1680 3789 1796 3843 διά-

229 3906 418 3962 κρισις
447 3890 480 3959 ἡ
510 3889 618 3942 τῶν
655 3886 858 3943 πιστῶν
900 3884 1006 3939 ἀπὸ
1045 3883 1151 3935 τῶν
1187 3882 1448 3946 ἀπίστων,
1490 3883 1524 3952 ἦ
1561 3897 1619 3933 τε
1663 3882 1796 3953 πρό-

230 3994 419 4050 κρισις
443 3978 578 4049 ὑπὲρ
610 3975 702 4030 τοῦ
738 3976 812 4048 μὴ
855 3972 1058 4046 μείζονι
1099 3974 1412 4044 περιπεσεῖν
1439 3970 1634 4042 κρίσει,
1663 3972 1699 4041 ἦ
1735 3988 1794 4024 τε

231 4071 440 4144 κρίσις,
472 4069 752 4132 παίδευσις
778 4063 931 4120 οὖσα.

307 4303 444 4356 MA'.
490 4301 554 4354 Ἦ
580 4299 766 4372 Γραφή
816 4314 946 4369 φησι
974 4295 1040 4350 τὰ
1076 4295 1250 4368 βρέφη
1278 4294 1347 4348 τά
1377 4293 1662 4347 ἐκτεθέντα
1692 4310 1788 4364 τη-

234 4391 482 4465 μελούχῳ
519 4387 900 4460 παραδίδοσθαι
946 4385 1178 4457 ἀγγέλῳ,
1223 4381 1309 4454 ὑφ’
1347 4378 1406 4438 οὗ
1442 4382 1786 4436 παιδεύεσθαί

1911 532 2016 586 que
2048 513 2288 578 excitati,
2320 511 2387 567 ad
2417 513 2592 567 lucem
2622 525 2686 565 ac
2712 509 2989 564 veritatem
3024 508 3215 563 oculos
3237 523 3463 563 convero

1910 616 2044 662 tant.

1977 721 2213 777 XXXVI.
2236 720 2444 774 Pariter
2465 717 2646 787 itaque
2678 724 2915 788 oportet,
2942 731 3065 772 eum
3101 717 3191 787 qui
3216 716 3459 786 discipu~

1909 815 2016 867 lum
2039 813 2421 882 obsequentem
2448 810 2646 864 habere
2672 808 2824 870 velit,
2855 816 2909 863 et
2929 807 3200 863 desiderio
3222 806 3455 862 admista

1907 905 2012 960 ﬁde
2036 919 2307 967 exercere,
2329 910 2383 958 et
2407 903 2549 972 apud
2588 918 2646 956 se
2675 900 2917 972 quotidie
2949 899 3222 963 meditari,
3257 900 3455 955 verita-

1905 1007 2010 1052 tem
2055 1003 2492 1067 argumentorum
2533 991 2903 1064 expendendo.
2937 991 3004 1045 Et
3048 1006 3170 1046 cum
3214 994 3454 1048 eamdem

1905 1104 1964 1145 se
1990 1095 2134 1144 recte
2177 1096 2362 1142 tenere
2389 1086 2734 1155 judicaverit,
2765 1093 2890 1139 tunc
2930 1084 3188 1139 nimirum
3217 1085 3280 1139 ad
3309 1099 3458 1155 qua!-

1904 1181 2112 1237 stiones
2176 1180 2328 1234 hisce
2375 1179 2581 1234 vicinas
2643 1176 3016 1242 descendere;
3083 1179 3342 1246 quoniam
3403 1185 3458 1230 et

1903 1268 2084 1322 avium
2127 1267 2257 1337 pulli
2282 1282 2486 1336 pennas
2531 1265 2834 1321 exercendo
2864 1263 3114 1319 etiam‘in
3147 1265 3278 1320 nido
3308 1265 3456 1319 vola-

1904 1368 2018 1413 tum
2039 1359 2411 1428 experiantur.

1970 1469 2235 1529 XXXVII.
2291 1470 2471 1526 Virtus
2496 1469 2639 1524 enim
2694 1467 2961 1539 gnostica,
2998 1465 3197 1537 ubique
3253 1467 3455 1522 bonum

1898 1570 2374 1632 mansuetumque,
2397 1569 2451 1617 et
2475 1561 2778 1622 innoxium,
2802 1567 2855 1614 et
2875 1558 3126 1613 dolorum
3152 1567 3452 1630 expertem,

1899 1669 1963 1710 ac
1995 1657 2209 1710 beatum
2236 1664 2613 1725 paratumque,
2644 1651 2843 1722 optime
2881 1651 3087 1707 versari
3115 1650 3172 1704 in
3202 1652 3454 1707 omnibus

1896 1761 2018 1816 quae
2054 1745 2121 1799 ad
2162 1745 2349 1812 Deum,
2397 1747 2505 1800 imo
2528 1744 2728 1814 optime
2751 1741 2804 1796 in
2838 1742 2924 1797 his
2950 1757 3071 1813 quae
3106 1742 3172 1796 ad
3206 1742 3454 1798 homines

1896 1838 2184 1903 attineant,
2214 1836 2565 1891 simulacrum
2587 1834 2852 1895 divinum,
2878 1833 3335 1902 contemplatione
3377 1836 3454 1890 si-

1898 1928 2010 1982 mul
2042 1934 2095 1984 et
2121 1927 2335 1982 actione
2364 1925 2635 1981 hominem
2674 1923 2947 1978 excultum
2978 1922 3232 1986 reddens,
3271 1939 3335 1979 ac
3357 1941 3455 1996 per

1898 2019 2218 2075 charitatem
2270 2017 2484 2073 honesti
2537 2025 2828 2071 amatorem
2886 2023 3170 2084 praestans.
3242 2015 3451 2072 Bonum

1895 2112 2038 2166 enim
2062 2120 2221 2181 prout
2245 2109 2355 2164 illic
2389 2107 2654 2178 sapientia
2689 2106 3068 2162 consideratur
3101 2115 3156 2161 et
3192 2107 3451 2181 intelligi-

1895 2211 2004 2267 tur,
2033 2205 2114 2258 sic
2139 2202 2302 2258 etiam
2331 2200 2420 2254 hic
2453 2198 2810 2270 temperantia
2839 2207 2894 2253 et
2915 2197 3127 2270 justitia
3165 2214 3262 2269 per
3300 2199 3460 2258 ﬁdem

1895 2303 2204 2361 exercetur;
2264 2292 2594 2349 functionem
2641 2289 2939 2361 angelicam
2972 2290 3030 2344 in
3071 2305 3235 2346 carne
3280 2293 3454 2349 medi-

1895 2392 2094 2446 tantes,
2124 2384 2265 2440 sicut
2283 2382 2336 2438 in
2364 2383 2484 2437 loco
2505 2380 2803 2451 conspicuo
2831 2387 2885 2436 et
2905 2379 3211 2450 impolluto,
3243 2382 3298 2436 in
3327 2397 3452 2437 cor-

1895 2486 2026 2543 pore
2054 2479 2285 2526 mentem
2307 2469 2695 2525 sacriﬁcamus.
2745 2485 2752 2498 '

1963 2563 2124 2635 365
2159 2561 2444 2618 XXXVIII.
2475 2562 2678 2618 Contra
2702 2575 2832 2618 vero
2859 2559 3169 2626 Tatianum,
3201 2578 3450 2620 asseren-

1894 2664 2003 2710 tem
2041 2655 2279 2726 optantis
2313 2670 2434 2710 esse
2467 2655 2729 2724 scriptum
2763 2654 2893 2708 illud
2917 2653 3043 2708 Fiat
3079 2654 3172 2708 lux
3198 2656 3448 2727 ﬁdicen-

1895 2748 2023 2803 dum
2051 2746 2230 2803 est:Si
2266 2746 2430 2817 igitur
2446 2748 2745 2801 orationem
2785 2745 2851 2798 ad
2898 2743 3066 2801 Deum
3111 2748 3448 2816 superiorem

1895 2838 2110 2909 dirigat,
2159 2838 2429 2907 quomodo
2449 2836 2581 2892 dicit
2610 2855 2622 2891 :
2651 2835 2762 2906 Ego
2782 2835 2945 2900 Deus,
2975 2845 3022 2891 et
3043 2848 3233 2905 pra'ter
3253 2854 3332 2892 me
3347 2854 3449 2892 non

1894 2938 1972 2982 est
2001 2929 2138 2982 alius
2190 2928 2330 2982 ullus
2358 2928 2432 2982 b?
2461 2927 2703 2982 Diximus
2752 2927 3207 2997 blasphemiarum
3260 2943 3449 3000 pcenas

1895 3035 2037 3084 esse,
2088 3020 2375 3075 verborum
2422 3019 2785 3090 petulantium
2816 3033 3012 3090 nugas,
3049 3021 3260 3076 ratione
3283 3022 3448 3091 puni-

1898 3121 2073 3167 torum
2104 3119 2266 3181 atque
2288 3111 2697 3181 castigatorum.

1966 3221 2204 3278 XXXIX.
2237 3223 2464 3293 Insuper
2493 3223 2654 3279 etiam
2687 3222 2921 3278 asseruit
2943 3224 3198 3280 mulieres
3228 3234 3452 3296 propter

1895 3315 2074 3370 crines
2093 3331 2154 3370 ac
2183 3315 2443 3370 mundum
2472 3315 2674 3384 puniri,
2704 3329 2734 3366 a
2755 3315 2955 3370 virtute
2981 3331 3100 3386 qua:
3116 3318 3277 3372 rebus
3301 3317 3450 3374 hisce

1893 3407 2144 3478 praelecta
2197 3409 2376 3471 fuerit,
2411 3424 2532 3478 quae
2570 3407 2814 3462 crinibus
2850 3406 3132 3463 Samsonis
3186 3409 3442 3464 virtutem

1893 3499 2121 3570 praebuit
2147 3511 2203 3565 c;
2253 3515 2372 3569 qua:
2401 3499 2562 3555 etiam
2593 3499 2713 3552 illas
2734 3496 2890 3568 punit
2927 3512 3048 3568 qua:
3079 3513 3176 3568 per
3210 3498 3444 3553 crinium

1893 3598 2145 3647 ornatum
2172 3590 2228 3644 in
2257 3590 2644 3646 scortationem
2678 3587 2948 3642 feruntur.

1963 3703 2076 3760 XL.
2102 3701 2275 3758 Sicuti
2314 3701 2442 3758 boni
2481 3699 2792 3757 deﬁuxione
2830 3701 3133 3755 redduntur
3168 3699 3319 3766 boni,
3365 3701 3446 3757 sic

1893 3805 1946 3852 et
1973 3796 2099 3850 mali
2129 3795 2388 3865 qualitate
2433 3794 2683 3850 similiter
2732 3793 3067 3848 imbuuntur.
3113 3793 3319 3849 Bonum
3363 3804 3447 3850 est

1895 3888 1988 3944 Dei
2014 3887 2279 3957 judicium
2309 3904 2321 3940 :
2353 3901 2417 3941 ac
2447 3885 2740 3941 discrimen
2773 3885 2958 3940 ﬁdeles
2988 3885 3129 3940 inter
3167 3896 3220 3941 et
3251 3885 3444 3942 inﬁde-

1893 3979 1994 4039 les,
2024 3979 2135 4032 imo
2162 3975 2425 4046 judicium
2450 3973 2582 4028 illud
2620 3973 2764 4043 quod
2803 3973 3053 4042 prohibet
3085 3989 3152 4030 ne
3178 3975 3232 4028 in
3265 3975 3444 4044 majus

1895 4069 2153 4140 judicium
2185 4068 2308 4137 quis
2335 4065 2566 4132 incidat;
2597 4063 2730 4118 illud
2762 4063 2979 4120 demum
3003 4062 3272 4134 judicium
3299 4065 3443 4135 quod

1893 4170 1974 4217 est
1994 4159 2317 4216 emendatio.

1959 4271 2092 4325 XLI.
2142 4270 2422 4341 Scriptura
2479 4267 2632 4337 dicit,
2685 4268 2920 4325 infantes
2948 4269 3217 4340 projectos
3247 4269 3441 4338 angelo

1890 4369 2056 4423 tutori
2104 4366 2243 4422 tradi
2293 4363 2622 4420 erudiendos
2677 4373 2839 4434 atque
2895 4362 3228 4419 educandos.
3264 4369 3321 4427 ἧς
3377 4362 3443 4415 Ει

228 4455 294 4540 τε
328 4455 677 4550 καί-αὔξειν
734 4483 827 4535 καὶ
873 4455 1104 4542 ἔσονται,
1130 4455 1338 4548 ήφησὶν,
1386 4475 1460 4539 ὼς
1491 4476 1540 4528 ot
1594 4475 1785 4529 ἑκατὸν

1902 4467 2070 4521 :runt,
2106 4459 2302 4528 inquit,
2340 4459 2496 4528 quasi
2541 4464 2756 4512 centum
2809 4470 3077 4510 annorum
3127 4455 3181 4510 in
3212 4455 3316 4510 hoc
3341 4469 3443 4510 sae-

231 4575 375 4629 ὲτῶν
400 4573 628 4629 ἐνταῦθα
665 4573 871 4627 πιστοί·
901 4570 980 4624 διὸ
1009 4570 1102 4624 καὶ
1131 4568 1332 4641 Πέτρος
1353 4569 1410 4620 ὲν
1445 4568 1511 4637 τῇ
1557 4566 1784 4619 Ἀποκα-

229 4668 391 4738 mea
416 4669 578 4739 φησί·
617 4667 723 4722 Kal
745 4663 1019 4733 ἀστραπὴ
1045 4661 1232 4731 πυρὸς
1259 4659 1510 4729 πηδῶσα
1536 4656 1654 4712 ἀπὸ
1676 4655 1792 4709 τῶν

1888 4551 2012 4606 culo
2040 4550 2244 4604 ﬁdeles.
2293 4549 2632 4618 Quapropter
2659 4548 2821 4602 etiam
2865 4545 3058 4604 Petrus
3089 4548 3144 4602 in
3173 4549 3440 4618 Apocaly-

1889 4645 1972 4716 psi
2027 4642 2158 4698 dicit
2193 4661 2204 4696 :
2268 4640 2336 4695 Et
2372 4640 2551 4710 fulgur
2580 4637 2714 4709 ignis
2759 4636 3004 4692 exsiliens
3049 4636 3112 4690 ab
3148 4636 3438 4706 infantibus

223 4726 752 4828 ﬂpegadir'éxelrwr,
775 4726 872 4810 zeal
895 4726 1264 4819 πλήσσουσα
1285 4726 1427 4816 τοὺς
1451 4746 1791 4818 ὀφθαλμοὺς

1902 4736 2018 4798 “llis,
2051 4746 2099 4790 et
2128 4735 2404 4788 mulierum
2431 4729 2609 4784 oculos
2642 4729 2991 4799 perstringens
3018 4727 3065 4782 ἀ.
3101 4726 3312 4798 Quippe
3351 4729 3440 4798 ju-

229 4818 364 4908 HI»:
408 4818 915 4922 τυναικῶνίἘπεὶ
952 4847 982 4900 ό
1007 4818 1012 4819 7
1035 4844 1238 4906 δίκαιος
1266 4843 1346 4908 ὡς
1378 4838 1644 4906 σπινθὴρ
1703 4837 1790 4891 διὰ

1902 4839 2002 4884 r-tus
2041 4830 2096 4882 in
2145 4826 2468 4882 arundineto
2521 4823 2655 4874 sicut
2698 4821 2932 4874 scintilla
2967 4831 2991 4859 ε
3038 4818 3275 4888 effulget,
3310 4831 3441 4885 gen-

231 4943 486 5013 καλάμης
515 4940 802 5011 ἐκλάμπει,
829 4938 922 4991 καὶ
949 4939 1121 5008 κρινεί
1150 4933 1298 5004 ἔθνη.

321 5036 475 5090 ΜΒ’.
547 5032 707 5088 Μετὰ
776 5029 948 5086 ὁσίου
1022 5024 1346 5093 όσιωθήσῃ.
1413 5020 1570 5078 Κατὰ
1639 5015 1784 5072 αἷνόν

1884 4930 2076 4988 tesque
2101 4916 2392 4987 judicabit.

1954 5011 2106 5067 XLII.
2138 5009 2271 5066 Cum
2299 5015 2480 5063 saneto
2506 5013 2722 5060 sanctus
2753 5003 2876 5058 eris.
2911 5001 2928 5041 ί
2967 4999 3053 5055 Uti
3099 5014 3290 5068 nempe
3337 5011 3438 5068 pro

1966 5099 2158 5147 [σ’σο

306 5191 494 5248 ιϐοη.
524 5206 562 5256 ι,
591 5189 642 5244 3.
717 5186 877 5256 Msa.
910 5200 1056 5256 κων,
1094 5182 1247 5256 6.,Αο
1300 5177 1426 5235 Jud.
1489 5175 1716 5243 “1,125.
1795 5178 1851 5236 ὦ
1895 5169 1955 5226 Ρ.
2001 5175 2137 5233 θθθ
2183 5165 2292 5220 EI).
2338 5160 2632 5218 POTTER.
2707 5159 2732 5199 δ
2778 5159 2944 5226 Apoc.
2979 5152 3133 5224 .Petr-i
3188 5150 3430 5206 Revelat.

235 5274 257 5301 θ
297 5246 429 5332 Sap.
457 5246 561 5321 ut,
585 5260 633 5311 7.
742 5256 760 5296 ί
802 5254 946 5309 Psal.
975 5264 1106 5316 xvu,
1138 5246 1228 5301 26.

309 5427 418 5497 (59)
441 5423 1046 5496 Προσαποπειρῶνται.
1066 5421 1224 5497 Forte
1241 5420 1420 5474 verius
1444 5432 1784 5497 προαποπει-

283 5486 456 5560 ὗντάι,
485 5486 654 5566 ’ρνίιιδ
695 5486 1033 5566 experiuntur
1096 5493 1214 5562 (seu
1276 5486 1497 5558 tentant)
1548 5486 1778 5540 uolatus.

281 5583 784 5707 ῖῗὲἕῗϐἳατιανόκ.
824 5631 1132 5707 (ζοηίηϐιιί.
1165 5629 1319 5707 gave
1349 5625 1552 5707 Hi_stor_.
1585 5624 1774 5707 litter.,

235 5693 341 5833 Boi.
373 5693 436 5768 Il,
462 5723 511 5777 p.
543 5707 630 5791 “.25,
659 5715 712 5762 et
739 5705 1045 5763 testimonia
1072 5703 1138 5759 de
1165 5700 1395 5757 Tatiano
1418 5698 1472 5752 in
1497 5696 1615 5766 ejus
1640 5693 1772 5750 edit.

286 5793 434 5833 ιοιι..
467 5793 516 5833 ι).
558 5795 598 5831 ι.

286 5793 434 5842 xon.,
465 5793 516 5848 p.
558 5795 598 5831 ι.

1885 5568 2000 5620 sup.

1960 5411 2072 5479 (61)
2099 5412 2438 5480 Εὑχόμενος
2467 5407 2584 5480 ἤδη
2631 5405 2735 5480 τόν
2786 5407 2992 5470 ὺπερκ.
3022 5397 3216 5456 Nescio
3241 5414 3314 5480 an
3341 5412 3437 5480 ve-

1889 5470 2004 5537 riu‘s
2049 5470 2337 5551 εὐχόμενος
2372 5470 2502 5551 ﬁrst
2541 5470 2638 5530 τὸν·
2675 5477 2868 5546 ὑπερκ.
2891 5487 3131 5542 precans,
3167 5470 3366 5539 petebat
3403 5483 3436 5521 α

1951 5551 2623 5694 ἴθ2)5ιὶῑόίγῗιῗ.ϐ.λιιὼῐευυω
2650 5626 2732 5672 est
2757 5613 2897 5683 λόγῳ
2919 5627 2987 5666 an
3003 5611 3176 5681 λόγων
3205 5607 3437 5676 scripse-

1881 5693 1950 5748 rit
1971 5703 2179 5748 auctor.
2219 5694 2295 5746 Ia.
