3964 6312
631 291 731 345 719

629 407 808 463 laudis
860 421 972 462 sum
1034 405 1264 471 ratione,
1332 412 1494 477 atque
1521 420 1587 462 ex
1632 384 1907 476 agnitione
1962 416 2171 473 nostra,
2202 416 2249 470 Α

632 498 774 556 Deus
828 499 1187 570 glori‘llcetur;
1244 496 1497 552 similiter
1549 512 1617 553 ex
1666 497 1998 555 hazreditatis
2029 500 2174 570 jure.

634 590 727 647 Sic
760 606 973 662 quoque
998 589 1203 643 dictum
1230 588 1521 653 illud,vivit
1549 587 1818 653 Dominus,
1841 598 2004 661 atque
2019 588 2175 655 illud,

632 685 860 740 surrexit
894 682 1153 737 Dominus
1178 694 1237 739 ἰ.

698 773 877 830 XLIII.
909 773 1143 843 Populus
1161 790 1311 845 quem
1329 788 1430 829 non
1454 789 1715 834 noveram.
1741 773 1950 828 seruiuit
1976 772 2176 840 miltib;

627 882 725 939 per
751 871 1136 921 testamentum
1164 881 1273 920 non
1301 880 1581 921 noveram.
1606 863 1738 919 Filii
1776 864 1957 928 alieni,
1992 864 2087 936 qui
2113 878 2179 920 ea

626 975 746 1031 qua:
768 958 990 1012 alterius
1018 964 1165 1019 sunt,
1193 956 1429 1011 aemulati
1453 967 1601 1012 sunt.

694 1047 878 1104 XLIV.
947 1046 1301 1118 Magniﬁcam
1361 1046 1558 1101 salutes
1598 1048 1731 1117 regis
1764 1050 1901 1117 ejus.
1940 1058 1963 1086 ο
2002 1044 2180 1116 Reges

625 1148 891 1197 vocantur
921 1154 1111 1195 omnes
1138 1139 1346 1202 fideles,
1386 1136 1441 1192 in
1470 1153 1695 1208 regnum
1750 1138 2024 1202 translati,
2057 1134 2180 1206 qui-

624 1249 732 1304 que
760 1230 997 1287 baeredes
1032 1230 1199 1286 futuri
1223 1236 1374 1286 sunt.

695 1321 854 1377 XLV.
891 1321 1153 1377 Malorum
1211 1320 1520 1383 tolerantia,
1575 1319 1809 1376 dulcedo
1853 1320 2071 1389 quidem
2096 1326 2180 1376 est

623 1415 781 1470 melle
814 1413 1019 1483 major;
1054 1428 1165 1467 non
1200 1420 1381 1466 autem
1425 1427 1532 1481 qua
1579 1412 1844 1466 malorum
1891 1410 2179 1466 tolerantia

623 1511 726 1567 est,
771 1503 866 1558 sed
896 1503 1107 1558 ratione
1136 1500 1345 1557 fructus
1377 1499 1645 1572 ejusmodi
1680 1501 2003 1557 tolerantia.
2029 1500 2179 1567 Quo-

623 1596 769 1650 niam
818 1595 1003 1667 itaque
1058 1594 1347 1651 continens
1385 1595 1476 1665 qui
1511 1602 1614 1658 est,
1658 1594 1727 1650 ab
1759 1593 2040 1649 all'cctibus
2066 1607 2178 1648 non

622 1696 706 1743 est
736 1702 960 1759 prorsus
976 1687 1256 1749 immunis,
1289 1694 1474 1758 utpote
1502 1687 1594 1757 qui
1628 1702 1737 1740 non
1766 1686 1970 1755 absque
1994 1684 2179 1739 labore

1763 288 2080 346 CLEMENS
2101 290 2650 350 ALEXANDRINUS.

3687 302 3756 359 τευ

2277 424 2369 461 σου
2411 408 2551 480 (65),
2587 408 2897 474 δεδόξασται
2922 409 2983 463 τὸ
3020 408 3190 481 ὄνομά
3238 427 3357 475 σου,
3389 411 3505 466 κατ’
3534 415 3759 484 ἐπίγνωσιν

2276 497 2451 569 ἡμῶν,
2483 498 2832 571 δοξαζομένου
2882 499 2975 554 τοῦ
3012 499 3147 553 Θεοῦ
3174 502 3314 557 κατά
3346 518 3408 555 τε
3448 503 3540 575 τὴν
3565 505 3758 579 κληρονο.

2281 585 2427 657 μίαν.
2476 588 2631 643 Οὕτω
2673 590 2769 644 καὶ
2812 589 2874 644 τὸ
2918 589 3003 660 Ζῇ
3054 592 3294 660 Κύριος,
3335 595 3430 647 καὶ
3478 595 3539 649 τδ
3580 599 3760 670 Ἀνέστη

2278 680 2506 746 Κύριος.

2345 772 2475 824 MI“.
2510 772 2667 838 Λαὸς
2692 772 2764 827 ὃν
2788 775 2898 828 οὐκ
2924 775 3131 844 ἔγνων,
3174 776 3502 833 ἐδούλευσέ
3527 795 3641 847 μοι’
3663 783 3762 837 κατὰ
3816 834 3817 841 η

2277 858 2539 931 διαθήκην
2563 863 2664 916 οὐκ
2702 862 2893 932 ἔγνων.
2934 865 3051 918 Υἱοὶ
3083 866 3409 934 ἀλλότριοι,
3437 867 3502 921 τὰ
3537 868 3620 923 τοῦ
3649 870 3761 928 Elin

2278 951 2372 1004 καὶ
2399 951 2748 1023 ἐζηλωκότες.

2349 1043 2477 1096 ΜΔν.
2514 1046 2876 1115 Meruit}er
2914 1045 3021 1114 τὰς
3054 1048 3357 1116 σωτηρίας
3399 1047 3503 1101 τοῦ
3533 1048 3763 1119 ﬁnalem

2276 1128 2484 1183 αὑτοῦ.
2518 1130 2762 1196 Βασιλεῖς
2783 1134 2981 1198 πάντες
3013 1134 3256 1204 λέγονται
3287 1137 3341 1190 οἱ
3371 1138 3544 1190 πιστοὶ
3574 1141 3640 1203 είς
3656 1140 3762 1210 βασι-

2278 1219 2426 1274 λείαν
2458 1220 2597 1276 κατά
2631 1223 2993 1295 κληρονομίαν
3019 1243 3102 1281 τε.

2348 1311 2480 1365 ME’.
2516 1312 2579 1365 Ἡ
2610 1313 2958 1385 μακροθυμία
2980 1314 3253 1388 γλυκύτης
3280 1319 3433 1373 ἐστὶν
3453 1320 3580 1391 ὑπὲρ
3595 1321 3645 1374 τὸ
3666 1321 3761 1390 μέλι,

2277 1402 2375 1472 οὐχ
2407 1403 2487 1455 ὅτι
2520 1404 2634 1457 ἐστὶ
2663 1404 3024 1476 μακροθυμία,
3052 1404 3186 1461 ἀλλά
3213 1408 3357 1462 κατά
3391 1408 3481 1462 τὸν
3504 1410 3681 1480 καρπὸν
3700 1412 3764 1481 τῆς

2281 1492 2675 1563 μακροθυμίας.
2710 1495 2861 1547 Ἐπεὶ
2898 1490 2987 1549 οὖν
3022 1497 3052 1549 ὁ
3083 1497 3359 1569 ἐγκρατής
3406 1500 3551 1553 ἐστιν
3584 1500 3763 1571 ἀπαθὴς,

2279 1580 2490 1652 κρατῶν
2520 1583 2618 1636 οὐκ
2656 1583 2869 1647 ἀπόνως
2898 1583 3006 1638 τῶν
3045 1583 3231 1639 παθῶν
3249 1603 3263 1616 ·
3299 1588 3429 1641 ὅταν
3461 1587 3515 1641 δὲ
3543 1588 3637 1653 ἕξις
3656 1589 3766 1659 γίνη-

2278 1690 2389 1736 ται,
2415 1674 2512 1727 οὐκ
2557 1673 2637 1727 ἔτι
2666 1677 2968 1747 ἐγκρατὴς,
3001 1679 3064 1730 ὲν
3096 1679 3197 1749 μιᾷ
3234 1677 3350 1746 ἕξει
3378 1680 3471 1735 καὶ
3503 1680 3625 1750 ἁγίῳ
3650 1680 3764 1733 Πνεύ-

621 1796 651 1834 a
681 1780 1029 1850 passionibus
1073 1781 1369 1835 contineat.
1403 1780 1537 1836 Cum
1586 1795 1716 1835 vero
1757 1780 1887 1834 insit
1937 1778 2176 1843 habitus,

2282 1779 2413 1832 ματι
2437 1763 2724 1835 γενομένου
2751 1763 2843 1818 τοῦ
2868 1762 3171 1836 ἀνθρώπου.

618 1867 762 1923 haud
796 1867 1029 1937 amplius
1060 1867 1349 1922 continens
1386 1874 1491 1929 est,
1531 1866 1674 1935 quod
1731 1868 1783 1920 in
1840 1880 1950 1921 uno
1993 1864 2176 1920 habitu

618 1969 672 2016 ct
695 1959 901 2031 Spiritu
937 1966 1130 2015 saneto
1156 1958 1320 2014 homo
1350 1974 1495 2013 nunc
1522 1960 1614 2013 sit.

686 2070 869 2127 XLVI.
904 2069 1142 2143 Spiritus
1190 2079 1474 2134 vocantur,
1509 2085 1630 2141 qum
1664 2070 1725 2124 in
1760 2071 1939 2125 anima
1968 2071 2181 2141 passio-

619 2182 719 2223 nes
748 2150 1040 2231 sunt,'non
1062 2168 1243 2219 autem
1275 2164 1502 2234 spiritus
1534 2171 1805 2233 potentes,
1825 2163 2025 2233 quippe
2053 2169 2182 2219 tunc

618 2256 780 2327 homo
807 2255 899 2326 qui
927 2254 1014 2310 bis
1035 2260 1185 2309 esset
1211 2253 1483 2309 obnoxius
1511 2253 1816 2310 damonum
1851 2254 1987 2325 legio
2021 2250 2179 2318 foret,

620 2348 715 2404 sed
730 2356 955 2419 propter
984 2344 1414 2417 suggestionem.
1442 2344 1640 2401 Eadem
1672 2346 1817 2401 enim
1845 2346 2046 2411 anima,
2068 2360 2183 2399 mu-

622 2441 825 2495 tatione
853 2436 1112 2510 quadam,
1144 2435 1285 2492 alias
1307 2443 1471 2507 atque
1520 2436 1657 2492 alias
1703 2437 1997 2507 qualitates
2046 2437 2177 2495 dum

619 2532 871 2602 recipiat.
904 2531 1132 2601 spiritus
1163 2537 1296 2586 tunc
1321 2527 1564 2601 recipere
1581 2531 1802 2586 dicitur.

691 2618 902 2679 XLVII.
934 2621 1097 2678 Ratio
1118 2637 1150 2677 a
1175 2630 1428 2678 creatura
1447 2621 1727 2677 discedere
1748 2636 1849 2677 nos
1876 2637 1981 2678 non
2003 2621 2180 2691 jubet,

623 2716 718 2772 sed
764 2716 844 2771 uti
884 2716 1032 2770 nulla
1078 2714 1397 2786 passionum
1448 2713 1717 2784 pravitate
1752 2729 1875 2769 cum
1929 2713 2019 2769 illa
2074 2725 2181 2770 una

618 2820 1008 2861 versaremur:
1045 2817 1281 2873 cumque
1306 2801 1510 2871 aliquid
1540 2798 1822 2868 acciderit,
1863 2810 1922 2856 ut
1950 2801 2179 2856 moleste

619 2907 730 2947 non
768 2892 1031 2955 feramus,
1056 2904 1160 2946 nec
1204 2891 1618 2954 contristemur,
1665 2905 1841 2959 neque
1867 2890 2179 2960 possidendi

624 2982 899 3041 desiderio
948 2982 1123 3038 simus
1176 2981 1408 3053 abrepti.
1459 2981 1595 3037 Cum
1640 2981 1708 3035 ab
1755 2979 1949 3036 allecto
2001 2998 2178 3037 rerum

620 3076 992 3169 possessione,
1018 3074 1309 3169 “omnique
1368 3072 1595 3169 libidine
1650 3073 1930 3130 discedere
1991 3075 2179 3169 jubeat
2200 3107 2250 3169 ε

620 3163 968 3218 Providentia
1002 3161 1207 3225 divina,
1247 3160 1305 3215 in
1336 3174 1433 3216 eos
1479 3160 1627 3217 solos
1663 3173 1967 3215 sermonem
1997 3161 2177 3227 vertit,

620 3258 712 3329 qui
736 3258 798 3311 in
832 3270 998 3311 carne
1027 3259 1335 3310 versantur.

688 3345 927 3403 XLVIII.
962 3344 1114 3401 Illico
1144 3342 1341 3399 Petrus
1364 3343 1419 3398 in
1454 3341 1780 3414 Apocalypsi
1809 3344 1962 3409 dicit,
1994 3343 2179 3399 infan-

619 3450 703 3497 tes
732 3437 1032 3503 abortivos,
1067 3442 1298 3492 conatus
1331 3450 1395 3490 ac
1424 3435 1591 3491 sortis
1620 3451 1744 3491 esse
1779 3437 2040 3504 melioris,
2078 3437 2178 3494 hos

618 3529 808 3601 angelo
834 3527 1003 3583 tutori
1043 3525 1210 3594 tradi,
1262 3534 1322 3581 ut
1365 3525 1611 3582 scientia:
1643 3527 1928 3597 praaceptis
1960 3527 2175 3593 imbuti,

619 3620 1006 3678 habitationem
1034 3618 1430 3674 nanciscantur
1460 3619 1762 3684 meliorem,
1795 3620 1983 3676 eadem
2028 3636 2180 3675 nem-

619 3728 685 3784 pe
721 3711 891 3783 passi,
926 3724 1047 3781 quae
1087 3709 1135 3766 si
1174 3709 1231 3763 in
1274 3724 1502 3780 corpore
1528 3711 1731 3767 versati
1780 3710 2039 3777 fuissent,
2080 3729 2179 3784 pa-

617 3807 897 3869 terentur;
922 3797 1117 3868 reliqui
1142 3811 1293 3858 vero,
1327 3796 1520 3853 salutis
1554 3804 1764 3853 tantum
1798 3798 1924 3853 ﬁent
1962 3799 2179 3869 partici-

618 3908 735 3963 pes,
768 3889 926 3961 quasi
942 3886 1199 3957 injuriam
1222 3885 1393 3956 passi,
1423 3886 1853 3942 misericordiam
1873 3889 2175 3952 consecuti,

617 3997 679 4035 ac
714 3987 932 4034 manent
955 3978 1074 4034 sine
1096 3976 1365 4040 cruciatu,
1405 3975 1613 4047 praemii
1656 3977 1775 4031 loco
1816 3977 1919 4032 hoc
1955 3978 2174 4047 quidem

617 4078 979 4143 reportantes.

686 4162 871 4219 XLIX.
929 4160 1216 4220 Mulierum
1247 4168 1430 4215 autem
1484 4160 1570 4214 lac
1607 4157 1852 4216 deﬂuens
1893 4177 1956 4216 ex
1999 4162 2175 4218 uberi-

614 4256 719 4312 bus
761 4270 826 4310 ac
844 4261 1184 4316 concretum,
1224 4251 1403 4321 inquit
1429 4250 1624 4306 Petrus
1666 4252 1719 4305 in
1743 4258 1799 4315 >14
1824 4254 2171 4325 Apocalypsi,

615 4346 818 4403 bestias
850 4360 1046 4418 parvas
1078 4360 1141 4398 ac
1166 4343 1485 4399 carnivoras
1516 4340 1725 4411 pariet,
1784 4350 1837 4397 et
1874 4344 1928 4398 in
1967 4360 2063 4400 eas
2097 4360 2177 4401 re-

615 4439 912 4503 currentia,
960 4436 1329 4500 devorabunt;
1376 4433 1634 4487 nimirum
1680 4442 1898 4503 propter
1950 4446 2173 4506 peccata
2204 4452 2250 4509 ι)

614 4530 829 4587 venisse
856 4544 1046 4601 pmnas
1088 4524 1424 4591 erudiendo;
1452 4539 1518 4579 ex
1568 4526 1807 4595 peccatis
1850 4527 2002 4581 nasci
2049 4527 2170 4584 illas

614 4623 767 4685 dicit,
805 4621 967 4678 sicuti
998 4628 1217 4691 propter
1260 4622 1479 4688 peccata
1519 4615 1860 4673 venundatus
1890 4625 1973 4672 est
2001 4634 2175 4689 popu-

2347 2051 2496 2118 Μετ’.
2530 2049 2820 2122 Πνεύματα
2847 2052 3058 2122 λέγεται
3088 2054 3156 2107 τὰ
3188 2055 3338 2128 πάθη
3367 2056 3436 2111 τά
3465 2059 3519 2111 ἐν
3546 2062 3603 2131 τῇ
3640 2060 3758 2132 ψυχῇ,

2280 2143 2379 2196 οὐκ
2406 2142 2650 2210 ἐξουσίας
2680 2144 2986 2215 πνεύματα,
3016 2148 3135 2200 ἐπεὶ
3164 2147 3322 2202 ἔσται
3355 2150 3591 2222 ἐμπαθὴς
3619 2152 3763 2223 ἄνθρω-

2282 2250 2380 2298 πος
2413 2233 2612 2317 λεγεὼν
2659 2235 2928 2306 δαιμόνων
2946 2254 2959 2267 ·
2993 2237 3127 2291 ἀλλά
3167 2239 3310 2293 κατὰ
3353 2241 3451 2313 τὴν
3508 2247 3758 2314 προτροτήν.

2292 2324 2355 2378 Ἦ
2405 2325 2513 2397 γὰρ
2562 2324 2697 2399 αὑτὴ
2746 2327 2922 2399 ψοχὴ,
2972 2329 3113 2382 κατά
3174 2332 3480 2400 μεταϐολὰς
3523 2334 3661 2398 ἄλλας
3700 2350 3759 2388 ιιι

2279 2417 2443 2482 ἄλλας
2471 2419 2754 2489 ποιότητας
2788 2420 2985 2484 κακίας
3016 2421 3413 2497 ἀναδεχομένη,
3441 2425 3680 2498 πνεύματα
3704 2426 3759 2481 λί-

2279 2525 2431 2579 γεται
2454 2508 2817 2581 ἀνειληφέναι.

2347 2602 2477 2655 MZ'.
2528 2602 2585 2654 '0
2622 2603 2776 2671 λόγος
2816 2603 2917 2673 τῆς
2969 2604 3195 2667 κτίσεως
3249 2604 3374 2677 (64)
3421 2605 3758 2676 ἀφίστασθαιώ

2279 2692 2513 2757 κελεύει,
2552 2692 2666 2746 ἀλλ’
2714 2694 3078 2764 ἀπροσπαθῶς
3132 2695 3452 2751 διοικεῖσθαι
3490 2696 3577 2768 τὴν
3612 2697 3758 2749 κτίσιν

2281 2781 2677 2854 ὲπισυμϐάντος
2703 2783 2761 2836 δέ
2788 2801 2952 2851 τινος,
2986 2784 3061 2856 μὴ
3103 2785 3453 2853 ἀγανακτεῖν,
3489 2787 3607 2859 μηδὲ
3632 2787 3759 2840 λυπε-

2280 2878 2435 2942 σθαι,
2467 2880 2601 2951 μηδὲ
2633 2880 2916 2953 ἐπιθυμεῖν
2959 2883 3265 2953 κτήσασθαι
3286 2902 3300 2915 ·
3334 2886 3433 2957 τῆς
3460 2888 3513 2939 ὲν
3539 2885 3667 2939 πάθει
3689 2902 3758 2938 που

2281 2973 2593 3044 ρακτήσεως
2629 2972 2958 3042 ἀφίστασθαι
3001 2974 3213 3029 κελεύει
3247 2978 3345 3031 καὶ
3384 2979 3552 3049 πάσης
3586 2995 3758 3049 προσπα-

2280 3063 2447 3128 θείας,
2475 3066 2510 3137 ἠ
2550 3064 2667 3119 θεία
2703 3066 2935 3137 Πρόνοια
2975 3067 3307 3139 ἀναστρέφει
3350 3070 3444 3123 ἐπὶ
3480 3069 3645 3140 μόνους
3675 3069 3757 3129 τοὺς

2282 3161 2340 3212 ὲν
2366 3160 2528 3232 σαρκί
2557 3159 2688 3231 (65).

2347 3336 2487 3391 MH'.
2519 3334 2724 3390 Αὐτίκα
2748 3338 2776 3390 ὁ
2808 3337 3012 3410 Πέτρος
3048 3341 3104 3393 ὲν
3136 3342 3201 3412 τῇ
3261 3337 3600 3409 ’Δποκαλύψει
3628 3333 3755 3405 φησὶν.

2278 3427 2345 3481 τά
2392 3425 2565 3497 βρέφη
2622 3427 3073 3498 ὲξαμϐλωθέντα,
3120 3430 3218 3501 τῆς
3282 3431 3552 3503 ἀμείνονος
3593 3427 3755 3496 ἐσόμενα

2279 3517 2474 3589 πείρας
2497 3516 2630 3588 (66),
2656 3518 2829 3572 ταῦτα
2857 3520 3072 3592 ἀγγέλῳ
3096 3522 3415 3594 τημελούχῳ
3435 3516 3753 3592 παραδίδοσθαι.

2278 3609 2385 3673 ἵνα,
2414 3607 2663 3677 γνώσεως
2695 3611 3084 3680 μεταλαϐόντα,
3123 3614 3221 3685 τῆς
3262 3613 3531 3685 ἀμείνονος
3560 3611 3671 3682 τύχη
3699 3623 3755 3677 μοι

2266 3698 2393 3769 γῆς,
2425 3698 2663 3753 παθόντα
2696 3699 2731 3754 ἀ
2762 3700 2828 3755 ἂν
2862 3702 3059 3757 ἔπαθεν
3089 3705 3181 3758 καὶ
3209 3707 3269 3759 ὲν
3304 3704 3505 3776 σώματι
3534 3702 3750 3772 γενόμενα·

2276 3790 2344 3844 τὰ
2376 3789 2419 3842 δ’
2449 3790 2608 3861 ἕτερα
2641 3791 2807 3862 μόνης
2850 3792 2956 3861 τῆς
3001 3795 3275 3865 σωτηρίας
3307 3793 3564 3859 τεύξεται,
3589 3791 3649 3853 ὡς
3680 3787 3753 3855 ᾖδες

2277 3881 2486 3952 κημὲνα
2530 3881 2844 3953 ὲλεηθέντα,
2882 3885 2976 3938 καὶ
3011 3884 3161 3958 μένει
3205 3887 3336 3941 ἄνευ
3367 3886 3625 3945 κολάσεως,
3649 3878 3753 3931 τοῦτο

2266 3973 2440 4045 ’γέρας
2468 3973 2717 4029 λαϐόντα.

2344 4148 2475 4203 ΜΘἏ
2505 4148 2577 4201 Τὸ
2605 4147 2662 4202 δὲ
2710 4148 2849 4217 γάλα
2900 4148 3007 4204 τῶν
3055 4151 3353 4219 γυναικῶν,
3405 4150 3519 4222 ῥέον
3561 4144 3649 4199 ἀπὸ
3680 4137 3749 4191 τῶν

2270 4239 2497 4311 ,μαστῶν
2545 4239 2641 4293 καὶ
2693 4239 3067 4312 πηγνύμενον,
3116 4241 3282 4311 φησιν
3333 4242 3361 4294 ὁ
3402 4240 3586 4310 Πέτρος
3627 4236 3670 4286 ἐν
3704 4229 3748 4294 τῇ

2287 4328 2642 4400 Ἀποκαλύψει
2663 4368 2679 4395 ,
2729 4336 2976 4403 γεννήσει
3026 4330 3190 4401 θηρία
3249 4330 3417 4385 λεπτά
3476 4323 3747 4398 σαρκοφάγα,

2276 4423 2369 4476 καὶ
2398 4421 2763 4494 ἀνατρέχοντα
2789 4423 2868 4486 είς
2892 4422 3079 4486 αὑτὰς,
3112 4423 3407 4484 κατεσθίει,
3434 4420 3513 4475 διὰ
3537 4417 3750 4484 τὰςὰμαρ-

2275 4510 2394 4575 τίας
2449 4510 2693 4580 γίνεσθαι
2757 4510 2855 4576 τάς
2929 4510 3175 4576 κολάσεις
3239 4512 3513 4567 διδάσκων.
3556 4508 3632 4560 Ἐκ
3675 4500 3748 4554 τῶν

2275 4601 2557 4674 ἁμαρτιῶν
2628 4601 2915 4671 γεννᾶσθαι
2966 4601 3133 4667 αὑτάς
3204 4621 3397 4676 φησιν,
3449 4602 3519 4665 ὡς
3575 4597 3645 4651 διὰ
3683 4592 3747 4650 ﬁt

613 4717 701 4771 Ius
723 4680 1028 4785 {quodque
1058 4680 1116 4766 in
1139 4680 1416 4767 Christum
1448 4708 1670 4764 credere
1701 4709 1891 4773 noluit,
1924 4680 2018 4764 uti.
2039 4680 2171 4765 dicit

2277 4692 2543 4764 ἁμαρτίας
2572 4692 2784 4765 ἐπράθη
2815 4694 2843 4746 ὁ
2883 4691 3008 4756 λαός
3028 4709 3042 4723 ο
3086 4694 3182 4747 καὶ
3225 4693 3316 4747 διὰ
3355 4693 3449 4764 τὴν
3476 4694 3546 4754 εἰς
3579 4680 3747 4758 Χριστὸν

614 4808 924 4879 Apostolus,
954 4820 985 4858 a
1012 4802 1356 4873 serpentibus
1389 4801 1759 4857 mordebatur.

683 4968 744 5026 L.
796 4968 941 5025 Dixit
989 4966 1212 5038 quidam
1260 4980 1450 5031 senex,
1503 4965 1706 5020 animal
1757 4980 1879 5022 esse
1925 4964 2069 5036 quod
2106 4965 2162 5019 in

752 5136 777 5167 ι
819 5123 952 5179 Luc.
982 5138 1131 5184 xxxv,
1160 5121 1249 5175 54.
1324 5120 1353 5160 δ
1391 5118 1535 5178 Psal.
1570 5136 1704 5188 xvu,
1735 5122 1825 5178 45.
1903 5132 1926 5161 ο
1963 5119 2097 5177 Ibid.
2131 5118 2221 5175 5t.

739 5277 793 5348 ‘5)
846 5276 1005 5348 Κατά
1041 5270 1370 5348 ulmeae.
1398 5277 1465 5332 A.
1500 5277 1784 5348 legendum
1824 5276 2158 5348 suspicatur,

2270 4780 2556 4845 ἀπιστίαν,
2587 4780 2665 4844 ὡς
2698 4783 2863 4854 φησιν
2891 4784 2921 4836 ό
2958 4783 3275 4848 ’Δπόστολος
3300 4824 3314 4849 ,
3349 4784 3450 4837 ὑπὸ
3480 4783 3574 4835 τῶν
3621 4778 3744 4843 ὅτεων

2270 4873 2571 4928 ὲδάκνοντο.

2336 4964 2418 5017 N'.
2438 4964 2629 5034 Ἔλεγε
2656 4965 2964 5037 πρεσϐύτης
2996 4964 3133 5032 ζῶον
3166 4963 3305 5022 εἶναι
3328 4970 3386 5021 τὸ
3412 4965 3537 5020 κατά
3555 4954 3739 5030 γαστρός·

2302 5123 2360 5183 i4
2402 5117 2464 5176 P.
2489 5049 2641 5188 {90:1
2681 5118 2787 5176 BD.
2818 5118 3113 5178 POTTER.

2338 5232 2450 5343 (65)
2520 5273 2900 5343 Ἀναστρέςεει
2945 5274 3045 5328 ἐπὶ
3068 5276 3295 5344 μόνους
3323 5275 3456 5339 τοὺς
3496 5258 3736 5344 ὲν-σιιριίτ

682 5278 793 5403 ἓθῆ
820 5278 1005 5362 ,Κατά
1041 5278 1212 5329 αῖνόν
1237 5289 1370 5330 σου.
1398 5278 1465 5332 Α.
1500 5278 2158 5359 ιρεειιιίιιιιιιειιερίεοιιιι,

610 5366 687 5404 κα
721 5350 756 5403 ἀ
786 5363 866 5409 εις
884 5362 1097 5416 ὡαιωνας
1127 5344 1434 5416 δεδόξασται
1469 5365 1482 5378 ο
1531 5348 1698 5403 alludt
1727 5363 1869 5401 enlm
1895 5348 1961 5400 ad
1987 5347 2163 5399 locum

2338 5278 2450 5343 (65)
2520 5278 2900 5343 Ἀναστρέςεει
2945 5278 3045 5328 ἐπὶ
3068 5278 3295 5344 μόνους
3323 5278 3456 5339 τοὺς
3496 5278 3558 5325 ὲν
3590 5278 3736 5330 nupti.

2277 5341 2436 5397 Paulo
2464 5345 2656 5399 melius
2677 5345 2899 5416 ἀναστρ.
2932 5345 3010 5397 ἔτι
3047 5345 3304 5416 μένοντας
3339 5348 3395 5398 ὲν
3433 5339 3589 5416 σαρκί,
3614 5333 3737 5416 αόιιξ

612 5420 826 5487 quiest
876 5414 1002 5487 Sap.
1053 5431 1133 5487 Ill:
1184 5410 1420 5472 ln'FIor.
1460 5419 1591 5475 edit.
1618 5425 1871 5485 corrupte
1900 5419 2165 5485 scriptum
2262 5423 2642 5487 commor‘antes
2696 5415 2750 5467 in
2800 5410 2898 5487 hoc
2933 5410 3116 5487 _cafne
3167 5431 3185 5468 :
3227 5423 3295 5487 ut
3349 5410 3739 5487 ἀναστρέψῃ

612 5483 753 5541 κατὰ
784 5483 1059 5538 αίνονόσω.
1097 5483 1355 5541 Summo.

682 5555 796 5625 (64)
853 5552 967 5621 Τῆς
1012 5556 1277 5623 κτίσεως.
1310 5553 1504 5626 Aptius
1536 5557 1634 5627 τῆς
1665 5558 1935 5627 κτήσεως,
1987 5554 2166 5627 acqui-

612 5628 798 5699 sitione
822 5633 872 5679 et
905 5627 1226 5699 possessione
1263 5625 1515 5680 bonorum
1556 5625 1847 5699 {itemque
1898 5639 2023 5680 mox
2067 5625 2165 5692 τὴν

612 5697 799 5765 κτῆσιν
822 5712 835 5724 ·
870 5702 925 5749 ut
953 5696 1226 5751 declarant
1255 5699 1553 5765 sequentia.
1584 5694 1655 5750 In.

2263 5482 2630 5551 προσπαθείας
2656 5498 2751 5553 per
2773 5484 2985 5553 ellipsin
3025 5484 3417 5553 praepositionis
3449 5476 3544 5535 ἁτὲό
3581 5476 3734 5530 dictum

2259 5557 2368 5615 sit,
2398 5561 2450 5607 ut
2493 5554 2621 5607 alibi
2654 5552 2927 5607 ἀνακαλεῖ.
2963 5552 3224 5609 Summis.

2331 5612 2442 5695 (δεῖ)
2497 5624 2729 5692 Πείρας.
2760 5622 2879 5680 Νοιι
2905 5626 3046 5681 male
3084 5638 3208 5681 cum
3233 5622 3297 5679 Il.
3324 5628 3541 5695 legemus
3568 5612 3729 5688 μοίραις·
