3964 6312
204 319 311 377 πει

870 319 1094 376 DUBIA.
1130 352 1200 364 —
1237 320 1532 380 ECLOGAE
1572 321 1665 378 EX
1698 321 2108 380 SCRIPTURIS
2134 319 2614 397 PROPHETICIS.

3326 320 3443 376 729‘

196 434 480 492 εἰσιοῦσαν
510 436 617 510 γὰρ
658 437 757 510 τὴν
804 436 980 512 ψυχήν
1024 441 1103 505 εἰς
1150 438 1250 512 τὴν
1285 442 1495 514 μήτραν
1539 442 1647 497 ἀπὸ
1672 443 1771 515 τῆς

1896 452 2059 502 νεηιτθ
2111 444 2401 515 reperitur.
2433 442 2739 517 lngressam
2773 440 2921 497 enim
2963 439 3200 497 animam
3228 436 3285 494 in
3317 453 3433 492 ma-

201 529 523 601 καθάρσεως
543 530 977 605 ηὐτρεπισμένην
1018 534 1095 596 εἰς
1123 533 1403 606 σύλληψιν,
1426 536 1518 589 καὶ
1562 537 1771 609 είσκρι-

200 622 392 676 θεῖσαν
420 622 525 676 ὑπό
540 639 682 687 τινος
707 623 901 696 τῶντῇ
930 624 1138 694 γενέσει
1165 626 1479 696 ἐφεστώτων
1507 628 1770 698 ἀγγέλων,

201 713 720 785 παραγινὼσκοντος
749 715 841 770 τὸν
881 716 1070 788 καιρὸν
1101 717 1201 788 τῆς
1234 718 1573 790 συλλήψεως,
1608 723 1774 774 κινεῖν

200 805 348 878 πρὸς
378 806 663 862 συνουσίαν
689 806 786 878 τὴν
812 811 1063 876 γυναῖκα.
1110 809 1552 880 Καταϐληθέντος
1575 810 1631 864 δὲ
1681 811 1773 866 τοῦ

203 898 546 971 σπέρματος,
576 898 651 964 ὠς
682 901 876 964 είπείν,
912 902 1298 966 ἐξοικειοῦσθαι
1319 902 1380 958 τὸ
1414 905 1471 958 ὲν
1496 904 1573 975 τῷ
1608 903 1774 976 σπέρ-

204 1008 348 1061 ματι
375 990 611 1064 πνεῦμα,
638 993 732 1047 καὶ
767 992 911 1047 οὕτω
960 994 1427 1067 συλλαμϐάνεσθαι
1462 999 1526 1069 τῇ
1561 996 1771 1055 πλάσει.

201 1082 528 1157 Μαρτύριον
577 1085 854 1156 ὠνόμασεν
889 1088 1072 1153 πᾶσιν,
1109 1089 1345 1160 ὁπηνίκα
1391 1089 1457 1144 ἂν
1494 1089 1775 1158 εὐαγγελί-

201 1175 413 1239 ζωνται
437 1178 487 1231 oi
520 1176 739 1247 ἄγγελοι
782 1180 879 1243 τὰς
917 1180 1156 1252 στείρας,
1186 1175 1297 1235 οἷον
1346 1182 1777 1254 προεισκρίνουσι

200 1263 316 1334 τῆς
338 1266 650 1338 συλλήψεως
657 1267 753 1332 τὰς
770 1267 963 1338 ψυχάςο
985 1268 1078 1323 καὶ
1092 1269 1239 1344 εει-εξ)
1251 1268 1564 1340 Εὐαῃελίῳ
1574 1266 1638 1320 τὸ
1647 1264 1781 1335 ,βρέ-

196 1363 769 1433 φοςέσκρτησενὼς
788 1357 1031 1431 ἔμψυχον
1063 1359 1192 1433 (67)’
1232 1361 1325 1416 καὶ
1359 1363 1413 1416 αί
1446 1364 1651 1434 στεῖραι
1692 1360 1779 1414 διὰ

202 1444 374 1499 τοῦτο
400 1447 505 1500 είσι
551 1452 781 1522 στεῖραι,
818 1451 893 1516 ὡς
920 1451 983 1505 ἂν
1017 1452 1091 1525 μὴ
1130 1453 1539 1526 είσκρινομένης
1562 1455 1658 1525 τῆς
1683 1453 1781 1525 τὴν

204 1539 310 1592 τοῦ
363 1540 671 1613 σπέρματος
718 1544 1017 1617 καταόολὴν
1065 1546 1398 1618 συναγούσης
1439 1549 1516 1611 είς
1549 1545 1781 1618 κατοχὴν

207 1632 533 1705 συλλήψεως
559 1635 652 1690 καὶ
685 1638 1006 1708 γεννήσεως,

1718 1700 1852 1855 ιζ,

285 1896 416 1950 NA'.
451 1900 517 1951 Οἱ
536 1898 776 1966 οὐρανοί
804 1899 912 1970 (68)
945 1898 1285 1971 διηγοῦνται
1316 1902 1501 1969 δόξαν
1526 1890 1693 1971 Θυῢί
1718 1906 1779 1958 Οί

203 1989 439 2060 οὐρανοὶ
483 1988 729 2058 λέγονται
783 1991 1086 2064 πολλαχῶς,
1136 1997 1232 2050 καὶ
1256 1997 1305 2050 οἱ
1349 1995 1487 2051 κατά
1514 1996 1784 2069 διάστημα

204 2083 313 2136 καὶ
339 2082 604 2154 περίοδον,
653 2082 746 2137 καὶ
773 2084 824 2137 οἱ
853 2083 994 2139 κατὰ
1024 2085 1283 2158 διαθήκην
1329 2086 1436 2141 τῶν
1488 2085 1785 2159 πρωτοκτίσ

208 2190 362 2228 στων
402 2172 651 2243 ἀγγέλων
687 2173 934 2246 ἐνέργεια
973 2178 1247 2250 προσεχής
1282 2178 1411 2250 (69)·
1451 2178 1786 2251 κυριωτέραν

205 2265 329 2339 γὰρ
358 2265 659 2338 παρουσίαν
683 2265 928 2335 ἀγγέλων
960 2269 1017 2323 αἱ
1050 2267 1304 2340 διαθῆκαι
1334 2269 1641 2343 ὲνήργησαν
1652 2270 1784 2343 (70),

207 2358 245 2429 ἡ
279 2357 374 2412 ἐπὶ
404 2356 595 2428 Ἀδὰμ,
628 2358 663 2429 ή
682 2359 775 2412 ἐπὶ
801 2356 946 2421 Νῶε,
973 2360 1007 2430 ή
1032 2359 1126 2414 ἐπὶ
1168 2359 1434 2432 Ἀϐραὰμ,
1451 2363 1485 2432 ή
1513 2361 1606 2415 ἐπὶ
1626 2362 1788 2416 Μωῦ-

210 2449 377 2514 σέως.
408 2448 509 2502 Διὰ
534 2449 643 2522 γάρ
672 2449 767 2503 τοῦ
798 2449 1003 2522 Κυρίου
1040 2451 1353 2523 κινηθέντες
1396 2452 1786 2524 πρωτόκτιστοι

206 2549 457 2619 ἄγγελοι,
472 2551 735 2622 ἐνήργουν
764 2552 842 2616 είς
867 2549 994 2614 τοὺς
1025 2551 1310 2621 προσεχεῖς
1336 2551 1447 2614 τοῖς
1485 2549 1789 2619 προφήταις

208 2641 504 2710 ἀγγέλους,
541 2640 832 2714 ἡγούμενοι
859 2642 1014 2709 δόξαν
1034 2641 1190 2705 Θεοῦ,
1205 2641 1302 2705 τὰς
1326 2640 1607 2713 διαθήκας.
1634 2639 1790 2693 Ἀλλὰ

210 2733 318 2788 καὶ
348 2733 418 2788 τὰ
455 2733 597 2788 κατὰ
623 2734 721 2807 τήν
758 2735 862 2807 γῆν
900 2735 1161 2807 γενόμενα
1191 2735 1281 2788 ὑπ’
1312 2732 1556 2807 ἀγγέλων
1569 2732 1656 2787 διὰ
1684 2732 1790 2786 τῶν

211 2827 640 2898 πρωτοκτίστων
670 2827 915 2898 ἀγγέλων
946 2829 1190 2896 ἐγένοντο
1214 2827 1292 2891 είς
1310 2825 1465 2893 δόξαν
1490 2825 1645 2879 Θεοῦ.

295 3027 423 3081 NB'.
475 3027 778 3082 Καλοῦνται
805 3027 862 3082 δὲ
889 3027 1105 3101 οὐρανοὶ
1133 3026 1336 3100 κυρίως
1368 3026 1467 3099 μὲν
1493 3027 1523 3081 ὁ
1568 3024 1789 3097 Κύριος,

211 3119 415 3173 ἔπειτα
454 3118 511 3173 δὲ
544 3120 638 3174 καὶ
666 3120 716 3173 οί
746 3119 1158 3191 πρωτόκτιστοι,
1188 3117 1303 3191 μεθ’
1331 3117 1425 3183 οὓς
1451 3118 1543 3173 καὶ
1566 3119 1616 3171 oi
1647 3119 1790 3188 ἆγιοι
1817 3158 1860 3216 C

212 3211 330 3285 πρὸ
357 3211 523 3284 νόμου
548 3211 843 3284 ἄνθρωποι,
873 3212 948 3276 ὡς
978 3213 1028 3266 oi
1073 3211 1405 3284 πατριάρχαι
1425 3213 1519 3266 καὶ
1555 3211 1792 3283 Μωῦσῆς

214 3304 320 3359 καὶ
351 3305 401 3358 οἱ
434 3305 724 3377 προφῆταιο
747 3300 868 3359 εἶτα
903 3304 998 3359 καὶ
1022 3306 1071 3359 οἱ
1100 3303 1402 3361 ἀπόστολοι.
1433 3305 1685 3371 Ποίησιν
1725 3303 1794 3357 δὲ

214 3394 443 3466 χειρῶν
471 3396 658 3451 αὐτοῦ
691 3395 1044 3467 ἀναγγέλλει
1078 3396 1142 3451 τὸ
1164 3398 1482 3467 στερέωμα.
1502 3395 1794 3468 Στερέωμα

211 3492 373 3562 λέγει
394 3493 487 3547 τὸν
517 3492 648 3548 Θεὸν
690 3494 777 3548 τὸν
818 3495 997 3567 άπαθῆ
1025 3496 1118 3550 καὶ
1170 3496 1559 3568 ἀμετάϐλητσν,
1595 3496 1671 3560 ὡς
1701 3497 1796 3550 καὶ

212 3584 436 3656 ἀλλαχῆ
466 3587 495 3640 ὁ
522 3586 681 3651 αὐτὸς
696 3585 881 3650 Δαϐὶδ,
907 3581 1211 3659 ’ᾼΓαπήσω
1224 3603 1318 3654 σε,
1341 3590 1539 3659 Κύριε,
1562 3590 1599 3659 ἠ
1616 3589 1795 3660 ἰσχύς

209 3694 362 3747 μου.
394 3679 611 3747 Κύριος
641 3679 941 3750 στερέωμά
980 3698 1119 3750 μου,
1174 3680 1273 3736 καὶ
1318 3681 1625 3752 καταφυγή
1654 3699 1793 3752 μου.

214 3771 337 3842 Τὴν
359 3769 574 3840 ποίησιν
597 3766 690 3825 οὖν
722 3769 828 3824 τῶν
848 3771 1042 3844 χειρῶν
1063 3772 1226 3827 αὐτοῦ
1261 3773 1392 3828 αὐτὸ
1418 3773 1478 3828 τὸ
1512 3773 1796 3847 στερέωμα

216 3859 565 3929 ἀναγγέλλει,
585 3860 860 3915 τουτέστιν
886 3861 1123 3917 δείκνυσι
1146 3862 1242 3916 καὶ
1268 3862 1441 3933 φαίνει
1458 3863 1555 3936 τήν
1579 3850 1823 3935 ποίησιν’

214 3952 337 4006 τῶν
361 3953 604 4022 ἀγγέλων
628 3952 811 4008 αὐτοῦ’
841 3953 1158 4024 ἀναγγέλλει
1179 3954 1287 4026 γὰρ
1307 3956 1400 4010 καὶ
1422 3955 1690 4011 δείκνυσιν
1704 3956 1796 4022 οὓς

221 4044 509 4117 ἐποίησεν.

299 4244 427 4299 ΝΡ.
481 4241 692 4313 Ἡμέρα
735 4241 810 4312 τῇ
863 4242 1050 4314 ἡμέρᾳ
1073 4245 1373 4315 ἐρεύγεται
1393 4245 1577 4315 ῥῆμα.
1627 4246 1715 4310 Ὠς
1748 4249 1797 4302 οἱ

221 4337 447 4408 οὐρανοὶ
480 4333 781 4405 πολλαχῶς,
811 4334 981 4399 οὕτως
1021 4336 1117 4390 καὶ
1146 4337 1179 4407 ἡ
1206 4336 1403 4408 ήμέρα.
1450 4337 1628 4409 Ῥῆμα
1659 4337 1715 4392 δὲ
1769 4340 1798 4392 ὸ

225 4426 455 4498 Κύριος
486 4426 578 4481 καὶ
601 4428 630 4481 ὁ
666 4425 826 4491 αὐτὸς
854 4425 912 4479 δὲ
948 4426 1129 4500 ήμέρα
1155 4427 1396 4499 πολλαχῆ
1425 4428 1656 4501 εἴρηται.
1683 4427 1796 4483 Kal

1874 537 2069 594 tricem
2100 551 2199 608 per
2221 534 2665 592 emundationem
2696 533 2765 589 ad
2814 532 2981 590 fetum
3013 529 3430 602 concipiendum

1874 630 2011 685 bene
2057 639 2442 700 praeparatam.
2473 635 2636 698 atque
2680 627 2751 682 ab
2789 625 3104 698 angelorum
3133 623 3314 693 aliquo
3340 620 3434 691 qui

1875 720 2157 779 hominum
2178 719 2516 792 generationi
2548 725 2792 790 praesunt
2818 716 3078 780 infusam,
3109 714 3203 785 qui
3230 722 3283 770 et
3306 728 3439 767 con-

1874 812 2144 885 ceptionis
2172 812 2632 884 opportunitatem
2662 810 3063 879 articulumque
3100 806 3305 878 optime
3344 820 3438 859 co-

1875 904 2144 977 gnoverit,
2184 920 2402 961 movere
2442 904 2509 959 ad
2557 903 2736 960 mariti
2761 902 3078 972 complexus
3107 898 3387 955 mulierem
3419 912 3435 948 :

1877 997 2085 1055 semine
2115 1012 2244 1053 vero
2277 996 2588 1061 commisto,
2626 1002 2687 1051 ut
2716 996 2791 1050 ita
2832 993 3047 1064 loquar,
3076 991 3305 1062 spiritus
3346 988 3438 1060 qni

1877 1091 2096 1161 quidem
2144 1090 2201 1145 in
2258 1088 2469 1145 semine
2499 1096 2606 1153 est,
2640 1088 2815 1143 amice
2845 1084 3222 1157 conjungitur,
3248 1083 3441 1152 sicque

1880 1196 1975 1253 per
2025 1180 2409 1237 formationem
2455 1180 2693 1250 concipi.
2753 1178 3023 1234 Omnibus
3079 1179 3160 1234 rei
3211 1175 3440 1245 hujusce

1880 1272 2257 1328 testimonium
2293 1272 2589 1343 perhibuit,
2627 1286 2753 1325 cum
2786 1271 3011 1342 angelos
3042 1269 3132 1335 iis,
3173 1284 3295 1340 qua:
3324 1274 3439 1324 ste-

1880 1362 2011 1419 riles
2037 1370 2165 1418 sunt
2194 1361 2540 1425 annuntiant,
2565 1369 2691 1417 ante
2719 1361 3131 1431 conceptionem
3160 1358 3446 1414 infundere

1882 1454 2115 1509 animas.
2163 1454 2226 1508 Et
2274 1454 2328 1509 in
2384 1453 2676 1525 Evangelie
2728 1454 3011 1511 exsultavit
3065 1452 3306 1523 infantia,
3361 1461 3446 1507 ut-

1881 1554 2007 1618 pote
2038 1546 2261 1619 quijam
2295 1546 2476 1601 anima
2514 1547 2773 1617 praeditus
2825 1556 2992 1603 esset.
3026 1545 3178 1601 Hanc
3206 1546 3276 1602 ob
3314 1560 3446 1600 cau-

1884 1653 1999 1694 sam
2053 1638 2269 1694 steriles
2315 1647 2443 1695 sunt
2493 1640 2727 1704 steriles,
2762 1639 2922 1710 quasi
2974 1653 3087 1694 non
3125 1636 3447 1699 infundatur

1886 1731 2092 1796 anima,
2115 1745 2245 1802 quae
2265 1745 2451 1787 semen
2486 1730 2799 1801 conjectum
2827 1731 3068 1803 colligat,
3098 1729 3166 1785 ad
3213 1745 3447 1802 concep-

1883 1823 2049 1878 tionis
2066 1838 2131 1878 ac
2161 1824 2533 1894 generationis
2560 1824 2930 1880 detentionem
2964 1834 3190 1879 rectam.

1949 1914 2114 1987 366
2142 1913 2223 1969 LI.
2252 1912 2382 1970 Catii
2418 1925 2669 1971 enarrant
2710 1917 2935 1986 gloriam
2984 1915 3147 1972 Deib.
3177 1914 3315 1972 Caeli
3364 1913 3448 1969 div

1882 2013 2082 2061 cuntur
2113 2006 2301 2064 multis
2347 2007 2558 2075 modis;
2591 2008 2686 2078 qui
2738 2009 2951 2064 scilicet
2994 2023 3092 2080 per
3128 2005 3449 2064 distantiam

1883 2112 1948 2153 ac
1983 2098 2264 2170 periodum
2298 2088 2449 2160 sunt.
2475 2108 2530 2154 et
2558 2100 2652 2172 qui
2683 2115 2779 2171 per
2805 2107 3191 2156 testamentum
3232 2099 3452 2171 angelo-

1884 2208 2004 2247 rum
2052 2192 2229 2262 primo
2278 2201 2588 2248 creatorum
2634 2194 2809 2249 virtus
2855 2192 3187 2248 immediate.
3240 2192 3454 2264 Quippe

1884 2285 2205 2357 angelorum
2258 2286 2607 2356 praesentiam
2652 2285 3094 2357 principaliorem
3124 2291 3455 2341 testamenta

1886 2393 1983 2433 ceu
2017 2376 2401 2434 ftedera‘sunt
2446 2385 2691 2449 operata,
2742 2377 2801 2431 in
2852 2376 3083 2442 Adamo,
3119 2377 3175 2440 in
3220 2374 3354 2440 Noe,
3397 2376 3452 2432 in

1886 2469 2215 2534 Abrahamo,
2251 2471 2307 2525 in
2357 2470 2560 2542 Moyse.
2599 2469 2791 2524 Primae
2830 2469 2976 2525 enim
3022 2468 3323 2524 creationis
3353 2482 3457 2522 an-

1885 2563 1988 2632 geli
2023 2577 2053 2616 a
2080 2562 2307 2617 Domino
2335 2564 2486 2631 moti,
2509 2563 2564 2617 in
2593 2562 2814 2635 angelos
2844 2562 3125 2633 prophetis
3148 2562 3457 2618 immediate

1887 2654 2212 2725 conjunctos
2240 2693 2255 2718 ,
2312 2654 2522 2724 operati
2579 2664 2733 2720 sunt,
2792 2654 3173 2711 existimantes
3221 2655 3453 2727 gloriam
3500 2672 3505 2675 δ

1891 2746 2010 2813 Dei,
2041 2747 2298 2801 nimirum
2328 2754 2655 2803 testamenta
2700 2761 2800 2802 ceu
2859 2745 3086 2802 ftedera.
3112 2744 3247 2802 Nam
3293 2762 3455 2817 opera

1889 2854 2010 2911 qua
2037 2838 2105 2893 ab
2137 2838 2346 2910 angelis
2393 2837 2448 2892 in
2495 2847 2640 2893 terra
2671 2845 2893 2910 peracta
2934 2844 3064 2895 sunt
3092 2852 3189 2908 per
3224 2838 3461 2894 creatio-

1890 2932 1979 2988 nis
2002 2931 2191 3005 primae
2221 2931 2442 3004 angelos
2471 2932 2527 2986 in
2555 2930 2651 2987 Dei
2680 2931 2910 3004 gloriam
2943 2930 3086 2987 edita
3111 2928 3354 2987 fuerunt.

1960 3022 2070 3080 LII.
2099 3025 2237 3080 Coeli
2268 3038 2399 3079 vero
2436 3031 2727 3088 vocantur,
2758 3023 3036 3096 praecipue
3086 3022 3328 3094 quidem,
3361 3021 3462 3078 Do-

1891 3116 2106 3186 minus;
2140 3117 2264 3172 dein
2290 3126 2491 3181 autem,
2531 3118 2625 3188 qui
2647 3116 2825 3187 primo
2853 3114 3073 3171 fuerunt
3104 3116 3269 3171 creati
3294 3134 3308 3183 ;
3338 3123 3460 3186 post

1895 3209 1997 3266 hos
2029 3219 2084 3266 et
2128 3209 2378 3267 homines
2408 3210 2583 3266 sancti
2609 3216 2737 3264 ante
2763 3208 2962 3280 legem,
2986 3224 3183 3280 nempe
3221 3209 3460 3280 patriar-

1893 3304 2029 3371 chat,
2061 3313 2116 3361 et
2148 3303 2382 3376 Moyses,
2411 3310 2575 3375 atque
2630 3301 2907 3373 prophetat
2929 3308 3031 3369 ;~et
3060 3301 3187 3357 dein
3242 3314 3460 3372 quoque

1892 3395 2147 3469 apostoli.
2183 3393 2329 3465 Opus
2365 3410 2483 3450 vero
2515 3409 2766 3449 manuum
2802 3393 2916 3461 eius
2946 3394 3229 3447 annuntiat
3273 3394 3460 3463 ﬁrma-

1893 3495 2146 3543 mentum.
2185 3484 2620 3542 Firmamentum
2649 3492 2809 3541 vocat
2849 3483 3039 3550 Deum,
3067 3484 3160 3555 qui
3190 3499 3218 3537 a
3251 3484 3461 3554 passio-

1894 3594 1964 3635 ne
1992 3578 2251 3634 immunis
2279 3586 2364 3637 est
2398 3591 2463 3632 ac
2504 3576 2885 3639 immutabilis,
2923 3576 3085 3632 sicuti
3116 3584 3170 3632 et
3200 3577 3307 3631 alio
3341 3576 3460 3631 loco

1893 3668 2039 3726 idem
2066 3670 2156 3725 ille
2189 3668 2358 3729 David
2379 3669 2577 3725 asserit
2608 3686 2621 3721 :
2651 3667 2884 3740 Ditigam
2917 3677 2987 3734 te,
3028 3668 3271 3732 Domine,
3295 3670 3459 3724 virtus

1896 3779 2012 3817 mea
2041 3780 2060 3819 :
2103 3761 2361 3817 Dominus
2409 3762 2800 3832 ﬁrmamentum
2839 3777 3010 3816 meum
3069 3778 3132 3817 ac
3202 3762 3461 3834 refugium

1896 3872 2063 3912 meum
2084 3866 2132 3912 ε.
2166 3854 2316 3926 Opus
2348 3854 2532 3926 itaque
2584 3869 2844 3910 manuum
2898 3854 3020 3924 ejus
3053 3852 3232 3923 ipsum
3279 3852 3460 3908 ﬁrma-

1898 3959 2139 4009 mentum
2174 3949 2493 4016 annuntiat;
2522 3948 2627 4004 hoc
2669 3954 2755 4005 est
2808 3947 3047 4004 ostendit
3090 3962 3155 4002 ac
3186 3962 3464 4021 apparere

1898 4039 2029 4097 facit
2064 4056 2202 4113 opus
2230 4040 2548 4115 angelorum
2589 4052 2837 4103 suorum,
2888 4038 3195 4096 Annuntiat
3226 4040 3373 4095 enim
3397 4053 3457 4095 ac

1895 4132 2158 4198 ostendit,
2190 4147 2331 4204 quos
2363 4132 2454 4189 ille
2484 4130 2633 4188 fecit.

1974 4241 2105 4300 LII].
2142 4243 2265 4300 Dies
2296 4243 2401 4299 diei
2434 4253 2639 4300 eructat
2670 4244 2878 4301 verbum
2890 4242 2941 4301 ἀ.
2970 4243 3127 4300 Sicut
3165 4243 3292 4300 caeli
3323 4244 3463 4300 mul-

1900 4334 2162 4407 tipliciter
2191 4335 2473 4399 dicuntur,
2504 4335 2585 4391 sic
2624 4335 2788 4393 etiam
2828 4334 2967 4393 dies.
3005 4341 3063 4400 >14
3096 4333 3338 4392 Verbum
3367 4352 3464 4393 au-

1899 4437 2007 4484 tem
2035 4425 2300 4482 Dominus
2325 4434 2410 4483 est
2429 4467 2446 4491 ,
2474 4442 2540 4482 ac
2560 4428 2677 4498 ipse
2708 4443 3084 4498 saepenumero
3132 4430 3251 4486 dies
3284 4431 3463 4486 nomi-

223 4517 348 4582 rb£
381 4517 552 4571 νυκτὶ
612 4515 966 4586 ἀναγγέλλει
1013 4517 1256 4587 γνῶσιν.
1300 4519 1359 4573 '0
1390 4517 1633 4583 διάϐολος
1682 4518 1789 4590 ᾔδει

1902 4524 2064 4574 natus
2088 4526 2194 4575 est.
2228 4517 2296 4572 Et
2334 4533 2440 4574 nos:
2467 4520 2611 4583 nocti
2634 4520 2836 4574 indicat
2864 4520 3163 4576 scientiam.
3198 4521 3465 4594 tingnovit

226 4609 584 4680 ἐλευσόμενον
621 4609 712 4662 τὸν
740 4607 961 4681 Κύριον·
999 4610 1047 4662 εί
1083 4608 1139 4662 δὲ
1183 4609 1313 4673 Θεὸς
1344 4609 1454 4681 (71)
1501 4609 1662 4674 αὐτὸς
1687 4609 1795 4683 εἴη,

226 4703 334 4756 οὐκ
362 4700 647 4772 ἠπίστατοο
677 4701 757 4756 διὸ
812 4703 904 4756 καὶ
954 4701 1241 4775 ἐπείραζεν
1272 4703 1453 4768 αὑτὸν,
1488 4703 1574 4758 ἴνα
1607 4703 1719 4777 γνῷ
1747 4707 1796 4760 εί

226 4793 455 4857 δυνατός
483 4796 648 4848 ἐστιν.
685 4795 812 4866 Ἐᾷν
841 4794 949 4866 (72)
981 4812 1136 4867 φησι,
1170 4797 1269 4851 καὶ
1291 4797 1526 4866 ἀπέστη
1554 4798 1655 4853 ἀπ’
1687 4800 1795 4852 αὑ-

228 4882 341 4938 τοῦ
361 4884 451 4949 είς
475 4883 699 4953 καιρὸν,
725 4885 1002 4940 τουτέστιν
1022 4886 1344 4942 ἀνεϐάλλετο
1363 4888 1459 4962 τὴν
1479 4888 1693 4962 εὕρεσιν
1717 4891 1797 4954 είς

301 5048 328 5110 ξ
366 5035 499 5092 Luc.
531 5036 663 5110 1,“.
741 5037 769 5078 δ
809 5036 953 5095 Psal.
996 5054 1153 5105 xvm,
1192 5041 1244 5095 l.
1322 5052 1345 5080 ε
1414 5040 1559 5099 Psal.
1625 5059 1757 5110 xvn,
1799 5044 1850 5099 5.

238 5105 266 5147 ⁸
298 5104 431 5164 Luc.
461 5122 534 5175 tv,
563 5108 651 5166 15.

308 5261 422 5331 (67)
454 5263 785 5332 Tyra-vxor.
825 5259 961 5317 Post
1003 5260 1144 5315 hanc
1177 5274 1365 5316 vocem
1402 5261 1458 5315 in
1488 5259 1658 5332 Flor,
1690 5261 1784 5317 de-

241 5331 417 5456 iectuss
443 5331 660 5404 signum
679 5331 794 5398 est,
848 5346 972 5388 cum
1008 5340 1187 5386 tamen
1220 5339 1507 5388 structurae
1528 5331 1664 5387 nihil
1695 5333 1789 5388 dc-

242 5412 332 5456 sit.
408 5418 626 5456 resono.

275 5412 332 5456 IL
366 5412 626 5460 SYLBURG.

242 5418 535 5545 “(6313:
539 5419 803 5543 ἓῖίοανοί.
835 5471 1124 5529 Enarratio
1151 5477 1234 5529 est
1267 5470 1467 5595 psalmi
1493 5485 1648 5538 ινιιι,
1674 5486 1797 5543 qua:

245 5551 507 5595 nuantum
544 5544 651 5595 huc
677 5544 927 5595 nnadret.
963 5544 1206 5595 iudicent
1234 5557 1263 5595 a
1290 5540 1347 5594 ii.
1382 5539 1456 5595 In.

245 5539 507 5614 quantum
532 5539 651 5599 'hn'c
677 5544 928 5614 quadret,
956 5544 1213 5614 judicent,
1234 5539 1355 5614 alii.
1382 5539 1456 5614 lo.

317 5613 428 5681 (69)
469 5611 758 5685 Ἐνέργεὶα
785 5611 1108 5685 προσεχής.
1137 5611 1359 5685 Etiamsi
1388 5611 1535 5685 legas
1556 5611 1801 5685 ἐνεργείᾳ

249 5686 553 5755 προσεχεῖς,
584 5680 772 5754 parum
801 5680 953 5755 locis
966 5680 1246 5747 sententia:
1273 5680 1583 5755 accesserit.
1616 5680 1691 5736 In.

319 5752 861 5877 ἓῑὲἱήιξνῆργησαν.
912 5752 1101 5819 Flor.,
1152 5752 1615 5826 ὲνειργήσθησαν,
1679 5766 1801 5809 cor.

248 5831 422 5895 rupte.
454 5831 527 5882 In.

1888 5336 2029 5406 gine.

1900 4612 2152 4668 diabolus
2194 4610 2481 4667 Dominum
2527 4619 2818 4668 venturum
2867 4628 2988 4670 esse
3026 4629 3135 4669 :an
3164 4630 3294 4670 vero
3321 4613 3465 4671 Dens

1902 4704 2045 4763 idem
2076 4710 2223 4761 esset
2255 4702 2493 4770 futurus,
2526 4704 2676 4759 illum
2706 4704 2885 4762 latuit.
2915 4705 3254 4778 Quapropter
3283 4707 3463 4778 ipsum

1901 4797 2151 4862 tentavit,
2179 4803 2241 4852 ut
2278 4803 2639 4868 cognosceret
2676 4798 2856 4868 qualis
2887 4799 2963 4854 illi
3000 4801 3243 4871 potentia
3275 4800 3459 4863 fuerit,

1901 4890 2142 4955 ntiqtum
2183 4888 2353 4944 dicit:
2378 4886 2449 4942 Et
2482 4890 2695 4944 recessit
2741 4889 2805 4945 ab
2844 4906 2904 4945 eo
2949 4889 3018 4943 ad
3046 4900 3287 4961 tempus°
3315 4907 3335 4945 :
3359 4891 3463 4947 hoc

1925 5042 1952 5083 ἀ
2014 5042 2159 5101 Psal.
2229 5059 2386 5111 mn,
2444 5041 2501 5099 2.
2584 5050 2644 5110 ιζ(
2684 4976 2949 5102 1⁵.ίὲἕέ
2993 5043 3100 5101 ED.
3161 5042 3458 5102 POTTEB.

1960 5264 2081 5337 (71),
2107 5270 2269 5337 Θεός.
2326 5267 2451 5327 Haec
2508 5286 2612 5327 vox
2674 5271 2918 5327 additae
2948 5269 3097 5328 Flor.
3148 5271 3283 5328 edit.
3314 5286 3459 5325 mar-

2092 5354 2310 5396 YLBUBG.

1965 5407 2075 5477 (72)
2118 5409 2296 5483 ‘Etjr._
2315 5408 2422 5465 Pro
2475 5411 2571 5483 έᾷν
2624 5417 2903 5483 structura
2952 5411 3193 5483 postulat
3244 5412 3329 5483 εἴα
3375 5414 3461 5467 vel

1895 5474 2068 5550 εἴασε,
2101 5474 2240 5535 sivit.
2276 5479 2452 5535 Lucas
2492 5474 2614 5550 cap.
2679 5498 2752 5544 Iv,
2787 5480 2918 5536 dicit
2951 5474 3101 5536 ἷΚαὶ
3140 5482 3460 5547 συντελέσας

1899 5546 2092 5626 πάντα.
2104 5550 2411 5626 πειρασμὸνΔ
2430 5552 2459 5604 ὁ
2483 5546 2747 5626 διάϐολος,
2771 5551 2981 5626 άπέστη
3011 5555 3105 5626 ἀπ’
3139 5552 3302 5626 αυτοῦ
3334 5546 3460 5624 ἄχρι

1902 5617 2629 5696 κριιροβοβὲείιιιὲιιιὶᾳνςνο.
2666 5617 2986 5696 ἀνεϐάλλετό
3024 5624 3123 5695 τὴν
3146 5617 3462 5696 εὖρεσινὲὶς

1900 5687 2011 5758 τὴν
2048 5687 2364 5756 ἀνάστασιν,
2398 5691 2637 5759 alludere
2670 5692 2928 5753 videntur
2977 5696 3048 5753 ad
3082 5687 3465 5749 'narr'atiouem

1900 5774 2023 5832 qua:
2052 5768 2135 5818 est
2167 5762 2222 5818 in
2252 5763 2544 5834 Evangelia
2571 5763 2872 5820 secundum
2906 5763 3294 5827 Nicotlemutn.
3320 5762 3401 5815 lo.
