3964 6312
217 305 352 363 7‘25
963 307 1187 366 DUBIA.
1227 340 1296 353 -—
1337 309 1632 368 ECLOGE
1673 306 1763 366 EX
1805 307 2218 368 SCRIPTURIS
2259 305 2732 363 PROPHETICIS.
3372 305 3477 361 726

213 427 402 481 πάλιν
428 425 507 498 τῷ
538 425 792 480 ἐνεστῶτι
817 426 938 480 ἀντὶ
960 427 1051 480 τοῦ
1080 430 1466 502 παρῳχηκότος
1484 447 1496 460 ο
1532 430 1562 483 6
1591 431 1685 484 καὶ
1713 429 1805 484 νῦν

1912 439 2083 500 paret.
2117 430 2329 499 Quippe
2356 427 2509 496 illud,
2540 428 2739 498 posuit,
2771 441 2871 497 pro
2899 425 3171 496 praeterito
3195 432 3251 481 et
3289 425 3476 480 futuro

213 521 506 587 φαίνεται.
559 520 632 572 Τὸ
659 519 768 592 γάρ
807 520 971 574 ἔθετο
1013 519 1107 574 καὶ
1153 523 1247 576 ἐπὶ
1286 523 1380 576 τοῦ
1421 526 1805 596 παρῳχηκότος

1909 523 2150 592 ponitur.
2190 520 2297 575 Pro
2342 520 2524 575 futuro
2567 519 2806 590 quidem,
2850 519 3015 590 quod,
3044 518 3266 588 periodo
3301 527 3478 574 status

210 611 331 662 καὶ
372 610 464 662 ἐπὶ
499 608 592 662 τοῦ
640 609 898 680 ἐσομένου
939 611 1215 666 τάσσεται.
1270 612 1390 667 Ἐπὶ
1431 614 1528 686 μὲν
1559 616 1654 668 τοῦ
1686 617 1805 670 ὲσο-

1910 610 2137 679 bujusce
2174 609 2455 680 praesentis
2488 609 2730 680 impleta,
2759 609 2938 664 veniet
2980 607 3261 673 Dominus,
3299 625 3362 662 ac
3385 609 3482 678 ju-

211 700 426 770 μένου,
461 703 562 766 ὃτι,
599 700 977 776 πληρωθείσης
1004 705 1204 776 ταύτης
1229 706 1328 777 τῆς
1368 705 1510 760 κατὰ
1536 708 1635 778 τὴν
1667 725 1805 779 παρ-

1908 711 2044 766 stos,
2074 717 2267 772 nempe
2305 700 2510 765 ﬁdeles,
2543 701 2596 754 in
2624 700 2824 771 quibus
2849 701 3006 771 quasi
3032 700 3087 753 i-n
3126 701 3478 756 tabernaculo

204 793 424 848 ουσίαν
467 794 812 848 κατάστασιν
845 793 954 867 (78)
988 798 1259 868 περιόδου,
1303 797 1553 872 ὁΚύριος
1592 799 1805 853 ἐλεύσε-

1908 793 2246 862 conquiescit
2281 789 2472 863 (unum
2496 791 2641 846 enim
2669 806 2870 861 corpus
2894 806 3084 846 omnes
3107 798 3254 855 sunt,
3287 807 3353 846 ex
3384 805 3479 846 eo-

207 901 344 949 ται,
381 884 474 939 καὶ
499 886 624 950 τοὺς
654 885 914 951 δικαίους,
943 889 1069 952 τοὺς
1095 890 1339 953 πιστοὺς,
1363 884 1444 954 οἷς
1463 889 1805 943 ὲπαναπαύε-

1908 884 2029 940 dem
2063 897 2281 955 genere,
2309 884 2402 954 qui
2445 880 2604 937 ﬁdem
2641 882 2887 937 eamdem
2927 895 2991 936 ac
3030 881 3295 950 justitiam
3327 895 3478 934 rece-

204 992 321 1031 ται
360 977 612 1049 καθάπερ
640 981 809 1049 σκηνῇ
860 979 948 1048 (ἓν
986 979 1094 1051 γάρ
1120 979 1280 1052 σῶμα
1307 983 1355 1034 οί
1379 983 1596 1046 πάντες,
1629 983 1692 1036 ὲκ
1713 981 1805 1036 τοῦ

1909 977 2128 1047 perint),
2177 975 2230 1029 in
2275 974 2520 1030 eamdem
2570 973 2834 1028 unitatem
2882 973 3257 1028 restituturus.
3305 975 3374 1024 At
3420 970 3477 1025 hi

205 1069 404 1124 αὐτοῦ
440 1070 648 1139 γένους,
681 1072 778 1141 τὴν
805 1073 971 1143 αὐτὴν
1005 1073 1187 1128 πίστιν
1217 1064 1309 1128 καλ
1340 1075 1681 1147 δικαιοσύνην
1702 1077 1805 1130 ἐλό-

1909 1068 2123 1139 quidem
2157 1075 2215 1121 ut
2257 1075 2442 1137 caput,
2483 1065 2562 1120 illi
2593 1080 2722 1120 vero
2758 1073 2816 1118 ut
2858 1065 3027 1128 oculi,
3060 1065 3115 1117 hi
3165 1063 3383 1133 quidem
3418 1069 3478 1117 ut

209 1162 426 1232 μενοι)
488 1163 568 1226 είς
617 1164 714 1234 τὴν
778 1164 962 1236 αὐτὴν]
1009 1165 1235 1236 ἑνότητα
1288 1167 1805 1240 ἀποκαταστησὸμε-

1909 1176 2092 1223 aures,
2123 1159 2198 1214 illi
2225 1174 2353 1214 vero
2387 1169 2445 1213 ut
2491 1173 2705 1222 manus,
2734 1157 2788 1211 hi
2835 1157 3072 1227 denique
3115 1157 3190 1210 uti
3233 1163 3476 1225 pectora,

209 1272 323 1318 νος
360 1255 469 1324 (79)
493 1272 507 1286 °
549 1255 662 1309 ἀλλ’
684 1259 730 1309 oi
763 1256 861 1327 μὲν
894 1257 970 1320 ὡς
1000 1258 1227 1330 κεφαλὴ,
1260 1260 1308 1312 οἱ
1332 1258 1388 1312 δὲ
1418 1260 1494 1324 ὡς
1520 1260 1805 1332 ὀφθαλμοὶ,

1910 1254 1986 1310 illi
2019 1269 2149 1308 vero
2172 1261 2234 1308 ut
2261 1253 2448 1323 pedes,
2479 1253 2532 1306 in
2563 1252 2676 1306 sole
2708 1251 3122 1306 collocabuntur
3152 1250 3339 1303 lucidi.
3371 1248 3482 1302 Lu-

207 1349 272 1400 οἱ
307 1347 371 1400 δὲ
404 1348 480 1411 ὡς
506 1342 642 1414 ὦτα,
671 1349 722 1401 οἱ
755 1348 811 1402 δὲ
841 1349 915 1413 ὡς
954 1352 1152 1422 χεῖρες,
1183 1353 1230 1404 οἱ
1259 1351 1316 1404 δὲ
1341 1352 1415 1416 ὡς
1459 1353 1649 1425 στήθη,
1673 1355 1722 1406 οἱ
1751 1353 1805 1406 δὲ

1909 1354 2014 1397 cete
2045 1352 2102 1396 ut
2135 1343 2216 1397 sol
2250 1355 2300 1407 ιι,
2349 1343 2434 1397 vel
2479 1344 2532 1396 in
2573 1343 2718 1409 sole;
2760 1342 3020 1412 quoniam
3069 1341 3294 1411 angelus
3326 1340 3477 1409 prin-

211 1439 306 1504 ὠς
332 1441 526 1504 πόδες,
567 1442 624 1494 ὲν
663 1441 797 1512 ἡλίῳ
842 1443 1158 1514 τεθήσονται
1201 1443 1474 1512 φωτεινοί.
1525 1445 1805 1515 Λιίμψατε

1909 1451 2038 1506 ceps
2070 1435 2124 1488 in
2161 1436 2276 1490 sole
2305 1441 2408 1490 est.
2440 1433 2630 1489 Diebus
2661 1435 2803 1490 enim
2837 1433 2914 1487 uti
2944 1434 3144 1502 praesit,
3177 1435 3476 1487 collocatus

209 1534 312 1598 ὡς
339 1536 374 1587 ό
409 1533 598 1600 ἣλιος⁹
650 1534 682 1604 ἢ
733 1535 791 1586 ἐν
817 1533 974 1605 ἡλίῳ,
1012 1535 1133 1587 ἐπεὶ
1159 1535 1475 1606 ἀρχοντικὸς
1500 1537 1726 1604 ἄγγελος
1751 1538 1805 1590 ὲν

1908 1538 1991 1584 est
2023 1527 2182 1582 sicuti
2223 1527 2348 1580 luna
2378 1538 2432 1580 ut
2475 1527 2614 1580 nocti
2657 1525 2837 1596 praesit
2864 1525 2915 1578 δ.
2962 1523 3086 1578 Dies
3135 1531 3340 1584 autem,
3374 1538 3476 1575 an-

210 1625 374 1696 ήλίῳ
394 1642 407 1655 ο
428 1625 516 1690 εἰς
543 1625 740 1697 ἀρχὴν
762 1625 871 1696 γάρ
907 1625 1143 1697 ἡμερῶν
1163 1626 1439 1686 τέτακται,
1480 1627 1727 1700 καθάπερ
1770 1627 1805 1697 ἡ

1909 1619 2035 1684 geli,
2065 1619 2239 1674 vocati
2267 1627 2414 1674 sunt.
2443 1619 2578 1673 Cum
2610 1617 2744 1673 solis
2773 1615 3002 1686 angelis,
3045 1615 3242 1684 inquit,
3285 1613 3477 1667 ordine

223 1717 580 1786 σε.1ήνηείς
598 1719 661 1773 τὸ
677 1719 1134 1788 ἄρχειννυκτός·
1212 1720 1444 1790 Ἡμέραι
1486 1720 1542 1772 δὲ
1590 1720 1805 1788 ἄγγελοι

1909 1708 2024 1776 pari
2072 1722 2178 1760 una
2211 1707 2395 1762 sedem
2429 1707 2774 1768 obtinebunt,
2810 1720 3002 1768 unum,
3039 1713 3098 1758 ut
3137 1712 3323 1774 caput,
3356 1720 3479 1758 cor-

209 1809 559 1881 ὲκλὴθησαν.
593 1811 744 1864 Μετά
763 1810 870 1864 τῶν
907 1810 1024 1882 μεθ’
1047 1811 1194 1882 ἡλίου
1223 1811 1329 1882 (80)
1358 1811 1623 1880 ἀγγέλων,
1648 1814 1800 1884 φησι,

1908 1813 2034 1867 pore
2055 1814 2163 1854 uno
2191 1798 2508 1862 exsistcnte,
2533 1799 2613 1853 sol
2639 1807 2692 1852 et
2720 1798 2824 1869 ipsi
2855 1797 3065 1851 ratione
3093 1797 3326 1866 quadam
3360 1806 3480 1850 tan-

209 1903 562 1973 ταγήσονται
598 1902 675 1965 ἓν,
708 1901 896 1974 ὥσπερ
926 1903 1132 1975 κεφαλὴ
1164 1903 1413 1974 σώματος
1441 1903 1592 1966 ὄντος
1626 1904 1744 1967 ἐνὸς
1776 1904 1805 1956 6

1908 1889 2029 1941 dem
2073 1889 2367 1958 aliquando
2406 1887 2573 1944 futuri
2623 1890 2752 1944 sint.
2793 1889 3010 1942 Dierum
3049 1897 3231 1942 autem
3277 1897 3331 1941 et
3373 1889 3497 1958 ipsi-

209 1994 382 2065 ἣλιος
425 1994 670 2065 ὲτόμενοί
712 2011 840 2048 ποτε
884 1995 1024 2048 κατά
1063 2012 1184 2048 τινα
1210 2012 1223 2025 ·
1263 1995 1389 2066 περὶ
1419 1995 1476 2048 δὲ
1518 1996 1612 2048 καὶ
1654 1994 1805 2048 αὐτοὶ

1908 1980 2190 2049 praesides,
2234 1982 2378 2037 sicut
2415 1982 2505 2036 ille
2532 1983 2625 2052 qui
2664 1983 2719 2036 in
2752 1983 2868 2036 sole
2899 1981 3082 2036 sedem
3119 1981 3305 2044 habet,
3332 1979 3398 2034 ad
3423 1981 3478 2034 id

210 2086 492 2156 ἄρχοντες
523 2086 765 2156 ἡμερῶν,
799 2086 874 2150 ὡς
923 2087 1128 2150 ἐκεῖνος
1169 2087 1198 2138 6
1245 2087 1336 2139 ἐπὶ
1375 2085 1468 2140 τοῦ
1517 2086 1685 2156 ἡλίου,
1715 2088 1805 2139 ἐπὶ

1908 2072 2051 2142 quod
2084 2074 2262 2142 majus
2296 2082 2402 2136 est,
2435 2089 2545 2144 quo
2574 2082 2627 2129 et
2659 2075 2775 2144 ipse
2807 2075 2959 2145 prior
2990 2075 3044 2127 in
3089 2074 3282 2128 eodem
3331 2088 3484 2128 com-

208 2175 284 2228 τὸ
329 2175 531 2245 μεῖζον,
568 2178 652 2245 ἐφ’
688 2168 733 2243 ᾧ
778 2176 1037 2246 μετῆλθεν
1068 2175 1173 2249 πρὸ
1206 2175 1372 2230 αὐτοῦ
1397 2179 1465 2229 -ὲν
1503 2175 1578 2246 τῷ
1622 2176 1805 2246 αὑτῷ⁸

1908 2164 2252 2233 migraverit;
2295 2181 2358 2220 ac
2406 2181 2624 2221 rursum
2667 2168 3024 2222 ascendentes
3068 2165 3136 2219 ad
3183 2165 3479 2220 stationem

212 2267 330 2320 καὶ
375 2267 536 2320 πάλιν
575 2267 1041 2338 ὲπαναδησόμενοι
1080 2267 1220 2321 κατά
1253 2268 1534 2338 προκοπὴν
1581 2268 1804 2337 ἀφίκον-

1908 2256 2142 2325 priorem
2188 2267 2492 2322 revertunt,
2545 2267 2793 2328 respectu
2838 2257 3095 2328 praeteriti
3144 2258 3360 2328 posuit;
3389 2263 3480 2310 ut-

213 2377 325 2413 ται
358 2360 467 2431 (81)
516 2361 608 2413 ἐπὶ
633 2361 733 2431 τὴν
760 2359 981 2431 πρώτην
1012 2361 1200 2432 μονὴν,
1234 2359 1373 2412 κατά
1414 2358 1504 2412 τὸν
1541 2376 1804 2430 παρῳχη-

1909 2354 2034 2416 pote
2065 2346 2256 2417 prima:
2282 2348 2577 2404 creationis
2605 2348 2806 2418 angeli,
2833 2365 2941 2402 non
2971 2349 3202 2419 amplius
3242 2363 3337 2418 per
3356 2363 3484 2417 pro-

216 2452 367 2505 κὸτα
407 2451 560 2505 ἔθετο
580 2467 594 2481 °
636 2450 762 2514 τοὺς
792 2468 852 2503 τε
882 2452 1316 2522 πρωτοκτίστους
1345 2449 1604 2518 ἀγγέλους
1631 2451 1710 2513 είς
1744 2449 1805 2502 τὸ

1908 2439 2201 2494 videntiam
2240 2440 2546 2496 ministerio
2591 2439 2816 2495 deﬁnito
2845 2441 2954 2495 sint
2989 2441 3264 2508 occupati,
3297 2440 3392 2494 sed
3422 2447 3486 2493 ut

223 2544 435 2615 μηκέτι
460 2543 602 2597 κατά
630 2543 727 2614 τὴν
758 2543 1012 2615 πρόνοιαν
1042 2543 1121 2614 τῷ
1145 2544 1431 2615 ὡρισμένῳ
1452 2543 1801 2614 λειτουργεῖν,

1908 2529 1962 2584 in
1995 2533 2204 2601 requie,
2232 2532 2285 2586 in
2313 2531 2741 2602 perseverantia,
2771 2540 2934 2601 atque
2963 2532 3185 2588 assidua
3220 2529 3313 2585 Dei
3347 2546 3480 2584 con-

215 2632 345 2686 axx
377 2634 464 2686 ἵνα
492 2635 550 2687 ὲν
578 2634 901 2699 ἀναπαύσει,
931 2635 1024 2688 καὶ
1059 2634 1195 2706 πρὸς
1219 2634 1356 2709 μόνῃ
1385 2637 1450 2706 τῇ
1485 2633 1686 2706 θεωρίᾳ
1709 2632 1804 2687 τοῦ

1908 2623 2259 2692 templatione
2298 2631 2573 2678 maneant.
2610 2622 2714 2688 Qui
2761 2639 2891 2678 vero
2923 2625 3007 2680 his
3053 2625 3480 2679 immediatiores

213 2723 396 2779 Θεοῦ·
435 2727 486 2780 οί
518 2725 576 2778 δὲ
617 2727 1034 2799 προσεχέστεροι
1065 2726 1274 2790 τούτοις
1322 2726 1686 2798 προκόψουσιν
1725 2729 1805 2791 είς

1908 2723 2058 2779 sunt,
2090 2715 2158 2771 ad
2184 2733 2307 2772 eum
2337 2733 2530 2788 nempe
2559 2717 2806 2772 ordinem
2834 2717 3150 2786 proﬁciunt,
3180 2732 3342 2786 quem
3377 2716 3480 2786 ipsi

217 2817 299 2884 ἢν
330 2819 525 2870 ἐκεῖνοι
555 2818 942 2872 ἀπολελοίπασι
971 2818 1122 2885 τάξιν
1144 2835 1158 2849 ο
1196 2818 1291 2872 καὶ
1317 2817 1491 2881 οὕτως
1521 2819 1571 2870 οἱ
1611 2817 1805 2872 ὑποϐε-

1908 2808 2288 2878 reliquerunt;
2319 2809 2401 2863 sic
2433 2812 2597 2864 etiam
2625 2809 2834 2863 ratione
2865 2809 3007 2878 pari,
3044 2810 3135 2879 qui
3165 2816 3293 2864 sunt
3337 2807 3478 2862 infe-

216 2907 466 2978 δηκότες
495 2909 793 2977 ἀναλόγως.

1908 2901 2106 2956 riores.

304 3000 428 3052 NZ'.
484 3001 632 3055 Εἰσὶν
683 2997 776 3056 οὗν
805 2996 966 3055 ’κατά
1015 3001 1110 3056 τὸν
1158 3001 1480 3055 Ἀπόστολον
1526 3001 1577 3054 oi
1626 3002 1683 3054 ὲν
1737 3003 1805 3072 τῇ

1976 2990 2139 3061 367
2178 2989 2332 3047 LVII.
2369 2989 2510 3047 Sunt
2556 2993 2761 3063 itaque,
2798 2991 3100 3048 secundum
3134 2992 3477 3062 Apostolum,

221 3091 384 3162 ἄκρᾳ
409 3091 849 3146 ἀποκαταστάσει
873 3093 1262 3165 πρωτόκτιστοι
1281 3110 1292 3122 °
1319 3093 1494 3166 θρόνοι
1515 3093 1571 3147 δὲ
1591 3092 1656 3148 ἂν
1676 3090 1805 3158 εἷεν,

1909 3084 2207 3141 creationis
2236 3086 2425 3157 prima:
2455 3087 2655 3158 angeli,
2693 3087 2787 3158 qui
2817 3087 2870 3140 in
2899 3102 3111 3142 summa
3158 3102 3286 3142 arce
3313 3087 3488 3141 collo»

217 3184 409 3236 καίτοι
453 3181 708 3254 δυνάμεις
741 3183 894 3248 ὄντες
925 3186 974 3237 oi
1017 3184 1410 3256 πρωτόκτιστοι
1443 3183 1533 3237 διὰ
1577 3183 1637 3238 τὸ
1672 3185 1805 3239 ἀνα-

1908 3175 2015 3231 cati
2064 3185 2221 3244 sunt;
2268 3177 2322 3232 hi
2366 3195 2494 3234 vero
2533 3179 2714 3233 throni
2759 3179 2906 3243 sint;
2951 3180 3200 3250 quamvis
3252 3179 3482 3234 virtutes

222 3273 503 3327 παύεσθαι
537 3275 593 3328 ἐν
621 3275 806 3339 αὐτοῖς
831 3276 922 3329 τὸν
949 3277 1102 3339 Θεὸν,
1132 3277 1207 3342 ὼς
1236 3278 1330 3332 καὶ
1355 3279 1414 3332 ὲν
1440 3281 1551 3342 τοῖς
1582 3278 1805 3332 πιστεύ-

1908 3277 2036 3324 sunt
2070 3271 2247 3341 primo
2275 3273 2464 3334 creati,
2495 3274 2696 3344 quippe
2719 3273 2775 3329 in
2819 3273 2887 3327 iis
2917 3272 3150 3342 quiescit
3177 3271 3341 3337 Deus,
3374 3272 3484 3327 sic-

217 3378 404 3417 ουσιν.
445 3363 709 3427 Ἕκαστος
739 3365 868 3436 γὰρ,
903 3366 1046 3420 κατά
1076 3367 1173 3440 τὴν
1220 3369 1354 3422 ἰδίαν
1392 3370 1692 3442 προκοπὴν,
1724 3373 1804 3426 oi-

1909 3363 1989 3414 uti
2050 3361 2214 3417 etiam
2259 3363 2313 3418 in
2358 3363 2628 3419 ﬁdelibus.
2671 3362 3060 3434 Unusquisque
3097 3365 3240 3419 enim
3284 3379 3486 3419 secun-

221 3453 390 3507 κείαν
420 3453 532 3524 ἔχει
563 3455 662 3527 τὴν
695 3457 823 3526 περὶ
853 3457 987 3510 Θεοῦ
1017 3458 1216 3526 γνῶσιν
1235 3477 1250 3490 ·
1280 3462 1364 3530 ἐφ’
1456 3461 1652 3530 γνώσει
1686 3464 1805 3518 ἀνα-

1908 3451 2036 3507 dum
2076 3453 2381 3521 proiectum
2420 3455 2724 3524 proprium,
2756 3457 3030 3526 propriam
3077 3454 3240 3508 etiam
3277 3454 3344 3509 de
3370 3453 3479 3510 Deo

223 3544 472 3598 παύεται
495 3548 524 3598 6
555 3546 706 3610 Θεὸς,
739 3549 925 3602 ἀϊδίων
953 3551 1256 3621 γενομένων
1287 3551 1376 3605 διὰ
1411 3553 1508 3624 τῆς
1557 3553 1805 3622 γνώσεως

1908 3544 2192 3598 scientiam
2225 3545 2422 3610 habet;
2463 3546 2518 3598 in
2557 3561 2664 3615 qua
2705 3545 2925 3616 quidem
2960 3546 3190 3600 scientia
3219 3545 3482 3615 conquie-

222 3637 340 3691 τῶν
369 3638 704 3706 ἐγνωκότων.
731 3641 839 3694 Kal.
868 3646 999 3712 μήτι
1020 3642 1101 3706 τὸ,
1140 3643 1242 3696 Ἐν
1266 3643 1344 3710 τῷ
1374 3646 1521 3712 ἡλίῳ
1543 3645 1710 3700 ἔθετο
1739 3647 1805 3699 τὸ

1909 3634 2015 3689 scit
2045 3633 2206 3698 Deus,
2238 3651 2302 3688 ac
2335 3635 2411 3689 illi
2450 3637 2811 3692 aeternitatem
2852 3637 3136 3690 consecuti
3177 3646 3330 3700 sunt,
3359 3653 3477 3706 pro-

219 3729 527 3799 σκήνωμα
559 3731 766 3795 αὐτοῦ,
796 3732 969 3795 οὕτως
1004 3734 1354 3800 ἐξακούεταιο
1407 3737 1511 3789 Ἑν
1546 3736 1626 3802 τῷ
1657 3739 1805 3808 ἡλίῳ

1909 3735 2029 3796 pter
2068 3727 2379 3790 scientiam,
2417 3745 2522 3798 qua
2555 3737 2683 3784 sunt
2727 3729 2958 3799 praediti.
3001 3728 3084 3796 Et,
3119 3745 3188 3783 an
3226 3744 3476 3785 comma:

220 3821 419 3885 ἔθετο,
446 3823 746 3887 τουτέστιν,
793 3824 852 3878 ὲν
897 3824 974 3894 τῷ
1001 3824 1122 3895 Θεῷ
1155 3823 1234 3895 τῷ
1279 3825 1505 3896 πλησίον
1549 3825 1702 3889 Θεὸς,
1732 3826 1805 3889 ὼς

1912 3820 1977 3874 In
2005 3820 2113 3874 sole
2131 3821 2306 3888 posuit
2339 3821 2738 3875 tabernaculum
2765 3838 2942 3887 suum,
2973 3822 3053 3876 sic
3081 3822 3153 3876 sit
3180 3822 3483 3892 intelligen-

221 3912 284 3966 ιν
315 3911 396 3982 τῷ
417 3913 728 3984 Εὐαγγελίῳ
766 3915 907 3982 Ἠλὶ,
943 3915 1066 3970 Ἠλί
1091 3915 1224 3986 (82),
1263 3917 1382 3969 ἀντὶ⁵
1397 3916 1509 3980 τοῦ,
1539 3916 1643 3971 Θεέ
1663 3935 1804 3987 μου,

1909 3912 2072 3967 dum:
2108 3912 2174 3966 In
2201 3913 2308 3968 sole
2339 3915 2534 3982 posuit,
2565 3915 2668 3968 hoc
2702 3925 2786 3969 est
2836 3915 2891 3969 in
2927 3914 3038 3970 Deo
3069 3915 3161 3984 qui
3189 3924 3274 3970 est
3303 3916 3484 3984 proxi-

225 4001 340 4058 Θεέ
363 4022 500 4072 μου.
533 4004 640 4058 Καὶ
669 4005 731 4058 τὸ
762 4005 1035 4074 ὑπεράνω
1064 4007 1268 4073 πάσης
1297 4007 1486 4076 ἀρχῆς
1508 4011 1604 4062 καὶ
1637 4010 1805 4074 ἐξου-

1911 4021 2034 4060 mus
2093 4003 2267 4073 Deus;
2299 4007 2442 4062 sicut
2474 4015 2558 4061 est
2593 4007 2646 4060 in
2679 4007 3008 4079 Evangelio:
3043 4007 3151 4070 Eli,
3187 4006 3273 4061 Eli
3302 4018 3350 4075 ο,
3380 4024 3480 4078 pro

223 4095 376 4160 σίας
419 4095 516 4149 καί
561 4095 902 4166 δυνάμεως,
939 4099 1036 4152 καὶ
1077 4099 1302 4165 παντὸς
1347 4101 1636 4169 ὀνόματος
1677 4103 1805 4154 ὀνο-

1909 4114 1975 4154 eo
2011 4098 2294 4163 nimirum,
2325 4099 2464 4153 Deus
2506 4116 2672 4161 meus,
2711 4100 2847 4155 Deus
2892 4117 3054 4154 meus.
3093 4097 3322 4170 Insuper
3354 4101 3477 4164 hoc.

219 4183 580 4254 μαζομένου,
622 4189 671 4240 οἱ
724 4188 1098 4254 τελειωθέντες
1149 4191 1288 4244 εἰσὶν
1350 4190 1410 4258 ἐξ
1467 4191 1803 4264 ἀνθρώπων,

1914 4194 1974 4251 ›Ι4
2007 4187 2176 4258 Super
2203 4205 2406 4242 omnem
2435 4191 2811 4258 principatum,
2845 4199 2892 4244 et
2926 4199 3254 4258 potestatem,
3288 4208 3351 4244 ac
3374 4193 3476 4245 vir-

227 4279 452 4347 ἀγγελοι
471 4320 486 4344 ,
524 4279 851 4350 ἀρχάγγελοι
870 4319 885 4340 ,
922 4281 1003 4344 είς
1024 4281 1122 4352 τὴν
1149 4281 1547 4354 πρωτόκτιστον
1571 4282 1678 4336 τῶν
1718 4285 1809 4352 ἀγ-

228 4369 414 4438 γέλων
439 4369 617 4438 φύσιν.
653 4372 714 4424 Οί
746 4371 853 4442 γὰρ
885 4370 942 4437 ἐξ
974 4371 1276 4442 ἀνθρώπων
1306 4375 1386 4435 είς
1422 4373 1684 4441 ἀγγέλους
1709 4391 1806 4444 με-

1909 4290 2096 4346 tutem,
2127 4291 2176 4337 et
2197 4297 2350 4336 omne
2375 4299 2561 4337 nomen
2591 4285 2733 4352 quod
2763 4285 3091 4346 nominatur,
3121 4285 3175 4338 hi
3204 4291 3354 4348 sunt,
3386 4285 3477 4354 qui

1909 4390 1975 4430 ex
2005 4376 2314 4431 hominibus
2355 4377 2531 4446 angeli
2562 4385 2615 4432 et
2655 4374 2965 4448 archangeli
3002 4378 3240 4447 perfecte
3266 4379 3476 4432 consti-

226 4459 528 4522 ταστάντες
557 4459 702 4529 χίλια
733 4459 826 4532 ἐτη
859 4461 1250 4531 μαθητεύονται
1277 4463 1381 4516 ὑπὸ
1409 4463 1516 4516 τῶν
1539 4463 1802 4532 ἀγγέλων,

1910 4464 2035 4528 tuti,
2066 4464 2146 4518 uti
2174 4463 2392 4519 demum
2423 4472 2673 4518 naturam
2714 4463 3010 4518 creationis
3039 4465 3231 4532 prima:
3261 4463 3479 4533 angelm

227 4553 319 4615 εις
346 4549 654 4623 τελειότητα
685 4551 1222 4624 ἀποκαθιστάμενοΐο
1273 4550 1391 4608 εἶτα
1421 4556 1470 4608 οἱ
1516 4556 1615 4626 μὲν
1658 4556 1804 4609 διδά-

315 4718 340 4748 ι
378 4705 566 4761 Matth.
600 4723 718 4770 xm,
748 4708 837 4762 43.
913 4709 942 4749 ιι
980 4707 1116 4764 Cen.
1146 4709 1295 4775 1,18.

305 4859 420 4933 (78)
457 4863 802 4933 Hapovo'tar
841 4860 1235 4916 κατάστασιν.
1285 4862 1550 4933 Corrupte
1594 4863 1799 4917 utrobi-

230 4929 360 5003 que.
387 4929 650 5004 Srusuno.
675 4930 1058 5004 —Legendum
1076 4933 1293 5004 videtur
1310 4929 1808 5004 napouciavnara-

234 5000 443 5073 στασιν.
470 5000 647 5073 Paulo
677 5001 1123 5073 anleﬂSylburgio
1151 5003 1326 5073 visum
1354 5000 1439 5056 est
1477 5005 1576 5073 legi
1607 5003 1806 5058 debere

235 5072 428 5142 ordine
469 5071 706 5134 inverso,
753 5071 830 5142 τῷ
875 5071 1229 5141 παρῳχηκότι
1271 5073 1394 5126 ἀντ1⁵
1435 5071 1548 5126 τοῦή
1578 5074 1807 5128 ἐνεστῶ-

236 5158 363 5204 ως.
396 5141 446 5194 id
473 5153 618 5197 certe
640 5141 876 5196 inuuunt
904 5143 1205 5210 sequentia.

309 5211 420 5280 (79)
469 5212 1150 5285 ’Agzoxatao'tnadpsraq.
1208 5210 1380 5285 Flor,
1431 5215 1808 5285 ᾁποκαταστη-

239 5280 474 5351 σόμενοι.
501 5281 629 5348 Quae
657 5286 817 5337 lectio
843 5299 951 5336 non
980 5283 1119 5335 male
1139 5283 1411 5352 congruit.
1438 5283 1647 5338 Nostrae
1667 5280 1804 5338 scri-

240 5358 440 5421 pturae,
464 5352 725 5421 singulari
761 5367 1010 5412 titIIuero,
1045 5353 1372 5406 cohaerentia
1406 5355 1517 5408 haec
1549 5366 1650 5417 est,
1682 5372 1804 5407 cum

240 5420 697 5494 praecedentibus,
733 5423 790 5474 Ὀ
817 5422 1337 5494 Κύριοςνὲλευσεται,
1366 5425 1459 5477 καὶ
1491 5424 1586 5486 (Le
1623 5426 1804 5491 etiarn)

239 5491 364 5552 τοὺς
397 5489 678 5564 δικαίους,
704 5494 829 5555 τοὺς
864 5489 1108 5564 πὶστοὺςγ
1135 5493 1443 5564 (sequentia
1483 5495 1628 5549 enim
1673 5489 1802 5548 sunt

241 5561 598 5643 parenthgta).
634 5563 852 5643 sig-aha;
893 5562 1060 5634 αὐτὴν
1094 5561 1320 5643 ἑνότητα
1371 5563 1808 5643 ἀποκαταστῃσός

245 5644 421 5703 μενος..
466 5629 854 5703 Forsanetiain
890 5629 1170 5703 sequentia
1197 5629 1277 5690 sic
1306 5633 1563 5703 legenda:
1604 5629 1740 5686 Ἀλλ’
1777 5635 1805 5686 6

246 5698 456 5776 (and;
491 5700 718 5776 ζξφαλὴ,
750 5703 799 5755 oi
837 5701 893 5755 δὲ
933 5698 1007 5767 ὥς
1044 5703 1200 5776 μέλη.
1234 5698 1583 5760 ΚαΓτούτων
1620 5708 1668 5759 οἱ
1706 5706 1803 5776 μὲν

244 5768 318 5831 ὡς
347 5767 462 5836 όφθ.
508 5767 768 5826 Sicanae.

1908 4571 2028 4610 rum
2059 4566 2488 4626 consequantur.
2521 4556 2735 4626 Quippe
2761 4556 2853 4626 qui
2882 4571 2946 4611 ex
2992 4555 3270 4609 hominum
3301 4555 3355 4609 in
3382 4569 3477 4609 an-

2221 4638 2422 4699 [σοᾴ

1374 4721 1396 4747 ε
1439 4709 1630 4764 Matth.
1662 4726 1832 4774 xxvu,
1863 4710 1951 4764 66.
2030 4717 2090 4774 νΙ4
2133 4709 2194 4766 P.
2237 4713 2384 4772 θοι
2411 4709 2518 4764 ED.
2559 4708 2852 4766 POTTER.

1906 4864 2088 4935 {(80)
2149 4865 2286 4935 Μεθ’
2353 4864 2550 4932 ἡλίου.
2617 4863 2778 4918 Forte
2833 4865 2952 4935 καθ’
3011 4866 3188 4935 ἡλίου,
3242 4863 3323 4918 vel
3385 4863 3465 4933 ἐφ·

1906 4933 2079 5004 ἡλίου,
2105 4935 2156 4988 in
2180 4934 2326 4994 sole;
2385 4943 2442 4987 ut
2482 4936 2642 5003 paulo
2669 4936 2831 4989 infra.
2865 4933 3158 5002 Seqttetitia
3199 4936 3278 4990 sic
3305 4935 3466 4988 inter-

1909 5004 2240 5074 polabuntur
2268 5005 2428 5073 paulo
2457 5006 3029 5074 ιιιοιίυεεταγήσονται
3059 5005 3138 5064 ἓν.
3175 5004 3362 5074 ὥσπερ
3387 5021 3472 5056 κε-

1908 5073 2050 5158 φαλῇ
2098 5073 2566 5159 σώματος,,όὶθτος
2602 5073 3013 5159 ἐνὸς,.ό⁷ᾕλιρς,
3062 5073 3476 5159 ἐσόμενοίςποτιν

1907 5145 2052 5216 ζατά
2099 5162 2220 5198 τινα
2273 5145 2519 5216 περίοδον
2570 5146 2664 5198 καὶ
2709 5146 2862 5198 αὐτοὶ
2920 5146 3179 5215 ἄρχοντες
3228 5145 3474 5216 ἡμερῶν.

1911 5213 2501 5372 ῗῗζὲίυῗῆλςξίκονται.
2547 5283 2664 5339 Non
2709 5283 2892 5338 minus
2918 5291 3103 5353 aptum
3129 5283 3227 5339 fut.
3261 5293 3476 5354 tempus

1906 5355 2208 5424 ἀφίξονται.
2238 5355 2312 5412 ID.

1929 5480 1939 5493 ,
1978 5427 2091 5493 (82)
2143 5427 2294 5492 Ἠλί,
2333 5423 2500 5492 Quasi
2550 5420 2768 5492 quidem
2816 5424 2879 5493 ὲν
2915 5421 2993 5493 τῷ
3035 5423 3171 5478 Ἦλί.
3215 5423 3478 5477 Iicbraico

1906 5480 2019 5561 ἦέ,
2047 5480 2190 5566 quod
2242 5480 2408 5566 soloin
2459 5480 2824 5566 signiﬁcaret.
2849 5480 3011 5566 Suo.
3047 5493 3196 5566 Mira
3228 5493 3475 5566 Hebr-uici

1911 5559 2180 5622 sermonis
2223 5565 2464 5628 inscitia,
2496 5559 2585 5618 illa
2625 5559 2720 5614 τοῦ
2771 5561 2946 5631 ἡλίου,
3009 5573 3062 5619 et
3121 5564 3264 5616 Ἡλεί
3309 5577 3481 5616 evan-

1910 5636 2460 5707 geliciponjugalio:
2502 5643 2561 5688 ut
2597 5639 2659 5707 εξ
2681 5631 2826 5707 quod
2859 5631 3093 5691 Romani
3128 5635 3349 5692 milites,
3390 5633 3483 5685 illa
3565 5686 3578 5704 _

1911 5699 2041 5762 uoce
2071 5699 2242 5833 Eéiau'i
2280 5699 2591 5778 appellasse
2626 5699 2916 5758 Dominum
2954 5707 3009 5764 in
3052 5719 3220 5758 cruce
3261 5709 3484 5774 putave-

1911 5788 2058 5833 runt.
2137 5793 2326 5833 ouner.

1911 5788 2058 5833 I'IIIII.
2091 5788 2326 5834 UOIBEF.
