3848 6306
490 347 586 402 ’751
1716 341 2106 400 CLEMENTIS
2143 339 2605 396 ALEXANDRINI

493 459 910 525 malediceretur,
945 459 1121 530 inquit
1143 461 1214 531 (v.
1240 459 1356 530 23),
1406 477 1508 515 non
1533 459 1878 516 maledicebat
1899 479 1919 524 ;
1941 476 2061 514 cum
2090 467 2136 522 Α
2163 458 2260 513 hac
2287 460 2426 514 enim
2455 468 2506 514 et
2543 459 2764 514 mortuis
2813 459 3215 536 euangelizatus
3281 466 3378 513 est
3407 498 3427 524 ,
3487 456 3660 513 nobis
3718 461 3802 526 qui

493 564 785 623 pateretur,
820 571 924 609 non
954 553 1400 607 comminabatur.
1436 552 1701 610 Dominus
1743 553 1846 608 hoc
1885 553 2074 623 utique
2170 549 2441 618 quondam
2479 549 2731 604 videlicet
2749 549 3100 606 exstabamus
3128 549 3453 610 inﬁdeles.
3473 547 3549 605 Ut
3561 547 3802 616 judicen.

493 660 591 714 per
624 645 920 700 bonitatem
954 653 1116 713 atque
1132 643 1477 713 patientiam.
1505 643 1771 698 Tradebat
1800 653 1975 697 autem
1989 643 2074 713 ju-
2175 651 2264 695 tur
2321 640 2529 710 quidem
2569 639 2852 695 secundum
2892 639 3178 706 hominem,
3237 639 3455 710 inquit
3510 624 3732 710 (ibid.),
3764 642 3802 694 ii

493 737 698 792 dicanti
739 754 794 791 se
844 737 1038 806 injuste
1073 735 1254 808 (ibid.)
1281 775 1297 801 ,
1338 736 1454 791 sive
1499 737 1876 808 semetipsum,
1908 744 1969 791 ut
2003 737 2074 792 sit
2169 747 2348 797 carne,
2381 732 2554 785 vivant
2579 743 2756 786 autem
2775 731 3061 786 secundum
3089 731 3278 786 Deum
3316 732 3383 784 in
3419 731 3659 798 spiritu.
3682 730 3802 796 Qui:

498 828 839 901 hyperbaton
879 828 984 883 hoc
1018 827 1182 883 modo
1217 843 1276 883 se
1317 828 1566 883 habens:
1608 829 1860 883 tradebat
1893 835 2074 882 autem
2171 821 2331 877 aﬁde
2379 821 2630 878 videlicet
2675 823 3023 891 exciderunt;
3081 824 3217 878 dum
3259 822 3478 877 adhuc
3541 821 3601 876 in
3658 839 3802 878 carm

498 922 850 992 semetipsum
904 922 1206 978 secundum
1251 921 1512 993 iniustum
1564 922 1735 993 legem
1777 921 2075 993 judicanti-
2173 923 2322 977 sunt,
2349 914 2668 983 judicantur
2700 915 3001 971 secundum
3041 915 3265 986 judicia
3323 916 3735 986 praecedentia
3767 933 3795 969 u

500 1013 636 1080 bus;
668 1013 797 1082 quia
829 1013 1041 1068 inutilis
1062 1012 1171 1067 illis
1193 1022 1330 1076 erat,
1356 1012 1744 1082 utpotejustus
1764 1013 2072 1069 exsistens:
2174 1007 2496 1076 putuiteaut.
2543 1007 2751 1062 Idcirco
2790 1016 2844 1063 et
2875 1008 3168 1076 subnectit,
3200 1009 3437 1064 dicens
3477 1027 3493 1062 :
3551 1006 3745 1062 Vivont
3771 1011 3802 1064 ii

500 1107 588 1162 vel
623 1104 875 1160 tradebat
907 1104 1014 1160 Deo
1044 1105 1247 1176 injuste
1272 1105 1603 1176 judicantes.
1636 1104 1690 1160 id
1720 1112 1803 1160 est
1831 1120 1927 1160 eos
1981 1106 2073 1176 qui
2173 1099 2365 1166 spiritu
2407 1098 2693 1152 secundum
2731 1099 2916 1154 Deum.
2959 1100 3050 1155 Sic
3081 1099 3311 1156 Paulus
3357 1116 3647 1170 quoque;
3701 1115 3802 1154 nan

501 1214 625 1254 eum
657 1197 995 1268 nequissime
1017 1197 1458 1252 condemnabant
1482 1240 1496 1261 ,
1530 1205 1584 1251 et
1614 1199 1782 1268 gratis
1809 1197 1928 1252 neci
1956 1197 2078 1266 ejus
2174 1196 2229 1244 et
2264 1189 2378 1258 ipse
2405 1189 2512 1242 tale
2553 1188 2757 1258 aliquid
2811 1190 2944 1245 dicit
2981 1208 3144 1262 quem
3201 1191 3452 1247 tradidi
3513 1191 3800 1261 (inquiens

502 1289 813 1354 instabant,
866 1297 928 1344 ut
981 1290 1244 1361 supplicia
1295 1289 1664 1360 perpetientes
1687 1327 1704 1354 ,
1735 1288 2073 1344 erudiantur.
2176 1279 2427 1344 Salanw.
2461 1289 2519 1334 ut
2560 1281 2694 1335 vivat
2744 1282 2935 1351 spiritu
2964 1284 3018 1340 δ.
3049 1283 3211 1355 (Cap.
3248 1299 3340 1345 IV.
3384 1299 3448 1338 ν.
3489 1283 3590 1353 10)
3623 1303 3638 1337 :
3676 1282 3801 1338 Sicu.

505 1379 612 1445 Qui
642 1381 778 1434 enim
810 1381 918 1435 vult
962 1383 1123 1436 vitam
1152 1421 1168 1445 ,
1207 1382 1384 1452 inquit.
1413 1381 1557 1452 (cap.
1602 1393 1686 1445 ιιι,
1719 1396 1771 1435 v.
1809 1379 1919 1450 10),
1952 1380 2080 1434 dati.
2177 1371 2321 1435 boni,
2357 1372 2608 1428 videlicet
2633 1372 3024 1442 dispensatores
3049 1373 3444 1444 multiformis
3475 1373 3683 1444 gratia)
3708 1371 3801 1425 Dei

504 1487 644 1540 gere,
672 1481 722 1525 et
745 1473 920 1527 videre
967 1473 1078 1528 dies
1107 1473 1301 1538 bonos;
1331 1473 1435 1528 hoc
1455 1480 1538 1528 est
1574 1473 1666 1542 qui
1700 1472 1817 1527 vult
1841 1481 2078 1530 aeternus
2180 1461 2444 1520 Similiter
2480 1471 2535 1520 et
2582 1463 2827 1521 Paulus:
2862 1465 3196 1535 Hultifarie,
3239 1465 3493 1536 inquit,
3542 1475 3597 1518 et
3642 1464 3802 1518 multis

505 1573 562 1620 et
593 1565 1026 1636 incorruptibilis
1053 1565 1188 1621 ﬁeri.
1219 1565 1397 1621 Vitam
1428 1579 1580 1628 vero,
1602 1564 1891 1620 Dominum
1911 1565 2075 1633 dicit;
2178 1557 2347 1612 modis
2373 1557 2514 1612 Deus
2545 1557 2674 1613 olim
2701 1557 2905 1613 (acutus
2932 1568 3012 1614 est
3039 1560 3308 1629 patribus
3350 1557 3581 1612 nostris
3600 1567 3649 1606 ε.
3683 1555 3802 1611 (ἱραί

508 1658 627 1715 dies
653 1667 832 1714 autem
856 1659 1052 1723 bonos,
1082 1659 1186 1714 hoc
1214 1667 1297 1715 est
1355 1668 1592 1715 sanctos.
1628 1657 1770 1725 Quia
1797 1659 1958 1722 oculi,
1995 1657 2079 1712 in-
2176 1651 2293 1707 dcte
2317 1692 2332 1715 .
2389 1653 2568 1723 inquit
2609 1654 2685 1720 (v.
2719 1654 2807 1727 15)
2831 1695 2844 1716 .
2914 1655 3401 1709 communicantes
3472 1653 3802 1722 passionibm

510 1754 630 1823 quit
662 1753 861 1823 (v.“),
894 1753 1109 1807 Domini
1141 1769 1297 1823 super
1330 1753 1542 1824 justas,
1591 1761 1641 1806 et
1695 1768 1848 1806 aures
1873 1751 1986 1822 ejus
2021 1753 2076 1806 in
2107 1813 2146 1824 _
2177 1739 2423 1797 Christi:
2461 1741 2566 1797 hoc
2606 1750 2694 1798 est
2739 1743 2783 1798 si
2810 1743 2945 1813 justi
2999 1744 3168 1806 estis,
3215 1749 3493 1813 propter
3543 1740 3801 1811 justitian

509 1813 684 1913 precei
712 1813 913 1897 eorum.
950 1813 1348 1898 Multiforinem'
1363 1813 1596 1914 Spiritus
1623 1843 1799 1898 sancti
1830 1813 2076 1914 specula-
2107 1813 2150 1873 Β
2177 1834 2454 1904 palimini.
2484 1835 2628 1890 sicut
2672 1834 2925 1892 Christus
2982 1850 3083 1906 pro
3135 1834 3386 1907 justitia
3456 1848 3671 1903 passus
3716 1841 3801 1890 est.

512 1934 712 1988 tionem
741 1933 1046 2004 signiﬁcat:
1091 1935 1276 1989 Vultus
1319 1944 1494 1989 autem
1543 1933 1756 1989 Domini
1801 1949 1957 2002 super
1992 1933 2077 2004 fa-
2177 1925 2350 1991 Beati,
2388 1927 2565 1997 inquit
2588 1926 2663 1998 (v.
2690 1926 2802 1998 14),
2833 1928 3084 1998 quoniam
3112 1928 3205 1999 qui
3236 1937 3333 1982 est
3383 1925 3518 1993 ejus
3583 1925 3802 1982 honoris1

515 2022 709 2077 cientes
741 2024 887 2077 mala
923 2025 996 2096 (v.
1031 2023 1120 2093 12)
1141 2064 1156 2086 ,
1198 2023 1302 2079 hoc
1335 2032 1420 2080 est
1463 2023 1578 2080 sive
1616 2022 1880 2092 judicium
1911 2062 1926 2088 ,
1965 2023 2081 2078 sive
2178 2018 2456 2073 etoirtutis
2482 2018 2579 2074 Dei
2601 2019 2854 2090 Spiritus,
2878 2035 3034 2089 super
3051 2037 3138 2075 ros
3171 2019 3514 2091 requiescit.
3551 2016 3669 2072 Hoc
3695 2033 3802 2088 pos-

515 2116 683 2182 ultio,
749 2118 863 2173 sive
939 2117 1328 2174 manilestatio.
1399 2118 1682 2173 Dominum
1743 2135 1860 2173 vero
1929 2115 2083 2173 Chri—
2191 2108 2675 2176 sessivummius.
2706 2121 2761 2166 et
2791 2111 3095 2181 angelicum
3147 2110 3439 2182 spiritum
3495 2107 3802 2178 signiﬁcat:

515 2218 678 2274 stum,
711 2210 888 2282 inquit
911 2213 986 2282 (v.
1018 2212 1128 2282 l5),
1161 2212 1494 2282 sanctiﬁcate
1521 2213 1577 2267 in
1610 2211 1854 2267 cordibus
1878 2211 2080 2266 uestris.
2183 2200 2356 2270 gloria
2387 2201 2590 2272 quippe
2618 2201 2710 2258 Dei
2737 2242 2755 2266 ,
2791 2202 2871 2257 illi
2915 2213 3047 2259 sunt
3076 2219 3176 2274 per
3203 2217 3370 2273 quos
3407 2201 3728 2257 secundum
3756 2200 3802 2252 ﬁ-

519 2299 613 2358 Sic
644 2303 813 2359 habes
845 2303 1009 2359 etiam
1042 2302 1099 2358 in
1130 2304 1378 2360 oratione
1401 2303 1681 2359 Dooiinica
1717 2323 1729 2359 :
1768 2302 2086 2374 Sancti/ice—
2185 2295 2308 2350 dem
2341 2304 2394 2349 el
2419 2293 2687 2362 iustitiam
2728 2295 3065 2366 gloriﬁcatur
3097 2295 3165 2350 ad
3201 2295 3470 2367 gloriam
3521 2295 3802 2349 honorabi-

520 2405 608 2450 ια,-
645 2413 852 2460 nomen,
896 2396 1103 2467 inquit,
1151 2406 1300 2451 mum
1331 2409 1378 2450 α,
1425 2395 1667 2453 Christus
1703 2399 1866 2464 εηίιη,
1913 2398 2089 2468 inquit
2189 2389 2314 2450 lem,
2349 2385 2654 2441 secundum
2685 2385 2991 2456 proiectum
3034 2387 3512 2442 introductorum
3543 2384 3799 2440 ﬁdelium.

521 2490 597 2563 (v.
627 2491 741 2562 18),
758 2491 916 2546 semel
936 2507 1032 2560 pro
1061 2489 1286 2559 peccatis
1309 2491 1506 2545 nostris
1533 2500 1771 2544 mortuus
1791 2501 1890 2554 est,
1907 2490 2090 2560 justus

2210 2479 2375 2535 :‘otest
2424 2479 2586 2535 etiam
2636 2480 2717 2535 sic
2746 2479 2974 2550 intelligi
3028 2477 3268 2549 Spiritus
3319 2477 3433 2533 Dei
3474 2494 3642 2547 super
3685 2491 3802 2539 nos;

518 2599 616 2653 pro
647 2582 885 2652 injustis,
915 2592 972 2635 ut
1003 2599 1095 2636 nos
1120 2579 1474 2651 oﬂ'erretDeo,
1508 2581 1860 2650 mortiﬁcatus
1886 2580 2093 2651 quidem
2191 2574 2296 2629 hoc
2346 2581 2465 2638 est,
2498 2573 2589 2643 qui
2627 2573 2927 2628 secundum
2983 2573 3141 2629 ﬁdem
3192 2573 3418 2628 anima:
3466 2571 3796 2641 supervenit.

520 2693 700 2738 carne,
726 2676 1016 2744 uiviﬁcatus
1045 2684 1218 2728 autem
1249 2672 1458 2737 spiritu.
1485 2671 1608 2727 Haec
1629 2673 1692 2726 ad
1725 2673 1881 2729 ﬁdem
1904 2687 2092 2728 eorum
2194 2665 2361 2720 veluti
2383 2674 2643 2721 venustas
2673 2665 2919 2736 quaedam
2945 2666 3145 2721 mentis
3178 2673 3234 2720 et
3267 2665 3466 2720 animi
3497 2663 3798 2734 pulchritu-

521 2767 776 2837 redigens
805 2765 959 2820 dicit.
1006 2763 1120 2819 Hoc
1147 2773 1232 2819 est
1268 2783 1280 2819 :
1317 2765 1371 2818 in
1411 2765 1614 2819 nostris
1662 2765 1965 2819 viviﬁcatus
2009 2772 2094 2822 est
2195 2757 2286 2815 do.
2306 2758 2592 2828 Quoniam,
2618 2761 2796 2831 inquit
2826 2760 2900 2831 (v.
2941 2760 3052 2830 i7),
3079 2767 3288 2831 tempus
3314 2758 3538 2830 judicii
3559 2754 3796 2811 inchoan-

523 2857 828 2928 spiritibus.
863 2855 1176 2917 Adveniens,
1209 2854 1387 2924 inquit
1435 2860 1511 2927 (v.
1541 2854 1658 2925 20),
1692 2853 2094 2924 prwdicaoiteis
2197 2851 2254 2906 di
2299 2869 2332 2907 a
2364 2853 2520 2909 domo
2555 2854 2784 2911 Domini.
2843 2853 2940 2910 liis
2975 2855 3122 2909 enim
3145 2895 3160 2920 ,
3202 2854 3257 2908 in
3293 2838 3794 2924 persecutioaibus

522 2951 613 3020 qui
650 2948 916 3021 quondam
945 2960 1093 3003 erant
1134 2949 1423 3012 increduli;
1455 2947 1691 3018 speciem
1728 2947 1948 3018 quidem
1977 2946 2096 3016 ejus
2200 2947 2530 3010 constitutis.
2571 2947 2836 3018 judicium
2868 2955 3255 3018 consequetur.
3290 2947 3452 3002 Deus
3492 2955 3689 3002 autem.
3720 2941 3791 2994 in-

523 3057 634 3097 non
664 3041 953 3104 viderunt,
997 3055 1191 3096 sonum
1242 3055 1371 3095 vero
1427 3038 1577 3094 vocis
1621 3038 1931 3094 audierunt.
1961 3033 2096 3094 Cum
2200 3039 2320 3110 quit
2358 3039 2500 3111 (cap.
2551 3056 2607 3104 v,
2647 3058 2700 3095 v.
2733 3041 2844 3113 l0).
2899 3042 3060 3095 totius
3092 3042 3311 3112 gratiw.
3363 3038 3574 3093 Totius
3622 3033 3790 3106 gratim

3717 336 3802 390 751‘

525 3135 783 3192 sustinet.
817 3133 996 3202 inquit
1028 3131 1232 3202 (ibid.),
1280 3130 1374 3185 Dei
1432 3130 1828 3200 longanimitas.
1881 3127 1960 3183 Ita
2012 3139 2095 3187 est

2203 3132 2357 3194 dixit,
2389 3133 2646 3203 quoniam
2675 3134 2855 3189 bonus
2886 3142 2995 3198 est,
3032 3143 3086 3187 et
3113 3132 3374 3187 omnium
3407 3131 3682 3186 bonorum
3707 3127 3785 3176 cla-

527 3225 706 3279 bonus
747 3223 911 3287 Deus,
939 3232 997 3277 ut
1025 3223 1188 3278 etiam
1226 3238 1322 3293 per
1357 3220 1718 3276 eruditionem
1748 3219 1940 3275 salutis
1969 3235 2098 3289 ope—
2124 3217 2166 3234 “
2203 3231 2290 3280 tor
2319 3231 2402 3280 est
2435 3225 2568 3295 ipse.
2606 3224 2819 3280 Salutat
2847 3242 2934 3280 uos
2963 3224 3176 3279 Marcus
3195 3225 3355 3295 ﬁlius
3390 3239 3544 3277 meus
3585 3219 3656 3290 (v.
3691 3217 3781 3280 ll).

529 3325 684 3371 retur
711 3315 986 3370 eﬁectum.
1025 3312 1127 3368 Per
1157 3312 1588 3368 resurrectionem
1614 3349 1631 3376 ,
1675 3311 1850 3382 inquit
1879 3311 1954 3383 (v.
1981 3311 2098 3384 2i),

528 3405 661 3461 Jesu
690 3404 922 3468 Christi;
954 3404 1166 3460 scilicet
1191 3417 1311 3473 quas
1336 3417 1430 3473 per
1455 3401 1611 3456 ﬁdem
1646 3401 1700 3456 in
1731 3401 1889 3457 nobis
1910 3400 2099 3457 eﬁ‘ecta

529 3504 635 3552 est.
671 3494 932 3566 Subjectis
962 3495 1064 3549 sibi
1103 3495 1304 3566 angelis
1329 3494 1405 3564 (v.
1437 3493 1553 3566 22),
1593 3495 1682 3563 qui
1721 3501 1850 3550 sunt
1879 3495 2088 3566 primus

528 3587 700 3645 ordo:
735 3600 790 3645 et
815 3588 1051 3645 subditis
1083 3588 1449 3658 potestatibus.
1483 3589 1577 3658 qui
1606 3594 1734 3642 sunt
1756 3589 1980 3643 secundi
2005 3603 2101 3644 or-

529 3682 677 3739 dinis
704 3704 718 3738 :
749 3683 980 3739 subditis
1009 3697 1224 3753 quoque
1253 3680 1530 3736 virtutibus
1553 3720 1568 3743 ,
1601 3695 1724 3750 quae
1768 3679 1837 3735 ad
1881 3681 2098 3736 tertium

531 3775 779 3831 ordinem
806 3775 1082 3844 pertinere
1112 3773 1481 3829 declarantur.
1508 3771 1613 3839 Qui
1642 3771 1891 3835 reddent,
1927 3771 2103 3842 inquit

533 3869 680 3937 (cap.
705 3883 780 3930 Iv,
813 3885 866 3922 v.
899 3867 978 3937 5},
1009 3868 1262 3922 rationem
1296 3867 1344 3920 ei
1388 3867 1477 3937 qui
1507 3877 1726 3932 paratus
1756 3874 1834 3919 est
1857 3865 2104 3934 judicare

533 3959 674 4014 uiuos
707 3969 754 4012 et
785 3971 1043 4014 mortuos.
1082 3958 1148 4015 lli
1181 3959 1481 4016 secundum
1512 3957 1870 4030 praecedentia
1896 3955 2106 4026 judicia

536 4046 886 4104 erudiuntur.
916 4047 997 4105 οι)
1027 4051 1130 4105 hoc
1156 4049 1320 4105 etiam
1349 4049 1625 4121 subjungit
1656 4048 1728 4119 (v.
1755 4048 1810 4120 6)
1834 4067 1848 4105 :
1882 4047 2105 4118 Propter

2206 3315 2419 3373 Marcus
2461 3316 2609 3372 Petri
2668 3327 2945 3380 sectator,
3005 3321 3182 3388 palam
3244 3315 3603 3390 praedicante
3642 3309 3785 3366 Petro

2203 3409 2554 3480 Evangelium
2607 3408 2792 3468 Roma:
2828 3425 3016 3465 coram
3066 3410 3410 3480 quibusdam
3456 3402 3781 3462 Caesareanis

2204 3501 2515 3570 equitibus,
2543 3507 2596 3556 et
2626 3502 2792 3556 multa
2827 3501 3031 3557 Christi
3067 3503 3390 3558 testimonia
3449 3498 3776 3571 proferente;

2207 3591 2425 3662 penitus
2448 3591 2515 3646 ab
2543 3591 2624 3647 eis
2671 3599 2729 3643 ut
2763 3599 2986 3661 possent
3019 3607 3138 3662 qua:
3159 3591 3504 3648 dicebantur
3525 3582 3778 3642 meritoria:

2207 3684 2610 3747 commendare.
2643 3686 2868 3756 scripsit
2893 3701 2954 3740 ex
2991 3685 3078 3740 his
3109 3700 3229 3756 qua:
3258 3683 3436 3740 Petro
3468 3681 3614 3736 dicta
3649 3685 3774 3732 sunt.

2207 3774 2556 3844 Evangelium
2623 3775 2768 3846 quod
2822 3775 3122 3831 secundum
3179 3774 3434 3830 Marcum
3503 3768 3772 3825 vocitatur.

2211 3863 2366 3920 Sicut
2419 3864 2597 3923 Lucas
2648 3882 2885 3938 quoque.
2937 3875 2991 3922 et
3023 3866 3195 3922 Actus
3225 3866 3611 3936 apostolorum
3656 3857 3774 3927 stylo

2209 3963 2501 4011 exsecutus
2521 3967 2858 4027 agnosceret,
2884 3963 2938 4012 et
2971 3955 3126 4012 Pauli
3151 3957 3219 4014 ad
3242 3956 3514 4013 Hebraeos
3530 3953 3770 4020 interpre-

2211 4055 2358 4102 tatus
2382 4047 2700 4120 Epismlam.

1163 4565 1518 4631 EJUSDEM
1557 4564 2027 4626 ADUMBRATI
2044 4565 2248 4626 ONES
2283 4565 2362 4626 IN
2397 4566 2860 4646 ‘EPIS'I'OLAM
2895 4569 3134 4634 JUD/E.

603 4757 1070 4834 3691udas,qui
1083 4758 1406 4815 catholicam
1421 4758 1642 4831 scripsit
1662 4758 1978 4831 Epistolam,
2005 4759 2115 4814 fra-
2146 4765 2188 4818 D
2217 4761 2480 4829 Quoniam
2499 4763 2751 4819 Dominus
2769 4763 2906 4819 Deus
2923 4765 3082 4819 semel
3103 4765 3374 4833 populum,
3405 4758 3575 4830 inquit
3595 4756 3659 4824 (v.
3683 4747 3746 4816 5)⁹

546 4859 631 4906 ter
649 4849 877 4903 ﬁliorum
889 4845 1086 4918 Ioseph
1102 4849 1506 4913 exslaus,valde
1532 4850 1835 4922 religiosus;
1855 4865 1977 4906 cum
1999 4850 2106 4906 sci-

547 4952 630 4998 ret
644 4943 1097 5014 pr0pinquitatem
1122 4941 1354 5008 Domini,
1371 4959 1476 4999 non
1504 4954 1682 5000 tamen
1698 4946 1835 5002 dixit
1854 4960 1912 5002 se
1933 4947 2111 5018 ipsum

551 5036 773 5091 fratrem
817 5035 938 5105 ejus
981 5050 1134 5102 esse;
1189 5034 1286 5090 scd
1334 5036 1462 5106 quid
1517 5037 1653 5092 dixit
1695 5039 1838 5108 (cap.
1887 5054 1924 5102 ι,
1972 5037 2107 5108 v.1)

551 5127 723 5182 ludas
779 5145 956 5183 cerrus
1006 5127 1135 5183 Iesu
1176 5127 1405 5194 Christi,
1455 5139 1641 5199 utpme
1672 5126 1914 5198 Domini;
1949 5131 2113 5200 frater

553 5234 727 5276 autent
748 5221 955 5276 Jacobi.
991 5221 1101 5277 Hoc
1131 5223 1275 5278 enim
1302 5237 1485 5277 verum
1509 5232 1624 5290 est;
1649 5223 1816 5279 frater
1842 5231 1957 5279 erat
1972 5224 2111 5294 ejus,

553 5311 772 5380 Jost‘ph.
817 5311 1240 5367 Subintroierunt
1275 5314 1412 5366 enim
1439 5313 1654 5383 quidam
1681 5354 1696 5379 ,
1721 5315 1896 5383 inquit
1923 5311 1996 5384 (v.
2033 5312 2112 5383 ι),

556 5401 790 5456 homines
853 5403 1000 5472 impii
1044 5405 1132 5474 qui
1155 5403 1281 5458 olim
1321 5405 1615 5474 prtescripti
1655 5414 1705 5460 et
1753 5404 2114 5474 prwdestinati

554 5505 706 5548 erant
730 5497 783 5549 in
806 5497 1067 5567 judicium
1096 5499 1192 5552 Dei
1219 5501 1408 5564 nostri,
1438 5516 1545 5554 non
1569 5507 1628 5554 ut
1660 5500 1786 5554 ﬁant
1814 5499 1986 5569 impii,
2017 5497 2111 5554 sed

556 5585 884 5644 exsistemes
901 5589 1011 5659 jam
1047 5590 1217 5661 impii,
1252 5592 1308 5645 in
1335 5592 1598 5662 judicium
1633 5591 1928 5662 praascripti
1962 5598 2108 5646 sunt.

631 5800 656 5830 ι
684 5789 868 5844 Matth.
910 5805 984 5856 vt,
1014 5793 1065 5845 9.
1145 5791 1170 5829 δ
1215 5790 1232 5844 l
1263 5791 1388 5845 Cor.
1417 5810 1466 5857 γ,
1499 5792 1551 5848 ii.
1633 5805 1650 5831 ε
1693 5790 1825 5847 licb.
1860 5805 1898 5854 ι,
1944 5791 1990 5844 i.

2213 4855 2277 4909 de
2330 4863 2469 4909 terra
2496 4854 2716 4926 zEgypti
2767 4856 2996 4911 liberans
3019 4894 3035 4920 ,
3081 4856 3320 4924 deinceps
3352 4871 3442 4911 eos
3469 4857 3525 4915 >14
3561 4845 3642 4918 qui
3663 4855 3747 4895 ηοπ

2214 4943 2566 5008 crediderunt,
2608 4944 2866 5014 perdidit;
2920 4955 2980 5002 ut
3037 4963 3131 5002 eos
3168 4947 3422 5002 videlicet
3450 4957 3543 5014 per
3571 4931 3743 5004 suPP'i'

2214 5039 2356 5093 cium
2388 5039 2649 5094 erudiret.
2696 5040 2755 5095 ln
2784 5040 3042 5111 praesenti
3090 5040 3290 5112 quippe
3330 5047 3572 5106 tempore
3596 5021 3740 5099 puni!i

2216 5141 2342 5187 sunt
2368 5139 2421 5186 et
2450 5133 2728 5203 perierunt
2766 5144 2986 5204 propter
3012 5149 3107 5189 eos
3138 5134 3232 5205 qui
3265 5135 3565 5190 salvantur,
3595 5121 3739 5205 donec

2215 5232 2604 5280 convertantur
2641 5226 2708 5281 ad
2768 5226 3077 5282 Dominum.
3129 5204 3354 5296 Angelos
3415 5235 3547 5281 vero,
3593 5204 3737 5296 ίηίιυὶί

2215 5324 2290 5388 (ν.
2323 5318 2377 5387 6)
2393 5320 2598 5387 quinon
2628 5329 2956 5374 servaverunt
2985 5295 3254 5388 proprium
3284 5315 3629 5388 principatum,
3648 5295 3730 5388 διξί·

2215 5409 2343 5464 licet
2372 5425 2530 5479 quem
2562 5419 2886 5479 acceperunt
2904 5409 3206 5466 secundum
3231 5407 3545 5478 profectum,
3563 5393 3640 5449 sed
3665 5384 3733 5440 de:

2215 5501 2552 5570 reliquerunt,
2575 5499 2749 5570 inquit
2776 5499 2980 5565 (ibid.),
3007 5516 3158 5553 suum
3187 5495 3548 5552 habitaculum,
3564 5481 3722 5570 callum

2215 5566 2465 5645 videlicet
2493 5605 2554 5644 ac
2576 5566 3108 5655 ste-llassiguiﬁcans,
3126 5596 3388 5657 apostataa
3410 5581 3527 5640 lacti
3557 5577 3660 5631 sunt
3683 5566 3724 5617 el

2257 5717 2449 5759 /0(’-'3"

2074 5795 2130 5854 ᾖ
2178 5787 2235 5840 P.
2273 5786 2406 5845 4998*
2445 5785 2547 5842 ED.
2590 5785 2877 5840 POTTER.
