3964 6312
579 272 685 326 7ὖῖ
1805 271 2194 330 CLEMENTIS
2229 272 2686 330 ALEXANDRINI
3658 286 3729 347 736

576 392 707 447 bum
735 391 938 460 ipsum,
964 388 1066 445 hoc
1096 396 1183 445 est
1207 386 1380 445 Filius
1411 388 1507 446 Dei
1539 390 1837 447 secundum
1863 391 2141 463 aequalita—
2168 397 2213 455 Α
2241 392 2495 446 stantiam
2549 396 2603 445 et
2657 404 2779 444 cum
2815 388 3077 459 subjectis
3105 389 3313 462 angelis
3344 397 3398 443 et
3435 391 3729 466 archangeli;

579 492 686 538 tem
710 484 1029 540 substantia;
1050 496 1218 537 unum
1241 496 1363 536 cum
1382 481 1544 540 Patre
1563 484 1833 547 consistit,
1856 485 2137 556 sempiter-

580 591 710 631 num
737 583 822 631 est
856 582 911 630 et
939 572 1197 630 infectum
1232 593 1246 629 :
1282 575 1427 643 quod
1467 591 1681 645 semper
1730 584 1847 631 erat
1874 575 2131 643 Verbum,

578 665 916 737 significatur
944 665 1174 720 dicendo
1198 705 1213 729 ,
1248 665 1304 718 in
1343 667 1606 736 principio
1650 674 1765 721 erat
1826 664 2050 720 Verbum
2082 679 2131 724 ι.

579 756 734 825 Quod
782 772 911 812 vero
961 756 1136 821 dixit,
1162 758 1300 827 quod
1330 757 1551 813 vidimus
1580 758 1747 814 oculis
1775 760 1968 813 nostris
1987 799 2002 823 ,
2026 758 2136 814 Do-

578 849 711 904 mini
739 847 1007 920 signiflcat
1036 848 1094 903 in
1127 863 1293 904 carne
1321 850 1663 919 praesentiam
1689 889 1705 915 ,
1736 860 1788 905 et
1815 868 2021 914 manus,
2053 853 2136 907 in-

576 939 698 1010 quit
752 938 955 1011 (ibid.),
996 948 1192 994 nostris
1220 949 1674 995 contrectaverunt
1702 940 1768 997 de
1815 941 1964 997 verba
1995 944 2131 998 vitta.

577 1028 695 1085 Non
728 1031 906 1086 solum
931 1045 1149 1086 carnem
1168 1031 1417 1100 ejus,sed
1445 1032 1609 1087 etiam
1638 1033 1865 1090 virtutes
1890 1035 2133 1105 ejusdem

578 1120 701 1175 Filii
735 1122 1028 1193 signiﬁcat,
1055 1124 1196 1179 sicut
1227 1122 1413 1178 radius
1446 1124 1579 1179 solis
1608 1140 1780 1196 usque
1808 1125 1875 1180 ad
1911 1126 2022 1181 haec
2053 1128 2137 1181 in-

580 1212 703 1266 tima
734 1214 850 1267 loca
880 1214 1274 1283 pertransiens,
1302 1214 1393 1284 qui
1426 1213 1610 1271 radius
1641 1216 1692 1269 in
1724 1230 1887 1272 carne
1916 1217 2137 1273 veniens

577 1305 865 1375 palpabilis
888 1304 1064 1362 factus
1093 1314 1176 1360 est
1206 1305 1507 1376 discipulis.
1541 1304 1734 1361 Fertur
1774 1322 1903 1378 ergo
1942 1309 1997 1363 in
2028 1316 2137 1363 tra-

578 1396 893 1459 ditionibus,
927 1396 1185 1467 quoniam
1233 1395 1472 1453 Joannes
1516 1397 1691 1467 ipsum
1741 1414 1943 1469 corpus
1991 1400 2137 1469 quod

578 1497 696 1541 erat
722 1488 1067 1543 extrinsecus
1090 1495 1339 1559 tangens,
1362 1504 1579 1543 manum
1606 1505 1761 1543 suam
1793 1490 1848 1544 in
1869 1490 2137 1561 profunda

578 1578 812 1643 misisse,
845 1587 900 1633 et
923 1579 973 1635 ei
1002 1579 1258 1634 duritiam
1290 1580 1472 1635 carnis
1515 1581 1665 1635 nullo
1713 1581 1873 1636 modo
1906 1584 2138 1639 relucta-

578 1678 688 1723 tam
720 1686 862 1737 esse,
895 1670 989 1726 sed
1044 1672 1221 1725 locum
1281 1672 1467 1726 manui
1519 1674 1815 1742 przcbuisse
1861 1674 2134 1745 discipuli.

2233 497 2357 536 cum
2386 482 2585 551 qui-bus
2622 488 2885 535 vocantur
2920 480 3212 551 aequivoce,
3248 479 3495 537 diversas
3520 490 3731 554 operatur

2233 587 2331 627 nes
2360 571 2618 628 etliciunt.
2654 570 2746 627 Sic
2781 573 2946 628 etiam
2998 580 3053 627 et
3098 571 3316 644 Moyses
3351 573 3561 631 Michael
3601 583 3731 650 angeli

2232 664 2488 719 virtutem
2518 680 2615 734 per
2642 664 2882 720 vicinum
2924 665 3028 731 sibi
3057 672 3111 720 et
3144 665 3391 720 infimum
3423 669 3640 739 angelum
3662 689 3730 728 vo-

2234 763 2340 810 cat.
2360 755 2623 812 Similiter
2644 772 2865 828 quoque
2881 758 2936 812 in
2957 759 3232 829 prophetis
3249 761 3459 814 sanctis
3470 760 3732 830 invenimus,

2234 847 2328 902 sed
2357 846 2527 919 Moysi
2575 846 2792 918 quidem
2843 849 3181 919 propinquus
3218 864 3289 904 ac
3332 849 3538 907 vicinus
3561 856 3731 924 angelus

2235 938 2501 1008 apparuit.
2534 936 2818 994 Exaudivit
2847 955 2994 1005 eum,
3025 947 3079 995 et
3104 940 3325 996 locutus
3350 941 3403 996 ei
3430 940 3637 1013 Moyses.
3653 962 3733 999 ma-

2234 1028 2428 1085 nifeste
2457 1029 2594 1086 facie
2624 1030 2690 1085 ad
2740 1030 2955 1086 faciem.
2998 1031 3136 1086 Aliis
3182 1040 3368 1088 autem
3412 1034 3733 1104 prophetisse-

2235 1118 2470 1175 cundum
2526 1120 2893 1190 operationem
2959 1123 3277 1194 angelorum
3339 1132 3527 1179 rnotus'
3568 1129 3732 1197 quidam

2236 1208 2429 1274 ﬁebat,
2464 1212 2629 1266 veluti
2675 1212 3011 1267 audientium
3043 1228 3106 1267 ac
3136 1214 3462 1269 videntium.
3506 1216 3677 1273 Idcirco
3695 1231 3731 1275 et

2236 1301 2337 1356 soli
2366 1302 2656 1358 audiebant
2682 1341 2697 1366 ,
2727 1304 2937 1374 solique
2986 1304 3317 1370 cernebant,
3364 1306 3506 1361 sicut
3531 1316 3579 1363 et
3601 1309 3731 1364 inSa.

2234 1392 2411 1447 muele
2462 1392 2838 1450 manifestatur
2862 1406 2886 1434 ε
2912 1414 2928 1462 ;
2962 1393 3189 1452 Elismus
3231 1396 3399 1452 etiam
3430 1399 3567 1453 solus
3592 1401 3731 1456 audie-

2235 1483 2327 1538 bat
2350 1498 2531 1539 voeem
2551 1525 2567 1551 ,
2597 1502 2705 1557 qua
2733 1496 2954 1543 vocatus
2980 1495 3065 1543 est
3098 1487 3120 1527 ί
3136 1528 3147 1540 .
3204 1486 3265 1542 Si
3302 1498 3482 1545 autem
3515 1503 3637 1547 esset
3658 1510 3733 1547 ina-

2235 1575 2433 1631 nifesta
2463 1583 2517 1631 et
2549 1580 2854 1635 communis
2891 1595 3019 1644 vox,
3052 1578 3121 1634 ab
3150 1579 3415 1636 omnibus
3444 1585 3732 1651 praesentibus

2238 1665 2549 1733 audiretur;
2600 1683 2748 1723 nunc
2807 1677 2984 1724 autem
3030 1683 3061 1723 a
3093 1669 3212 1725 solo
3246 1670 3306 1724 in
3338 1684 3448 1741 quo
3474 1673 3731 1742 operabatur

577 1759 807 1831 Pr0pter
833 1762 979 1831 quod
1010 1768 1063 1817 et
1096 1761 1298 1818 infert:
1331 1760 1399 1817 Et
1418 1780 1604 1819 manus
1634 1774 1827 1820 nostris
1846 1774 2137 1820 contrecta-
2170 1750 2208 1804 Β
2237 1764 2418 1813 mollis
2447 1757 2539 1828 qui
2569 1759 2637 1813 ab
2689 1760 2882 1830 angelo
2913 1759 3095 1823 flebat.
3128 1761 3321 1815 audita
3350 1771 3455 1817 est.
3482 1759 3590 1815 Non
3610 1762 3732 1817 solum

578 1863 759 1906 verunt
789 1852 852 1908 de
882 1852 1033 1908 verba
1078 1854 1198 1908 vitm
1227 1868 1245 1907 :
1275 1856 1681 1912 contrectabilis
1734 1857 1919 1928 utique
1962 1856 2138 1912 factus

578 1953 663 1998 est
691 1943 784 2013 qui
818 1943 965 1999 venit
992 1944 1046 1998 in
1075 1960 1262 2010 carne,
1301 1946 1443 2000 sicut
1474 1956 1522 2001 et
1552 1948 1657 2001 vita
1683 1963 1799 2019 qua:
1826 1947 2137 2018 manifesta-

580 2046 632 2087 t»:
662 2044 741 2089 est
761 2035 834 2106 (v.
858 2035 937 2106 2).
961 2035 1095 2090 Nam
1124 2046 1179 2092 et
1202 2038 1258 2091 in
1287 2037 1579 2109 Evangelia
1608 2039 1688 2095 sic
1721 2040 1885 2095 dicit:
1917 2039 1983 2094 Et
2002 2042 2139 2113 quod

580 2126 778 2196 factum
799 2136 911 2192 est,
943 2128 997 2182 in
1029 2129 1141 2197 ipso
1175 2130 1282 2184 vita
1321 2141 1456 2194 erat,
1489 2142 1537 2185 et
1565 2132 1670 2186 vita
1700 2142 1814 2187 erat
1846 2132 1939 2187 lux
1974 2133 2142 2189 homi-

578 2234 703 2273 num
735 2219 788 2275 b.
819 2217 886 2272 Et
940 2220 1276 2285 nuntiamus,
1342 2223 1515 2293 inquit
1555 2223 1758 2296 (ibid.),
1790 2226 1929 2281 vobis
1979 2228 2141 2282 vitam

578 2319 829 2365 (sternam
855 2326 972 2380 quae
989 2318 1102 2365 erat
1117 2311 1258 2381 apud
1286 2310 1525 2380 Patrem,
1548 2315 1788 2383 etpalam
1814 2316 1958 2387 facta
1978 2318 2139 2374 vobis.

580 2399 759 2457 Patris
805 2403 1168 2474 appellatione
1227 2403 1540 2475 significat,
1581 2407 1837 2476 quoniam
1883 2416 1937 2463 et
1972 2408 2142 2468 Filius

580 2509 795 2565 semper
844 2504 963 2551 erat
995 2497 1115 2553 sine
1153 2496 1327 2552 initio.
1374 2498 1513 2565 Quia
1548 2498 1724 2567 Deus,
1756 2501 1932 2572 inquit
1960 2503 2032 2572 (v.
2063 2503 2141 2575 5),

581 2584 755 2639 lurnen
782 2595 902 2653 est;
955 2602 1066 2643 non
1115 2592 1411 2646 essentiam
1441 2590 1677 2645 divinam
1732 2593 2007 2662 exprimit,
2047 2594 2142 2650 sed

579 2676 856 2733 declarare
884 2679 1072 2736 volens
1105 2681 1441 2750 majestatem
1476 2682 1593 2747 Dei,
1645 2682 1790 2753 quod
1821 2684 2013 2740 melius
2060 2692 2145 2741 est

579 2774 636 2820 et
682 2768 1038 2826 excellentius
1100 2772 1242 2842 apud
1296 2772 1544 2830 homines
1598 2774 1815 2845 proprie
1874 2774 2145 2831 divinitati

578 2859 869 2930 coaptavit.
897 2858 989 2917 Sic
1009 2871 1062 2917 et
1083 2862 1284 2919 Paulus
1314 2864 1485 2918 lumen
1513 2854 2139 2922 vocansinaccessibile'c.

582 2949 690 3007 Sed
719 2959 773 3008 et
804 2954 920 3025 ipse
953 2951 1194 3011 Joannes
1244 2956 1300 3011 in
1342 2956 1529 3012 eadem
1571 2957 1686 3027 ipsa
1720 2956 1982 3028 Epistola,
2012 2955 2145 3013 Cha-

580 3044 751 3108 ritas,
792 3045 1004 3117 inquit.
1040 3045 1179 3101 Deus
1213 3046 1369 3115 estd;
1410 3049 1640 3104 virtutes
1677 3049 1990 3120 significans
2018 3050 2139 3115 Dei,

581 3138 837 3206 quoniam
870 3139 1111 3194 clemens
1137 3148 1220 3194 est
1251 3146 1305 3194 et
1333 3141 1663 3203 misericors,
1697 3148 1751 3196 et
1778 3143 1904 3213 quia
1937 3143 2138 3213 lumen,

582 3228 687 3281 hoc
717 3236 802 3282 est
844 3226 1026 3298 justas
1057 3229 1356 3285 secundum
1382 3230 1680 3300 profectum
1710 3232 1876 3288 animi
1899 3249 1994 3304 per
2013 3236 2142 3290 cha-

583 3319 799 3373 ritatcm
838 3319 1144 3375 constituit.
1178 3318 1384 3375 Lumen
1417 3336 1547 3392 ergo
1604 3320 1748 3378 Deus
1790 3323 1884 3393 qui
1931 3332 2011 3380 est
2050 3324 2135 3380 in-

582 3410 913 3467 enarrabilis
942 3410 1241 3467 secundum
1271 3413 1533 3469 rationein
1571 3413 1891 3470 substantia:
1919 3435 1931 3470 :
1978 3414 2047 3469 Et
2069 3425 2143 3472 te-

583 3500 775 3563 nebris,
808 3501 984 3573 inquit
1009 3503 1212 3574 (ibid.),
1237 3503 1293 3558 in
1313 3520 1372 3559 eo
1397 3513 1521 3559 sunt
1559 3504 1739 3568 nullm,
1766 3505 1868 3560 hoc
1892 3515 1975 3561 est
1995 3507 2142 3562 nulla

582 3593 885 3660 iracundia,
940 3596 1085 3649 nulla
1135 3597 1357 3666 passio,
1410 3596 1557 3650 nulla
1615 3597 1758 3652 circa
1813 3612 2142 3669 quemquam

583 3686 712 3753 mali
764 3686 995 3742 retentio
1046 3687 1253 3742 nullum
1313 3687 1577 3758 perdens,
1635 3688 1730 3743 sed
1782 3690 1996 3745 cunctis
2050 3704 2141 3744 sa-

583 3777 748 3833 lutem
817 3777 1083 3835 tribuens.
1166 3775 1371 3832 Lumen
1439 3786 1620 3834 autem
1677 3780 1987 3850 signiﬁcat,
2057 3780 2143 3837 vel

585 3876 851 3940 prati-cpta
912 3868 1067 3938 legis,
1124 3868 1209 3924 vel
1248 3869 1426 3933 fidem,
1472 3871 1553 3925 vel
1596 3870 1918 3925 doctrinam.
1968 3868 2142 3927 Tene-

585 3962 697 4017 brae
723 3975 853 4016 vero
883 3960 1075 4015 borum
1100 3962 1395 4027 contraria,
1427 3976 1535 4017 non
1560 3962 1723 4017 veluti
1753 3962 1921 4016 altera
1947 3963 2031 4017 via
2049 3962 2138 4018 sit.

587 4053 706 4111 Una
748 4055 950 4127 quippe
1008 4053 1092 4108 via
1149 4062 1232 4110 est
1281 4054 1577 4110 secundum
1624 4062 1891 4125 praecepta
1939 4054 2140 4114 divina.

587 4147 775 4204 Monas
807 4162 1042 4221 namque
1085 4144 1179 4203 Dei
1207 4162 1344 4218 opus
1372 4154 1456 4203 est
1480 4188 1499 4212 ,
1529 4147 1663 4219 dyas
1695 4156 1872 4202 autem
1901 4154 1955 4204 et
1982 4148 2143 4218 quid-

584 4239 718 4311 quid
744 4248 942 4311 prazter
960 4239 1247 4296 monadem
1278 4247 1515 4305 constat,
1545 4256 1614 4294 ex
1639 4240 1764 4295 vitae
1791 4241 2143 4311 perversitate

2240 1858 2433 1914 autem,
2476 1850 2651 1920 inquit
2686 1849 2759 1921 (v.
2788 1849 2869 1922 2),
2915 1868 3009 1921 pro
3042 1853 3239 1907 nostris
3270 1852 3492 1922 peccatis
3535 1852 3729 1909 Dominus

2239 1941 2562 2011 propitiator
2588 1953 2694 2004 est,
2726 1943 2829 1999 hoc
2861 1953 2945 1999 est
2973 1943 3234 2006 fidelium,
3264 1946 3359 1999 sed
3387 1945 3537 2000 etiam
3562 1962 3638 2015 pro
3657 1955 3731 1999 toto

2239 2032 2463 2095 mundo;
2495 2034 2720 2103 proinde
2749 2035 3035 2091 universos
3063 2035 3287 2107 quidem
3318 2036 3505 2098 salvat,
3528 2037 3607 2091 sed
3631 2036 3727 2091 alios

2240 2137 2338 2191 per
2368 2122 2634 2193 supplicia
2666 2133 2991 2181 convertens
3016 2167 3031 2190 ,
3086 2126 3229 2183 alios
3281 2134 3459 2181 autem
3501 2135 3729 2195 spontanea

2241 2223 2591 2285 assequentes
2622 2216 2918 2280 voluntate,
2949 2227 2998 2271 et
3022 2233 3145 2272 cum
3171 2218 3404 2273 honoris
3431 2216 3668 2288 dignitate.
3688 2228 3726 2270 st

2240 2321 2388 2360 omne
2414 2322 2545 2377 genu
2575 2308 2820 2377 flectatur
2845 2310 2913 2377 ei,
2945 2309 3229 2364 cwlestium
3251 2350 3268 2376 ,
3299 2310 3601 2364 terrestrium
3624 2309 3729 2363 etia-

2239 2397 2505 2467 fcrnorum
2536 2401 2599 2462 ες
2633 2401 2733 2455 hoc
2761 2408 2844 2456 est
2890 2401 3089 2472 angeli,
3121 2402 3376 2458 homines
3400 2409 3451 2457 et
3471 2400 3726 2471 anima-qu:

2243 2500 2367 2545 ante
2398 2490 2690 2546 adventum
2722 2492 2841 2562 ejus
2870 2492 2938 2548 de
2972 2494 3072 2548 hac
3102 2496 3213 2548 vita
3258 2494 3548 2565 migravere
3580 2502 3726 2560 tempo-

2241 2580 2360 2635 rali.
2399 2580 2463 2635 Et
2492 2583 2543 2636 in
2569 2582 2666 2638 hoc
2686 2586 3041 2654 cognoscimus
3070 2586 3324 2656 quoniam
3372 2586 3585 2640 norimus
3626 2599 3719 2640 run.

2241 2672 2289 2727 si
2313 2674 2561 2728 mandata
2588 2674 2701 2743 ejus
2733 2676 3090 2731 custodiamus
3121 2677 3196 2747 (v.
3229 2677 3319 2749 3);
3353 2678 3443 2747 qui
3470 2677 3591 2732 enim
3616 2674 3723 2726 intel-

2242 2762 2522 2832 lector,est,
2542 2767 2726 2836 utique
2738 2780 2790 2822 et
2801 2783 2964 2838 opera
2981 2767 3186 2837 perficit
3199 2784 3326 2839 qua:
3341 2765 3645 2839 pertinentad
3654 2765 3722 2817 vir-

2243 2855 2375 2912 tutis
2408 2855 2659 2913 cilicium.
2690 2856 2793 2924 Qui
2824 2873 2948 2913 vero
2976 2874 3139 2929 opera
3163 2859 3469 2929 perficito}
3498 2860 3721 2912 nonconti-

2241 2963 2352 3004 nuo
2378 2949 2539 3004 etiam
2554 2949 2842 3004 intellector
2857 2949 2968 3022 (87)
2985 2957 3087 3006 est.
3107 2949 3295 3007 Potest
3317 2952 3454 3006 enim
3475 2964 3580 3004 esse
3598 2956 3719 3002 recta-

2242 3056 2361 3095 rum
2389 3042 2785 3112 operationum,
2815 3058 2924 3098 non
2951 3050 3130 3099 tamen
3162 3043 3561 3115 intelligibilium
3584 3054 3717 3096 sacra-

2242 3140 2545 3188 mentorum
2574 3133 2858 3205 cognitor;
2890 3134 3107 3190 deiuum
3134 3136 3320 3192 sciens
3359 3135 3577 3207 quadam
3604 3144 3716 3201 opera

2241 3225 2426 3296 perfici
2468 3226 2664 3282 timore
2703 3228 2977 3298 supplicii,
3026 3228 3277 3299 quaedam
3308 3243 3434 3285 vero
3458 3232 3641 3297 propter
3659 3237 3717 3275 rc-

2241 3317 2656 3388 promissionem
2688 3321 3164 3385 remunerationis,
3194 3320 3377 3384 docet,
3413 3315 3716 3390 perfectionem

2243 3408 2626 3464 intellectualis
2654 3408 2892 3464 hominis
2945 3425 3040 3479 per
3086 3411 3410 3466 charitatem
3449 3417 3716 3478 operarum-

2243 3500 2473 3571 plentis:
2509 3499 2736 3570 proinde
2768 3501 3049 3572 subiungit
3075 3517 3139 3556 ac
3167 3502 3303 3558 dicit
3332 3504 3404 3573 (v.
3435 3501 3485 3571 5)
3506 3518 3516 3553 :
3538 3497 3716 3564 Quium

2242 3592 2469 3647 custodit
2516 3592 2722 3647 uerbum
2749 3593 2862 3663 ejus
2896 3610 3045 3658 rere;
3080 3596 3135 3649 in
3174 3594 3273 3649 hoc
3298 3594 3514 3649 charitas
3540 3588 3617 3643 Dei
3636 3600 3715 3653 prt-

2243 3684 2378 3755 fecta
2406 3695 2504 3739 est.
2545 3683 2609 3738 In
2631 3685 2725 3739 hoc
2752 3686 2888 3740 enim
2911 3687 3295 3757 cognoscimus,
3323 3687 3550 3758 quoniam
3577 3682 3619 3734 is
3639 3679 3714 3745 ipso

2241 3793 2419 3832 sumus
2459 3778 2755 3833 secundum
2807 3778 2962 3835 fidem
3018 3789 3070 3834 et
3121 3780 3415 3835 secundum
3446 3773 3710 3831 charitatem.

2244 3866 2364 3922 Non
2394 3868 2701 3924 mandatum
2744 3886 2929 3925 novum
2971 3871 3141 3925 scribo
3171 3872 3336 3933 vobis,
3372 3867 3454 3923 sed
3481 3862 3713 3920 inlaudatum

2241 3971 2382 4015 vetus
2426 3961 2563 4031 quod
2608 3961 2864 4016 habuistis
2897 3979 2929 4015 a
2974 3963 3231 4033 principio
3262 3964 3334 4034 (v.
3374 3962 3460 4030 7),
3489 3972 3571 4028 per
3593 3954 3710 4022 legem

2242 4051 2449 4107 scilicet
2499 4058 2554 4106 et
2596 4054 2904 4123 prophetas.
2956 4052 3059 4108 Ubi
3112 4054 3317 4108 dicitur
3343 4067 3468 4106 unus
3495 4055 3561 4101 est
3600 4042 3709 4095 Dm.

2240 4143 2449 4200 Idcirco
2477 4157 2529 4200 et
2555 4145 2718 4200 infert
2752 4145 2929 4216 (ibid.)
2959 4165 2971 4199 :
3005 4146 3270 4213 Quoniam
3307 4140 3581 4200 mandatum
3613 4142 3710 4187 tellit

2240 4247 2319 4292 est
2339 4237 2546 4291 uerbum
2570 4236 2705 4308 quod
2743 4238 2986 4292 audistis.
3020 4237 3222 4292 lterum
3255 4246 3424 4291 autem
3453 4231 3562 4286 dicit
3582 4221 3708 4293 (v.3)!

584 4332 871 4403 contingit.
897 4331 967 4387 Et
981 4334 1195 4405 sanguis
1216 4331 1344 4387 Filii
1369 4332 1504 4403 ejus,
1529 4332 1704 4403 inquit
1735 4331 1807 4403 (v.
1836 4331 2143 4402 7),mundat
2244 4328 2557 4384 Mandatum
2590 4338 2762 4383 autent
2794 4329 2889 4384 hoc
2912 4340 2988 4384 est
3020 4330 3156 4400 quod
3200 4329 3416 4385 tenebra:
3444 4319 3707 4405 transierint.

587 4440 704 4480 nos.
740 4402 897 4495 371
926 4402 1180 4481 Doctrina
1202 4402 1399 4497 quippe
1433 4402 1645 4482 Domini
1672 4402 1793 4495 qua:
1808 4424 1961 4479 valde
1987 4423 2142 4481 fortis
2171 4431 2216 4487 D
2243 4421 2606 4493 perversionis
2652 4423 2904 4487 scilicet,
2930 4430 2979 4477 et
3010 4423 3183 4478 lumen
3213 4438 3381 4479 verum
3407 4431 3507 4472 ecce
3521 4412 3615 4482 jam
3634 4402 3710 4497 clt-

587 4524 693 4585 est,
747 4517 969 4589 sanguis
1001 4518 1121 4589 ejus
1164 4495 1429 4590 appellata
1455 4526 1561 4572 est.
1598 4514 1750 4581 Quod
1787 4514 1835 4569 si
1857 4512 2142 4572 dixerimus
2245 4516 2389 4581 ruit;
2440 4515 2736 4572 secundum
2787 4515 2943 4572 fidem
2992 4516 3238 4579 scilicet,
3289 4510 3557 4572 secundum
3596 4495 3707 4555 intel'

586 4608 724 4681 quod
748 4627 850 4666 non
874 4612 1215 4681 peccavimus,
1240 4592 1535 4665 mendacem
1565 4608 1789 4680 facimus
1807 4617 2008 4673 eum,et
2032 4624 2145 4663 ver-
2243 4604 2465 4671 lectum,
2498 4607 2797 4662 secundum
2827 4614 3231 4670 testamentum.
3267 4601 3534 4663 secundum
3559 4599 3707 4687 pm?”

588 4699 709 4757 bum
729 4701 841 4771 ejus
880 4719 983 4757 non
1004 4711 1082 4758 est
1109 4704 1163 4756 in
1207 4701 1355 4757 nobis
1381 4704 1456 4768 (v.
1485 4699 1562 4767 9).
1595 4697 1851 4753 Doctrina
1884 4698 2027 4767 ejus,
2059 4699 2142 4754 vi-
2239 4706 2357 4752 rata
2378 4697 2583 4766 judicia
2613 4698 2667 4751 in
2696 4698 3011 4754 hominibus
3041 4714 3292 4769 operans.
3319 4694 3417 4761 Qui
3438 4688 3549 4742 dicit
3572 4697 3628 4739 se,
3649 4690 3705 4772 "tr

586 4793 782 4849 delieet
808 4794 923 4850 sive
956 4795 1177 4849 verbum
1197 4833 1212 4856 ,
1239 4795 1441 4848 veritas
1484 4799 1587 4848 est.
1622 4788 1689 4842 Et
1724 4790 1770 4844 si
1805 4791 1944 4860 quis,
1968 4790 2143 4860 inquit
2241 4784 2361 4855 quit
2390 4784 2464 4856 (v.
2495 4786 2573 4855 9),
2598 4787 2651 4840 in
2686 4787 2879 4841 lumine
2906 4804 3038 4852 esse,
3069 4789 3121 4842 in
3160 4787 3362 4841 lumine
3390 4779 3509 4836 dicit
3542 4774 3584 4827 in
3607 4778 3704 4820 Ver"

588 4883 732 4954 (cap.
750 4898 813 4949 tt,
842 4900 895 4940 v.
931 4884 1005 4957 i),
1035 4884 1352 4953 peccaverit,
1379 4882 1762 4938 consolatorem
1792 4880 2039 4936 habemus
2069 4882 2138 4936 ad
2240 4889 2370 4938 tate.
2409 4880 2473 4935 Et
2497 4882 2717 4951 fratrem
2740 4898 2913 4947 suum,
2945 4883 3116 4952 inquit
3154 4879 3352 4952 (ibid.),
3387 4873 3499 4931 odit.
3525 4864 3702 4957 licetret"

585 4953 806 5030 Patrem
830 4953 1014 5030 Iesum
1046 4973 1335 5030 Christum.
1371 4972 1525 5028 Sicut
1568 4974 1712 5030 enim
1743 4973 1883 5044 apud
1920 4971 2135 5028 Patrem
2240 4975 2487 5031 videlicet
2511 4975 2641 5030 dicit
2678 4991 2784 5030 non
2833 4976 3007 5030 solum
3052 4979 3371 5045 proximum.
3394 4964 3475 5023 sed
3503 4967 3548 5015 et
3572 4953 3700 5045 Donn-

589 5069 902 5124 consolator
931 5075 1017 5123 est
1044 5082 1144 5138 pro
1173 5066 1333 5122 nobis
1359 5065 1654 5133 Dominus;
1684 5067 1766 5123 sic
1813 5065 1978 5121 etiam
2006 5081 2139 5121 con-

590 5158 795 5216 solator
818 5167 903 5213 est
929 5172 1088 5228 quem
1137 5162 1261 5227 post
1315 5157 1738 5226 assumptionem
1768 5171 1921 5211 suam
1951 5156 2142 5226 digna-

589 5256 679 5306 tus
707 5259 791 5304 est
818 5249 1050 5303 mittere.
1086 5244 1177 5300 lla:
1215 5260 1450 5315 namque
1494 5245 1781 5315 primitivte
1811 5240 2041 5301 virtutes
2077 5258 2141 5300 ac

588 5341 766 5412 primo
784 5347 997 5404 creatae,
1026 5336 1326 5393 immobiles
1340 5336 1663 5394 exsistentes
1686 5336 2004 5399 secundum
2013 5335 2144 5397 sub-

668 5431 1116 5563 genuinam.
1146 5489 1436 5547 POTTER.
1480 5490 1679 5545 uloau‘.
1707 5492 1797 5549 1.1
1881 5478 2243 5559 bibid.3,t.
2322 5492 2791 5556 cl'l‘im.v1,16.
2865 5491 3349 5559 leoan.tv,16.
3418 5468 3691 5533 οιιῖθεοηίν

593 5564 628 5617 ὅ
655 5580 808 5633 seqq.
888 5560 910 5600 Τ
951 5562 1014 5615 l.l
1045 5560 1179 5628 Reg.
1219 5578 1329 5642 In}.
1408 5564 1433 5604 ⁸
1470 5562 1607 5616 Phil.
1638 5578 1700 5627 ιι,
1729 5563 1816 5618 10.

665 5657 776 5729 (87)
809 5655 1131 5721 Gnosticus,
1160 5669 1224 5711 ex
1254 5654 1544 5715 Clementis
1580 5656 1827 5713 dialecto.

2244 5081 2394 5121 num.
2412 5065 2654 5122 Oderunt
2682 5067 2823 5121 enim
2843 5078 2964 5120 eum
2980 5041 3244 5129 infideles,
3274 5073 3325 5119 et
3342 5074 3442 5117 non
3468 5041 3702 5129 custodi?"

2242 5163 2325 5210 tes
2349 5155 2600 5209 mandata
2621 5156 2760 5225 ejus.
2784 5154 3012 5225 Propter
3034 5153 3174 5225 quod
3198 5125 3356 5209 etiam
3381 5144 3521 5203 infert
3540 5135 3598 5205 (v.
3616 5125 3697 5225 loli

2248 5248 2352 5315 Qui
2375 5248 2546 5319 diligit
2588 5219 2810 5316 fratrem
2862 5219 3135 5311 suum-in
3180 5246 3368 5300 lumine
3404 5219 3698 5319 pommus“

2243 5317 2553 5397 scandalum
2582 5340 2635 5394 in
2671 5355 2730 5393 eo
2776 5355 2878 5393 non
2905 5347 3000 5393 est.
3049 5337 3253 5394 Deinde
3281 5330 3524 5407 profectus
3546 5322 3586 5369 εί
3609 5317 3696 5378 μεθ’

3016 5606 3023 5619 1
