3964 6312
311 250 407 306 757
1658 256 1833 314 FRAG

1939 256 2098 316 ΝΤᾹ.

3414 268 3519 325 738

301 367 572 422 vectiones
597 368 865 440 signiﬁcat
889 370 1188 427 animarum
1220 371 1397 428 adhuc
1429 371 1482 426 in
1513 388 1676 428 carne
1706 375 1846 444 posi.
1877 378 1922 433 A
1955 372 2172 438 virtute,
2214 383 2272 429 ut
2311 376 2479 446 ipsum
2506 377 2715 431 vultum
2752 378 2873 447 ejus
2902 376 3167 434 videamus
3211 380 3369 436 sicuti
3418 394 3518 448 est,

296 467 476 512 tarum
497 499 516 525 ,
548 466 602 514 et
628 460 825 529 ﬁliolas
858 461 1072 532 quidem
1104 480 1299 521 vocare
1348 480 1442 522 eos
1474 466 1673 536 quibus
1724 469 1852 520 sunt
1959 467 2540 536 comprehensibiliter.
2590 468 2674 538 (ν.
2709 470 2761 533 8)
2792 489 2803 524 :
2840 472 2942 537 Qui
2982 490 3099 527 vero
3152 476 3282 543 facit
3316 478 3522 543 injusti-

298 550 524 606 remissa
551 561 772 623 peccata
800 567 1021 626 propter
1047 571 1243 611 nomen
1266 557 1511 623 Domini;
1542 572 1666 612 nam
1698 556 1852 612 multi
1961 556 2109 621 tiam,
2149 571 2214 610 ex
2243 557 2453 611 diabolo
2520 567 2634 619 est,
2691 559 2794 614 hoc
2844 570 2928 615 est
2971 576 3036 616 ex
3076 572 3227 631 patre
3270 564 3521 623 diabolo:

292 644 413 697 solo
454 643 684 699 credunt
719 645 957 700 nomine.
994 646 1184 702 Patres
1223 656 1403 702 autem
1449 646 1720 718 perfectos
1757 660 1857 716 ap-
1956 647 2310 719 eamdemque
2336 657 2659 705 consectans
2683 661 2736 705 et
2763 653 2989 723 eligens.
3016 654 3095 708 Ab
3124 656 3296 720 initio,
3344 654 3531 729 inquit
3604 670 3609 676 ‘

289 737 478 806 pellat,
513 751 609 794 eos
635 738 728 809 qui
758 738 1125 794 intellexerunt
1164 741 1303 812 quod
1346 751 1461 795 erat
1497 740 1561 794 ab
1600 740 1775 804 initio,
1807 748 1858 793 et
1958 740 2160 811 (ibid.),
2184 739 2427 796 diabolus
2462 752 2661 809 peccat.
2683 743 2766 798 Ab
2792 745 2948 800 initio
2971 746 3178 803 scilicet
3204 763 3233 802 a
3262 766 3370 819 quo
3393 767 3520 822 pec-

287 828 696 899 intelligibiliter
720 843 1054 901 perceperunt
1102 832 1176 905 (v.
1213 832 1325 903 15).
1373 829 1572 887 Filium
1604 832 1854 888 videlicet
1954 845 2080 887 care
2125 832 2289 902 coepit
2323 833 2809 890 inconvertibilitcr
2859 836 2911 890 in
2958 837 3234 907 peccando
3262 855 3515 909 perseve-

285 923 358 975 de
386 939 494 991 quo
520 939 682 992 supra
723 924 882 985 dixit,
911 924 1048 995 quod
1069 936 1184 980 erat
1217 926 1281 979 ab
1318 926 1491 982 initio.
1539 924 1743 991 Scriba,
1769 927 1845 982 in-

285 1016 405 1083 quit
436 1015 649 1085 (ibid.),
683 1016 843 1081 vobis,
865 1017 1099 1086 juvenes,
1134 1019 1263 1088 quia
1310 1018 1507 1072 vicistis
1539 1018 1848 1088 malignum.

284 1104 482 1161 Fortes
507 1106 733 1175 juvenes
751 1114 1160 1164 contemnentes
1182 1108 1524 1178 voluptates;
1561 1108 1850 1178 malignum

286 1199 491 1253 diaboli
523 1199 890 1254 extollentiam
928 1200 1217 1272 signiﬁcat.
1270 1199 1389 1254 Filii
1436 1209 1616 1256 autem
1646 1215 1850 1272 cogno-

284 1298 454 1345 scunt
482 1290 717 1354 Patrem.
763 1300 949 1362 utpote
977 1294 1071 1362 qui
1098 1292 1167 1347 ab
1195 1291 1357 1347 idolis
1380 1289 1766 1363 confugerunt,
1793 1301 1848 1348 et

281 1382 357 1436 ad
395 1398 559 1437 unum
612 1381 776 1438 Deum
807 1384 1088 1438 convocati
1123 1391 1269 1439 sunt.
1303 1383 1567 1451 Quoniam
1596 1383 1845 1448 mundus,

280 1474 465 1545 inquit
495 1477 569 1534 (ν.
607 1474 694 1547 15)
717 1515 732 1539 ,
762 1476 820 1530 in
865 1475 1094 1549 maligno
1145 1485 1244 1533 est.
1282 1476 1476 1532 Non'ne
1526 1476 1764 1531 mundus
1790 1485 1846 1531 et

274 1567 466 1620 omnia
494 1582 614 1636 quae
640 1566 695 1621 in
745 1567 949 1622 mundo
974 1577 1121 1634 sunt,
1156 1577 1408 1624 creatura
1442 1568 1538 1625 Dei
1562 1569 1841 1635 dicuntur,

273 1668 336 1713 et
368 1657 481 1712 haec
535 1657 690 1712 valde
728 1658 909 1713 bona?
963 1658 1083 1726 Sed,
1118 1661 1536 1731 concupiscentia
1573 1664 1751 1717 carnis
1791 1673 1841 1719 et

275 1749 589 1813 oculorum,
636 1759 684 1804 et
714 1750 933 1805 ambitio
969 1751 1151 1806 sa'culi
1181 1751 1254 1824 (ν.
1304 1753 1416 1822 16),
1450 1769 1572 1824 quae
1602 1770 1667 1810 ex
1717 1757 1841 1812 vitae

1954 937 2103 980 rans.
2134 922 2337 990 Omnis,
2357 925 2533 996 inquit
2566 926 2638 996 (v.
2670 926 2746 997 9),
2803 929 2893 996 qui
2946 941 3101 983 natus
3148 946 3213 984 ex
3260 931 3369 987 Deo
3412 944 3512 998 est,

1953 1031 2053 1068 non
2081 1025 2293 1084 peccat,
2329 1019 2452 1087 quia
2490 1034 2661 1073 semen
2703 1017 2815 1088 ejus
2861 1020 2914 1072 in
2964 1034 3023 1074 eo
3057 1031 3256 1078 manet.
3277 1022 3515 1079 Verbum

1949 1104 2069 1173 ejus
2097 1105 2346 1161 videlicet
2374 1107 2427 1161 in
2474 1123 2540 1163 eo
2592 1109 2685 1179 qui
2742 1110 3041 1165 secundum
3097 1112 3253 1166 ﬁdem
3292 1123 3514 1174 renatus

1948 1204 2053 1252 est.
2114 1195 2201 1268 (ν.
2260 1199 2391 1260 10);
2427 1197 2516 1254 Sic
2564 1200 2706 1268 ﬁlios
2769 1200 2868 1255 Dei
2928 1203 3268 1274 intelligimus
3300 1208 3435 1259 sicut
3463 1216 3514 1260 et

1946 1288 2090 1356 filios
2144 1288 2364 1355 diaboli,
2415 1290 2614 1346 similia
2665 1290 2884 1347 diabolo
2909 1295 3199 1364 eligentes;
3230 1297 3309 1351 sic
3346 1298 3509 1353 etiam

1944 1395 2010 1435 ex
2071 1380 2307 1452 maligno
2363 1396 2487 1438 esse
2539 1382 2759 1438 dicitur.
2820 1383 2909 1449 (V.
2972 1386 3059 1458 15)
3105 1406 3118 1440 :
3164 1389 3347 1443 Omnis
3419 1391 3511 1461 qui

1945 1471 2055 1527 odit
2124 1473 2345 1543 fratrem
2403 1491 2592 1537 suum,
2644 1475 2908 1531 homicida
2944 1487 3042 1534 est.
3086 1479 3145 1532 In
3202 1480 3305 1535 hoc
3359 1481 3505 1536 enim

1944 1562 2240 1616 secundum
2295 1564 2663 1618 inﬁdelitatem
2731 1564 2985 1621 Christus
3038 1568 3269 1622 moritur
3311 1587 3324 1622 :
3360 1578 3508 1625 recte

1941 1651 2125 1722 itaque
2170 1653 2450 1725 subiungit
2510 1655 2696 1710 dicens
2759 1654 2936 1725 (ibid.)
2988 1674 3000 1709 :
3064 1656 3131 1712 Et
3181 1659 3327 1713 scitis
3381 1662 3506 1730 quia

1942 1743 2110 1798 omnis
2150 1743 2415 1799 homicida
2455 1754 2503 1798 et
2550 1744 2779 1813 inﬁdelis
2821 1761 2925 1798 non
2960 1744 3111 1798 habet
3171 1748 3330 1800 vitam
3361 1758 3508 1801 teter-

273 1839 632 1907 perversione
682 1840 1041 1910 contingunt,
1089 1857 1192 1896 non
1239 1857 1331 1909 ex,
1361 1841 1528 1899 Patre
1559 1886 1575 1911 ,
1631 1845 1721 1899 sed
1773 1862 1839 1900 ea:
1872 1871 1912 1928 Β
1940 1849 2061 1888 nam
2095 1836 2149 1890 in
2181 1838 2348 1906 seipso
2373 1846 2684 1891 manentem.
2709 1836 2766 1889 In
2813 1844 2994 1922 mente
3023 1836 3223 1907 quippe
3252 1837 3392 1893 ﬁdeli
3425 1840 3507 1894 vi-

273 1928 481 1984 mundo
524 1939 641 1994 est,
688 1937 742 1984 et
802 1946 869 1986 ex
927 1932 1104 1987 vobis.
1154 1930 1360 1987 Idcirco
1386 1942 1437 1987 et
1466 1934 1692 1990 mundus
1722 1952 1840 2005 per-

275 2021 506 2076 transiet
546 2030 598 2077 et
642 2024 1063 2092 concupiscentia
1126 2024 1240 2094 ejus
1293 2029 1368 2095 (v.
1405 2026 1536 2096 i7):
1594 2029 1683 2097 qui
1722 2045 1841 2084 vero

272 2108 461 2176 fecerit
500 2110 820 2167 voluntatem
866 2110 961 2167 Dei
1019 2122 1075 2168 et
1117 2114 1375 2169 mandata
1427 2114 1581 2187 ejus,
1634 2132 1841 2185 perma-

272 2210 366 2254 net
405 2202 459 2255 in
494 2212 768 2259 teternum.
794 2202 877 2257 Ea:
908 2204 1081 2268 nobis,
1126 2204 1304 2276 inquit
1329 2206 1402 2277 (v.
1438 2207 1550 2278 19),
1579 2210 1837 2275 exierunt,

1938 1939 2073 1980 vens
2093 1925 2295 1981 Christi
2328 1934 2629 1996 permanet,
2652 1927 2760 1994 ipse
2789 1919 2924 1979 enim
2952 1942 3047 1995 pro
3091 1928 3241 1983 nobis
3272 1932 3348 1999 (v.
3386 1929 3500 1999 16),

1937 2011 2042 2069 hoc
2071 2021 2156 2071 est
2195 2029 2295 2085 pro
2323 2013 2692 2078 credentibus,
2722 2016 2954 2069 animam
2978 2032 3131 2070 suam
3156 2020 3373 2085 posuit;
3396 2019 3503 2074 hoc

1934 2114 2021 2161 est
2042 2121 2139 2176 pro
2154 2107 2433 2178 apostolis.
2454 2106 2510 2162 Si
2543 2122 2672 2177 ergo
2698 2121 2795 2176 pro
2818 2107 3076 2176 apostolis
3091 2107 3326 2161 animam
3349 2125 3504 2164 suam

1936 2198 2134 2269 posuit,
2150 2199 2423 2268 apostolos
2432 2209 2610 2253 autem
2625 2198 2672 2268 ej
2683 2214 2745 2253 us
2755 2198 2888 2253 dicit
2899 2182 3218 2269 semetipsos,
3240 2208 3501 2272 tanquam

271 2292 369 2346 sed
394 2310 497 2348 non
523 2305 675 2349 erant
700 2312 766 2351 ea:
794 2298 982 2362 “bis;
1010 2314 1188 2369 neque
1224 2300 1400 2371 angeli
1432 2309 1711 2372 3905mm,
1742 2319 1835 2360 ne.
1936 2290 3252 2367 sidiceret,nos,inquam,apostoli,propterquos
3265 2294 3501 2348 animam

273 2403 387 2452 que
436 2385 685 2442 homines
712 2388 969 2444 cadentes
993 2428 1009 2452 ,
1063 2388 1153 2444 sed
1197 2399 1255 2444 ut
1284 2392 1693 2461 .manifestentur
1718 2410 1837 2464 quo-

1937 2386 2093 2429 suam
2120 2375 2329 2442 posuit,
2356 2374 2597 2430 debemus
2640 2392 2735 2444 pro
2773 2377 3025 2445 fratribus
3070 2381 3273 2434 animas
3306 2398 3494 2448 ponere

272 2480 423 2532 niam
461 2496 563 2533 non
597 2490 721 2534 sunt
747 2496 813 2535 ea:
839 2481 988 2535 nobis
1031 2482 1164 2554 (88).
1195 2482 1355 2541 Clare
1394 2486 1529 2542 satis
1577 2462 1837 2543 discernit

1940 2462 2084 2535 (ib.),
2111 2463 2258 2519 salus
2300 2465 2498 2535 quippe
2537 2469 2908 2536 proximorum
2929 2510 2945 2535 ,
2981 2471 3347 2539 apostolorum
3377 2483 3495 2528 erat

271 2587 449 2642 genus
475 2573 771 2630 electorum
812 2580 868 2628 et
924 2576 1294 2645 perditorum,
1347 2586 1403 2633 et
1444 2576 1574 2634 illud
1620 2577 1837 2648 quidem

1937 2557 2128 2628 gloria,
2157 2557 2281 2627 quia
2306 2557 2479 2627 major
2500 2567 2599 2622 est,
2620 2559 2796 2630 inquit
2819 2562 2892 2630 (ν.
2914 2562 3028 2630 20),
3057 2562 3197 2619 Deus
3223 2565 3375 2619 corde
3404 2581 3499 2620 no-

270 2663 423 2732 quod
452 2665 508 2718 in
538 2664 641 2721 “de
669 2679 1016 2734 permanens,
1047 2667 1358 2724 unctionem
1378 2669 1543 2725 habet
1564 2684 1595 2723 ε
1624 2676 1836 2734 sane“),
1909 2716 1912 2720 ,
1936 2659 2065 2715 stro,
2090 2650 2192 2705 hoc
2214 2658 2298 2706 est
2322 2650 2491 2706 virtus
2519 2649 2611 2707 Dei
2638 2654 2963 2710 conscientia
2992 2670 3113 2725 quae
3137 2655 3499 2727 subsequetur

271 2770 400 2825 qua:
428 2755 489 2810 ﬁt
511 2756 809 2812 secundum
842 2756 1022 2813 ﬁdem.
1047 2756 1150 2825 Qui
1175 2774 1306 2815 vero
1337 2775 1447 2815 non
1477 2767 1757 2830 permanet
1783 2759 1837 2812 in

1937 2741 2207 2830 animam,
2246 2751 2461 2812 propter
2509 2744 2653 2813 quod
2692 2745 2971 2816 subjungit
3015 2755 3071 2801 et
3095 2748 3224 2802 dicit
3269 2747 3491 2818 (.ibid.):

289 2844 662 2908 ‘ide’mendax
699 2854 805 2907 es"
839 2854 893 2903 et
917 2848 1291 2904 antichristus.
1329 2838 1433 2915 “Qui
1460 2828 1621 2912 δίεπ’
1663 2849 1839 2919 inquit
1938 2828 2198 2895 Quoniam
2217 2832 2477 2900 cognoscit
2505 2834 2701 2887 omnia.
2718 2833 2811 2903 ,(V.
2836 2831 2947 2903 2t):
2983 2835 3316 2898 Charissimi,
3338 2839 3387 2893 si
3406 2854 3499 2897 cor

291 2939 368 3003 (ν.
424 2937 537 3007 22-),
587 2940 713 3010 quia
740 2939 897 2996 λειω
927 2957 1031 2995 non
1057 2950 1135 2996 est
1177 2940 1442 2997 Cll-riuus,
1490 2940 1650 2997 Jews
1690 2942 1838 2997 enim
1935 2937 2171 2983 nostrum
2216 2943 2321 2982 non
2350 2924 2632 2997 redarguat
2658 2940 2776 2990 nos,
2813 2924 3065 2994 ﬁduciam
3100 2920 3310 2977 habebit
3361 2924 3499 2991 apud

282 3029 533 3085 Salvator
560 3039 614 3087 et
634 3031 904 3087 liberator
931 3039 986 3088 et
1016 3032 1269 3088 Christus
1296 3048 1424 3088 rex:
1445 3034 1535 3104 qui
1562 3043 1714 3104 negat
1742 3031 1838 3086 Fi-

279 3120 412 3173 lium
465 3120 539 3191 (ν.
588 3121 703 3190 23).
774 3121 1075 3195 ignorando
1124 3138 1271 3185 eum,
1321 3137 1413 3177 nec
1465 3122 1682 3176 Patrem
1741 3120 1832 3175 Ita-

1938 3018 2120 3073 Deum.
2140 3015 2292 3088 (Cap.
2312 3032 2450 3081 tv,v.
2470 3015 2558 3086 ‘2):
2586 3012 2649 3069 In
2666 3013 2762 3069 hoc
2793 3015 3150 3085 cognoscimus
3179 3014 3304 3083 quia
3327 3021 3499 3067 manet

1935 3110 1989 3164 in
2018 3109 2196 3172 nobis,
2224 3108 2290 3163 de
2316 3108 2506 3177 spiritu
2541 3123 2691 3176 quem
2720 3105 2860 3159 dedit
2884 3105 3031 3161 nobis
3056 3104 3352 3160 secundum
3385 3106 3502 3171 cpi-

278 3210 362 3262 bet
394 3248 410 3275 ,
462 3225 638 3281 neque
694 3212 974 3283 cognoscit
1009 3193 1176 3269 ﬁcum,
1221 3210 1323 3278 Qui
1380 3226 1508 3267 vero
1558 3213 1836 3283 cognoscit
1860 3212 1904 3271 α
1935 3213 2239 3271 sc0patum,
2273 3200 2483 3256 scilicet
2503 3206 2558 3253 et
2585 3197 2977 3269 providentiam
3003 3195 3336 3253 futurorum.
3366 3193 3499 3250 Per-

283 3299 482 3355 l-‘ilium
533 3309 586 3356 et
639 3300 853 3357 Patrem
907 3303 1208 3359 secundum
1277 3302 1560 3360 scientiam
1649 3302 1833 3368 novit;

287 3407 415 3445 cum
465 3392 847 3448 manifestatus
894 3391 1058 3449 fuerit
1124 3392 1417 3459 Dominus,
1480 3394 1536 3449 in
1598 3394 1836 3450 secundo

281 3484 547 3552 adventu,
608 3484 861 3541 ﬁduciam
902 3485 1143 3552 habebit,
1175 3497 1229 3542 et
1284 3501 1394 3541 non
1450 3485 1832 3542 confundetur.

270 3577 411 3644 Qua:
432 3577 683 3634 confusio
729 3586 815 3634 est
869 3579 1077 3649 grande
1106 3579 1456 3649 supplicium.
1508 3577 1713 3642 Omnis,
1749 3578 1836 3632 in-

270 3671 391 3739 quit
443 3674 518 3739 (v.
556 3670 671 3739 29).
700 3672 790 3741 qui
825 3671 954 3741 facit
986 3671 1277 3742 justitiam,
1296 3685 1362 3725 ea:
1414 3670 1523 3725 Deo
1551 3681 1704 3726 natus
1734 3677 1833 3735 est,

273 3761 581 3815 secundum
633 3760 791 3816 ﬁdem
824 3762 1035 3817 scilicet
1063 3769 1309 3818 renatus.
1339 3761 1495 3833 (Cap.
1526 3776 1627 3826 tu,
1659 3777 1712 3817 ν.
1737 3760 1788 3829 1)
1816 3778 1832 3816 :

276 3852 565 3921 Propterea
587 3853 811 3909 mundus
857 3871 961 3910 non
1012 3856 1274 3925 cognoscit
1299 3870 1416 3916 nos,
1473 3855 1719 3926 quoniam
1744 3869 1836 3910 nec

275 3963 400 4000 eum
430 3948 683 4016 cognouit.
714 3946 970 4002 Mundum
1002 3947 1136 4002 dicit
1179 3949 1515 4004 saeculariter
1542 3948 1599 4005 in
1624 3947 1834 4004 deliciis

278 4041 546 4095 viventes.
596 4039 942 4094 Dilectissimi
963 4080 977 4104 ,
1010 4040 1188 4110 inquit
1216 4042 1292 4109 (ν.
1317 4040 1372 4112 2)
1392 4080 1407 4105 ,
1436 4057 1571 4095 nunc
1607 4040 1707 4110 ﬁlii
1738 4039 1836 4094 Dei

275 4146 503 4197 sumus,
551 4146 659 4187 non
719 4132 955 4188 naturali
1002 4131 1337 4187 dilectione:
1397 4133 1491 4190 sed
1561 4133 1688 4203 quia
1741 4148 1837 4203 pa-

275 4230 419 4277 trem
478 4220 648 4278 Deum
696 4222 979 4279 habemus.
1012 4223 1185 4294 Major
1254 4223 1452 4295 quippe
1518 4231 1604 4279 est
1657 4222 1838 4278 chari-

274 4321 405 4377 tas,
467 4320 524 4366 ut
560 4328 684 4368 cum
738 4313 942 4368 nullam
988 4315 1370 4385 cognationem
1422 4314 1717 4370 habeamus
1765 4315 1832 4369 ad

280 4401 658 4475 Deum,di|igit
688 4420 787 4459 nos
811 4410 1081 4467 tamen,et
1110 4405 1249 4462 ﬁlios
1276 4421 1406 4462 suos
1429 4403 1831 4473 vocat.(lbid.):

280 4493 352 4548 Et
391 4495 607 4551 necdum
637 4497 832 4551 claruit
874 4496 1011 4569 quod
1060 4498 1254 4553 erimus
1283 4512 1302 4551 :
1341 4498 1446 4554 hoc
1472 4505 1558 4555 est
1592 4498 1659 4553 ad
1695 4512 1831 4570 qua-

1934 3294 2091 3364 fecta,
2124 3292 2296 3363 inquit
2314 3292 2387 3361 (ν.
2421 3290 2780 3359 18),charitas
2806 3294 2864 3352 ὦ
2886 3288 3033 3358 foras
3058 3287 3218 3340 mittit
3237 3287 3495 3343 timorem.

1933 3385 2201 3442 Perlectio
2245 3398 2477 3453 namque
2520 3381 2693 3437 ﬁdelis
2720 3380 2960 3435 hominis
2990 3378 3232 3433 cbaritas
3256 3386 3359 3432 est.
3390 3375 3501 3431 Iste

1933 3488 2033 3545 est,
2081 3477 2259 3548 inquit
2290 3476 2433 3547 (cap.
2464 3493 2519 3543 ν,
2567 3493 2620 3530 v.
2653 3475 2730 3541 6),
2766 3475 2856 3544 qui
2904 3474 3039 3526 venit
3093 3488 3184 3540 per
3225 3488 3416 3540 aquam
3445 3481 3496 3525 et

1932 3569 2260 3640 sanguinem;
2288 3574 2343 3623 et
2365 3571 2562 3622 iterum
2588 3568 2663 3638 (v.
2695 3565 2771 3637 Ἰ),
2800 3566 2926 3635 quia
2956 3573 3058 3618 tres
3087 3571 3207 3616 sunt
3233 3562 3323 3632 qui
3352 3562 3500 3615 testi-

1933 3659 2182 3730 ficantur,
2223 3659 2459 3729 spiritus,
2485 3658 2632 3729 quod
2658 3664 2739 3711 est
2770 3656 2878 3710 vita
2904 3694 2919 3719 ,
2956 3665 3004 3708 et
3035 3671 3194 3724 aqua,
3232 3652 3377 3723 quod
3413 3662 3501 3708 est

1930 3751 2262 3821 regeneratio
2292 3764 2356 3805 ac
2389 3749 2543 3815 ﬁdes,
2576 3761 2627 3804 et
2656 3750 2896 3819 sanguis,
2921 3745 3065 3817 quod
3110 3752 3193 3799 est
3234 3743 3496 3815 cognitio,

1930 3853 1980 3898 et
2001 3844 2054 3897 hi
2084 3852 2185 3898 tres
2209 3859 2370 3897 unum
2401 3852 2544 3900 sunt.
2578 3841 2635 3896 ln
2668 3839 2948 3896 Salvatore
2978 3826 3195 3910 quippe,
3224 3839 3343 3893 ista:
3370 3845 3496 3891 sunt

1932 3936 2161 3992 virtutes
2189 3932 2501 3998 salutiferae,
2556 3941 2610 3988 et
2652 3932 2761 3987 vita
2788 3931 2907 4002 ipsa
2957 3931 3013 3985 in
3075 3932 3193 4001 ipso
3213 3928 3353 3983 Filio
3377 3930 3495 3997 ejus

1931 4027 2166 4084 exsistit.
2198 4022 2286 4093 (V.
2314 4024 2440 4096 id):
2471 4023 2539 4078 Et
2570 4025 2679 4078 hwc
2696 4034 2772 4079 est
2803 4022 3119 4093 conﬁdentia
3148 4039 3213 4093 qu
3238 4038 3303 4075 .m
3338 4020 3495 4075 habe-

1933 4135 2048 4173 mus
2074 4118 2142 4172 ad
2177 4135 2294 4173 eum
2314 4157 2330 4184 ,
2357 4118 2483 4188 quia
2507 4116 2555 4171 si
2579 4115 2704 4187 quid
2736 4116 3034 4186 petierimus
3083 4114 3367 4169 secundum
3406 4129 3495 4167 vo-

1934 4212 2185 4265 luntatem
2209 4210 2345 4280 ejus,
2383 4207 2560 4262 audiet
2589 4225 2702 4263 nos.
2734 4205 2855 4262 Non
2886 4207 3133 4262 absolute
3182 4205 3318 4258 dixit
3347 4204 3493 4273 quod

1934 4303 2266 4374 petierimus,
2284 4300 2376 4356 sed
2393 4299 2537 4370 quod
2554 4307 2767 4371 oportet
2785 4306 2986 4369 petere.
3006 4295 3093 4368 (ν.
3116 4296 3203 4367 19)
3228 4294 3324 4354 :Et
3344 4313 3495 4350 mun-

1933 4398 2032 4450 dus
2075 4395 2241 4449 omnis
2263 4394 2315 4447 in
2352 4393 2581 4463 maligno
2610 4392 2922 4447 constitutus
2952 4399 3058 4449 est;
3088 4404 3197 4442 non
3219 4395 3489 4452 creatura,

1938 4488 2032 4543 sed
2046 4486 2334 4544 saeculares
2348 4485 2618 4548 homines,
2636 4494 2689 4539 et
2710 4480 3009 4538 secundum
3022 4496 3141 4534 cont
3159 4477 3492 4548 upiscentias

278 4586 385 4640 lem
415 4588 726 4658 perventuri
752 4560 942 4645 sumus
964 4588 1189 4659 gloriam
1223 4607 1237 4643 :
1270 4588 1331 4645 Si
1353 4590 1490 4645 enim
1524 4560 1834 4659 manifesta-
1862 4560 1906 4616 θ
1931 4581 2198 4635 viventes.
2217 4575 2305 4650 (V.
2334 4577 2428 4649 20)
2453 4596 2466 4631 :
2503 4574 2571 4630 Et
2604 4574 2778 4630 Filius
2801 4573 2897 4628 Dei
2918 4575 3074 4639 venit,
3101 4582 3149 4625 et
3177 4570 3320 4625 dedit
3345 4567 3490 4623 nobis

281 4683 364 4729 tus
391 4675 572 4745 fuerit,
601 4676 705 4731 hoc
731 4684 837 4742 est,
880 4676 928 4731 si
977 4676 1199 4747 perfecti
1245 4677 1527 4743 fuerimus,
1558 4679 1756 4733 similes
1781 4677 1831 4732 ei

276 4766 495 4831 erimus,
523 4765 687 4822 veluti
717 4768 1117 4837 requiescentes
1164 4775 1217 4823 et
1240 4768 1519 4839 justiﬁcati
1553 4768 1738 4823 mundi
1771 4767 1827 4821 in

1928 4672 2265 4733 intellectum,
2290 4669 2587 4726 secundum
2614 4668 2771 4723 ﬁdem
2803 4666 3011 4722 scilicet
3031 4665 3401 4720 advenientem
3437 4661 3490 4713 in

1930 4780 2053 4831 nos,
2090 4764 2185 4835 qui
2211 4762 2375 4818 etiam
2408 4760 2650 4832 Spiritus
2673 4764 2897 4815 sanctus
2925 4757 3245 4827 appellatur.

1839 4998 1947 5060 IV.
2279 5031 2281 5033 ι

826 5115 1177 5177 EJUSDEM
1197 5115 1866 5181 ADUM'BRATIONES
1894 5118 1976 5179 IN
1999 5116 2456 5180 EPISTOLAM
2496 5113 2551 5175 II
2581 5111 2932 5175 JOANNIS.

351 5244 595 5300 Secunda
616 5242 841 5299 Joannis
864 5241 1101 5314 Epistola
1118 5283 1135 5306 ,
1184 5257 1305 5313 qua:
1334 5241 1401 5297 ad
1429 5244 1665 5315 virgines
1694 5245 1829 5300 serio

278 5345 369 5408 pta
380 5347 483 5399 est,
504 5336 901 5406 simplicissima
923 5342 1026 5391 est.
1058 5334 1268 5407 Scripta
1297 5350 1424 5395 vero
1442 5345 1525 5391 est
1551 5335 1617 5390 ad
1637 5352 1830 5408 quam-

280 5430 400 5484 dam
429 5429 771 5500 Babyloniam
794 5416 1036 5481 Electum
1065 5428 1281 5483 nomine
1306 5467 1322 5494 ,
1354 5427 1616 5498 signiﬁcat
1648 5436 1827 5484 autem

356 5589 412 5648 iis
453 5582 509 5640 Ρ.
533 5518 703 5639 Ιῶίςν
727 5581 831 5635 ΕΙ).
873 5578 1167 5639 POTTEB.

354 5740 464 5811 (88)
501 5737 661 5810 Lapsi
691 5748 743 5793 ct
771 5743 1045 5809 apostatce.

1931 5246 2247 5302 electionem
2270 5244 2525 5300 Ecclesia:
2548 5249 2771 5299 sanctae.
2804 5236 3013 5294 Astruit
3042 5236 3097 5289 in
3123 5234 3223 5289 hac
3250 5231 3489 5303 Epistula

1934 5337 2360 5408 persecutionem
2403 5334 2523 5390 ﬁdei
2575 5339 2727 5389 extra
2759 5328 3073 5385 charitatetu
3105 5339 3211 5380 non
3242 5338 3366 5378 esse
3389 5364 3402 5380 .
3437 5331 3491 5377 et

1934 5437 1993 5485 ut
2024 5445 2181 5487 nemo
2209 5427 2413 5487 dividat
2439 5425 2625 5484 Iesum
2648 5423 2959 5489 Christum;
3015 5414 3111 5477 sed
3161 5430 3329 5472 unum
3369 5428 3493 5472 (ει-ο-
3518 5416 3553 5427 “
