3964 6312
326 251 411 306 ἸιίΙ

1655 254 1832 310 FRAG
1843 254 2094 311 ΜΕΝΤΑ.

3449 267 3549 324 7H

317 385 427 438 τερ,
456 364 550 437 τὴν
583 366 727 438 ζωὴν
759 363 1094 438 άπεκύησας,
1132 368 1190 419 ὲν
1221 361 1368 442 ᾖτοῦ
1401 367 1556 438 ζῇνή
1598 367 1858 439 προσθήκη

1985 383 2138 422 mora
2193 375 2532 422 mortuorum
2593 368 2787 438 pannis
2835 370 3134 425 amicitur:
3169 379 3364 426 natura
3401 387 3547 430 eiitm

319 458 562 531 προκοπὴ
583 457 719 529 πρὸς
741 458 833 511 τὸν
859 457 1086 512 θάνατον
1105 459 1207 523 ;τΤί
1235 476 1302 530 με
1329 458 1465 530 πρὸς
1497 459 1875 530 πολυτάραχον

314 551 485 604 αἰῶνα
517 552 856 623 παρήγαγες,
883 552 940 603 ὲν
967 543 1010 618 ᾧ
1035 550 1278 621 τεχθέντι
1307 568 1395 622 μοι
1425 551 1492 604 τὰ
1523 550 1783 622 προοίμια
1809 551 1876 605 τά

314 645 621 716 animum;
646 642 710 696 Ti
730 660 797 715 με
817 642 1040 713 τοιούτῳ
1072 639 1458 714 παραδέδωκας
1485 642 1604 714 βίῳ,
1630 644 1686 695 ἐν
1716 636 1760 710 ᾧ
1784 645 1877 697 καὶ

308 737 498 807 νεότης
528 735 732 806 ἐλεεινὴ
784 733 1094 806 τρυχομένη
1135 733 1242 805 πρὸ
1289 735 1493 804 γήρως,
1556 733 1650 787 καλ⁸
1701 733 1876 805 γῆρας

307 828 558 896 φευκτὸν,
591 827 665 890 ὡς
692 826 1072 892 ὲπιθανάτιονς
1107 827 1310 889 Δεινὸν,
1343 822 1386 880 ὦ
1422 829 1612 900 μῆτερ,
1643 828 1735 881 τοῦ
1759 828 1874 899 βίου

304 919 368 972 τὸ
400 919 629 982 στάδιον,
661 918 883 971 θάνατον
913 919 1034 990 ἕχον
1066 918 1174 973 τῶν
1225 920 1522 993 τρεχόντων
1551 921 1870 992 καμπτῆρα.

305 1011 519 1083 Πικρὰν
581 1011 680 1081 τὴν
745 1010 1003 1084 βιωτικὴν
1051 1012 1436 1085 ὁδοιποροῦμεν
1495 1013 1647 1077 όδὸν,
1706 1013 1874 1084 τάφον

301 1103 532 1173 ἔχουσαν
563 1103 670 1156 τῶν
697 1102 984 1158 ὁδευόντων
1038 1105 1342 1176 κατάλυμα·
1377 1103 1609 1176 χαλεπὸν
1661 1104 1723 1158 τὸ
1774 1104 1874 1175 τῆς

301 1193 450 1267 ζωῆς
479 1197 800 1269 διατελέομεν
832 1199 1084 1268 πέλαγος,
1131 1197 1263 1270 ᾅδην
1305 1197 1413 1269 γὰρ
1440 1197 1552 1268 ἔχει
1608 1197 1872 1270 πειρατὴν

300 1288 603 1358 ἐφεστῶτα.
641 1291 813 1356 Μόνος
834 1293 890 1344 ἐν
919 1292 1089 1346 άπασι
1115 1290 1318 1362 γυμνὸς
1337 1293 1587 1360 γεννᾶται
1615 1292 1642 1344 ό
1660 1290 1873 1364 ἄνθρω-

299 1395 426 1442 πος,
457 1379 552 1449 οὐχ
602 1381 785 1445 ὅπλον,
829 1382 931 1436 οὐκ
967 1381 1172 1453 ἔνδυμα
1218 1381 1656 1453 συγγεννώμενον
1705 1381 1866 1453 σχώνο

298 1472 403 1543 οὐχ
429 1471 501 1536 ὡς
541 1473 648 1527 τῶν
683 1474 856 1528 ἄλλων
891 1472 1044 1538 ζώων
1073 1473 1329 1538 ἐλάττων,
1360 1473 1473 1527 ἀλλ’
1504 1474 1651 1536 ὅπως
1685 1474 1719 1544 ἡ
1773 1473 1870 1543 μὲν

296 1564 598 1636 γύμνωσις,
625 1565 801 1619 καὶτὸ
825 1566 991 1637 μηδὲν
1019 1565 1436 1633 συνεπάγεσθαι,
1481 1562 1866 1637 κατασκευάζῃ

297 1672 385 1708 σοι
411 1657 692 1728 μέριμναν·
725 1659 759 1728 ἡ
804 1658 1040 1729 μέριμνα
1072 1658 1130 1711 δὲ
1182 1657 1241 1710 τὸ
1279 1656 1441 1726 σοφὸν
1486 1654 1863 1728 ἐκπομπεύσῃ,

1979 459 2101 515 ﬁnis
2123 461 2436 513 memoriam
2464 469 2685 514 revocat
2727 461 2796 514 iis
2831 462 2921 530 qui
2944 454 3268 519 nascuntur.
3290 461 3407 518 Huc
3434 481 3549 536 per-

1976 554 2111 606 tinet
2140 551 2268 607 editi
2294 551 2517 609 infantis
2547 554 2805 622 ejulatus,
2832 554 2993 610 ﬂebili
3026 557 3184 626 quasi
3213 572 3368 623 voce,
3403 560 3546 628 apud

1973 650 2202 697 matrem
2228 643 2576 699 lamentantis
2601 643 2746 698 :Cur
2766 662 2851 701 me
2876 647 2928 700 in
2961 647 3100 701 hanc
3126 649 3313 709 vitam,
3345 658 3542 717 mater,

1972 737 2132 791 enixa
2160 750 2257 802 es,
2311 735 2365 789 in
2424 751 2531 805 qua
2584 736 2707 791 vitae
2751 738 3064 808 prorogatio
3107 739 3176 792 ad
3208 749 3436 795 mortem
3459 750 3546 798 est

1973 826 2323 897 progressio?
2363 825 2474 881 Cur
2504 842 2590 881 me
2620 826 2674 880 in
2705 828 2998 881 multarum
3043 830 3324 884 turbarum
3370 847 3544 886 saecu-

1975 918 2082 972 lum
2117 918 2504 984 introduxisti,
2561 919 2617 973 in
2671 934 2780 989 quo
2824 920 2954 973 mihi
2999 929 3128 976 nato
3182 921 3366 977 fascia:
3413 933 3542 978 sunt

1970 1010 2231 1065 exordia?
2258 1010 2371 1065 Cur
2397 1010 2712 1080 hujusmodi
2761 1026 2848 1066 me
2876 1012 3002 1066 vitaz
3040 1012 3318 1080 addixisti,
3355 1015 3406 1068 in
3435 1033 3538 1085 qua

1969 1110 2024 1157 et
2053 1102 2313 1172 juventus
2344 1103 2687 1166 miseranda,
2737 1110 2868 1158 ante
2912 1103 3124 1159 senium
3169 1107 3330 1161 malis
3359 1109 3542 1162 attrita

1968 1202 2022 1250 et
2053 1196 2300 1251 confecta
2326 1238 2341 1263 ,
2371 1203 2425 1251 et
2455 1203 2731 1260 senectus,
2753 1202 2813 1250 ut
2835 1197 3086 1262 exitiosa,
3112 1197 3537 1269 fugientlafFor-

1969 1287 2249 1352 midabile,
2281 1304 2314 1343 ο
2344 1296 2538 1350 mater,
2562 1295 2616 1342 et
2637 1303 2800 1358 grave
2828 1297 2912 1344 est
2942 1289 3104 1359 hujus
3125 1293 3252 1346 vitae
3279 1293 3537 1356 stadium,

1967 1379 2126 1448 cujus
2164 1387 2305 1435 meta
2336 1390 2420 1436 est
2440 1381 2778 1436 currentium
2830 1380 3102 1438 interitus.
3153 1382 3536 1440 Calamitosam

1966 1472 2086 1526 vita:
2116 1473 2258 1526 viam
2309 1473 2818 1544 ambulamus,qu:e
2867 1475 3200 1544 sepulturam
3249 1475 3407 1530 habet
3440 1493 3539 1546 pro

1964 1561 2302 1630 diversorio;
2333 1563 2548 1619 difficile
2565 1573 2728 1634 atque
2759 1565 3017 1620 infestum
3043 1565 3166 1620 vitae
3192 1567 3415 1637 pelagus
3439 1583 3536 1622 na-

1963 1653 2238 1724 vigamus,
2283 1654 2372 1709 cui
2408 1654 2656 1710 infernus
2713 1667 2970 1727 tanquam
3013 1657 3224 1726 pirata,
3266 1657 3531 1714 imminet.

291 1749 398 1818 τὴν
426 1749 621 1818 ἀργίαν
651 1749 874 1822 ἐκϐάλῃ,
904 1749 1173 1822 εἰσαγάγῃ
1199 1747 1296 1812 τὰς
1319 1747 1512 1819 τέχνας
1541 1747 1608 1800 δι’
1636 1746 1858 1810 ἔνδειαν,

1964 1743 2124 1800 Solus
2143 1761 2210 1801 ex
2233 1746 2486 1802 omnibus
2516 1746 2679 1801 homo
2698 1746 2881 1801 nudus
2903 1747 3161 1818 gignitur,
3189 1749 3339 1804 nullo
3359 1749 3535 1803 velar-

293 1841 532 1910 γεννήσῃ
561 1840 816 1910 μηχανῶν
874 1841 1160 1904 ποικιλίας.
1204 1842 1261 1894 '0
1306 1841 1415 1912 γὰρ
1444 1840 1652 1912 γυμνὸς
1698 1840 1861 1894 πολυ-

299 1934 562 2003 μήχανος,
612 1933 801 2005 ὥσπερ
843 1934 1050 2007 κέντρῳ
1077 1938 1144 2007 τῇ
1187 1935 1344 2006 χρείᾳ
1367 1936 1711 2007 νυσσόμενος,
1744 1934 1862 1999 πῶς

295 2025 488 2088 ὑετοὺς
519 2024 794 2098 ἀποφύγῃ,
819 2025 934 2088 πῶς
958 2025 1240 2096 σοφίσηται
1274 2026 1457 2100 κρύος,
1505 2025 1622 2089 πῶς
1655 2025 1862 2094 πληγὰς

295 2113 714 2184 ἀντιφράξηται,
744 2113 861 2177 πῶς
888 2115 1180 2186 γεωργήσῃ
1211 2116 1310 2186 τὴν
1342 2116 1465 2186 γῆν,
1503 2113 1620 2178 πῶς
1649 2114 1860 2188 φοϐήσῃ

296 2202 484 2275 Θηρία,
538 2205 654 2270 πῶς
711 2205 924 2278 δαμάσῃ
965 2207 1032 2260 τά
1077 2207 1436 2278 δυνατώτερα.
1499 2205 1856 2278 Βρεχόμενος,

294 2296 499 2368 ὀροφὴν
551 2299 902 2370 ἐτεχνήσατο·
957 2298 1227 2370 ριγώσας,
1275 2299 1565 2370 ἐπενόησεν
1633 2297 1852 2370 ἐνδυμω

297 2387 661 2459 πληττόμενος
708 2390 1086 2461 μεμηχάνηται
1134 2389 1374 2462 θώρακα·
1444 2387 1705 2452 ἀκάνθαις
1759 2389 1857 2453 τὰς

297 2483 484 2550 χεῖρας
511 2481 720 2552 γυμνὰς
757 2484 813 2535 ἐν
862 2483 1155 2555 γεωργίαις
1195 2483 1499 2554 αἱμάσσων,
1534 2481 1857 2554 ὲμελέτησεν

296 2572 541 2642 ὀργάνων
564 2573 810 2644 βοήθειαν
829 2592 843 2605 °
863 2576 1280 2647 γεγυμνωμένος
1307 2575 1372 2647 θη
1383 2573 1616 2647 ρίοιςῖείς
1638 2575 1852 2648 βρῶμα,

298 2656 358 2714 εὖ
367 2680 454 2733 ρεν
487 2664 548 2718 ὲκ
566 2664 726 2732 φόϐου
743 2665 954 2736 τέχνην,
973 2665 1039 2718 τά
1061 2665 1325 2734 φοϐοῦντα
1341 2663 1630 2735 ςῃοϐοὖσαν.
1657 2664 1855 2735 ’Ἄλλην

298 2753 357 2820 ἐξ
389 2753 552 2826 ἄλλης
597 2753 880 2825 ἐγέννησεν
927 2757 1266 2828 ἡγόμνωσις
1313 2755 1550 2818 σύνεσιν,
1594 2755 1670 2820 ὡς
1715 2750 1854 2810 εἶναι

298 2845 394 2898 καὶ
421 2845 515 2916 τὴν
539 2846 814 2916 γύμνωσιν
835 2845 1004 2918 δῶρον
1041 2848 1132 2900 καὶ
1156 2847 1313 2918 χάριν
1337 2848 1681 2920 δεσποτικήν.
1702 2848 1850 2920 Γυμ-

298 2939 390 3001 νὸς
422 2934 511 2992 οὖν
535 2940 626 2992 καὶ
671 2941 699 2993 ό
740 2939 857 2993 Ἰὼϐ
889 2941 1160 3005 καταστὰς
1189 2943 1501 3013 χρημάτων,
1537 2943 1852 3013 κτημάτων,

298 3029 595 3094 εὐτεκνίας,
626 3031 1002 3096 πολυτεκνίας,
1027 3034 1122 3087 καὶ⁸
1154 3035 1330 3088 πάντα
1350 3035 1406 3086 ὲν
1440 3033 1629 3104 βραχεῖ
1650 3034 1854 3088 ἀποϐα-

295 3120 424 3184 λὼν,
458 3122 553 3192 τὴν
583 3122 906 3194 εὐχάριστον
927 3123 1127 3196 ταύτην
1148 3123 1326 3196 φωνὴν
1360 3124 1660 3195 ἐξεϐόησεν·
1695 3127 1854 3194 Γυμ-

293 3212 402 3278 νὸς
428 3212 686 3281 ἐξῆλθον
715 3215 783 3267 ἐκ
806 3213 1046 3282 νηδύος,
1071 3213 1292 3284 γυμνός
1317 3214 1416 3268 καὶ
1447 3215 1853 3284 ἀπελεύσομαι

291 3302 436 3365 ἐκεῖ,
468 3304 600 3376 πρὸς
621 3304 750 3358 Θεὸν
783 3305 979 3377 δηλαδὴ
1007 3307 1099 3359 καὶ
1124 3305 1220 3378 τὴν
1245 3306 1520 3378 μακαρίαν
1544 3305 1694 3378 λῆξιν
1715 3307 1854 3360 ὲκεί-

293 3411 390 3464 νην
426 3397 519 3448 καλ⁵
550 3396 878 3452 ἀνάπαυσιν.

1963 1853 2175 1892 morum
2227 1840 2311 1894 vel
2357 1839 2800 1896 indumentorum
2855 1849 3091 1896 connato
3126 1858 3320 1914 genere
3353 1854 3534 1915 prote-

1961 1937 2122 1997 ctus;
2157 1946 2263 1984 non
2285 1931 2440 1996 ideo,
2473 1931 2616 1999 quod
2649 1926 2964 1990 sit'cmteris
2993 1937 3360 1992 animantibus
3395 1937 3534 1992 infe-

1959 2019 2094 2086 rior,
2125 2019 2220 2075 sed
2249 2029 2308 2074 ut
2339 2021 2606 2076 nuditatis
2652 2031 2856 2076 nostra:
2885 2023 3276 2089 consideratio,
3309 2032 3362 2079 et
3385 2027 3530 2095 quod

1958 2113 2094 2167 nihil
2137 2113 2190 2167 in
2238 2113 2498 2166 mundum
2546 2113 2932 2178 invexerimus,
2991 2115 3232 2171 studium
3276 2117 3329 2172 in
3374 2117 3532 2176 nobis

1960 2212 2235 2274 procreet;
2281 2206 2519 2260 studium
2562 2220 2692 2260 vero
2739 2214 2794 2259 et
2843 2207 3154 2261 sollicitudo
3189 2209 3529 2279 prudentiam

1957 2296 2176 2367 pandat.
2202 2295 2504 2352 socordiam
2530 2297 2719 2365 procul
2751 2298 2961 2368 abloget
2983 2339 2998 2362 ,
3031 2306 3178 2355 artes
3227 2302 3292 2355 ad
3351 2303 3528 2357 vitan-

1955 2385 2078 2442 dam
2105 2393 2397 2457 egestatem
2423 2387 2728 2442 introducat
2765 2399 2819 2443 et
2855 2389 3207 2444 artificiorum
3240 2393 3528 2449 diversita-

1955 2485 2038 2531 tes
2064 2477 2374 2548 progignat.
2404 2477 2508 2544 Qui
2549 2479 2694 2533 enim
2724 2481 2904 2535 nudus
2931 2491 3034 2547 est,
3074 2482 3371 2553 indigentia
3401 2492 3524 2540 tan-

1954 2583 2118 2638 quam
2151 2569 2372 2624 stimulo
2412 2570 2678 2640 impulsus
2704 2611 2718 2634 ,
2753 2573 2921 2625 multa
2954 2572 3161 2627 invenit
3191 2585 3243 2630 et
3289 2575 3526 2630 fabrica-

1955 2667 2077 2724 ωε,
2109 2661 2382 2731 quomodo
2418 2663 2613 2732 pluvia:
2653 2661 3008 2728 declinanda,
3049 2668 3323 2735 quomodo
3355 2667 3525 2738 frigus

1954 2751 2251 2822 prudenter
2311 2752 2646 2817 arcendum,
2711 2754 2986 2824 quomodo
3041 2756 3109 2810 ad
3182 2759 3525 2827 repellendos

1953 2843 2097 2899 ictus
2126 2843 2325 2896 muniri
2344 2850 2577 2913 oportet,
2609 2845 2882 2913 quomodo
2919 2851 3062 2899 terra
3094 2846 3319 2901 colenda
3343 2888 3357 2911 .
3387 2862 3526 2918 quo-

1955 2935 2116 2990 modo
2143 2933 2272 2990 feris
2321 2943 2495 2991 metus
2540 2935 2917 3002 incutiendus,
2956 2945 3011 2992 et
3055 2939 3326 3008 quomodo
3358 2943 3523 2995 robuo

1954 3026 2124 3082 stiora
2173 3025 2427 3079 animalia
2485 3026 2757 3082 domanda
2790 3029 2920 3084 sint.
2950 3028 3312 3096 Quamobrem
3341 3033 3522 3103 pluvia

1957 3116 2212 3187 perfusus
2266 3127 2409 3172 tecta
2472 3119 2806 3187 fabricavit;
2866 3120 3067 3193 frigore
3120 3123 3524 3178 vehementiore

1957 3209 2210 3271 amictus,
2243 3210 2556 3266 indumenta
2612 3213 2966 3283 excogitavit;
3008 3213 3150 3268 ictus
3183 3229 3246 3269 ac
3271 3215 3524 3268 vulnera-

1958 3311 2068 3364 tus.
2091 3304 2626 3374 thoraceminvenit;
2658 3321 2782 3360 cum
2825 3322 3020 3363 manus
3052 3308 3106 3362 in
3136 3308 3523 3378 agricolatione

1956 3403 2234 3466 occupata:
2263 3398 2435 3467 spinis
2477 3408 2925 3466 cruentarentur,
2954 3401 3284 3455 rusticorum
3315 3401 3519 3454 instru-

290 3494 598 3541 mentorum
630 3487 1022 3543 adminiculum
1055 3489 1413 3560 excogitavit;
1456 3487 1638 3544 nudus
1671 3494 1728 3552 Et
1804 3485 2075 3542 exsistens
2097 3494 2150 3541 et
2179 3502 2304 3542 esca
2337 3488 2532 3543 belluis
2553 3530 2569 3555 ,
2603 3497 2772 3544 artem
2823 3497 3165 3546 commentus
3229 3499 3334 3555 est,
3400 3505 3520 3560 qua:

290 3576 728 3635 formidabilibus
756 3581 1098 3636 formidinem
1145 3583 1433 3637 incuteret.
1463 3582 1638 3636 Aliam
1669 3597 1734 3637 ex
1759 3582 1862 3635 alia
1903 3579 2182 3637 solertiam
2214 3578 2433 3635 nuditas
2455 3582 2676 3651 genuit,
2708 3590 2767 3635 ut
2788 3582 2899 3651 jam
2930 3581 3151 3636 nuditas
3181 3581 3383 3636 donum
3445 3581 3518 3636 sit

288 3669 532 3734 Domini,
562 3683 617 3728 et
643 3674 816 3745 gratia
867 3675 934 3729 ab
980 3675 1074 3728 illo
1103 3689 1383 3730 concessa.
1414 3673 1664 3730 Nudatus
1697 3674 1864 3744 igitur
1898 3671 2002 3727 Job
2023 3672 2218 3742 Opibus
2239 3673 2376 3736 suis,
2408 3673 2874 3742 possessionibus,
2905 3672 3166 3744 praeclara
3217 3681 3270 3726 et
3325 3686 3518 3726 nume-

287 3779 418 3820 rosa
449 3767 668 3833 sobole,
697 3777 751 3822 et
783 3768 932 3824 brevi
959 3770 1134 3838 spatio
1165 3768 1254 3824 his
1282 3769 1534 3824 omnibus
1557 3768 1842 3838 spoliatus,
1884 3765 1988 3820 hac
2011 3767 2167 3834 plena
2194 3766 2332 3836 grati
2359 3766 2526 3819 animi
2546 3781 2674 3820 voce
2694 3766 3015 3821 exclamavit
3061 3783 3074 3818 :
3119 3761 3309 3818 Nudus
3345 3779 3515 3835 egres-

293 3874 383 3911 sus
407 3875 522 3911 sum
547 3874 611 3913 ea;
655 3869 822 3924 utero,
855 3857 1024 3912 nudus
1057 3859 1216 3913 etiam
1250 3868 1478 3913 revertar
1510 3858 1660 3922 illuc,
1695 3856 1952 3912 nimirum
1975 3856 2042 3910 ad
2069 3855 2234 3911 Deum
2263 3864 2318 3910 et
2342 3857 2620 3913 beatorum
2651 3862 2853 3911 sortem
2882 3862 2935 3910 et
2965 3871 3223 3926 requiem.

1821 4167 1933 4228 Vl.

1267 4307 1375 4367 EX
1401 4308 1711 4370 NICETJE
1741 4307 2053 4370 CATENA
2089 4308 2166 4367 ΙΝ
2203 4305 2342 4367 JOB
2375 4301 2519 4382 (90).

1395 4427 1398 4434 '
1617 4424 1773 4496 (Cap.
1822 4437 1972 4519 “Av,
2019 4439 2071 4477 ν.
2105 4424 2180 4490 7.)

356 4602 557 4674 Χρῆμα
596 4601 704 4655 τῶν
729 4601 900 4656 ἄλλων
930 4601 1180 4656 ἁπάντων
1206 4603 1286 4656 ὅτι
1317 4604 1544 4675 μάλιστα
1571 4605 1837 4676 τιμαλφέ-

1997 4603 2157 4675 373
2172 4603 2348 4658 Animi
2368 4602 2732 4672 tranquillitas
2751 4616 2928 4655 rerum
2943 4603 3185 4656 omnium
3203 4602 3358 4673 longe
3387 4617 3511 4672 pre-

3543 4392 3644 4520 "/

287 4695 533 4764 στατουὴ
567 4691 850 4766 ἀταραξίαο
876 4693 1110 4746 τοιοῦτον
1135 4695 1266 4764 ἡμῖν
1302 4695 1331 4746 ὁ
1356 4693 1509 4764 λόγος
1533 4696 1839 4766 ὑπογράφει

1959 4699 2241 4754 .iosissima
2295 4705 2426 4752 est:
2462 4696 2624 4750 talem
2676 4694 2834 4748 nobis
2879 4693 2964 4747 hic
3012 4702 3272 4749 tractatus
3310 4693 3504 4748 Jobum

1939 4807 2040 4861 pro
2064 4791 2364 4860 exemplari
2396 4788 2686 4858 proponit;
2717 4787 2922 4841 dictum
2955 4787 3098 4841 enim
3145 4794 3228 4842 est
3285 4785 3351 4841 de
3394 4803 3458 4841 eo
3488 4805 3500 4839 :

1943 4883 2072 4949 Quis
2099 4884 2176 4936 vir
2199 4880 2392 4944 utJob,
2425 4879 2599 4934 bibens
2625 4878 3090 4934 subsannationam
3119 4879 3253 4932 sicut
3275 4879 3505 4947 aquam?

1943 4970 2080 5027 Vere
2100 4973 2260 5026 etiam
2288 4970 2631 5025 aemulatione
2650 4978 2702 5024 et
2726 4968 2876 5024 onmi
2906 4967 3263 5021 admiratione
3304 4967 3502 5037 dignus

1939 5063 2245 5119 censendus
2268 5069 2374 5126 est,
2406 5063 2450 5116 si
2490 5077 2554 5116 eo
2584 5061 2882 5114 tolerantiae
2922 5059 3046 5129 quis
3079 5059 3407 5129 pervenerit,
3442 5067 3500 5113 ut

1939 5167 2060 5206 cum
2092 5165 2341 5217 tnterorc,
2381 5167 2443 5204 ex
2472 5150 2667 5219 injuria
2699 5150 2844 5202 illata
2876 5150 3051 5217 rcipsa
3083 5148 3300 5211 acerbo,
3329 5156 3383 5202 et
3408 5148 3502 5218 qui

1939 5244 2113 5298 obviis
2135 5244 2444 5313 quibusque
2478 5243 2638 5297 rebus
2660 5240 2956 5311 expugnari
2992 5255 3098 5293 non
3127 5247 3323 5310 potest,
3343 5238 3502 5297 facile

1941 5346 2149 5388 certare
2183 5335 2376 5389 valeat.

284 4787 376 4838 τὸν
422 4785 684 4855 μακάριον
740 4785 879 4841 Ἰὼϐ.
920 4785 1144 4856 Εἴρηται
1186 4785 1294 4858 γὰρ
1333 4787 1461 4856 περὶ
1504 4783 1686 4837 αὑτοῦ·
1744 4786 1840 4852 Τίς

287 4877 442 4945 ἀνὴρ
479 4876 678 4947 ὥσπερ
729 4877 863 4941 Ἰὼϐ,
897 4879 1086 4930 πίνων
1101 4877 1518 4948 μυκτηρισμόν
1540 4877 1619 4943 ὡς
1644 4876 1796 4946 ὕδωρ
1818 4893 1836 4940 ;

305 4971 675 5043 ’Δξιοζήλωτος
720 4970 826 5041 γὰρ
858 4969 1090 5040 άληθῶς,
1135 4969 1230 5024 καὶ
1255 4969 1473 5037 παντὸς,
1505 4969 1677 5039 οἶμαι,
1711 4967 1842 5021 θαύ-

285 5082 455 5136 ματος
477 5066 642 5130 άξιος,
669 5067 717 5117 εξ
739 5064 875 5135 πρὸς
904 5063 1059 5117 τοῦτό
1084 5080 1168 5125 τις
1189 5063 1312 5133 ἥκει
1341 5062 1736 5134 μακροθυμίας,
1762 5061 1838 5126 ὡς

282 5157 517 5219 εὐκόλως
539 5155 793 5210 δύνασθαι
819 5153 1050 5209 διαθλεῖν
1077 5157 1174 5226 τὴν
1194 5157 1256 5208 ὲκ
1279 5154 1371 5207 τοῦ
1402 5155 1835 5210 πλεονεκτεῖσθαι

281 5246 528 5318 δριμεῖαν
559 5246 792 5318 άληθῶς,
824 5247 919 5300 καὶ
955 5244 1015 5299 οὐ
1042 5248 1152 5309 τοῖς
1178 5242 1428 5314 τυχοῦσιν
1473 5244 1838 5314 εὐκαταγώνι-

283 5354 409 5392 στον
429 5339 621 5409 λύπην.

357 5498 414 5556 >1.
441 5493 500 5548 ρ.
532 5429 670 5562 tos/3
708 5490 811 5548 El).
851 5487 1145 5546 POTTEB.

355 5646 462 5716 (90)
490 5643 807 5723 Allthujus
833 5652 888 5698 et
931 5641 1300 5723 praecedentis.
1323 5639 1607 5723 fragmen“
1645 5639 1828 5723 \Zersio
1932 5642 2227 5723 gementis
2263 5642 2487 5723 totidem
2522 5639 2702 5720 verbis
2745 5651 3068 5723 usurpatam
3095 5655 3268 5723 esse_a
3297 5641 3500 5711 Cyrillo

286 5709 463 5770 exstat
500 5735 551 5769 ιιι
593 5709 741 5769 Pauli
769 5709 1019 5769 Cunntoli
1040 5713 1241 5769 Catena
1292 5716 1343 5764 in
1374 5709 1590 5784 Jobum.
1631 5710 1720 5784 ubi
1756 5711 1826 5765 de
1933 5712 2110 5780 Alex.,
2142 5717 2243 5769 sub
2265 5713 2420 5784 cujus
2452 5713 2670 5766 nomine
2701 5709 3185 5772 exstat'itiCnena
3214 5709 3427 5765 sum.

289 5788 576 5855 posteriori
598 5803 649 5857 p.
677 5786 773 5840 451
817 5784 1090 5849 observat,
1141 5783 1636 5857 interpretationem
1684 5781 1825 5836 hanc
