3964 6312
274 336 370 389 7t;
1604 327 2043 385 FRAGMENTA.
3016 338 3027 356 ο
3387 318 3487 387 iis)

264 455 408 508 νεΐαν
477 453 672 515 αὐτοὺς
732 451 1076 525 σκανδαλίσῃ·
1134 450 1181 503 οἱ
1238 450 1344 522 γὰρ
1398 450 1564 514 ὅντως
1623 451 1716 504 καὶ
1769 451 1827 503 ὲν

1931 449 2053 504 culo
2079 468 2088 501 :
2129 463 2250 501 nam
2272 454 2323 500 et
2351 446 2443 517 qui
2475 462 2598 503 vere
2629 448 2682 502 in
2723 448 2875 503 cmlis
2899 456 3026 503 sunt
3057 450 3254 520 angeli,
3315 450 3487 520 ipsam

263 544 508 618 οὐρανοῖς
536 530 753 611 άγγελοι
794 544 891 597 καὶ
927 542 1489 614 κατακεκαλυμμένην
1514 543 1683 613 αὐτὴν
1707 542 1826 612 βλέ-

1047 542 1489 614 ικεκαλυμμένην
1514 543 1683 613 αὐτὴν
1707 542 1826 612 βλέ-
1929 542 2053 597 licet
2087 549 2284 595 tectam
2314 541 2612 597 intuentur.

263 654 475 691 πουσιν.

1154 750 1239 806 Ea:
1270 752 1363 806 lib.
1389 750 1478 805 Ν.
1502 751 1687 821 -Αρ,
1720 745 1959 804 eumdem
2004 745 2056 797 in
2086 743 2146 797 11
2173 743 2239 797 ad
2271 742 2394 798 Cor.
2423 758 2474 795 ν.
2512 741 2600 795 l6.

332 866 404 920 El
453 862 523 919 δὲ
577 864 674 919 καὶ
722 863 1060 935 ἐγνώκαμεν
1105 865 1254 918 κατὰ
1304 864 1502 934 σάρκα
1551 864 1822 933 Χριστόν.

2005 856 2173 911 Porro
2229 856 2388 909 etiam
2437 855 2483 906 si
2538 852 2868 922 cognovimus
2907 850 3177 907 Christum
3210 840 3492 908 secundant

264 954 474 1028 ’Ὠσπερ
505 954 659 1028 ἡμῶν
694 955 758 1009 τὺ
784 955 924 1010 κατά
961 954 1140 1028 σάρκα
1172 956 1288 1009 ἐστὶ
1324 955 1385 1009 τὸ
1412 956 1470 1008 ὲν
1509 955 1825 1027 ἁμαρτίαις,

1932 965 2162 1005 carnem.
2188 945 2654 1015 Quemadmodum
2675 944 2818 1015 apud
2838 959 2939 1000 nos
2962 944 3261 1000 secundum
3276 960 3492 1001 carnem

261 1046 360 1100 καὶ
384 1044 447 1099 τὸ
474 1043 580 1112 ἔξω
599 1043 805 1099 τούτων
827 1045 889 1098 οὐ
916 1044 1056 1100 κατά
1082 1044 1279 1118 σάρκα’
1301 1043 1443 1099 οὕτω
1470 1044 1563 1097 καὶ
1588 1042 1683 1097 τοῦ
1705 1043 1826 1116 Χρι-

1935 1055 2080 1103 esse.
2108 1038 2309 1095 dicitur
2344 1045 2468 1093 esse
2507 1036 2564 1088 in
2601 1037 2873 1103 peccatis;
2902 1044 2957 1092 et
2990 1039 3111 1094 sine
3133 1038 3221 1095 his
3247 1053 3391 1102 esse,
3415 1037 3496 1091 di-

263 1136 393 1191 στοῦ
412 1135 632 1191 τὸκατά
672 1136 851 1209 σάρκα
876 1135 939 1189 τὸ
984 1133 1152 1191 εἴκειν
1184 1137 1297 1199 τοῖς
1330 1138 1575 1205 φυσικοῖς
1607 1133 1825 1201 πάθεσι,

1933 1129 2072 1184 citur
2097 1141 2219 1183 esse
2243 1141 2354 1181 non
2386 1128 2685 1183 secundum
2719 1142 2940 1184 carnem
2973 1148 2987 1183 :
3019 1128 3091 1183 ita
3119 1144 3335 1200 quoque
3356 1126 3498 1199 apud

263 1228 327 1283 τὸ
354 1228 429 1301 μὴ
456 1227 628 1282 εῐκειν
661 1217 720 1281 δὲ
762 1228 824 1281 οὐ
854 1222 1001 1282 κατά
1028 1226 1224 1299 σάρκα’
1255 1220 1369 1282 ἀλλ’
1404 1223 1611 1300 ὥσπερ,
1643 1230 1825 1300 φησὶν,

1935 1217 2209 1275 Christum
2240 1217 2540 1273 secundum
2577 1228 2797 1274 carnem
2819 1233 2941 1275 esse
2966 1216 3189 1285 dicitur,
3235 1219 3500 1274 naturalia

262 1320 467 1386 ἐκεῖνος
490 1319 798 1393 ἀπηλλάγη,
828 1319 970 1375 οὕτω
991 1318 1086 1373 καὶ
1109 1319 1285 1391 ἡμεῖς.

1933 1310 2034 1366 bus
2061 1309 2258 1379 subjici
2289 1305 2700 1379 allectidnibus;
2730 1325 2841 1366 non
2865 1310 3061 1380 subjici
3083 1326 3232 1375 vero,
3250 1324 3374 1367 esse
3389 1322 3498 1367 non

1934 1399 2235 1457 secundum
2273 1413 2515 1455 carnem.
2554 1400 2660 1456 Sed
2676 1401 3132 1472 quemadmodum
3166 1402 3276 1467 ille,
3299 1402 3500 1473 inquit,

1935 1494 2199 1552 liberatus
2220 1505 2328 1562 est,
2365 1496 2446 1552 sic
2467 1503 2522 1551 et
2543 1506 2665 1553 nos.

1136 1583 1219 1651 Ea:
1240 1596 1332 1651 lib.
1356 1584 1445 1651 Ν.
1474 1628 1543 1639 -
1563 1597 1663 1666 Ap.
1702 1598 1938 1655 eumdem
1960 1600 2014 1655 in
2041 1599 2106 1656 11
2137 1601 2208 1657 ad
2230 1600 2357 1658 Cor.
2385 1618 2461 1666 vr,
2496 1602 2583 1658 H.

347 1716 408 1771 Ἠ
436 1711 647 1783 καρδία
674 1711 844 1783 ἡμῶν
876 1711 1302 1768 πεπλάτυνται.
1335 1712 1431 1777 Εἰς
1457 1713 1518 1766 τὸ
1555 1712 1733 1767 πάντα
1760 1712 1837 1767 δι-
1866 1724 1910 1779 Β

2008 1715 2114 1772 Cor
2141 1725 2380 1773 nostrum
2402 1716 2689 1773 dilatatam
2708 1729 2808 1776 est.
2840 1718 2910 1776 Ut
2938 1735 3035 1776 vos
3061 1720 3246 1777 omnia
3280 1722 3504 1779 docere-

265 1807 427 1875 δάξαι
457 1806 621 1877 ὑμᾶς.
660 1803 850 1876 Ὑμεῖς
879 1804 936 1858 δέ
980 1802 1397 1876 στενοχωρεῖσθε
1419 1804 1478 1857 ὲν
1502 1806 1615 1868 τοῖς
1641 1803 1830 1873 σπλάγ·

1943 1820 2107 1877 mus;
2152 1809 2249 1866 sed
2291 1824 2391 1865 vos
2433 1811 2653 1882 angusti
2695 1811 2829 1868 estis
2871 1811 2929 1866 in
2954 1812 3255 1869 visceribus
3284 1818 3498 1878 vestris.

268 1919 414 1975 χνοις
441 1900 615 1973 ὑμῶν,
658 1899 953 1965 τουτέστιν,
983 1901 1042 1954 έν
1078 1902 1146 1972 τῇ
1198 1900 1335 1972 πρὸς
1381 1899 1515 1954 Θεὸν
1538 1900 1750 1975 ἀγάπῃ,
1802 1894 1833 1975 ᾖ

1943 1900 2047 1957 hoc
2073 1909 2179 1967 est,
2209 1900 2266 1955 in
2292 1900 2583 1958 dilectione
2624 1917 2753 1975 erga
2799 1902 2990 1970 Deum,
3018 1920 3127 1976 qua
3164 1922 3250 1962 mc
3279 1907 3500 1979 diligere

267 1994 488 2066 ἀγαπᾷν
523 2007 589 2048 με
617 1988 876 2061 ὀφείλετε.

617 1988 876 2061 ὀφείλετε.
1941 1992 2172 2050 debetis.

1054 2110 1111 2169 >14
1147 2103 1233 2159 Ex
1258 2104 1353 2159 lib.
1392 2105 1456 2160 ν.
1493 2136 1562 2146 -
1590 2106 1689 2176 Δρ.
1710 2104 1949 2162 eumdem
1980 2106 2036 2160 in
2059 2100 2160 2176 Ep.
2195 2104 2267 2159 ad
2294 2092 2538 2173 Galatas,
2568 2122 2620 2169 ν,
2649 2102 2739 2160 24.

342 2229 408 2282 οι
430 2226 499 2283 δὲ
521 2227 630 2283 τοῦ
658 2225 917 2297 Χριστοῦ
942 2224 1059 2299 τῂν
1087 2224 1304 2294 σάρκα.
1345 2225 1456 2280 Καὶ
1481 2225 1533 2279 τί
1555 2225 1714 2295 λέγω,
1737 2243 1839 2298 φη-

2015 2222 2091 2278 Hi
2118 2232 2298 2279 autem
2329 2222 2529 2280 Christi
2558 2238 2788 2279 carnem.
2830 2222 2894 2277 Et
2914 2224 3045 2294 quid
3065 2224 3402 2297 singulatim,
3425 2229 3479 2283 in

264 2319 376 2385 alio,
416 2318 477 2375 ἓν
498 2318 633 2395 ,καθ’
661 2318 720 2373 ἓν
757 2318 958 2392 ἀρετῆς
988 2311 1159 2382 εἶδος;
1189 2316 1296 2370 εἰσὶ
1322 2316 1432 2389 γάρ
1459 2334 1601 2384 τινες
1645 2319 1696 2374 οἶ
1745 2318 1829 2373 καὶ

1942 2317 2080 2389 quit,
2109 2318 2370 2374 virtutum
2400 2318 2611 2389 species
2634 2319 2934 2375 recenseo?
2956 2317 3095 2374 Sunt
3120 2319 3268 2375 enim
3289 2321 3507 2391 quidam

270 2410 619 2484 ἐσταύρωσαν
636 2411 882 2474 ἑαυτοὺς,
899 2410 1022 2462 ὅσον
1044 2407 1179 2479 πρὸς
1199 2406 1266 2461 τά
1290 2407 1458 2478 πάθη,
1478 2410 1573 2463 καὶ
1594 2409 1662 2463 τά
1688 2409 1833 2481 πάθη

1946 2411 2033 2480 qui
2061 2411 2276 2482 seipsos
2300 2410 2693 2467 cruciﬁxerunt
2715 2409 2895 2482 quoad
2918 2411 3167 2476 allectus,
3198 2420 3253 2467 ct
3286 2413 3511 2469 allectus

270 2504 393 2559 ὅσον
429 2504 567 2576 πρὸς
606 2501 850 2566 ἑαυτούς.
884 2500 1041 2555 Κατά
1083 2498 1285 2571 ταύτην
1325 2500 1422 2570 τὴν
1455 2500 1748 2572 ἑρμηνείαν
1773 2502 1834 2554 οὐ

1946 2502 2120 2569 quoad
2142 2503 2375 2573 seipsos.
2398 2502 2559 2558 Juxta
2590 2504 2734 2558 hanc
2777 2504 3280 2574 interpretationem
3312 2504 3369 2559 δέ
3403 2520 3511 2562 non

272 2595 599 2669 παρέλκεται
623 2595 682 2648 τὸ
704 2593 790 2649 δέ.
817 2596 879 2647 Οἱ
907 2590 976 2645 δὲ
1005 2592 1113 2647 τοῦ
1142 2592 1421 2662 Χριστοῦ,
1442 2592 1706 2655 τουτέστι,
1729 2591 1837 2647 τεί-

1947 2606 2022 2653 est
2053 2595 2332 2667 parelcon,
2366 2596 2459 2650 sed
2493 2610 2687 2651 sensus
2714 2602 2797 2650 est
2822 2613 2840 2648 ηε
2872 2596 2920 2648 ot
2952 2595 3009 2649 δὲ
3032 2596 3126 2651 τοῦ
3158 2597 3418 2669 Χριστοῦ,
3458 2599 3512 2652 id

271 2687 564 2761 νοντες,τὴν
584 2686 788 2741 ἑαυτῶν
817 2684 995 2756 σάρκα
1022 2685 1389 2757 ἐσταύρωσαν.

1946 2696 2025 2743 est
2067 2688 2163 2760 qui
2218 2703 2347 2744 vero
2392 2687 2623 2744 tendunt
2664 2686 2733 2742 ad
2771 2687 3075 2755 Christum,
3110 2704 3265 2746 suam
3293 2704 3511 2746 carnem

1940 2777 2353 2834 cruciﬁxerunt.

1037 2890 1115 2945 Ea:
1144 2890 1282 2946 libro
1310 2890 1372 2945 V.
1404 2922 1471 2931 —
1495 2892 1591 2961 Ap.
1625 2891 1899 2949 Moschum
1928 2891 2073 2948 Prati
2101 2891 2404 2963 spiritualis
2433 2907 2550 2961 cap.
2589 2892 2602 2944 l

2188 2891 2404 2947 ritualis
2433 2907 2550 2961 cap.
2589 2890 2717 2947 176.
2896 2874 3049 2987 vf.
3543 2867 3750 2933 la/K.

348 3005 453 3061 Ναὶ
476 3001 683 3078 ἀληθῶς
715 3004 1116 3077 ἐϐαπτίσθησαν
1152 3004 1233 3076 (οἱ
1266 3004 1549 3060 ἀπόστολοι
1577 3006 1619 3074 ),
1658 3005 1841 3071 καθὼς
1868 3015 1910 3073 c

2015 3004 2159 3061 Sane
2192 3005 2268 3059 illi
2299 3004 2610 3077 (apostoli)
2640 3004 2900 3075 baptizati
2930 3013 3079 3071 sunt,
3110 3005 3254 3062 sicut
3299 3003 3354 3061 et
3394 3004 3516 3064 Cle-

275 3098 507 3170 Κλήμης
548 3099 577 3152 ὁ
621 3098 980 3171 Στρωματεὺς
1027 3097 1085 3148 ἐν
1138 3093 1216 3165 τῷ
1264 3095 1493 3172 πέμπτῳ
1539 3095 1689 3168 τόμῳ
1740 3095 1840 3151 τῶν

1951 3113 2102 3155 mens
2134 3095 2475 3153 Stromateus
2502 3096 2748 3152 meminit
2781 3096 2835 3151 in
2866 3098 3059 3167 quinto
3092 3098 3516 3170 Hypotyposeon.

284 3180 743 3244 Ύποτυπώσεων
770 3190 1058 3261 μέμνηται.
1089 3187 1225 3257 Φησὶ
1252 3186 1378 3259 γὰρ,
1409 3186 1469 3240 τὸ
1496 3187 1845 3242 ἀποστολικὺν

1953 3190 2320 3262 Apostolicum
2350 3191 2495 3247 enim
2530 3186 2662 3243 illud
2693 3187 2898 3243 dictum
2937 3205 3215 3261 exponens
3241 3206 3350 3262 quo
3381 3192 3518 3247 dici-

274 3281 440 3354 ῥητδν
483 3281 840 3353 ἐξηγούμενος
874 3282 935 3335 τὸ
974 3280 1130 3349 λέγον
1154 3320 1169 3346 ,
1203 3278 1569 3349 Εὑχαριστῶ,
1613 3278 1702 3334 ὅτι
1732 3297 1839 3350 μη-

1954 3292 2041 3338 tur
2073 3304 2086 3338 :
2124 3282 2341 3338 Gratias
2375 3298 2473 3353 ago
2495 3280 2627 3343 Deo,
2649 3281 2775 3351 quia
2805 3283 3061 3337 neminem
3084 3292 3316 3338 vestrum
3349 3283 3519 3354 bapti-

274 3370 420 3426 δένα
445 3371 611 3442 ὑμῶν
625 3372 927 3428 ἐϐάπτισα·
962 3390 980 3423 ι
1012 3372 1245 3443 Χριστὸς
1275 3372 1488 3442 λέγεται
1512 3358 1718 3446 Πέτρον
1752 3374 1839 3445 μό-

1954 3375 2102 3435 savi,
2150 3393 2169 3427 ι
2198 3373 2474 3438 Christus,
2510 3371 2710 3442 inquit,
2743 3370 2945 3426 dicitur
2964 3372 3183 3428 Petrum
3216 3374 3392 3429 solum
3424 3375 3519 3428 ba-a

275 3482 366 3520 νον
398 3466 796 3537 βεδαπτικέναι,
831 3466 1036 3541 Πέτρος
1059 3469 1117 3523 δὲ
1146 3466 1420 3540 Ἀνδρέαν,
1438 3466 1689 3539 Ἀνδρέας
1734 3466 1839 3520 Ἰά-

1955 3466 2223 3537 ptizasse,
2275 3464 2469 3522 Petrus
2505 3462 2819 3530 Andream,
2866 3463 3114 3521 Andreas
3156 3464 3419 3521 Iacobum
3466 3471 3520 3519 et

274 3557 456 3613 κωϐον
480 3559 571 3613 καὶ
612 3558 882 3629 Ἰωάννην,
908 3561 1102 3615 ἐκεῖνοι
1134 3560 1191 3614 δὲ
1219 3560 1344 3623 τοὺς
1372 3557 1611 3622 λοιπούς.
1645 3576 1664 3610 ι

1372 3557 1611 3622 λοιπούς.
1645 3576 1664 3610 ι
1946 3557 2233 3624 Joannem,
2268 3558 2347 3613 illi
2378 3565 2559 3613 autem
2588 3554 2851 3624 reliquos.
2890 3575 2912 3607 ι

1219 3672 1303 3728 Ea:
1337 3672 1430 3731 lib.
1461 3672 1623 3731 VL—
1654 3674 1751 3743 Ap.
1789 3672 1984 3729 Euseb.
2019 3672 2159 3731 Hist.
2184 3673 2337 3739 θεοί,
2374 3688 2435 3737 ιι,
2471 3672 2522 3727 1.

1938 3672 1984 3729 β.
2019 3672 2159 3731 Hist.
2184 3673 2337 3739 eccl.,
2374 3688 2435 3737 ιι,
2471 3672 2522 3727 1.
3121 3643 3225 3750 β.
3269 3658 3409 3707 ίθΖ
3438 3658 3503 3715 3.

348 3787 580 3861 Κλήμης
620 3789 677 3843 δὲ
707 3788 765 3842 ὲν
808 3788 951 3860 ἕκτῳ
994 3788 1102 3842 τῶν
1138 3786 1595 3842 Ὑποτυπώσεων
1623 3788 1847 3860 γράφων

2022 3785 2273 3843 Clemens
2296 3792 2447 3842 certe
2463 3786 2519 3841 in
2540 3793 2697 3843 sexto
2720 3782 3125 3839 lnstitutionum
3149 3779 3290 3837 libro
3310 3780 3386 3835 ita
3410 3787 3520 3834 trae-

276 3873 382 3933 ὧδε
423 3879 732 3953 παρίστησι.
763 3878 970 3951 Πέτρον
1018 3877 1126 3950 γάρ
1167 3894 1300 3949 φησι
1340 3878 1436 3931 καὶ¹
1468 3876 1717 3932 Ἰάκωὸον
1756 3880 1841 3932 καὶ

1953 3879 2052 3935 dit.
2082 3879 2173 3934 Ait
2218 3879 2539 3950 enim,post
2586 3876 2898 3935 Servatoris
2953 3870 3518 3943 ascensum,Petrum.

293 3970 545 4042 Ἰωάννην
571 3969 706 4041 μετά
726 3969 825 4041 τὴν
848 3969 1113 4041 ἀνάληψιν
1142 3969 1237 4023 τοῦ
1266 3970 1536 4042 Σωτῆρος,
1569 3970 1645 4033 ὡς
1663 3968 1730 4023 ἂν
1756 3972 1850 4024 καὶ

1957 3970 2211 4027 Iacobum
2270 3979 2325 4027 et
2371 3969 2657 4036 Joannem,
2692 3967 2944 4041 quamvis
2999 3964 3263 4020 Dominus
3312 3966 3522 4020 caeteris

279 4060 388 4114 ὑπὸ
422 4060 515 4115 τοῦ
552 4062 755 4134 Κυρίου
789 4062 1308 4134 προτετιμημένους,
1341 4062 1416 4133 μὴ
1445 4061 1844 4127 ἐπιδικάζεσθαι

1955 4063 2102 4134 ipsos
2159 4063 2510 4134 praetulisset,
2541 4078 2653 4118 non
2709 4060 2916 4116 idcirco
2972 4056 3040 4113 de
3087 4057 3263 4127 primo
3297 4055 3520 4111 honoris

278 4149 457 4222 δόξης,
480 4151 594 4206 ἀλλ’
631 4151 884 4207 Ἰάκωϐον
918 4151 1011 4206 τὸν
1055 4152 1256 4207 δίκαιον
1299 4151 1591 4205 ἐπίσκοπον
1623 4140 1843 4223 Ἱεροσο-

1954 4156 2117 4227 gradu
2147 4156 2513 4223 contendisse,
2541 4155 2635 4211 sed
2658 4151 2920 4208 Jacobum
2952 4147 3279 4220 cognomine
3307 4147 3519 4203 Justunt

277 4240 471 4314 λὺμων
492 4243 723 4299 ἑλέσθαι.

1946 4242 2412 4321 Jerosolymorum
2443 4245 2759 4319 episcopum
2787 4242 3037 4314 elegisse.

1130 4352 1295 4436 375
1331 4353 1607 4417 Exeodem
1634 4361 1770 4417 libro
1801 4359 1977 4416 v1._
1999 4364 2099 4436 Ap.
2132 4363 2347 4433 Euseb.,
2376 4363 2508 4419 ibid.
2530 4380 2578 4417 ε.
2613 4361 2699 4417 ιε.
2984 4327 3240 4411 21m
3399 4348 3543 4404 [σε
3570 4347 3629 4398 3.

354 4475 509 4532 Οὕτω
551 4474 616 4546 δὴ
653 4468 745 4529 οὖν
778 4451 1209 4546 ἐπιδημήσαντος
1236 4474 1419 4538 αὐτοῖς
1457 4474 1550 4528 τοῦ
1581 4473 1728 4528 θείου
1756 4474 1847 4529 λό-
1880 4500 1919 4554 D

2022 4476 2191 4549 Igitur
2238 4492 2364 4533 cum
2412 4474 2508 4532 Dei
2555 4472 2800 4531 doctrina
2829 4451 3106 4528 llomanos
3149 4469 3383 4523 adventu
3419 4469 3520 4521 sim

283 4584 404 4640 γου,
433 4569 467 4639 ἡ
499 4567 597 4640 μὲν
618 4566 714 4620 τοῦ
744 4565 983 4637 Σίμωνος
1018 4564 1229 4637 ἀπέσόη
1262 4564 1355 4619 καὶ
1388 4566 1724 4637 παραχρῆμα
1756 4568 1848 4621 καί

1956 4569 2300 4635 illustrasset,
2335 4567 2577 4623 Simonis
2605 4564 2824 4637 quidem
2874 4565 2958 4620 vis
3008 4578 3071 4618 ac
3118 4560 3360 4632 potentia
3395 4574 3518 4614 cum

283 4656 363 4729 τῷ
409 4656 562 4727 ἀνδρὶ
590 4654 918 4709 καταλέλυτο
957 4654 1182 4726 δύναμις
1204 4672 1217 4685 ο
1248 4654 1467 4708 τοσοῦτο
1503 4655 1548 4708 δ’
1572 4655 1848 4726 ἐπέλαμψε

1956 4665 2078 4736 ipso
2106 4665 2267 4720 simul
2298 4669 2518 4718 auctore
2549 4657 2696 4716 brevi
2727 4658 2997 4713 exstincta
3028 4663 3191 4724 atque
3218 4653 3392 4707 deleta
3417 4663 3517 4706 est.

284 4749 405 4811 ταῖς
430 4747 538 4799 τῶν
575 4736 859 4817 ἀκροατῶν
897 4742 991 4799 τοῦ
1037 4744 1244 4816 Πέτρου
1292 4744 1548 4809 διανοίαις
1570 4745 1849 4809 εὐσεϐείας

1956 4757 2167 4812 Tantus
2197 4766 2376 4811 autem
2407 4749 2654 4808 veritatis
2692 4749 2870 4820 fulgor
2911 4747 3137 4803 emicuit
3168 4746 3222 4799 in
3250 4740 3521 4798 mentibus

286 4837 604 4908 φέγγος,ὡς
649 4836 723 4909 μὴ
767 4838 834 4907 τῇ
868 4833 1102 4900 εἰσάπαξ
1145 4833 1343 4898 ἱκανῶς
1387 4834 1525 4905 ἔχειν
1568 4835 1848 4908 ἀρκεῖσθαι

1955 4863 2165 4910 eorum,
2195 4845 2289 4917 qui
2332 4844 2547 4899 Petrum
2581 4841 2886 4905 audierant,
2927 4848 2986 4893 ut
3024 4852 3217 4909 parum
3259 4835 3520 4888 haberent

287 4929 446 4998 ἀκοῇ,
481 4927 613 5000 μηδὲ
654 4930 721 4999 τῇ
768 4927 1001 4999 ἀγράφῳ
1032 4925 1126 4980 τοῦ
1154 4925 1295 4979 θείου
1327 4926 1675 4999 κηρύγματος
1705 4928 1849 4982 διδασ-

1958 4939 2128 4995 semel
2155 4937 2392 5001 audisse,
2426 4951 2527 4991 nec
2567 4935 2809 4990 contenti
2851 4939 3036 4987 essent
3080 4927 3322 4984 caelestis
3370 4926 3518 4979 verli

288 5019 519 5091 σκαλίᾳη
567 5018 947 5091 παρακλήσεσι
990 5019 1046 5073 δὲ
1089 5020 1365 5082 παντοίαις
1405 5019 1649 5090 Μάρκον,
1683 5014 1744 5075 οὗ
1789 5022 1850 5074 τὸ

1973 5032 2266 5088 loctrinam
2298 5030 2419 5084 viva
2448 5043 2602 5093 voce,
2633 5027 2798 5082 nullis
2831 5024 3084 5079 traditam
3116 5018 3342 5088 scriptis
3366 5031 3510 5070 acce-
3536 5060 3538 5067 .

285 5110 616 5180 Εὐαγγέλιον
647 5111 891 5183 φέρεται,
921 5110 1208 5164 ἀκόλουθον
1235 5111 1364 5165 ὄντα
1386 5111 1850 5184 Πέτρου,λιπαρῆ-

1958 5123 2145 5193 pisse:
2179 5122 2274 5178 sed
2317 5120 2558 5175 Marcum
2603 5118 2746 5175 Petri
2794 5123 3118 5172 sectatorem
3158 5110 3319 5179 cujus
3362 5106 3520 5161 hodie.

289 5221 401 5270 σαι,
430 5202 506 5267 ὡς
548 5202 613 5257 ἂν
652 5204 746 5257 καὶ
773 5203 861 5256 διά
886 5202 1101 5274 γραφῆς
1129 5202 1423 5274 ὑπόμνημα
1456 5204 1555 5273 τῆς
1580 5204 1665 5257 διὰ
1691 5205 1849 5273 λόγου

1958 5222 2138 5268 exstat
2154 5211 2523 5281 Evangelium,
2551 5211 2709 5265 enixe
2739 5212 3032 5262 orarentut
3057 5200 3319 5258 doctrina:
3351 5198 3514 5259 illius,

288 5293 683 5367 παραδοθείσης
736 5295 918 5357 αὐτοῖς
969 5292 1284 5363 καταλεῖψαι
1340 5293 1712 5359 διδασκαλίας’
1776 5297 1849 5367 μὴ

1959 5319 2121 5373 quam
2162 5302 2350 5357 auditu
2385 5308 2728 5371 acceperant,
2760 5299 3023 5367 scriptum
3074 5290 3291 5362 aliquod
3325 5306 3519 5343 monu~

277 5356 551 5485 ἑπρδτερὸν
574 5356 867 5440 τευάνιέναι
897 5386 930 5458 ἦ
961 5356 1518 5473 κατεργάσασθαι-τὸν
1548 5356 1733 5458 ἀνδρα,
1759 5356 1842 5441 atati

1958 5356 2198 5451 mentum
2230 5394 2372 5465 apud
2399 5410 2457 5450 se
2489 5356 2837 5463 relinqueret.
2868 5387 2977 5443 Nec
2996 5386 3148 5458 prius
3172 5384 3517 5445 destiterunt,

290 5474 463 5551 ταύτῃ
482 5477 686 5541 αἰτίους
714 5477 961 5547 γενέσθαι
983 5478 1080 5550 τῆς
1108 5477 1201 5531 τοῦ
1224 5468 1511 5549 λεγομένου
1541 5480 1677 5533 κατά
1696 5474 1852 5553 Μάρ-

1958 5503 2117 5559 quam
2168 5476 2437 5544 hominem
2476 5489 2919 5556 expugnassent,
2978 5486 3336 5546 auctoresque
3383 5475 3523 5526 εοιὶτ

281 5560 386 5623 ῐκον
431 5560 759 5637 Εὐαγγελίου
779 5568 1009 5640 γραφῆς.
1043 5569 1240 5622 Γνόντα
1260 5569 1313 5621 δὲ
1343 5570 1400 5621 τὸ
1427 5570 1688 5641 πραχθὲν,
1721 5572 1846 5640 φασὶ

1957 5564 2119 5630 bendi
2152 5576 2296 5631 illius
2322 5574 2462 5645 quod
2488 5572 2789 5629 secundum
2822 5569 3064 5624 Marcum
3088 5567 3309 5631 dicitur,
3343 5562 3517 5617 Evan-

402 5727 461 5786 ›ι‹
499 5719 559 5776 ι).
603 5656 739 5803 toti-3
772 5719 878 5774 eo.
922 5710 1215 5775 ιιοττειι.

618 5818 884 5877 ΡΑτιιοι..
929 5817 1046 5877 Gn.
1096 5817 1206 5877 1X.

3149 5816 3233 5872 (Συ
