3964 6312
1621 392 2066 450 FRAGMENTA.
3033 463 3042 473 ,

1094 495 1392 578 αξξεεᾴ-ην
1437 511 1698 569 -ιάωηεη
1729 513 1771 568 ιι
1795 516 1863 569 ad
1887 517 2102 580 Τξηωι,
2128 518 2181 570 s.
2727 516 2961 572 mar.

241 390 346 449 πθ
1621 392 2066 450 FRAGMENTA.
3033 463 3042 473 ,
3376 413 3478 474 rso

309 625 413 682 Διὰ
440 623 686 682 πολλῶν
699 629 1028 698 μαρτύρων.
1069 629 1321 684 Τουτέστι
1353 631 1514 703 νόμου
1557 633 1650 686 καὶ
1677 649 1790 705 προ

1984 634 2085 686 Per
2119 635 2309 687 multos
2340 643 2514 688 testes.
2559 633 2672 689 Hoc
2726 645 2809 692 est
2858 639 3027 709 legem
3060 653 3122 694 ac
3163 641 3472 712 prophetas.

234 716 444 787 φητῶν.
495 716 729 781 Τούτους
766 717 876 792 γὰρ
899 718 1209 785 Ἀπόστολος
1247 721 1482 776 ἐποιεῖτο
1526 722 1790 794 μάρτυρας

1910 722 2044 777 Nam
2085 723 2184 778 hos
2229 725 2284 778 in
2326 733 2492 780 testes
2527 727 2836 795 proferebat
2868 729 3158 798 Apostolus
3192 748 3304 788 suae
3336 750 3476 804 prae-

229 808 330 862 τοῦ
363 808 493 862 ίδίου
525 808 896 881 κηρύγματος.

1911 815 2218 872 dicatiouis.

888 926 973 979 Ea:
1004 926 1183 981 eodem
1218 927 1352 980 libro
1377 925 1489 980 Vll.
1519 958 1588 966 —
1625 927 1726 994 Ap.
1755 926 2040 984 Eusebium
2074 930 2217 986 Hist.
2249 932 2374 985 θεοί.
2404 932 2439 985 Ι.
2475 949 2533 998 n,
2571 949 2617 985 c.
2665 933 2714 988 1.
3174 925 3356 982 [ίλίὰῗ

323 1039 561 1110 Ἰακώϐῳ
600 1035 680 1109 τῷ
704 1039 907 1110 Δικαίῳ
938 1039 1033 1092 καὶ
1068 1038 1287 1111 Ἰωάννῃ
1325 1039 1418 1092 καὶ
1449 1039 1638 1111 Πέτρῳ
1668 1039 1790 1092 κατὲ

1975 1039 2180 1098 Jacobo
2203 1039 2384 1109 Justo,
2416 1050 2471 1097 et
2516 1041 2734 1109 Joanui,
2766 1053 2820 1100 et
2863 1045 3027 1102 Petro
3062 1047 3326 1109 Dominus
3351 1066 3477 1125 post

227 1132 337 1204 τὴν
361 1131 650 1184 ἀνάστασιν
682 1129 960 1202 παρέδωκε
988 1131 1088 1202 τὴν
1112 1129 1312 1200 γνῶσιν
1341 1132 1371 1183 6
1394 1129 1615 1202 Κύριος.
1650 1125 1786 1184 Οὗτο

1908 1131 2364 1187 resurrecuonem
2399 1132 2642 1188 scientiae
2667 1133 2870 1190 donum
2901 1136 3184 1209 impertiit.
3214 1141 3370 1210 Quod
3397 1145 3474 1202 illi

226 1231 349 1291 τοῖς
378 1226 581 1289 λοιποῖς
608 1225 924 1289 ἀποστόλοις
953 1224 1274 1295 παρέδωκαν
1293 1243 1306 1255 ’
1331 1225 1379 1278 οἱ
1399 1225 1457 1278 δὲ
1474 1225 1650 1279 λοιποὶ
1671 1225 1790 1279 ἀπό

1906 1222 2117 1279 caeteris
2161 1222 2445 1294 apostolis,
2491 1223 2548 1277 hi
2596 1239 2727 1279 vero
2771 1228 3117 1296 septuaginta
3163 1230 3470 1304 discipulis,

234 1319 414 1373 στολοι
442 1319 554 1382 τοῖς
579 1316 968 1388 ἑϐδομήκοντα,
1001 1311 1077 1372 ὧν
1112 1315 1192 1383 εἷς
1219 1312 1288 1390 ἦν
1321 1318 1416 1372 καὶ
1440 1315 1744 1390 Βαρνάϐας.

1906 1330 2138 1386 quorum
2165 1330 2308 1372 unus
2337 1314 2441 1370 fuit
2465 1314 2764 1383 Barnabas,
2797 1318 3158 1376 tradiderunt.

1198 1430 1282 1486 Ex
1307 1431 1486 1488 eodem
1512 1432 1667 1488 libro.
1701 1463 1768 1472 -
1800 1431 1902 1504 Ap.
1933 1432 2171 1488 eumdem
2207 1432 2360 1497 ibid.,
2385 1449 2432 1486 c.

303 1547 440 1618 Περὶ
464 1545 651 1602 τούτου
683 1547 739 1601 δὲ
769 1549 798 1602 6
829 1547 1061 1621 Κλήμης
1091 1547 1182 1602 τοῦ
1223 1547 1478 1603 Ἰακώϐου
1519 1548 1614 1602 καί
1656 1549 1790 1602 ίστο‹

1975 1547 2050 1602 De
2076 1547 2179 1602 hoc
2203 1546 2408 1603 Jacobo
2433 1563 2546 1602 rem
2581 1563 2806 1618 prorsus
2836 1555 3100 1609 memoria
3133 1555 3352 1627 dignam
3384 1574 3470 1616 re-

225 1639 356 1711 ρίαν
378 1642 596 1713 μνήμης
624 1639 778 1706 ἀξίαν
805 1642 863 1696 έν
885 1644 951 1714 τῇ
979 1641 1085 1696 τῶν
1115 1640 1570 1696 Ὑποτυπὼσεων
1599 1640 1790 1712 ἐϐδόμῃ

1902 1638 2010 1695 fert
2038 1639 2292 1696 Clemens
2319 1641 2374 1695 in
2403 1640 2635 1713 septimo
2669 1641 3072 1701 Institutionum
3111 1649 3270 1717 libro,
3307 1660 3471 1723 prout

223 1732 608 1805 παρατίθεται,
645 1733 720 1798 ὡς
757 1734 821 1787 ὲκ
854 1732 1202 1806 παραδόσεως
1236 1731 1343 1786 τῶν
1375 1731 1481 1805 πρὸ
1505 1729 1667 1786 αὐτοῦ
1698 1731 1790 1801 φά-

1899 1746 2019 1787 eam
2048 1747 2081 1786 a
2110 1732 2408 1803 majoribus
2433 1745 2736 1804 acceperat.
2769 1737 2860 1791 Ait
2889 1738 3032 1794 enim
3075 1757 3221 1810 eum,
3261 1747 3353 1815 qui
3385 1744 3475 1801 Ja-

224 1841 408 1893 σκων,
447 1827 526 1881 ὅτι
571 1825 636 1896 δὴ
679 1826 708 1878 6
761 1825 1064 1896 εἰσαγαγὼν
1115 1826 1273 1880 αὐτὸν
1313 1828 1391 1889 είς
1431 1824 1790 1896 δικαστήριον,

1900 1825 2097 1880 cobum
2123 1825 2332 1896 judicio
2360 1827 2652 1894 obtulerat,
2683 1843 2804 1884 cum
2850 1831 3002 1886 illum
3033 1833 3260 1891 vidisset
3311 1838 3472 1894 Chri-

227 1918 655 1990 μαρτυρήσαντα
675 1917 836 1972 αὐτὸν
865 1917 1008 1982 ίδὼν,
1032 1917 1269 1988 κινηθεὶς
1290 1915 1638 1987 ὡμολόγησεν
1662 1908 1790 1966 εἶναι

1901 1916 1999 1973 sti.
2029 1921 2086 1980 >14
2142 1915 2301 1971 ﬁdem
2327 1916 2514 1972 -libere
2559 1917 2930 1985 confitentem,
2983 1935 3318 1980 commotum
3363 1928 3468 1982 viri

220 1987 328 2062 Ital.
375 1987 536 2074 αὖτδς
583 2009 771 2063 ἑαυτὸν
821 1987 1162 2080 Χριστιανόν.
1227 2005 1649 2079 Συναπήχθησαν
1702 1999 1790 2059 οὖν

1899 2005 2210 2061 constantia
2265 2020 2325 2062 se
2349 2021 2567 2077 quoque
2597 2006 2971 2065 Christianum
2997 2028 3122 2070 esse
3147 2013 3462 2075 afﬁrmasse.

222 2102 416 2173 ἄμφω,
453 2101 604 2173 φησι,
631 2101 725 2157 καὶ
773 2100 916 2156 κατά
954 2101 1052 2172 τὴν
1097 2099 1213 2155 ὁδὸν
1256 2098 1486 2170 ἠξίωσεν
1531 2095 1790 2169 ἀφεθῆναι

1900 2099 2076 2155 Ambo
2122 2099 2309 2170 igitur,
2354 2099 2553 2170 inquit,
2610 2101 2774 2157 simul
2827 2103 2894 2158 ad
2946 2105 3270 2176 supplicium
3316 2109 3465 2166 ducti

223 2192 378 2263 αὖτῷ
405 2191 508 2246 ὑπὸ
539 2191 632 2246 τοῦ
649 2191 918 2246 Ἰακώϐου.
938 2192 994 2246 '0
1019 2191 1096 2256 δὲ,
1126 2190 1304 2260 ὀλίγον
1329 2188 1685 2262 σκεψάμενος,
1706 2191 1790 2243 El-

1901 2199 2048 2247 sunt.
2082 2189 2328 2261 Cumque
2360 2190 2503 2247 inter
2533 2194 2773 2248 eundum
2802 2205 3051 2265 rogasset
3076 2195 3341 2256 Iacobum
3375 2217 3469 2258 co-

229 2284 368 2355 ρήνη
411 2300 513 2348 σοι,
545 2279 685 2349 εἷπε,
718 2283 811 2338 καὶ
853 2282 1209 2354 κατεφίλησεν
1251 2280 1428 2335 αὐτὸν.
1476 2281 1585 2334 Καὶ
1627 2279 1790 2345 οὕτως

1899 2298 2040 2352 mes,
2073 2292 2133 2351 ut
2164 2283 2266 2338 sibi
2296 2283 2509 2340 veniam
2549 2285 2703 2341 daret
2737 2305 2751 2341 :
2786 2288 3064 2361 paulisper
3096 2301 3340 2350 moratus
3373 2293 3468 2350 Ja-

225 2375 529 2448 ἀμφότεροι
555 2375 689 2448 ὁμοῦ
720 2375 1226 2448 ὲκαρατομήθησαν.

1891 2378 2094 2444 ‘cobus,
2129 2375 2240 2430 Pax
2289 2376 2410 2445 tibi,
2444 2377 2645 2448 inquit,
2675 2380 2971 2452 statimque
3009 2382 3161 2439 illum
3190 2387 3471 2447 osculatus

1903 2479 2008 2526 est.
2037 2467 2118 2522 Ita
2150 2469 2314 2524 simul
2345 2469 2506 2524 ambo
2532 2471 2709 2543 capite
2735 2474 2973 2528 truncati
3006 2474 3283 2534 interiere.

1017 2592 1102 2650 Ex
1122 2595 1301 2654 eodem
1330 2596 1485 2652 libro.
1508 2624 1578 2636 —
1599 2593 1752 2663 Apud
1774 2588 2012 2647 eumdem
2036 2587 2178 2642 Hist.
2216 2584 2360 2639 Eccl.
2384 2603 2458 2651 vr,
2491 2603 2542 2644 c.
2578 2589 2664 2643 14.

297 2706 439 2778 Ἤδη
466 2707 544 2770 δὲ,
575 2707 652 2771 ὡς
675 2709 704 2761 6
731 2707 996 2780 μακάριος
1019 2707 1170 2779 ἔλεγε
1199 2709 1586 2782 πρεσϐύτερος,
1617 2707 1739 2762 ἐπεὶ
1766 2708 1795 2760 6

223 2796 435 2869 Κύριος
467 2797 762 2863 ἀπόστολος
789 2798 864 2854 ὢν
900 2800 993 2854 τοῦ
1022 2801 1484 2874 Παντοκράτορος,
1514 2797 1791 2870 ἀπεστάλη

224 2889 367 2961 πρὸς
403 2889 703 2962 Ἐϐραίους,
735 2891 822 2946 διά
850 2894 1172 2967 μετριότητα
1199 2896 1230 2948 6
1255 2893 1483 2961 Παῦλος,
1515 2895 1590 2959 ὡς
1617 2894 1684 2948 ἂν
1715 2893 1795 2955 είς

221 2982 297 3036 τά
319 2982 444 3054 ἔθνη
461 2983 883 3056 ἀπεσταλμένος,
906 2986 1004 3040 οὐκ
1028 2985 1296 3058 ἐγγράφει
1315 2985 1502 3041 ἑαυτὸν
1529 2984 1793 3057 Ἐϐραίων

222 3074 641 3141 ἀπόστολον,διά
660 3094 719 3130 τε
751 3077 849 3150 τὴν
880 3078 1015 3150 πρὸς
1043 3079 1134 3134 τὸν
1159 3077 1361 3153 Κύριον
1391 3077 1576 3150 τιμὴν,
1611 3076 1700 3130 διά
1731 3093 1794 3130 τε

217 3167 284 3222 τὸ
315 3168 379 3222 ἐκ
407 3169 718 3241 περιουσίας
746 3171 840 3224 καὶ
869 3173 982 3235 τοῖς
1025 3170 1292 3244 Ἑϐραίοις
1324 3169 1676 3236 ἐπιστέλλειν,
1703 3169 1794 3224 ὲθ-

215 3261 330 3315 νῶν
359 3263 574 3334 κήρυκα
599 3264 728 3318 ὄντα
758 3264 851 3317 καὶ
887 3263 1199 3318 ἀπόστολον.

1967 2699 2088 2758 Jam
2117 2717 2269 2766 vero,
2303 2703 2446 2759 sicut
2491 2702 2680 2759 beatus
2709 2704 2924 2760 dicebat
2955 2707 3261 2780 presbyter,
3295 2723 3469 2780 quan-

1899 2793 2187 2865 doquidem
2222 2793 2484 2851 Dominus
2512 2796 2899 2868 omnipotentis
2933 2799 3027 2855 Dei
3077 2801 3359 2871 apostolus
3400 2804 3468 2859 ad

1898 2884 2155 2942 Hebraeos
2201 2886 2404 2942 missus
2441 2884 2639 2951 fuerat,
2675 2903 2786 2958 prae
2828 2889 3097 2965 modestia
3125 2890 3346 2959 Paulus,
3381 2902 3468 2951 ut-

1895 2984 2022 3050 pote
2052 2977 2145 3048 qui
2177 2978 2241 3033 ad
2280 2986 2469 3050 gentes
2507 2987 2626 3035 erat
2659 2979 2922 3051 directus,
2954 2981 3304 3041 Hebraeorum
3335 3000 3469 3057 apo-

1897 3071 2098 3130 stolum
2133 3075 2193 3128 se
2219 3072 2444 3128 minime
2470 3072 2722 3128 inscribit
2752 3092 2764 3127 :
2791 3081 2906 3129 tum
2929 3075 3000 3131 ob
3027 3093 3184 3134 suam
3211 3095 3340 3152 erga
3360 3080 3468 3137 Do-

1897 3163 2105 3219 minum
2155 3163 2540 3229 reverentiam,
2577 3171 2690 3219 tum
2742 3165 2889 3236 quod
2936 3182 3004 3224 ex
3044 3169 3342 3228 abundanti
3396 3174 3466 3230 ad

1896 3253 2151 3311 Hebraeos
2182 3257 2300 3326 ipse
2330 3255 2571 3328 gentium
2601 3271 2779 3328 praeco
2826 3265 2880 3314 et
2932 3263 3213 3332 apostolus
3265 3265 3468 3322 scribe-

1897 3360 2001 3405 ret.

1235 3463 1320 3518 Ea:
1341 3463 1520 3520 eodem
1543 3464 1698 3519 libro.
1733 3495 1803 3504 —
1829 3463 2033 3521 Ibidem
2069 3467 2228 3532 paulo
2261 3477 2398 3535 post.

295 3579 402 3634 Τοῦ
431 3581 636 3654 Πέτρου
668 3584 901 3656 δημοσία
928 3584 986 3636 ὲν
1025 3583 1211 3658 Ῥώμῃ
1234 3581 1563 3657 κηρύξαντος
1590 3583 1681 3637 τὸν
1707 3583 1790 3636 λό-

1966 3584 2102 3640 Cum
2137 3583 2332 3642 Petrus
2366 3585 2420 3639 in
2459 3585 2592 3642 urbe
2626 3585 2800 3641 Roma
2827 3587 3051 3643 verbum
3103 3588 3197 3645 Dei
3247 3591 3463 3662 publice

214 3690 337 3742 γον,
375 3674 468 3726 καὶ
513 3673 788 3745 Πνεύματι
833 3673 895 3728 τὸ
946 3675 1272 3745 Εὑαγγέλιον
1313 3675 1637 3743 ἐξειπόντος,
1669 3675 1795 3738 τοὺς

218 3765 496 3834 παρόντας
539 3765 763 3830 πολλοὺς
807 3766 965 3830 ὄντας
1010 3766 1384 3839 παρακαλέσαι
1426 3766 1517 3818 τὸν
1547 3765 1792 3838 Μάρκον,

214 3857 301 3922 ὡς
328 3857 394 3911 ἂν
425 3857 858 3928 ἀκολουθήσαντα
894 3858 1040 3930 αὐτῷ
1078 3859 1359 3932 πόρρωθεν
1389 3858 1484 3912 καὶ
1515 3857 1794 3929 μεμνημέ-

214 3966 315 4002 νον
343 3948 450 4002 τῶν
478 3950 793 4022 λεχθέντων,
823 3951 1132 4023 ἀναγράψαι
1174 3949 1244 4004 τὰ
1294 3949 1587 4022 εἰρημέναο
1637 3949 1795 4020 ποιή-

217 4057 392 4096 σαντα
433 4041 490 4095 δὲ
530 4043 592 4096 τὸ
635 4043 981 4112 Εὑαγγέλιον,
1017 4043 1334 4115 μεταδοῦναι
1374 4044 1486 4107 τοῖς
1521 4040 1791 4113 δεομένοις

215 4132 590 4204 αὐτοῦ.”οπερ
635 4135 922 4203 ἐπιγνόντα
963 4136 1053 4189 τὸν
1100 4136 1326 4207 Πέτρον,
1380 4133 1790 4206 προτρεπτικῶς

217 4225 360 4296 μήτε
388 4223 624 4278 κωλῦσαι
649 4227 785 4298 μήτε
815 4226 1216 4298 προτρέψασθαι
1237 4244 1251 4256 ·
1273 4225 1364 4280 τὸν
1398 4225 1578 4298 μέντοι
1611 4225 1794 4279 Ἰωάν-

213 4333 320 4386 νην
367 4315 608 4386 έσχατον,
662 4317 938 4372 συνιδόντα
978 4320 1060 4372 ὅτι
1106 4318 1176 4372 τὰ
1221 4317 1504 4389 σωματικά
1561 4318 1619 4372 ὲν
1679 4320 1793 4382 τοῖς

213 4406 570 4474 Εὐαγγελίοις
598 4408 911 4481 δεδήλωται,
942 4410 1318 4483 προτραπέντα
1363 4410 1468 4466 ὑπὸ
1509 4410 1615 4464 τῶν
1647 4427 1788 4480 γνω-

218 4498 416 4571 ρίμων,
435 4501 709 4574 Πνεύματι
737 4503 1148 4576 θεοφορηθέντα,
1170 4504 1534 4576 πνευματικὸν
1559 4503 1781 4576 ποιῆσαι

213 4590 564 4661 Εὐαγγέλιον.

1891 3677 2265 3750 prmdicasset,
2293 3684 2348 3732 et
2378 3675 2584 3748 Spiritu
2641 3687 2829 3734 sancto
2861 3679 3073 3736 adlatus
3110 3681 3461 3754 Evangelium

1891 3769 2311 3840 promulgasset,
2348 3770 2503 3824 multi
2533 3770 2624 3839 qui
2658 3769 2886 3826 aderant
2916 3768 3156 3826 Marcum
3189 3773 3459 3830 cohortati

1891 3869 2038 3927 sunt,
2070 3869 2259 3932 utpote
2287 3861 2380 3931 qui
2425 3860 2645 3916 Petrum
2673 3861 2994 3932 jamdudum
3039 3873 3278 3920 sectatus
3323 3866 3462 3923 fuis-

1890 3961 1992 4016 set,
2027 3960 2082 4008 et
2111 3952 2257 4008 dicta
2282 3952 2402 4023 ejus
2431 3952 2690 4009 memoria
2721 3960 2948 4019 teneret,
2982 3965 3042 4010 ut
3065 3971 3188 4025 quae
3220 3957 3288 4012 ab
3327 3972 3462 4028 apo-

1891 4043 2032 4097 stolo
2071 4041 2363 4113 pradicata
2400 4049 2556 4097 erant
2604 4043 2994 4100 conscriberet.
3031 4043 3246 4099 Marcus
3293 4045 3460 4116 Igitur

1890 4131 2240 4203 Evangelium
2266 4132 2592 4204 composuit,
2623 4133 2799 4204 iisque
2829 4131 2937 4204 qui
2961 4133 3094 4188 illud
3117 4134 3186 4188 ab
3219 4134 3339 4204 ipso
3368 4149 3460 4189 ro-

1887 4225 2088 4295 gabant
2114 4223 2391 4294 impertiit.
2418 4223 2573 4290 Quod
2602 4240 2726 4280 cum
2750 4223 2946 4280 Petrus
2961 4225 3339 4295 comperisset,
3357 4240 3458 4282 nec

1887 4314 2166 4386 prohibuit
2190 4314 2415 4370 omnino
2447 4331 2560 4372 rem
2591 4315 2727 4379 fieri,
2762 4331 2862 4370 nec
2895 4325 2955 4370 ut
2987 4315 3159 4380 ﬁeret,
3186 4315 3453 4370 incitavit.

1885 4407 1955 4459 At
1999 4403 2239 4462 Joannes
2289 4406 2531 4461 omnium
2581 4415 2912 4477 postremus,
2967 4421 3092 4462 cum
3146 4407 3352 4463 videret
3398 4410 3453 4464 iu

1887 4497 2164 4569 (aliorum)
2182 4499 2488 4570 Evangeliis
2512 4513 2597 4564 ea,
2615 4515 2736 4570 qua:
2762 4499 2830 4554 ad
2861 4514 3064 4569 corpus
3091 4498 3295 4555 Christi
3327 4515 3454 4570 per-

1887 4589 2082 4655 tinent,
2117 4589 2318 4644 tradita
2347 4605 2491 4654 esse,
2519 4591 2636 4660 ipse
2667 4590 2853 4646 divino
2879 4588 3088 4663 Spiritu
3109 4591 3320 4647 amatus
3341 4591 3453 4662 spi-

1885 4679 1991 4735 tale
2045 4680 2399 4753 Evangelium
2448 4681 2798 4738 familiarium
2830 4698 3055 4739 suorum
3089 4690 3280 4754 rogatu
3318 4695 3453 4736 con~

1885 4773 2122 4842 scripsit.

1787 4999 1845 5058 X

1470 5113 1629 5185 375
1665 5118 2156 5181 FRAGMENTA

988 5241 1079 5299 Ex
1110 5240 1449 5301 Clementis
1483 5244 1897 5308 Alexandrini
1930 5248 2094 5310 libro
2117 5251 2203 5310 De
2230 5249 2652 5312 Providentia.

1259 5360 1357 5429 Ap.
1391 5361 1450 5416 S.
1485 5362 1801 5432 Maximum,
1830 5367 1962 5438 Opp.
1998 5381 2037 5424 t.
2072 5368 2136 5430 Il,
2166 5387 2218 5440 p.
2256 5372 2376 5426 144.

285 5475 452 5530 Οὒσία
471 5476 616 5530 ἐστὶν
635 5475 726 5528 ἐπὶ
745 5475 898 5529 Θεοῦ.
927 5476 1056 5540 Θεὸς
1080 5478 1238 5531 οὐσία
1261 5477 1380 5531 θεία
1413 5480 1579 5543 ἐστὶν,
1607 5480 1774 5534 ἀΐδιόν

215 5585 268 5622 τι
293 5570 384 5624 καὶ
411 5569 661 5640 ἄναρχον,
693 5567 976 5639 ἀσώματόν
1021 5587 1082 5626 τε
1120 5570 1212 5622 καὶ
1255 5570 1648 5640 ἀπερίγραφον,
1680 5574 1773 5626 καὶ

1953 5484 2266 5542 Substantia
2297 5489 2349 5542 in
2378 5487 2488 5542 Deo
2511 5497 2613 5544 est.
2641 5489 2782 5544 Deus
2807 5488 2989 5542 divina
3011 5488 3317 5544 substantia
3340 5496 3446 5555 est.

1879 5578 2265 5647 sempiternum
2319 5579 2522 5650 aliquid
2573 5579 2860 5650 omnisque
2921 5580 3174 5651 principii
3230 5598 3446 5652 expers,

215 5661 320 5715 τῶν
360 5661 524 5714 όντων
570 5660 757 5715 αἴτιον.
792 5660 958 5714 Οὐσία
1001 5662 1116 5713 ἐστὶ
1165 5661 1224 5713 τὸ
1255 5660 1322 5714 δι’
1353 5661 1474 5714 ὅλου
1505 5648 1768 5732 ὑφεστιὸς.

1901 5681 2372 5744 ncorporcumque
2425 5677 2478 5725 et
2529 5670 3094 5745 incircumscriptum,
3149 5688 3212 5728 ac
3270 5688 3451 5728 rerum

289 5820 347 5878 ᾖς
391 5813 450 5867 Ρ.
475 5749 710 5885 me:
737 5831 850 5886 seq.
891 5815 997 5870 El).
1042 5815 1343 5884 POTTER,
1378 5818 1601 5885 passim.
