3964 6312
261 359 354 418 761

1600 354 2038 415 FRAGMENTA.

3398 350 3508 407 76?.

250 459 444 556 ﬁniit)
476 478 566 537 τὸν
611 480 806 554 μόσχον
824 481 1026 547 δίδωσι,
1048 479 1145 535 καὶ
1176 479 1382 548 θύεται,
1407 482 1501 537 καὶ
1531 479 1820 555 τρώγεται·

1939 487 2018 535 tur
2038 488 2086 534 et
2105 477 2429 535 comeditur.
2453 474 2571 532 Non
2589 475 2939 534 accedentem
2963 483 3140 532 autem
3158 473 3501 548 persequitur

250 576 382 641 τοὺς
423 574 480 630 δὲ
507 574 582 648 μὴ
613 574 935 647 προσιόντας
963 571 1147 628 διώκει
1174 574 1269 628 καὶ
1310 573 1699 647 ἀποκηρύττει,
1734 574 1827 625 καὶ

249 667 631 739 ἀλκιμώτατος
652 666 851 740 ταῦρος
882 666 1214 738 εὑρίσκεται·
1237 665 1324 720 διὰ
1350 665 1457 741 γὰρ
1495 668 1557 721 τὸ
1603 666 1829 738 μέγεθος

249 760 350 815 καὶ
394 760 493 833 τὴν
526 759 779 832 ἀνδρείαν
811 758 1055 812 λέλεκται
1082 758 1209 829 περὶ
1244 758 1430 825 αὐτοῦ,
1450 758 1541 826 Ὠς
1562 757 1709 823 δόξα
1729 775 1831 828 μο-

245 853 579 925 νοκέρωτος
631 852 809 921 αὐτῷ.
852 852 983 925 Ὁρᾷ
1024 851 1080 906 δὲ
1112 850 1273 907 αύτὸν
1323 853 1418 905 καὶ
1472 853 1502 905 6
1546 851 1829 923 προφήτης

255 944 571 1000 ’Λϐδακοὺκ
601 940 1085 1018 κέραςιφοροῦντα,
1116 942 1211 995 καὶ
1238 940 1331 995 τὸν
1358 941 1689 1014 ἀμυντήριον
1714 940 1829 1013 ᾄδει

243 1032 472 1110 τρόπον·
509 1036 740 1107 Κέρατα
762 1036 832 1090 ἐν
858 1032 1072 1107 χερσὶν
1100 1030 1307 1087 αὐτοῦ.
1338 1032 1437 1086 Διά
1458 1031 1616 1087 τοῦτο
1638 1033 1729 1087 καὶ
1769 1030 1830 1085 τὸ

247 1131 480 1201 σημεῖον
527 1129 797 1183 δείκνυσιν
829 1127 993 1183 αύτοῦ
1024 1125 1126 1199 τὴν
1164 1124 1391 1197 δύναμιν
1430 1125 1524 1180 καὶ
1558 1125 1654 1198 τὴν
1682 1125 1830 1193 ἐξου-

246 1221 399 1284 σίαν,
446 1220 782 1294 ἑκατέρωθεν
841 1221 1038 1293 μᾶλλον
1091 1220 1149 1275 δὲ
1204 1218 1538 1289 πανταχόθεν
1602 1219 1698 1272 καὶ
1743 1216 1831 1271 διὰ

244 1310 472 1365 πάντων
507 1309 759 1382 διήκοντα
788 1310 856 1364 τὰ
886 1310 1114 1384 κέρατα.
1160 1308 1606 1382 Ἐνδυναμοῦνται
1638 1307 1694 1362 δὲ
1737 1306 1829 1362 οὖ-

242 1416 363 1465 τως
393 1401 443 1454 οἱ
479 1400 765 1466 ἐσθίοντες,
798 1401 891 1456 καὶ
915 1400 1180 1473 τοσαύτην
1198 1401 1351 1472 ἰσχὺν
1378 1400 1443 1454 ἐκ
1462 1399 1562 1472 τῆς
1594 1396 1830 1469 ζωτικῆς

244 1495 317 1547 ἐν
344 1493 554 1556 ἑαυτοῖς
584 1490 824 1563 ἰσχύουσι
861 1491 1086 1563 τροφῆς,
1120 1489 1248 1545 ὥστ’
1272 1490 1428 1544 αὐτοὶ
1466 1489 1560 1543 καὶ
1589 1489 1709 1542 κατ’
1739 1488 1829 1557 ἐχ-

246 1583 401 1658 θρῶν
426 1579 563 1639 εἶναι
585 1584 842 1658 καρτεροὶ
870 1584 964 1637 καὶ
995 1583 1276 1655 μονονουχὶ
1313 1582 1408 1636 τοῦ
1438 1580 1636 1654 ταύρου
1662 1579 1827 1653 κέρα-

248 1687 343 1724 σιν
388 1670 736 1744 ὠπλισμένοι.
789 1671 878 1736 Ὠς
928 1670 1096 1740 λέγει·
1145 1672 1241 1726 Ἑν
1271 1671 1369 1726 σοὶ
1411 1671 1552 1740 τοὺς
1577 1669 1826 1741 ἐχθροὺς

246 1761 427 1834 ἡμῶν
453 1764 852 1833 κερατιοῦμεν.

1932 575 2238 645 rejicitque,
2273 580 2327 628 et
2364 571 2786 628 robustissimus
2819 577 3013 625 taurus
3043 568 3332 639 reperitur.
3367 566 3506 623 Pro.-

1932 675 2052 737 pter
2094 664 2525 735 magnitudinem
2568 662 2719 718 enim
2750 676 2814 716 ac
2841 661 3011 716 robur
3056 659 3263 714 dictum
3302 657 3372 713 de
3410 671 3502 724 eo,

1930 763 2075 833 quod
2107 762 2281 834 gloria
2312 761 2425 826 eius
2461 761 2531 816 sit
2561 759 2696 815 velut
2722 758 2994 814 unicornis
3025 769 3075 812 ει.
3105 754 3241 810 Nam
3289 762 3342 811 et
3369 769 3502 826 pro-

1931 855 2093 925 pheta
2145 853 2401 910 Habacnc
2453 868 2577 909 eum
2615 867 2786 907 cornu
2831 849 3096 906 ferentem
3127 848 3420 919 conspicit,
3447 852 3507 907 et

1931 945 2185 1003 vindicta:
2208 946 2329 1018 ejus
2360 944 2580 1005 modum
2613 943 2931 1009 decantans,
2951 939 3187 1006 Cornua,
3220 940 3418 1010 inquit,
3446 939 3506 994 in

1930 1037 2175 1093 manibus
2212 1037 2326 1108 ejus
2357 1034 2408 1092 1³.
2443 1035 2738 1107 Propterea
2769 1041 2823 1090 et
2852 1033 2958 1088 hoc
3011 1033 3228 1103 signum
3278 1030 3506 1086 denotat

1929 1130 2051 1201 ejus
2071 1129 2362 1201 potentiam
2390 1135 2444 1185 et
2465 1134 2789 1200 potestatem
2806 1139 3035 1181 :eornua
3050 1125 3194 1180 enim
3219 1123 3499 1194 utrinque,

1929 1222 2013 1277 vel
2036 1222 2218 1292 potius
2250 1234 2637 1291 usquequaque
2655 1217 2877 1275 feriunt.
2908 1215 3011 1282 Qui
3036 1230 3165 1270 vero
3188 1212 3501 1278 comedunt,

1930 1314 2006 1370 ita
2029 1312 2475 1376 corroborantur,
2495 1322 2548 1367 et
2574 1318 2753 1366 tantas
2780 1310 2927 1365 vires
2947 1324 3015 1364 ex
3038 1307 3253 1363 viviﬁco
3271 1305 3364 1361 illo
3380 1304 3506 1361 cibo
3567 1308 3575 1319 '

1932 1407 1989 1463 in
2021 1422 2080 1462 se
2133 1404 2376 1477 capiunt,
2428 1410 2487 1458 ut
2540 1412 2596 1459 et
2646 1410 2837 1457 contra
2884 1400 3135 1456 inimicos
3174 1398 3286 1453 sint
3337 1394 3503 1454 validi

1930 1507 1985 1555 et
2015 1506 2225 1553 tantum
2278 1511 2387 1552 non
2432 1502 2716 1550 taurorum
2759 1494 2954 1549 armati
2998 1493 3280 1550 cornibus.
3350 1490 3507 1547 Unde

1932 1590 2007 1648 ait
2039 1610 2051 1645 :
2111 1589 2178 1645 In
2218 1599 2266 1645 te
2330 1589 2573 1644 inimicos
2609 1596 2820 1644 nostros
2861 1585 3229 1643 ventilabimus
3261 1600 3429 1643 cornu
3452 1593 3503 1642 ε.

328 1857 382 1911 3.
413 1855 731 1930 Εὐφροσύνη
764 1858 857 1912 καὶ
890 1859 1119 1931 συνῳδία
1152 1858 1245 1931 καὶ
1270 1859 1438 1933 χοροί·
1475 1858 1576 1914 κᾶν
1603 1859 1632 1913 ό
1662 1875 1830 1932 πρεσ-

1999 1858 2167 1931 378
2184 1857 2238 1914 3.
2265 1852 2634 1913 Laetitia'hinc
2654 1860 2710 1911 et
2733 1860 3037 1910 concentus
3059 1850 3343 1923 chorique,
3366 1865 3509 1923 aegre

246 1946 504 2019 ϐύτερος,
538 1949 566 2001 6
592 1946 861 2021 πάρεδρος
885 1950 973 2003 ἀεὶ
1023 1952 1115 2007 καὶ
1149 1950 1485 2023 καταπειθὴς
1526 1950 1605 2023 τῷ
1660 1950 1830 2023 πατρὶ

244 2037 532 2110 δυσχερῶς
581 2038 756 2111 φέρει,
808 2041 1076 2112 μηδέποτε
1136 2042 1235 2115 μὲν
1267 2042 1428 2106 αὐτὸς
1473 2041 1828 2114 ἐν’(ἀσωτίᾳ)

252 2128 395 2201 μηδὲ
442 2129 501 2183 ἐν
557 2128 801 2200 διαχύσει
853 2131 1167 2203 γινόμενος,
1241 2132 1719 2206 μεμακαρισμένον
1772 2131 1830 2185 δὲ

244 2218 398 2291 ὁρῶν
449 2220 539 2275 τὸν
586 2220 1017 2295 ἐκδεδικημένον.
1072 2224 1391 2298 Παρακαλεῖ
1444 2220 1536 2280 οὖν
1587 2225 1773 2281 τοῦτον
1803 2227 1832 2281 6

249 2310 460 2382 πατὴρ,
494 2310 683 2381 λέγων·
725 2311 962 2378 Τέκνον,
995 2314 1077 2369 σὺ
1103 2315 1360 2371 πάντοτε
1394 2317 1522 2389 μετ’
1568 2316 1713 2388 ἐμοῦ
1755 2313 1827 2372 εἷ.

252 2402 371 2455 Καὶ
402 2401 485 2465 τίς
521 2402 721 2474 μείζων
752 2404 1060 2478 εὐφροσύνη
1095 2408 1189 2461 καὶ⁸
1217 2407 1375 2482 ἑορτὴ
1409 2409 1503 2464 καὶ
1528 2411 1832 2484 πανήγυρις

252 2489 353 2544 τοῦ
394 2491 686 2557 διαπαντὸς
720 2497 955 2549 συνεῖναι
978 2496 1069 2550 καὶ
1110 2499 1444 2571 παρεστάναι
1476 2502 1569 2555 καὶ
1592 2500 1833 2577 λειτουρο

250 2585 376 2651 γεῖν
412 2583 489 2655 τῷ
528 2583 675 2657 Θεῷ;
721 2587 831 2641 Καὶ
863 2587 1059 2642 πάντα
1089 2588 1162 2643 τὰ
1208 2590 1318 2660 ἐμὲ
1351 2590 1432 2646 σά
1452 2592 1603 2647 ἐστι.
1635 2593 1832 2647 Μακά-

253 2694 378 2748 ριος
402 2676 459 2730 δὲ
490 2678 520 2729 6
546 2677 881 2751 κληρονόμος
907 2680 1001 2735 τοῦ
1032 2682 1190 2751 Θεοῦ,
1284 2685 1465 2758 πατὴρ
1482 2672 1778 2758 ἐκτήσατο·
1805 2686 1836 2739 6

250 2767 469 2834 πιστὸς,
511 2764 573 2825 οὗ
602 2772 708 2835 πᾶς
737 2772 883 2826 ἐστιν
915 2775 943 2828 ὁ
990 2774 1194 2846 κόσμος
1225 2775 1333 2829 τῶν
1365 2776 1680 2849 χρημάτων.
1716 2780 1835 2832 Εὐ-

250 2861 595 2931 φρανθῆναι
626 2862 695 2917 δὲ
725 2866 822 2919 καί
878 2865 1138 2936 χαρῆναι
1187 2868 1330 2934 ἔδει,
1387 2868 1476 2923 ὅτι
1509 2873 1543 2925 ό
1576 2869 1838 2941 ἀδελφός

248 2970 381 3011 σου
413 2951 587 3023 οὗτος
640 2957 855 3026 νεκρὸς
885 2955 983 3029 ἦν,
1018 2961 1117 3014 καὶ
1164 2960 1434 3030 ἀνέζησε.
1467 2963 1687 3036 Χρηστέ
1728 2964 1838 3019 Πά-

255 3065 381 3122 τερ,
411 3050 439 3104 6
470 3047 747 3119 ζωογονῶν
777 3050 848 3105 τά
870 3052 1069 3119 πάντα,
1099 3055 1127 3108 6
1159 3054 1388 3127 ἐγείρων
1422 3055 1547 3119 τοὺς
1590 3054 1836 3128 νεκρούςί

1930 1951 2139 2008 ferente
2175 1951 2304 2007 licet
2343 1948 2514 2005 fratre
2565 1946 2774 2018 majore
2802 1954 2954 2012 natu,
2985 1943 3080 2016 qui
3118 1944 3260 2014 patri
3290 1932 3510 2013 semper

1930 2044 2235 2101 adhaeserat
2256 2042 2418 2113 eique
2439 2041 2750 2111 obsequens
2774 2036 2975 2102 fuerat,
3024 2037 3344 2102 neutiquam
3378 2049 3511 2092 vero

1931 2138 2049 2209 ipse
2074 2136 2294 2208 ﬂagitiis
2321 2151 2381 2192 se
2408 2144 2463 2191 et
2502 2132 2826 2189 libidinibus
2866 2129 3112 2194 dederat,
3134 2128 3248 2200 jam
3277 2142 3407 2185 vero
3433 2126 3512 2184 vi-

1931 2231 2094 2287 debat
2122 2230 2378 2293 alterum,
2411 2241 2630 2301 poenam
2660 2224 2757 2296 qui
2808 2232 3105 2289 meruerat,
3136 2223 3295 2278 beate
3328 2236 3510 2295 agere.

1930 2322 2134 2382 Blande
2166 2322 2332 2395 igitur
2357 2321 2511 2376 illum
2541 2317 2885 2390 compellans
2934 2324 3110 2389 pater,
3141 2313 3271 2381 Fili,
3305 2314 3508 2386 inquit,

1935 2426 1990 2473 tu
2022 2431 2224 2486 semper
2280 2430 2483 2469 mecum
2539 2429 2616 2468 es.
2677 2410 2745 2466 Et
2788 2424 3036 2482 quamam
3086 2407 3266 2478 major
3320 2405 3511 2461 laetitia

1934 2508 2203 2567 festumve
2258 2514 2353 2562 aut
2389 2503 2705 2577 panegyris,
2757 2518 2920 2575 quam
2973 2515 3192 2572 semper
3240 2498 3434 2556 adesse
3457 2502 3514 2555 ct

1935 2602 2196 2658 assistere
2218 2598 2331 2656 Deo
2363 2598 2526 2669 eique
2555 2595 2857 2652 inservire?
2893 2592 2963 2648 Et
3009 2592 3190 2647 omnia
3224 2608 3344 2646 mea
3418 2599 3512 2646 tua

1934 2705 2078 2750 sunt.
2104 2693 2307 2749 Beatus
2331 2691 2424 2763 qui
2451 2690 2626 2746 haeres
2650 2696 2739 2745 est
2769 2687 2885 2755 Dei,
2916 2687 2974 2741 in
3007 2686 3170 2756 cujus
3198 2700 3332 2741 usus
3352 2682 3515 2739 Pater

1936 2795 2035 2836 sua
2064 2778 2309 2850 possidet
2334 2797 2350 2837 :
2381 2776 2586 2842 fidelis,
2623 2777 2784 2847 cujus
2812 2783 2898 2832 est
2921 2775 3208 2830 universus
3227 2788 3390 2845 opum
3414 2773 3515 2828 bo-

1937 2888 2242 2943 norumque
2293 2870 2554 2927 mundus.
2618 2868 2908 2924 Exsultare
2960 2877 3137 2921 autem
3187 2875 3238 2921 et
3286 2863 3516 2937 gaudere

1938 2962 2232 3037 oportebat,
2264 2962 2404 3035 quod
2433 2961 2604 3033 frater
2631 2962 2714 3015 hic
2760 2971 2881 3015 tuus
2910 2968 3150 3013 mortuus
3176 2967 3308 3026 erat,
3337 2965 3389 3013 τι
3432 2972 3521 3011 re-

1939 3060 2087 3115 vixit.
2129 3056 2280 3112 Bone
2307 3055 2495 3123 Pater,
2554 3054 2648 3126 qui
2696 3052 2946 3109 viviﬁcas
2970 3050 3173 3116 omnia,
3224 3059 3277 3105 et
3304 3046 3516 3109 excitas

251 3142 373 3197 Καὶ
398 3141 723 3210 ἀπολωλὼς
745 3139 860 3214 ἦν,
893 3144 992 3200 καὶ
1037 3146 1270 3215 εὑρέθη.
1305 3147 1605 3216 Μακάριος
1649 3147 1718 3202 δὲ
1765 3148 1835 3203 ὃν

1939 3148 2217 3207 mortuos!
2245 3147 2316 3203 Et
2342 3147 2580 3219 perditus
2623 3154 2761 3211 erat,
2813 3160 2876 3199 ac
2921 3151 3157 3213 repertus
3184 3150 3283 3197 est.
3315 3138 3515 3196 Beatus

245 3232 517 3300 ἐξελέξω
540 3274 554 3296 ,
609 3236 707 3290 καὶ
764 3236 1167 3305 προσελάὸου,
1220 3240 1313 3293 καὶ
1344 3237 1404 3293 όν
1457 3237 1698 3311 ζητήσας
1744 3241 1835 3294 εύ-

255 3327 492 3398 ρέσκεις.
521 3327 809 3397 Μακάριοι
841 3323 929 3384 ὧν
978 3330 1295 3401 ἀφέθησαν
1336 3335 1396 3387 al
1437 3334 1697 3404 ἀνομίαι,
1736 3335 1835 3389 καὶ

248 3416 348 3470 ὧν
377 3418 893 3489 ἑπεκαλύφθησαν
932 3424 991 3476 at
1051 3423 1346 3493 ἁμαρτίαι.
1408 3423 1566 3480 Ἀλλά
1628 3424 1689 3479 τὸ
1739 3424 1837 3498 μὲν

250 3513 543 3582 μετανοεῖν
566 3511 624 3579 ἐξ
663 3513 1072 3586 ἁμαρτημάτων
1095 3514 1453 3589 ἀνθρώπινον·
1486 3516 1582 3571 καὶ
1606 3516 1839 3587 γινέσθω

248 3604 421 3658 τοῦτο
452 3604 571 3676 μεθ’
611 3605 958 3679 ὑποστροφῆς
1012 3606 1266 3680 ἀσχέτου·
1296 3610 1326 3662 6
1374 3608 1484 3682 γὰρ
1521 3608 1596 3681 μὴ
1641 3607 1835 3674 οὕτως,

250 3695 711 3766 ὀνειδισθήσεται,
747 3698 830 3753 ὅτι
866 3698 942 3771 μὴ
993 3699 1052 3767 ἐξ
1110 3699 1239 3771 ὅλης
1291 3701 1541 3775 καρδίας,
1576 3702 1691 3757 ἀλλ’
1737 3705 1831 3760 ἐπὶ

252 3778 652 3840 σπεύδει“.Καὶ
679 3785 741 3841 τὸ
771 3789 1108 3856 καταφυγεῖν
1138 3787 1230 3841 ἐπὶ
1258 3787 1349 3847 τὸν
1387 3787 1836 3861 θεὸν,ἡμέτερον·

251 3876 523 3948 καὶπρὸς
556 3875 702 3931 τοῦτ’
729 3876 1089 3942 ἀδιαλείπτως
1150 3878 1246 3933 καὶ
1293 3879 1557 3943 συντόνως
1607 3876 1839 3947 ἐπειγώ-

254 3968 429 4045 μεθα.
463 3968 659 4035 Δεῦτε,
720 3969 831 4043 γὰρ
880 3969 1048 4040 λέγει,
1082 3971 1234 4043 πρὸς
1265 3971 1364 4042 μὲ,
1401 3970 1622 4039 πάντες
1642 3974 1699 4026 οἱ
1737 3988 1840 4026 κο-

251 4060 518 4128 πιῶντες
567 4062 668 4116 καί
743 4061 1204 4132 πεφορτισμένοι
1222 4103 1237 4129 ,
1296 4064 1458 4135 κάγὼ
1510 4064 1841 4121 ἀναπαύσω

255 4152 443 4223 ὑμᾶς.
487 4153 597 4207 Καὶ
637 4152 697 4207 τὸ
722 4153 930 4208 δεῖσθαι
986 4154 1079 4209 καὶ
1128 4154 1189 4208 τὸ
1232 4153 1670 4227 ἐξομολογεῖσθαι
1703 4156 1841 4229 μετά

255 4244 761 4319 ταπεινοφροσύνης
782 4245 1047 4301 ἑκούσιον.
1085 4246 1177 4302 Διὸ
1222 4247 1545 4303 ἐντέλλεται·
1579 4246 1729 4320 Λέγε
1757 4248 1841 4303 σὺ

255 4335 497 4409 πρῶτος
525 4336 631 4406 τὰς
660 4338 948 4408 ἁμαρτίας
996 4356 1134 4405 σου,
1187 4340 1287 4395 ἵνα
1336 4339 1666 4411 δικαιωθῇς.
1719 4342 1843 4396 Ἐπὶ⁹

256 4429 327 4484 δὲ
358 4429 565 4496 τούτοις
598 4431 759 4486 τίνων
818 4430 1140 4503 τευξόμεθα,
1193 4432 1288 4491 καὶ
1345 4433 1397 4489 τί
1429 4432 1685 4505 ἐσόμεθα,
1742 4434 1842 4505 οὐχ

263 4523 432 4605 ἡμεῖς
470 4523 674 4597 κριταί.

340 4613 395 4667 4.
426 4614 611 4679 Οὕτως
635 4614 711 4687 (7)
745 4614 857 4686 ἔχει
893 4617 985 4670 καὶ
1016 4616 1259 4689 ἀκριϐῶς
1285 4620 1318 4691 ἡ
1342 4616 1641 4691 παραϐολή·
1661 4617 1835 4676 τΗκεν

266 4710 303 4777 6_
331 4709 459 4772 παῖς
486 4709 515 4762 6
535 4708 812 4780 μετανοῶν
838 4709 974 4782 πρὸς
1000 4710 1091 4764 τὸν
1123 4710 1493 4783 εύσπλαγχνον
1524 4711 1757 4785 πατέρα,
1774 4711 1837 4766 οὐ

267 4798 444 4870 ταῦτα
468 4797 694 4862 ἐλπίσας
745 4799 897 4864 ποτὲ,
942 4798 1038 4871 τὴν
1069 4799 1260 4873 στολὴν
1291 4799 1388 4874 τὴν
1441 4799 1686 4874 πρώτην,
1745 4801 1841 4855 καὶ

265 4890 363 4945 τὸν
399 4890 699 4957 δακτύλιον,
742 4892 834 4946 καὶ
898 4891 967 4946 τά
1023 4892 1360 4965 ὑποδήματα,
1390 4892 1512 4947 οὐδὲ
1545 4891 1842 4963 γεύσασθαι

265 4981 366 5043 τοῦ
396 4983 598 5057 μόσχου
626 4982 720 5039 τοῦ
750 4986 1015 5051 σιτευτοῦ,
1048 4986 1167 5043 οὐδὲ
1212 4985 1453 5057 μεθέξειν
1479 4986 1837 5059 εὐφροσύνης,

265 5075 394 5143 οὐδὲ
423 5077 685 5149 συνῳδίας
716 5076 811 5132 καὶ
834 5078 1011 5149 χορῶν
1044 5077 1387 5134 ἀπολαύσειν·
1422 5077 1539 5133 ἀλλ’
1560 5078 1842 5152 ἀγαπητὸν

274 5168 377 5241 μὲν
397 5164 466 5241 ἦν
497 5169 647 5241 αύτῷ
674 5173 855 5242 τυχεῖν
885 5164 929 5238 ᾧ
963 5169 1116 5240 ὴξίου
1151 5170 1272 5225 καθ’
1303 5170 1497 5226 ἑαυτόν
1516 5186 1532 5202 ·
1577 5172 1843 5241 Ποίησόν

266 5279 367 5332 με,
402 5256 720 5333 βεϐούλευτο
755 5265 951 5329 εἰπεῖν,
1005 5263 1085 5330 ὡς
1107 5263 1215 5318 ἕνα
1246 5264 1367 5319 τῶν
1418 5265 1678 5335 μισθίων
1706 5282 1838 5321 σου.

270 5356 389 5428 Τὴν
446 5356 505 5410 δὲ
571 5355 965 5428 φιλοφροσύνην
1024 5353 1145 5409 ίδὼν
1209 5357 1703 5429 προύπαντήσασαν
1749 5355 1843 5411 τοῦ

345 5522 375 5565 ε
410 5508 570 5577 Num.
599 5527 754 5575 χχιιι,
784 5510 875 5567 22.
942 5511 970 5551 ι)
1011 5509 1215 5577 liabac.
1250 5526 1333 5577 ιιι,
1365 5512 1419 5567 4.

273 5597 352 5645 ιι,
383 5576 475 5637 28.
554 5582 580 5623 ⁸
620 5585 722 5639 lsa.
762 5597 915 5648 mu,
944 5576 1036 5637 26.

350 5700 426 5771 (7)
450 5703 648 5769 Οὕτως
675 5721 729 5757 κ.
766 5721 815 5757 τ.
848 5706 908 5757 .1.
944 5701 1060 5760 Huc
1082 5717 1254 5772 usque
1296 5702 1584 5759 Clemens:
1613 5718 1732 5773 quae
1755 5717 1844 5758 se-

276 5779 545 5840 quuntur.
575 5774 802 5827 alterius
831 5774 1017 5844 procul
1056 5773 1222 5828 dubio
1246 5780 1373 5829 sunt
1396 5774 1658 5833 auctoris.
1686 5773 1843 5841 cujus

279 5857 479 5897 nomen
507 5844 687 5901 scriba
735 5845 787 5900 in
822 5845 1061 5915 margine
1107 5857 1376 5923 apponere
1428 5846 1676 5918 neglexit.
1709 5844 1838 5899 Nam

1858 4514 1915 4577 D

1499 5521 1521 5550 ο
1564 5510 1708 5567 Psal.
1741 5526 1895 5578 xuu,
1919 5510 1972 5566 6.

1936 3256 2089 3312 quem
2133 3238 2359 3309 elegisti,
2397 3247 2447 3293 et
2492 3235 2835 3307 assumpsisti
2869 3232 2921 3303 δ,
2976 3248 3247 3305 quemque
3266 3245 3519 3303 quazrens

1936 3329 2166 3403 reperis.
2195 3329 2351 3385 Beati
2389 3345 2613 3401 quorum
2654 3327 2888 3383 remissa:
2945 3334 3070 3380 sunt
3110 3323 3439 3396 iniquitates,
3465 3329 3517 3376 et

1937 3438 2160 3494 quorum
2209 3404 2347 3479 tecta
2400 3428 2523 3475 sunt
2570 3428 2787 3491 peccata
2856 3429 2904 3474 θ.
2969 3414 3076 3471 Sed
3117 3414 3443 3485 resipiscere
3484 3427 3519 3467 a

1938 3512 2205 3585 peccatis,
2241 3510 2481 3567 hominis
2508 3517 2595 3566 est
2625 3526 2639 3561 :
2671 3509 2838 3580 idque
2887 3506 2983 3561 fiat
3050 3520 3161 3560 non
3210 3501 3516 3559 revocanda

1938 3606 2315 3664 conversione.
2356 3603 2494 3659 Nam
2520 3603 2615 3674 qui
2640 3602 2747 3657 hoc
2777 3615 2889 3656 non
2936 3599 3091 3662 facit,
3126 3595 3420 3669 ignominia
3444 3593 3523 3649 af-

1940 3698 2172 3765 ficietur,
2210 3696 2469 3771 quoniam
2515 3710 2628 3751 non
2659 3708 2727 3750 ex
2771 3698 2888 3749 toto
2916 3691 3127 3757 animo,
3158 3689 3254 3747 sed
3288 3704 3386 3760 per
3413 3688 3519 3743 im-

1939 3803 2128 3868 petum
2158 3791 2320 3850 modo
2348 3790 2532 3848 rediit.
2562 3789 2676 3846 Nos
2704 3787 2862 3844 decet
2885 3786 2956 3843 ad
3000 3784 3171 3842 Deum
3201 3783 3514 3855 confugere.

1941 3886 2056 3944 Hoc
2082 3892 2347 3959 perpetuo
2373 3891 2428 3940 et
2460 3882 2681 3940 assidue
2736 3892 2986 3951 agamus.
3030 3877 3216 3932 Venite
3236 3875 3402 3936 enim.
3430 3874 3519 3928 iu-

1940 3978 2080 4053 quit,
2114 3977 2183 4033 ad
2216 3994 2297 4035 me
2347 3991 2523 4032 omnes
2550 3974 2641 4046 qui
2675 3970 2930 4028 laboratis
2977 3977 3028 4026 et
3066 3968 3270 4024 onerati
3291 3966 3441 4031 estis,
3465 3974 3517 4020 et

1939 4088 2033 4145 ego
2059 4070 2296 4142 reﬁciam
2327 4085 2417 4124 vos
2448 4065 2493 4123 ί.
2525 4064 2594 4120 Et
2642 4078 2839 4136 rogare
2864 4068 2940 4125 et
2974 4058 3223 4117 conﬁteri
3256 4074 3381 4115 cum
3412 4058 3518 4114 hu-

1941 4164 2193 4226 militate,
2218 4162 2272 4216 in
2299 4166 2490 4218 nostra
2519 4158 2801 4213 voluntate
2828 4153 3071 4226 positum
3100 4159 3203 4208 est.
3231 4149 3359 4208 Ideo
3380 4166 3520 4222 prte-

1942 4255 2113 4327 cipit:
2148 4253 2251 4310 Dic
2281 4263 2338 4308 tu
2395 4252 2542 4323 prius
2595 4257 2810 4320 peccata
2844 4257 2959 4313 tua,
3011 4254 3070 4300 ut
3114 4246 3429 4317 justiﬁceris
3468 4248 3516 4302 ε.

1943 4346 2152 4403 Exinde
2194 4352 2375 4401 autem
2402 4340 2903 4415 quidjeonsecuturi
2937 4346 2992 4395 et
3021 4338 3153 4409 quid
3184 4338 3376 4405 futuri,
3405 4355 3516 4394 non

1942 4454 2047 4496 nos
2069 4437 2283 4510 judices
2316 4450 2529 4492 sumus.

2011 4617 2069 4673 4.
2104 4615 2197 4671 Sic
2222 4622 2477 4671 accurate
2510 4627 2570 4669 se
2596 4611 2762 4668 habet
2800 4612 3075 4683 parabolae
3105 4606 3521 4669 sententia:Ve-

1943 4709 2026 4764 nit
2052 4708 2195 4777 ﬁlius
2221 4706 2492 4779 pmnitens
2545 4705 2614 4760 ad
2660 4704 3071 4761 misericordem
3119 4713 3365 4775 patrem,
3409 4715 3519 4755 non

1945 4802 2040 4857 illa
2078 4816 2332 4874 sperans,
2362 4798 2601 4872 priorem
2663 4796 2860 4853 stolam
2910 4796 3283 4867 annulumque
3323 4799 3380 4849 et
3405 4790 3520 4847 cal-

1947 4899 2252 4958 ceamenta,
2286 4904 2466 4961 neque
2530 4888 2600 4945 de
2658 4887 2832 4942 vitulo
2890 4887 3139 4958 saginato
3161 4901 3221 4942 se
3245 4889 3522 4939 comestu-

1947 5000 2092 5047 rum,
2122 4998 2300 5054 neque
2331 4981 2535 5037 laetitia:
2584 4980 2831 5035 futurum
2884 4977 3224 5048 participem,
3266 4983 3361 5029 aut
3388 4988 3524 5028 con-

1949 5076 2203 5134 centibus
2225 5081 2280 5130 et
2324 5072 2511 5129 choris
2565 5086 2626 5128 se
2668 5069 2987 5124 fruiturum.
3033 5064 3136 5121 Sed
3172 5064 3306 5119 illud
3359 5061 3524 5119 modo

1948 5166 2296 5226 desiderabat
2322 5165 2607 5234 consequi,
2643 5160 2787 5234 quod
2822 5157 2966 5229 apud
2990 5172 3050 5212 se
3103 5155 3346 5226 optabat,
3376 5153 3524 5210 vole-

1948 5265 2150 5334 batque
2178 5273 2373 5331 rogare
2409 5272 2425 5311 :
2489 5254 2600 5311 Fac
2628 5272 2710 5310 me
2738 5254 2878 5309 sicut
2902 5266 3065 5309 unum
3097 5248 3161 5303 de
3186 5245 3524 5303 mercenariis

1953 5357 2079 5410 tuis.
2120 5353 2260 5410 Cum
2287 5366 2418 5408 vero
2450 5351 2750 5408 bonitatem
2802 5347 3009 5401 videret
3056 5341 3229 5414 patris
3268 5338 3374 5397 sibi
3399 5343 3529 5393 ante

2072 5509 2098 5550 δ
2139 5509 2285 5567 Psal.
2323 5523 2470 5573 utv,
2502 5507 2555 5562 5.
2673 5516 2695 5543 ο
2736 5501 2882 5558 Psal.
2944 5513 3096 5565 uxr,
3136 5515 3176 5552 ι.
3264 5495 3282 5535 ί
3329 5490 3523 5548 Matth.

1951 5716 2088 5759 nova
2120 5700 2368 5771 sequitur
2399 5694 2667 5766 expositio
2699 5691 3005 5771 parabolae;
3052 5704 3226 5771 eaque
3272 5692 3532 5771 certencst

1953 5755 2497 5825 au‘ctoris'memcnte
2524 5755 2865 5828 t'et'cnt'ioris,
2899 5763 3028 5834 quia
3054 5755 3323 5819 Novatum
3345 5758 3399 5811 in
3426 5755 3531 5809 line

1950 5844 2159 5907 refutat
2200 5841 2373 5901 Gnate.
