3964 6312
616 313 712 372 τη
1731 317 2124 373 CLEMENTIS
2162 319 2181 372 ἐ

2190 317 2626 374 lLEXANDnlNl
3684 323 3755 380 ττι

2003 460 2140 515 Ibid.
2167 479 2286 532 pag.
2314 463 2440 517 3M.

689 571 773 628 Sit
823 572 908 628 lex
938 572 1042 628 ista
1065 573 1380 638 constituta,
1411 574 1673 632 adversus
1701 593 1796 633 eos
1822 579 1913 648 qui
1934 593 2022 634 res
2050 594 2178 635 san-
2205 587 2252 641 Α

2205 587 2252 641 Α
2347 579 2529 650 Νόμος
2567 577 2706 631 ἔστω
2741 575 2882 629 κατὰ
2920 574 3026 629 τῶν
3066 575 3238 646 σεμνὰ
3269 574 3365 629 καὶ
3391 575 3501 630 θεῖα
3534 576 3587 629 οὐ
3611 580 3758 650 σεμνῶς

618 673 738 719 ctas
765 671 816 719 et
847 664 1082 727 divinas,
1123 679 1232 720 non
1271 675 1457 722 sancte
1485 675 1540 722 et
1575 676 1634 722 ut
1661 667 1770 723 Deo
1799 669 2021 740 dignum
2071 677 2176 735 est,

2283 671 2379 725 καὶ
2419 669 2736 744 θεοπρεπῶς
2773 669 2906 740 ὀρᾷν
2942 667 3256 734 ἀξιούντων,
3321 667 3542 722 κόλασιν·
3559 668 3760 744 ἐπιφέρειν

617 771 842 812 cernere
860 757 1105 828 cupiunt,
1121 771 1338 828 pmnam
1357 759 1618 816 caecitatis
1639 759 1857 817 inferre.

1000 765 1105 820 unt,
1121 771 1338 828 pmnam
1357 759 1618 816 caecitatis
1639 759 1857 817 inferre.
2191 753 2200 760 ’
2285 763 2565 835 ἀορασίας.

2017 899 2157 956 Ibid.
2198 918 2323 973 pag.
2363 901 2490 958 657.

684 1036 742 1092 In
785 1038 1102 1094 universum
1143 1036 1489 1093 Christianus
1528 1035 1863 1102 solitudinis,
1910 1036 2182 1092 secessio-

2359 1036 2600 1091 Καθόλου
2623 1036 2652 1099 ὁ
2673 1031 2996 1105 Χριστιανὸς
3014 1031 3247 1104 ἐρημίας
3273 1032 3367 1086 καὶ
3391 1031 3594 1103 ἡσυχίας
3611 1034 3681 1086 καί
3703 1052 3763 1102 γο-

618 1131 810 1201 nisque
833 1138 886 1186 et
915 1130 1325 1200 tranquillitatis
1353 1145 1417 1184 ac
1448 1129 1601 1201 pacis
1633 1130 1840 1184 amicus
1867 1135 1972 1184 est.

1693 1130 1840 1184 uicus
1867 1135 1972 1184 est.
2289 1127 2456 1200 λήνης
2481 1127 2574 1181 καὶ
2606 1126 2828 1199 εἰρήνης
2857 1123 3057 1188 οἰκεῖός
3087 1124 3258 1176 ἐστιν.

1131 1274 1213 1329 Ed
1243 1274 1446 1330 Catena
1481 1277 1536 1330 in
1562 1275 1977 1330 Pentateuchum
2006 1274 2196 1330 Latine
2222 1275 2366 1330 edita
2391 1292 2424 1329 a
2460 1273 2753 1330 Francisco
2782 1270 3044 1342 Zephyro,
3070 1286 3192 1342 pag.
3231 1268 3356 1324 146.

690 1415 899 1471 Nomen
943 1415 1072 1471 illud
1113 1418 1402 1488 mysticum
1437 1417 1581 1487 quod
1611 1426 1807 1472 vocant
1837 1417 2186 1489 Tetragram-
2288 1420 2544 1491 quoniam
2567 1418 2650 1475 sol
2670 1416 2829 1489 quasi
2849 1414 3232 1472 candelabrum
3259 1409 3443 1466 mundi
3473 1409 3650 1467 medius
3671 1410 3765 1467 inter

621 1517 836 1575 maton,
870 1525 978 1579 quo
1009 1516 1215 1564 tantum
1273 1510 1655 1565 muniebantur
1708 1510 1786 1564 illi
1816 1511 2014 1581 quibus
2052 1509 2187 1582 ady-
2294 1513 2429 1567 alios
2480 1511 2725 1582 planetas
2768 1507 2953 1563 divina
3013 1503 3283 1576 sapientia
3322 1503 3539 1558 libratus
3578 1518 3657 1558 sua
3688 1504 3766 1558 lucc

622 1608 735 1654 tum
784 1601 1029 1671 pervium
1081 1607 1233 1663 erat,
1284 1609 1444 1656 sonat
1492 1600 1768 1667 Jehovah,
1818 1601 1964 1672 quod
2017 1601 2188 1656 inter-
2295 1600 2609 1670 superiores
2635 1600 2834 1654 lustrat
2853 1603 2908 1653 et
2939 1595 3248 1652 inferiores.
3290 1592 3371 1646 Ad
3398 1593 3598 1647 alteram
3622 1601 3764 1662 partem

620 1690 993 1760 pretatur,qui
1021 1699 1098 1743 est
1126 1699 1174 1743 et
1202 1690 1291 1760 qui
1312 1691 1406 1742 erit
1432 1703 1450 1754 ;
1478 1689 1865 1744 candelabrum
1890 1703 2020 1744 vero
2041 1686 2187 1758 quod
2293 1693 2466 1764 ipsius
2493 1707 2600 1748 ara:
2629 1691 2804 1762 posita
2829 1696 2947 1747 erat
2976 1703 3187 1753 mensa,
3220 1688 3277 1741 in
3321 1701 3426 1756 qua
3453 1701 3602 1755 panes
3627 1699 3764 1754 propo-

623 1780 688 1834 ad
729 1781 1021 1836 australem
1045 1781 1254 1850 plagam
1287 1780 1500 1836 astabat
1521 1781 1731 1846 altaris,
1766 1789 1970 1852 septem
2001 1781 2185 1850 plane-
2217 1789 2262 1844 B
2288 1784 2577 1846 nebantur,
2599 1781 2746 1852 quod
2771 1795 2838 1836 ex
2868 1795 2931 1836 ea
2953 1787 3107 1852 parte
3132 1777 3259 1835 coeli
3287 1775 3448 1830 ﬂatus
3474 1775 3616 1830 nobis
3634 1774 3766 1828 vitales

622 1883 706 1928 tas
733 1873 1022 1935 referebat,
1054 1873 1146 1940 qui
1181 1873 1534 1928 meridianam
1567 1873 1844 1943 regionem
1885 1871 2185 1941 circumagi
2290 1883 2346 1931 et
2365 1873 2493 1930 almi
2522 1874 2789 1944 aspirant.

623 1965 781 2019 nobis
804 1965 1084 2022 videntur:
1101 1964 1188 2019 cui
1215 1964 1354 2021 terni
1373 1965 1626 2037 utrinque
1652 1965 1789 2020 rami
1822 1969 2185 2036 consurgunt,

2163 2103 2308 2119 κ

695 2198 1031 2270 Fragmenta
1052 2199 1156 2253 alia
1189 2198 1688 2270 exhibentCatena:
1707 2198 2011 2270 Grazcorum
2041 2196 2278 2270 Patrum-
2291 2193 2345 2270 in
2366 2190 2570 2270 Ιξουιέηι
2602 2190 3018 2270 Testamentum,
3041 2184 3405 2270 quaspronii
3431 2184 3494 2267 ad
3509 2170 3759 2270 iidem-codd.

637 2285 769 2325 mss.
806 2256 978 2324 Edidit
1006 2269 1053 2324 ι.
1095 2271 1160 2326 Α.
1195 2271 1420 2325 Cramer
1444 2269 1500 2325 s.
1544 2270 1607 2325 T.
1640 2269 1701 2325 Ρ.
1738 2269 1920 2338 (leto,
1957 2270 1990 2323 8
2019 2269 2128 2339 vol.
2161 2268 2224 2339 in
2252 2264 2349 2339 sn).
2377 2260 2738 2339 En.Pm.—_
2761 2256 3152 2339 Tomo_l_ll,qui
3183 2259 3442 2339 Catenam
3475 2257 3524 2310 in
3551 2256 3658 2339 Acta
3681 2268 3765 2339 apo-

641 2342 905 2395 stolorum
937 2341 1314 2410 complectitur
1345 2341 1458 2396 hmo
1490 2340 1557 2395 ad
1586 2356 1706 2412 cap.
1735 2329 1832 2408 vn,
1861 2329 2006 2397 vers.
2035 2338 2128 2404 24,
2157 2329 2544 2402 25,1eguntur,
2577 2346 2697 2403 qua:
2724 2332 2778 2386 in
2808 2331 3063 2402 operibus
3077 2329 3389 2384 Clementis
3418 2342 3519 2380 non
3540 2334 3732 2380 exstant:

693 2479 892 2535 Dicunt
921 2487 1100 2536 autem
1123 2488 1315 2552 mystae
1339 2481 1611 2555 [Moysen]
1632 2483 1800 2538 verbo
1819 2482 1939 2539 solo
1958 2496 2187 2553 percus-

2368 2474 2711 2545 Κλήμεντος
2729 2471 3135 2542 Στρωματέως.
3165 2470 3307 2524 Φασὶ
3325 2469 3384 2523 δὲ
3410 2468 3456 2522 οί
3485 2465 3649 2555 μύσται
3663 2455 3761 2530 λδγφ

626 2574 766 2629 sisse
809 2571 1149 2644 Egyptium,
1177 2574 1321 2630 sicut
1349 2584 1540 2647 postea
1569 2554 1625 2632 in
1652 2577 1882 2633 Actibus
1930 2583 2189 2631 narratur

2299 2569 2445 2640 μόνῳ
2476 2567 2682 2621 ἀνελεῖν
2712 2564 2804 2618 τὸν
2830 2565 3145 2633 Αίγύπτιον,
3177 2562 3369 2633 ὥσπερ
3399 2559 3571 2631 ἀμέλει
3609 2554 3763 2654 ὕστεριδ

627 2665 769 2728 illos,
801 2666 896 2736 qui
929 2667 1240 2722 celaverant
1271 2675 1478 2737 partem
1513 2667 1673 2738 pretii
1702 2668 1818 2739 agri
1873 2666 2184 2738 cujusdam,

2291 2661 2350 2714 ὲν
2376 2662 2514 2730 ,ταῖς
2551 2657 2816 2727 Πρὰξεσι
2854 2657 3097 2730 φέρεται,
3131 2656 3261 2719 τοὺς
3305 2656 3678 2722 νοσφισαμένους
3703 2661 3764 2739 της

625 2767 678 2813 et
707 2759 918 2818 mentiti
947 2767 1127 2824 erant,
1160 2736 1329 2816 verbo
1357 2736 1622 2832 [Petrum]
1656 2736 2020 2816 interemisse.

2291 2751 2459 2824 τιμῆς
2505 2750 2597 2804 τοῦ
2631 2749 2830 2822 χωρίου
2861 2748 2954 2802 καὶ
2996 2747 3394 2820 ψευσαμένους,
3430 2741 3561 2812 λόγῳ
3588 2736 3764 2793 ἀποκτιῖ-

1022 2927 1191 2983 Tomo
1228 2925 1318 2994 IV,
1350 2943 1406 2999 p.
1429 2927 1557 2994 291,
1593 2927 1648 2982 in
1677 2927 2021 2999 expositione
2053 2860 2406 3000 Epistolag'fd
2434 2929 2735 2997 Romanos,
2775 2944 2899 3001 cap.
2929 2941 3051 2992 vlu,
3079 2940 3230 2981 vers.
3265 2921 3337 2978 '58
3371 2936 3385 2972 :

699 3033 824 3092 Sive
871 3037 1036 3092 vitam
1087 3039 1286 3110 (inquit
1331 3038 1390 3095 S.
1437 3038 1663 3111 Paulus)
1735 3059 1857 3114 quae
1902 3047 2193 3114 prmsentis
2221 3053 2264 3116 ρ

2221 3053 2267 3116 C
2365 3043 2728 3114 Κλήμεντος.
2752 3043 2825 3096 Ἦ
2845 3042 3008 3113 ζωὴν,
3043 3041 3140 3112 τὴν
3169 3040 3317 3094 κατὰ
3341 3039 3429 3092 τὸν
3450 3034 3655 3106 παρόντα
3669 3030 3761 3101 βίον·

630 3129 892 3199 temporis
921 3138 1023 3194 est,
1053 3141 1108 3186 et
1140 3139 1372 3186 mortem
1409 3147 1528 3202 qua:
1563 3142 1972 3203 perseeutorum
2003 3135 2192 3192 furore

2293 3135 2388 3189 καὶ
2419 3133 2664 3199 θάνατον,
2697 3134 2789 3187 τὸν
2812 3133 2930 3187 κατ’
2959 3131 3230 3203 ἐπιφορὰν
3257 3131 3364 3183 τῶν
3383 3126 3670 3186 διωκόντων,
3699 3121 3763 3184 ἀτ-

626 3221 784 3274 ιτενὶι
807 3263 822 3288 ,
850 3220 967 3278 sive
995 3224 1218 3294 angelos
1239 3232 1294 3278 et
1320 3221 1664 3294 principatus
1695 3232 1749 3280 et
1779 3226 2032 3292 virtutes,
2061 3226 2191 3282 mis—

2296 3227 2489 3295 γέλους
2538 3243 2598 3279 τε
2650 3226 2746 3279 καὶ
2777 3224 2950 3296 ἀρχὰς
2999 3224 3096 3279 καὶ
3131 3223 3409 3295 δυνάμεις,
3435 3220 3498 3273 τὰ
3522 3207 3764 3272 amo-.0151

630 3325 724 3367 sos
753 3326 782 3366 a
811 3311 922 3370 Deo
959 3315 1211 3385 Spiritus.

1036 3316 1211 3372 iritus.
2299 3315 2601 3388 πνεύματα.

1459 3447 1523 3502 Et
1555 3446 1622 3501 ad
1663 3446 1910 3518 ejusdem
1934 3444 2187 3516 Epistula:
2211 3445 2406 3517 capitis
2443 3461 2475 3498 ι
2514 3457 2657 3498 vers.
2689 3441 2814 3519 ὄλ).
2845 3441 2948 3496 569
2983 3463 2996 3496 :

710 3571 776 3626 Et
802 3588 912 3628 non
943 3580 1360 3644 cognoscentes,
1401 3589 1578 3644 neque
1612 3572 1872 3629 facientes
1907 3575 2042 3646 legis
2065 3592 2193 3647 pro-

2367 3581 2730 3650 Κλήμεντος.
2763 3581 2873 3636 Καὶ
2892 3581 2966 3653 μὴ
2991 3581 3230 3651 γνόντες,
3269 3579 3400 3653 μηδὲ
3445 3577 3711 3646 ποιήσαντες
3727 3572 3765 3621 τὸ

629 3665 891 3734 positum,
931 3665 1316 3736 quodcumque
1363 3665 1471 3720 illis
1499 3666 1723 3736 placuit,
1754 3666 1859 3720 hoc
1886 3667 2060 3736 ipsum
2093 3683 2190 3722 vo-

2301 3673 2546 3744 βούλημα
2593 3673 2687 3726 τοῦ
2724 3673 2913 3744 νόμου,
2951 3674 2981 3726 ὃ
3023 3672 3296 3728 ὑπέλαϐον
3349 3670 3512 3733 αὐτοὶ,
3546 3664 3673 3720 τοῦτο
3706 3661 3765 3713 καὶ

628 3755 797 3810 luisse
836 3756 1007 3824 legem
1059 3755 1442 3820 crediderunt;
1494 3771 1670 3828 neque
1739 3757 1902 3812 etiam
1977 3767 2191 3814 ventura

2299 3765 2578 3835 βούλεσθαι
2615 3767 2706 3820 τὸν
2753 3767 2914 3839 νόμον
2941 3767 3218 3839 ᾠήθησαν.
3247 3768 3358 3820 Καὶ
3386 3764 3486 3819 οὐδ’
3513 3764 3578 3826 ὼς
3614 3772 3766 3830 προφη-

627 3847 1011 3917 pramuntianti
1069 3848 1432 3912 conﬁdernnt,
1474 3849 1668 3903 litterae
1721 3864 1849 3903 vero
1891 3857 1945 3904 et
2005 3850 2190 3907 timori

2293 3856 2500 3910 τεύοντι
2540 3857 2617 3928 τῷ
2661 3858 2810 3930 νόμῳ
2839 3858 3161 3912 ἐπίστευσαν
3181 3895 3198 3922 ,
3231 3855 3373 3930 λόγῳ
3397 3858 3450 3911 δὲ
3473 3853 3594 3925 ψιλῷ
3617 3848 3690 3904 καὶ
3709 3845 3766 3913 φά

629 3937 946 4001 servientes,
972 3951 1082 3990 non
1111 3937 1362 4007 spiritum
1390 3944 1444 3993 et
1475 3937 1632 3994 [idem
1660 3940 1833 3996 secuti
1864 3949 2011 3996 sunt.

2293 3946 2393 4016 6ῳ,
2421 3947 2532 4001 ἀλλ’
2564 3949 2624 4004 οὐ
2649 3949 2884 4004 διαθέσει
2907 3951 2999 4002 καὶ
3031 3950 3210 4002 πίστει
3233 3948 3593 4020 ἠκολούθησαν.

702 4074 882 4158 Tomo‘
903 4073 993 4158 Vl],
1023 4090 1076 4144 p.
1115 4073 1238 4158 3:85,
1266 4074 1320 4158 in
1352 4073 1555 4130 Catena
1581 4075 1636 4130 in
1667 4074 1838 4147 Epist.
1872 4076 1915 4131 ll
1947 4078 2012 4133 ad
2049 4077 2202 4148 Cor.,
2234 4083 2298 4138 ad
2323 4084 2436 4140 haac
2464 4089 2629 4143 verba
2657 4102 2802 4142 vers.
2859 4086 2924 4142 16
2957 4087 3152 4158 capitis
3177 4103 3208 4141 ν
3244 4105 3258 4142 :
3301 4087 3362 4140 Εἰ
3400 4085 3452 4138 δὲ
3477 4082 3561 4136 καὶ
3590 4073 3766 4145 ἐγνώκα-

631 4163 728 4218 μεν
754 4144 895 4199 me
922 4145 1101 4216 σάρκα
1124 4145 1376 4216 Χριστόν.

697 4256 760 4310 Et
789 4255 844 4310 in
874 4263 1106 4320 tantum,
1147 4255 1326 4326 inquit
1357 4255 1414 4310 S.
1450 4254 1676 4320 Paulus,
1710 4273 1872 4314 nemo
1895 4261 2073 4316 adhuc
2105 4279 2190 4318 se-

2361 4268 2473 4320 Kal
2510 4267 2783 4333 τοσοῦτον,
2826 4268 3010 4340 φησὶν,
3043 4268 3219 4331 οὐδεὶς
3261 4269 3342 4322 ἔτι
3371 4264 3500 4320 κατὰ
3531 4262 3673 4332 σάρκα
3703 4252 3763 4322 Ci.

626 4345 866 4401 cundum
927 4361 1147 4402 carnem
1192 4347 1357 4414 vivit,
1413 4348 1557 4417 quod
1621 4363 1730 4404 non
1775 4359 1861 4406 est
1922 4352 2056 4416 vita,
2092 4352 2188 4407 sed

2292 4360 2471 4431 ἐκείνη
2503 4359 2613 4431 γάρ
2654 4360 2754 4414 οὐκ
2799 4359 2913 4414 ἔστι
2955 4360 3087 4431 ζωὴ,
3123 4360 3259 4414 ἀλλὰ
3299 4348 3530 4421 θάνατος,
3555 4355 3622 4408 ὅτι
3665 4342 3763 4401 καὶὸ

626 4453 796 4502 mors,
829 4439 883 4494 in
920 4446 1185 4510 quantum
1239 4454 1343 4495 nec
1393 4439 1510 4511 ipse
1567 4440 1859 4498 Christus:
1906 4450 1966 4497 ut
2008 4444 2187 4513 palam

2225 4489 2267 4544 ι)
2295 4429 2551 4521 Χριστόςζ
2580 4429 2666 4504 ἵνα
2699 4451 2842 4524 δείξῃ
2873 4453 2955 4506 ὅτι
2987 4429 3218 4506 τὺῖκατὰ
3269 4452 3440 4523 σάρκα
3469 4437 3765 4544 (ﬁxo-tauris:-

628 4531 1021 4598 manifestaret,
1055 4532 1200 4604 quod
1246 4533 1370 4588 vitae
1419 4535 1716 4589 secundum
1761 4549 1984 4590 carnem
2021 4537 2193 4607 impo-

2225 4524 2266 4544 υ
2293 4559 2355 4596 το
2373 4559 2388 4572 '
2421 4542 2571 4608 πῶς;
2598 4543 2660 4596 οὐ
2683 4543 2744 4596 τὸ
2767 4543 2924 4614 σῶμα
2956 4544 3132 4613 ἀφεὶς,
3160 4543 3339 4612 ἄπαγε
3356 4560 3369 4573 ·
3403 4540 3510 4612 μετ’
3537 4530 3670 4590 αὑτοῦ
3691 4524 3763 4594 γὰρ

630 4624 832 4680 suisset
877 4623 1057 4680 ﬁnem.
1095 4623 1416 4691 Quomodo?
1441 4624 1560 4680 Non
1600 4639 1801 4696 corpus
1831 4641 2058 4690 exuens,
2090 4629 2188 4681 ab-

2294 4635 2413 4706 ῆξει
2453 4634 2528 4698 ὡς
2585 4635 2715 4688 ίδίου
2760 4636 2950 4707 κριτὴς
2997 4635 3276 4699 ἁπάντων,
3305 4633 3434 4688 ἀλλὰ
3463 4631 3558 4684 τῶν
3586 4617 3762 4695 φυσικῶν

623 4716 726 4770 sit!
754 4715 889 4771 Nam
917 4731 1039 4772 cum
1073 4717 1193 4788 ipso
1222 4718 1444 4788 proprio
1472 4732 1703 4787 corpore
1733 4733 1834 4773 suo
1883 4718 2064 4773 veniet
2091 4717 2188 4773 Ju-

2295 4726 2626 4796 ἀπαλλαγεὶς
2655 4727 2863 4791 παθῶν,
2895 4725 3006 4782 οἷον
3037 4729 3229 4798 πείνης
3256 4729 3349 4782 καὶ
3373 4725 3516 4795 δίψης
3541 4720 3619 4774 καὶ
3643 4715 3759 4768 ὕπνου

621 4809 724 4864 ἀει
755 4810 1020 4876 omnium;
1055 4810 1310 4865 omnibus
1341 4817 1521 4864 autem
1556 4808 1964 4865 inﬁrmitatibus
2000 4809 2183 4881 physio

2255 4889 2263 4897 .
2294 4819 2387 4871 καὶ
2419 4819 2608 4872 κάππ’
2627 4818 2723 4872 νῦν
2748 4818 2857 4891 γὰρ
2880 4819 3085 4882 ἀπαθὲς
3115 4819 3208 4874 καὶ
3235 4820 3497 4890 ἀκήρατον
3521 4813 3613 4882 ἔχει
3633 4803 3759 4897 stupi-

621 4901 702 4956 cis
765 4900 1071 4970 expeditus,
1140 4898 1282 4955 fame
1323 4899 1551 4966 scilicet,
1585 4900 1700 4966 siti,
1780 4915 1973 4956 somno
2025 4915 2088 4956 ac
2133 4891 2449 4964 lassitudine
2481 4925 2494 4959 :
2529 4921 2675 4962 nunc
2718 4909 2862 4962 enim
2904 4908 3239 4978 impassibile
3291 4915 3345 4965 et
3395 4902 3639 4960 doloribus
3685 4891 3760 4945 ίωο

619 5007 786 5048 mune
821 5007 1024 5064 corpus
1048 4993 1231 5049 habet.

689 5107 1158 5175 Quemadmodum
1185 5108 1327 5179 apud
1351 5123 1450 5164 nos
1468 5109 1768 5164 secundum
1791 5123 2014 5164 carnem
2042 5122 2186 5171 esse,

2362 5108 2572 5178 Ὥσπερ
2599 5103 2666 5178 ἦν
2693 5107 2819 5179 Heg.
2855 5107 3034 5179 ἡμῶν]
3065 5109 3128 5161 τὸ
3164 5109 3302 5162 κατὰ
3331 5107 3514 5178 σάρκα,
3539 5100 3634 5154 ἐστὶ
3656 5092 3757 5145 τὸέν

621 5199 822 5253 dicitur
847 5214 970 5255 esse
1001 5199 1056 5252 in
1090 5201 1359 5270 peccatis;
1407 5209 1461 5256 et
1487 5203 1607 5257 sine
1643 5202 1732 5256 his
1788 5215 1930 5265 esse,
1989 5197 2186 5254 dicitur

2287 5199 2700 5270 ἁμαρτίαις,καὶ
2718 5200 2777 5252 τὸ
2792 5198 2894 5263 ἔξω
2909 5199 3111 5252 τούτων
3132 5201 3192 5252 οὐ
3210 5199 3350 5253 κατὰ
3369 5197 3546 5270 σάρκα·
3568 5189 3678 5243 οὓτω
3693 5180 3757 5234 καὶ

619 5302 744 5343 esse
768 5293 899 5352 [non
938 5289 1236 5344 secundum
1290 5307 1510 5348 carnem
1575 5313 1588 5348 :
1651 5294 1727 5347 ita
1781 5306 2000 5360 quoque
2044 5288 2184 5359 apud

2188 5337 2189 5340 η
2288 5289 2521 5363 Χριστοῦ
2537 5291 2598 5343 τὸ
2619 5291 2760 5344 κατὰ
2776 5290 2971 5363 σάρκα,
2989 5291 3050 5344 τὸ
3068 5291 3234 5346 εἴκειν
3247 5295 3354 5356 τοῖς
3369 5286 3584 5358 φυσικοῖς
3596 5276 3753 5332 πάθεσν

619 5378 898 5433 Christum
927 5382 1224 5437 secundum
1253 5397 1472 5439 carnem
1509 5400 1631 5440 esse
1665 5381 1889 5447 dicitur,
1927 5381 2184 5435 naturali-

2186 5412 2188 5420 ·
2287 5383 2347 5435 τὸ
2379 5382 2453 5456 μὴ
2483 5383 2652 5437 εἴκειν
2678 5383 2734 5436 δὲ
2757 5383 2818 5436 οὑ
2840 5384 2979 5437 κατὰ
3004 5383 3199 5456 σάρκα.
3245 5383 3378 5436 Ἀλλ’
3395 5381 3580 5448 ὥσπερ.
3615 5365 3751 5438 φησιν,

621 5465 727 5520 bus
755 5467 954 5535 subjici
1013 5469 1416 5540 aﬂ’ectionibus;
1450 5490 1558 5529 non
1617 5472 1814 5542 subjici
1866 5489 2013 5537 vero,
2065 5489 2186 5528 esse

2185 5497 2188 5524 ι
2287 5477 2490 5538 ἐκεῖνος
2512 5475 2833 5548 ἀπηλλάγη,
2866 5473 3008 5529 οὕτω
3045 5475 3140 5530 καὶ
3191 5477 3363 5547 ἡμεῖς·
3403 5471 3590 5527 Οὐκέτι,
3617 5456 3750 5548 φησὶῄ

623 5572 732 5612 non
779 5558 1080 5616 secundum
1125 5579 1365 5619 carnem.
1419 5564 1524 5620 Sed
1569 5541 2025 5634 quemadmodum
2074 5563 2182 5627 ille,

2288 5564 2394 5620 εἷεν
2440 5541 2754 5641 ἐμπαθητὸν
2788 5541 2986 5639 σαρκί.
3020 5568 3176 5623 Οὕτω
3211 5541 3312 5624 καὶ
3355 5569 3382 5621 ὁ
3423 5563 3618 5632 Κλήμης
3649 5552 3693 5605 ἓν
3717 5541 3748 5598 δ

622 5649 820 5718 inquit,
849 5650 1109 5709 liberatus
1140 5667 1242 5720 est,
1286 5656 1368 5711 sic
1411 5665 1465 5713 et
1505 5673 1625 5713 nos.
1670 5654 1788 5710 Jam
1824 5671 1954 5721 non,
1984 5656 2182 5726 inquit,

1205 5667 1242 5720 t,
1286 5656 1368 5711 sic
1411 5665 1465 5713 et
1505 5673 1625 5713 nos.
1670 5654 1788 5710 Jam
1824 5671 1954 5721 non,
1984 5656 2182 5726 inquit,
2300 5658 2768 5715 Ὑποτυπώσεων.

617 5741 770 5796 carni
793 5741 1058 5813 subjectio
1085 5747 1173 5802 sit.
1201 5745 1293 5802 Sic
1321 5748 1572 5806 Clemens
1598 5749 1654 5803 in
1684 5759 1880 5818 quarto
1917 5747 2315 5820 Hypalyposeon
2348 5751 2505 5806 libro.
