3964 6312
1621 370 1752 426 FBA

1859 371 2058 428 ENTA.
3355 381 3459 438 774

207 505 466 630 τυΤῒῖιο
517 505 740 572 eodem,
784 522 836 578 p.
889 507 1026 573 591,
1071 508 1138 563 ad
1170 509 1282 564 haec
1313 510 1566 582 Epistolas
1627 511 1668 568 ll
1727 528 1752 566 a

264 594 346 630 ,ντ
411 614 424 628 ,

1856 515 1980 570 Cor.
2010 515 2207 586 capitis
2245 533 2329 581 vt,
2385 532 2529 574 vers.
2567 518 2626 571 11
2673 537 2684 570 :
2737 517 2800 570 'H
2830 517 3210 589 καρδὶαήμῶν
3242 517 3456 572 πεπλάο

214 366 331 423 775

286 694 553 766 Καθάπερ
600 695 707 768 γάρ
744 697 805 751 τὸ
849 697 1047 770 θερμὸν
1097 702 1342 773 εὑρύνειν
1385 702 1596 768 εῐωθεν,
1634 703 1752 758 οὔτε

1856 762 1860 770 ,
1954 706 2420 774 Quemadmodum
2460 707 2606 763 enim
2637 708 2801 763 ardor
2832 708 3065 763 dilatare
3103 707 3264 772 solet,
3297 707 3375 761 ita
3401 714 3456 763 et

207 789 312 844 καὶ
339 791 371 860 ἡ
403 790 620 862 ἀγάπη’
657 790 857 863 θερμὸν
885 793 991 866 γάρ
1014 811 1066 846 τι
1101 795 1290 866 χρῆμα
1331 798 1363 868 ἡ
1407 796 1626 868 ἀγάπη·
1653 797 1752 850 ὠσε

1889 799 2150 868 Charitas,
2184 814 2311 853 nam
2357 798 2600 855 Charitas
2642 807 2727 855 est
2777 799 2985 870 aliquid
3030 800 3263 867 ardens;
3293 801 3453 871 quasi

204 876 386 945 εἶπεν,
406 882 481 936 Ού
507 883 666 953 μόνον
705 885 951 955 στόματι,
985 884 1116 940 ἀλλά
1149 889 1244 940 καὶ
1274 888 1468 960 καρδίᾳ
1486 888 1645 959 φιλῶ,
1679 891 1752 944 κα

1887 893 2091 949 diceret
2119 909 2131 945 :
2157 890 2274 948 Non
2318 902 2527 948 tantum
2558 908 2673 959 ore,
2710 893 2805 950 sed
2838 895 3004 950 corde
3031 893 3220 966 diligo,
3253 902 3309 949 et
3335 908 3454 948 0m-

201 973 424 1037 πάντας
470 974 616 1028 ένδον
655 975 781 1046 ἔχω.
816 977 908 1030 Διό
935 995 1119 1049 φησιν,
1143 981 1249 1032 «υὺ
1269 982 1685 1053 στενοχωρεῖσθε
1723 984 1748 1036 ἐ

1886 1002 1983 1042 nes
2011 985 2065 1040 in
2095 992 2315 1056 pectore
2347 984 2542 1040 habeo.
2577 983 2920 1056 Quapropter
2951 986 3089 1040 dixit
3116 1004 3130 1041 :
3161 1004 3178 1037 ‹
3198 985 3317 1040 Non
3354 999 3452 1038 an-

199 1069 398 1138 ἡμῖν,ι
422 1067 513 1121 τοῦ
561 1069 722 1124 πόθου
753 1070 1069 1142 εὑρύνοντος
1119 1073 1283 1128 αὑτοῦ
1331 1073 1430 1146 τὴν
1458 1074 1667 1145 ψυχήν·
1702 1093 1752 1125 «τ

1885 1076 2203 1148 gustiamini
2245 1077 2300 1131 in
2344 1077 2526 1142 nobis,
2549 1097 2568 1130 ι
2601 1077 2868 1134 charitate
2899 1079 3018 1149 ipsa
3047 1079 3284 1132 animam
3315 1077 3453 1132 dila-

198 1160 408 1232 καρδία
445 1161 600 1232 ήμῶν
654 1163 1063 1219 πεπλάτυνται»
1128 1169 1208 1231 εἰς
1260 1167 1321 1220 16
1371 1167 1548 1222 πάντα
1571 1166 1752 1234 διδάξα

1882 1177 2034 1227 tante
2058 1189 2070 1225 :
2094 1187 2114 1222 ι
2141 1184 2239 1224 cor
2265 1178 2514 1228 nostrum
2545 1171 2831 1227 dilatatum
2859 1181 2965 1238 est,
2994 1193 3012 1225 ι
3055 1181 3113 1227 ut
3135 1173 3319 1228 omnia
3355 1188 3451 1228 vos

197 1253 381 1323 ὑμᾶς,
419 1255 572 1326 ὑμεῖς
603 1255 658 1308 δὲ
704 1274 722 1308 ‹
752 1258 1168 1331 στενοχωρεῖσθε
1203 1262 1262 1314 ἐν
1299 1263 1412 1324 τοῖς
1447 1259 1752 1331 σπλάγχνου

1881 1261 2149 1330 doceam,
2183 1279 2280 1318 vos
2335 1271 2517 1320 autem
2556 1284 2574 1316 ‹
2599 1266 2992 1338 angustiamini
3038 1268 3093 1322 in
3137 1267 3449 1322 visceribus

198 1345 385 1415 ὑμῶν,
409 1366 426 1399 ι
464 1348 760 1414 τουτέστιν,
797 1351 856 1404 ἐν
901 1353 969 1422 τῇ
1018 1351 1154 1424 πρὸς
1183 1351 1316 1407 Θεὸν
1347 1350 1557 1426 ἀγάπη,
1583 1347 1619 1426 ᾖ
1641 1353 1751 1421 ἀγα

1878 1355 2129 1421 vestris,»
2155 1357 2258 1411 hoc
2291 1366 2375 1413 est
2399 1359 2452 1411 in
2485 1358 2752 1413 charitate
2785 1359 3089 1415 secundum
3125 1358 3320 1424 Deum,
3341 1373 3448 1428 qua

200 1439 320 1508 πᾷν
355 1456 423 1508 με
463 1439 727 1510 ὀφείλετε.
757 1437 942 1508 Οῦτως
970 1446 1000 1497 6
1029 1445 1259 1517 Κλήμης
1292 1443 1350 1495 ἐν
1363 1444 1752 1517 τετάρτῳὙπο

1875 1463 1962 1503 me
2003 1463 2188 1504 amare
2239 1449 2470 1505 debetis.
2512 1449 2591 1506 Ita
2629 1449 2882 1508 Clemens
2927 1452 2984 1507 in
3020 1461 3216 1523 quarto
3269 1450 3449 1524 Hypo-
3531 1440 3540 1444 ”

195 1529 548 1593 τυπώσεων.

1885 1549 2132 1610 typoseon
2153 1541 2316 1597 libro.

283 1647 365 1732 Eg
391 1647 605 1732 Catena
627 1649 682 1704 in
703 1648 980 1732 Epistolas
1011 1647 1189 1732 Pauli,
1220 1660 1354 1710 tom.
1395 1651 1510 1720 VII,
1540 1669 1594 1725 p.
1621 1653 1749 1722 286,

1891 1655 2008 1711 huic
2036 1654 2291 1728 Epistola:
2321 1657 2387 1713 ad
2417 1656 2675 1716 Hebraeos
2702 1675 2744 1726 ι,
2771 1660 2798 1715 1
2831 1679 2844 1716 :
2877 1659 3207 1732 Πολυμερῶς
3234 1660 3329 1715 καὶ
3353 1677 3448 1714 πο·

195 1717 488 1790 λυτρόπως
512 1720 676 1774 πάλαι
704 1723 732 1774 6
751 1717 909 1787 “Θεός,
939 1739 993 1774 κ.
1028 1741 1075 1776 1.
1106 1723 1156 1780 λ.

271 1835 675 1905 Κλήμεντοςι.
710 1837 930 1911 Ἐπειδή
973 1856 1036 1909 γε
1071 1841 1178 1913 μὴν
1217 1843 1245 1895 6
1276 1841 1479 1914 Κύριος
1518 1843 1752 1898 Ἀπόστοη

1951 1843 2110 1915 381
2130 1843 2431 1901 Clementis.
2452 1847 2722 1914 Quoniam
2739 1848 2955 1919 quidem
2979 1847 3242 1904 Dominus
3256 1857 3448 1905 noster

190 1929 293 1992 λος
319 1927 394 1982 ῶν
423 1929 515 1982 τοῦ
537 1931 982 2002 Παντοκράτορος
1008 1931 1289 2004 ἀπεστάλη
1311 1933 1448 2005 πρὸς
1467 1934 1752 2006 Ἐϐραίους

1882 1935 2085 1992 missus
2109 1935 2284 1991 fuerat
2299 1940 2577 2009 apostolus
2593 1939 2661 1994 ab
2673 1938 3056 2010 Omnipotente
3077 1939 3145 1994 ad
3163 1938 3442 2008 Hebraeos,

188 2019 289 2072 διὰ
327 2020 654 2091 μετριότητα
684 2022 712 2073 6
748 2021 960 2088 Παῦλος
1017 2023 1118 2078 οὑκ
1158 2023 1424 2096 ἐγγράφει
1456 2026 1646 2080 ἐαυτὸν
1688 2027 1752 2079 Ἑ·

1883 2035 1980 2091 per
2011 2023 2334 2078 modestiam
2359 2024 2560 2080 Paulus
2583 2038 2692 2080 non
2719 2024 2938 2094 scripsit
2964 2028 3314 2096 semetipsum
3347 2029 3455 2085 He-

190 2109 407 2181 6ραίων
448 2110 785 2177 Ἀπόστολον,
817 2111 906 2167 διά
930 2113 1030 2185 τὴν
1053 2115 1192 2187 πρὸς
1223 2115 1314 2170 τὸν
1343 2115 1546 2188 Κύριον
1574 2117 1738 2189 τιμὴν

1881 2111 2149 2197 brzeorum
2176 2115 2506 2184 apostolum,
2525 2123 2586 2170 ut
2611 2114 2840 2172 Domino
2865 2117 3127 2173 honorem
3151 2119 3449 2190 legitimum

173 2203 288 2256 -διά
345 2219 405 2254 τε
459 2203 567 2255 τῶν
611 2202 781 2256 ἐθνῶν
829 2202 965 2258 εἶναι
1005 2205 1179 2278 κῆρυξ
1201 2207 1294 2261 καὶ
1344 2208 1752 2273 ’Δπόστολος,ἐε

1884 2201 2163 2270 tribueret,
2185 2212 2240 2258 et
2261 2205 2386 2274 quia
2410 2221 2584 2276 praeco
2602 2207 2818 2276 quidem
2837 2216 2890 2264 ct
2908 2209 3184 2278 apostolus
3211 2210 3453 2280 gentium

190 2295 516 2366 περιουσίας
547 2294 602 2348 δὲ
637 2296 936 2352 ἐπιστεῖλαι
968 2299 1062 2351 καὶ
1095 2301 1206 2363 τοῖς
1240 2298 1528 2372 Ἑϐραίοις.

1881 2298 2021 2357 erat,
2052 2305 2119 2347 ex
2150 2293 2482 2349 abundantia
2513 2307 2690 2350 autem
2717 2297 2935 2367 scripsit
2967 2298 3035 2353 ad
3069 2297 3348 2355 Hebraeos.

271 2431 446 2486 Tomo
462 2434 794 2511 _e_oder_n__sub
826 2437 1122 2511 Clem_entis
1148 2439 1368 2511 nomine
1395 2439 1677 2511 sequentia
1704 2438 2008 2511 fragmenta
2035 2438 2278 2511 reperire
2313 2446 2416 2493 est.
2457 2436 2699 2511 Primum
2743 2437 2888 2511 (pag.
2921 2432 3048 2511 426)
3092 2434 3250 2511 ing;
3280 2433 3441 2511 Κλή-

178 2520 428 2581 ίιειςτος,
461 2506 1240 2581 Ῐξίεγαλόᾶορος...Ϋ-Ρίεάα909ἱ
1287 2510 1382 2565 lib.
1433 2505 1559 2581 t,'c.
1589 2509 1643 2575 9,
1677 2527 1733 2565 n.

1856 2526 1874 2581 ί
1912 2509 2032 2565 des.
2081 2505 2142 2564 .”.
2180 2507 2692 2581 .__t'_)1:59a1:09avsiv,
2719 2505 2812 2560 καὶ
2836 2505 2896 2581 τὸ
2923 2505 3063 2581 κατά
3090 2507 3182 2560 τοῦ
3209 2505 3439 2581 θανάλτρυ

185 2574 560 2638 ἐπιδείξασθαι
587 2574 864 2646 τρόπαιον,
885 2579 1042 2634 aliter
1064 2574 1143 2634 ac'
1160 2574 1214 2636 in
1236 2581 1403 2637 edito.
1421 2574 1747 2652 Fragmentu

185 2644 304 2701 γάρ
340 2643 438 2701 Boi
480 2645 575 2698 καὶ
631 2644 726 2700 νῦν
761 2649 790 2701 6
828 2647 1055 2701 Κύριος.
1085 2669 1139 2701 κ.
1183 2669 1232 2701 τ.
1259 2650 1334 2701 λ.;
1364 2651 1588 2701 desinit.
1615 2659 1676 2701 ut
1706 2653 1752 2701 in

1856 2574 2060 2667 {lterum
2192 2579 2318 2658 4515)
2347 2574 2362 2634 Ξ
2388 2577 2732 2646 Κλήμεντος
2755 2575 2902 2644 πρὸς
2922 2579 3243 2645 Ἕλληνας.
3279 2575 3440 2656 Ἀλλά

1856 2659 1915 2701 ιι.
1952 2667 1965 2701 :
1998 2667 2073 2701 ωε
2139 2665 2304 2701 mou;
2332 2648 2779 2701 πεπιστευκότας.
2807 2646 3190 2701 Fratrmentum
3218 2654 3435 2701 tertium

185 2643 438 2720 γάρ-βοᾷ
480 2645 593 2720 καὶ·
626 2643 726 2700 νῦν
761 2649 790 2701 6
828 2647 1055 2720 Κύριος,
1085 2669 1139 2704 κ.
1183 2669 1232 2705 τ.
1259 2650 1334 2716 λ.;
1364 2643 1588 2716 desinit,
1615 2659 1676 2706 ut
1706 2653 1752 2705 in

1856 2651 1915 2720 it.
1952 2667 1968 2720 ξ
1998 2651 2073 2712 ὡς
2099 2643 2310 2718 Ἶησοῦς
2332 2643 2779 2720 πεπιστευκότας.
2796 2643 3192 2720 Fragmentum
3218 2647 3435 2720 tertium

303 2713 814 2796 490)ξΚλήμεντος
845 2713 1280 2801 πάιδαγπωγέως.
1315 2713 1686 2794 Πρωτόγονον,
1711 2739 1744 2774 κ

242 2799 383 2841 raace
405 2789 707 2841 sistendum
740 2787 1018 2842 duximus.

1872 2719 1922 2774 λ.
1952 2719 2011 2774 1n
2050 2713 2238 2776 multis
2262 2721 2330 2774 ab
2355 2720 2499 2775 edito
2523 2718 2734 2785 dill'ert;
2765 2713 3117 2788 quamobrem
3141 2717 3232 2771 hic
3246 2717 3438 2771 saltem

242 2799 383 2841 raace
405 2789 707 2841 sistendum
740 2789 1018 2846 duximus.

260 2899 608 2970 Κλήμεντος
650 2903 1100 2976 Παιδαγωγέως.
1141 2907 1490 2979 Πρωτόγονον
1531 2907 1593 2962 16
1629 2901 1768 2980 αἷμα
1871 2904 2196 2976 πνευμάτων
2222 2905 2271 2957 οἱ
2299 2904 2520 2976 ποιηταί
2549 2921 2712 2974 φασιν
2763 2903 3062 2957 ἀποπτύειν
3089 2903 3216 2967 ἁλὸς
3244 2902 3434 2974 ἄχνην·

177 2991 502 3063 εὑρίσκεται
541 2995 599 3047 ἐν
642 2993 936 3068 ἀνθρώπῳ,
963 2997 1120 3052 τοῦτο
1165 2997 1230 3071 δὴ
1261 2998 1323 3053 τὸ
1367 2993 1507 3071 αἷμα
1563 3002 1765 3071 φυσικῇ
1871 2995 2009 3068 πλὴν
2037 2994 2172 3049 ἀλλά
2199 2989 2338 3066 αἷμα
2367 2995 2482 3067 ἔχει
2520 2995 2620 3066 τὴν
2651 2995 2837 3049 οὑσίαν
2861 3013 2874 3026 ·
2907 2997 3083 3068 τούτῳ
3113 2996 3190 3068 τῷ
3224 2996 3434 3068 τρόπῳ,

179 3083 528 3154 ’τρεπόμενον
558 3084 743 3155 πέψει,
778 3088 1060 3160 κυησάσης
1087 3089 1189 3160 τῆς
1221 3091 1447 3162 μητρὸς,
1481 3090 1763 3161 φιλοστορ-
1864 3087 1959 3140 καὶ
1990 3087 2038 3138 οἱ
2069 3085 2304 3156 ποταμοὶ
2330 3084 2475 3156 ῥόθῳ
2505 3083 2814 3156 φερόμενοι,
2840 3086 2906 3154 τῇ
2933 3084 3182 3156 ἐπιλήψει
3205 3083 3301 3136 τοῦ
3331 3101 3433 3137 πε-

175 3174 287 3248 γεᾳ
320 3175 612 3246 συμπαθεῖ,
648 3176 860 3244 ἐξανθεῖ
885 3180 979 3233 καὶ
1011 3181 1280 3253 γηράσκει
1311 3182 1446 3254 πρὸς
1470 3183 1532 3236 τὸ
1561 3181 1762 3253 ἄφοϐον
1872 3175 2224 3249 ρικεχυμένου
2275 3175 2435 3248 ἀέρος
2471 3173 2791 3245 ξαινόμενοι,
2834 3174 3007 3246 ἀφρὸν
3073 3174 3433 3262 μορμύρουσιρ

175 3267 284 3320 ’τοῦ
313 3268 547 3322 παιδίου.
582 3269 690 3322 Καὶ
719 3270 834 3324 ἔστι
863 3272 960 3344 μὲν
993 3273 1092 3346 τῆς
1140 3275 1339 3345 σαρκὸς
1380 3275 1669 3347 ὑγρότερον
1701 3274 1761 3328 τὸ
1789 3328 1828 3348 η
1868 3268 1961 3320 καὶ
1988 3267 2049 3320 τὸ
2078 3266 2354 3337 ἐνστόμιον
2379 3267 2537 3338 ἡμῶν
2564 3265 2730 3338 ὑγρὸν
2753 3264 2830 3338 τῷ
2855 3265 3123 3348 πνεύματι
3149 3266 3403 3320 ὲκλευκαί
3421 3297 3434 3308 ι

179 3354 476 3431 αἷμα,οἷον
504 3361 646 3434 ὑγρά
667 3379 750 3426 τις
780 3359 915 3418 οὖσα
951 3363 1106 3436 σάρξ,
1135 3365 1228 3419 τοῦ
1254 3366 1309 3420 δὲ
1331 3367 1559 3439 αἵματος
1584 3383 1761 3422 νοστι-

172 3456 436 3528 μώτερον
474 3457 535 3510 τὸ
562 3456 702 3527 γάλα
731 3459 825 3512 καὶ
868 3457 1386 3532 λεπτομερέστερον.
1415 3459 1540 3514 Εἴτε
1562 3459 1670 3532 γάρ
1701 3459 1764 3513 16

181 3551 687 3623 ἐπιχορηγούμενον
710 3545 851 3624 αἷμα
877 3551 954 3623 τῷ
979 3552 1222 3624 ἐμϐρύῳ,
1254 3554 1348 3606 καὶ
1383 3553 1470 3606 διὰ
1508 3551 1758 3624 μητρὼου

179 3642 311 3696 ἐστὶ
331 3642 591 3714 πρότερον
619 3642 969 3714 πεμπόμενον
999 3643 1266 3714 ὀμφαλοῦ,
1286 3644 1395 3697 εἴτε
1415 3638 1481 3698 αὖ
1506 3643 1568 3696 τὸ
1591 3659 1760 3697 κατα-

181 3736 383 3807 μήνιον
428 3734 560 3788 αὑτὸ
608 3733 964 3788 ἀποκλεισθὲν
1017 3733 1117 3804 τῆς
1170 3733 1373 3798 οἰκείας
1413 3735 1585 3806 φορᾶς
1619 3732 1760 3788 κατὰ

181 3825 424 3898 φυσικὴν
455 3825 714 3897 ἀνάχυσιν
746 3829 944 3900 χωρεῖν
977 3825 1254 3880 κελεύεται
1304 3825 1440 3898 πρὸς
1485 3824 1576 3879 τοῦ
1625 3841 1758 3879 παν-

177 3920 387 3992 τρόφου
411 3920 500 3972 καὶ
528 3916 909 3990 γενεσιουργοῦ
930 3920 1023 3973 ἐπὶ
1048 3920 1174 3984 τοὺς
1197 3919 1625 3991 φλεγμαίνοντας
1655 3917 1754 3989 ἤδη

188 4012 450 4084 μαστοὺς,
481 4012 576 4064 καὶ
616 4011 722 4065 ὑπὸ
754 4011 1065 4083 πνεύματος
1110 4009 1485 4082 ἀλλοιούμενον
1528 4008 1754 4082 θερμοῦ,

187 4101 412 4174 ποθεινὴ
449 4102 768 4168 σκευάζεται
799 4103 875 4176 τῷ
907 4105 1084 4176 νηπίῳ
1128 4104 1322 4176 τροφὴ,
1346 4099 1483 4176 αἷμα
1506 4105 1568 4158 16
1599 4122 1756 4176 μετα-

181 4195 380 4249 ϐάλλον
427 4196 560 4250 ἐστί.
598 4195 849 4250 Μάλιστα
903 4196 1012 4268 γὰρ
1060 4195 1277 4251 πάντων
1326 4195 1502 4269 μελῶν
1559 4198 1755 4267 μαστοὶ

183 4283 494 4356 συμπαθεῖς
520 4285 724 4357 μήτρᾳ.
764 4283 932 4338 Ἐπάν
960 4280 1054 4338 οῦν
1085 4284 1230 4340 κατὰ
1256 4285 1382 4350 τοὺς
1405 4285 1598 4350 τόκους
1616 4286 1751 4339 ἀπο-

182 4377 364 4450 κοπὴν
411 4375 552 4450 λάϐῃ
582 4376 644 4429 16
670 4376 909 4446 ἀγγεῖον,
942 4375 1008 4430 δι’
1035 4368 1097 4430 οὗ
1140 4376 1278 4449 πρὸς
1328 4375 1414 4442 τὸ,
1438 4374 1671 4448 ἔμϐρυον
1692 4376 1754 4430 τὸ

184 4464 333 4541 αἷμα
374 4467 619 4540 ἐφέρετο,
650 4467 812 4540 μύσις
853 4467 948 4538 μὲν
967 4467 1171 4537 γίνεται
1202 4467 1296 4521 τοῦ
1337 4468 1528 4541 πόρου,
1567 4469 1666 4540 τὴν
1695 4467 1753 4522 δὲ

179 4562 364 4634 ὁρμὴν
390 4561 482 4615 ἐπὶ
511 4562 904 4632 τοὺςμαστοὺς
930 4561 993 4615 16
1025 4555 1164 4630 αἷμα
1191 4560 1475 4632 λαμϐάνει,
1505 4561 1597 4616 καὶ
1618 4561 1749 4615 πολ-

1863 3376 2034 3413 νεται.

1933 3451 2032 3514 Τίς
2061 3447 2154 3504 οὖν
2197 3452 2230 3521 ἡ
2273 3450 2675 3522 ἀποκλήρωσις,
2709 3451 2782 3522 μὴ
2814 3451 2932 3521 οὑχὶ
2961 3450 3138 3504 καὶτὸ
3171 3443 3310 3519 αἷμα
3340 3449 3430 3502 ἐπὶ

1859 3545 1921 3597 16
1955 3545 2348 3614 φωτεινότατον
2378 3545 2470 3597 καὶ
2511 3544 2828 3597 λευκότατον
2863 3544 2968 3596 ὑπὸ
2995 3543 3088 3596 τοῦ
3120 3544 3430 3614 πνεύματος

1858 3638 2156 3711 τρέπεσθαι
2182 3637 2488 3709 ὁμολογεῖν;
2513 3638 2712 3709 πάσχει
2741 3637 2797 3691 δὲ
2828 3637 2926 3708 τὴν
2959 3637 3262 3709 μεταϐολὴν
3285 3639 3429 3692 κατά

1859 3729 2118 3802 ποιότητα
2161 3731 2220 3784 οὑ
2259 3732 2382 3784 κατ’
2407 3729 2613 3784 οὑσίαν.
2655 3729 2870 3800 Ἀμέλει
2899 3729 3032 3798 γοῦν
3057 3729 3116 3782 οὑ
3147 3729 3428 3801 τροφιμὼ-

1856 3837 2012 3893 τερον
2044 3821 2172 3876 ἀλλο
2204 3821 2400 3892 τι,οὑδὲ
2437 3820 2542 3893 μὴν
2571 3820 2919 3892 γλυκύτερον,
2945 3820 3060 3874 ἀλλ’
3093 3820 3214 3874 οὑδὲ
3243 3820 3428 3874 λευκό-

1855 3931 2010 3986 τερον
2053 3912 2234 3987 εὕροις
2282 3913 2348 3968 ἂν
2385 3913 2671 3983 γάλακτος.
2699 3913 2881 3985 Πάντη
2915 3913 2970 3966 δὲ
3005 3913 3147 3966 ἔοικε
3169 3911 3327 3966 τοῦτο
3356 3916 3424 3984 τῇ

1856 4010 2202 4079 πνευματικῇ
2246 4008 2443 4078 τροφῇ,
2493 4006 2616 4076 ἥτις
2658 4006 2774 4058 ἐστὶ
2818 4005 3045 4073 γλυκεῖα
3071 4006 3189 4075 μὲν,
3220 4004 3306 4057 διὰ
3329 4005 3428 4076 τὴν

1853 4101 2032 4173 χάριν,
2090 4101 2356 4173 τρόφιμος
2405 4101 2462 4154 δὲ
2511 4099 2586 4164 ὡς
2623 4097 2758 4171 ζωὴ,
2803 4099 2966 4171 λευκὴ
3011 4099 3068 4152 δὲ
3111 4099 3184 4164 ὼς
3244 4100 3425 4172 ἡμέρα

1851 4191 2108 4266 Χριστοῦ.
2141 4193 2326 4264 Ταύτῃ
2356 4191 2534 4246 τοίνυν
2575 4191 2706 4264 περὶ
2735 4190 2834 4262 τὴν
2864 4191 3170 4262 ἀποκύησιν
3219 4195 3425 4247 οἰκονο-

1855 4284 2124 4357 μούμενον
2168 4282 2247 4356 τῷ
2302 4283 2492 4356 βρέφει
2542 4282 2603 4336 16
2657 4282 2796 4352 γάλα
2849 4286 3185 4355 χορηγεῖται.
3229 4285 3340 4337 Καὶ
3371 4287 3421 4338 οἰ

1855 4379 2048 4449 μαστοὶ
2093 4378 2142 4431 οῖ
2187 4377 2325 4440 τέως
2369 4376 2461 4430 τὸν
2521 4375 2689 4449 ἀνδρα
2745 4376 3196 4448 περιϐλεπόμενοι
3247 4377 3419 4451 ὀρθοὶ,

1850 4469 1949 4541 ήδη
1993 4467 2348 4523 κατανεύουσι
2386 4467 2525 4539 πρὸς
2565 4467 2626 4520 16
2669 4467 2897 4532 παιδίον,
2927 4468 3025 4540 τὴν
3058 4469 3164 4522 ὑπδ
3193 4470 3289 4540 τῆς
3321 4469 3422 4540 φύ-

1852 4577 1988 4625 σεως
2027 4559 2432 4631 πεπονημένην,
2480 4558 2746 4631 εῦληπτον
2793 4560 3054 4632 παρέχειν
3095 4559 3422 4632 διδασκόμεο

178 4653 283 4724 λῆς
306 4654 404 4724 τῆς
433 4652 1042 4726 ἐπιφορᾶς,γενομένης,
1070 4653 1438 4719 διατείνονται,
1457 4653 1551 4707 καὶ
1582 4671 1750 4724 μετα-
1783 4671 1826 4728 υ
1854 4671 1935 4707 νοι
1969 4652 2174 4726 τροφὴν
2219 4653 2298 4716 είς
2343 4653 2653 4723 ἀνατροφὴν
2700 4653 2973 4724 σωτηρίας
2991 4670 3003 4682 ·
3037 4653 3099 4706 οὑ
3123 4653 3231 4725 γάρ
3257 4653 3333 4716 ὡς
3363 4655 3420 4707 αἱ

176 4745 373 4800 ϐάλλει
399 4745 462 4798 16
487 4741 627 4815 αἷμα
657 4746 736 4809 είς
756 4745 916 4813 γάλα,
939 4745 1214 4815 ἀναλόγως
1242 4748 1308 4817 τῇ
1329 4745 1421 4799 ἐπὶ
1450 4746 1548 4817 τῆς
1575 4745 1744 4799 ἐλκώ-

178 4853 324 4900 σεως
373 4837 454 4899 εἰς
479 4833 616 4888 πῦον
641 4834 735 4888 τοῦ
787 4836 1016 4906 αἵματος
1045 4835 1332 4907 μεταϐολῇ.
1369 4837 1494 4890 Εῐτε
1529 4831 1595 4890 αὖ
1638 4837 1746 4890 ἀπὸ

172 4931 293 4985 τῶν
330 4931 387 4982 ἐν
433 4928 657 4999 μαστοῖς
697 4926 1113 4999 παρακειμένων
1163 4927 1373 4998 φλεϐῶν
1410 4928 1745 5000 ἀναστομου-

179 5024 362 5096 μένων
409 5021 552 5076 κατά
588 5019 690 5085 τὰς
716 5019 1023 5084 διαστάσεις
1063 5020 1159 5093 τῆς
1205 5021 1452 5092 κυήσεως
1503 5022 1565 5075 τὸ
1611 5016 1748 5094 αἷμα

179 5115 498 5187 μεταχεῖται
535 5113 616 5176 εἰς
647 5113 746 5177 τὰς
793 5111 1026 5182 φυσικὰς
1053 5111 1162 5165 τῶν
1195 5112 1414 5184 μαστῶν
1449 5113 1741 5185 σύριγγας·

175 5204 386 5258 τούτων
416 5203 472 5256 δὲ
499 5203 930 5275 ἀνακιρνάμενον
969 5203 1028 5255 16
1059 5203 1168 5256 ἀπὸ
1194 5201 1302 5255 τῶν
1329 5204 1743 5272 γειτνιαζουσῶν

177 5301 676 5372 καταπεμπόμενον
726 5294 1000 5369 ἀρτηριῶν
1057 5294 1306 5366 πνεῦμα,
1356 5297 1618 5367 μενούσης
1663 5297 1743 5350 ἔτι
1786 5335 1796 5345 .

176 5392 286 5460 τῆς
313 5391 680 5462 ὑποκειμένης
710 5390 968 5460 ἀκεραίου
1001 5377 1092 5441 τοῦ
1134 5390 1362 5456 αἵματος
1405 5389 1612 5458 οὑσίας,
1653 5392 1742 5443 ἐκ-

176 5483 578 5552 κυμαινόμενον
622 5482 982 5546 λευκαίνεται,
1014 5479 1108 5534 καὶ
1147 5483 1213 5552 τῇ
1244 5479 1464 5553 τοιαύτῃ
1496 5480 1740 5552 ἀνακοπῇ

175 5573 305 5625 κατ’
339 5571 670 5643 ἐξαφρισμὸν
720 5570 1130 5642 μεταϐάλλεται,
1163 5570 1537 5641 παραπλήσιόν
1566 5588 1617 5624 τι
1642 5589 1741 5624 πε-

181 5658 376 5722 πονθὸς
437 5665 505 5733 τῇ
562 5661 815 5737 θαλάττῃ,
847 5663 912 5734 ἥν
944 5663 1006 5735 δὴ
1051 5662 1192 5717 κατά
1226 5662 1325 5726 τάς
1359 5661 1595 5732 ἐμϐολὰς
1635 5665 1741 5719 τῶν

300 5814 318 5856 Ι
354 5813 534 5886 Κλήμ.
569 5814 702 5870 Cod.

1853 4747 2026 4818 πηγαὶ
2060 4747 2284 4818 πλήρεις
2324 4747 2461 4799 εἰσὶν
2487 4747 2536 4798 οἱ
2571 4746 2766 4816 μαστοὶ
2797 4745 3174 4817 ἐπεισρέοντος
3203 4745 3418 4815 ἑτοίμου

1855 4838 2152 4907 γάλακτος,
2187 4837 2321 4891 ἀλλά
2360 4837 2784 4909 μεταϐάλλοντες
2816 4837 2915 4909 τὴν
2954 4838 3180 4909 τροφὴν,
3208 4839 3265 4890 ἐν
3294 4839 3419 4890 ἐαυ-

1850 4931 1962 4992 τοῖς
1991 4928 2309 5002 ἐργάζονται
2351 4929 2491 4998 γάλα
2533 4930 2625 4984 καὶ
2663 4927 3020 4982 διαπνέουσιν.
3067 4929 3131 4982 Ἦ
3157 4927 3332 5000 τροφὴ
3361 4929 3417 4982 δὲ

1851 5019 1885 5090 ἡ
1932 5018 2264 5088 κατάλληλος
2323 5019 2461 5092 αῦτη
2514 5021 2608 5074 καὶ
2665 5021 2970 5092 πρόσφορος
3019 5023 3273 5088 νεοπαγεῖ
3324 5021 3417 5073 καὶ

1849 5113 2064 5181 νεοφυεῖ
2096 5111 2291 5182 παιδίῳ
2334 5112 2469 5185 1:96;
2498 5114 2594 5167 τοῦ
2619 5113 2754 5167 Θεοῦ
2783 5112 2879 5168 τοῦ
2911 5114 3153 5184 τροφέως
3184 5115 3277 5168 καὶ
3307 5132 3413 5167 πα-

1846 5203 1972 5273 196;
2001 5203 2108 5256 τῶν
2139 5207 2492 5277 γεννωμένων
2536 5209 2628 5260 καὶ
2671 5207 3123 5277 ἀναγεννωμένων
3160 5208 3415 5278 πονουμέ-

1847 5312 1932 5365 νη,
1962 5290 2070 5349 οἷον
2093 5297 2154 5349 16
2186 5298 2363 5368 μάννα
2385 5299 2672 5370 οὐρανόθεν
2704 5297 2995 5370 ὲπερρέετο
3021 5301 3132 5361 τοῖς
3165 5298 3412 5362 παλαιοῖς

1860 5387 2189 5462 Ἑϐραίοις,ή
2213 5390 2322 5444 τῶν
2366 5391 2633 5460 Ἀγγέλων
2663 5390 2981 5461 ἐπουράνιος
3000 5390 3192 5464 τροφὴ,
3223 5392 3413 5462 ἀμέλει

1849 5481 1939 5533 καὶ
1970 5481 2064 5535 νῦν
2097 5484 2151 5536 αἱ
2177 5483 2355 5538 τίτθαι
2389 5483 2451 5537 16
2482 5484 2824 5555 πρωτόχυτον
2846 5483 2942 5536 τοῦ
2966 5484 3236 5552 γάλακτος
3265 5484 3413 5555 πόμα

1847 5577 2147 5650 ὁμωνύμως
2171 5579 2351 5652 ἐκείνη
2380 5581 2447 5650 τῇ
2476 5580 2648 5649 τροφῇ
2681 5577 2821 5647 γάλα
2848 5577 3168 5649 κεκλήκασι.
3202 5576 3323 5648 Χρὴ
3353 5577 3411 5630 δὲ

1849 5672 2178 5742 κατανοῆσαι
2227 5673 2325 5745 τὴν
2393 5670 2628 5743 φύσιν-ὴ
2661 5671 2769 5743 γάρ
2811 5687 2891 5724 τοι
2923 5670 3098 5743 τροφὴ
3149 5668 3413 5741 χειμῶνος
