3964 6312
165 304 272 361 801

1248 303 1338 360 DE
1369 303 1905 363 CDHORTA'I‘IONE
1927 307 2017 362 AD
2056 306 2355 365 GENTES.

3301 315 3404 370 802

160 420 513 500 Xenocratis_
537 427 898 500 septem__non
953 423 1126 500 solnm
1159 423 1425 500 planetas,
1458 424 1553 481 sed
1584 434 1736 482 octa-
1764 430 1808 486 Δ
1838 441 2077 497 paganos
2106 428 2303 500 merito
2344 427 2544 500 arguit,
2587 430 2732 500 quod
2783 429 3218 485 amantissimum
3250 431 3402 487 illum

159 509 293 548 vum
318 490 627 564 quemdam,
656 491 867 564 scilicet
898 490 1191 558 mundum}
1216 496 1381 564 .cujus
1417 506 1597 551 tamen
1626 512 1726 551 no-

157 577 291 617 men
338 561 616 616 ‘reticebat
647 600 662 623 ,
721 561 778 616 in
834 563 1058 617 deorum
1116 561 1360 620 ordinem
1413 565 1724 624 referentis.

156 632 416 687 Posthaéc
452 645 584 685 vero
613 630 852 689 Stoicos.
886 632 1051 686 Deum
1082 635 1264 688 omnia
1291 637 1535 699 omnino,
1561 638 1725 691 etiam

155 702 710 771 vilissimaaneque
771 702 1062 770 pervadere
1110 705 1440 760 arbitrantes
1471 707 1728 761 exsibilat

148 779 214 825 et
246 770 515 843 explodit.’
543 772 888 843 Aristotelem
916 788 1078 842 porro
1110 789 1299 843 parum
1336 776 1440 830 sibi
1474 785 1729 831 constare

153 841 388 910 probat;
420 842 621 911 quippe
652 841 743 910 qui
772 841 999 911 hujuSce
1027 841 1216 898 mundi
1262 845 1522 908 animam,
1558 846 1726 901 Deum

153 912 345 980 ipsum
389 912 463 964 ita
490 927 610 967 esse
645 913 1030 978 contenderet,
1061 922 1121 967 ut
1162 915 1309 969 intra
1337 916 1545 972 lunaris
1576 917 1729 972 orbis

150 983 426 1038 terminos
458 981 794 1052 providentia
830 983 975 1037 iilius
1025 984 1584 1041 circumscriberetur.
1619 987 1727 1041 Ne-

148 1068 272 1124 que
293 1052 556 1124 verionem
586 1052 979 1124 Theophrasti,
1003 1054 1286 1124 ipsiusmet
1309 1057 1619 1112 Aristotelis
1649 1057 1731 1111 fa-

152 1121 424 1197 miliaris,
454 1121 619 1176 Deum
651 1121 847 1197 alicubi
870 1121 1263 1197 Acmlu'mtalibi
1309 1141 1439 1181 vero
1476 1128 1726 1197 spiritum

149 1193 697 1263 asserentis,_censet
738 1193 1069 1263 opinionem.
1103 1194 1389 1250 Postremo
1423 1193 1521 1252 ille
1542 1199 1730 1252 irridet

157 1268 219 1313 et
248 1262 449 1318 refellit
482 1261 807 1331 Epicurum}
835 1264 927 1332 qui
964 1264 1130 1320 Deum
1161 1280 1250 1320 res
1280 1267 1546 1324 humanas
1586 1283 1730 1323 curae

152 1332 274 1385 ullo
298 1333 459 1385 modo
485 1332 681 1388 habere
702 1332 981 1403 praefracte
1005 1335 1365 1390 inliciabatur.

232 1402 484 1478 Explosis
524 1402 715 1472 itaque
754 1405 1162 1478 hisuomnihus
1187 1405 1340 1463 falsis
1374 1404 1731 1478 futilibusque

149 1472 609 1547 philosophorum
640 1476 948 1535 sententiis.
990 1476 1057 1529 ad
1098 1476 1233 1547 alios
1267 1477 1491 1544 transit,
1524 1479 1616 1547 qui
1641 1472 1731 1534 ve-

150 1545 308 1598 riora
356 1543 424 1597 de
468 1542 949 1616 Deonsenserunt,
998 1542 1485 1616 tradideruntque.
1515 1542 1731 1604 Primus

150 1621 344 1670 autem
374 1613 534 1684 exiis
555 1613 819 1669 Clementi
850 1624 1038 1670 nostro
1062 1632 1181 1671 sese
1209 1613 1407 1671 obtulit
1436 1617 1589 1673 Plato
1606 1618 1673 1684 ",
1698 1634 1730 1673 a

147 1698 269 1807 auo
292 1683 513 1752 quidem
543 1686 791 1754 quamvis
814 1685 957 1740 haud
987 1686 1220 1741 obscure
1241 1687 1456 1741 dicatur
1478 1697 1728 1743 naturam

191 1754 398 1807 ivinam
443 1768 549 1807 non
585 1769 747 1807 nosse
774 1755 843 1807 ab
884 1757 1197 1807 hominibus
1226 1757 1517 1807 explicari-
1564 1766 1726 1807 necat

1834 506 2066 565 patrem,
2099 499 2188 567 qui
2218 499 2434 569 summa
2466 499 2695 569 prorsus
2721 506 2775 555 et
2815 500 3121 555 incredibili
3162 501 3406 557 bonitate

1828 576 2158 639 eoshteterna
2208 568 2662 639 felicitate’gratis
2703 577 2757 625 et
2797 570 2909 624 cito
2956 570 3118 625 beare
3163 572 3403 638 volebat,

1828 637 2454 709 audirendetrectantes,
2497 637 2619 696 sese
2654 649 2847 709 sponte
2879 655 2977 694 sua
3026 639 3082 695 in
3127 637 3402 696 infernum

1830 707 2138 779 prtecipites
2161 708 2378 779 dabant.

1900 775 2107 830 Vanam
2136 778 2366 833 subinde
2399 779 2444 811 ³³
2490 786 2546 833 et
2584 778 2831 833 frivolam
2865 794 3053 834 eorum
3085 781 3278 835 evertit
3314 794 3404 835 re-

1831 851 2201 919 sponsionem,
2225 849 2316 917 qui
2352 848 2606 919 traditam
2636 864 2667 902 a
2700 849 2942 919 patribus
2968 851 3083 905 suis
3104 861 3401 904 consuetu-

1829 917 2009 973 dinem
2039 917 2471 972 labefactandam
2502 934 2625 974 esse
2653 917 2943 986 negabant.
2974 919 3199 986 Quanta:
3228 921 3398 984 enim,

1830 986 1974 1058 Deus
2008 987 2170 1058 bone,
2206 988 2260 1041 in
2290 988 2544 1052 diversis,
2580 989 2774 1058 inquit,
2794 989 2917 1042 vita:
2949 991 3196 1043 humana:
3223 992 3405 1044 aetati-

1829 1056 1932 1130 bus
1955 1058 2092 1130 fiunt
2117 1056 2549 1130 immutationes!
2593 1056 2704 1113 Cur
2730 1073 2880 1127 ergo,
2909 1060 3084 1130 pergit
3108 1060 3402 1130 ille,7itnpii

1832 1128 2080 1182 homines
2110 1141 2139 1180 a
2171 1128 2320 1183 vitiis
2359 1127 2424 1181 ad
2473 1129 2724 1196 pietatem
2750 1168 2765 1192 ,
2809 1143 2838 1180 a
2888 1127 3100 1182 nefario
3128 1127 3401 1183 idolorum

1830 1199 1981 1251 cultu
2014 1197 2079 1250 ad
2108 1213 2290 1251 veram
2324 1198 2657 1266 religionem,
2694 1199 2812 1252 sine
2850 1214 2953 1268 qua
3014 1200 3197 1253 nullus
3242 1208 3402 1253 teter-

1830 1282 1956 1321 nam
2005 1268 2234 1338 salutem
2284 1269 2545 1337 consequi
2603 1270 2821 1338 poterit,
2864 1270 3121 1323 accedere
3174 1284 3400 1322 recusa-

1829 1338 2007 1392 bunt?
2035 1337 2097 1391 Et
2154 1336 2207 1390 id
2262 1336 2483 1407 quidem
2518 1347 2576 1391 ut
2604 1336 2847 1408 'paganis
2888 1338 3107 1393 facilius
3146 1338 3396 1401 suadeat,

1831 1408 2069 1464 ostendit
2115 1422 2302 1461 eorum
2328 1407 2718 1478 ipresbyterOS,
2776 1407 2825 1477 5
2859 1409 3080 1462 sordida
3111 1416 3264 1463 veste
3294 1408 3403 1463 diis

1832 1478 2227 1539 sacriﬁcantes,
2254 1477 2426 1532 videri
2474 1477 2607 1533 deos
2647 1478 2829 1548 potius
2858 1478 3062 1548 lugere,
3112 1493 3273 1547 quam
3304 1493 3400 1532 co-

1832 1548 1976 1614 lere;
1999 1557 2055 1603 et
2085 1548 2299 1618 illorum
2332 1548 2580 1617 sepulcra
2607 1549 2787 1618 potius
2812 1548 3056 1602 indicare
3074 1563 3234 1613 quam
3262 1555 3403 1602 tem-

1830 1619 1916 1686 pla
1945 1618 2215 1672 venerari.
2249 1616 2590 1688 Quapropter
2608 1616 2836 1673 eosdem
2862 1618 3178 1688 gentilesﬁut
3215 1618 3399 1686 priora

1831 1688 2027 1758 delicta
2079 1686 2392 1758 paenitendo
2450 1688 2728 1758 corrigant
2756 1688 2821 1751 “,
2868 1686 2928 1742 et
2974 1687 3041 1758 ad
3086 1687 3181 1742 Dei
3212 1688 3402 1741 confu-

191 1754 424 1830 ivinatn_
443 1768 747 1830 non_posse
774 1755 848 1830 ab
884 1757 1197 1830 hominibus
1226 1757 1518 1830 explicari,
1564 1766 1726 1830 negat
1756 1768 1798 1824 Β
1826 1757 1975 1830 gian_t
2007 1754 2464 1830 misericoniiam,
2498 1754 2758 1812 non'sine
2780 1757 3117 1830 quibusdam
3147 1758 3403 1827 eloquen-

150 1829 353 1897 tamen
373 1823 515 1897 idem
545 1823 795 1897 Clemens
837 1826 971 1896 ipsis
995 1827 1240 1897 abiiilins
1285 1823 1726 1897 i‘nquisitione'et

149 1893 577 1962 investigatione
624 1895 829 1949 idcirco
859 1893 1001 1952 esse
1055 1893 1450 1953 desistendum.
1500 1899 1726 1956 Cunctis

146 1963 459 2036 enimvero,
490 1978 553 2017 ac
584 1965 652 2018 iis
682 1966 1044 2034 potissimum,
1077 1968 1167 2036 qui
1194 1969 1248 2020 in
1279 1967 1530 2022 doctrina
1559 1971 1728 2023 et'lit-

147 2034 628 2109 terisgersantur,
657 2036 793 2090 adeo
829 2037 1048 2109 insitum
1065 2034 1149 2091 est
1171 2036 1439 2109 quoddam
1468 2038 1728 2093 Divinita-

145 2103 554 2179 tis_el'9uvium,
586 2112 643 2159 ut
665 2121 855 2179 omnes
888 2105 1056 2179 Deum
1074 2103 1247 2179 unum
1281 2123 1403 2163 esse
1423 2106 1724 2179 ingenitum

144 2181 209 2226 et
239 2173 623 2242 immortalem,
652 2176 816 2230 velint
848 2176 1041 2238 nolint,
1068 2178 1341 2232 fateantur
1379 2173 1603 2234 necesse
1632 2181 1722 2235 sit.

145 2243 226 2296 At
256 2244 400 2318 illud
436 2244 684 2318 profecto
713 2256 932 2318 _auctor
960 2255 1146 2318 noster
1175 2248 1409 2303 maxime
1438 2250 1722 2318 approbat,

144 2314 307 2388 quod
353 2315 422 2367 ah
474 2316 662 2369 eodem
712 2314 937 2371 Platone
982 2314 1525 2388 traditum‘legitur,
1557 2318 1725 2374 Deum

146 2385 403 2456 omnium
434 2399 617 2441 rerum
638 2401 760 2440 esse
788 2401 988 2456 regem,
1016 2402 1235 2441 causam
1275 2396 1330 2442 et
1352 2385 1722 2455 'mensuram;

142 2453 253 2527 sed
295 2453 441 2527 hunc
468 2453 912 2527 philosophorum
947 2455 1105 2512 facile
1136 2457 1435 2527 principem
1462 2473 1492 2511 a
1529 2453 1726 2514 barba;

148 2524 236 2578 ris
271 2524 529 2600 scientias
564 2524 848 2600 humanas
881 2524 1337 2600 quemadmodum
1370 2543 1527 2600 veras
1556 2530 1722 2600 leges,

140 2608 451 2666 veramque
468 2595 536 2650 de
568 2594 675 2650 Deo
694 2594 1060 2665 cognitionem
1091 2598 1157 2652 ab
1181 2597 1423 2653 Hebraeis
1451 2594 1727 2666 accepisse

136 2665 366 2739 mullum
392 2665 479 2720 ille
505 2672 659 2739 pultat
685 2680 815 2739 esse
834 2666 1114 2725 dubitandi
1145 2668 1417 2739 locum".
1448 2665 1634 2739 Neque
1659 2685 1726 2725 ex

142 2734 267 2787 alio
304 2735 452 2789 fonte
478 2734 636 2797 {nisi
695 2751 763 2789 ex
803 2734 927 2797 isto,
986 2746 1078 2790 aut
1126 2752 1192 2792 cx
1240 2737 1426 2791 divino
1461 2734 1725 2794 instinctu

143 2804 416 2876 {inustum
449 2805 500 2859 id
548 2814 768 2866 censet,
826 2805 972 2876 quod
1021 2807 1106 2860 vel
1161 2808 1510 2862 Antisthenes
1539 2811 1727 2864 docuit

152 2874 329 2948 Deum
365 2876 494 2948 n_u_|_|i
524 2876 754 2948 similem
779 2874 1107 2948 ex'imagjne
1135 2877 1358 2948 agnosci
1388 2893 1495 2930 non
1526 2895 1723 2948 posse;

142 2946 240 2997 vel
260 2945 405 3013 quod
429 2944 728 3015 Xenophon
751 2948 969 3016 scripsit
998 2944 1193 3014 Deum;
1224 2962 1253 3001 a
1284 2962 1393 3016 quo
1414 2944 1594 3003 omnia
1616 2944 1731 3002 mo-

147 3024 357 3087 ventur
377 3017 456 3087 vel
498 3017 837 3078 consistunt,
880 3032 1134 3087 magnum
1172 3030 1225 3072 et
1265 3025 1539 3086 potentem
1580 3033 1721 3083 esse,

150 3085 255 3158 sed
292 3100 397 3158 qna
423 3086 606 3158 forma
629 3088 720 3149 sit,
755 3086 888 3139 nulli
914 3085 1225 3158 cognitum;
1252 3085 1333 3142 vel
1366 3088 1511 3158 quod
1527 3087 1719 3144 Clean-

147 3154 281 3209 thes
322 3153 536 3211 Stoicus
566 3155 611 3186 ⁸⁸
660 3158 849 3225 paucis
879 3153 1214 3212 carminibus
1242 3153 1422 3212 veram
1449 3157 1542 3211 Dei
1562 3168 1722 3214 natu-

153 3238 273 3276 ram
327 3226 623 3281 luculenter
651 3223 952 3298 expressit;
991 3227 1073 3282 vel
1113 3226 1256 3298 quod
1290 3226 1606 3298 Pythagora
1638 3246 1725 3286 se-

146 3301 395 3350 czatores
444 3298 621 3366 palam
679 3295 1061 3362 tradiderunt,
1124 3295 1292 3352 Deum
1335 3295 1415 3353 ita
1458 3295 1623 3352 unum
1672 3309 1726 3357 et

148 3378 373 3434 semper
404 3382 559 3428 esse,
595 3374 655 3419 ut
696 3373 839 3419 totus
862 3367 932 3422 sit
972 3369 1025 3420 in
1076 3375 1190 3422 toto
1222 3369 1445 3431 mundo,
1479 3370 1723 3425 omnium

142 3444 391 3505 creator,
422 3444 595 3505 pater,
628 3450 800 3500 mens,
836 3438 1127 3500 anitnatio,
1158 3445 1212 3493 et
1241 3445 1442 3493 motus.

224 3502 367 3568 Quid
397 3502 523 3560 vero
549 3502 692 3579 quod
718 3521 830 3579 non
853 3507 1013 3579 modo
1037 3508 1413 3579 philosophos,
1445 3508 1540 3563 sed
1575 3508 1725 3579 ipsos

149 3575 319 3627 etiam
353 3583 558 3648 poetas,
580 3577 683 3631 etsi
717 3576 771 3629 in
798 3576 993 3632 fabulis
1024 3575 1286 3648 falsisque
1319 3575 1726 3634 narrationibus

142 3645 446 3718 cantaridis
473 3647 583 3701 fere
612 3660 827 3718 semper
870 3645 1515 3718 occupatos,'aliquando
1534 3656 1725 3718 tamen

150 3728 296 3786 Vera
309 3714 509 3786 debeo
540 3714 803 3786 cecinisse
830 3714 1115 3786 perspicue
1143 3714 1515 3773 demonstrat?
1531 3716 1725 3774 Testes

150 3784 355 3857 etenim
373 3785 595 3840 Aratum
622 3784 1023 3857 llesiodutttque
1052 3789 1185 3842 citat
1214 3789 1281 3857 ’ᾗ
1306 3789 1397 3857 qui
1424 3787 1592 3843 Deum
1622 3788 1727 3842 im-

152 3854 312 3922 perio
330 3870 429 3911 suo
440 3858 620 3911 omnia
636 3857 917 3912 continere
932 3854 1214 3912 affirmant.
1235 3854 1439 3912 Deinde
1459 3872 1589 3912 vero
1604 3873 1728 3912 rur-

149 3940 280 3981 sum
294 3923 519 3984 Hesiodi
560 3936 723 3997 atque
738 3927 900 3981 etiam
947 3927 1235 3997 Sophoclis
1264 3935 1318 3982 et
1337 3926 1535 3997 Orphei
1560 3927 1727 3983 refert

151 3998 424 4072 carmina
446 3999 515 4063 ³⁸,
537 3999 738 4071 quibus
755 4012 924 4053 unum
937 3997 1204 4053 duntaxat
1220 3997 1410 4072 Deum,
1441 3999 1727 4072 solumque

149 4066 517 4124 immortalem
542 4066 571 4135 ξ
588 4085 652 4125 ac
674 4084 854 4124 rerum
905 4072 1145 4123 omnium
1175 4068 1509 4124 conditorem
1539 4066 1727 4137 aperte

152 4141 600 4206 pronuntiarunt.
632 4139 750 4194 Huc
779 4139 941 4194 etiam
976 4148 1133 4193 vocat
1158 4139 1532 4202 Menandrum,
1566 4139 1725 4192 Euri-

153 4209 339 4280 pidem
376 4217 431 4263 et
460 4209 752 4265 Homerum
786 4210 852 4273 ³¹,
877 4210 969 4280 qui
997 4210 1245 4265 versibus
1283 4210 1399 4264 suis
1428 4209 1560 4263 deos
1596 4210 1727 4262 irri-

151 4278 308 4345 dere,
355 4294 453 4351 nec
484 4280 604 4351 sine
646 4278 965 4351 probrisr'et
1009 4280 1311 4335 maledictis
1350 4279 1641 4334 exsibilare
1672 4285 1727 4335 et

151 4350 497 4415 proscribere
528 4350 749 4405 minime
778 4350 932 4405 veriti
954 4356 1102 4405 sunt.

230 4416 478 4490 Posthiec
514 4428 693 4490 autem
718 4430 906 4475 contra
939 4434 1178 4490 paganos
1210 4418 1391 4473 divina
1419 4417 1631 4474 Veteris
1661 4433 1725 4473 ac

150 4485 292 4541 Novi
318 4489 483 4543 etiam
509 4489 842 4545 Testamenti
892 4485 1215 4544 auctoritate
1244 4499 1466 4559 pugnat,
1494 4490 1725 4559 manife-

153 4564 414 4628 stnmquc
442 4561 571 4614 facit
598 4574 785 4615 sacros
817 4559 962 4615 illius
988 4556 1260 4621 auctores,
1293 4556 1485 4613 sancto
1515 4556 1725 4628 Spiritu

153 4626 370 4684 amatos
396 4668 412 4693 ,
446 4631 560 4684 ullo
609 4631 816 4701 absque
862 4630 1155 4701 verborum
1186 4629 1348 4701 fuco,
1380 4626 1727 4701 apparatuet

152 4708 486 4755 ornamento
509 4715 649 4755 vera:
684 4699 792 4755 non
823 4700 983 4754 modo
1007 4699 1287 4769 religionis
1303 4699 1502 4768 jecisse
1532 4700 1727 4753 funda-

154 4777 344 4822 menta
370 4811 384 4832 ,
415 4772 509 4826 sed
544 4770 791 4826 homines
817 4770 978 4825 etiam
1027 4784 1058 4824 a
1115 4770 1262 4825 vitiis
1313 4776 1369 4824 et
1414 4769 1724 4825 idololatria

153 4851 440 4899 avocasse,
465 4855 668 4911 eosque
703 4840 909 4911 sanctis
955 4840 1217 4911 imbuisse
1253 4841 1374 4894 vita:
1401 4853 1727 4911 morumque

194 4915 445 4979 τωοεριῑδ
465 4919 518 4964 ct
545 4909 828 4966 institutis.
858 4909 1013 4980 Quod
1051 4909 1271 4980 quidem
1325 4911 1505 4980 ahkeo
1556 4910 1723 4980 variis

202 4977 398 5050 ibyllé,
423 4981 697 5047 Jeremiae,
721 4980 873 5035 Isaiae
890 5019 904 5043 ,
938 4977 1158 5050 Moysis,
1182 4981 1369 5044 Amos,
1398 4977 1726 5050 Salomonis,

152 5047 404 5120 Davidis,
435 5060 597 5120 atque
625 5053 788 5105 etiam
819 5047 1063 5120 Apostoli
1085 5050 1415 5120 testimoniis
1444 5051 1648 5120 mirum
1670 5049 1727 5101 in

152 5117 384 5191 modum
428 5117 689 5191 probatur
714 5120 781 5174 ³⁸.
834 5117 1007 5191 Addit
1046 5119 1338 5191 senadhuc
1382 5135 1557 5191 posse
1585 5119 1725 5174 alios

153 5189 475 5245 innumeros
494 5192 769 5259 conjicere
788 5189 1099 5260 earumdem
1119 5189 1523 5260 Scripturarum
1549 5190 1721 5260 locos,

153 5260 360 5328 quibus
409 5260 552 5315 Deus
609 5262 856 5315 homines
902 5259 971 5312 ad
1020 5261 1216 5329 impios
1248 5259 1490 5315 deorum
1543 5259 1719 5314 idolo~

153 5344 390 5399 rumque
417 5332 596 5385 cultus
617 5331 943 5400 rejiciendos
976 5337 1031 5384 et
1062 5345 1241 5383 veram
1264 5331 1577 5399 religionem
1607 5343 1717 5382 am-

154 5401 495 5479 plectendam
526 5402 759 5479 mirabili
788 5400 1119 5479 benignitate
1137 5400 1714 5479 admonet,obseer_at,

154 5469 347 5539 instat,
373 5480 548 5541 urget,
577 5471 900 5527 obtestatur.
921 5469 1064 5524 Tum
1087 5469 1282 5525 deinde
1311 5478 1502 5524 auctor
1531 5476 1719 5523 noster

254 5688 303 5722 ”
332 5702 449 5758 pag.
482 5689 573 5743 45.

686 5688 729 5720 ²⁷
762 5701 883 5811 pag.
907 5687 993 5741 46.
1126 5686 1173 5720 ’⁸
1205 5701 1326 5757 pag.
1349 5685 1442 5741 47.
1566 5686 1609 5716 ’³

686 5773 761 5811 az.
798 5757 832 5811 5
894 5766 947 5811 et
975 5772 1091 5811 sea.
1168 5758 1212 5790 ³⁸
1242 5771 1363 5811 nan.
1396 5754 1484 5810 6l.
1560 5755 1604 5786 ³⁸

157 5756 199 5796 δι’
238 5756 365 5830 pag.
397 5758 483 5813 57.
559 5759 604 5790 "
640 5756 777 5830 pagi
798 5756 868 5812 58
894 5766 947 5811 et
975 5772 1091 5827 seq.

1168 5754 1221 5790 3‘
1239 5754 1363 5827 pag.
1396 5754 1484 5810 61.

1642 5698 1763 5754 pag.
1793 5685 1882 5740 48.
1993 5684 2039 5716 ³⁸

1560 5755 1604 5786 δ’
1632 5770 1754 5826 pag.
1779 5756 1868 5812 62.
1945 5756 1988 5788 ³⁷
2024 5771 2147 5826 pag.
2177 5754 2263 5807 (εδ.

1829 1830 1915 1881 tiae
1935 1827 2176 1883 flosculis
2208 1828 2403 1882 iterum
2455 1836 2734 1897 provocat,
2779 1827 3053 1897 Deumque
3098 1827 3273 1896 ipsum
3304 1842 3402 1882 eos

1828 1898 2218 1967 alloquentem,
2262 1898 2589 1961 hortantem,
2621 1905 2673 1952 et
2702 1906 2920 1951 aeternae
2949 1896 3227 1953 felicitatis
3254 1897 3400 1951 bona

1825 1968 1907 2038 eis
1939 1968 2280 2037 pollicentem
2308 1967 2378 2038 ³⁵.
2395 1967 2537 2021 haud
2564 1969 2902 2038 ineleganter
2926 1967 3159 2038 inducit.
3192 1968 3404 2021 Auctor

1827 2037 2011 2107 itaque
2041 2044 2095 2091 et
2123 2051 2319 2093 suasor
2337 2037 2425 2107 eis
2449 2045 2553 2099 est,
2579 2046 2639 2091 ut
2670 2037 2818 2091 nulla
2853 2037 3173 2105 interposita
3205 2038 3400 2090 incon-

1827 2106 2084 2162 sideratae
2137 2106 2556 2163 consultationis
2604 2107 3137 2176 procrastinatione,
3188 2120 3398 2176 morem

1828 2178 1905 2232 illi
1931 2183 2160 2248 gerant;
2193 2191 2295 2248 nec
2324 2177 2546 2231 audiant
2580 2175 2824 2248 amplius
2880 2177 3113 2248 factores
3170 2175 3399 2248 simula-

1827 2245 2069 2311 crorum,
2122 2253 2176 2301 et
2238 2247 2476 2316 lapidum
2529 2245 2867 2303 adoratores.
2910 2247 3004 2312 qui
3029 2245 3397 2301 Alexandrum

1827 2317 2101 2387 Magnum,
2140 2317 2384 2386 aliosque
2432 2317 2680 2387 homines
2739 2318 2792 2370 in
2840 2318 3064 2371 deorum
3111 2329 3399 2387 numerum

1824 2385 2030 2443 referre
2076 2388 2195 2440 ausi
2251 2385 2399 2441 sunt.
2466 2386 2576 2441 Hos
2606 2387 2750 2441 enim
2808 2387 3046 2441 artiﬁces
3074 2394 3128 2439 et
3159 2385 3401 2440 cultores

1826 2458 2241 2514 simulacrorum
2267 2457 2665 2525 iniquissimus,
2713 2466 2766 2510 et
2791 2455 3036 2511 daemone
3066 2456 3185 2526 ipso
3217 2455 3392 2526 infeli-

1825 2529 2004 2584 ciores
2051 2541 2175 2583 esse
2228 2526 2485 2582 ostendit.
2540 2526 2700 2580 Nulla
2747 2527 3025 2581 enimvero
3067 2525 3399 2595 perversitas

1828 2607 2008 2668 potest
2048 2612 2185 2668 esse
2212 2597 2415 2668 major,
2464 2612 2627 2667 quam
2659 2611 2857 2668 eorum;
2882 2597 2975 2667 qui
3012 2593 3392 2668 coluntidnla,

1825 2662 2045 2737 quando
2098 2662 2320 2737 quidem
2365 2662 2548 2720 nullus
2599 2664 2794 2737 artifex
2816 2662 3107 2737 “(neque
3152 2662 3397 2726 Phidias,

1826 2734 2004 2809 neque
2023 2734 2262 2809 Apelles,
2286 2751 2462 2806 neque
2478 2737 2621 2809 ullns
2651 2736 2791 2809 alius
2821 2734 3135 2809 spirantem
3152 2748 3394 2809 unquam

1826 2802 2114 2878 imaginem
2146 2802 2228 2860 vel
2275 2802 2509 2878 s_tatuatn
2559 2805 2765 2878 fecerit.
2806 2802 3024 2878 Ateium
3056 2803 3231 2878 solum
3267 2802 3401 2856 Ver-

1827 2872 1963 2932 burri
1986 2876 2254 2939 divinum,
2284 2873 2455 2930 Filius
2483 2875 2598 2939 Dei,
2627 2880 2683 2929 et
2710 2888 2835 2929 vera
2861 2873 2953 2928 Dei
2984 2872 3163 2926 Patris
3198 2873 3398 2941 imago,

1825 2948 2006 3001 vivam
2036 2947 2121 3001 sui
2180 2946 2237 2998 in
2288 2945 2512 3000 homine
2547 2945 2837 3015 imaginem
2885 2943 3235 3015 expresserit,
3272 2943 3400 2995 hinc

1829 3017 2003 3086 arguit
2033 3030 2164 3086 eum
2186 3015 2361 3069 solum
2393 3012 2749 3086 adorandum,
2780 3012 3111 3086 pravamque
3132 3012 3282 3086 idola
3304 3026 3399 3086 co:

1828 3081 1971 3140 leridi
2015 3094 2069 3141 et
2103 3084 2362 3139 adorandi
2413 3081 2861 3139 consuetudinem
2917 3081 3090 3137 sacris
3139 3081 3396 3150 baptismi

1824 3158 1986 3212 undis
2012 3170 2134 3210 esse
2164 3155 2547 3223 sepeliendam.
2600 3152 3024 3225 Etuidnquidem'
3064 3149 3257 3222 pagani
3290 3152 3397 3225 nisi

1827 3227 1936 3280 cito
1963 3221 2245 3296 perficiant
2272 3225 2336 3287 ³⁷,
2388 3240 2451 3279 ac
2500 3225 2643 3296 sicut
2679 3221 2930 3296 Ninivitze
2963 3221 3227 3296 anteactae
3273 3221 3404 3296 vita:

1825 3291 2146 3366 poeniteant,
2179 3310 2244 3349 eo
2273 3296 2455 3366 minus
2486 3294 2643 3348 venia
2670 3294 2819 3364 digni
2844 3299 3021 3354 erunt,
3046 3306 3156 3361 quo
3182 3291 3401 3366 facilius

1826 3361 2118 3436 potuerunt
2162 3373 2216 3419 et
2264 3363 2440 3436 Deum
2483 3361 2845 3436 cognoscere.
2877 3371 2937 3436 et
2965 3376 3146 3415 veram
3179 3361 3401 3436 religio:

1825 3428 1947 3491 item
1981 3434 2297 3505 amplexari.
2326 3428 2599 3505 Quocirca
2615 3448 2708 3488 eos
2740 3432 2930 3505 sedulo
2957 3428 3303 3505 monittul,’
3329 3428 3399 3481 ad

1827 3506 2045 3578 saniora
2074 3498 2389 3578 redeuntes,
2412 3504 2641 3578 in_idola
2689 3516 2811 3578 quae
2856 3500 3017 3578 nihil;
3050 3498 3195 3578 aliud
3228 3512 3393 3578 quam

1827 3576 2034 3646 lapides
2063 3582 2211 3635 sunt,
2241 3574 2620 3646 excolendauet
2675 3568 2951 3646 adoranda
2984 3568 3291 3630 facultates,
3314 3568 3406 3620 vi-

1828 3642 2047 3715 tamque
2081 3660 2235 3699 suam
2268 3659 2379 3715 non
2412 3642 2643 3715 amplius
2677 3642 2973 3715 in_sumant.

1898 3706 2052 3770 Nuila
2083 3716 2283 3784 quippe
2309 3706 2534 3784 deorum
2583 3711 2875 3784 simulacra
2896 3717 2949 3762 et
2972 3706 3194 3776 elligies,
3219 3719 3402 3773 neque

1826 3786 1988 3840 etiam
2017 3780 2163 3844 area.
2183 3780 2317 3844 'iris,
2348 3783 2487 3843 dies,
2517 3780 2741 3843 mensis,
2771 3794 2966 3841 annus,
2992 3787 3045 3832 et
3074 3786 3304 3845 tempus.
3331 3789 3399 3827 ac

1827 3856 2056 3926 proinde
2084 3869 2183 3926 nec
2211 3868 2274 3909 ea
2294 3854 2508 3926 quibus
2518 3866 2729 3926 eorum
2758 3863 3014 3926 mensura
3040 3844 3299 3926 delinitur
3322 3844 3394 3907 ³⁸,

1827 3916 2081 3980 nimirum
2107 3925 2188 3979 sol
2210 3932 2264 3978 et
2293 3916 2419 3977 luna
2457 3922 2530 3975 dii
2562 3922 2672 3974 ullo
2702 3920 2918 3988 penitus
2952 3916 3114 3971 modo
3137 3916 3244 3988 dici
3267 3929 3399 3988 pose

1830 4003 1979 4052 sunt.
2012 3994 2091 4049 Ex
2118 3994 2318 4064 quibus
2348 3993 2438 4065 ille
2465 3999 2611 4065 recte
2658 3985 2885 4065 colligiL
2902 3990 3058 4056 longe
3106 3985 3396 4065 absurdio-

1830 4081 1945 4121 rem
1986 4080 2110 4121 esse
2136 4052 2328 4118 corum
2351 4063 2657 4129 opinionem
2682 4100 2695 4123 ,
2732 4052 2824 4129 qui
2846 4052 3068 4129 Poenam
3091 4062 3145 4109 et
3172 4052 3392 4129 Suppli-

1828 4134 2284 4206 cium,Justitiam_
2318 4143 2370 4187 et
2392 4125 2694 4206 'Netnesiu,
2739 4125 2963 4206 Fin-ias,
3002 4125 3393 4206 Parcas,._.Fa-

1832 4194 2410 4274 tum,'l{empublicam
2430 4240 2446 4265 ,
2471 4200 2709 4274 Gloriam
2730 4239 2744 4263 ,
2776 4196 2993 4274 P’lutum
3028 4211 3122 4250 seu
3144 4194 3390 4274 divitias,

1829 4262 2248 4337 Verecundiam,
2279 4262 2555 4330 Amorem,
2593 4262 2855 4324 Venerem
2877 4307 2892 4330 ,
2927 4264 3211 4337 Somnum,
3251 4262 3395 4317 Mor-

1830 4355 1958 4416 Lem,
1992 4334 2268 4416 Enyonem
2329 4357 2424 4397 seu
2455 4341 2752 4416 Bellonam,
2787 4337 3032 4416 Martem,
3060 4334 3315 4416 Cometas
3339 4339 3395 4412 et

1830 4404 2121 4470 Fortunam
2153 4416 2284 4469 deos
2312 4427 2435 4466 esse
2484 4411 2684 4465 frustra
2715 4406 3120 4463 existimabant.
3151 4404 3314 4472 Atqui
3345 4404 3395 4456 si

1755 4473 1800 4527 Π
1829 4487 2035 4539 nullum
2062 4485 2259 4558 ex_eis,
2291 4483 2466 4552 inquit
2492 4480 2765 4558 Clemens,
2800 4492 2974 4558 neque
3007 4475 3126 4558 ulla.
3145 4473 3322 4558 imago
3339 4478 3396 4558 et

1832 4563 2008 4610 statua
2029 4555 2100 4611 sit
2127 4543 2288 4615 Dens,
2320 4543 2383 4607 et.
2405 4552 2649 4625 quaedam
2683 4543 2863 4602 tamen
2886 4543 2940 4600 in
2964 4560 3064 4625 nos
3079 4543 3259 4625 divina
3292 4556 3393 4610 ροη-

1831 4627 1999 4679 tentia
2028 4633 2307 4688 cernatur,
2342 4620 2649 4692 quidnaliud
2686 4625 2958 4692 superest,
2992 4620 3189 4692 lli§llltl
3220 4625 3393 4692 unum

1832 4710 2016 4749 verum
2038 4705 2088 4751 et
2109 4681 2438 4750 solum'esse
2476 4691 2643 4745 Deum
2674 4681 3067 4743 conﬁteamur?
3104 4681 3235 4737 Orat
3263 4694 3394 4749 ergo

1828 4773 1890 4836 ut
1920 4765 2138 4836 pagani,
2173 4780 2203 4818 a
2234 4777 2429 4836 somno
2462 4761 2682 4836 tandem
2724 4756 2969 4836 excitati,
2991 4754 3166 4836 hunc.
3198 4751 3390 4836 Deum.

1827 4819 2233 4905 idoiis‘aliis'que
2263 4833 2400 4887 lictis
2423 4830 2741 4887 numinibus
2762 4825 3080 4897 repudiatis,
3099 4819 3399 4891 aliquando

1826 4913 2181 4960 cognoscant.

1897 4947 2251 5045 iiiﬁié’ﬁdim
2272 4972 2459 5037 Deum,
2482 4969 2705 5045 minime
2735 4973 2915 5045 autern
2962 4969 3042 5045 tot
3085 4961 3397 5045 daemonum

1830 5046 1885 5100 in
1915 5056 2060 5101 terra
2086 5036 2448 5098 habitantium
2478 5038 2771 5114 myriadcs,
2814 5036 2983 5114 to_t_ius
3004 5041 3285 5114 terrarum
3314 5043 3400 5114 ριξ

1827 5117 1916 5171 bis
1969 5115 2251 5169 dominum
2290 5127 2415 5168 esse
2462 5104 2821 5182 demonstrat.
2862 5104 3121 5182 Homines
3150 5104 3338 5182 itaqne
3366 5112 3397 5149 a

1827 5170 1938 5242 Deo
1965 5186 2135 5240 creati
2167 5185 2373 5250 ",cum
2403 5189 2564 5252 terra:
2613 5177 2884 5252 fructibus
2914 5170 3398 5252 “continpodalan-

1825 5236 1936 5318 t—u‘rv,
1967 5236 2238 5310 {di‘éerté
2262 5236 2555 5321 tantisque
2602 5248 2722 5316 ejus
2767 5243 3046 5321 be_neliciis
3069 5238 3270 5321 affecti,
3303 5236 3398 5292 de-

1824 5309 1953 5381 bent
1970 5309 2160 5380 eorum
2185 5309 2481 5395 agnoscere
2503 5309 2799 5374 auctorem.
2821 5316 2923 5369 Sed
2931 5311 3161 5436 pagani,
3180 5309 3396 5363 illorum

1824 5410 2054 5436 urar-ene
2082 5396 2449 5436 immpmnres-
2475 5400 2528 5436 at
2559 5391 2701 5436 sicut
2730 5384 2903 5436 Niobe
2978 5383 3201 5436 οιὴιαυθ
3236 5391 3396 5436 11101⁵,

1823 5410 2055 5465 prorsus
2082 5383 2450 5452 imme'mores,
2475 5400 2528 5446 et
2559 5391 2701 5465 sicut
2730 5384 2903 5439 Niobe
2931 5383 3396 5465 Lothiquehuxnr,

1828 5445 2540 5532 Binig'séiiéui'éiperies,
2570 5459 2738 5528 impio
2769 5470 2877 5509 non
2925 5445 3284 5509 solum'cultu
3318 5445 3398 5501 fe-

2817 5673 2860 5704 ³¹
2896 5668 3116 5742 ρδθηὸι
3156 5679 3208 5722 et
3240 5681 3396 5736 seqq.

2398 5676 2716 5816 ".3396?
2756 5745 2799 5778 υ
2836 5676 3084 5816 misistis?

2069 5698 2190 5754 pag.
2226 5680 2315 5736 49.
2398 5682 2437 5712 ³¹
2472 5692 2593 5748 pag.
2627 5680 2677 5731 5t

2069 5771 2147 5822 ag.
2177 5754 2263 5807 63.
2345 5754 2389 5785 ³³
2431 5764 2553 5822 pag.
2589 5748 2677 5800 64.
