3964 6312
242 346 353 401 817

1324 345 1413 400 DE
1447 341 1705 402 TRlBUS
1740 338 2107 399 PEDAGOGI
2145 338 2391 396 LlBRlS.

3384 336 3507 392 818.

239 470 434 537 postea
459 459 926 537 Verbum__suum.
958 477 989 518 a
1016 477 1128 533 quo
1159 462 1298 537 bona
1326 474 1393 522 ex
1417 466 1580 537 ctelis
1601 464 1817 533 iustitia
1845 468 1891 526 Α
1920 462 2239 537 stianus,_ut
2267 456 2516 537 Clemens
2549 458 2834 537 perspicue
2863 469 2991 514 ante
3008 458 3348 530 singulorum
3380 465 3495 537 sta-

234 533 481 661 Brimum
508 533 820 590 hominibus
848 536 1188 599 annuntiata,
1224 536 1369 591 hunc
1391 536 1541 591 misit
1569 535 1626 590 in
1658 551 1818 591 mun-

282 620 394 659 um.
1754 618 1759 623 ‘

282 620 394 659 um.
1754 618 1759 623 δ

314 673 530 747 Quanta
562 682 756 747 autem
790 672 1073 747 Paedagogi
1123 675 1383 747 nostriin
1415 677 1531 733 suis
1557 674 1816 747 adhorta-

230 745 483 800 tionibus
530 744 601 803 sit
651 744 848 802 lenitas
891 744 1374 809 et‘m‘ansuetudo,
1403 747 1531 809 inde
1562 745 1815 802 Clemens

232 815 523 887 colligit“,
565 814 709 887 quod
741 816 809 870 ad
843 831 905 871 ea
936 830 1056 887 qua:
1091 824 1219 872 sunt
1262 816 1416 870 utilia
1451 816 1538 871 ille
1568 817 1814 871 homines

227 885 599 945 εὐΙιοι-ιειυι·;’
616 886 877 940 salutaria
920 885 1010 940 det
1067 886 1174 942 illis
1226 888 1474 951 consilia,
1520 901 1615 943 eos
1663 896 1815 941 certa

225 965 455 1010 teternae
488 955 682 1011 salutis
711 970 807 1025 spe
831 956 1166 1023 consoletur,
1189 971 1219 1010 a
1243 961 1467 1013 veritate
1498 958 1813 1012 aberrantes

226 1026 536 1097 illuminet,
563 1033 617 1080 et
648 1026 812 1097 ducat
845 1025 910 1097 ad
942 1028 1340 1096 paenitentiam.
1366 1025 1424 1081 1n
1459 1026 1621 1095 hujus
1650 1042 1814 1097 porro

225 1096 542 1168 argumenti
574 1095 1043 1168 conﬁrmationem
1092 1097 1352 1168 additrse
1398 1095 1811 1168 potuisse'quo-

224 1162 493 1238 ruindam
516 1167 897 1238 auctoritatem
929 1162 1202 1223 adducere
1225 1162 1811 1238 philos’ophorum.’qui

223 1250 360 1290 eum
415 1236 615 1297 solum,
646 1236 739 1305 qui
794 1236 969 1291 bonus
1006 1243 1111 1304 est,
1157 1236 1505 1304 laudabilem,
1537 1238 1630 1305 qui
1681 1236 1811 1293 vero

223 1308 435 1379 rutilus,
466 1305 876 1379 vituperabilem
898 1376 906 1379 _
929 1321 1059 1379 esse!
1096 1307 1504 1379 asseverabant.
1542 1305 1647 1379 Sed
1682 1309 1812 1379 quia

224 1374 269 1430 ii
465 1374 734 1459 negabant
760 1375 1176 1459 providentiam,
1204 1392 1311 1459 nec
1423 1380 1568 1459 quod
1608 1374 1810 1459 bonum

225 1455 342 1508 est,
369 1445 732 1516 justum'esse
760 1445 897 1501 falso
926 1447 1311 1516 opinabantur,
1344 1447 1412 1501 iis
1442 1445 1681 1502 citandis
1717 1462 1810 1502 su-

227 1515 628 1587 persedendum
656 1514 1077 1572 arbitratus—cst.
1098 1514 1283 1587 Neque
1304 1516 1466 1571 etiam
1494 1520 1547 1572 in
1569 1518 1807 1573 medium

224 1584 558 1658 proferenda
589 1601 711 1641 esse
738 1587 950 1641 censuit
984 1584 1296 1658 testimonia
1318 1588 1568 1652 aliorum,
1598 1591 1692 1658 qui
1720 1605 1809 1645 so-

226 1660 346 1728 l_um
381 1655 548 1710 Deum
582 1657 882 1728 sapientem
907 1665 959 1712 et
987 1656 1147 1712 laude
1178 1657 1401 1728 dignum
1435 1655 1802 1713 crediderunt.

228 1723 527 1799 Proposito
561 1723 761 1796 quippe
796 1741 897 1799 suo
928 1728 1061 1799 satis
1103 1723 1376 1799 superque
1415 1744 1536 1784 esse
1573 1735 1803 1799 putavit,

1918 540 2033 587 tuat
2062 530 2274 592 oculos.
2310 547 2341 585 a
2379 532 2544 585 rebus
2583 531 2844 593 externis,
2889 538 2942 584 et
2985 544 3015 583 a
3057 539 3206 585 recta
3245 530 3492 598 corporis

1922 604 2007 659 sui
2040 601 2361 655 moderandi
2392 609 2445 654 et
2479 599 2816 671 gubernandi
2845 601 3057 671 ratione
3087 600 3491 671 sumitdicendi

1917 674 2133 727 initium
2154 671 2216 726 ’⁸.
2248 673 2327 725 Ac
2360 669 2537 742 primo
2580 671 2796 740 quidem
2824 670 2893 725 de
2924 669 3197 742 alimentis
3245 669 3489 733 disserit,

1916 753 1970 798 et
2001 743 2069 796 iis
2103 757 2208 795 non
2252 739 2476 812 propter
2508 739 2873 812 voluptatem,
2895 740 2992 796 sed
3032 739 3100 793 ad
3143 749 3345 812 nostra:
3361 749 3494 812 tan-

1916 820 2031 866 tum
2062 812 2185 866 vitae
2218 809 2686 867 conservationem
2713 809 2973 865 utendum
3002 825 3124 865 esse
3149 810 3327 865 docet.
3347 810 3494 876 Qua-

1916 896 2137 963 prepter
2165 880 2299 963 illud
2319 882 2560 963 simplex
2593 897 2717 963 esse
2754 880 2952 963 debere
2981 881 3240 961 ostendit,
3278 887 3331 963 et
3370 882 3493 963 qui-

1915 951 2038 1009 dem
2064 968 2172 1006 non
2200 952 2269 1005 ad
2301 951 2550 1015 delicias,
2581 951 2673 1007 sed
2705 951 2771 1005 ad
2793 954 2937 1006 vires
2964 951 3212 1021 corporis
3241 952 3493 1005 reﬁcien-

1915 1023 2037 1085 das,
2066 1021 2434 1092 tuendamque
2467 1023 2775 1092 sanitatem,
2802 1029 2991 1092 aptum
3036 1030 3094 1075 ‘et
3135 1021 3487 1076 conveniens.

1914 1093 1999 1146 Ab
2039 1092 2293 1147 omnibus
2340 1090 2507 1161 igitur
2536 1093 2652 1145 vult
2682 1090 2851 1161 rejici
2868 1091 3088 1145 nimiam
3113 1105 3367 1161 escarum
3400 1106 3493 1146 co-

1912 1163 2082 1232 piam,
2113 1165 2263 1216 varia
2293 1159 2642 1217 bellariorum
2668 1171 2721 1217 et
2737 1159 3210 1216 eondimentorum
3235 1159 3489 1224 artiﬁcia,

1913 1231 2128 1302 aliaque
2161 1235 2300 1301 gula:
2332 1231 2695 1297 irritamenta,
2728 1232 2926 1302 quibus
2960 1231 3208 1286 homines
3241 1232 3296 1285 in
3330 1247 3493 1287 omne

1911 1303 2227 1357 morborum
2262 1310 2331 1373 et,
2349 1303 2735 1372 aegritudinum
2775 1317 2946 1373 genus
2987 1316 3204 1372 semper
3229 1303 3492 1373 incidisse

1911 1380 2121 1427 certum
2148 1378 2250 1427 est.
2292 1371 2431 1428 Hinc
2459 1388 2555 1427 eos
2582 1371 2845 1429 acerrime
2876 1371 3199 1433 insectatur,
3227 1373 3321 1442 qui
3350 1372 3490 1427 cibis

1910 1443 2380 1514 exquisitissimis,
2410 1451 2575 1512 atque
2617 1458 2684 1514 es
2727 1442 2967 1514 qualibet
2999 1444 3368 1514 remotissima
3399 1451 3487 1496 to-

1910 1511 2020 1583 tius
2066 1522 2224 1568 terrae
2269 1521 2424 1583 parte
2472 1511 2758 1579 advectis,’
2792 1514 3215 1583 putaAmurenis
3260 1511 3486 1579 Siculis,

1910 1582 2156 1666 Dieandri
2184 1580 2458 1666 anguinis,
2509 1582 2642 1666 hieli
2675 1580 2875 1666 hmdis,
2929 1580 3135 1666 Siziethi
3170 1584 3485 1666 mugilibus,

1909 1654 2141 1723 aliisque
2184 1653 2562 1724 hujuscemodi
2590 1654 2858 1723 piscibus,
2895 1653 3110 1717 avibus,
3139 1653 3338 1709 ostreis
3367 1657 3489 1708 ani-

1908 1725 2250 1793 malibusque
2276 1739 2534 1795 perquam
2570 1724 2871 1781 rarissimis
2919 1737 3049 1795 suas
3094 1738 3310 1795 semper
3335 1740 3491 1779 men-

219 1796 272 1875 si
303 1794 756 1875 vituperationem
785 1804 839 1851 et
871 1796 1058 1875 laudes
1086 1794 1209 1852 esse
1238 1794 1469 1875 maxime
1494 1794 1802 1875 necessaria
1835 1820 1878 1875 Β
1908 1809 1999 1875 εἶχε
2025 1810 2133 1849 ιιοη
2164 1794 2641 1875 tatn’iustruehant
2662 1809 2832 1875 quam
2860 1794 3181 1875 onerabant.
3206 1794 3489 1875 Nequeiis

220 1866 544 1921 hominibus
567 1867 958 1921 medicamenta
979 1867 1401 1924 demonstraret.
1427 1868 1581 1934 Quod
1607 1882 1799 1926 rursus

218 1934 546 2007 Pythagora:
579 1934 745 1991 Samii
785 1936 951 1992 allato
973 1938 1217 1992 carmine
1242 1938 1466 2007 pulchre
1492 1940 1796 1995 conﬁrmat.

218 2005 425 2081 subdit
452 2008 556 2081 alia
585 2021 706 2081 esse
720 2007 1017 2081 innumera
1040 2023 1107 2062 ex
1141 2005 1338 2081 quibus
1362 2011 1622 2081 nonnulla
1653 2026 1801 2081 qua:-

219 2077 351 2149 dam
397 2077 582 2149 refert,
615 2076 911 2149 Scriptura:
951 2090 1123 2149 sacrm
1148 2076 1227 2149 ile
1270 2080 1528 2149 parandis
1561 2076 1718 2137 bonis
1746 2090 1802 2136 et

220 2147 387 2218 malis
417 2146 708 2218 fugiendis,
738 2146 877 2213 loca,
911 2148 1112 2218 quibus
1135 2146 1462 2205 Christiana:
1495 2152 1617 2205 vitae
1643 2152 1801 2206 insti-

217 2217 403 2289 tutio,
426 2217 498 2271 et
527 2218 860 2273 conveniens
913 2217 980 2272 ad
1028 2220 1396 2289 comparanda
1434 2230 1648 2277 aeterna:
1678 2224 1801 2277 vitae

214 2288 443 2360 praemia
470 2289 607 2342 ratio
637 2290 937 2360 luculenter
961 2288 1268 2345 exhibetur.
1294 2288 1531 2360 Denique
1560 2306 1621 2345 ea
1651 2294 1799 2347 sum-

213 2372 348 2412 cere
386 2356 542 2433 dixit,
578 2373 700 2429 quae
729 2359 797 2433 de
832 2359 934 2413 hoc
968 2356 1675 2433 Christianosinformandi
1706 2379 1799 2433 ge-

213 2442 352 2481 nere
397 2428 663 2485 hactenus
712 2428 1102 2498 disputavcrat.
1134 2428 1363 2483 Addit"
1396 2439 1579 2486 tamen
1611 2428 1799 2489 corre-

212 2499 437 2567 ptiones
484 2514 616 2572 cuiu
658 2515 829 2571 grano
850 2568 863 2572 _
873 2499 1086 2572 sinapis
1118 2500 1581 2572 “recte‘aVerbo
1613 2503 1798 2557 divino

211 2569 550 2645 comparari.
577 2567 643 2622 Et
665 2567 812 2645 sane
834 2567 1246 2645 divinumillud
1273 2568 1510 2645 Verbum
1533 2587 1629 2642 per
1648 2572 1797 2645 Moy-

209 2650 314 2693 seu
364 2639 613 2711 aliosque
658 2640 975 2711 prophetas,
1012 2640 1110 2696 sed
1147 2654 1257 2696 non
1289 2642 1406 2711 sine
1440 2639 1709 2697 minarum
1738 2639 1797 2700 et

212 2656 314 2693 seu
364 2656 612 2763 aliosque
658 2656 975 2764 prophetas,
1012 2656 1110 2696 sea
1147 2656 1257 2696 non
1289 2656 1406 2696 sine
1440 2657 1709 2697 minarum
1742 2656 1794 2700 et

212 2710 453 2781 terroris
477 2725 505 2763 a
551 2710 751 2765 minicu
776 2728 829 2776 η,
854 2725 975 2781 quo,
988 2710 1241 2781 homines
1273 2711 1341 2765 ad
1367 2710 1531 2781 ﬁdem
1553 2723 1794 2768 nostram

210 2779 556 2852 disponeret,
603 2779 889 2852 paedagogi
920 2780 1098 2836 ofﬁcio
1131 2780 1476 2852 fungebatur.
1513 2780 1633 2837 Jam
1668 2800 1797 2839 vero

198 2847 556 2906 Christianos
587 2847 782 2907 divina'
799 2847 1046 2915 scientia,
1071 2866 1135 2905 ac
1156 2847 1370 2907 summa
1398 2853 1791 2918 benevolentia,

208 2927 271 2976 et
303 2918 518 2992 dicendi
558 2920 809 2976 libertate
850 2921 1137 2992 pratceptis
1167 2922 1283 2977 suis
1317 2922 1511 2976 imbuit
1537 2934 1590 2978 et
1623 2924 1795 2978 infor-

208 2988 505 3062 litat._ﬂ.ec
538 3001 721 3046 autem
752 2988 872 3060 ejus
904 2988 1169 3061 praecepta
1194 2994 1258 3051 ".
1294 3006 1472 3062 neque
1501 2994 1793 3049 admodum

208 3058 452 3133 d’illicilia
487 3071 637 3133 sunt,
669 3058 845 3133 neque
886 3058 996 3131 pm
1038 3058 1644 3132 benignitate—nimium
1681 3067 1795 3119 dis-

208 3131 415 3220 soluta,
450 3133 545 3220 seu
574 3131 936 3220 singulis‘si‘c'
962 3131 1325 3220 attemperata
1346 3142 1407 3187 ut
1438 3134 1513 3220 ab
1536 3136 1792 3190 omnibus
1819 3163 1861 3220 ρ

210 3200 376 3273 facile
405 3202 593 3273 perlici
628 3200 861 3272 possint.
893 3201 1011 3257 Non
1040 3200 1202 3256 aliam
1235 3203 1434 3273 quippe
1462 3204 1533 3258 ob
1568 3218 1791 3260 causam

207 3269 433 3345 divinus
463 3272 549 3327 hic
577 3269 906 3345 Piedagogus
936 3281 1215 3345 terrenum
1243 3269 1518 3328 hominem
1545 3274 1697 3329 ﬁnxit
1727 3292 1789 3329 ex

207 3341 454 3411 pulvere,
487 3358 629 3414 aqua
658 3341 1021 3411 regeneravit,
1054 3343 1205 3414 auxit
1234 3344 1449 3414 spiritu,
1468 3346 1796 3401 nisiutsuo-

212 3426 338 3464 rum
367 3413 743 3486 observatione
772 3415 1153 3486 mandatorum
1177 3413 1330 3468 illum
1366 3416 1421 3470 in
1454 3418 1791 3486 supercalc-

205 3490 351 3536 stem
388 3482 658 3537 hominem
691 3482 1129 3539 tra'nsformaret.

279 3554 324 3604 A
358 3554 515 3624 nobis
539 3554 706 3624 igitur
737 3554 816 3608 sic
851 3554 1157 3609 audiendus
1183 3561 1289 3618 est,
1312 3561 1373 3609 ut
1394 3554 1578 3612 Patris
1598 3560 1792 3615 volun-

200 3627 376 3697 tatem
393 3623 512 3697 13
542 3623 848 3697 implentes,
876 3625 927 3697 ei
959 3624 1165 3697 similes
1192 3626 1511 3697 efﬁciamur.
1540 3626 1599 3681 ld
1627 3644 1791 3697 porro

211 3706 242 3746 a
279 3692 439 3747 nobis
467 3692 593 3747 vere
624 3692 1007 3764 praestabitur,
1040 3694 1088 3749 si
1118 3693 1333 3750 facilem
1362 3696 1568 3751 victum
1607 3692 1793 3756 colen-

201 3768 312 3835 tes,
329 3778 743 3835 supervacanea
772 3773 1117 3835 respuentes,
1143 3765 1209 3818 de
1238 3766 1480 3821 crastino
1511 3768 1647 3822 nihil
1677 3772 1789 3824 sol-

204 3832 367 3906 liciti,
392 3840 445 3887 et
461 3842 665 3906 nostra
688 3842 837 3890 sorte
862 3832 1076 3906 semper
1105 3836 1369 3899 contenti,
1394 3835 1784 3906 frugalitatem,

205 3902 683 3977 moderationem,“
713 3919 953 3959 amorem
982 3902 1276 3977 'libertatis
1300 3944 1314 3969 ,
1377 3902 1785 3977 benignitatem,

206 3970 514 4048 honestatis
544 3974 1403 4048 studium._atque_assiduamet
1448 3970 1655 4048 ab'sque
1696 3970 1787 4034 so;

205 4042 395 4117 cordia
422 4045 505 4098 vel
534 4044 861 4117 negligentia
890 4042 1127 4099 dandam
1156 4046 1346 4100 virtuti
1379 4042 1599 4117 Operam
1628 4049 1697 4104 ab
1720 4066 1788 4105 eo

208 4114 995 4189 discauius.__Christianorum
1046 4116 1313 4189 siquidem
1360 4114 1463 4172 hoc
1511 4120 1786 4189 peculiare

203 4191 289 4238 est
343 4184 557 4239 vivendi
606 4201 815 4255 genus,
861 4195 919 4241 ut
966 4185 1023 4241 in
1061 4184 1318 4250 incessu,
1356 4184 1634 4253 accubitu,
1680 4192 1783 4245 ali-

206 4261 435 4330 mento,_
444 4270 638 4330 somno
661 4255 1026 4330 omnibusque
1068 4260 1194 4312 Vitae
1223 4260 1530 4330 actionibus
1553 4260 1701 4330 justa
1730 4270 1785 4318 et

202 4324 969 4398 aequabili‘moderationepsit
998 4333 1380 4398 temperatum.
1418 4324 1592 4384 Divini
1634 4332 1782 4387 enim

202 4395 479 4469 paedagogi
518 4397 695 4469 nostri
727 4397 919 4469 ea_l'uit
958 4395 1378 4469 doctrina,quaa
1407 4407 1628 4469 peccata
1662 4403 1782 4457 sine

200 4466 636 4538 dissimulatione
663 4467 858 4538 arguit,
891 4469 1064 4524 malas
1094 4466 1611 4525 animi'alfectiones
1638 4472 1782 4526 indi-

202 4537 367 4599 cavit,
398 4513 755 4606 cupiditatun'i
800 4513 1004 4593 escidit
1051 4541 1286 4603 radices,
1332 4513 1783 4598 omniauauhu-nude
1812 4513 1856 4569 Β

201 4606 571 4681 suppeditavit
623 4608 878 4681 vitiorum
940 4610 1202 4681 remedia,
1242 4626 1320 4681 ac
1367 4626 1488 4681 quae
1536 4626 1567 4665 a
1622 4614 1783 4668 nobis

200 4676 411 4745 agenda
434 4684 583 4743 sunt,
615 4678 763 4733 clare
795 4678 1210 4735 demonstravit.
1240 4676 1527 4745 Eam'ergo
1556 4681 1626 4738 ob
1651 4698 1780 4737 cau-

200 4703 411 4745 agcuuu
434 4703 583 4743 auus,
615 4703 763 4733 mare
795 4703 1210 4735 uculunbu'avu.
1241 4703 1370 4735 uuln
1396 4703 1456 4735 cr
1476 4703 1527 4734 ὐ
1556 4703 1626 4738 (ID
1651 4703 1780 4737 cau-

199 4761 318 4802 sam
353 4755 544 4830 auctor
583 4757 773 4806 noster
802 4749 1084 4805 concludit
1130 4764 1381 4807 summas
1422 4703 1503 4807 iiii
1539 4754 1781 4825 agendas

197 4832 326 4873 esse
352 4828 577 4874 gratias.

270 4833 646 4962 ifogiféﬁ'm
688 4887 745 4945 id
781 4887 963 4962 adhuc
996 4888 1292 4947 dilucidius
1322 4898 1524 4962 pateat,
1553 4893 1629 4949 ibi
1663 4894 1778 4951 sin-

196 4959 360 5031 gulas
402 4960 632 5031 peccati,
669 4960 1006 5029 cupiditatis,
1051 4970 1251 5026 metus,
1282 4959 1575 5031 voluptatis
1619 4963 1775 5019 affert

194 5027 565 5104 deﬁnitiones.
596 5027 802 5104 Dehinc
831 5031 1130 5104 hominem,
1158 5027 1524 5088 inobedientia
1552 5050 1652 5090 sua
1684 5035 1776 5104 ju-

196 5100 401 5176 meutis
428 5099 543 5176 fieri
565 5100 818 5176 similem,
843 5109 903 5176 et
925 5101 996 5155 ob
1017 5110 1298 5176 peccatum
1315 5105 1540 5176 ratione
1570 5099 1774 5176 privari

197 5184 277 5256 εδ
292 5169 422 5256 ipsa
445 5171 665 5256 virtutis
687 5178 744 5256 et
764 5169 1517 5256 philosophiaeIdespriptione
1541 5169 1770 5256 colligit.

199 5235 343 5301 Tum
379 5239 718 5311 demonstrat
760 5235 883 5311 qua:
912 5251 966 5297 et
984 5235 1187 5310 'qualis
1219 5243 1290 5297 sit
1317 5235 1611 5302 Christiani
1639 5235 1771 5308 vita,

195 5316 253 5365 et
282 5324 403 5383 qua;
424 5309 863 5383 ejusoiﬁcia,'de
893 5309 1091 5381 quibus
1121 5313 1433 5383 singulatim
1485 5315 1542 5369 in
1583 5316 1776 5373 subse-

195 5380 785 5505 ?:£I$i::sldeinceps
828 5380 982 5438 libris
1007 5380 1324 5454 ,disputatio
1357 5385 1425 5439 ab
1455 5385 1574 5457 ipso
1616 5386 1775 5441 insti-

463 5468 489 5505 s
519 5492 535 5505 .

197 5458 404 5508 tuenda
430 5458 535 5508 est.

720 5544 927 5601 ARTIC
937 5544 1127 5603 ULUS
1175 5544 1242 5600 ll.

640 5637 889 5709 Analysis
924 5638 1048 5692 libri
1084 5637 1316 5693 secundi.

270 5723 459 5789 Qualis
487 5728 633 5781 omni
666 5728 791 5783 vita:
817 5744 928 5784 suae
956 5739 1197 5802 tempore
1237 5730 1428 5786 debeat
1457 5744 1579 5785 esse
1609 5728 1765 5784 Chri-

269 5840 324 5901 "_
340 5854 458 5911 cap.
491 5841 579 5898 10.
653 5843 698 5876 ¹⁶
724 5858 844 5915 cap.
876 5845 957 5900 ιι.

1905 1865 2090 1928 etiam,
2125 1864 2217 1933 qui
2266 1865 2490 1935 opipara
2522 1864 2770 1934 quaedam
2815 1864 3124 1935 prandiola,
3158 1880 3252 1919 seu
3305 1866 3492 1934 potius

1905 1935 2081 2006 lautas
2107 1934 2606 2006 caanulasiragapas
2630 1936 2901 2006 appellare
2931 1934 3222 1999 audebant,
3257 1949 3487 2006 parcen-

1902 2004 2032 2075 dum
2062 2005 2290 2075 putavit.
2342 2003 2486 2060 Nihil
2508 2003 2679 2060 ‘enim'
2702 2003 2744 2059 'a
2776 2006 3062 2067 charitate,
3093 2018 3213 2075 quae
3256 2003 3360 2059 hoc
3387 2020 3486 2075 po-

1903 2074 2119 2146 steriori
2144 2075 2363 2146 nomine
2393 2075 2752 2146 signiﬁcatur,
2776 2082 2830 2130 et
2865 2077 2917 2129 in
2951 2074 3124 2146 cujus
3154 2075 3346 2131 laudes
3377 2074 3486 2146 ibi-

1902 2146 2042 2217 demu
2078 2144 2231 2217 haud
2274 2144 2610 2217 ineleganter
2633 2146 2896 2217 excurrit,
2943 2144 3117 2217 magis
3146 2160 3307 2216 quam
3337 2145 3515 2215 ejus--

1900 2214 2048 2269 modi
2077 2215 2328 2271 convivia
2354 2214 2651 2271 abhorrere
2678 2214 3136 2270 demonstratIEt
3165 2214 3298 2270 vero
3325 2214 3483 2272 caena

1899 2283 2424 2350 Christinianorum,
2463 2286 2664 2357 inquit,
2693 2287 2874 2357 tenuis
2900 2286 3124 2340 omnino
3149 2301 3272 2341 esse
3297 2285 3481 2352 debet,

1900 2362 2135 2427 aptaque
2169 2357 2235 2410 ad
2266 2357 2500 2427 vigilias,
2534 2356 2636 2411 nec
2664 2356 2779 2427 illa
2809 2358 3089 2410 variorum
3136 2357 3384 2411 cibomm
3428 2365 3483 2411 et

1898 2425 2253 2481 bellariorum
2300 2425 2526 2481 condita
2564 2425 2934 2492 multitudine,
2984 2441 3092 2497 qua
3140 2441 3249 2481 non
3300 2428 3486 2483 minus

1899 2498 2081 2568 segnis
2108 2506 2161 2551 et
2195 2497 2343 2568 iners
2359 2498 2572 2568 anima,
2596 2511 2764 2568 quam
2816 2498 3132 2568 languidum
3185 2511 3387 2568 corpus
3431 2506 3491 2553 et

1896 2565 2213 2639 morbosum
2243 2565 2631 2639 redditurAAb
2676 2566 2763 2622 his
2815 2565 3097 2639 praeterea,
3129 2565 3488 2639 quemadmo-

1897 2634 2026 2708 dum
2062 2651 2093 2690 a
2137 2637 2352 2692 caeteris
2386 2637 2643 2692 omnibus
2681 2634 2973 2702 conviviis,
3006 2639 3121 2692 vult
3147 2634 3353 2708 triplex
3385 2640 3484 2691 bo-

1898 2706 2106 2779 minurn
2134 2722 2329 2775 genus,
2367 2708 2701 2779 adulatores,
2739 2708 3029 2779 parasitas,
3061 2717 3116 2779 et
3146 2706 3482 2779 gladiatores

1898 2776 2105 2848 muscis
2133 2786 2187 2831 et
2224 2777 2473 2848 mustelis
2517 2780 2678 2848 plene
2726 2776 2937 2833 similes
2986 2776 3169 2847 abigi.‘
3186 2779 3364 2848 Atque
3405 2778 3493 2833 ibi

1898 2846 2074 2919 pbiter
2109 2848 2303 2917 probat
2349 2847 2423 2919 ab
2469 2846 2787 2919 idolothytis
2817 2863 3032 2919 semper
3070 2846 3477 2919 abstinendum.

1899 2913 1987 2987 _Ea_
2026 2913 2208 2970 tamen
2254 2924 2339 2972 est
2376 2917 2497 2987 ejus
2546 2919 2603 2973 in
2642 2913 2892 2974 homines
2935 2913 3116 2971 adhuc
3146 2918 3482 2974 inﬁrmiores

1897 2984 2258 3056 indulgentia,
2295 2995 2352 3042 ut
2400 2984 2470 3042 iis
2520 3004 2627 3042 non
2670 3003 2887 3043 omnem
2914 2988 3118 3042 adimat
3146 2990 3484 3043 ferculorum

1898 3066 2241 3131 apparatum,
2261 3057 2355 3131 sed
2385 3073 2614 3131 pravum
2643 3058 2925 3131 duntaxat
2939 3074 3060 3131 sese
3083 3059 3476 3131 ingurgitandi,

1898 3134 2084 3197 totque
2112 3128 2362 3192 obsonia,
2396 3129 2765 3192 condimenta,
2797 3144 2860 3182 ac
2897 3128 3241 3186 delicatiores
3254 3128 3481 3198 'magni-

1936 3214 2001 3252 ue
2048 3199 2208 3268 pretii
2255 3198 2409 3254 cibos
2457 3199 2750 3270 adhibendi
2776 3198 3229 3270 consuetudinem
3260 3201 3478 3270 penitus

1932 3275 2115 3340 amnet
2142 3275 2197 3323 et
2224 3270 2546 3340 proscrihat.
2583 3269 2931 3340 Manifestum
2955 3270 3154 3325 deinde
3187 3269 3317 3340 facit
3345 3271 3477 3340 quid

1891 3336 2246 3403 Christianis,
2278 3339 2325 3395 sl
2356 3340 2426 3394 ab
2462 3340 2586 3395 aliis
2618 3339 2782 3396 etiam
2819 3340 3131 3395 inﬁdelibus
3162 3339 3231 3393 ad
3261 3336 3474 3396 caenum

1890 3407 2212 3482 invitentur,
2241 3411 2326 3465 vel
2361 3410 2406 3465 si
2440 3411 2543 3482 ipsi
2573 3410 2860 3481 quospiam
2896 3411 3149 3475 invitent,
3195 3410 3267 3465 sit
3310 3425 3477 3482 agen-

1892 3478 2042 3543 dum,
2074 3495 2348 3551 quamque
2371 3478 2616 3551 modeste
2646 3478 2798 3535 cibos
2821 3494 3037 3537 sumere
3069 3490 3123 3535 et
3152 3478 3479 3535 mensis'ac-

1891 3549 2148 3620 cumbere
2180 3549 2435 3606 debeant.
2477 3549 2556 3604 lbi
2608 3560 2791 3607 autem
2836 3552 3033 3605 bonam
3080 3551 3300 3620 quidem
3353 3565 3477 3606 esse

1891 3616 2136 3673 declarat
2164 3621 2274 3674 vini
2313 3621 2605 3690 carnisque
2633 3621 3018 3675 abstinentiam
3042 3638 3058 3687 ;
3083 3616 3260 3689 neque
3292 3628 3472 3676 tamen

1889 3702 1984 3742 eos
2015 3704 2263 3761 peccare,
2301 3692 2395 3761 qui
2441 3691 2550 3746 illis
2586 3691 2865 3745 moderate
2895 3697 2949 3761 et
2978 3699 3276 3761 temperate
3307 3700 3475 3745 utun-

1888 3765 1999 3811 tur.
2031 3759 2100 3812 At
2131 3760 2187 3815 in
2217 3759 2392 3816 caenis
2421 3761 2679 3816 omnibus
2720 3760 3035 3815 sectandam
3077 3759 3469 3830 frugalitatem,
3562 3792 3571 3799 ι

1888 3830 2343 3902 quemadmodum
2379 3845 2571 3887 omnes
2625 3845 2851 3902 prorsus
2896 3830 3127 3902 abillis
3171 3831 3471 3902 abigendas

1888 3900 2113 3973 delicias
2140 3909 2194 3973 et
2233 3899 2852 3973 vitandaming'luviem.
2884 3900 3095 3973 Quibus
3125 3899 3306 3973 autem
3330 3899 3495 3959 cibis.

1888 3970 2208 4025 instruenda
2231 3972 2303 4027 sit
2327 3970 2766 4026 Christianorum
2794 3985 3005 4035 mensa,
3022 3970 3274 4042 breviter
3299 3985 3469 4042 expo-

1888 4041 1989 4101 nit.
2023 4048 2106 4112 et_
2110 4041 2247 4098 cibis
2281 4042 2608 4112 lautioribus
2636 4042 2771 4112 dicit
2801 4042 2979 4112 ventri
3004 4040 3305 4112 daemonem
3330 4040 3466 4112 prte-

1885 4126 2029 4183 esse.
2066 4108 2203 4167 Tum
2242 4110 2394 4166 varia
2420 4111 2700 4183 et_ieximia
2731 4111 3061 4183 frugalitatis
3097 4120 3152 4165 et
3185 4108 3469 4183 abstinen-

1887 4182 2008 4244 tiae,
2050 4183 2302 4262 quamvis
2350 4181 2667 4262 indiil’erens
2686 4181 3179 4262 _sitr_'cunctoruml
3217 4181 3464 4262 cibprum

1887 4266 2040 4317 usus,
2068 4250 2125 4305 in
2154 4251 2426 4318 Matthaeo,
2451 4251 2660 4322 Joanne
2686 4251 2930 4322 Baptista
2948 4260 3002 4305 et
3029 4251 3277 4322 apostolo
3300 4250 3465 4307 Petro

1883 4322 2132 4392 exempla
2162 4323 2438 4392 proponit.
2472 4321 2674 4377 Probat
2709 4321 2889 4377 autem
2920 4321 3063 4376 hanc
3091 4321 3461 4389 frugalitatem

1884 4407 1994 4446 non
2029 4391 2206 4446 solum
2236 4391 2478 4449 Mosaica
2526 4393 2642 4463 lege
2675 4391 3071 4463 commendari,
3106 4393 3201 4447 sed
3234 4392 3483 4446 nimiam.

1884 4477 2102 4545 quoque
2130 4464 2510 4545 alimentorum
2543 4462 2756 4545 cupiam
2782 4462 3107 4545 corporibus
3132 4463 3217 4545 ita
3247 4463 3462 4545 obesse,

1885 4531 1943 4587 ut
1973 4531 2146 4598 Plato,
2191 4548 2222 4586 a
2271 4532 2471 4589 Davide
2507 4531 2756 4599 edoctus,
2792 4531 3077 4603 fugiendos
3114 4532 3463 4587 delicatiores

1876 4603 2037 4659 cibos
2066 4604 2362 4675 censuerit.
2399 4603 2643 4675 Denique
2681 4604 2961 4658 helluones
2990 4604 3039 4657 ei
3070 4603 3209 4672 pisci
3249 4603 3459 4657 similes

1883 4688 2007 4729 esse
2033 4674 2133 4738 ait,
2165 4676 2253 4729 cui
2283 4689 2479 4729 nomen
2511 4674 2596 4729 ρει
2627 4676 2817 4740 asello,
2851 4681 2906 4728 et
2928 4675 3023 4744 qui
3056 4675 3111 4727 in
3144 4679 3333 4728 ventre
3358 4686 3461 4727 suo

1878 4759 1980 4815 cor
2004 4744 2207 4799 habere
2246 4745 2583 4815 perhibetur.

1956 4813 2031 4869 De
2060 4824 2192 4884 potu
2237 4811 2417 4869 autem
2448 4815 2530 4869 sic
2560 4813 2752 4869 statuit
2774 4814 2840 4868 η.
2872 4813 3009 4869 Cum
3040 4812 3243 4867 Paulus
3272 4811 3458 4867 Timo-

1881 4885 2023 4939 thzeo
2066 4883 2145 4940 ’ob
2196 4885 2558 4957 languentem»
2584 4883 2962 4957 tantummodo
3006 4894 3060 4957 et
3106 4889 3461 4957 mgrotantem

1883 4956 2225 5009 stomachum
2265 4952 2481 5010 modico
2509 4955 2637 5010 vino
2667 4954 2745 5007 uti
2778 4952 3271 5024 permiserit,hinc
3310 4952 3462 5024 colli-

1880 5027 1967 5097 git
1982 5040 2194 5097 aquam
2208 5026 2370 5097 sanis
2399 5025 2713 5097 homiuibus
2731 5021 2806 5097 ad
2818 5025 2969 5097 sitim
2992 5021 3457 5097 exstinguendam

1879 5091 2145 5176 sufﬁcere.
2177 5094 2362 5176 N‘eque
2391 5096 2535 5151 enim
2562 5094 2704 5176 Deus
2760 5091 2906 5176 aliud
2952 5095 3055 5148 nisi
3100 5091 3295 5176 aquam
3344 5091 3453 5176 lle-

1876 5166 2038 5221 braeis
2086 5167 2143 5220 in
2192 5164 2407 5222 deserto
2451 5166 2764 5221 errantibus
2812 5167 3047 5235 primum
3086 5164 3452 5235 ministravit;

1876 5251 2061 5309 neque
2081 5235 2220 5309 illis,
2248 5237 2353 5291 nisi
2383 5244 2506 5306 post
2533 5233 2839 5309 exatluntos
2862 5235 3185 5309 innumeros
3210 5233 3449 5309 iaboi'es,

1879 5301 2004 5361 eum
2030 5306 2180 5361 dedit
2207 5301 2447 5382 botrum,
2479 5307 2652 5382 quiet
2668 5304 2998 5382 Christianae
3024 5304 3147 5382 ﬁdei
3174 5301 3245 5358 ab
3270 5302 3452 5382 ethni-

1879 5391 1957 5431 cre
1987 5377 2390 5447 superstitionis
2418 5376 2701 5447 erroribus
2729 5376 2970 5430 liberatae
2996 5376 3255 5445 quietem,
3290 5381 3344 5427 et
3371 5376 3451 5426 vi-

1878 5462 2011 5501 num
2055 5446 2403 5502 Sanctissimo
2438 5446 2791 5502 Eucharistiae
2829 5446 2889 5500 in
2924 5453 3269 5502 sacramento
3308 5458 3451 5513 aqua

1878 5517 2132 5583 dilutum,
2164 5533 2228 5572 ac
2253 5519 2310 5572 in
2333 5518 2537 5573 Christi
2562 5517 2882 5588 sanguinem
2905 5517 3102 5573 deinde
3124 5527 3451 5588 conversum

1872 5590 2106 5663 mystice
2142 5588 2504 5663 signiﬁcabat.
2540 5583 2805 5663 Quocirca
2836 5602 2954 5663 ‘eos
2981 5599 3197 5663 _omnes
3242 5583 3448 5663 laudat.

1872 5655 1968 5727 qui
1998 5673 2138 5731 aqua
2170 5655 2285 5713 sola
2314 5658 2577 5731 contenti,
2613 5658 2798 5731 vinum
2832 5655 3109 5731 fugiebant
3120 5673 3141 5731 _;
3178 5669 3239 5708 ac
3267 5655 3473 5731 pueris.

1876 5721 2183 5799 puellisque
2209 5731 2358 5786 omni
2408 5729 2625 5802 penitus
2669 5729 2818 5784 illius
2875 5721 3164 5788 interdicit
3215 5721 3337 5779 usu.
3385 5721 3477 5775 Iis.
3541 5797 3544 5800 ῃ

1037 5845 1079 5876 ¹⁷
1104 5860 1224 5917 cap.
1254 5844 1339 5902 l2.
1417 5845 1460 5878 ¹⁸
1486 5859 1611 5917 cap.
1639 5845 1695 5900 l.
1767 5844 1808 5875 ¹⁰
1834 5858 1952 5915 cap.
1983 5842 2047 5899 2..
2118 5860 2121 5865 ·
