3964 6312
648 317 753 372 819

648 527 731 576 tu.
767 515 832 568 ad
863 528 1074 568 coenam
1110 512 1326 566 modico
1350 513 1513 583 vino,_
1532 512 1755 567 senibus
1783 512 1944 583 paulo
1977 512 2224 581 uberius,

649 585 744 641 sed
794 584 928 638 nulli
970 598 1208 654 unquam
1243 583 1362 638 sine
1393 581 1890 638 moderatione—uti
1941 585 2221 654 permittit.

650 655 788 711 Illud
823 655 992 713 enim.
1019 652 1116 709 sed
1146 668 1286 722 aqua
1317 668 1530 722 semper
1559 652 1956 723 temperatum,'
1971 655 2114 710 sicut
2137 671 2227 710 sa-

651 727 805 780 nitati
842 725 1148 795 proficuum
1178 732 1281 789 est,
1337 723 1413 776 ita
1452 722 1742 795 immodice
1780 731 2023 793 potatum
2053 725 2224 794 pluri-

648 812 758 858 ma,
790 792 912 865 quae
941 795 1009 848 ab
1042 809 1107 849 eo
1137 801 1514 865 recensentur.
1542 792 1754 865 _damna
1786 792 1970 863 atque
2017 792 2226 849 incom-

648 861 994 920 moda'afl'ert
1041 873 1097 918 et
1145 864 1422 934 importat.
1478 861 1556 916 lbi
1605 878 1768 933 porro
1798 861 2138 920 ebriosorum
2169 873 2226 920 et

647 937 1072 990 temulentorum
1107 934 1388 988 hominum
1443 943 1592 1001 gesta
1627 934 1826 1003 paucis
1869 935 1986 990 ideo
2016 935 2224 989 descri-

647 1008 747 1070 bit,
780 1014 838 1059 ut
867 1021 1057 1061 omnes
1103 1005 1171 1076 ab
1217 1005 1518 1076 ebrietate,
1550 1019 1708 1072 quam
1749 1020 1903 1076 sacra
1939 1005 2224 1076 Scriptura

648 1077 925 1147 prohiberi
957 1075 1216 1147 ostendit,
1245 1074 1459 1129 facilius
1490 1074 1826 1147 dehortetur.
1857 1074 2222 1147 Quamobrem

649 1145 926 1202 subnectit
977 1163 1006 1200 a
1048 1145 1291 1208 Christo,
1321 1145 1554 1217 tametsi
1585 1160 1802 1214 aquam,
1839 1145 1966 1200 dum
2017 1147 2222 1217 nuptiis

649 1219 960 1278 interesset,
994 1217 1284 1271 mutaverit
1317 1216 1372 1268 in
1408 1216 1615 1278 vinum,
1648 1232 1709 1270 ea
1738 1225 1921 1270 tamen
1968 1216 2218 1270 immuta.

646 1289 795 1346 tione
846 1289 1070 1342 minime
1123 1287 1341 1356 quidem
1391 1287 1710 1356 permissam
1751 1286 2089 1347 ebrietatem,
2126 1287 2221 1341 sed

646 1361 841 1424 vitam,
883 1374 1056 1429 aqueo
1101 1359 1319 1429 veteris
1350 1358 1484 1425 legis
1532 1357 1717 1429 sensui
1770 1358 2221 1429 sanguineillius

648 1431 877 1494 datam,
933 1427 1223 1497 allegorice
1289 1427 1576 1482 declarari.
1643 1427 1956 1481 Praescribit
2029 1427 2224 1484 deinde

647 1510 914 1570 quantum
939 1501 1048 1553 vini
1078 1500 1253 1554 hieme
1281 1508 1373 1570 aut
1403 1499 1507 1570 alio
1535 1505 1778 1570 tempore
1807 1497 2100 1554 bibendum
2128 1499 2219 1570 sit.

647 1569 899 1642 vetatque
949 1586 1023 1642 ne
1063 1571 1184 1624 vina
1205 1569 1464 1642 _ardentia
1499 1582 1562 1642 ac
1620 1569 1851 1642 fumosa,
1885 1575 1937 1623 et
1986 1569 2222 1642 ex___a|iis

647 1638 828 1711 longe'
851 1641 1060 1711 dissitis
1106 1639 1442 1711 regionibus
1471 1638 1716 1711 advecta,
1751 1638 1944 1711 Chium
1988 1639 2218 1711 scilicet,

646 1706 950 1775 Ariusium,
1003 1706 1285 1769 Thasium,
1328 1709 1602 1778 Lesbium,
1652 1710 1947 1770 Creticum,
1984 1706 2220 1778 Syracu-

649 1783 812 1844 sium,
851 1781 1207 1843 Mendesium,
1256 1779 1508 1840 Naxium,
1548 1777 1814 1843 ltalicum,
1856 1779 1924 1832 ab
1962 1777 2072 1834 ullo
2118 1797 2220 1834 un-

647 1869 811 1922 quam
849 1853 1066 1907 homine
1096 1850 1462 1922 requirantur.
1493 1847 1758 1922 Omnibus
1784 1849 2050 1922 siquidem
2080 1851 2222 1904 indi-

644 1920 782 1993 gena
834 1923 958 1978 vina
1005 1921 1250 1993 suijcere
1293 1920 1522 1976 definit:
1567 1921 1673 1976 nisi
1716 1921 1854 1976 forte
1887 1921 2074 1993 aliqui,
2113 1938 2224 1976 non

645 1991 805 2049 secus
827 2009 890 2047 ac.
921 1993 1070 2047 stulti
1094 1992 1417 2046 Parthorum
1442 2005 1620 2059 reges,
1637 2005 1820 2046 secum
1838 1991 2004 2045 velint
2027 2006 2220 2060 aquam

645 2079 864 2133 quoque
893 2069 1194 2133 asportare.
1233 2060 1412 2133 Monet
1459 2061 1693 2118 subinde
1735 2067 1942 2133 quanta
1983 2061 2222 2115 bibendo

643 2130 1009 2196 esse—debeat,
1055 2131 1307 2202 Minervae
1335 2130 1502 2202 etiam
1535 2132 1804 2202 exemplo,
1840 2132 2140 2202 honestatis
2169 2140 2224 2186 et

645 2204 906 2259 decentia:
939 2219 1094 2258 cura.
1127 2201 1382 2272 Quaedam
1419 2200 1708 2257 enimvero
1732 2212 1920 2272 gentes
1947 2201 2222 2257 bellicosa:

643 2274 894 2329 ebrietati
944 2272 1227 2342 indulgent
1256 2271 1497 2341 quidem,
1524 2272 1626 2342 sed
1669 2271 2219 2342 paciﬁciChristiani

643 2344 844 2400 debent
878 2343 946 2398 ad
971 2340 1177 2398 Christi
1209 2340 1403 2405 instar,
1443 2341 1536 2410 qui
1566 2340 1752 2396 vinum
1786 2340 2221 2398 moderatissime

643 2414 914 2478 adhibuit,
950 2413 1308 2468 moderationi
1361 2426 1425 2466 ac
1471 2412 1753 2468 sobrietati
1787 2412 2025 2468 studere.
2061 2411 2217 2467 Inve-

642 2483 793 2538 hitur
819 2484 1013 2539 deinde
1043 2485 1098 2537 in
1125 2485 1380 2554 mulieres
1408 2497 1527 2552 quae
1563 2483 1666 2554 14
1696 2483 2044 2554 alabastrinis
2073 2483 2220 2554 vasis

644 2554 901 2610 indecore
934 2555 1206 2616 bibentes,
1239 2548 1439 2608 collum
1473 2548 1770 2607 nudabant.
1797 2553 2080 2607 Postremo
2102 2548 2219 2607 hel-

644 2625 837 2680 luones
889 2640 1013 2679 cum
1066 2624 1326 2692 acephalo
1374 2629 1649 2678 errantem
1699 2623 1912 2679 stellam
1965 2631 2213 2691 antegre-

641 2696 842 2758 diente,
876 2704 929 2748 ct
957 2710 1079 2748 cum
1109 2693 1376 2764 Elpenore
1407 2702 1707 2761 comparat,
1735 2709 1799 2748 ac
1828 2693 1941 2748 Noe
1969 2695 2217 2763 exemplo

640 2766 959 2821 ebrietatem
996 2764 1306 2834 fugiendam
1329 2779 1452 2818 esse
1479 2765 1776 2819 concludit.

713 2835 896 2890 Palam
932 2833 1172 2904 posthac
1205 2833 1337 2888 facit
1373 2834 1420 2865 '°
1457 2848 1620 2903 quam
1675 2849 1850 2891 vanus
1893 2842 1948 2889 et
2002 2833 2214 2889 inutilis

641 2905 717 2960 sit
755 2921 1008 2962 vasorum
1059 2914 1168 2968 tam
1221 2911 1604 2975 argenteorum
1633 2921 1794 2972 quam
1835 2919 2126 2975 aureorum
2158 2911 2214 2959 et

638 2991 1007 3045 gemmeorum
1058 2992 1231 3031 usus:
1279 2974 1333 3029 et
1389 2974 1588 3030 calices
1634 2976 1968 3038 thericleos,
2000 2974 2215 3044 antigo-

641 3047 797 3102 nides
823 3089 835 3107 .
865 3045 1160 3100 cantharos
1185 3087 1202 3108 ι
1233 3046 1456 3115 lepistas
1478 3083 1508 3115 ,ί
1529 3052 1805 3115 psycteres
1831 3086 1845 3107 ,
1879 3045 2175 3100 mnocboas
2192 3085 2207 3108 ,

643 3105 862 3171 servatu
893 3125 1079 3186 utpote
1107 3105 1375 3186 diﬁicifes,
1401 3125 1455 3170 et
1480 3105 1811 3172 Christianis
1832 3105 2050 3180 vetitos,
2082 3105 2210 3184 pro?

641 3188 729 3241 cul
749 3187 904 3256 jubet
927 3184 1229 3241 ainandari.
1255 3184 1365 3241 Nec
1390 3186 1587 3241 minori
1612 3187 1903 3241 severitate
1926 3196 2211 3256 argenteas

639 3256 938 3325 proscribit
971 3257 1156 3320 sellas,
1188 3258 1393 3326 pelves,
1428 3257 1739 3318 acetabula,
1771 3258 2048 3318 scutellas,
2077 3257 2208 3310 cati-

643 3343 745 3383 nos
766 3334 819 3382 et
835 3326 940 3380 alia
963 3341 1126 3398 aurea
1149 3334 1512 3398 argenteaque
1535 3341 1664 3382 vasa
1690 3328 1805 3383 sive
1821 3328 1887 3382 ad
1913 3334 2208 3382 consuetos

643 3413 845 3452 mensae
877 3413 942 3452 ac
991 3396 1189 3452 domus
1217 3396 1232 3460 ζ
1265 3399 1380 3453 sive
1425 3397 1494 3467 _ad
1529 3398 1666 3453 alios
1692 3437 1706 3460 ,
1742 3413 1882 3467 quos
1929 3398 2208 3452 nominare

642 3468 848 3536 pudet,
899 3483 1033 3522 usus
1071 3468 1360 3523 destinata.
1407 3465 1603 3524 Omnia
1645 3465 1845 3538 quippe
1893 3469 2054 3538 haec,
2098 3483 2206 3521 non

638 3554 799 3594 secus
830 3553 892 3592 ac
922 3539 1212 3607 superbam
1245 3539 1428 3600 nimis,
1457 3547 1510 3593 et
1536 3537 1999 3608 sumptuosiorem
2027 3537 2208 3591 domo.

640 3625 760 3662 rum
785 3609 1198 3678 supellectilem,
1225 3610 1560 3678 lectulosque
1581 3609 1877 3674 molliores,
1900 3623 2021 3664 cum
2039 3623 2208 3663 sacra:

640 3678 941 3751 §criptura3
974 3686 1030 3734 et
1056 3678 1298 3734 Platonis
1325 3680 1671 3751 auctoritate,
1704 3688 1818 3751 turn
1853 3680 1973 3751 ipso
2001 3678 2205 3733 Christi

637 3747 857 3820 Domini
896 3752 1146 3818 exemplo
1169 3790 1184 3814 ,
1221 3751 1382 3818 plane
1424 3750 1750 3820 penitusque
1791 3747 2047 3804 damnata
2085 3765 2207 3804 esse

637 3819 999 3890 demonstrat.
1027 3820 1107 3873 Ad
1132 3822 1244 3877 haec
1267 3835 1395 3874 vero
1423 3819 1564 3874 nulla
1594 3819 1768 3890 major
1789 3836 1951 3889 quam
1977 3835 2042 3890 ex
2063 3820 2206 3872 mala

637 3889 950 3944 divitiarum
984 3891 1453 3947 administratione
1481 3897 1535 3944 et
1567 3907 1706 3944 caeca
1735 3889 2091 3959 congerenda
2114 3905 2208 3958 pe-

637 3963 814 4016 cuniae
841 3960 1167 4029 cupiditate,
1199 3961 1403 4016 homini
1445 3961 1714 4030 pernicies
1745 3962 2059 4030 certiusque
2089 3959 2208 4022 exi-

637 4031 770 4086 tium
807 4031 1050 4084 alfertur.

707 4102 751 4154 A
773 4101 1104 4156 Christianis
1123 4110 1302 4155 autem
1326 4101 1587 4157 conviviis
1614 4101 1728 4155 vult
1749 4101 2000 4156 Clemens
2021 4108 2208 4156 noster

635 4186 852 4227 omnem
890 4172 1108 4241 penitus
1146 4173 1398 4228 exsulare
1439 4173 1893 4227 comessationem
1926 4174 1968 4203 ἰ
1991 4212 2004 4235 ,
2039 4170 2205 4224 lasci-

635 4243 778 4295 viam
798 4283 812 4306 ,
846 4243 1036 4297 inanes
1065 4242 1386 4311 ineptasque
1424 4244 1866 4312 pernoctationes
1887 4283 1902 4305 ,
1937 4241 2207 4312 temulen-

633 4311 764 4384 tiam
790 4351 804 4374 ,
849 4313 1164 4384 ebtietatem
1188 4354 1203 4378 ,
1253 4313 1450 4384 tibias,
1495 4313 1750 4384 psalteria
1778 4353 1792 4376 ,
1841 4311 2162 4368 saltationes
2187 4351 2201 4374 ,

634 4382 861 4451 plausus
887 4382 1288 4453 Egyptiorum,
1306 4382 1542 4438 carieam
1567 4384 1855 4446 musicam,
1879 4398 2205 4452 omnemque

634 4468 864 4522 prorsus
901 4454 1016 4508 sive
1059 4455 1342 4508 oculorum
1386 4454 1502 4508 sive
1545 4455 1760 4508 aurium
1799 4453 2196 4522 intemperiem.

1349 304 1414 372 IN
1455 273 1875 375 CLEMENrtfn
1914 320 2118 376 ALEX:
2158 322 2210 376 ι).

2264 322 2350 376 LE
2376 321 2664 380 nouam
2713 319 3240 378 DlSSERTA'l‘lOl.
3299 305 3302 308 ’
3702 333 3767 392 επ

646 459 776 499 vero
804 443 897 524 qui
931 443 984 496 in
1017 449 1194 496 atatis
1217 453 1353 524 _s_unt
1375 441 1527 524 flore,
1553 440 1619 496 ad
1633 441 1918 524 prandium
1949 443 2226 524 nu_llo_po-
2251 449 2300 508 Α

2394 451 2510 516 ates
2530 444 2581 500 ei
2603 443 2865 516 debemus
2887 439 3449 516 rependereabemum
3474 452 3632 516 auctor
3647 461 3772 516 om

2370 515 2567 570 reviter
2598 515 2854 570 edisserit
2877 528 2998 585 qua
3022 512 3330 568 Christiano
3353 514 3546 569 cantica
3562 524 3606 572 et
3624 512 3772 585 hanno.

2326 585 2436 655 nia
2452 585 2717 655 permissa
2751 585 2880 639 sint.

2395 649 2565 725 Negat
2586 671 2714 710 vero
2739 656 2904 725 etiam
2935 653 2988 706 in
3015 649 3382 725 conviviisCh
3393 653 3590 710 risliano
3614 658 3776 723 absurde

2326 721 2574 790 ridendi,
2610 726 2692 780 vel
2717 725 2839 779 aliis
2868 724 3037 778 risum
3074 722 3325 778 movendi
3347 721 3516 777 datam
3543 743 3640 782 esse
3661 721 3776 790 facta;

2326 797 2574 851 tatem".
2609 795 2920 872 Etenimilli
2951 794 3159 872 urbane
3184 800 3390 872 tantum
3418 810 3477 848 ac
3503 796 3644 864 lepide
3664 802 3776 872 loqui,

2326 880 2390 940 ac
2413 881 2692 936 nunquam
2728 867 2833 920 nisi
2863 864 3204 940 convenienti
3225 872 3488 940 tempore,
3518 864 3776 940 etmodeste,

2326 934 2664 1006 honesta'que
2692 951 2813 990 cum
2845 935 3130 1006 severitate
3160 934 3356 1006 ridere.
3390 935 3467 988 vel
3492 938 3642 1004 potius
3659 934 3778 998 subd;

2324 1006 2452 1062 dere
2479 1003 2800 1062 concessum
2832 1015 2935 1060 est.
2971 1003 3108 1058 Hinc
3138 1005 3280 1059 risus
3310 1003 3643 1071 immodestos,
3673 1013 3778 1069 lasci-

2324 1092 2422 1132 vos
2465 1085 2516 1132 et
2546 1091 2808 1147 procaces
2832 1091 2874 1147 _a_
2912 1075 3223 1129 Christiana
3267 1074 3530 1147 republica
3559 1083 3702 1146 procul
3724 1100 3779 1138 ar.

2323 1148 2525 1202 cendos
2547 1144 2810 1201 declarat.
2831 1145 3015 1215 Neque
3057 1153 3232 1199 tamen
3272 1144 3615 1201 Christianum
3642 1152 3778 1209 idcirco

2324 1219 2537 1291 tristem
2559 1233 2680 1274 esse
2710 1217 2846 1281 vult,
2870 1216 2972 1291 _scd
2991 1231 3064 1291 _ea
3086 1215 3354 1291 modestia
3382 1224 3432 1269 et
3459 1219 3677 1291 gravitate
3695 1239 3781 1291 pre.

2324 1287 2498 1342 ditum
2546 1295 2605 1343 ut
2657 1302 2830 1358 neque
2868 1288 2922 1358 in
2955 1287 3207 1341 obscenis
3227 1327 3240 1349 ,
3272 1286 3357 1340 vel
3388 1287 3589 1344 cuilibet
3614 1286 3779 1350 molestis

2324 1358 2509 1421 rebus,
2545 1373 2720 1428 neque
2747 1357 2896 1428 emni
2923 1364 3183 1428 tempore,
3215 1372 3390 1428 neque
3411 1358 3545 1428 apud
3571 1364 3778 1428 quoslibet,

2324 1430 2430 1484 nisi
2479 1429 2617 1485 forte
2634 1427 2898 1484 inonnulli
2935 1427 3178 1482 seniores
3218 1427 3421 1496 aliquid
3456 1427 3646 1483 venuéte
3675 1442 3711 1486 et
3735 1434 3778 1488 le-

2324 1500 2464 1555 stive
2492 1500 2752 1562 dixerint,
2784 1499 2874 1552 ille
2899 1497 3198 1552 subrideat.
3226 1495 3408 1551 FaCile
3432 1499 3563 1553 enim
3582 1517 3636 1554 ex
3654 1501 3779 1558 immo-

2323 1569 2444 1625 dico
2478 1571 2594 1626 risu
2625 1576 2809 1624 manat
2843 1567 3155 1638 turpitudo,
3193 1568 3335 1622 sicut
3368 1569 3419 1621 in
3451 1569 3565 1623 vino
3588 1571 3779 1640 improbo-

2323 1656 2443 1694 rum
2475 1640 2752 1694 hominum
2784 1655 2963 1694 mores
2985 1645 3376 1708 agnoscuntur.

2395 1710 2563 1765 Multo
2591 1711 2756 1781 igitur
2793 1711 2973 1781 magis
3001 1707 3176 1781 eidem
3206 1707 3542 1772 Christiano,
3565 1713 3698 1781 pergit
3721 1730 3779 1768 au-

2253 1799 2294 1858 ῃ
2323 1790 2442 1835 ctor
2472 1779 2659 1858 noster
2678 1781 2746 1842 ”,
2774 1779 3226 1858 vitandi_obsceni
3260 1794 3551 1858 sermones,
3570 1779 3778 1851 turpiaque

2326 1851 2636 1921 spectacula
2662 1857 2757 1904 aut
2781 1850 2955 1922 facta:
2991 1849 3519 1922 imoverqstirpitus
3545 1849 3777 1922 amputanda

2325 1917 2440 1992 ipsa
2466 1922 2720 1975 vitiorum
2752 1919 2905 1992 radix
2931 1917 3220 1992 cupiditas.
3249 1917 3632 1992 Nequettamen‘
3646 1926 3685 1976 in
3701 1927 3778 1979 ullis

2326 1989 2579 2046 humanis
2615 1991 2863 2060 corporis
2893 1990 3154 2060 membris
3175 2030 3190 2052 ,
3221 1989 3327 2044 etsi
3363 1989 3630 2059 pudendis,
3657 1995 3724 2048 sed
3747 1997 3777 2048 it

2323 2063 2441 2118 solo
2476 2062 2606 2116 vitio
2644 2059 2915 2131 rebusque
2947 2059 3160 2115 vitiosis
3190 2060 3295 2114 sita
3323 2068 3407 2115 est
3437 2062 3689 2130 turpitudo.

2392 2131 2562 2187 Nemo
2587 2133 2808 2201 insuper
2823 2147 2852 2184 a
2870 2132 3027 2185 nobis
3043 2169 3058 2193 ,
3075 2131 3294 2201 tametsi
3322 2131 3390 2184 ab
3421 2131 3583 2199 aliquo
3596 2133 3774 2198 offensis,

2325 2203 2381 2256 in
2406 2203 2658 2257 convivio
2688 2199 2902 2258 irrideri
2933 2215 3172 2270 unquam
3199 2199 3362 2270 debet
3389 2201 3462 2254 ’δε
3498 2211 3545 2255 ct
3571 2209 3706 2256 tacere
3726 2219 3777 2258 sa-

2321 2273 2429 2329 tius
2450 2281 2534 2328 est
2559 2287 2720 2343 quam
2746 2273 2841 2326 ulli
2868 2269 3266 2343 contradicere.
3304 2269 3496 2343 Verum
3531 2273 3590 2326 ab
3605 2275 3776 2328 omnibus

2320 2343 2542 2413 omnino
2567 2341 2836 2397 conviviis
2857 2348 3080 2412 propter
3103 2341 3284 2413 aetatis
3312 2341 3682 2413 imbecillitatem
3701 2360 3775 2413 pro-

2318 2412 2540 2469 hibendi
2566 2421 2693 2470 sunt
2723 2411 3098 2468 adolescentes
3119 2418 3172 2466 et
3199 2411 3613 2471 adolescentulze.
3632 2411 3773 2467 nec'ulli

2320 2499 2557 2554 unquam
2593 2485 2646 2538 in
2675 2483 2743 2539 iis
2776 2481 3314 2554 cum_aliena_uxore
3345 2482 3721 2554 accumbendum.
3740 2485 3773 2536 Si

2317 2551 2617 2610 necessitas
2651 2561 2829 2608 tamen
2865 2552 2919 2607 id
2950 2551 3220 2622 postulet,
3264 2552 3527 2622 quomodo
3553 2554 3596 2609 id
3622 2554 3777 2612 ﬁeri,et

2316 2625 2588 2747 praecipue
2618 2623 2891 2694 quomodo
2917 2622 3295 2693 unusquisque
3321 2623 3432 2678 sive
3461 2624 3564 2685 vir,
3586 2625 3674 2680 sive
3700 2640 3773 2676 mu-

2339 2697 2435 2747 ier.
2475 2696 2590 2747 sive
2624 2697 2828 2747 senior.
2857 2701 2950 2747 aut
2984 2693 3188 2747 iunior.
3221 2709 3345 2747 sese
3378 2693 3429 2746 in
3461 2693 3625 2747 iisdem
3649 2695 3773 2747 convi-

2339 2697 2435 2759 ier,
2475 2693 2590 2750 Sive
2624 2693 2828 2757 senior,
2857 2701 2950 2748 aut
2979 2693 3188 2762 junior,
3221 2709 3345 2748 sese
3378 2693 3429 2746 in
3461 2693 3625 2748 iisdem
3649 2695 3773 2748 convi-

2314 2765 2420 2820 viis
2449 2781 2635 2834 gerere
2655 2804 2670 2826 ,
2703 2765 2866 2835 loqui
2883 2770 2937 2817 et
2965 2777 3151 2818 vocent
3181 2777 3524 2835 componere,
3548 2781 3600 2818 ac
3622 2779 3708 2833 qua
3727 2765 3774 2815 ri-

2315 2843 2433 2906 tare
2452 2833 2666 2906 debeat,
2695 2833 3012 2906 singulatim
3028 2840 3083 2888 et
3105 2845 3364 2889 accurate
3376 2833 3770 2906 Clemensexponit

2379 2904 2491 2962 Nec
2529 2905 2712 2960 minus
2743 2903 2888 2960 clare
2934 2903 3003 2957 de
3042 2918 3372 2958 coronarum
3399 2947 3412 2969 ,
3446 2903 3613 2958 ﬂorum
3646 2903 3686 2959 et
3712 2920 3773 2956 un-

2309 2985 2636 3047 guentorum
2672 2991 2772 3031 usu
2823 2974 3157 3047 disputat",
3205 2990 3274 3028 ac
3299 2975 3772 3047 Aprimo‘guidemeum

2311 3043 2535 3102 minime
2572 3043 2944 3101 necessarium
2983 3059 3104 3098 esse
3147 3043 3444 3100 convincit.
3484 3043 3552 3101 Ne
3576 3046 3671 3114 quis
3694 3058 3772 3097 vero

2312 3117 2475 3186 pedes
2495 3116 2697 3172 Christi
2723 3132 2752 3170 a
2779 3114 3004 3170 muliere
3018 3123 3216 3170 unctos
3254 3115 3522 3184 objiceret,
3543 3116 3586 3169 id
3603 3115 3771 3185 tirystice,

2311 3203 2586 3257 quamque
2612 3189 2729 3257 ipse
2752 3191 2998 3257 excusat,
3024 3186 3188 3256 paulo
3216 3187 3490 3254 prolixiori
3513 3186 3772 3257 explicatione

2309 3255 2717 3326 interpretatur.
2764 3255 2871 3326 Sed
2911 3255 3130 3326 brevius
3172 3259 3312 3312 alias
3341 3257 3492 3311 diluit
3529 3255 3770 3326 objections

2309 3328 2397 3407 ab.
2419 3325 2766 3407 antiquorum
2802 3325 3055 3407 Hebraici
3093 3328 3285 3407 populi
3317 3343 3502 3407 regum
3526 3327 3721 3407 unctione
3740 3331 3771 3374 et

2306 3397 2585 3479 Aristippo
2603 3397 3064 3479 _petitas.mlt_aque
3092 3397 3471 3479 inexplebilem
3505 3397 3662 3479 merito
3709 3408 3768 3479 ex:

2309 3465 2796 3537 agitat'r'nulierum
2829 3465 3132 3530 libidinem,
3165 3465 3311 3537 qua,
3327 3468 3527 3521 etiamsi
3541 3467 3714 3537 plurima
3739 3471 3770 3515 et

2309 3536 2379 3593 ab
2410 3553 2476 3594 eo
2502 3538 2817 3595 nominibus
2849 3537 2964 3592 suis
2991 3536 3264 3606 appellata
3292 3546 3551 3607 unguenta
3571 3536 3767 3590 haberent,

2308 3609 2412 3663 alia
2443 3617 2624 3664 tamen
2658 3623 2798 3662 nova
2828 3607 2882 3661 in
2915 3607 3033 3662 dies
3059 3606 3461 3677 excogitabant.
3485 3606 3551 3660 Ex
3577 3607 3642 3661 his
3663 3616 3768 3675 porto

2309 3679 2585 3733 concludit
2618 3678 3040 3749 unguentarios,
3079 3679 3397 3733 civitatibus
3437 3679 3560 3749 bene
3620 3677 3768 3749 moratis

2309 3750 2499 3819 pulsos
2517 3789 2532 3810 ,
2560 3740 2759 3804 debere
2785 3764 2815 3802 a
2841 3747 3158 3819 Christiana
3189 3749 3464 3819 republica
3493 3748 3558 3800 ita
3589 3740 3765 3800 extrudi,

2311 3818 2368 3874 tit
2401 3819 2583 3874 nullus
2610 3820 2768 3889 plane
2808 3820 2922 3873 sive
2952 3818 3038 3872 vir
3059 3819 3220 3889 ,Asive
3263 3818 3457 3872 mulier
3493 3823 3764 3889 unguetnttlm.

2309 3890 2403 3944 sed
2431 3883 2752 3960 probitatem
2773 3889 2898 3944 vitae
2913 3895 2966 3943 et
2987 3887 3264 3960 pudicitiae
3283 3883 3576 3960 unctionem
3586 3883 3761 3937 redoleat.

2307 3956 2493 4032 Neque
2531 3959 2736 4032 idcirco
2771 3968 2958 4032 tamen
2979 3956 3006 4021 ξ
3037 3959 3212 4032 inquit
3263 3960 3354 4032 ille
3377 3998 3390 4020 ,
3432 3956 3606 4010 debent
3640 3961 3766 4032 enim

2308 4026 2514 4094 omnia,
2534 4030 2676 4085 sicut
2697 4030 2944 4084 vultures
2960 4038 3012 4084 et
3034 4026 3305 4093 scarabei,
3323 4035 3574 4098 unguenta
3597 4026 3764 4098 rejiccpj;

2308 4100 2402 4156 sed
2435 4090 2520 4157 his
2547 4107 2758 4154 tantum
2781 4140 2798 4165 ,
2832 4115 2954 4168 quaa
2985 4099 3190 4168 aliquid
3225 4090 3453 4170 possunt
3484 4090 3650 4150 afferre
3673 4090 3767 4143 utili-

2307 4172 2458 4235 tatis,
2489 4187 2552 4225 ea
2573 4186 2787 4240 semper
2815 4171 2894 4223 uti
2927 4171 3063 4240 lege,
3092 4177 3152 4223 ut
3183 4171 3390 4224 nullum
3425 4180 3628 4240 unquam
3654 4172 3766 4240 neque

2307 4231 2533 4296 odoratu
2560 4281 2574 4306 ,
2614 4231 2787 4310 neque
2817 4241 2936 4295 visu
2964 4231 3007 4303 ,v
3020 4231 3196 4308 neque
3237 4240 3344 4294 alio
3388 4239 3490 4310 ullo
3511 4231 3647 4290 modo
3667 4231 3766 4310 volti-

2310 4313 2447 4384 ptati
2479 4311 2607 4366 dent
2641 4307 2841 4384 locum.
2878 4307 3146 4384 Caeterum
3180 4310 3255 4364 ibi
3279 4309 3523 4384 ostendit
3559 4307 3764 4384 unguentis

2307 4375 2359 4437 et
2391 4383 2511 4439 oleo
2545 4383 2766 4436 morbos
2798 4381 3062 4450 quosdam
3105 4382 3325 4446 sanari;
3365 4379 3452 4433 sed
3481 4375 3687 4450 mulieres
3711 4381 3764 4420 ar-

2307 4454 2443 4522 guit,
2468 4453 2792 4524 quaatcrines
2811 4448 3064 4524 tingunt,
3080 4458 3244 4519 atque
3269 4465 3361 4505 eas
3386 4463 3496 4518 qua:
3519 4448 3686 4515 ungunt
3708 4451 3763 4490 ca-

633 4521 976 4594 Quapropter
1023 4524 1116 4578 ubi
1170 4540 1267 4578 rex
1312 4525 1575 4594 propheta
1620 4525 1869 4578 homines
1916 4521 1988 4576 ad
2027 4521 2196 4577 Deum
2232 4524 2275 4578 D
2303 4521 2678 4594 pinos—citius
2711 4536 3003 4594 canescere
3035 4521 3392 4594 demonstrat,

633 4602 770 4649 Sono
799 4594 962 4659 tuba),
996 4595 1254 4664 psalterio
1279 4603 1331 4649 et
1355 4595 1576 4664 cythara
1597 4636 1611 4658 ,
1640 4594 1862 4648 chordis
1889 4601 1944 4664 et
1968 4607 2194 4664 organo,

633 4665 968 4726 laudandum,
995 4663 1208 4727 invitat,
1238 4664 1292 4718 id
1333 4663 1524 4721 auctor
1554 4673 1742 4719 noster
1766 4663 1995 4734 mystice
2023 4663 2196 4732 expli-

632 4739 869 4791 Candum
902 4751 1027 4792 esse
1064 4736 1242 4791 docet.
1278 4734 1341 4788 Et
1373 4736 1588 4804 quidem
1621 4735 1668 4790 si
1702 4745 1890 4804 gentes
1923 4734 2192 4804 quaedam,

631 4821 772 4876 quas
793 4807 882 4862 ille
910 4806 1228 4862 nominatim
1248 4803 1504 4874 appellat,
1526 4803 1786 4876 nonnulla
1813 4803 1941 4876 dum
1975 4803 2196 4873 bellige-

630 4873 858 4943 rantur,
899 4877 1160 4932 adhibent
1206 4873 1607 4938 instrumenta;
1651 4873 1944 4929 Christiani
1991 4888 2122 4932 sane
2163 4889 2194 4930 e

630 4949 909 5002 contrario
949 4946 1428 5027 sempernpaciﬁei
1457 4961 1589 5026 .uno
1628 4944 1826 5027 debent
1865 4946 1944 4998 uti
1976 4944 2192 5027 instru-

629 5028 816 5073 mento
837 5057 851 5080 ,
892 5013 1085 5072 verba
1111 5013 1322 5071 scilicet
1362 5015 1580 5078 divino,
1613 5030 1721 5086 quo
1748 5015 1885 5086 alios
1922 5013 1990 5068 ad
2023 5013 2188 5068 Deum

628 5087 990 5153 laudandum,
1025 5086 1262 5155 agendas
1296 5086 1344 5140 ei
1375 5086 1612 5154 gratias,
1633 5085 1711 5139 iet
1756 5085 2038 5139 honestam
2067 5099 2192 5142 cum

667 5159 878 5213 roximo
907 5172 1009 5212 suo
1037 5155 1490 5211 consuetudinem
1519 5156 1605 5224 pie
1621 5161 1916 5226 sancteque.
1931 5155 2189 5226 excitent.

676 5238 1016 5284 erumtamen
1041 5227 1087 5281 si
1113 5227 1237 5296 quis
1255 5227 1436 5296 lyram
1459 5226 1564 5296 vel
1587 5224 1866 5296 cytbaram
1897 5224 2117 5296 pulsare
2141 5234 2194 5278 et

623 5300 860 5369 psallere
904 5295 1163 5369 sciverit,
1216 5295 1416 5350 id’non
1452 5295 1629 5369 plane
1660 5295 2028 5369 respuendum
2071 5309 2194 5369 esse

625 5364 840 5431 inonet,
872 5366 1036 5420 modo
1069 5367 1157 5419 ille
1189 5380 1368 5435 regem
1406 5367 1723 5434 prophetam
1755 5365 1970 5435 divinas
2004 5364 2192 5420 laudes

622 5436 967 5492 decantando
1003 5434 1268 5490 imitetur.
1304 5435 1373 5488 At
1412 5434 1868 5504 quemadmodum
1903 5443 2190 5504 antequam

623 5508 803 5561 cibum
835 5514 1232 5576 prazgustemus
1255 5545 1269 5568 ,
1312 5504 1454 5576 Deus
1484 5521 1513 5558 a
1545 5505 1706 5576 nobis
1735 5504 2038 5560 laudandus
2069 5513 2186 5569 est,

623 5579 695 5630 ita
716 5584 770 5630 et
792 5574 850 5631 iri
864 5574 1016 5644 potu,
1039 5576 1179 5630 sicut
1201 5577 1329 5630 olim
1346 5575 1518 5630 Grreci
1541 5575 1610 5630 ad
1629 5574 1978 5632 Hebraeorum
2000 5577 2190 5637 instar,

621 5657 677 5701 et
715 5655 842 5701 ante
891 5663 1143 5702 somnum
1221 5653 1438 5703 nostras
1483 5662 1586 5717 pro
1629 5647 1868 5718 acceptis
1913 5646 2193 5711 beneficiis

1396 5805 1438 5836 "
1469 5817 1588 5872 cap.
1627 5802 1677 5858 5.
1753 5802 1799 5838 ³³
1827 5816 1945 5872 cap.
1981 5800 2032 5856 6.

687 5801 731 5840 ³⁸
757 5817 874 5877 cap.
909 5803 960 5859 .‘5.
1040 5803 1080 5834 ²¹
1111 5819 1234 5878 cap.
1265 5801 1316 5856 4.

2119 5803 2182 5877 ,⁸⁵
2213 5816 2329 5874 cap.
2363 5803 2410 5857 7.

2375 4593 2536 4650 Venit
2568 4592 2763 4648 deinde
2801 4591 2869 4645 ad
2904 4606 3138 4646 coronas
3179 4591 3348 4645 variis
3380 4587 3581 4642 ﬂoribus
3615 4589 3763 4657 compt-

2305 4673 2422 4746 etas
2447 4704 2461 4729 ,
2497 4672 2570 4746 et.
2593 4678 2782 4744 earum
2828 4677 2986 4746 usum
3038 4659 3182 4746 apud
3215 4659 3543 4746 paganosviri
3576 4659 3762 4746 congiis

2304 4733 2847 4804 frequentissimum,
2876 4732 3010 4786 dicit
3053 4729 3368 4804 Christiano
3409 4729 3624 4804 illicitum
3657 4730 3761 4804 esse;

2305 4794 2492 4859 utpote
2520 4805 2610 4858 cui
2637 4803 2785 4857 nulla
2812 4801 3006 4856 florum
3041 4801 3401 4856 delectatione
3426 4798 3501 4852 vel
3529 4794 3678 4850 odore.

2305 4820 2362 4858 ιιι
2403 4820 2492 4859 0te
2520 4820 2610 4858 CUI
2637 4820 2785 4857 lllllla
2812 4820 3006 4856 llOl'llllI
3041 4820 3401 4856 uetecwttone
3426 4820 3501 4852 VC!
3529 4820 3678 4850 uuwc.
3702 4820 3761 4840 διν

2305 4820 2421 4930 δοῩο
2454 4881 2674 4944 aspectu
2707 4872 2814 4927 frui
2849 4874 3027 4928 liceat.
3073 4872 3400 4944 Christiana!
3437 4869 3666 4944 enimvero
3681 4870 3762 4944 ttig-

2303 4945 2454 5000 lieris
2494 4933 2692 5000 corona
2719 4951 2803 4998 est
2835 4944 2947 5005 vir,
2986 4949 3040 4996 et
3065 4943 3168 4996 viri
3197 4939 3605 5011 matrimonium:
3634 4933 3763 5011 [113“?

2301 5015 2468 5069 monii
2497 5022 2673 5069 autem
2702 5014 2862 5067 ﬂores
2888 5013 3064 5075 liberi,
3098 5028 3162 5066 ac
3188 5014 3448 5067 universa:
3479 5004 3684 5060 Ecclesia:
3702 5008 3762 5072 ᾳ)-

2299 5100 2431 5140 rona
2462 5083 2734 5139 Christus.
2767 5083 2945 5138 Monet
2971 5092 3156 5137 tamen
3185 5084 3362 5138 varias
3388 5095 3499 5136 esse
3525 5075 3676 5129 ﬂorum
3695 5078 3762 5114 Hr-

2295 5163 2442 5209 tutes
2465 5195 2479 5216 ,
2516 5170 2747 5224 quarum
2801 5155 2920 5208 alia:
2965 5153 3129 5208 utiles
3155 5193 3170 5215 ,
3214 5154 3332 5207 alia:
3364 5150 3524 5206 noxia:
3563 5140 3760 5224 Stillljll.‘

2295 5214 2634 5295 periculosae.
2689 5222 2886 5280 Verum
2930 5231 2988 5295 ut
3035 5214 3345 5278 rem’altius
3381 5230 3432 5295 et
3476 5235 3502 5272 a
3528 5214 3758 5295 sua

2294 5273 2782 5368 gemetgemet
2801 5273 2886 5349 ἷίἱὶ
2911 5273 3162 5368 penita
3178 5273 3442 5368 iubﬁodp
3461 5297 3547 5368 ,σει
3568 5299 3600 5368 ξ
3619 5273 3758 5368 alii?

2297 5352 2523 5436 emperit
2549 5352 2872 5420 coronarum
2901 5352 3299 5436 usuststriculrim
3327 5358 3539 5436 διιὲηςίι·
3565 5352 3755 5436 Qui)???

2294 5424 2472 5490 autem
2490 5435 2641 5492 falsis
2666 5436 2794 5497 diis,
2828 5435 2919 5504 qui
2939 5434 3166 5489 floribus
3195 5424 3595 5489 delectabantur,
3623 5424 3757 5504 φρειςῇ

2301 5515 2463 5560 crata:
2497 5505 2712 5561 fuerant
2742 5493 2958 5560 corona:
2982 5546 2996 5566 ,
3032 5519 3094 5559 ac
3128 5505 3316 5575 pagani
3351 5507 3568 5556 mortuos
3585 5493 3756 5575 ιςιξζξνξξξ

2300 5575 2452 5641 bam.
2487 5577 2554 5631 iis
2583 5577 2838 5631 omnibus
2871 5563 3184 5629 Christiano
3197 5563 3395 5645 “probat
3425 5583 3531 5624 esse
3556 5563 3752 5644 absim?"

2303 5646 2424 5670 ”³·····
2500 5646 2561 5670 υ·
2600 5655 2738 5670 λιι-ιιι
2789 5661 2906 5670 μη..
2942 5646 3192 5670 numnum.
3282 5653 3334 5670 ..ι
3377 5643 3482 5670 tum.
3515 5621 3752 5670 ;ι.ι.1ρηιιιιο

2300 5627 2452 5702 aia;
2488 5627 2564 5700 Ἐὶ
2591 5627 2760 5702 ὲὲἱίέ
2781 5627 3336 5711 emittit-isillis:
3377 5643 3482 5695 fuse
3515 5631 3668 5690 ibidem
3694 5627 3752 5673 im

2490 5802 2534 5834 "
2560 5816 2674 5874 cap.
2713 5803 2761 5857 8.
