3816 6302
153 293 240 348 821

1211 287 1298 346 DE
1337 289 1591 347 TR-IBUS
1623 290 1995 349 P/EDAGOGI
2030 289 2272 346 LIBRIS.

3251 290 3358 350 822

153 410 402 478 explicat,
435 404 640 478 spinis;
663 410 958 460 coronatus
994 403 1162 478 fuerit
1187 445 1202 468 ,
1233 420 1344 461 non
1387 408 1540 478 decet
1576 407 1694 476 ejus
1721 415 1770 472 Α
1797 406 2003 478 idcirco
2017 414 2335 478 eastanturn
2359 420 2479 478 qua:
2497 403 2769 478 simplices
2799 411 2926 459 sunt
2955 412 3353 478 etcommunes,
3380 460 3383 462 _

155 472 728 548 discipulum'ﬂoribus
757 476 1027 548 coronari.
1060 472 1284 548 Fatetur
1307 477 1525 548 quidem
1559 472 1698 532 non-

156 545 312 610 nulla,
341 561 466 616 quae
495 553 745 601 recenset
771 583 787 609 ,
823 545 1026 616 homini
1068 546 1220 616 utilia
1246 561 1309 599 ex
1346 545 1569 602 ﬂoribus
1596 564 1701 602 un-

154 626 330 689 guenta
355 613 636 686 componi;
665 623 718 668 at
744 614 869 684 quia
895 621 1076 689 tamen
1097 613 1410 689 Christiano
1424 616 1499 689 ad
1522 633 1700 689 neces-

154 682 366 752 sitatem,
397 682 683 755 nunquam
717 682 844 739 vero
876 682 943 736 ad
971 683 1386 755 delectationem
1416 685 1498 741 fas
1523 695 1606 741 est
1632 688 1700 742 iis

153 758 237 818 uti,
265 756 388 810 hinc
430 753 765 809 coronarum
804 769 962 808 usum
993 753 1168 808 eidem
1204 756 1312 810 ulio
1348 757 1507 811 modo
1537 757 1701 812 licere

152 827 346 898 periitus
376 825 680 898 inﬁciatur.

211 896 448 951 Posthac
486 894 747 948 edisserit
779 894 825 925 "
847 893 1117 961 quomodo
1147 895 1512 958 Christianus,
1546 911 1700 951 cmna

151 973 348 1033 peracta
372 1005 386 1027 ,
440 967 511 1019 ad
563 978 809 1019 somnum
850 963 1048 1032 praevia
1078 966 1325 1019 oratione
1356 981 1413 1020 se
1451 967 1702 1021 conferre

153 1037 340 1090 debeat.
390 1035 436 1087 Α
484 1035 642 1089 lectis
686 1040 862 1087 autem
893 1043 1118 1087 omnem
1169 1036 1328 1103 plane
1374 1036 1558 1090 luxum
1586 1078 1599 1097 ,
1649 1044 1702 1090 et

152 1106 441 1166 mollitiem,
465 1113 523 1158 et
550 1103 820 1175 superflua
845 1104 1026 1175 omnia
1049 1103 1122 1156 ita
1152 1106 1395 1175 praecipit
1416 1107 1698 1169 removeri,

152 1185 201 1226 ut
237 1190 326 1229 sua
361 1183 583 1246 tantum
622 1172 977 1242 Vsimplicitate
1011 1189 1110 1246 nos
1141 1172 1208 1246 ab
1235 1172 1368 1229 aestu
1411 1191 1473 1229 ac
1503 1176 1702 1246 frigore

150 1255 398 1314 tueantur.
449 1245 508 1297 In
543 1244 612 1298 iis
642 1251 818 1297 autem
855 1257 1049 1296 somno
1072 1245 1153 1314 ita
1186 1244 1609 1314 indulgendum“,
1642 1254 1702 1298 ut

154 1316 208 1367 ab
242 1304 300 1368 eo
329 1313 489 1368 facile
521 1314 745 1385 excitati
774 1352 787 1375 ,
808 1320 874 1385 _et
907 1313 1114 1382 angelis
1145 1304 1421 1385 egregoris
1454 1304 1658 1371 similes
1682 1355 1697 1377 ,

154 1385 208 1437 ad
241 1385 515 1438 canendas
556 1383 665 1438 Deo
684 1382 885 1454 ilaudes
926 1391 1091 1454 noctu
1136 1382 1441 1454 surgamus.
1478 1385 1557 1439 Ad
1605 1387 1701 1440 has

155 1455 312 1522 itaque
334 1454 553 1522 vigilias
583 1463 641 1506 ut
669 1452 963 1526 Christiani
996 1452 1359 1526 promptiores
1389 1457 1497 1509 sint
1525 1465 1578 1510 et
1607 1472 1702 1526 pa-

153 1521 532 1595 rati’ores,’eos,
573 1533 634 1576 ut
666 1521 1300 1595 sortiquinjmmodieum
1337 1525 1567 1595 fugiant,
1603 1521 1698 1580 ve-

151 1593 403 1664 hementer
417 1593 768 1664 adhortatur.
799 1589 1072 1664 15illum
1101 1595 1319 1664 quippe,
1342 1589 1434 1664 qui
1454 1597 1612 1650 morti
1632 1598 1698 1650 si-

154 1663 273 1715 milis
314 1670 416 1726 est,
451 1672 508 1716 et
553 1661 828 1731 superﬂuo
860 1662 1120 1715 alimento
1149 1661 1474 1728 concitatur,
1495 1666 1696 1721 nullius

155 1733 344 1808 corpori
351 1732 658 1808 _vel_anima:
673 1731 1186 1808 esseutilitatisjaot
1205 1735 1696 1808 exemploplanum
1731 1753 1773 1808 Β

157 1801 316 1869 utique
347 1800 479 1875 facit
521 1810 580 1857 et
623 1799 1156 1875 perspicuumiiNon
1192 1799 1694 1875 totam—igiturno-

156 1879 310 1933 ctem,
357 1873 533 1925 multo
594 1870 772 1926 minus
821 1870 1057 1924 interdiu
1111 1870 1509 1928 dormiendum.
1557 1874 1694 1929 Cum

156 1953 258 1992 vero
281 1941 394 1994 dies
423 1942 615 1996 deficit
636 1983 650 2004 ,
685 1952 794 1996 tum
827 1940 1018 1994 litteris
1050 1941 1299 1999 homines
1320 1983 1334 2005 ,
1364 1943 1576 1999 femina:
1617 1947 1697 1998 la-

158 2009 312 2080 niﬁcio
348 2025 577 2080 cperam
615 2013 745 2067 dare
785 2011 1000 2064 debent.
1035 2009 1276 2080 Denique
1311 2029 1410 2068 nos
1447 2013 1696 2070 Clemens

160 2079 279 2153 serio
305 2079 568 2153 admonet
600 2091 848 2137 nostrum
873 2079 1246 2153 tantummodo
1275 2098 1474 2153 corpus
1504 2100 1698 2140 somno

157 2147 386 2224 indigere,
414 2152 648 2224 minime
676 2165 804 2206 vero
827 2150 1314 2224 animant,iquippe
1343 2147 1462 2222 quae
1483 2171 1697 2224 semper

159 2219 359 2286 cogitet,
400 2234 466 2274 ac
513 2221 651 2275 dum
697 2235 895 2292 corpus
927 2218 1164 2294 dormit",
1211 2218 1284 2276 ita
1312 2218 1422 2294 per
1460 2218 1694 2294 seipsam

159 2296 427 2368 operetur,
483 2299 546 2344 ut
616 2306 740 2346 vera
793 2289 1016 2348 'somnia
1079 2289 1190 2345 sint
1245 2289 1442 2348 sobria:
1502 2289 1696 2350 anima:

160 2367 498 2416 cogitationes.

233 2428 278 2501 Er
307 2444 368 2501 eo
399 2431 588 2484 somni
618 2437 856 2501 tempore
883 2442 1073 2488 auctor
1110 2439 1298 2487 noster
1328 2431 1456 2486 data
1489 2432 1593 2487 sibi
1627 2435 1694 2489 de

159 2494 566 2575 Christianorum
607 2494 881 2575 connubio
910 2503 1124 2575 dicendi
1155 2502 1444 2558 occasione
1476 2503 1540 2564 ³⁷,
1580 2519 1695 2556 nia--

164 2567 327 2643 nifeste
354 2569 516 2625 nobis
551 2573 750 2643 probat
792 2587 1018 2643 scopum
1054 2573 1199 2626 illius
1231 2588 1356 2643 esse
1392 2575 1696 2642 susceptio-

162 2652 258 2714 nem
281 2639 596 2714 libet-prum,
631 2641 791 2696 ﬁnem
822 2639 950 2698 vero
979 2644 1122 2713 piam
1137 2639 1695 2714 eorumdeminatitu-

159 2707 346 2783 tionem.
383 2707 738 2783 Quapropter
761 2707 995 2767 omnem'
1013 2713 1174 2766 aliam
1203 2713 1304 2765 viri
1336 2712 1691 2783 mulierisque

164 2779 574 2854 conjonotionem
610 2779 856 2854 illicitam
879 2823 895 2848 ,
918 2783 1148 2854 impiam
1178 2790 1232 2835 et
1269 2779 1693 2854 nefariamiesse

162 2848 624 2927 concl_udit._Quod
662 2852 880 2927 quidem
913 2848 1097 2927 illeiex
1129 2861 1400 2927 praecepta
1437 2869 1467 2906 a
1500 2851 1693 2927 Moyse

165 2869 422 2904 conciuun.
459 2869 624 2914 υυοα
662 2869 880 2921 quidem
913 2869 1001 2906 me
1033 2869 1097 2908 ex
1167 2869 1400 2920 raecepta
1437 2869 1467 2906 a
1512 2869 1689 2924 moyse

165 2917 327 2991 l_c_poris
349 2928 399 2972 et
429 2920 609 2991 hieme
639 2923 987 2985 abstinentia,
1015 2869 1161 2977 haus
1189 2924 1369 2991 inepte
1382 2922 1689 2981 conﬁrmat.

165 2984 293 3062 Plura
320 2997 493 3062 autem
527 2990 609 3044 ibi
642 2992 905 3062 disputat,
937 2984 1054 3062 quae
1085 2993 1150 3046 de
1188 2984 1420 3061 utroque
1447 2993 1691 3050 illo.ani-

1799 477 2007 547 colligit
2037 492 2161 531 esse
2205 476 2528 530 induendas.
2585 475 2932 547 Feminarum
2973 482 3152 547 tamen
3205 476 3357 529 inﬁr-

1799 544 1976 600 mitati
2026 554 2084 600 ut
2117 547 2405 608 consulat,
2448 544 2700 599 concedit
2739 560 2834 600 eas
2885 545 3229 601 mollioribus
3275 548 3352 601 uti

1799 617 2064 680 vestibus,
2091 615 2382 670 dummodo
2404 617 2473 670 ab
2501 615 2608 670 illis
2637 615 2796 669 luxus
2819 616 2994 670 omnis
3020 625 3352 670 amoveatur.

1799 687 2191 742 Asseveranter
2241 693 2418 739 autem
2462 685 2778 754 pronuntiat
2826 690 3004 739 vestes
3041 685 3352 754 longiores,

1801 770 1993 810 aureas
2015 796 2029 817 ,
2076 755 2281 810 sericas
2301 796 2313 817 ,
2352 755 2437 808 vel
2465 753 2648 808 ’nimis
2681 754 2976 808 artiﬁciose
3008 753 3312 809 elaboratas
3337 797 3351 818 ,

1800 825 1998 894 divinis
2018 825 2229 895 legibus
2251 826 2466 894 penitus
2488 824 2776 895 proscribi;
2803 834 2962 895 atque
2981 825 3167 879 eodem
3198 825 3356 894 plane

1801 893 2094 950 interdicto
2121 893 2314 949 vetitas
2347 909 2488 956 esse,
2524 909 2664 962 quas
2695 893 2785 948 ille
2819 893 3015 948 ibidem
3047 893 3374 958 enumerat,_

1803 965 2032 1020 vestium
2067 966 2335 1021 tincturas
2359 1003 2374 1029 ,
2407 973 2461 1018 et
2493 961 2670 1017 solum
2702 964 2945 1016 nativum
2978 971 3031 1017 et
3063 961 3378 1019 candidum.

1803 1037 2038 1091 colorem
2083 1034 2444 1089 retinendum.
2482 1033 2609 1088 lude
2655 1033 2818 1102 igitur
2860 1047 2922 1085 ac
2954 1031 3046 1086 Cei
3094 1034 3354 1103 SOphistae

1803 1106 2113 1160 testimonio
2156 1105 2355 1159 evincit
2401 1105 2680 1157 mulierem
2711 1142 2727 1164 ,
2763 1118 2883 1164 qua
2927 1104 3094 1155 nimio
3129 1114 3357 1159 ornatus

1802 1176 2078 1244 vestisque
2102 1175 2282 1229 studio
2306 1183 2538 1244 tenetur,
2566 1182 2676 1225 tam
2705 1187 2734 1244 a
2772 1175 2884 1244 Deo
2909 1187 3070 1244 quam
3103 1189 3132 1226 a
3157 1175 3358 1242 pudico

1802 1242 2057 1315 coniugio
2089 1244 2373 1315 excidisse.
2412 1242 2519 1297 Nec
2552 1257 2628 1315 ea
2645 1242 2762 1315 vult
2787 1242 2900 1315 sibi
2923 1243 3109 1315 objiei,
3136 1260 3255 1312 qua:
3288 1244 3356 1298 de

1802 1312 2072 1384 regiarum
2109 1314 2336 1384 ﬁliarum
2371 1314 2568 1368 vestitu
2602 1312 2766 1384 David
2789 1353 2802 1374 ,
2835 1312 3124 1384 allegorice
3158 1315 3378 1368 intelli-

1801 1381 1973 1454 genda
1999 1425 2013 1449 ,
2049 1385 2100 1437 in
2139 1383 2371 1439 Psalmis
2415 1384 2630 1454 cecinit.
2668 1381 2801 1434 Nam
2834 1381 3080 1454 quamvis
3114 1387 3170 1454 in
3204 1385 3357 1437 infir-

1803 1452 1992 1510 inioris
2026 1469 2189 1509 sexus
2223 1455 2447 1523 gratiam
2481 1452 2547 1508 de
2581 1454 2756 1523 legum
2789 1453 3074 1523 severitate
3104 1452 3357 1508 Clemens

1802 1532 1989 1578 noster
2013 1521 2536 1593 aliquid—remiserit,
2574 1521 3238 1593 praefractenihilominus
3261 1540 3358 1578 ne-

1801 1605 1889 1664 gat
1915 1595 2007 1649 ulli
2045 1591 2282 1662 unquam
2317 1594 2492 1646 licitas
2525 1608 2646 1647 esse
2703 1591 2976 1661 xystides,
3002 1593 3354 1664 iephaptides,

1802 1662 1976 1733 pepla,
2016 1665 2360 1733 pretiosiores
2408 1665 2596 1723 lanas,
2624 1669 2911 1733 vestesque
2959 1662 3122 1716 nimis
3167 1665 3358 1732 longas

1800 1731 2224 1789 et_diﬁluentes.
2269 1733 2441 1786 Aliam
2476 1748 2603 1787 vero
2647 1731 3007 1798 objectionem
3036 1769 3049 1792 ,
3081 1748 3144 1786 ex
3197 1731 3356 1788 talari

1800 1801 2004 1859 Christi
2044 1806 2223 1857 tunica
2267 1802 2629 1871 desumptam,
2673 1801 2870 1871 ibidem
2913 1801 3086 1854 diluit.
3120 1801 3355 1858 Tametsi

1799 1882 1979 1928 autem
2013 1875 2236 1943 simplex
2258 1912 2272 1935 ,
2311 1889 2416 1925 non
2452 1870 2632 1927 tamen
2666 1870 2886 1926 sordida
2920 1872 3079 1925 debet
3113 1888 3234 1927 esse
3264 1889 3358 1927 ve-

1799 1943 1920 2014 stis,
1944 1959 2240 2014 omnesque
2263 1943 2507 2012 corporis
2534 1943 2812 2014 muliebris
2844 1951 3024 2014 partes
3053 1943 3168 1997 suis
3195 1945 3357 1996 vesti-

1797 2012 1921 2077 bus,
1951 2013 2092 2069 sicut
2125 2011 2176 2069 et
2200 2023 2381 2082 caput,
2406 2014 2527 2066 velo
2558 2019 2685 2082 sunt
2717 2012 2790 2064 ita
2820 2011 3080 2082 tegendae,
3114 2021 3172 2066 ut
3206 2014 3356 2067 nulla

1798 2099 2034 2153 unquam
2071 2085 2216 2138 nuda
2259 2081 2533 2152 appareat.
2575 2081 2729 2136 Vetat
2763 2081 3119 2137 nihilominus
3161 2099 3228 2137 ne
3260 2098 3357 2137 ve—

1799 2153 1908 2206 lum
1943 2154 2074 2207 illud
2107 2155 2176 2208 sit
2218 2168 2546 2222 purpureum
2572 2193 2587 2217 ,
2633 2159 2725 2206 aut
2763 2153 2966 2222 qumvis
3000 2153 3194 2207 mulier
3227 2169 3358 2222 pur-

1797 2238 1964 2291 purea
1986 2225 2067 2278 vel
2093 2225 2255 2279 nimis
2275 2225 2509 2292 pretiosa
2535 2229 2704 2286 veste,
2730 2237 2836 2291 qua
2860 2222 3137 2276 hominum
3163 2225 3357 2279 oculos

1797 2293 1952 2362 ad_se
1984 2302 2299 2349 convertere
2333 2293 2523 2362 possit,
2559 2292 2709 2347 ullibi
2739 2292 3032 2362 aliquando
3065 2301 3264 2346 utatur.

1869 2360 2069 2418 Dehinc
2102 2370 2280 2418 autem
2309 2360 2397 2418 ille
2430 2364 2587 2416 docet
2618 2363 2662 2394 ³⁸
2693 2362 2748 2416 in
2777 2360 3158 2418 calceamentis
3190 2363 3350 2417 simi-

1795 2432 1921 2486 liter
1951 2434 2227 2488 vitandum
2251 2449 2371 2488 esse
2402 2435 2608 2497 luxum,
2636 2432 2915 2487 mollitiem
2941 2440 2994 2486 et
3019 2433 3352 2501 superbiam.

1793 2501 1952 2556 Jubet
1987 2505 2150 2572 igitur
2182 2504 2333 2571 rejici
2370 2518 2506 2556 vana
2547 2517 2835 2556 aureorum
2880 2517 3358 2570 gemmeorumque

1794 2572 2182 2638 sandaliorum,
2221 2582 2268 2627 et
2299 2573 2640 2641 crepidarum
2681 2573 3065 2640 solearumque
3100 2573 3350 2627 artiﬁcia.

1793 2641 2084 2696 Pulchrum
2113 2651 2290 2696 autem
2316 2651 2500 2696 censet
2527 2658 2649 2697 esse
2679 2643 2815 2704 viro,
2846 2642 2953 2696 nisi
2985 2642 3198 2703 militet,
3226 2642 3354 2695 nul-

1793 2713 1875 2766 los
1898 2713 2095 2766 habere
2126 2713 2359 2774 calceos,
2394 2722 2556 2781 atque
2582 2713 2631 2765 ei
2653 2710 3107 2780 quemadmodum
3138 2711 3352 2765 mulieri

1794 2781 1916 2836 illos
1948 2789 2157 2836 tantum
2188 2782 2511 2846 induendos,
2543 2783 2740 2851 quibus
2772 2796 2961 2835 omnes
2991 2781 3209 2850 pedum,
3242 2781 3354 2835 ullo

1793 2852 1912 2907 sine
1946 2851 2086 2906 fastu
2116 2860 2509 2915 contectorum,
2540 2852 2868 2906 offensiones
2899 2851 3207 2920 propulsari
3231 2857 3353 2906 tuto

1831 2929 2010 2975 ueant.

1831 2939 2010 2975 ueant.

1793 2939 1828 2993 (Ι
1861 2991 2072 3046 Puerile
2120 3006 2248 3045 vero
2294 3002 2348 3047 et
2396 3006 2592 3046 vanum
2647 3006 2769 3047 esse
2813 2998 2965 3060 putat
3009 2993 3052 3023 ³³
3106 3005 3350 3060 gemmas

163 3058 370 3145 inaiinet
402 3060 527 3145 aliis
576 3077 695 3145 quae
730 3058 920 3144 vocem
953 3058 1277 3145 imutantnet
1311 3058 1588 3145 colorem,
1622 3066 1690 3145 ab
1716 3086 1758 3145 (ς
1793 3063 2035 3143 quolibet
2074 3062 2266 3125 modo,
2297 3065 2409 3145 sive
2436 3077 2501 3145 ex
2531 3063 2700 3144 maris
2733 3058 2866 3145 aestu
2895 3101 2910 3125 ,
2945 3062 3058 3116 sive
3083 3058 3159 3145 ea
3192 3069 3352 3116 terra:

162 3125 363 3181 historiae
404 3125 680 3201 naturalis
719 3132 1084 3201 scriptoribus
1125 3132 1454 3186 referuntur.
1495 3132 1690 3188 Subdit

165 3210 341 3252 omnem
371 3199 528 3272 plane
566 3203 668 3272 viri
697 3211 749 3256 et
780 3199 1043 3265 mulieris,
1086 3205 1192 3258 nisi
1227 3219 1336 3271 quo
1364 3212 1484 3272 post
1512 3205 1689 3272 legiti-

165 3278 257 3343 mas
298 3271 505 3337 nuptias
550 3271 708 3343 liberi
741 3272 1014 3343 procreari
1059 3274 1298 3340 possint,
1340 3271 1689 3328 concubitum

169 3337 275 3416 ipsis
301 3337 757 3416 capressissimis'
777 3341 999 3416 Moysis
1021 3337 1202 3416 verbis
1227 3383 1261 3416 ,_
1279 3351 1594 3416 e_t__sumpto
1623 3345 1690 3416 de

170 3403 442 3481 Sodomitisi
478 3413 752 3481 supplicio
814 3403 1177 3468 disertissime
1230 3403 1518 3468 inhiberi:
1562 3413 1690 3470 Inde

167 3487 298 3540 porro
328 3480 529 3549 colligit
553 3480 723 3537 nefas
748 3497 870 3537 esse
902 3482 1042 3544 viro,
1078 3497 1200 3537 cum
1231 3497 1397 3536 uxore
1429 3499 1526 3538 sua
1548 3523 1562 3548 ,
1595 3494 1688 3538 aut

169 3555 407 3624 menstruo
431 3550 700 3624 profluvio
723 3553 1022 3624 laborante,
1047 3559 1141 3605 aut
1165 3552 1684 3624 adhucprzegnante,

170 3614 231 3691 rei
251 3614 463 3691 unquam
491 3623 668 3677 solius
690 3622 984 3691 voluptatis
1006 3614 1172 3676 causa
1204 3638 1315 3677 rem
1350 3614 1563 3677 habere.
1595 3614 1690 3678 Pe-

169 3685 492 3763 tulansigitur
516 3692 710 3754 libido,
738 3685 1005 3763 pluribus,
1031 3709 1150 3763 qua:
1173 3694 1261 3747 ille
1287 3691 1473 3755 refert,
1495 3703 1686 3749 vocata

172 3757 455 3832 nominibas,
491 3763 716 3816 omnino
738 3757 1064 3816 'cohibenda
1093 3770 1210 3827 est;
1247 3763 1684 3832 quandoquidem

171 3836 218 3873 ex
241 3840 320 3891 ea,
353 3830 492 3904 sicut
538 3847 609 3885 ex
641 3833 997 3887 immoderato
1027 3830 1520 3904 concubitudmulti
1563 3849 1687 3904 gra-

172 3899 847 3972 resquelScripturasacra
879 3909 1039 3971 atque
1068 3905 1229 3958 etiam
1246 3899 1589 3972 phiIOSOphi§
1613 3913 1687 3957 at-

173 3969 449 4024 testantibus
479 3969 720 4042 ,:_morbi
756 3987 818 4026 ac
863 3969 1094 4042 plurima
1147 3969 1500 4042 nec'minim'a
1543 3975 1685 4028 mala

173 4046 471 4114 generantur.
499 4040 623 4114 Non
649 4041 768 4114 ideo
794 4040 1242 4114 tameninuptias,
1274 4058 1393 4112 qua:
1420 4040 1528 4097 Deo
1559 4059 1687 4114 pro-

175 4102 281 4183 llatae
307 4118 453 4183 s_unt_,
485 4112 829 4166 damnandas
851 4152 865 4176 ,
902 4113 995 4167 sed
1027 4102 1322 4183 legitimum
1345 4152 1359 4176 ,
1405 4127 1470 4166 ac
1503 4102 1681 4178 nocte,

175 4179 373 4252 etcertis
406 4180 674 4235 duntaxat
705 4183 1037 4252 temporibus
1061 4179 1177 4247 {ad
1215 4183 1514 4252 gignendos
1545 4185 1684 4239 ﬁlios

175 4239 466 4323 deberegsse
495 4267 685 4306 earum
709 4239 887 4306 usuin.
925 4239 1114 4307 Pueris
1137 4239 1318 4322 itaque
1343 4268 1407 4306 ac
1438 4255 1679 4319 senibus,

177 4318 308 4382 Pergit
338 4318 602 4394 Clemens,
624 4338 819 4394 uxores
848 4324 1048 4377 ducere
1087 4324 1164 4376 fas
1194 4318 1304 4377 non
1339 4331 1454 4377 est:
1492 4326 1684 4394 conju-

177 4395 247 4463 ge;
271 4401 381 4442 vero
405 4392 537 4445 nihil
569 4393 677 4447 nisi
709 4393 992 4463 honestum
1011 4432 1024 4455 ,
1056 4401 1267 4463 castum
1293 4433 1307 4456 ,
1343 4401 1397 4446 et
1424 4392 1677 4463 pudicum

178 4443 282 4531 illi"
316 4473 367 4511 se
396 4443 1678 4531 unqaa'a'sg'ae'inachaiae523313:
1709 4443 1754 4497 D

179 4528 335 4602 5933!.
364 4531 449 4602 qui
485 4528 778 4601 perperam
822 4533 1088 4602 negabant
1127 4549 1156 4586 a
1194 4535 1404 4587 ratione
1446 4536 1679 4589 naturali

178 4591 337 4675 alienas
365 4591 663 4675 voluptates
692 4618 814 4657 esse
850 4591 932 4675 vei
969 4603 1205 4675 illicitas,
1241 4605 1324 4675 γει
1357 4602 1464 4675 Deo
1495 4605 1681 4675 cogni-

177 4665 257 4742 tas.
281 4663 440 4742 Monet
471 4663 634 4742 igitur
667 4681 878 4726 noctem
913 4673 1071 4727 bonis
1105 4663 1362 4741 operibus
1395 4663 1678 4728 illustran-

179 4727 289 4814 iia‘m.
311 4727 556 4814 padoreuni
580 4757 704 4814 cum
730 4743 913 4796 tunica
944 4759 1052 4796 non
1073 4727 1401 4806 eruendum,
1434 4727 1679 4814 iniquum

179 4800 590 4881 rebus'Venereis
625 4813 766 4866 vinci
789 4852 804 4873 ,
837 4828 900 4866 ac
933 4814 1105 4881 ipsam
1138 4822 1341 4868 rectam
1376 4800 1640 4869 ratioriem
1663 4855 1677 4877 ,

180 4872 566 4950 moderatumque
608 4883 715 4936 cibi
767 4872 820 4936 et
862 4872 1029 4938 vestis
1074 4899 1232 4938 usum
1281 4883 1518 4940 salubria
1557 4872 1680 4941 esse

181 4947 547 5013 mtemperantia:
579 4953 839 5007 remedia.

230 5009 501 5081 Opportuna
527 5038 688 5092 porro
716 5023 788 5077 ibi
811 5022 991 5077 oblata
1012 5025 1301 5082 occasione
1319 5033 1505 5080 contra
1531 5040 1678 5080 sum-

182 5085 356 5164 iliaosas
381 5085 552 5164 vestes
569 5093 874 5164 invehitur,
893 5108 1090 5163 easque
1115 5111 1144 5148 a
1180 5095 1397 5150 Christo
1432 5095 1678 5164 prohibi-

182 5152 244 5236 ξξλξ
259 5166 359 5236 €§sc
377 5162 622 5236 ostendit.
653 5152 947 5236 Spartanos
981 5152 1162 5236 iiaquc
1194 5181 1258 5236 eo
1288 5152 1504 5220 nomine
1528 5181 1678 5219 com-

183 5222 388 5298 pendat,
435 5234 574 5298 quod
619 5222 750 5288 solis
802 5222 1179 5289 meretricibus
1224 5234 1443 5291 floridas
1497 5242 1675 5290 vestes

185 5284 691 5376 fil-Ip‘concessr‘rint:
745 5311 906 5373 atque
947 5305 1334 5367 Athenienses,
1381 5306 1473 5376 qui
1516 5321 1677 5360 secus

184 5351 400 5445 iaciebant
419 5408 432 5429 ,
451 5351 567 5428 sibi
583 5351 1364 5445 '51?naa‘iass'd'Eiiiiéam’i.
1382 5351 1673 5431 “vestigii;

185 5436 404 5516 ξξιξξηνρτο
438 5455 554 5496 eum
588 5459 696 5498 non
741 5436 944 5499 alia—de
985 5436 1148 5499 causa
1200 5446 1436 5516 indigeat
1471 5447 1630 5500 homo
1654 5485 1670 5508 ,

290 5510 550 5586 9.901?“
595 5528 752 5570 Suum
791 5522 1078 5586 contegat,
1124 5505 1368 5586 illudquve
1422 5516 1488 5570 ab
1530 5505 1679 5571 aeris-

185 5575 254 5618 seu
292 5569 558 5645 frigidioris
607 5569 704 5638 Seu
748 5569 1024 5640 calidior’is
1064 5569 1382 5656 intemperie
1416 5569 1669 5650 tueatur,

238 5719 273 5750 "
303 5739 403 5799 cap.
433 5733 482 5790 9.
554 5741 594 5772 "
619 5755 738 5814 cap.
779 5740 860 5797 ιθ.
939 5742 983 5775 "
1019 5756 1138 5814 εεψ-
1175 5741 1261 5797 Η·
1338 5744 1382 5780 ³⁸
1413 5757 1535 5815 ⁰³Ρ⁶
1569 5742 1656 5798 η’

1793 3130 2054 3187 fomentis
2087 3141 2258 3195 ortas,
2288 3133 2371 3187 vel
2402 3132 2680 3195 admirari,
2706 3133 2790 3185 vel
2819 3132 2886 3185 iis
2921 3147 2980 3186 se
3009 3138 3102 3184 aut
3129 3130 3349 3184 domum

1793 3218 1947 3257 suam
1994 3217 2208 3257 ornare.
2240 3202 2603 3267 Quamobrem
2641 3216 2914 3258 summum
2959 3202 3246 3255 mulierum
3285 3216 3352 3255 ea

1790 3274 1844 3328 in
1877 3289 1936 3328 re
1967 3273 2149 3327 luxum
2177 3287 2364 3326 severe
2393 3273 2640 3341 castigat.
2674 3271 2894 3326 Fatetur
2914 3271 3130 3341 quidem
3161 3286 3354 3339 super-

1791 3358 1914 3397 nam
1943 3341 2242 3398 Jerusalem
2266 3343 2519 3412 pretiosis
2542 3349 2913 3398 constructam
2943 3341 3212 3409 lapidibus
3238 3356 3352 3396 [πιθα

1790 3414 2031 3475 morari,
2081 3412 2176 3467 sed
2209 3411 2315 3467 illis
2359 3411 2544 3467 florem
2585 3413 2811 3482 spiritus
2840 3418 2944 3482 ,et
2989 3411 3350 3464 immortalem

1789 3491 2094 3564 creaturam
2120 3482 2411 3564 signiﬁcari
2443 3481 2744 3564 contendit.
2772 3481 3082 3564 Qui‘aoutem
3106 3495 3350 3564 gemmas

1789 3560 2009 3621 propter
2049 3550 2319 3607 hominem
2345 3591 2359 3615 ,
2399 3561 2561 3621 atque
2609 3567 2638 3605 a
2676 3553 2809 3613 Deo,
2843 3558 2901 3604 ut
2938 3551 3005 3604 iis
3038 3550 3252 3621 fruatur
3293 3558 3348 3603 et

1787 3620 2089 3677 oblectetur
2110 3663 2125 3688 ,
2160 3633 2372 3676 creatas
2405 3620 2670 3685 dixerint,
2707 3623 2805 3676 hos
2835 3621 3113 3674 renuntiat
3149 3620 3348 3673 divina:

1787 3694 2090 3748 voluntatis
2145 3694 2306 3762 plane
2351 3693 2676 3761 penitusque
2735 3708 2856 3746 esse
2903 3691 3144 3762 ignaros.
3203 3689 3347 3762 Deus

1786 3764 2061 3817 enimvero
2096 3759 2162 3817 ea
2185 3759 2368 3815 omnia
2409 3778 2529 3831 quae
2568 3759 2845 3814 hominum
2880 3759 3000 3814 ιιευὶ
3036 3759 3346 3831 necessaria

1787 3841 1934 3902 sunt,
1964 3841 2146 3902 aperte
2172 3829 2511 3902 suppeditat;
2536 3838 2756 3902 caetera,
2789 3831 2929 3902 sicut
2955 3845 3169 3902 aurum,
3199 3829 3343 3898 quod

1787 3900 2046 3956 eﬁodiunt
2077 3900 2310 3957 formica:
2335 3943 2350 3967 ,
2396 3901 2629 3972 gryphes
2659 3901 3032 3972 custodiunt,
3068 3900 3152 3972 vel
3168 3907 3346 3972 terra:

1784 3972 2105 4036 visceribus,
2139 3973 2222 4028 vel
2257 3969 2420 4040 aquae
2441 3969 2710 4042 profundo
2738 3970 3042 4027 abscondit.
3075 3969 3141 4021 At
3168 3969 3346 4022 homi-

1784 4057 1882 4096 nes
1912 4043 2023 4096 lnec
2053 4044 2200 4097 curis
2232 4043 2586 4111 supervacuis
2617 4049 2919 4111 quaerentes
2938 4081 2952 4104 ,
2984 4054 3111 4111 vera
3141 4047 3195 4093 et
3228 4052 3345 4092 cae-

1785 4112 1940 4166 lestia
1965 4113 2102 4167 bona
2130 4110 2426 4182 negligunt.
2457 4110 2721 4166 Praeterea
2743 4111 3037 4180 Apostolus
3056 4110 3214 4182 docet
3233 4124 3346 4182 non

1784 4182 1966 4235 omnia
1995 4225 2008 4243 ,
2041 4179 2224 4237 etiam'
2249 4179 2406 4237 nobis
2435 4197 2696 4236 concessa
2722 4225 2735 4247 ,
2771 4179 2986 4251 semper
3017 4195 3138 4234 esse
3169 4179 3338 4232 licita.

1788 4252 1928 4307 Deus
1961 4267 2090 4306 vero
2111 4293 2124 4314 ,
2161 4254 2252 4322 qui
2284 4253 2462 4306 omnia
2496 4252 2748 4307 omnibus
2771 4252 3080 4306 communia
3104 4252 3340 4322 creavit,

1786 4322 2030 4392 praaeipit
2053 4318 2230 4392 primo
2261 4323 2523 4376 caelorum
2560 4322 2760 4391 inquiri
2793 4337 3037 4390 regnum,
3067 4329 3120 4375 et
3149 4335 3214 4374 ex
3245 4318 3343 4373 bo-

1788 4394 1872 4446 nis
1896 4393 2098 4463 nostris
2128 4409 2211 4452 ea,
2236 4409 2355 4463 qua:
2375 4394 2530 4447 nobis
2560 4392 2868 4447 necessaria
2895 4406 3004 4446 non
3024 4397 3182 4463 sunt,
3210 4404 3342 4463 pan:

1781 4459 2456 4533 peribuserogari.Contra
2475 4472 2650 4517 tamen
2676 4463 2950 4517 instabant
2975 4460 3150 4514 adhuc
3175 4459 3342 4533 aliqui

1781 4531 1834 4604 et
1857 4531 2154 4603 urgebant“:
2189 4532 2358 4604 Cujus
2379 4548 2508 4601 ergo
2533 4542 2692 4604 erunt
2713 4541 3029 4604 sumptuosa
3054 4539 3108 4587 et
3133 4531 3343 4600 niagni-

1781 4602 1882 4673 ﬁca
1933 4602 2161 4673 qumque
2184 4644 2198 4668 ,
2227 4602 2280 4659 si
2307 4619 2496 4658 omnes
2527 4603 2663 4657 nihil
2693 4602 2801 4657 nisi
2839 4604 2944 4673 vile
2974 4611 3027 4656 et
3051 4615 3341 4655 commune

1782 4671 2191 4729 habeaht'fSed
2240 4675 2324 4729 his
2365 4673 2615 4728 Clemens
2659 4671 2952 4743 respondet
2984 4686 3171 4743 eorum
3215 4685 3342 4723 esse

1781 4743 2010 4814 debere,
2048 4745 2140 4814 qui
2183 4745 2384 4814 absque
2413 4741 2801 4814 vehementiori
2846 4742 3011 4796 animi
3061 4741 3255 4814 affectu
3284 4746 3341 4792 et

1783 4810 2099 4870 discrimine
2129 4815 2195 4868 iis
2218 4810 2313 4868 uti‘
2327 4821 2576 4883 possunt.
2608 4813 2874 4868 Caeterum
2898 4827 2962 4883 ea
2986 4810 3188 4872 omnia,
3217 4824 3340 4883 qua:

1782 4893 2010 4939 ornatus
2050 4879 2350 4940 satietatem
2391 4885 2639 4946 aﬁ'erunt,
2679 4885 2747 4936 ab
2779 4882 3032 4936 omnibus
3062 4895 3182 4934 esse
3209 4879 3340 4946 reji-

1781 4954 1993 5030 eienda,
2018 4953 2453 5030 quandoquidem
2477 4955 2529 5030 i_n
2547 4955 2660 5008 sola
2684 4954 2883 5030 virtute
2899 4951 3155 5030 consistit
3177 4963 3363 5030 omne-

1785 5023 1986 5078 honum
2009 5019 2341 5095 [pulchrum
2388 5032 2442 5078 et
2488 5025 2795 5079 honestum.
2819 5019 3356 5095 _Qttocirca_m_i_litcs.

1785 5087 2030 5165 increpat
2053 5087 2083 5161 ξ’
2112 5097 2203 5166 qui
2249 5110 2382 5166 auro
2429 5109 2644 5164 quoque
2680 5087 3034 5147 ornabantur.
3085 5087 3337 5144 Mulieres

1784 5181 1910 5219 vero
1952 5165 2142 5222 acrius
2175 5165 2443 5234 corripit,
2477 5182 2613 5234 quas
2643 5177 2866 5219 cernere
2904 5169 3040 5234 erati
3063 5173 3196 5234 auro
3227 5171 3337 5211 non

1784 5241 1892 5308 tam
1922 5237 2105 5290 ornari
2149 5228 2562 5308 quam—onerari
2587 5275 2601 5296 ,
2635 5250 2699 5288 ac
2729 5235 2872 5308 sicut
2903 5230 3045 5308 apud
3072 5228 3358 5308 barbaros.

1782 5306 1910 5358 olim
1939 5319 2122 5362 sontes
2146 5298 2200 5362 εἰ
2227 5321 2370 5366 reos,
2399 5305 2577 5360 aureis
2597 5298 2954 5374 compedibua
2970 5298 3160 5354 vinciri
3183 5303 3237 5353 et
3257 5298 3338 5374 al-

1782 5375 1956 5446 ligari.
1984 5376 2110 5430 Illas
2132 5391 2294 5446 porro
2324 5375 2455 5446 dicit
2486 5376 2555 5429 ab
2577 5366 2764 5446 eodem
2795 5379 3046 5446 serpente
3075 5383 3220 5446 nunc
3241 5366 3336 5422 de-

1778 5440 1908 5514 cipi,
1947 5447 2038 5516 qui
2072 5440 2324 5516 primitus
2356 5445 2520 5498 Evam
2550 5459 2675 5516 esca
2707 5440 3080 5497 fraudulenter
3108 5440 3349 5494 circum--

1777 5514 2319 5573 venithar—iifestum
2353 5517 2536 5584 itaque
2571 5514 2700 5568 facit
2728 5521 2951 5567 catenas
2974 5526 3194 5584 aureas,
3219 5522 3348 5562 mon

1779 5584 1930 5656 nilia,
1958 5589 2211 5654 annulos,
2237 5596 2289 5643 et
2312 5582 2580 5656 reliquum
2612 5599 2826 5640 omnem
2856 5582 3136 5639 muliebris
3171 5583 3356 5636 luxus;
