3964 6312
177 333 291 388 857

709 327 893 384 ALM'I
933 325 1002 384 IN
1036 325 1630 386 COHORTATIONEM
1668 331 1755 386 ET
1794 331 2243 388 PEDAGOGUM
2283 330 2881 390 OBSERVATIONES.

3312 342 3416 397 858

177 462 356 524 mens
387 442 593 524 putavit
624 441 775 499 illum
805 462 825 495 ι
879 446 1032 517 pueri
1085 465 1104 498 ι
1150 448 1472 517 cognomine
1509 449 1754 518 potuisse
1781 457 1828 512 Α
1856 451 1991 524 loco
2021 433 2293 524 dill'icilius
2334 456 2390 524 et
2419 449 2741 524 spinosius,_
2761 449 2989 524 quo_ille
3017 447 3264 524 Ieremia?
3296 470 3420 524 pro-

176 517 462 587 appellari.

714 605 1112 662 ARTICULUS
1137 606 1222 663 lll.

178 695 260 752 De
297 697 610 770 quibusdam
659 699 858 754 Veteris
900 699 1219 753 Testamenti
1245 701 1395 754 libris
1415 703 1468 754 in
1496 699 1749 770 Pzedago-

251 784 335 841 go
359 769 715 841 laudatisrac
750 787 910 841 quam
949 771 1150 841 diverso
1189 787 1222 823 a
1275 773 1486 841 vulgata
1535 769 1748 824 ﬂlorum

248 838 475 891 editione
512 839 666 893 modo
703 838 857 908 plura
897 856 1076 893 eorum
1124 839 1239 893 loca
1289 838 1558 903 citaverit,
1599 850 1649 892 et
1686 841 1750 894 de

251 909 519 1028 zonnullis
561 926 676 980 qua
715 911 1001 964 etiamnum
1040 910 1094 962 in
1126 926 1187 963 ea
1227 928 1328 966 non
1365 927 1635 966 occurrere
1674 911 1750 964 ri-

289 988 461 1028 εηιητ-

289 988 461 1033 eutur.

252 1068 388 1140 Cum
417 1070 621 1123 nullum
648 1071 804 1125 nobis
823 1068 1154 1139 superfuerit
1186 1070 1480 1126 Clementis
1510 1086 1646 1140 opus
1692 1071 1746 1125 in

171 1156 292 1208 quo
326 1139 478 1208 plura
504 1155 665 1209 quam
699 1142 752 1195 in
790 1140 1086 1209 Pwdagogo
1119 1157 1217 1196 suo
1258 1158 1427 1196 sacrae
1458 1139 1750 1210 Scriptura:

173 1210 492 1280 testimonia
537 1211 806 1273 citaverit,
839 1226 1019 1280 opera:
1068 1213 1300 1280 pretium
1343 1227 1465 1267 esse
1495 1211 1748 1267 duximus

174 1279 347 1352 deiis
369 1281 655 1352 separatim
686 1279 995 1352 disputare;
1027 1279 1312 1352 postquam
1345 1292 1523 1336 tamen
1565 1296 1749 1352 ease-

175 1349 312 1402 dulo
353 1349 861 1415 exauiinavcrimns,
908 1349 1044 1420 quae
1080 1351 1148 1403 ab
1170 1349 1272 1405 illo
1313 1353 1380 1407 de
1422 1351 1748 1420 quibusdam

176 1421 348 1473 divini
380 1421 660 1490 utriusque
682 1421 1012 1476 Testamenti
1046 1422 1198 1475 libris
1227 1423 1500 1476 memoria:
1535 1421 1748 1490 prodita

177 1500 332 1544 sunt.
365 1489 410 1542 Α
443 1489 812 1561 Pentateucho
841 1491 1022 1560 itaque
1059 1499 1118 1544 ut
1147 1492 1493 1561 incipiamus,
1531 1489 1748 1545 constat

177 1575 316 1613 sane
345 1560 472 1613 illud
517 1561 686 1631 Moysi
721 1562 789 1615 ab
831 1569 1052 1617 auclore
1079 1560 1272 1617 nostro
1304 1562 1748 1617 constantissime

178 1631 404 1683 attribui
451 1631 516 1702 ’9.
559 1631 748 1684 Nonne
793 1632 934 1684 enim
975 1639 1162 1702 aperte
1205 1632 1337 1685 dicit
1395 1631 1747 1702 Paedagogum

178 1706 448 1763 nostrum,
488 1701 542 1754 in
596 1701 680 1755 his
723 1702 877 1756 libris
928 1719 1022 1770 per
1069 1701 1288 1771 Moysen
1340 1703 1605 1766 locutum,
1634 1701 1749 1770 per

178 1786 325 1833 eum,
361 1771 600 1840 inquam,
651 1771 905 1841 Moysen,
949 1787 1042 1841 per
1083 1787 1242 1840 quem
1269 1773 1623 1827 lsraeliticum
1661 1787 1750 1840 po-

179 1841 411 1964 2:11:32!
429 1857 509 1948 9ex
551 1841 787 1914 Egypto
815 1842 1126 1912 fugientem,
1170 1841 1222 1896 in
1258 1842 1490 1898 desertis
1539 1843 1746 1896 condu-

181 1918 341 1964 cebat
370 1918 445 1962 ’Ἴ

256 1981 312 2034 Si
339 1981 467 2050 quid
501 1997 626 2036 vero
647 1997 711 2035 ex
740 1980 971 2037 Psalmis
990 1982 1227 2051 colligat,
1258 1989 1388 2036 tunc
1409 1997 1504 2037 eos
1533 1981 1744 2048 Davidi,

177 2066 312 2104 vero
336 2066 520 2105 eorum
545 2053 775 2120 parenti,
811 2052 950 2106 haud
977 2053 1288 2108 dubitanter
1308 2054 1503 2108 asserit
1523 2054 1590 2107 ".
1613 2052 1746 2108 Pro-

178 2120 491 2192 verbiorum
522 2137 734 2192 quoque
755 2123 970 2185 librum,
1001 2139 1160 2192 quem
1191 2125 1243 2177 in
1275 2123 1543 2192 superiori
1589 2123 1743 2178 lucu-

179 2191 431 2245 bratione
462 2191 676 2246 nomine
691 2193 889 2247 eruditi
923 2191 1281 2248 adolescentis
1314 2191 1520 2248 Hebraei
1556 2194 1624 2247 ab
1654 2195 1747 2248 illo

181 2260 459 2313 laudatum
489 2262 743 2325 vidimus,
782 2263 837 2316 in
879 2263 962 2316 his
990 2262 1266 2318 Salomoni
1298 2263 1618 2317 nominatim
1651 2266 1748 2318 ad~

175 2330 387 2452 iudicat
410 2329 476 2384 ”.
505 2330 658 2385 Hunc
688 2347 868 2400 porro,
901 2349 1005 2388 non
1025 2349 1184 2388 secus
1204 2348 1268 2386 ac
1297 2334 1431 2388 alios
1463 2335 1747 2404 utriusque

201 2398 419 2452 ‘mderis
445 2402 684 2452 codices.
716 2402 931 2452 amante
979 2401 1183 2452 Sniritu
1223 2410 1432 2452 saneto.
1481 2404 1745 2452 scrinlum

201 2398 419 2473 hederis
445 2398 931 2473 codices,'alllante
979 2401 1183 2473 Spiritu
1223 2410 1432 2466 sancto,
1481 2398 1745 2473 scriptum

182 2470 353 2523 fuisse
391 2481 572 2537 aperte
597 2471 918 2526 testiﬁcatur
950 2470 1408 2538 "(Quamobrem
1441 2473 1579 2528 idem
1595 2470 1748 2528 'liber

182 2541 299 2613 solo
320 2537 604 2607 Sapientiae
620 2549 700 2613 et
718 2541 1011 2613 Scriptum
1027 2537 1247 2598 nomine
1275 2543 1343 2598 ab
1368 2557 1433 2598 eo
1455 2543 1745 2613 aliquando

177 2610 383 2666 citatus
415 2611 657 2664 occurrit
689 2612 756 2666 ”.

251 2680 391 2745 Quid
417 2695 565 2744 vero,
589 2681 733 2750 quod
753 2697 860 2736 non
881 2697 1198 2750 magnorum
1231 2689 1464 2746 tantum,
1488 2691 1547 2736 ut
1572 2682 1743 2744 aiunt,

179 2751 566 2823 pmphetarum
590 2753 792 2823 libros,
823 2759 952 2823 puta
982 2753 1151 2823 Isaiae,
1185 2751 1452 2823 Jerexnize,
1490 2751 1746 2823 Ezechie-

182 2823 250 2876 lis
279 2821 359 2883 “;
400 2824 492 2875 sed
531 2821 692 2874 etiam
732 2820 1024 2887 minorum,
1055 2822 1221 2877 Amos
1253 2822 1460 2876 scilicet
1489 2832 1544 2875 et
1565 2820 1741 2884 Oscae,

180 2891 250 2970 iis
292 2905 523 3013 qqqri;m
569 2907 768 2947 nomen
814 2892 1131 2962 praeferunt,
1176 2892 1617 2947 constantissime
1655 2906 1746 2945 as-

180 2976 338 3013 suzna
417 2973 426 2991 ⁸

180 2962 362 3029 signat
387 2962 429 2991 ’⁷

251 3029 511 3098 Quamvis
539 3037 718 3084 autem
744 3029 942 3085 librum
963 3029 1330 3085 Ecclesiastici
1357 3045 1423 3084 ex
1455 3044 1610 3085 sacro
1639 3027 1744 3084 He-

182 3101 384 3154 braicm
428 3101 674 3155 veritatis
722 3115 930 3155 canone
963 3101 1205 3154 nonnulli
1236 3100 1549 3164 excludant,
1588 3101 1742 3154 illum

181 3186 360 3225 tamen
403 3169 652 3225 Clemens
700 3179 884 3225 noster
915 3171 1102 3226 iisdem
1135 3173 1291 3240 plane
1329 3185 1392 3224 ac
1424 3170 1748 3240 Proverbio-
1774 3181 1814 3238 ο

178 3256 301 3294 rum
359 3240 554 3310 librum
607 3241 841 3310 appellat
883 3239 1194 3295 nominibhs
1225 3251 1278 3294 et
1339 3241 1533 3295 titulis.
1585 3239 1742 3294 Modo

177 3311 325 3364 enim
349 3325 378 3362 a
401 3309 747 3380 doctissii’u’u_
770 3311 1036 3380 scriptore
1065 3321 1255 3366 nostro
1287 3310 1564 3380 Sapientia
1607 3326 1747 3363 nun-

177 3389 414 3450 cupatur
440 3380 506 3443 ’⁸,
534 3380 694 3434 modo
722 3378 1000 3450 Scriptura
1016 3380 1082 3446 ’³,
1101 3389 1153 3436 et
1185 3383 1325 3450 quod
1353 3378 1529 3434 adhuc
1556 3387 1747 3450 notatu

173 3452 398 3521 dignius
418 3461 520 3513 est,
553 3451 622 3504 ab
654 3449 936 3521 ipsoihaud
963 3449 1274 3505 dubitanter
1313 3452 1608 3504 aﬂirmatur
1633 3449 1742 3504 Pa:-

170 3520 472 3590 dagogum,
503 3522 606 3575 hoc
627 3529 730 3585 est,
764 3520 1040 3575 Christum
1068 3521 1377 3587 Dominum,
1410 3521 1468 3574 in
1497 3536 1562 3574 eo
1601 3521 1747 3590 sicut

173 3593 233 3644 in
257 3589 392 3646 aliis
422 3589 713 3660 Scriptura
739 3605 908 3644 sacra:
933 3591 1085 3645 libris
1107 3592 1344 3644 locutum
1363 3592 1531 3646 fuisse
1554 3593 1592 3642 ί.
1609 3589 1746 3656 Quid

172 3669 361 3716 autem
389 3661 535 3715 aliud
568 3661 691 3714 inde
733 3661 978 3731 colligas,
1021 3662 1128 3716 nisi
1157 3661 1487 3716 Clementem
1519 3675 1746 3731 omnino

175 3745 502 3801 persuasum
563 3731 820 3786 habuisse
862 3729 1006 3784 hunc
1049 3733 1266 3793 librum,
1309 3731 1484 3785 sancti
1513 3729 1746 3801 Spiritus

173 3799 360 3854 amatu
392 3801 782 3868 conscriptum,
820 3801 1062 3868 ejusdem
1109 3801 1330 3855 omnino
1369 3816 1491 3854 esse
1534 3799 1744 3853 ordinis

173 3881 344 3940 atque
373 3872 464 3924 alii
493 3871 689 3940 quibus
719 3873 928 3940 primus
962 3871 1223 3924 librorum
1261 3869 1556 3939 Scriptura:
1579 3885 1748 3924 sacra:

172 3955 375 4064 ἱρηοηῖ
390 3941 519 3996 olim
550 3943 880 3996 constitutus
909 3949 963 3996 et
1008 3940 1342 4010 compositus
1369 3941 1538 3995 fuisse
1563 3941 1749 4010 perhi-

217 4021 340 4064 etur

217 4012 375 4065 elur‘l

251 4081 520 4136 Caeterum
543 4077 793 4136 Clemens
815 4079 1006 4136 omnia
1045 4081 1240 4136 horum
1281 4081 1622 4149 aliorumque
1658 4095 1747 4134 sa-

173 4165 401 4206 crorum
450 4150 698 4204 codicum
733 4153 873 4215 loca,
916 4168 946 4204 a
973 4167 1031 4206 se
1081 4152 1268 4217 citata,
1295 4167 1405 4205 non
1454 4151 1559 4204 alia
1590 4151 1747 4220 plane

175 4237 342 4289 quam
375 4221 428 4272 in
461 4221 729 4288 superiori
768 4222 1246 4285 commentatione,
1280 4222 1534 4275 methodo
1577 4221 1743 4276 refert

169 4300 236 4361 et
253 4291 601 4361 transcribit.
625 4289 757 4342 Nam
789 4307 850 4346 ea
881 4307 1022 4361 saepe
1052 4293 1249 4361 saepius
1280 4293 1674 4360 totidem,quot
1694 4291 1746 4344 in

175 4359 369 4414 LXXII
405 4361 692 4414 Seniorum
730 4359 978 4416 versione
1026 4359 1312 4424 habentur,
1340 4361 1514 4415 reddit
1542 4359 1744 4422 verbis,

175 4431 276 4486 sed
313 4446 418 4485 non
453 4431 570 4485 sine
597 4430 863 4498 frequenti
895 4432 1183 4486 lectionum
1215 4432 1494 4486 varietate.
1517 4433 1583 4484 At
1608 4447 1749 4500 szepe

174 4502 343 4555 etiam
376 4517 569 4555 nomen
599 4503 838 4556 auctoris
866 4508 1028 4565 tacet,
1052 4502 1133 4556 vel
1153 4503 1351 4556 alicubi
1384 4502 1744 4564 diversorum,

173 4572 337 4641 quasi
362 4571 522 4625 unius
553 4571 848 4640 propheta,
874 4573 1038 4626 verba
1062 4573 1279 4642 copulat
1307 4579 1359 4626 et
1380 4571 1662 4641 conjungit
1691 4571 1742 4637 ’;

177 4643 380 4710 saepius
405 4657 572 4695 unum
607 4657 703 4710 pro
725 4642 830 4696 alio
853 4642 1170 4712 prepbetam
1202 4642 1466 4712 appellat;
1493 4656 1749 4712 nonnun-

175 4726 343 4782 quam
397 4712 548 4780 plura
589 4727 650 4764 ex
687 4711 876 4766 eodem
923 4711 1522 4782 Scriptum’contextu,
1556 4711 1748 4782 mediis

172 4781 360 4835 tamen
399 4783 575 4836 verbis
605 4782 818 4850 penitus
844 4783 1090 4845 omissis,
1132 4783 1200 4836 ab
1233 4797 1298 4836 eo
1324 4782 1595 4851 descripta
1617 4781 1749 4850 legis

178 4865 324 4906 mus.
349 4851 606 4922 Denique
638 4853 764 4922 alia,
794 4852 887 4906 sed
920 4867 1114 4922 pauca,
1159 4853 1229 4908 ab
1257 4852 1376 4922 ipso
1413 4853 1745 4920 referuntur,

175 4936 303 4992 quae
343 4921 398 4974 in
429 4922 602 4976 sacris
655 4921 1463 4977 librorum’nostrorum’libris
1511 4922 1594 4976 vel
1637 4936 1748 4992 non

176 4998 394 5046 exstant
418 4993 671 5062 amplius,
700 4994 780 5046 vel
811 4992 1000 5048 saltem
1026 5008 1124 5048 nec
1149 5008 1179 5046 a
1208 4993 1384 5057 nobis,
1408 5007 1508 5047 nec
1536 4992 1605 5047 ab
1627 4991 1749 5047 aliis

179 5062 408 5132 reperiri
434 5069 752 5130 potuerunt.

253 5129 369 5202 rion
404 5129 603 5186 mirum
631 5133 814 5202 itaque
855 5131 898 5186 si
923 5131 1039 5186 haec
1068 5129 1246 5187 doctis
1281 5130 1744 5202 Clementinorum

171 5201 290 5273 24
315 5216 538 5271 operum
563 5201 865 5257 editoribus
893 5201 1164 5273 negotium
1193 5202 1436 5273 profecto
1458 5201 1744 5273 molestum

176 5270 232 5326 et
256 5270 548 5343 operosum
571 5273 864 5342 aliquando
900 5270 1238 5327 facesserint.
1264 5271 1328 5324 Et
1360 5287 1488 5326 vero
1515 5270 1647 5341 quid
1680 5285 1745 5325 eo

249 5424 298 5495 ξι
328 5439 452 5495 pag.
485 5425 724 5487 80,1l2,
760 5425 882 5491 ηδ,
917 5424 1038 5488 126,
1072 5425 1194 5490 149,
1228 5425 1352 5487 191,
1383 5423 1509 5486 220,
1531 5423 1659 5495 225,
1688 5421 1813 5476 εδει.
1890 5422 1933 5495 τῇ

1852 519 2294 594 plietiam,__h_unc
2344 519 2474 594 citat
2521 520 2575 572 in
2621 519 2840 594 modum
2874 519 2924 572 ³;
2980 539 3000 570 ε
3041 519 3119 594 Eo
3164 519 3312 594 usus
3338 533 3422 580 est

1850 588 2053 646 auxilio
2093 588 2311 642 divinus
2349 588 2702 658 Pwdagogus,
2745 589 2933 643 dicens
2967 605 3061 658 per
3082 589 3371 648 Jeremiam
3402 610 3416 646 :

1847 660 1972 715 Fuit
2002 659 2099 712 tibi
2152 659 2754 734 aspectus_meretricis,
2804 659 3087 734 impudens
3110 660 3256 715 fuisti
3292 679 3423 734 erga

1847 744 2058 800 omnes,
2089 734 2142 800 et
2169 743 2277 782 non
2294 727 2628 800 ingdomum
2659 728 2917 783 vocavisti
2946 745 3058 800 tne,
3099 738 3152 786 et
3185 727 3415 800 patrem,

1849 809 1902 856 et
1931 799 2227 868 principem
2259 797 2586 867 virginitatis
2616 805 2740 861 tua},
2773 807 2839 868 et
2871 799 3092 867 pulchra
3139 797 3418 867 meretrix,

1849 877 1902 924 et
1927 865 2167 934 jucunda
2193 867 2300 920 dux
2327 865 2690 923 venenorum?
2714 886 2732 918 ι
2773 865 3042 922 Ηίόειηίη]
3080 871 3231 926 locus
3257 865 3424 927 tantae

1848 937 2178 1007 diﬂicultatis
2206 935 2438 991 Herveto
2467 938 2618 992 visus
2650 947 2754 1000 est,
2806 946 2864 990 ut
2896 938 3042 992 illius
3058 940 3283 1007 nodum,
3314 943 3419 995 nisi

1851 1006 2086 1064 secando
2120 1007 2255 1081 solvi
2284 1021 2590 1081 possenon
2623 1007 2936 1081 crediderit.
2972 1007 3028 1061 ln
3060 1011 3177 1065 suis
3221 1006 3422 1081 quippe

1849 1077 2252 1148 commentariis
2301 1077 2537 1148 nosille
2588 1076 2841 1148 admonet
2889 1088 3160 1146 postrema
3192 1076 3422 1148 hujusce

1849 1149 1954 1202 loci
1987 1147 2147 1220 verba
2188 1165 2200 1199 :
2239 1147 2330 1200 καὶ
2364 1145 2536 1220 πόρνη
2564 1145 2723 1218 καλὴ,
2763 1147 2855 1200 καὶ
2887 1145 3158 1220 ἐπίχαρις,
3183 1145 3424 1220 ήγὸυμέ-

1848 1235 1913 1290 νη
1942 1216 2304 1290 φαρμάκωνοτι
2346 1231 2404 1290 se
2431 1215 2623 1290 fuisse
2643 1215 3037 1285 prietermissa',
3055 1215 3420 1290 quandoqui-

1849 1285 1969 1342 dem
2003 1285 2117 1359 ipsa
2146 1301 2320 1355 neque
2350 1287 2402 1339 in
2431 1285 2694 1359 llebraico
2717 1294 2890 1359 textu,
2916 1285 3160 1359 neque—in
3189 1285 3423 1359 Septua-

1887 1359 1995 1412 inta
2028 1356 2252 1419 Senum,
2293 1371 2467 1425 neque
2495 1355 2805 1426 Hieronymi
2832 1355 3080 1412 versione
3115 1355 3418 1416 invenerat.

1893 1428 1956 1482 ed
1978 1427 2216 1480 animum
2245 1441 2355 1479 non
2386 1426 2520 1480 satis
2563 1425 2872 1480 adverterat
2899 1430 2984 1479 vir
3015 1427 3261 1482 eruditus
3302 1429 3419 1483 lizec

1849 1498 2123 1566 prophetat
2152 1493 2362 1548 Nahum
2382 1511 2503 1550 esse
2526 1496 2687 1550 verba
2703 1496 2746 1559 ⁸,
2773 1512 2892 1565 qua:
2907 1512 2935 1549 a
2953 1497 3230 1554 Clemente
3247 1498 3418 1553 textui

1847 1567 2109 1631 Jeremiac,
2152 1566 2379 1634 perinde
2422 1579 2485 1619 ac
2515 1566 2562 1620 si
2597 1567 2742 1622 illius
2770 1574 2974 1633 essent,
3019 1567 3137 1624 sine
3178 1569 3420 1624 auctoris

1849 1638 2070 1694 nomine
2099 1635 2353 1703 adjuncta
2382 1644 2526 1690 sunt.

1919 1706 2196 1762 Neminem
2230 1721 2392 1776 porro
2419 1706 2502 1759 vel
2547 1705 2815 1776 tantillum
2839 1706 3039 1760 morari
3075 1715 3272 1776 potest,
3305 1707 3418 1762 sic-

1849 1779 1941 1832 ubi
1989 1774 2501 1846 ipsemet’Clemens
2570 1774 2803 1830 Baruchi
2837 1777 2999 1830 verba
3034 1774 3415 1841 describenda,

1848 1844 2095 1916 eumdem
2144 1853 2353 1898 tantum
2401 1844 2691 1900 Jeremiam
2742 1847 3060 1916 nominatim
3113 1849 3419 1916 appellave-

1850 1920 1921 1971 rit
1944 1919 1986 1968 ⁸.
2017 1915 2398 1970 Vetustissima
2429 1917 2704 1969 enimvero
2733 1931 2795 1968 ea
2827 1915 2925 1968 fuit
2953 1915 3198 1969 veterum
3231 1915 3420 1971 Eccle-

1851 1990 1944 2044 sia:
1983 1986 2204 2040 Patrum
2249 1986 2607 2047 consuetudo,
2655 2001 2760 2054 qua
2792 1983 3022 2038 Baruchi
3069 1987 3252 2050 verba,
3292 1995 3420 2040 tan-

1849 2073 2010 2134 quam
2055 2057 2124 2110 ab
2168 2055 2415 2134 Ieremia
2468 2055 2607 2109 libro
2626 2055 2996 2134 “deprompta,
3036 2071 3178 2124 saepe
3220 2057 3420 2134 saepius

1849 2123 1907 2184 se
1949 2131 2119 2181 citare
2165 2124 2577 2195 proﬁtebantur.
2626 2123 2910 2178 Rationem
2937 2126 2991 2195 isi
3041 2123 3418 2195 quazras,'tibi

1849 2199 1995 2252 illico
2057 2194 2848 2266 respondebituriBaruchum
2925 2194 3097 2266 fuisse
3166 2194 3418 2266 Jeremiat

1849 2264 2256 2328 amanuensem,
2297 2275 2459 2334 atque
2510 2265 2714 2318 idcirco
2753 2264 2960 2317 librarii
3005 2280 3140 2333 opus
3171 2265 3417 2334 potuisse

1854 2339 2115 2406 magistro
2165 2335 2386 2406 ascribi.
2442 2334 2667 2406 Interim
2713 2334 2892 2406 obiter
2942 2335 3100 2406 velim
3153 2336 3416 2406 observes

1847 2402 1972 2461 non'
2002 2406 2289 2459 minimum
2339 2405 2584 2474 ejusdem
2635 2402 2866 2457 Baruchi
2918 2404 3216 2474 prophetia:
3265 2405 3421 2460 testi-

1849 2479 2086 2530 inonium
2139 2474 2256 2528 solo
2309 2472 2507 2528 divinae
2542 2472 2836 2542 Scriptura:
2882 2472 3102 2528 nomine
3156 2475 3236 2528 sic
3285 2475 3416 2530 alibi

1848 2561 1878 2599 a
1918 2545 2193 2600 Clemente
2240 2543 2397 2615 citari
2432 2563 2444 2598 :
2480 2543 2785 2615 Παγκάλῳς
2808 2542 2938 2615 γοῦν
2973 2547 3006 2615 ἡ
3051 2544 3167 2596 Θεία
3202 2561 3304 2615 ποτ.)
3329 2545 3420 2598 λέ-

1845 2631 1930 2679 γει
1956 2616 2143 2686 Γραφή
2165 2629 2178 2641 ο
2201 2612 2632 2686 LPulcherrime
2663 2612 3020 2686 alicubi_di_xi't
3049 2615 3231 2686 divina
3266 2614 3419 2686 Scri-

1845 2681 2010 2753 ptura
2050 2681 2093 2736 ³.
2132 2681 2150 2736 i
2188 2681 2458 2753 Ejusdem
2501 2684 2667 2753 igitur
2716 2683 2884 2736 divini
2927 2682 3164 2753 Spiritus
3207 2685 3414 2751 alﬂatu,

1845 2752 1954 2824 quo
2003 2752 2248 2807 Jeremiae
2292 2752 2629 2824 aliorumque
2662 2767 2942 2806 sacrorum
2970 2752 3271 2807 auctorum
3319 2771 3415 2809 co-

1845 2823 2015 2884 dices.
2053 2837 2169 2876 eam
2197 2823 2416 2893 scriptis
2454 2824 2764 2876 mandatam
2791 2837 2914 2878 esse
2944 2824 3109 2877 ﬁxum
3140 2827 3299 2893 plane
3323 2840 3414 2882 ra-

1845 2903 2070 2961 tumque
2104 2892 2412 2948 habebat’.
2901 2960 2954 2961 ᾗ
3021 2960 3026 2961 ν
3071 2958 3088 2961 A
3142 2892 3157 2893 ί
3365 2950 3369 2953 .

1915 2958 2087 3029 Quam
2132 2961 2352 3016 diverso
2381 2967 2560 3016 autem
2606 2976 2637 3014 a
2679 2969 2864 3016 nostra
2899 2958 3089 3014 LXXII
3122 2961 3412 3021 Seniorum

1845 3031 2030 3087 Graeca
2060 3035 2313 3086 versione
2344 3032 2505 3085 modo
2537 3031 2803 3101 plurimos
2842 3032 3054 3087 Veteris
3078 3031 3417 3088 Testamenti

1847 3103 1995 3158 locos
2028 3105 2258 3169 ipsemet
2288 3102 2376 3154 ille
2407 3110 2597 3154 auctor
2638 3109 2826 3155 noster
2857 3103 3124 3166 retulerit,
3155 3118 3219 3156 ex
3253 3105 3423 3158 schoo

1851 3175 1957 3236 liis,
1990 3175 2043 3228 in
2090 3187 2314 3244 operum
2355 3171 2475 3244 ejus
2494 3172 2721 3244 calcem
2757 3172 2997 3240 rejectis.
3030 3172 3284 3244 facillime
3317 3189 3419 3244 po.

1848 3251 1957 3298 test
1990 3243 2244 3312 perspici.
2282 3240 2384 3295 Sed
2416 3243 2542 3312 quia
2575 3241 2645 3296 ibi
2672 3241 2828 3310 plura
2857 3249 3044 3296 notatu
3075 3240 3420 3312 dignissima,

1847 3322 1940 3366 aut
1969 3311 2194 3366 on'inino
2229 3311 2739 3382 praetenuissa,aut
2780 3328 2889 3366 non
2922 3313 3057 3366 satis
3100 3311 3246 3366 recte
3285 3329 3415 3367 enu-

1847 3385 2020 3437 cleata
2062 3381 2330 3443 sunt,’de
2378 3382 2446 3434 iis
2495 3381 2698 3443 brevis,
2747 3383 2840 3436 sed
2897 3397 3061 3450 quam
3109 3383 3422 3438 accuratior

1847 3467 1877 3506 a
1906 3454 2062 3506 nobis
2095 3453 2206 3505 lieri
2237 3451 2453 3520 poterit,
2488 3452 2806 3504 instruenda
2833 3457 2916 3506 est
2949 3452 3270 3520 disputatio.

1919 3521 2088 3576 Nobis
2110 3519 2288 3590 itaque
2313 3521 2519 3589 primus
2545 3520 2760 3590 obviam
2791 3521 2940 3576 venit
2975 3519 3204 3574 Genesis
3236 3523 3418 3586 locus,

1847 3607 1912 3662 ex
1945 3607 2052 3662 quo
2097 3589 2347 3662 Clemens
2379 3599 2562 3662 narrat
2593 3589 2855 3644 Jacobum
2897 3590 3260 3662 patriarcham
3294 3607 3418 3646 cum

1847 3659 2051 3714 Labani
2096 3661 2270 3714 soceri
2319 3660 2401 3712 sui
2449 3674 2577 3714 oves
2611 3667 2878 3728 pasceret,
2912 3659 3117 3728 virgam
3163 3660 3420 3716 habuisse

1849 3732 2177 3800 styracinam
2229 3729 2296 3800 ⁸η
2327 3728 2576 3800 Declarat
2613 3727 2826 3798 quippe
2883 3727 3151 3783 Hervetus
3208 3745 3268 3784 se
3315 3747 3418 3786 nec

1848 3797 2067 3870 legisse,
2099 3813 2200 3852 nec
2249 3797 2494 3850 divinare
2527 3797 2853 3870 possepcur
2893 3799 2984 3853 ille
3023 3799 3162 3870 hanc
3207 3799 3415 3869 virgam

1847 3868 2642 3941 stvracinam“nuncupaverit.
2676 3868 2720 3922 Ο
2762 3871 2897 3922 mira
2946 3883 3078 3941 sane
3123 3869 3267 3922 docti
3297 3868 3421 3922 tan-

1848 3937 2024 3994 torum
2061 3939 2116 3992 in
2161 3937 2458 3992 Clementis
2504 3951 2667 4006 opera
2717 3939 3236 3993 commentariorum
3282 3941 3420 3994 scri-

1847 4013 2022 4080 ptoris
2051 4007 2346 4080 declaratio
2371 4009 2382 4060 !
2404 4007 2565 4080 _Quid
2596 4009 2741 4080 enim
2781 4009 2858 4062 illi
2891 4008 3124 4080 facilius,
3154 4024 3316 4080 quam
3365 4009 3421 4063 id

1847 4075 1990 4150 apud
2019 4079 2368 4150 Septuaginta
2400 4075 2656 4150 Seniores
2686 4078 2860 4150 legere
2879 4097 2898 4150 _:
2931 4076 3130 4150 Ἔλαβε
3154 4075 3210 4130 δὲ
3237 4079 3416 4150 ἑαυτῷ

1860 4145 2051 4220 ’Ῐακὼβ
2093 4145 2292 4220 βᾲϐδον
2348 4145 2676 4220 στρρακίνῃν
2722 4145 2971 4220 χλωρὰγ.
3005 4147 3098 4220 θεαὶ
3136 4145 3417 4220 καρυῖνηῆ,

1845 4221 1940 4272 καὶ
1981 4215 2304 4289 οπλοιίὶτάνουῇΔ
2332 4234 2360 4289 _¢
2413 4215 2656 4285 sumpsit
2683 4215 2847 4289 enim
2872 4217 2974 4271 sibi
3003 4215 3172 4289 Jacob
3191 4215 3416 4289 Aviirgam

1848 4291 2178 4360 styracinam
2209 4285 2540 4360 virid_e_m,‘ct
2554 4287 3256 4360 pificinani._et_platanif?
3292 4285 3318 4338 ῐ
3347 4288 3421 4343 De

1848 4355 2062 4430 st'yrace
2101 4371 2264 4430 porro
2307 4356 2513 4430 videsis
2554 4355 2791 4430 Plinium
2817 4357 2890 4430 _'_°,
2927 4355 3299 4430 Dioscoridem
3352 4360 3417 4430 ιβ,

1847 4425 2066 4484 θῐδιίοε
2091 4425 2184 4496 qui
2223 4427 2290 4481 de
2319 4425 2520 4494 plantis
2563 4435 2616 4482 et
2650 4426 2940 4482 arboribus
2989 4427 3193 4496 aliquid
3223 4428 3420 4484 litteris

1850 4498 2264 4554 mandaverunt.

1776 4537 1825 4596 D
2061 4537 2508 4647 propius
2543 4564 2798 4649 Clemens
2844 4565 2920 4619 ibi
2952 4565 3420 4649 ad_Grzecam.Se-

1853 4638 2067 4692 niorum
2092 4635 2397 4691 versionem
2428 4635 2660 4699 accedit,
2684 4644 2992 4705 tantosane
3024 4637 3240 4705 longius
3267 4637 3334 4690 ab
3355 4651 3419 4690 ea

1848 4708 2104 4764 recedere
2136 4707 2367 4770 videtur,
2415 4707 2507 4761 ubi
2554 4705 2799 4776 quaadam
2835 4704 3082 4775 Dccalogi
3121 4704 3414 4776 pimcepta,

1852 4793 1964 4833 non
2014 4778 2132 4832 sine
2184 4776 2380 4846 insigni
2431 4775 2802 4830 additamento
2850 4779 3205 4846 transcripta,
3237 4775 3420 4846 nobis

1852 4849 2050 4904 iterum
2082 4863 2146 4900 ac
2189 4844 2348 4900 tertio
2382 4845 2668 4916 pr0posuit
2698 4848 2776 4916 “_:
2822 4862 2840 4896 ι
2861 4844 3092 4916 Moyses
3139 4845 3304 4907 nudo,
3336 4845 3422 4897 in—

1853 4921 1991 4988 quit,
2026 4918 2205 4988 capite
2233 4914 2553 4988 probibuit;
2585 4915 2702 4988 Non
2733 4914 3116 4988 fornicaberis.
3146 4930 3254 4968 non
3286 4928 3422 4968 ma:-

1855 4983 2128 5049 éhaberis,
2156 4983 2298 5054 idola
2331 5001 2440 5039 non
2475 4985 2752 5048 adorabis,
2793 4983 2998 5054 pueris
3023 4991 3271 5054 stuprum
3309 4996 3419 5054 non

1853 5059 2066 5113 all'eres.
2101 5075 2118 5108 ι
2167 5053 2379 5109 Rursus
2407 5071 2536 5109 vero
2571 5051 2866 5125 postea“:
2905 5071 2924 5104 ι
2955 5051 3072 5108 Non
3103 5051 3418 5125 inachaiae-

1852 5131 1951 5191 ris,
1985 5127 2127 5181 idola
2157 5139 2264 5179 non
2301 5122 2806 5194 adorabistueris
2850 5130 3099 5193 stuprum
3133 5139 3241 5194 non
3288 5122 3420 5194 atie-

1851 5215 1962 5261 res,
2012 5213 2120 5253 non
2166 5195 2459 5250 l'nraberis.-
2497 5214 2516 5246 ι
2563 5191 2693 5256 Nec,
2718 5191 3266 5263 precor,responde_as
3295 5191 3418 5247 Cle-

1853 5275 2086 5324 mentem
2144 5281 2210 5320 eo
2263 5267 2320 5320 in
2357 5280 2524 5336 Opere
2577 5261 2839 5319 memoria
2892 5263 3130 5333 lapsum.
3191 5261 3250 5317 In
3311 5264 3418 5322 alio

1964 5437 2017 5490 p.
2047 5421 2148 5474 HO
2176 5427 2229 5473 et
2257 5435 2373 5488 seq.
2449 5417 2494 5490 ξ’
2521 5432 2642 5486 pag.
2671 5415 2795 5490 ll},
2828 5415 2950 5490 lii,
2987 5414 3112 5490 ﬁli,
3143 5415 3266 5482 1.2-7,
3281 5415 3417 5490 l2},

179 5487 465 5563 439,131),
492 5497 618 5559 250,
645 5496 772 5550 252.
848 5487 893 5530 οδ
919 5487 1042 5566 pag.
1071 5487 1192 5560 122;
1228 5496 1350 5558 iet,
1371 5494 1507 5566 r27,
1543 5493 1670 5566 εἶξε,
1703 5501 1747 5546 el

1865 5491 1933 5566 μ’*
1956 5487 2082 5566 3³5³8-
2119 5489 2248 5566 2¹⁴²ι
2272 5487 2504 5566 (πέμη
2533 5503 2653 5566 238-
2695 5487 3092 5566 ¹⁵βξ.19ἵ)ο.-ξ⁶
3123 5502 3246 5566 P‘EB-
3273 5487 3398 5566 U7:

180 5565 309 5619 157.
385 5567 430 5598 ’τ
463 5583 582 5637 pag.
611 5567 734 5621 tos.
811 5563 1484 5637 οξρῐιςζίιηνιδσΛῃ.

179 5638 200 5667 ⁸
238 5637 454 5691 Nahum
513 5654 597 5702 Ill,
631 5637 685 5690 4.

179 5707 326 5777 ‘lih.
355 5723 436 5773 Hi,
466 5723 586 5776 cap.
615 5707 701 5770 10,
730 5722 850 5777 pag.
879 5707 1003 5760 242.
1058 5707 1100 5777 γ’
1129 5705 1265 5760 Gen.
1298 5721 1426 5769 xxx,
1453 5704 1543 5758 57.
1632 5703 1724 5777 __'f'

182 5776 221 5808 "
258 5775 437 5832 Diosc.
461 5773 552 5833 lib:
586 5795 624 5842 ι,
649 5773 768 5842 cap.
802 5773 889 5832 B3.
968 5780 1010 5809 “
1044 5775 1214 5833 Clem.
1247 5777 1338 5832 lib.
1376 5792 1436 5836 ll,
1469 5790 1592 5846 pag.
1623 5773 1744 5828 49!.

1560 5563 1606 5594 ⁸⁵
1635 5578 1755 5632 pag.
1794 5561 1925 5632 H5,
1948 5557 2110 5632 l26._
2131 5563 2164 5632 f
2194 5575 2315 5630 pag.
2335 5557 2471 5632 201.

1834 5630 1936 5685 129
1965 5639 2019 5686 et
2050 5629 2174 5686 150.
2276 5629 2307 5666 ⁷·
2335 5629 2544 5681 Barucb
2577 5641 2660 5688 Ill,
2684 5629 2754 5679 ‘26
2782 5635 2834 5680 et
2865 5641 2980 5695 seq.
3080 5629 3099 5658 "
3128 5641 3250 5696 pag.
3295 5629 3417 5679 161.

1843 5718 1896 5754 n.
1921 5699 2126 5756 Histor.
2154 5709 2291 5761 nat.,
2323 5698 2415 5751 lib.
2445 5713 2545 5761 xu,
2575 5711 2692 5765 cap.
2725 5697 2789 5750 l7
2815 5703 2868 5752 et
2890 5695 2981 5768 ἓξ,
3008 5711 3138 5768 pag.
3162 5697 3233 5749 3‘1
3259 5706 3312 5749 et
3335 5693 3424 5748 ιο.

1824 5772 1866 5804 ⁸³
1893 5772 1987 5827 lib.
2015 5786 2099 5837 Ill,
2129 5784 2250 5842 pag.
2283 5769 2406 5824 260.

777 5639 797 5668 ⁸
833 5631 1042 5690 ΒέΙΊῖρΙ]
1070 5653 1144 5698 tv,
1174 5636 1242 5698 ις
1280 5650 1365 5698 Itt,
1398 5634 1498 5698 15;
1531 5631 1723 5692 Cleon,

777 5722 850 5755 ac.
879 5707 1003 5755 2.12.
1080 5707 1100 5737 ’
1129 5705 1265 5755 Gen.
1298 5721 1426 5755 xxx.
1453 5704 1543 5755 57.
1681 5703 1724 5732 ¹⁰
1801 5703 1833 5754 lt

2551 5560 2570 5588 ’
2605 5557 2860 5628 pagti'ZS
2886 5564 2940 5611 et
2966 5556 3096 5628 126.
3167 5557 3187 5588 ³
3207 5556 3269 5623 ι).
3296 5556 3424 5628 νέξ).

2287 5635 2307 5666 α
2335 5626 2544 5681 Barucb
2577 5625 2660 5688 in,
2684 5625 2754 5679 ‘26
2782 5635 2834 5680 et
2865 5641 2980 5696 seq.
3080 5627 3099 5658 "
3128 5641 3250 5696 pag.
3295 5625 3417 5696 16!.
