  <div class='ocr_page' id='page_1' title='image "/cluster/home/n/w/nwhite01/storage/ocr_20150623/9/hvd.32044073501322/440.png"; bbox 0 0 3964 6312; ppageno 0'>
   <div class='ocr_carea' id='block_1_1' title="bbox 175 262 278 319">
    <p class='ocr_par' dir='ltr' id='par_1_1' title="bbox 175 262 278 319">
     <span class='ocr_line' id='line_1_1' title="bbox 175 262 278 319; baseline 0 -1"><span class='ocrx_word' id='word_1_1' title='bbox 175 262 278 319; x_wconf 83' lang='grc'><strong>869</strong></span> 
     </span>
    </p>
   </div>
   <div class='ocr_carea' id='block_1_2' title="bbox 177 445 1746 505">
    <p class='ocr_par' dir='ltr' id='par_1_2' title="bbox 177 445 1746 505">
     <span class='ocr_line' id='line_1_2' title="bbox 177 445 1746 505; baseline -0.003 0"><span class='ocrx_word' id='word_1_2' title='bbox 177 448 418 505; x_wconf 76' lang='lat' dir='ltr'><strong>Ostendit</strong></span> <span class='ocrx_word' id='word_1_3' title='bbox 453 445 735 503; x_wconf 79' lang='lat' dir='ltr'><strong>mirabiles</strong></span> <span class='ocrx_word' id='word_1_4' title='bbox 765 460 888 500; x_wconf 88' lang='lat' dir='ltr'><strong>esse</strong></span> <span class='ocrx_word' id='word_1_5' title='bbox 920 445 1065 500; x_wconf 91' lang='lat' dir='ltr'><strong>illius</strong></span> <span class='ocrx_word' id='word_1_6' title='bbox 1097 445 1339 501; x_wconf 87' lang='lat' dir='ltr'><strong>ell‘ectus.</strong></span> <span class='ocrx_word' id='word_1_7' title='bbox 1362 446 1416 500; x_wconf 89' lang='lat' dir='ltr'><strong>In</strong></span> <span class='ocrx_word' id='word_1_8' title='bbox 1449 448 1535 501; x_wconf 88' lang='lat' dir='ltr'><strong>bis</strong></span> <span class='ocrx_word' id='word_1_9' title='bbox 1569 458 1746 501; x_wconf 87' lang='lat' dir='ltr'><strong>autem</strong></span> 
     </span>
    </p>
   </div>
   <div class='ocr_carea' id='block_1_3' title="bbox 178 516 1749 588">
    <p class='ocr_par' dir='ltr' id='par_1_3' title="bbox 178 516 1749 588">
     <span class='ocr_line' id='line_1_3' title="bbox 178 516 1749 588; baseline -0.001 -14"><span class='ocrx_word' id='word_1_10' title='bbox 178 521 231 574; x_wconf 85' lang='lat' dir='ltr'><strong>id</strong></span> <span class='ocrx_word' id='word_1_11' title='bbox 265 516 622 588; x_wconf 76' lang='lat' dir='ltr'><strong>potissimum</strong></span> <span class='ocrx_word' id='word_1_12' title='bbox 672 518 929 588; x_wconf 77' lang='lat' dir='ltr'><strong>observes</strong></span> <span class='ocrx_word' id='word_1_13' title='bbox 963 517 1143 576; x_wconf 88' lang='lat' dir='ltr'><strong>velim,</strong></span> <span class='ocrx_word' id='word_1_14' title='bbox 1177 519 1323 586; x_wconf 91' lang='lat' dir='ltr'><strong>quod</strong></span> <span class='ocrx_word' id='word_1_15' title='bbox 1369 517 1484 584; x_wconf 90' lang='lat' dir='ltr'><strong>ipse</strong></span> <span class='ocrx_word' id='word_1_16' title='bbox 1535 519 1610 569; x_wconf 90' lang='lat' dir='ltr'><strong>ait</strong></span> <span class='ocrx_word' id='word_1_17' title='bbox 1646 518 1749 572; x_wconf 89' lang='lat' dir='ltr'><strong>hoc</strong></span> 
     </span>
    </p>
   </div>
   <div class='ocr_carea' id='block_1_4' title="bbox 177 586 1747 656">
    <p class='ocr_par' dir='ltr' id='par_1_4' title="bbox 177 586 1747 656">
     <span class='ocr_line' id='line_1_4' title="bbox 177 586 1747 656; baseline -0.001 -13"><span class='ocrx_word' id='word_1_18' title='bbox 177 586 535 645; x_wconf 75' lang='lat' dir='ltr'><strong>sacramento</strong></span> <span class='ocrx_word' id='word_1_19' title='bbox 583 600 691 639; x_wconf 90' lang='lat' dir='ltr'><strong>non</strong></span> <span class='ocrx_word' id='word_1_20' title='bbox 739 586 915 641; x_wconf 90' lang='lat' dir='ltr'><strong>solum</strong></span> <span class='ocrx_word' id='word_1_21' title='bbox 968 594 1221 656; x_wconf 82' lang='lat' dir='ltr'><strong>peccata,</strong></span> <span class='ocrx_word' id='word_1_22' title='bbox 1256 588 1352 642; x_wconf 88' lang='lat' dir='ltr'><strong>sed</strong></span> <span class='ocrx_word' id='word_1_23' title='bbox 1400 595 1747 656; x_wconf 88' lang='lat' dir='ltr'><strong>peccatorum</strong></span> 
     </span>
    </p>
   </div>
   <div class='ocr_carea' id='block_1_5' title="bbox 175 654 1746 729">
    <p class='ocr_par' dir='ltr' id='par_1_5' title="bbox 175 654 1746 729">
     <span class='ocr_line' id='line_1_5' title="bbox 175 654 1746 729; baseline -0.003 -16"><span class='ocrx_word' id='word_1_24' title='bbox 175 659 338 715; x_wconf 88' lang='lat' dir='ltr'><strong>etiam</strong></span> <span class='ocrx_word' id='word_1_25' title='bbox 401 671 599 729; x_wconf 52' lang='lat' dir='ltr'><strong>pugnas</strong></span> <span class='ocrx_word' id='word_1_26' title='bbox 640 657 841 729; x_wconf 78' lang='lat' dir='ltr'><strong>remitti</strong></span> <span class='ocrx_word' id='word_1_27' title='bbox 877 654 1172 729; x_wconf 17' lang='lat' dir='ltr'><strong>:itCratia,</strong></span> <span class='ocrx_word' id='word_1_28' title='bbox 1197 654 1476 729; x_wconf 42' lang='lat' dir='ltr'><strong>xdptcp‘a,</strong></span> <span class='ocrx_word' id='word_1_29' title='bbox 1530 657 1706 726; x_wconf 69' lang='lat' dir='ltr'><strong>inquit</strong></span> <span class='ocrx_word' id='word_1_30' title='bbox 1731 697 1746 720; x_wconf 91' lang='lat'><strong>,</strong></span> 
     </span>
    </p>
   </div>
   <div class='ocr_carea' id='block_1_6' title="bbox 173 720 1747 808">
    <p class='ocr_par' dir='ltr' id='par_1_6' title="bbox 173 720 1747 808">
     <span class='ocr_line' id='line_1_6' title="bbox 173 720 1747 808; baseline -0.002 -26"><span class='ocrx_word' id='word_1_31' title='bbox 173 720 428 788; x_wconf 56' lang='lat' dir='ltr'><strong>vocatur&#39;.</strong></span> <span class='ocrx_word' id='word_1_32' title='bbox 463 720 512 795; x_wconf 81' lang='grc' dir='ltr'><strong>ᾧ</strong></span> <span class='ocrx_word' id='word_1_33' title='bbox 538 727 853 808; x_wconf 39' lang='lat' dir='ltr'><strong>rastri-toi;</strong></span> <span class='ocrx_word' id='word_1_34' title='bbox 891 720 1284 799; x_wconf 71' lang='grc' dir='ltr'><strong>ἁμαρτήμαᾶιῦ</strong></span> <span class='ocrx_word' id='word_1_35' title='bbox 1312 720 1577 808; x_wconf 41' lang='lat' dir='ltr'><strong>smnus</strong></span> <span class='ocrx_word' id='word_1_36' title='bbox 1604 720 1747 808; x_wconf 71' lang='grc' dir='ltr'>ᾇνεῖ-</span> 
     </span>
    </p>
   </div>
   <div class='ocr_carea' id='block_1_7' title="bbox 176 797 1749 868">
    <p class='ocr_par' dir='ltr' id='par_1_7' title="bbox 176 797 1749 868">
     <span class='ocr_line' id='line_1_7' title="bbox 176 797 1749 868; baseline -0.001 -15"><span class='ocrx_word' id='word_1_37' title='bbox 176 815 293 853; x_wconf 65' lang='grc' dir='ltr'><strong>ταν</strong></span> <span class='ocrx_word' id='word_1_38' title='bbox 328 813 443 868; x_wconf 86' lang='lat' dir='ltr'><strong>qua</strong></span> <span class='ocrx_word' id='word_1_39' title='bbox 486 798 844 852; x_wconf 84' lang='lat' dir='ltr'><strong>remittuntur</strong></span> <span class='ocrx_word' id='word_1_40' title='bbox 890 797 1083 866; x_wconf 63' lang='grc' dir='ltr'>ραιιιὶιξ,</span> <span class='ocrx_word' id='word_1_41' title='bbox 1121 813 1241 867; x_wconf 67' lang='lat' dir='ltr'><strong>quae</strong></span> <span class='ocrx_word' id='word_1_42' title='bbox 1275 797 1514 867; x_wconf 90' lang='lat' dir='ltr'><strong>peccatis</strong></span> <span class='ocrx_word' id='word_1_43' title='bbox 1545 797 1749 853; x_wconf 84' lang='lat' dir='ltr'><strong>deben-</strong></span> 
     </span>
    </p>
   </div>
   <div class='ocr_carea' id='block_1_8' title="bbox 175 877 328 924">
    <p class='ocr_par' dir='ltr' id='par_1_8' title="bbox 175 877 328 924">
     <span class='ocr_line' id='line_1_8' title="bbox 175 877 328 924; baseline -0.026 0"><span class='ocrx_word' id='word_1_44' title='bbox 175 877 283 924; x_wconf 97' lang='lat' dir='ltr'><strong>tur.</strong></span> <span class='ocrx_word' id='word_1_45' title='bbox 309 888 328 920; x_wconf 78' lang='grc' dir='ltr'><strong>ι</strong></span> 
     </span>
    </p>
   </div>
   <div class='ocr_carea' id='block_1_9' title="bbox 244 936 1750 1008">
    <p class='ocr_par' dir='ltr' id='par_1_9' title="bbox 244 936 1750 1008">
     <span class='ocr_line' id='line_1_9' title="bbox 244 936 1750 1008; baseline 0.001 -17"><span class='ocrx_word' id='word_1_46' title='bbox 244 936 558 1008; x_wconf 81' lang='lat' dir='ltr'><strong>Discrimen</strong></span> <span class='ocrx_word' id='word_1_47' title='bbox 593 937 758 1007; x_wconf 76' lang='lat' dir='ltr'><strong>igitur</strong></span> <span class='ocrx_word' id='word_1_48' title='bbox 796 937 1015 1007; x_wconf 83' lang='lat' dir='ltr'><strong>aliquod</strong></span> <span class='ocrx_word' id='word_1_49' title='bbox 1049 938 1193 992; x_wconf 90' lang='lat' dir='ltr'><strong>inter</strong></span> <span class='ocrx_word' id='word_1_50' title='bbox 1234 936 1463 1008; x_wconf 74' lang='lat' dir='ltr'><strong>peccati</strong></span> <span class='ocrx_word' id='word_1_51' title='bbox 1493 946 1546 992; x_wconf 88' lang='lat' dir='ltr'><strong>et</strong></span> <span class='ocrx_word' id='word_1_52' title='bbox 1576 953 1750 1008; x_wconf 68' lang='lat' dir='ltr'><strong>preme</strong></span> 
     </span>
    </p>
   </div>
   <div class='ocr_carea' id='block_1_10' title="bbox 174 1006 1745 1080">
    <p class='ocr_par' dir='ltr' id='par_1_10' title="bbox 174 1006 1745 1080">
     <span class='ocr_line' id='line_1_10' title="bbox 174 1006 1745 1080; baseline -0.001 -17"><span class='ocrx_word' id='word_1_53' title='bbox 174 1006 1050 1080; x_wconf 25' lang='lat' dir='ltr'><strong>peccatodebitm’aisolutionem</strong></span> <span class='ocrx_word' id='word_1_54' title='bbox 1084 1006 1387 1075; x_wconf 78' lang='lat' dir='ltr'><strong>constituit.</strong></span> <span class='ocrx_word' id='word_1_55' title='bbox 1412 1006 1618 1080; x_wconf 14' lang='lat' dir='ltr'><strong>AUtrum</strong></span> <span class='ocrx_word' id='word_1_56' title='bbox 1643 1024 1745 1080; x_wconf 84' lang='lat' dir='ltr'><strong>au-</strong></span> 
     </span>
    </p>
   </div>
   <div class='ocr_carea' id='block_1_11' title="bbox 174 1078 1747 1149">
    <p class='ocr_par' dir='ltr' id='par_1_11' title="bbox 174 1078 1747 1149">
     <span class='ocr_line' id='line_1_11' title="bbox 174 1078 1747 1149; baseline -0.001 -15"><span class='ocrx_word' id='word_1_57' title='bbox 174 1078 281 1134; x_wconf 81' lang='lat' dir='ltr'><strong>tem</strong></span> <span class='ocrx_word' id='word_1_58' title='bbox 319 1079 453 1133; x_wconf 88' lang='lat' dir='ltr'><strong>inde</strong></span> <span class='ocrx_word' id='word_1_59' title='bbox 474 1079 652 1148; x_wconf 86' lang='lat' dir='ltr'><strong>colligi</strong></span> <span class='ocrx_word' id='word_1_60' title='bbox 672 1080 843 1147; x_wconf 89' lang='lat' dir='ltr'><strong>possit</strong></span> <span class='ocrx_word' id='word_1_61' title='bbox 874 1094 998 1134; x_wconf 89' lang='lat' dir='ltr'><strong>eum</strong></span> <span class='ocrx_word' id='word_1_62' title='bbox 1033 1086 1253 1148; x_wconf 76' lang='lat' dir='ltr'><strong>putasse</strong></span> <span class='ocrx_word' id='word_1_63' title='bbox 1287 1080 1340 1133; x_wconf 91' lang='lat' dir='ltr'><strong>in</strong></span> <span class='ocrx_word' id='word_1_64' title='bbox 1375 1078 1481 1132; x_wconf 92' lang='lat' dir='ltr'><strong>alio</strong></span> <span class='ocrx_word' id='word_1_65' title='bbox 1512 1078 1747 1149; x_wconf 87' lang='lat' dir='ltr'><strong>quodam</strong></span> 
     </span>
    </p>
   </div>
   <div class='ocr_carea' id='block_1_12' title="bbox 175 1149 1747 1218">
    <p class='ocr_par' dir='ltr' id='par_1_12' title="bbox 175 1149 1747 1218">
     <span class='ocr_line' id='line_1_12' title="bbox 175 1149 1747 1218; baseline 0.001 -14"><span class='ocrx_word' id='word_1_66' title='bbox 175 1158 531 1204; x_wconf 86' lang='lat' dir='ltr'><strong>sacramento</strong></span> <span class='ocrx_word' id='word_1_67' title='bbox 564 1159 866 1218; x_wconf 77' lang='lat' dir='ltr'><strong>peccatum.</strong></span> <span class='ocrx_word' id='word_1_68' title='bbox 904 1164 1010 1203; x_wconf 93' lang='lat' dir='ltr'><strong>non</strong></span> <span class='ocrx_word' id='word_1_69' title='bbox 1055 1156 1236 1202; x_wconf 89' lang='lat' dir='ltr'><strong>autem</strong></span> <span class='ocrx_word' id='word_1_70' title='bbox 1301 1149 1539 1203; x_wconf 89' lang='lat' dir='ltr'><strong>debitam</strong></span> <span class='ocrx_word' id='word_1_71' title='bbox 1600 1150 1747 1205; x_wconf 91' lang='lat' dir='ltr'><strong>illius</strong></span> 
     </span>
    </p>
   </div>
   <div class='ocr_carea' id='block_1_13' title="bbox 175 1219 1746 1291">
    <p class='ocr_par' dir='ltr' id='par_1_13' title="bbox 175 1219 1746 1291">
     <span class='ocr_line' id='line_1_13' title="bbox 175 1219 1746 1291; baseline 0.002 -18"><span class='ocrx_word' id='word_1_72' title='bbox 175 1234 418 1291; x_wconf 72' lang='lat' dir='ltr'><strong>pinnam.</strong></span> <span class='ocrx_word' id='word_1_73' title='bbox 464 1219 763 1291; x_wconf 74' lang='lat' dir='ltr'><strong>aliquando</strong></span> <span class='ocrx_word' id='word_1_74' title='bbox 804 1220 1125 1283; x_wconf 85' lang='lat' dir='ltr'><strong>condonari,</strong></span> <span class='ocrx_word' id='word_1_75' title='bbox 1157 1225 1308 1291; x_wconf 87' lang='lat' dir='ltr'><strong>certo</strong></span> <span class='ocrx_word' id='word_1_76' title='bbox 1341 1235 1450 1273; x_wconf 89' lang='lat' dir='ltr'><strong>non</strong></span> <span class='ocrx_word' id='word_1_77' title='bbox 1482 1219 1746 1276; x_wconf 80' lang='lat' dir='ltr'><strong>audemus</strong></span> 
     </span>
    </p>
   </div>
   <div class='ocr_carea' id='block_1_14' title="bbox 176 1288 1748 1359">
    <p class='ocr_par' dir='ltr' id='par_1_14' title="bbox 176 1288 1748 1359">
     <span class='ocr_line' id='line_1_14' title="bbox 176 1288 1748 1359; baseline 0 -15"><span class='ocrx_word' id='word_1_78' title='bbox 176 1288 469 1344; x_wconf 78' lang='lat' dir='ltr'><strong>atlirmare.</strong></span> <span class='ocrx_word' id='word_1_79' title='bbox 512 1288 584 1344; x_wconf 68' lang='lat' dir='ltr'><strong>ne</strong></span> <span class='ocrx_word' id='word_1_80' title='bbox 635 1292 752 1343; x_wconf 83' lang='lat' dir='ltr'><strong>solo</strong></span> <span class='ocrx_word' id='word_1_81' title='bbox 806 1291 1005 1346; x_wconf 88' lang='lat' dir='ltr'><strong>etenim</strong></span> <span class='ocrx_word' id='word_1_82' title='bbox 1042 1290 1364 1359; x_wconf 84' lang='lat' dir='ltr'><strong>baptismate</strong></span> <span class='ocrx_word' id='word_1_83' title='bbox 1396 1305 1520 1343; x_wconf 92' lang='lat' dir='ltr'><strong>cum</strong></span> <span class='ocrx_word' id='word_1_84' title='bbox 1557 1290 1748 1359; x_wconf 85' lang='lat' dir='ltr'><strong>dispu-</strong></span> 
     </span>
    </p>
   </div>
   <div class='ocr_carea' id='block_1_15' title="bbox 176 1359 1743 1429">
    <p class='ocr_par' dir='ltr' id='par_1_15' title="bbox 176 1359 1743 1429">
     <span class='ocr_line' id='line_1_15' title="bbox 176 1359 1743 1429; baseline 0 -14"><span class='ocrx_word' id='word_1_85' title='bbox 176 1359 423 1429; x_wconf 86' lang='lat' dir='ltr'><strong>tet.quid</strong></span> <span class='ocrx_word' id='word_1_86' title='bbox 448 1361 505 1413; x_wconf 89' lang='lat' dir='ltr'><strong>in</strong></span> <span class='ocrx_word' id='word_1_87' title='bbox 541 1359 663 1412; x_wconf 88' lang='lat' dir='ltr'><strong>aliis</strong></span> <span class='ocrx_word' id='word_1_88' title='bbox 697 1360 1056 1414; x_wconf 78' lang='lat' dir='ltr'><strong>sacramentis</strong></span> <span class='ocrx_word' id='word_1_89' title='bbox 1079 1361 1191 1420; x_wconf 86' lang='lat' dir='ltr'><strong>ﬁat,</strong></span> <span class='ocrx_word' id='word_1_90' title='bbox 1228 1360 1299 1414; x_wconf 91' lang='lat' dir='ltr'><strong>ibi</strong></span> <span class='ocrx_word' id='word_1_91' title='bbox 1328 1375 1435 1413; x_wconf 92' lang='lat' dir='ltr'><strong>non</strong></span> <span class='ocrx_word' id='word_1_92' title='bbox 1470 1361 1743 1416; x_wconf 82' lang='lat' dir='ltr'><strong>edisserit.</strong></span> 
     </span>
    </p>
   </div>
   <div class='ocr_carea' id='block_1_16' title="bbox 245 1430 1743 1500">
    <p class='ocr_par' dir='ltr' id='par_1_16' title="bbox 245 1430 1743 1500">
     <span class='ocr_line' id='line_1_16' title="bbox 245 1430 1743 1500; baseline 0.001 -16"><span class='ocrx_word' id='word_1_93' title='bbox 245 1430 379 1497; x_wconf 67' lang='lat' dir='ltr'><strong>Quae</strong></span> <span class='ocrx_word' id='word_1_94' title='bbox 403 1439 591 1500; x_wconf 87' lang='lat' dir='ltr'><strong>autem</strong></span> <span class='ocrx_word' id='word_1_95' title='bbox 617 1433 727 1484; x_wconf 89' lang='lat' dir='ltr'><strong>sint</strong></span> <span class='ocrx_word' id='word_1_96' title='bbox 749 1432 851 1483; x_wconf 62' lang='lat' dir='ltr'><strong>illie</strong></span> <span class='ocrx_word' id='word_1_97' title='bbox 876 1439 1218 1499; x_wconf 84' lang='lat' dir='ltr'><strong>peccatorum</strong></span> <span class='ocrx_word' id='word_1_98' title='bbox 1253 1445 1446 1500; x_wconf 70' lang='lat' dir='ltr'><strong>preme,</strong></span> <span class='ocrx_word' id='word_1_99' title='bbox 1481 1432 1525 1485; x_wconf 91' lang='lat' dir='ltr'><strong>si</strong></span> <span class='ocrx_word' id='word_1_100' title='bbox 1563 1447 1743 1500; x_wconf 80' lang='lat' dir='ltr'><strong>roges,</strong></span> 
     </span>
    </p>
   </div>
   <div class='ocr_carea' id='block_1_17' title="bbox 177 1499 1746 1571">
    <p class='ocr_par' dir='ltr' id='par_1_17' title="bbox 177 1499 1746 1571">
     <span class='ocr_line' id='line_1_17' title="bbox 177 1499 1746 1571; baseline 0 -17"><span class='ocrx_word' id='word_1_101' title='bbox 177 1517 281 1557; x_wconf 72' lang='lat' dir='ltr'><strong>non</strong></span> <span class='ocrx_word' id='word_1_102' title='bbox 316 1502 484 1571; x_wconf 88' lang='lat' dir='ltr'><strong>plane</strong></span> <span class='ocrx_word' id='word_1_103' title='bbox 517 1499 753 1556; x_wconf 88' lang='lat' dir='ltr'><strong>ditlicilis</strong></span> <span class='ocrx_word' id='word_1_104' title='bbox 787 1510 870 1556; x_wconf 90' lang='lat' dir='ltr'><strong>est</strong></span> <span class='ocrx_word' id='word_1_105' title='bbox 904 1501 1211 1571; x_wconf 90' lang='lat' dir='ltr'><strong>responsio.</strong></span> <span class='ocrx_word' id='word_1_106' title='bbox 1251 1499 1369 1554; x_wconf 87' lang='lat' dir='ltr'><strong>Non</strong></span> <span class='ocrx_word' id='word_1_107' title='bbox 1404 1503 1540 1557; x_wconf 87' lang='lat' dir='ltr'><strong>alias</strong></span> <span class='ocrx_word' id='word_1_108' title='bbox 1570 1499 1746 1556; x_wconf 84' lang='lat' dir='ltr'><strong>enim-</strong></span> 
     </span>
    </p>
   </div>
   <div class='ocr_carea' id='block_1_18' title="bbox 178 1571 1745 1642">
    <p class='ocr_par' dir='ltr' id='par_1_18' title="bbox 178 1571 1745 1642">
     <span class='ocr_line' id='line_1_18' title="bbox 178 1571 1745 1642; baseline 0.001 -17"><span class='ocrx_word' id='word_1_109' title='bbox 178 1588 304 1626; x_wconf 83' lang='lat' dir='ltr'><strong>vero</strong></span> <span class='ocrx_word' id='word_1_110' title='bbox 337 1571 565 1624; x_wconf 84' lang='lat' dir='ltr'><strong>videtnr</strong></span> <span class='ocrx_word' id='word_1_111' title='bbox 598 1587 788 1640; x_wconf 70' lang='lat' dir='ltr'><strong>pinnas</strong></span> <span class='ocrx_word' id='word_1_112' title='bbox 833 1572 924 1625; x_wconf 92' lang='lat' dir='ltr'><strong>ille</strong></span> <span class='ocrx_word' id='word_1_113' title='bbox 970 1572 1233 1634; x_wconf 89' lang='lat' dir='ltr'><strong>indicare,</strong></span> <span class='ocrx_word' id='word_1_114' title='bbox 1269 1588 1431 1642; x_wconf 67' lang='lat' dir='ltr'><strong>quam</strong></span> <span class='ocrx_word' id='word_1_115' title='bbox 1476 1588 1570 1627; x_wconf 75' lang='lat' dir='ltr'><strong>eas</strong></span> <span class='ocrx_word' id='word_1_116' title='bbox 1625 1588 1745 1642; x_wconf 62' lang='lat' dir='ltr'><strong>quae</strong></span> 
     </span>
    </p>
   </div>
   <div class='ocr_carea' id='block_1_19' title="bbox 177 1639 1747 1711">
    <p class='ocr_par' dir='ltr' id='par_1_19' title="bbox 177 1639 1747 1711">
     <span class='ocr_line' id='line_1_19' title="bbox 177 1639 1747 1711; baseline 0.002 -17"><span class='ocrx_word' id='word_1_117' title='bbox 177 1643 301 1696; x_wconf 89' lang='lat' dir='ltr'><strong>olim</strong></span> <span class='ocrx_word' id='word_1_118' title='bbox 326 1639 659 1711; x_wconf 73' lang='lat' dir='ltr'><strong>ptenitentia</strong></span> <span class='ocrx_word' id='word_1_119' title='bbox 694 1642 908 1710; x_wconf 89' lang='lat' dir='ltr'><strong>publica</strong></span> <span class='ocrx_word' id='word_1_120' title='bbox 941 1639 1308 1697; x_wconf 66' lang='lat' dir='ltr'><strong>solvebantur.</strong></span> <span class='ocrx_word' id='word_1_121' title='bbox 1335 1639 1540 1698; x_wconf 81' lang='lat' dir='ltr'><strong>Priscis</strong></span> <span class='ocrx_word' id='word_1_122' title='bbox 1575 1639 1747 1711; x_wconf 78' lang='lat' dir='ltr'><strong>siqui-</strong></span> 
     </span>
    </p>
   </div>
   <div class='ocr_carea' id='block_1_20' title="bbox 175 1712 1746 1782">
    <p class='ocr_par' dir='ltr' id='par_1_20' title="bbox 175 1712 1746 1782">
     <span class='ocr_line' id='line_1_20' title="bbox 175 1712 1746 1782; baseline 0.001 -17"><span class='ocrx_word' id='word_1_123' title='bbox 175 1712 291 1767; x_wconf 86' lang='lat' dir='ltr'><strong>dem</strong></span> <span class='ocrx_word' id='word_1_124' title='bbox 328 1713 442 1766; x_wconf 85' lang='lat' dir='ltr'><strong>illis</strong></span> <span class='ocrx_word' id='word_1_125' title='bbox 480 1713 841 1781; x_wconf 74' lang='lat' dir='ltr'><strong>temporibus,</strong></span> <span class='ocrx_word' id='word_1_126' title='bbox 876 1721 1037 1782; x_wconf 90' lang='lat' dir='ltr'><strong>atque</strong></span> <span class='ocrx_word' id='word_1_127' title='bbox 1069 1713 1231 1767; x_wconf 90' lang='lat' dir='ltr'><strong>etiam</strong></span> <span class='ocrx_word' id='word_1_128' title='bbox 1265 1713 1522 1781; x_wconf 78' lang='lat' dir='ltr'><strong>deinceps</strong></span> <span class='ocrx_word' id='word_1_129' title='bbox 1556 1714 1746 1782; x_wconf 84' lang='lat' dir='ltr'><strong>hujus-</strong></span> 
     </span>
    </p>
   </div>
   <div class='ocr_carea' id='block_1_21' title="bbox 177 1783 1748 1854">
    <p class='ocr_par' dir='ltr' id='par_1_21' title="bbox 177 1783 1748 1854">
     <span class='ocr_line' id='line_1_21' title="bbox 177 1783 1748 1854; baseline 0 -19"><span class='ocrx_word' id='word_1_130' title='bbox 177 1783 317 1837; x_wconf 88' lang='lat' dir='ltr'><strong>modi</strong></span> <span class='ocrx_word' id='word_1_131' title='bbox 356 1784 689 1854; x_wconf 68' lang='lat' dir='ltr'><strong>pmnitentia</strong></span> <span class='ocrx_word' id='word_1_132' title='bbox 716 1799 744 1835; x_wconf 91' lang='lat' dir='ltr'><strong>a</strong></span> <span class='ocrx_word' id='word_1_133' title='bbox 776 1784 993 1839; x_wconf 88' lang='lat' dir='ltr'><strong>nemine</strong></span> <span class='ocrx_word' id='word_1_134' title='bbox 1027 1791 1154 1838; x_wconf 87' lang='lat' dir='ltr'><strong>ante</strong></span> <span class='ocrx_word' id='word_1_135' title='bbox 1184 1783 1512 1854; x_wconf 78' lang='lat' dir='ltr'><strong>baptismum</strong></span> <span class='ocrx_word' id='word_1_136' title='bbox 1550 1787 1748 1853; x_wconf 75' lang='lat' dir='ltr'><strong>ageba-</strong></span> 
     </span>
    </p>
   </div>
   <div class='ocr_carea' id='block_1_22' title="bbox 178 1853 1747 1924">
    <p class='ocr_par' dir='ltr' id='par_1_22' title="bbox 178 1853 1747 1924">
     <span class='ocr_line' id='line_1_22' title="bbox 178 1853 1747 1924; baseline 0.003 -20"><span class='ocrx_word' id='word_1_137' title='bbox 178 1861 283 1913; x_wconf 86' lang='lat' dir='ltr'><strong>tur,</strong></span> <span class='ocrx_word' id='word_1_138' title='bbox 320 1853 417 1908; x_wconf 83' lang='lat' dir='ltr'><strong>sed</strong></span> <span class='ocrx_word' id='word_1_139' title='bbox 454 1856 530 1907; x_wconf 88' lang='lat' dir='ltr'><strong>ab</strong></span> <span class='ocrx_word' id='word_1_140' title='bbox 563 1853 629 1908; x_wconf 88' lang='lat' dir='ltr'><strong>iis</strong></span> <span class='ocrx_word' id='word_1_141' title='bbox 660 1861 907 1912; x_wconf 85' lang='lat' dir='ltr'><strong>tantum.‘</strong></span> <span class='ocrx_word' id='word_1_142' title='bbox 930 1854 1022 1924; x_wconf 89' lang='lat' dir='ltr'><strong>qui</strong></span> <span class='ocrx_word' id='word_1_143' title='bbox 1070 1861 1192 1922; x_wconf 91' lang='lat' dir='ltr'><strong>post</strong></span> <span class='ocrx_word' id='word_1_144' title='bbox 1248 1862 1563 1924; x_wconf 86' lang='lat' dir='ltr'><strong>susceptum</strong></span> <span class='ocrx_word' id='word_1_145' title='bbox 1612 1854 1747 1908; x_wconf 89' lang='lat' dir='ltr'><strong>illttd</strong></span> 
     </span>
    </p>
   </div>
   <div class='ocr_carea' id='block_1_23' title="bbox 178 1924 1748 1994">
    <p class='ocr_par' dir='ltr' id='par_1_23' title="bbox 178 1924 1748 1994">
     <span class='ocr_line' id='line_1_23' title="bbox 178 1924 1748 1994; baseline 0.001 -19"><span class='ocrx_word' id='word_1_146' title='bbox 178 1935 586 1994; x_wconf 82' lang='lat' dir='ltr'><strong>sacramentum</strong></span> <span class='ocrx_word' id='word_1_147' title='bbox 624 1925 678 1978; x_wconf 91' lang='lat' dir='ltr'><strong>in</strong></span> <span class='ocrx_word' id='word_1_148' title='bbox 708 1926 1067 1989; x_wconf 89' lang='lat' dir='ltr'><strong>canonica,nt</strong></span> <span class='ocrx_word' id='word_1_149' title='bbox 1094 1924 1333 1988; x_wconf 83' lang='lat' dir='ltr'><strong>aiebant,</strong></span> <span class='ocrx_word' id='word_1_150' title='bbox 1370 1932 1588 1994; x_wconf 89' lang='lat' dir='ltr'><strong>peccata</strong></span> <span class='ocrx_word' id='word_1_151' title='bbox 1621 1940 1748 1993; x_wconf 87' lang='lat' dir='ltr'><strong>pro-</strong></span> 
     </span>
    </p>
   </div>
   <div class='ocr_carea' id='block_1_24' title="bbox 179 1993 591 2061">
    <p class='ocr_par' dir='ltr' id='par_1_24' title="bbox 179 1993 591 2061">
     <span class='ocr_line' id='line_1_24' title="bbox 179 1993 591 2061; baseline 0.005 -16"><span class='ocrx_word' id='word_1_152' title='bbox 179 1993 310 2061; x_wconf 81' lang='lat' dir='ltr'><strong>lapsi</strong></span> <span class='ocrx_word' id='word_1_153' title='bbox 346 1993 591 2048; x_wconf 79' lang='lat' dir='ltr'><strong>fuerant.</strong></span> 
     </span>
    </p>
   </div>
   <div class='ocr_carea' id='block_1_25' title="bbox 246 2062 1747 2135">
    <p class='ocr_par' dir='ltr' id='par_1_25' title="bbox 246 2062 1747 2135">
     <span class='ocr_line' id='line_1_25' title="bbox 246 2062 1747 2135; baseline 0.001 -19"><span class='ocrx_word' id='word_1_154' title='bbox 246 2062 363 2131; x_wconf 86' lang='lat' dir='ltr'><strong>Quo</strong></span> <span class='ocrx_word' id='word_1_155' title='bbox 398 2074 587 2119; x_wconf 88' lang='lat' dir='ltr'><strong>autem</strong></span> <span class='ocrx_word' id='word_1_156' title='bbox 632 2063 792 2135; x_wconf 84' lang='lat' dir='ltr'><strong>modo</strong></span> <span class='ocrx_word' id='word_1_157' title='bbox 826 2064 997 2119; x_wconf 89' lang='lat' dir='ltr'><strong>sacris</strong></span> <span class='ocrx_word' id='word_1_158' title='bbox 1032 2065 1285 2134; x_wconf 78' lang='lat' dir='ltr'><strong>baptismi</strong></span> <span class='ocrx_word' id='word_1_159' title='bbox 1318 2064 1476 2135; x_wconf 81' lang='lat' dir='ltr'><strong>undis</strong></span> <span class='ocrx_word' id='word_1_160' title='bbox 1526 2073 1747 2135; x_wconf 86' lang='lat' dir='ltr'><strong>peccata</strong></span> 
     </span>
    </p>
   </div>
   <div class='ocr_carea' id='block_1_26' title="bbox 178 2134 1744 2205">
    <p class='ocr_par' dir='ltr' id='par_1_26' title="bbox 178 2134 1744 2205">
     <span class='ocr_line' id='line_1_26' title="bbox 178 2134 1744 2205; baseline 0.001 -20"><span class='ocrx_word' id='word_1_161' title='bbox 178 2134 559 2197; x_wconf 86' lang='lat' dir='ltr'><strong>abtuerentnr,</strong></span> <span class='ocrx_word' id='word_1_162' title='bbox 608 2135 687 2190; x_wconf 87' lang='lat' dir='ltr'><strong>sic</strong></span> <span class='ocrx_word' id='word_1_163' title='bbox 726 2134 977 2189; x_wconf 90' lang='lat' dir='ltr'><strong>Clemens</strong></span> <span class='ocrx_word' id='word_1_164' title='bbox 1026 2137 1250 2205; x_wconf 79' lang='lat' dir='ltr'><strong>exponit</strong></span> <span class='ocrx_word' id='word_1_165' title='bbox 1289 2154 1300 2187; x_wconf 93' lang='lat'>:</span> <span class='ocrx_word' id='word_1_166' title='bbox 1348 2154 1364 2186; x_wconf 85' lang='grc' dir='ltr'><strong>ι</strong></span> <span class='ocrx_word' id='word_1_167' title='bbox 1391 2134 1535 2188; x_wconf 60' lang='lat' dir='ltr'><strong>llaec</strong></span> <span class='ocrx_word' id='word_1_168' title='bbox 1565 2142 1744 2189; x_wconf 88' lang='lat' dir='ltr'><strong>autem</strong></span> 
     </span>
    </p>
   </div>
   <div class='ocr_carea' id='block_1_27' title="bbox 180 2205 1747 2275">
    <p class='ocr_par' dir='ltr' id='par_1_27' title="bbox 180 2205 1747 2275">
     <span class='ocr_line' id='line_1_27' title="bbox 180 2205 1747 2275; baseline 0.002 -20"><span class='ocrx_word' id='word_1_169' title='bbox 180 2206 391 2275; x_wconf 62' lang='lat' dir='ltr'><strong>Vincula</strong></span> <span class='ocrx_word' id='word_1_170' title='bbox 432 2220 603 2274; x_wconf 92' lang='lat' dir='ltr'><strong>quam</strong></span> <span class='ocrx_word' id='word_1_171' title='bbox 641 2205 924 2259; x_wconf 90' lang='lat' dir='ltr'><strong>celerrime</strong></span> <span class='ocrx_word' id='word_1_172' title='bbox 960 2208 1331 2269; x_wconf 82' lang='lat' dir='ltr'><strong>remittuntur,</strong></span> <span class='ocrx_word' id='word_1_173' title='bbox 1367 2206 1602 2258; x_wconf 89' lang='lat' dir='ltr'><strong>humana</strong></span> <span class='ocrx_word' id='word_1_174' title='bbox 1627 2205 1747 2275; x_wconf 89' lang='lat' dir='ltr'><strong>qni-</strong></span> 
     </span>
    </p>
   </div>
   <div class='ocr_carea' id='block_1_28' title="bbox 181 2274 1747 2345">
    <p class='ocr_par' dir='ltr' id='par_1_28' title="bbox 181 2274 1747 2345">
     <span class='ocr_line' id='line_1_28' title="bbox 181 2274 1747 2345; baseline 0 -18"><span class='ocrx_word' id='word_1_175' title='bbox 181 2276 294 2327; x_wconf 89' lang='lat' dir='ltr'><strong>dem</strong></span> <span class='ocrx_word' id='word_1_176' title='bbox 328 2274 456 2334; x_wconf 86' lang='lat' dir='ltr'><strong>ﬁde.</strong></span> <span class='ocrx_word' id='word_1_177' title='bbox 488 2274 679 2328; x_wconf 85' lang='lat' dir='ltr'><strong>divina</strong></span> <span class='ocrx_word' id='word_1_178' title='bbox 710 2290 840 2329; x_wconf 86' lang='lat' dir='ltr'><strong>vero</strong></span> <span class='ocrx_word' id='word_1_179' title='bbox 874 2276 1071 2345; x_wconf 75' lang='lat' dir='ltr'><strong>gratia,</strong></span> <span class='ocrx_word' id='word_1_180' title='bbox 1103 2292 1226 2330; x_wconf 90' lang='lat' dir='ltr'><strong>cum</strong></span> <span class='ocrx_word' id='word_1_181' title='bbox 1266 2277 1524 2328; x_wconf 89' lang='lat' dir='ltr'><strong>nimirum</strong></span> <span class='ocrx_word' id='word_1_182' title='bbox 1558 2274 1747 2330; x_wconf 65' lang='lat' dir='ltr'><strong>remit~</strong></span> 
     </span>
    </p>
   </div>
   <div class='ocr_carea' id='block_1_29' title="bbox 177 2346 1747 2414">
    <p class='ocr_par' dir='ltr' id='par_1_29' title="bbox 177 2346 1747 2414">
     <span class='ocr_line' id='line_1_29' title="bbox 177 2346 1747 2414; baseline 0.003 -18"><span class='ocrx_word' id='word_1_183' title='bbox 177 2352 366 2398; x_wconf 86' lang='lat' dir='ltr'><strong>tuntur</strong></span> <span class='ocrx_word' id='word_1_184' title='bbox 400 2351 628 2414; x_wconf 85' lang='lat' dir='ltr'><strong>peccata</strong></span> <span class='ocrx_word' id='word_1_185' title='bbox 661 2360 768 2397; x_wconf 93' lang='lat' dir='ltr'><strong>uno</strong></span> <span class='ocrx_word' id='word_1_186' title='bbox 812 2347 1206 2400; x_wconf 69' lang='lat' dir='ltr'><strong>medicamento</strong></span> <span class='ocrx_word' id='word_1_187' title='bbox 1257 2346 1493 2408; x_wconf 69' lang='lat' dir='ltr'><strong>Paconio,</strong></span> <span class='ocrx_word' id='word_1_188' title='bbox 1553 2360 1747 2413; x_wconf 86' lang='lat' dir='ltr'><strong>nempe</strong></span> 
     </span>
    </p>
   </div>
   <div class='ocr_carea' id='block_1_30' title="bbox 182 2416 1742 2486">
    <p class='ocr_par' dir='ltr' id='par_1_30' title="bbox 182 2416 1742 2486">
     <span class='ocr_line' id='line_1_30' title="bbox 182 2416 1742 2486; baseline 0.001 -20"><span class='ocrx_word' id='word_1_189' title='bbox 182 2416 425 2469; x_wconf 80' lang='lat' dir='ltr'><strong>rationali</strong></span> <span class='ocrx_word' id='word_1_190' title='bbox 488 2416 783 2486; x_wconf 78' lang='lat' dir='ltr'><strong>baptismo.</strong></span> <span class='ocrx_word' id='word_1_191' title='bbox 844 2416 1034 2470; x_wconf 80' lang='lat' dir='ltr'><strong>Omnia</strong></span> <span class='ocrx_word' id='word_1_192' title='bbox 1069 2433 1199 2486; x_wconf 78' lang='lat' dir='ltr'><strong>ergo</strong></span> <span class='ocrx_word' id='word_1_193' title='bbox 1232 2426 1454 2483; x_wconf 84' lang='lat' dir='ltr'><strong>peccata</strong></span> <span class='ocrx_word' id='word_1_194' title='bbox 1486 2416 1742 2486; x_wconf 79' lang='lat' dir='ltr'><strong>eluimus,</strong></span> 
     </span>
    </p>
   </div>
   <div class='ocr_carea' id='block_1_31' title="bbox 181 2484 1742 2554">
    <p class='ocr_par' dir='ltr' id='par_1_31' title="bbox 181 2484 1742 2554">
     <span class='ocr_line' id='line_1_31' title="bbox 181 2484 1742 2554; baseline 0 -17"><span class='ocrx_word' id='word_1_195' title='bbox 181 2493 231 2537; x_wconf 83' lang='lat' dir='ltr'><strong>et</strong></span> <span class='ocrx_word' id='word_1_196' title='bbox 255 2500 285 2540; x_wconf 89' lang='lat' dir='ltr'><strong>e</strong></span> <span class='ocrx_word' id='word_1_197' title='bbox 316 2485 560 2551; x_wconf 81' lang='lat' dir='ltr'><strong>vestigio</strong></span> <span class='ocrx_word' id='word_1_198' title='bbox 591 2485 715 2539; x_wconf 87' lang='lat' dir='ltr'><strong>mali</strong></span> <span class='ocrx_word' id='word_1_199' title='bbox 742 2500 848 2539; x_wconf 91' lang='lat' dir='ltr'><strong>non</strong></span> <span class='ocrx_word' id='word_1_200' title='bbox 883 2502 1074 2541; x_wconf 88' lang='lat' dir='ltr'><strong>sumus</strong></span> <span class='ocrx_word' id='word_1_201' title='bbox 1106 2484 1419 2554; x_wconf 69' lang='lat' dir='ltr'><strong>amplius”.</strong></span> <span class='ocrx_word' id='word_1_202' title='bbox 1448 2506 1465 2537; x_wconf 73' lang='grc' dir='ltr'><strong>ι</strong></span> <span class='ocrx_word' id='word_1_203' title='bbox 1504 2484 1742 2538; x_wconf 84' lang='lat' dir='ltr'><strong>Primum</strong></span> 
     </span>
    </p>
   </div>
   <div class='ocr_carea' id='block_1_32' title="bbox 182 2555 1744 2628">
    <p class='ocr_par' dir='ltr' id='par_1_32' title="bbox 182 2555 1744 2628">
     <span class='ocr_line' id='line_1_32' title="bbox 182 2555 1744 2628; baseline 0.001 -23"><span class='ocrx_word' id='word_1_204' title='bbox 182 2555 357 2628; x_wconf 77' lang='lat' dir='ltr'><strong>itaque</strong></span> <span class='ocrx_word' id='word_1_205' title='bbox 403 2556 641 2628; x_wconf 44' lang='lat' dir='ltr'><strong>dIClltI</strong></span> <span class='ocrx_word' id='word_1_206' title='bbox 670 2558 904 2628; x_wconf 89' lang='lat' dir='ltr'><strong>humana</strong></span> <span class='ocrx_word' id='word_1_207' title='bbox 938 2555 1061 2628; x_wconf 85' lang='lat' dir='ltr'><strong>ﬁde,</strong></span> <span class='ocrx_word' id='word_1_208' title='bbox 1091 2577 1108 2609; x_wconf 71' lang='grc' dir='ltr'><strong>ιι</strong></span> <span class='ocrx_word' id='word_1_209' title='bbox 1154 2558 1332 2628; x_wconf 62' lang='grc' dir='ltr'>πίστει</span> <span class='ocrx_word' id='word_1_210' title='bbox 1383 2557 1478 2628; x_wconf 79' lang='grc' dir='ltr'><strong>μὲν</strong></span> <span class='ocrx_word' id='word_1_211' title='bbox 1532 2556 1744 2628; x_wconf 73' lang='grc' dir='ltr'><strong>ἀνορω-</strong></span> 
     </span>
    </p>
   </div>
   <div class='ocr_carea' id='block_1_33' title="bbox 186 2625 1743 2696">
    <p class='ocr_par' dir='ltr' id='par_1_33' title="bbox 186 2625 1743 2696">
     <span class='ocr_line' id='line_1_33' title="bbox 186 2625 1743 2696; baseline 0.003 -19"><span class='ocrx_word' id='word_1_212' title='bbox 186 2625 325 2696; x_wconf 76' lang='grc' dir='ltr'><strong>πὶνῃ.</strong></span> <span class='ocrx_word' id='word_1_213' title='bbox 345 2641 449 2695; x_wconf 88' lang='lat' dir='ltr'><strong>qua</strong></span> <span class='ocrx_word' id='word_1_214' title='bbox 491 2626 703 2681; x_wconf 78' lang='lat' dir='ltr'><strong>Scilicet</strong></span> <span class='ocrx_word' id='word_1_215' title='bbox 731 2625 912 2689; x_wconf 87' lang='lat' dir='ltr'><strong>homo,</strong></span> <span class='ocrx_word' id='word_1_216' title='bbox 937 2626 1136 2681; x_wconf 79' lang='lat' dir='ltr'><strong>divinis</strong></span> <span class='ocrx_word' id='word_1_217' title='bbox 1169 2625 1495 2682; x_wconf 63' lang='lat' dir='ltr'><strong>Christiana:</strong></span> <span class='ocrx_word' id='word_1_218' title='bbox 1524 2625 1743 2696; x_wconf 69' lang='lat' dir='ltr'><strong>religio-</strong></span> 
     </span>
    </p>
   </div>
   <div class='ocr_carea' id='block_1_34' title="bbox 184 2696 1740 2767">
    <p class='ocr_par' dir='ltr' id='par_1_34' title="bbox 184 2696 1740 2767">
     <span class='ocr_line' id='line_1_34' title="bbox 184 2696 1740 2767; baseline 0.003 -21"><span class='ocrx_word' id='word_1_219' title='bbox 184 2697 263 2751; x_wconf 86' lang='lat' dir='ltr'><strong>nis</strong></span> <span class='ocrx_word' id='word_1_220' title='bbox 292 2696 936 2767; x_wconf 84' lang='lat' dir='ltr'><strong>documentisimbutus,</strong></span> <span class='ocrx_word' id='word_1_221' title='bbox 973 2697 1041 2751; x_wconf 90' lang='lat' dir='ltr'><strong>iis</strong></span> <span class='ocrx_word' id='word_1_222' title='bbox 1070 2709 1327 2767; x_wconf 89' lang='lat' dir='ltr'><strong>tanquam</strong></span> <span class='ocrx_word' id='word_1_223' title='bbox 1360 2697 1586 2752; x_wconf 88' lang='lat' dir='ltr'><strong>omnino</strong></span> <span class='ocrx_word' id='word_1_224' title='bbox 1618 2712 1740 2752; x_wconf 86' lang='lat' dir='ltr'><strong>cer-</strong></span> 
     </span>
    </p>
   </div>
   <div class='ocr_carea' id='block_1_35' title="bbox 183 2766 1003 2821">
    <p class='ocr_par' dir='ltr' id='par_1_35' title="bbox 183 2766 1003 2821">
     <span class='ocr_line' id='line_1_35' title="bbox 183 2766 1003 2821; baseline 0.004 -4"><span class='ocrx_word' id='word_1_225' title='bbox 183 2767 247 2819; x_wconf 83' lang='lat' dir='ltr'><strong>tis</strong></span> <span class='ocrx_word' id='word_1_226' title='bbox 280 2776 330 2820; x_wconf 86' lang='lat' dir='ltr'><strong>et</strong></span> <span class='ocrx_word' id='word_1_227' title='bbox 364 2766 695 2821; x_wconf 85' lang='lat' dir='ltr'><strong>indubitatis</strong></span> <span class='ocrx_word' id='word_1_228' title='bbox 730 2767 1003 2820; x_wconf 84' lang='lat' dir='ltr'><strong>credebat.</strong></span> 
     </span>
    </p>
   </div>
   <div class='ocr_carea' id='block_1_36' title="bbox 251 2835 1744 2905">
    <p class='ocr_par' dir='ltr' id='par_1_36' title="bbox 251 2835 1744 2905">
     <span class='ocr_line' id='line_1_36' title="bbox 251 2835 1744 2905; baseline -0.001 -17"><span class='ocrx_word' id='word_1_229' title='bbox 251 2836 357 2890; x_wconf 73' lang='lat' dir='ltr'><strong>liae</strong></span> <span class='ocrx_word' id='word_1_230' title='bbox 400 2852 574 2905; x_wconf 85' lang='lat' dir='ltr'><strong>porro</strong></span> <span class='ocrx_word' id='word_1_231' title='bbox 621 2837 945 2890; x_wconf 72' lang='lat' dir='ltr'><strong>Christianze</strong></span> <span class='ocrx_word' id='word_1_232' title='bbox 994 2835 1114 2891; x_wconf 89' lang='lat' dir='ltr'><strong>ﬁdei</strong></span> <span class='ocrx_word' id='word_1_233' title='bbox 1165 2837 1415 2891; x_wconf 80' lang='lat' dir='ltr'><strong>doctrina</strong></span> <span class='ocrx_word' id='word_1_234' title='bbox 1462 2838 1648 2896; x_wconf 85' lang='lat' dir='ltr'><strong>homo,</strong></span> <span class='ocrx_word' id='word_1_235' title='bbox 1685 2842 1744 2888; x_wconf 91' lang='lat' dir='ltr'><strong>ut</strong></span> 
     </span>
    </p>
   </div>
   <div class='ocr_carea' id='block_1_37' title="bbox 183 2905 1744 2968">
    <p class='ocr_par' dir='ltr' id='par_1_37' title="bbox 183 2905 1744 2968">
     <span class='ocr_line' id='line_1_37' title="bbox 183 2905 1744 2968; baseline -0.001 -9"><span class='ocrx_word' id='word_1_236' title='bbox 183 2905 422 2963; x_wconf 87' lang='lat' dir='ltr'><strong>Clemens</strong></span> <span class='ocrx_word' id='word_1_237' title='bbox 489 2908 588 2968; x_wconf 89' lang='lat' dir='ltr'><strong>ait,</strong></span> <span class='ocrx_word' id='word_1_238' title='bbox 635 2907 961 2960; x_wconf 79' lang='lat' dir='ltr'><strong>informatur</strong></span> <span class='ocrx_word' id='word_1_239' title='bbox 1009 2909 1406 2963; x_wconf 88' lang='lat' dir='ltr'><strong>catechesibus.</strong></span> <span class='ocrx_word' id='word_1_240' title='bbox 1447 2908 1498 2960; x_wconf 91' lang='lat' dir='ltr'><strong>id</strong></span> <span class='ocrx_word' id='word_1_241' title='bbox 1532 2915 1616 2961; x_wconf 90' lang='lat' dir='ltr'><strong>est</strong></span> <span class='ocrx_word' id='word_1_242' title='bbox 1649 2922 1744 2958; x_wconf 81' lang='lat' dir='ltr'><strong>va-</strong></span> 
     </span>
    </p>
   </div>
   <div class='ocr_carea' id='block_1_38' title="bbox 184 2976 1741 3046">
    <p class='ocr_par' dir='ltr' id='par_1_38' title="bbox 184 2976 1741 3046">
     <span class='ocr_line' id='line_1_38' title="bbox 184 2976 1741 3046; baseline -0.001 -18"><span class='ocrx_word' id='word_1_243' title='bbox 184 2976 276 3029; x_wconf 87' lang='lat' dir='ltr'><strong>riis</strong></span> <span class='ocrx_word' id='word_1_244' title='bbox 300 2978 676 3038; x_wconf 79' lang='lat' dir='ltr'><strong>sermonibus.</strong></span> <span class='ocrx_word' id='word_1_245' title='bbox 697 2977 789 3045; x_wconf 77' lang='lat' dir='ltr'><strong>Qui</strong></span> <span class='ocrx_word' id='word_1_246' title='bbox 810 2978 948 3046; x_wconf 84' lang='lat' dir='ltr'><strong>apud</strong></span> <span class='ocrx_word' id='word_1_247' title='bbox 980 2977 1223 3044; x_wconf 84' lang='lat' dir='ltr'><strong>ejusdem</strong></span> <span class='ocrx_word' id='word_1_248' title='bbox 1257 2978 1581 3033; x_wconf 77' lang='lat' dir='ltr'><strong>Christiana:</strong></span> <span class='ocrx_word' id='word_1_249' title='bbox 1614 2992 1741 3043; x_wconf 90' lang='lat' dir='ltr'><strong>pro-</strong></span> 
     </span>
    </p>
   </div>
   <div class='ocr_carea' id='block_1_39' title="bbox 186 3046 1741 3103">
    <p class='ocr_par' dir='ltr' id='par_1_39' title="bbox 186 3046 1741 3103">
     <span class='ocr_line' id='line_1_39' title="bbox 186 3046 1741 3103; baseline 0.001 -5"><span class='ocrx_word' id='word_1_250' title='bbox 186 3046 429 3102; x_wconf 76' lang='lat' dir='ltr'><strong>fessionis</strong></span> <span class='ocrx_word' id='word_1_251' title='bbox 482 3046 810 3102; x_wconf 88' lang='lat' dir='ltr'><strong>candidatos</strong></span> <span class='ocrx_word' id='word_1_252' title='bbox 852 3059 962 3100; x_wconf 90' lang='lat' dir='ltr'><strong>tmn</strong></span> <span class='ocrx_word' id='word_1_253' title='bbox 1002 3048 1187 3102; x_wconf 88' lang='lat' dir='ltr'><strong>haberi</strong></span> <span class='ocrx_word' id='word_1_254' title='bbox 1236 3050 1503 3103; x_wconf 89' lang='lat' dir='ltr'><strong>solebant.</strong></span> <span class='ocrx_word' id='word_1_255' title='bbox 1545 3047 1741 3100; x_wconf 70' lang='lat' dir='ltr'><strong>«Cate—</strong></span> 
     </span>
    </p>
   </div>
   <div class='ocr_carea' id='block_1_40' title="bbox 176 3118 1739 3189">
    <p class='ocr_par' dir='ltr' id='par_1_40' title="bbox 176 3118 1739 3189">
     <span class='ocr_line' id='line_1_40' title="bbox 176 3118 1739 3189; baseline -0.002 -18"><span class='ocrx_word' id='word_1_256' title='bbox 176 3119 374 3189; x_wconf 73' lang='lat' dir='ltr'><strong>cbesis,</strong></span> <span class='ocrx_word' id='word_1_257' title='bbox 407 3119 616 3189; x_wconf 87' lang='lat' dir='ltr'><strong>inquit,</strong></span> <span class='ocrx_word' id='word_1_258' title='bbox 656 3134 761 3189; x_wconf 86' lang='lat' dir='ltr'><strong>seu</strong></span> <span class='ocrx_word' id='word_1_259' title='bbox 816 3134 945 3189; x_wconf 68' lang='lat' dir='ltr'><strong>quae</strong></span> <span class='ocrx_word' id='word_1_260' title='bbox 982 3133 1075 3185; x_wconf 85' lang='lat' dir='ltr'><strong>per</strong></span> <span class='ocrx_word' id='word_1_261' title='bbox 1117 3118 1366 3173; x_wconf 90' lang='lat' dir='ltr'><strong>auditum</strong></span> <span class='ocrx_word' id='word_1_262' title='bbox 1418 3118 1739 3189; x_wconf 72' lang='lat' dir='ltr'><strong>suscipitur,</strong></span> 
     </span>
    </p>
   </div>
   <div class='ocr_carea' id='block_1_41' title="bbox 184 3187 1741 3253">
    <p class='ocr_par' dir='ltr' id='par_1_41' title="bbox 184 3187 1741 3253">
     <span class='ocr_line' id='line_1_41' title="bbox 184 3187 1741 3253; baseline 0.001 -14"><span class='ocrx_word' id='word_1_263' title='bbox 184 3188 469 3253; x_wconf 86' lang='lat' dir='ltr'><strong>institutio,</strong></span> <span class='ocrx_word' id='word_1_264' title='bbox 518 3188 583 3240; x_wconf 92' lang='lat' dir='ltr'><strong>ad</strong></span> <span class='ocrx_word' id='word_1_265' title='bbox 639 3188 795 3243; x_wconf 88' lang='lat' dir='ltr'><strong>ﬁdem</strong></span> <span class='ocrx_word' id='word_1_266' title='bbox 849 3187 1101 3249; x_wconf 85' lang='lat' dir='ltr'><strong>deducit;</strong></span> <span class='ocrx_word' id='word_1_267' title='bbox 1168 3189 1298 3244; x_wconf 89' lang='lat' dir='ltr'><strong>ﬁdes</strong></span> <span class='ocrx_word' id='word_1_268' title='bbox 1344 3197 1524 3242; x_wconf 63' lang='lat' dir='ltr'><strong>autem</strong></span> <span class='ocrx_word' id='word_1_269' title='bbox 1573 3187 1741 3241; x_wconf 78' lang='lat' dir='ltr'><strong>simul</strong></span> 
     </span>
    </p>
   </div>
   <div class='ocr_carea' id='block_1_42' title="bbox 180 3256 1742 3329">
    <p class='ocr_par' dir='ltr' id='par_1_42' title="bbox 180 3256 1742 3329">
     <span class='ocr_line' id='line_1_42' title="bbox 180 3256 1742 3329; baseline 0.001 -20"><span class='ocrx_word' id='word_1_270' title='bbox 180 3274 298 3311; x_wconf 82' lang='lat' dir='ltr'><strong>cum</strong></span> <span class='ocrx_word' id='word_1_271' title='bbox 334 3259 615 3329; x_wconf 87' lang='lat' dir='ltr'><strong>baptismo</strong></span> <span class='ocrx_word' id='word_1_272' title='bbox 640 3260 869 3312; x_wconf 88' lang='lat' dir='ltr'><strong>docetur</strong></span> <span class='ocrx_word' id='word_1_273' title='bbox 898 3274 926 3329; x_wconf 83' lang='lat' dir='ltr'><strong>a</strong></span> <span class='ocrx_word' id='word_1_274' title='bbox 960 3259 1145 3312; x_wconf 89' lang='lat' dir='ltr'><strong>divino</strong></span> <span class='ocrx_word' id='word_1_275' title='bbox 1166 3256 1370 3328; x_wconf 86' lang='lat' dir='ltr'><strong>Spiritu</strong></span> <span class='ocrx_word' id='word_1_276' title='bbox 1396 3261 1459 3313; x_wconf 70' lang='grc'><strong>³9.</strong></span> <span class='ocrx_word' id='word_1_277' title='bbox 1487 3280 1504 3311; x_wconf 76' lang='grc' dir='ltr'><strong>ι</strong></span> <span class='ocrx_word' id='word_1_278' title='bbox 1541 3256 1742 3312; x_wconf 89' lang='lat' dir='ltr'><strong>Ultima</strong></span> 
     </span>
    </p>
   </div>
   <div class='ocr_carea' id='block_1_43' title="bbox 184 3328 1738 3400">
    <p class='ocr_par' dir='ltr' id='par_1_43' title="bbox 184 3328 1738 3400">
     <span class='ocr_line' id='line_1_43' title="bbox 184 3328 1738 3400; baseline -0.001 -20"><span class='ocrx_word' id='word_1_279' title='bbox 184 3329 289 3400; x_wconf 53' lang='lat' dir='ltr'><strong>time</strong></span> <span class='ocrx_word' id='word_1_280' title='bbox 319 3328 571 3384; x_wconf 76' lang='lat' dir='ltr'><strong>aucturis</strong></span> <span class='ocrx_word' id='word_1_281' title='bbox 591 3330 761 3400; x_wconf 88' lang='lat' dir='ltr'><strong>nostri</strong></span> <span class='ocrx_word' id='word_1_282' title='bbox 799 3328 964 3383; x_wconf 83' lang='lat' dir='ltr'><strong>verba</strong></span> <span class='ocrx_word' id='word_1_283' title='bbox 1001 3337 1187 3383; x_wconf 90' lang='lat' dir='ltr'><strong>notatu</strong></span> <span class='ocrx_word' id='word_1_284' title='bbox 1214 3330 1369 3400; x_wconf 90' lang='lat' dir='ltr'><strong>plane</strong></span> <span class='ocrx_word' id='word_1_285' title='bbox 1398 3329 1559 3400; x_wconf 80' lang='lat' dir='ltr'><strong>digna</strong></span> <span class='ocrx_word' id='word_1_286' title='bbox 1592 3337 1738 3400; x_wconf 86' lang='lat' dir='ltr'><strong>sunt.</strong></span> 
     </span>
    </p>
   </div>
   <div class='ocr_carea' id='block_1_44' title="bbox 185 3396 1741 3468">
    <p class='ocr_par' dir='ltr' id='par_1_44' title="bbox 185 3396 1741 3468">
     <span class='ocr_line' id='line_1_44' title="bbox 185 3396 1741 3468; baseline 0 -19"><span class='ocrx_word' id='word_1_287' title='bbox 185 3396 415 3453; x_wconf 82' lang='lat' dir='ltr'><strong>Tametsi</strong></span> <span class='ocrx_word' id='word_1_288' title='bbox 477 3400 623 3453; x_wconf 88' lang='lat' dir='ltr'><strong>enim</strong></span> <span class='ocrx_word' id='word_1_289' title='bbox 671 3398 821 3467; x_wconf 90' lang='lat' dir='ltr'><strong>prius</strong></span> <span class='ocrx_word' id='word_1_290' title='bbox 875 3407 1096 3468; x_wconf 81' lang='lat' dir='ltr'><strong>peccata</strong></span> <span class='ocrx_word' id='word_1_291' title='bbox 1135 3417 1151 3445; x_wconf 74' lang='grc' dir='ltr'><strong><em>ο</em></strong></span> <span class='ocrx_word' id='word_1_292' title='bbox 1182 3396 1283 3455; x_wconf 78' lang='lat' dir='ltr'><strong>(ide</strong></span> <span class='ocrx_word' id='word_1_293' title='bbox 1336 3396 1571 3453; x_wconf 72' lang='lat' dir='ltr'><strong>humana</strong></span> <span class='ocrx_word' id='word_1_294' title='bbox 1598 3418 1615 3449; x_wconf 75' lang='grc' dir='ltr'><strong>ι</strong></span> <span class='ocrx_word' id='word_1_295' title='bbox 1654 3398 1741 3450; x_wconf 89' lang='lat' dir='ltr'><strong>di-</strong></span> 
     </span>
    </p>
   </div>
   <div class='ocr_carea' id='block_1_45' title="bbox 182 3468 1742 3531">
    <p class='ocr_par' dir='ltr' id='par_1_45' title="bbox 182 3468 1742 3531">
     <span class='ocr_line' id='line_1_45' title="bbox 182 3468 1742 3531; baseline 0.001 -13"><span class='ocrx_word' id='word_1_296' title='bbox 182 3469 316 3521; x_wconf 84' lang='lat' dir='ltr'><strong>mitti</strong></span> <span class='ocrx_word' id='word_1_297' title='bbox 348 3470 609 3531; x_wconf 80' lang='lat' dir='ltr'><strong>dixisset,</strong></span> <span class='ocrx_word' id='word_1_298' title='bbox 644 3484 788 3522; x_wconf 88' lang='lat' dir='ltr'><strong>nunc</strong></span> <span class='ocrx_word' id='word_1_299' title='bbox 823 3479 1001 3523; x_wconf 90' lang='lat' dir='ltr'><strong>tamen</strong></span> <span class='ocrx_word' id='word_1_300' title='bbox 1035 3469 1191 3524; x_wconf 86' lang='lat' dir='ltr'><strong>decet</strong></span> <span class='ocrx_word' id='word_1_301' title='bbox 1218 3471 1357 3524; x_wconf 87' lang='lat' dir='ltr'><strong>hanc</strong></span> <span class='ocrx_word' id='word_1_302' title='bbox 1391 3469 1546 3524; x_wconf 88' lang='lat' dir='ltr'><strong>ﬁdem</strong></span> <span class='ocrx_word' id='word_1_303' title='bbox 1582 3468 1742 3523; x_wconf 89' lang='lat' dir='ltr'><strong>simul</strong></span> 
     </span>
    </p>
   </div>
   <div class='ocr_carea' id='block_1_46' title="bbox 180 3538 1745 3609">
    <p class='ocr_par' dir='ltr' id='par_1_46' title="bbox 180 3538 1745 3609">
     <span class='ocr_line' id='line_1_46' title="bbox 180 3538 1745 3609; baseline 0.001 -20"><span class='ocrx_word' id='word_1_304' title='bbox 180 3554 298 3590; x_wconf 73' lang='lat' dir='ltr'><strong>cum</strong></span> <span class='ocrx_word' id='word_1_305' title='bbox 354 3541 635 3609; x_wconf 86' lang='lat' dir='ltr'><strong>baptismo</strong></span> <span class='ocrx_word' id='word_1_306' title='bbox 682 3554 711 3591; x_wconf 93' lang='lat' dir='ltr'><strong>a</strong></span> <span class='ocrx_word' id='word_1_307' title='bbox 762 3538 946 3593; x_wconf 82' lang='lat' dir='ltr'><strong>divino</strong></span> <span class='ocrx_word' id='word_1_308' title='bbox 1002 3538 1203 3609; x_wconf 86' lang='lat' dir='ltr'><strong>Spiritu</strong></span> <span class='ocrx_word' id='word_1_309' title='bbox 1247 3540 1451 3595; x_wconf 90' lang='lat' dir='ltr'><strong>doceri.</strong></span> <span class='ocrx_word' id='word_1_310' title='bbox 1501 3538 1565 3592; x_wconf 90' lang='lat' dir='ltr'><strong>Et</strong></span> <span class='ocrx_word' id='word_1_311' title='bbox 1601 3546 1745 3592; x_wconf 87' lang='lat' dir='ltr'><strong>recte</strong></span> 
     </span>
    </p>
   </div>
   <div class='ocr_carea' id='block_1_47' title="bbox 186 3609 1742 3679">
    <p class='ocr_par' dir='ltr' id='par_1_47' title="bbox 186 3609 1742 3679">
     <span class='ocr_line' id='line_1_47' title="bbox 186 3609 1742 3679; baseline -0.001 -19"><span class='ocrx_word' id='word_1_312' title='bbox 186 3609 411 3675; x_wconf 86' lang='lat' dir='ltr'><strong>quidem,</strong></span> <span class='ocrx_word' id='word_1_313' title='bbox 450 3626 528 3663; x_wconf 77' lang='lat' dir='ltr'><strong>ne</strong></span> <span class='ocrx_word' id='word_1_314' title='bbox 559 3610 680 3679; x_wconf 85' lang='lat' dir='ltr'><strong>quis</strong></span> <span class='ocrx_word' id='word_1_315' title='bbox 713 3609 782 3663; x_wconf 90' lang='lat' dir='ltr'><strong>ab</strong></span> <span class='ocrx_word' id='word_1_316' title='bbox 822 3610 913 3663; x_wconf 91' lang='lat' dir='ltr'><strong>illo</strong></span> <span class='ocrx_word' id='word_1_317' title='bbox 949 3610 1119 3664; x_wconf 88' lang='lat' dir='ltr'><strong>solam</strong></span> <span class='ocrx_word' id='word_1_318' title='bbox 1157 3610 1315 3665; x_wconf 88' lang='lat' dir='ltr'><strong>ﬁdem</strong></span> <span class='ocrx_word' id='word_1_319' title='bbox 1345 3612 1634 3663; x_wconf 85' lang='lat' dir='ltr'><strong>humanam</strong></span> <span class='ocrx_word' id='word_1_320' title='bbox 1676 3610 1742 3661; x_wconf 86' lang='lat' dir='ltr'><strong>ad</strong></span> 
     </span>
    </p>
   </div>
   <div class='ocr_carea' id='block_1_48' title="bbox 184 3679 1745 3750">
    <p class='ocr_par' dir='ltr' id='par_1_48' title="bbox 184 3679 1745 3750">
     <span class='ocr_line' id='line_1_48' title="bbox 184 3679 1745 3750; baseline 0 -19"><span class='ocrx_word' id='word_1_321' title='bbox 184 3680 592 3750; x_wconf 79' lang='lat' dir='ltr'><strong>percipiendam</strong></span> <span class='ocrx_word' id='word_1_322' title='bbox 649 3679 993 3749; x_wconf 84' lang='lat' dir='ltr'><strong>baptismatis</strong></span> <span class='ocrx_word' id='word_1_323' title='bbox 1024 3681 1253 3750; x_wconf 79' lang='lat' dir='ltr'><strong>gratiam</strong></span> <span class='ocrx_word' id='word_1_324' title='bbox 1298 3679 1600 3735; x_wconf 86' lang='lat' dir='ltr'><strong>desiderari</strong></span> <span class='ocrx_word' id='word_1_325' title='bbox 1650 3694 1745 3732; x_wconf 87' lang='lat' dir='ltr'><strong>su-</strong></span> 
     </span>
    </p>
   </div>
   <div class='ocr_carea' id='block_1_49' title="bbox 188 3748 1743 3820">
    <p class='ocr_par' dir='ltr' id='par_1_49' title="bbox 188 3748 1743 3820">
     <span class='ocr_line' id='line_1_49' title="bbox 188 3748 1743 3820; baseline 0.001 -21"><span class='ocrx_word' id='word_1_326' title='bbox 188 3748 508 3817; x_wconf 82' lang='lat' dir='ltr'><strong>spicaretur.</strong></span> <span class='ocrx_word' id='word_1_327' title='bbox 544 3748 773 3805; x_wconf 81' lang='lat' dir='ltr'><strong>Censuit</strong></span> <span class='ocrx_word' id='word_1_328' title='bbox 817 3750 1001 3820; x_wconf 87' lang='lat' dir='ltr'><strong>itaque</strong></span> <span class='ocrx_word' id='word_1_329' title='bbox 1032 3748 1336 3804; x_wconf 50' lang='lat' dir='ltr'><strong>&#39;humanam</strong></span> <span class='ocrx_word' id='word_1_330' title='bbox 1389 3751 1581 3813; x_wconf 89' lang='lat' dir='ltr'><strong>ﬁdem,</strong></span> <span class='ocrx_word' id='word_1_331' title='bbox 1635 3762 1743 3818; x_wconf 90' lang='lat' dir='ltr'><strong>qua</strong></span> 
     </span>
    </p>
   </div>
   <div class='ocr_carea' id='block_1_50' title="bbox 194 3820 1746 3890">
    <p class='ocr_par' dir='ltr' id='par_1_50' title="bbox 194 3820 1746 3890">
     <span class='ocr_line' id='line_1_50' title="bbox 194 3820 1746 3890; baseline 0.003 -21"><span class='ocrx_word' id='word_1_332' title='bbox 194 3820 436 3890; x_wconf 81' lang='lat' dir='ltr'><strong>nimirum</strong></span> <span class='ocrx_word' id='word_1_333' title='bbox 494 3822 732 3876; x_wconf 90' lang='lat' dir='ltr'><strong>humano</strong></span> <span class='ocrx_word' id='word_1_334' title='bbox 767 3835 917 3875; x_wconf 88' lang='lat' dir='ltr'><strong>more</strong></span> <span class='ocrx_word' id='word_1_335' title='bbox 964 3821 1244 3890; x_wconf 84' lang='lat' dir='ltr'><strong>religionis</strong></span> <span class='ocrx_word' id='word_1_336' title='bbox 1291 3829 1494 3876; x_wconf 72' lang='lat' dir='ltr'><strong>nostra:</strong></span> <span class='ocrx_word' id='word_1_337' title='bbox 1540 3827 1746 3888; x_wconf 84' lang='lat' dir='ltr'><strong>myste-</strong></span> 
     </span>
    </p>
   </div>
   <div class='ocr_carea' id='block_1_51' title="bbox 192 3889 1745 3960">
    <p class='ocr_par' dir='ltr' id='par_1_51' title="bbox 192 3889 1745 3960">
     <span class='ocr_line' id='line_1_51' title="bbox 192 3889 1745 3960; baseline 0.003 -20"><span class='ocrx_word' id='word_1_338' title='bbox 192 3889 279 3960; x_wconf 89' lang='lat' dir='ltr'><strong>riis</strong></span> <span class='ocrx_word' id='word_1_339' title='bbox 329 3891 654 3956; x_wconf 89' lang='lat' dir='ltr'><strong>imbuimur,</strong></span> <span class='ocrx_word' id='word_1_340' title='bbox 705 3890 1019 3960; x_wconf 90' lang='lat' dir='ltr'><strong>baptismati</strong></span> <span class='ocrx_word' id='word_1_341' title='bbox 1076 3889 1297 3960; x_wconf 88' lang='lat' dir='ltr'><strong>quidem</strong></span> <span class='ocrx_word' id='word_1_342' title='bbox 1359 3892 1558 3946; x_wconf 90' lang='lat' dir='ltr'><strong>debere</strong></span> <span class='ocrx_word' id='word_1_343' title='bbox 1608 3903 1745 3959; x_wconf 75' lang='lat' dir='ltr'><strong>pra:-</strong></span> 
     </span>
    </p>
   </div>
   <div class='ocr_carea' id='block_1_52' title="bbox 191 3959 1746 4026">
    <p class='ocr_par' dir='ltr' id='par_1_52' title="bbox 191 3959 1746 4026">
     <span class='ocr_line' id='line_1_52' title="bbox 191 3959 1746 4026; baseline 0.001 -17"><span class='ocrx_word' id='word_1_344' title='bbox 191 3959 352 4026; x_wconf 81' lang='lat' dir='ltr'><strong>miti;</strong></span> <span class='ocrx_word' id='word_1_345' title='bbox 377 3961 484 4015; x_wconf 84' lang='lat' dir='ltr'><strong>sed</strong></span> <span class='ocrx_word' id='word_1_346' title='bbox 518 3963 590 4015; x_wconf 89' lang='lat' dir='ltr'><strong>ita</strong></span> <span class='ocrx_word' id='word_1_347' title='bbox 625 3959 825 4024; x_wconf 83' lang='lat' dir='ltr'><strong>tamen,</strong></span> <span class='ocrx_word' id='word_1_348' title='bbox 854 3968 912 4013; x_wconf 92' lang='lat' dir='ltr'><strong>ut</strong></span> <span class='ocrx_word' id='word_1_349' title='bbox 943 3964 1071 4015; x_wconf 90' lang='lat' dir='ltr'><strong>dum</strong></span> <span class='ocrx_word' id='word_1_350' title='bbox 1097 3959 1264 4016; x_wconf 84' lang='lat' dir='ltr'><strong>sacra</strong></span> <span class='ocrx_word' id='word_1_351' title='bbox 1295 3962 1441 4016; x_wconf 90' lang='lat' dir='ltr'><strong>illius</strong></span> <span class='ocrx_word' id='word_1_352' title='bbox 1472 3960 1746 4015; x_wconf 89' lang='lat' dir='ltr'><strong>abluimur</strong></span> 
     </span>
    </p>
   </div>
   <div class='ocr_carea' id='block_1_53' title="bbox 184 4031 1741 4102">
    <p class='ocr_par' dir='ltr' id='par_1_53' title="bbox 184 4031 1741 4102">
     <span class='ocr_line' id='line_1_53' title="bbox 184 4031 1741 4102; baseline 0.002 -21"><span class='ocrx_word' id='word_1_353' title='bbox 184 4042 338 4098; x_wconf 78' lang='lat' dir='ltr'><strong>aqua,</strong></span> <span class='ocrx_word' id='word_1_354' title='bbox 370 4032 540 4085; x_wconf 74' lang='lat' dir='ltr'><strong>aliain</strong></span> <span class='ocrx_word' id='word_1_355' title='bbox 575 4032 733 4102; x_wconf 89' lang='lat' dir='ltr'><strong>plane</strong></span> <span class='ocrx_word' id='word_1_356' title='bbox 769 4032 1028 4102; x_wconf 78' lang='lat' dir='ltr'><strong>divinam,</strong></span> <span class='ocrx_word' id='word_1_357' title='bbox 1063 4039 1117 4086; x_wconf 90' lang='lat' dir='ltr'><strong>et</strong></span> <span class='ocrx_word' id='word_1_358' title='bbox 1172 4039 1230 4085; x_wconf 89' lang='lat' dir='ltr'><strong>ut</strong></span> <span class='ocrx_word' id='word_1_359' title='bbox 1281 4032 1518 4102; x_wconf 77' lang='lat' dir='ltr'><strong>theologi</strong></span> <span class='ocrx_word' id='word_1_360' title='bbox 1568 4031 1741 4102; x_wconf 81' lang='lat' dir='ltr'><strong>aiunt,</strong></span> 
     </span>
    </p>
   </div>
   <div class='ocr_carea' id='block_1_54' title="bbox 190 4099 1671 4170">
    <p class='ocr_par' dir='ltr' id='par_1_54' title="bbox 190 4099 1671 4170">
     <span class='ocr_line' id='line_1_54' title="bbox 190 4099 1671 4170; baseline 0.001 -18"><span class='ocrx_word' id='word_1_361' title='bbox 190 4099 655 4170; x_wconf 78' lang='lat' dir='ltr'><strong>supernaturalém</strong></span> <span class='ocrx_word' id='word_1_362' title='bbox 690 4102 848 4156; x_wconf 87' lang='lat' dir='ltr'><strong>nobis</strong></span> <span class='ocrx_word' id='word_1_363' title='bbox 874 4100 1113 4169; x_wconf 88' lang='lat' dir='ltr'><strong>Spiritus</strong></span> <span class='ocrx_word' id='word_1_364' title='bbox 1146 4111 1371 4157; x_wconf 89' lang='lat' dir='ltr'><strong>sanctus</strong></span> <span class='ocrx_word' id='word_1_365' title='bbox 1400 4099 1671 4157; x_wconf 77' lang='lat' dir='ltr'><strong>infundat.</strong></span> 
     </span>
    </p>
   </div>
   <div class='ocr_carea' id='block_1_55' title="bbox 254 4170 1741 4242">
    <p class='ocr_par' dir='ltr' id='par_1_55' title="bbox 254 4170 1741 4242">
     <span class='ocr_line' id='line_1_55' title="bbox 254 4170 1741 4242; baseline -0.001 -19"><span class='ocrx_word' id='word_1_366' title='bbox 254 4171 456 4227; x_wconf 70' lang='lat' dir='ltr'><strong>Praeter</strong></span> <span class='ocrx_word' id='word_1_367' title='bbox 518 4172 658 4242; x_wconf 81' lang='lat' dir='ltr'><strong>hanc</strong></span> <span class='ocrx_word' id='word_1_368' title='bbox 724 4187 851 4227; x_wconf 88' lang='lat' dir='ltr'><strong>vero</strong></span> <span class='ocrx_word' id='word_1_369' title='bbox 914 4172 1072 4227; x_wconf 90' lang='lat' dir='ltr'><strong>ﬁdem</strong></span> <span class='ocrx_word' id='word_1_370' title='bbox 1131 4173 1383 4229; x_wconf 84' lang='lat' dir='ltr'><strong>Clemens</strong></span> <span class='ocrx_word' id='word_1_371' title='bbox 1425 4172 1612 4233; x_wconf 85' lang='lat' dir='ltr'><strong>abeo,</strong></span> <span class='ocrx_word' id='word_1_372' title='bbox 1648 4170 1741 4242; x_wconf 91' lang='lat' dir='ltr'><strong>qui</strong></span> 
     </span>
    </p>
   </div>
   <div class='ocr_carea' id='block_1_56' title="bbox 192 4240 1745 4314">
    <p class='ocr_par' dir='ltr' id='par_1_56' title="bbox 192 4240 1745 4314">
     <span class='ocr_line' id='line_1_56' title="bbox 192 4240 1745 4314; baseline 0.001 -22"><span class='ocrx_word' id='word_1_373' title='bbox 192 4240 510 4314; x_wconf 76' lang='lat' dir='ltr'><strong>baptismate</strong></span> <span class='ocrx_word' id='word_1_374' title='bbox 537 4241 840 4313; x_wconf 70' lang='lat' dir='ltr'><strong>initiandus</strong></span> <span class='ocrx_word' id='word_1_375' title='bbox 870 4250 976 4306; x_wconf 85' lang='lat' dir='ltr'><strong>est,</strong></span> <span class='ocrx_word' id='word_1_376' title='bbox 1009 4242 1417 4314; x_wconf 75' lang='lat' dir='ltr'><strong>adliueexigit:</strong></span> <span class='ocrx_word' id='word_1_377' title='bbox 1445 4240 1745 4314; x_wconf 48' lang='lat' dir='ltr'><strong>utvero&#39;et</strong></span> 
     </span>
    </p>
   </div>
   <div class='ocr_carea' id='block_1_57' title="bbox 190 4311 1745 4383">
    <p class='ocr_par' dir='ltr' id='par_1_57' title="bbox 190 4311 1745 4383">
     <span class='ocr_line' id='line_1_57' title="bbox 190 4311 1745 4383; baseline 0.001 -20"><span class='ocrx_word' id='word_1_378' title='bbox 190 4313 391 4368; x_wconf 82' lang='lat' dir='ltr'><strong>sincero</strong></span> <span class='ocrx_word' id='word_1_379' title='bbox 449 4311 796 4383; x_wconf 81' lang='lat' dir='ltr'><strong>peccatorum</strong></span> <span class='ocrx_word' id='word_1_380' title='bbox 843 4328 1068 4367; x_wconf 91' lang='lat' dir='ltr'><strong>suorum</strong></span> <span class='ocrx_word' id='word_1_381' title='bbox 1122 4311 1330 4368; x_wconf 56' lang='lat' dir='ltr'><strong>dolore&#39;</strong></span> <span class='ocrx_word' id='word_1_382' title='bbox 1354 4316 1426 4368; x_wconf 92' lang='lat' dir='ltr'><strong>ita</strong></span> <span class='ocrx_word' id='word_1_383' title='bbox 1478 4311 1745 4366; x_wconf 75' lang='lat' dir='ltr'><strong>alliciatnr</strong></span> 
     </span>
    </p>
   </div>
   <div class='ocr_carea' id='block_1_58' title="bbox 192 4383 1742 4452">
    <p class='ocr_par' dir='ltr' id='par_1_58' title="bbox 192 4383 1742 4452">
     <span class='ocr_line' id='line_1_58' title="bbox 192 4383 1742 4452; baseline 0.003 -20"><span class='ocrx_word' id='word_1_384' title='bbox 192 4396 348 4452; x_wconf 88' lang='lat' dir='ltr'><strong>eaque</strong></span> <span class='ocrx_word' id='word_1_385' title='bbox 397 4385 727 4444; x_wconf 78' lang='lat' dir='ltr'><strong>detestetur.</strong></span> <span class='ocrx_word' id='word_1_386' title='bbox 779 4389 837 4435; x_wconf 94' lang='lat' dir='ltr'><strong>ut</strong></span> <span class='ocrx_word' id='word_1_387' title='bbox 878 4385 1092 4436; x_wconf 87' lang='lat' dir='ltr'><strong>ﬁrmum</strong></span> <span class='ocrx_word' id='word_1_388' title='bbox 1136 4399 1200 4436; x_wconf 91' lang='lat' dir='ltr'><strong>ac</strong></span> <span class='ocrx_word' id='word_1_389' title='bbox 1243 4383 1651 4441; x_wconf 82' lang='lat' dir='ltr'><strong>tenacissimum</strong></span> <span class='ocrx_word' id='word_1_390' title='bbox 1688 4384 1742 4436; x_wconf 93' lang='lat' dir='ltr'><strong>in</strong></span> 
     </span>
    </p>
   </div>
   <div class='ocr_carea' id='block_1_59' title="bbox 678 255 2828 318">
    <p class='ocr_par' dir='ltr' id='par_1_59' title="bbox 678 255 2828 318">
     <span class='ocr_line' id='line_1_59' title="bbox 678 255 2828 318; baseline 0 -3"><span class='ocrx_word' id='word_1_391' title='bbox 678 257 860 315; x_wconf 71' lang='grc' dir='ltr'><strong>ΑΙ,ιῶ</strong></span> <span class='ocrx_word' id='word_1_392' title='bbox 894 257 963 313; x_wconf 71' lang='lat' dir='ltr'><strong>IN</strong></span> <span class='ocrx_word' id='word_1_393' title='bbox 999 255 1585 315; x_wconf 71' lang='lat' dir='ltr'><strong>COHORTATIONEM</strong></span> <span class='ocrx_word' id='word_1_394' title='bbox 1624 258 1711 312; x_wconf 84' lang='lat' dir='ltr'><strong>ET</strong></span> <span class='ocrx_word' id='word_1_395' title='bbox 1751 258 2200 316; x_wconf 67' lang='lat' dir='ltr'><strong>PEDAGOGUM</strong></span> <span class='ocrx_word' id='word_1_396' title='bbox 2238 255 2828 318; x_wconf 77' lang='lat' dir='ltr'><strong>OBSERVATIONES.</strong></span> 
     </span>
    </p>
   </div>
   <div class='ocr_carea' id='block_1_60' title="bbox 247 373 2269 449">
    <p class='ocr_par' dir='ltr' id='par_1_60' title="bbox 247 373 2269 449">
     <span class='ocr_line' id='line_1_60' title="bbox 247 373 2269 449; baseline 0.001 -20"><span class='ocrx_word' id='word_1_397' title='bbox 247 379 393 449; x_wconf 82' lang='lat' dir='ltr'><strong>Quot</strong></span> <span class='ocrx_word' id='word_1_398' title='bbox 451 373 1016 449; x_wconf 80' lang='lat' dir='ltr'><strong>porro__baptisma_tis</strong></span> <span class='ocrx_word' id='word_1_399' title='bbox 1060 376 1313 449; x_wconf 77' lang='lat' dir='ltr'><strong>nomina.</strong></span> <span class='ocrx_word' id='word_1_400' title='bbox 1362 384 1457 449; x_wconf 64' lang='lat' dir='ltr'><strong>tot</strong></span> <span class='ocrx_word' id='word_1_401' title='bbox 1496 376 1824 443; x_wconf 66' lang='lat' dir='ltr'><strong>Clemens‘A</strong></span> <span class='ocrx_word' id='word_1_402' title='bbox 1854 393 1943 441; x_wconf 91' lang='lat' dir='ltr'><strong>ne,</strong></span> <span class='ocrx_word' id='word_1_403' title='bbox 1977 393 2083 449; x_wconf 93' lang='lat' dir='ltr'><strong>qua</strong></span> <span class='ocrx_word' id='word_1_404' title='bbox 2125 378 2269 449; x_wconf 87' lang='lat' dir='ltr'><strong>beati</strong></span> 
     </span>
    </p>
   </div>
   <div class='ocr_carea' id='block_1_61' title="bbox 3309 265 3414 322">
    <p class='ocr_par' dir='ltr' id='par_1_61' title="bbox 3309 265 3414 322">
     <span class='ocr_line' id='line_1_61' title="bbox 3309 265 3414 322; baseline 0 -1"><span class='ocrx_word' id='word_1_405' title='bbox 3309 265 3414 322; x_wconf 86' lang='lat'><strong>870</strong></span> 
     </span>
    </p>
   </div>
   <div class='ocr_carea' id='block_1_62' title="bbox 2353 377 3428 438">
    <p class='ocr_par' dir='ltr' id='par_1_62' title="bbox 2353 377 3428 438">
     <span class='ocr_line' id='line_1_62' title="bbox 2353 377 3428 438; baseline -0.004 -6"><span class='ocrx_word' id='word_1_406' title='bbox 2353 388 2439 433; x_wconf 86' lang='lat' dir='ltr'><strong>ost</strong></span> <span class='ocrx_word' id='word_1_407' title='bbox 2485 377 2942 434; x_wconf 89' lang='lat' dir='ltr'><strong>resurrectionem</strong></span> <span class='ocrx_word' id='word_1_408' title='bbox 2990 393 3203 438; x_wconf 86' lang='lat' dir='ltr'><strong>summe</strong></span> <span class='ocrx_word' id='word_1_409' title='bbox 3233 399 3428 438; x_wconf 89' lang='lat' dir='ltr'><strong>eumn-</strong></span> 
     </span>
    </p>
   </div>
   <div class='ocr_carea' id='block_1_63' title="bbox 1853 448 3427 517">
    <p class='ocr_par' dir='ltr' id='par_1_63' title="bbox 1853 448 3427 517">
     <span class='ocr_line' id='line_1_63' title="bbox 1853 448 3427 517; baseline 0.005 -16"><span class='ocrx_word' id='word_1_410' title='bbox 1853 449 1946 502; x_wconf 90' lang='lat' dir='ltr'><strong>lati</strong></span> <span class='ocrx_word' id='word_1_411' title='bbox 1980 448 2143 511; x_wconf 86' lang='lat' dir='ltr'><strong>sunt;</strong></span> <span class='ocrx_word' id='word_1_412' title='bbox 2176 448 2271 503; x_wconf 82' lang='lat' dir='ltr'><strong>sed</strong></span> <span class='ocrx_word' id='word_1_413' title='bbox 2303 448 2413 517; x_wconf 73' lang='grc' dir='ltr'>ω</span> <span class='ocrx_word' id='word_1_414' title='bbox 2443 461 2507 503; x_wconf 88' lang='lat' dir='ltr'><strong>ea</strong></span> <span class='ocrx_word' id='word_1_415' title='bbox 2548 455 2721 505; x_wconf 88' lang='lat' dir='ltr'><strong>tanta.</strong></span> <span class='ocrx_word' id='word_1_416' title='bbox 2754 457 2959 517; x_wconf 89' lang='lat' dir='ltr'><strong>quanta</strong></span> <span class='ocrx_word' id='word_1_417' title='bbox 2994 449 3048 503; x_wconf 92' lang='lat' dir='ltr'><strong>in</strong></span> <span class='ocrx_word' id='word_1_418' title='bbox 3087 450 3189 505; x_wconf 91' lang='lat' dir='ltr'><strong>boe</strong></span> <span class='ocrx_word' id='word_1_419' title='bbox 3221 455 3427 509; x_wconf 85' lang='lat' dir='ltr'><strong>mundo</strong></span> 
     </span>
    </p>
   </div>
   <div class='ocr_carea' id='block_1_64' title="bbox 1851 518 3425 591">
    <p class='ocr_par' dir='ltr' id='par_1_64' title="bbox 1851 518 3425 591">
     <span class='ocr_line' id='line_1_64' title="bbox 1851 518 3425 591; baseline 0.006 -20"><span class='ocrx_word' id='word_1_420' title='bbox 1851 519 2060 591; x_wconf 79' lang='lat' dir='ltr'><strong>expleri</strong></span> <span class='ocrx_word' id='word_1_421' title='bbox 2095 526 2273 591; x_wconf 87' lang='lat' dir='ltr'><strong>potest</strong></span> <span class='ocrx_word' id='word_1_422' title='bbox 2303 518 2370 570; x_wconf 62' lang='grc' dir='ltr'><strong>ε]</strong></span> <span class='ocrx_word' id='word_1_423' title='bbox 2395 518 2698 591; x_wconf 78' lang='lat' dir='ltr'><strong>Quatenus,</strong></span> <span class='ocrx_word' id='word_1_424' title='bbox 2731 518 2931 587; x_wconf 84' lang='lat' dir='ltr'><strong>inquit,</strong></span> <span class='ocrx_word' id='word_1_425' title='bbox 2974 518 3087 591; x_wconf 86' lang='lat' dir='ltr'><strong>ﬁeri</strong></span> <span class='ocrx_word' id='word_1_426' title='bbox 3137 533 3317 591; x_wconf 85' lang='lat' dir='ltr'><strong>potest</strong></span> <span class='ocrx_word' id='word_1_427' title='bbox 3368 525 3425 580; x_wconf 89' lang='lat' dir='ltr'><strong>in</strong></span> 
     </span>
    </p>
   </div>
   <div class='ocr_carea' id='block_1_65' title="bbox 1853 588 3348 658">
    <p class='ocr_par' dir='ltr' id='par_1_65' title="bbox 1853 588 3348 658">
     <span class='ocr_line' id='line_1_65' title="bbox 1853 588 3348 658; baseline 0.002 -17"><span class='ocrx_word' id='word_1_428' title='bbox 1853 589 1955 642; x_wconf 84' lang='lat' dir='ltr'><strong>hoc</strong></span> <span class='ocrx_word' id='word_1_429' title='bbox 1994 588 2338 645; x_wconf 89' lang='lat' dir='ltr'><strong>mundo......</strong></span> <span class='ocrx_word' id='word_1_430' title='bbox 2365 605 2467 643; x_wconf 91' lang='lat' dir='ltr'><strong>nos</strong></span> <span class='ocrx_word' id='word_1_431' title='bbox 2493 589 2763 658; x_wconf 83' lang='lat' dir='ltr'><strong>perfectos</strong></span> <span class='ocrx_word' id='word_1_432' title='bbox 2788 603 2910 643; x_wconf 88' lang='lat' dir='ltr'><strong>esse</strong></span> <span class='ocrx_word' id='word_1_433' title='bbox 2940 588 3216 647; x_wconf 80' lang='lat' dir='ltr'><strong>credimus</strong></span> <span class='ocrx_word' id='word_1_434' title='bbox 3232 592 3298 648; x_wconf 64' lang='grc' dir='ltr'>δι.</span> <span class='ocrx_word' id='word_1_435' title='bbox 3331 612 3348 644; x_wconf 74' lang='grc' dir='ltr'><strong>ι</strong></span> 
     </span>
    </p>
   </div>
   <div class='ocr_carea' id='block_1_66' title="bbox 1921 657 3428 730">
    <p class='ocr_par' dir='ltr' id='par_1_66' title="bbox 1921 657 3428 730">
     <span class='ocr_line' id='line_1_66' title="bbox 1921 657 3428 730; baseline 0.004 -19"><span class='ocrx_word' id='word_1_436' title='bbox 1921 659 2073 724; x_wconf 88' lang='lat' dir='ltr'><strong>Quod</strong></span> <span class='ocrx_word' id='word_1_437' title='bbox 2103 673 2264 730; x_wconf 85' lang='lat' dir='ltr'><strong>porro</strong></span> <span class='ocrx_word' id='word_1_438' title='bbox 2287 658 2353 713; x_wconf 90' lang='lat' dir='ltr'><strong>de</strong></span> <span class='ocrx_word' id='word_1_439' title='bbox 2382 657 2713 730; x_wconf 80' lang='lat' dir='ltr'><strong>catechesia</strong></span> <span class='ocrx_word' id='word_1_440' title='bbox 2736 657 3013 730; x_wconf 85' lang='lat' dir='ltr'><strong>Clemente</strong></span> <span class='ocrx_word' id='word_1_441' title='bbox 3045 664 3308 730; x_wconf 85' lang='lat' dir='ltr'><strong>scriptum</strong></span> <span class='ocrx_word' id='word_1_442' title='bbox 3344 663 3428 717; x_wconf 91' lang='lat' dir='ltr'><strong>di-</strong></span> 
     </span>
    </p>
   </div>
   <div class='ocr_carea' id='block_1_67' title="bbox 1852 728 3423 799">
    <p class='ocr_par' dir='ltr' id='par_1_67' title="bbox 1852 728 3423 799">
     <span class='ocr_line' id='line_1_67' title="bbox 1852 728 3423 799; baseline 0.003 -16"><span class='ocrx_word' id='word_1_443' title='bbox 1852 729 2051 791; x_wconf 72' lang='lat' dir='ltr'><strong>ximus,</strong></span> <span class='ocrx_word' id='word_1_444' title='bbox 2083 728 2136 781; x_wconf 92' lang='lat' dir='ltr'><strong>id</strong></span> <span class='ocrx_word' id='word_1_445' title='bbox 2169 736 2314 783; x_wconf 91' lang='lat' dir='ltr'><strong>certe</strong></span> <span class='ocrx_word' id='word_1_446' title='bbox 2349 730 2507 799; x_wconf 88' lang='lat' dir='ltr'><strong>nobis</strong></span> <span class='ocrx_word' id='word_1_447' title='bbox 2542 729 2676 781; x_wconf 91' lang='lat' dir='ltr'><strong>illud</strong></span> <span class='ocrx_word' id='word_1_448' title='bbox 2709 729 2973 799; x_wconf 84' lang='lat' dir='ltr'><strong>temporis</strong></span> <span class='ocrx_word' id='word_1_449' title='bbox 3005 728 3239 799; x_wconf 81' lang='lat' dir='ltr'><strong>spatium</strong></span> <span class='ocrx_word' id='word_1_450' title='bbox 3277 733 3423 788; x_wconf 89' lang='lat' dir='ltr'><strong>haud</strong></span> 
     </span>
    </p>
   </div>
   <div class='ocr_carea' id='block_1_68' title="bbox 1849 798 3426 873">
    <p class='ocr_par' dir='ltr' id='par_1_68' title="bbox 1849 798 3426 873">
     <span class='ocr_line' id='line_1_68' title="bbox 1849 798 3426 873; baseline 0.005 -22"><span class='ocrx_word' id='word_1_451' title='bbox 1849 814 2077 873; x_wconf 79' lang='lat' dir='ltr'><strong>prorsus</strong></span> <span class='ocrx_word' id='word_1_452' title='bbox 2110 799 2347 873; x_wconf 74' lang='lat' dir='ltr'><strong>obscure</strong></span> <span class='ocrx_word' id='word_1_453' title='bbox 2388 798 2611 873; x_wconf 77' lang='lat' dir='ltr'><strong>indicat,</strong></span> <span class='ocrx_word' id='word_1_454' title='bbox 2642 814 2750 867; x_wconf 93' lang='lat' dir='ltr'><strong>quo</strong></span> <span class='ocrx_word' id='word_1_455' title='bbox 2782 798 3103 873; x_wconf 58' lang='lat' dir='ltr'><strong>Christianae</strong></span> <span class='ocrx_word' id='word_1_456' title='bbox 3149 801 3426 873; x_wconf 84' lang='lat' dir='ltr'><strong>religionis</strong></span> 
     </span>
    </p>
   </div>
   <div class='ocr_carea' id='block_1_69' title="bbox 1849 869 3421 938">
    <p class='ocr_par' dir='ltr' id='par_1_69' title="bbox 1849 869 3421 938">
     <span class='ocr_line' id='line_1_69' title="bbox 1849 869 3421 938; baseline 0.003 -15"><span class='ocrx_word' id='word_1_457' title='bbox 1849 869 2146 931; x_wconf 88' lang='lat' dir='ltr'><strong>candidati,</strong></span> <span class='ocrx_word' id='word_1_458' title='bbox 2194 869 2248 921; x_wconf 91' lang='lat' dir='ltr'><strong>in</strong></span> <span class='ocrx_word' id='word_1_459' title='bbox 2289 870 2802 923; x_wconf 85' lang='lat' dir='ltr'><strong>catechumenorum</strong></span> <span class='ocrx_word' id='word_1_460' title='bbox 2848 870 3069 938; x_wconf 86' lang='lat' dir='ltr'><strong>ascripti</strong></span> <span class='ocrx_word' id='word_1_461' title='bbox 3111 869 3421 938; x_wconf 76' lang='lat' dir='ltr'><strong>numerum,</strong></span> 
     </span>
    </p>
   </div>
   <div class='ocr_carea' id='block_1_70' title="bbox 1849 938 3427 1009">
    <p class='ocr_par' dir='ltr' id='par_1_70' title="bbox 1849 938 3427 1009">
     <span class='ocr_line' id='line_1_70' title="bbox 1849 938 3427 1009; baseline 0.004 -17"><span class='ocrx_word' id='word_1_462' title='bbox 1849 940 2096 1009; x_wconf 86' lang='lat' dir='ltr'><strong>publicas</strong></span> <span class='ocrx_word' id='word_1_463' title='bbox 2130 954 2250 1008; x_wconf 68' lang='lat' dir='ltr'><strong>qua:</strong></span> <span class='ocrx_word' id='word_1_464' title='bbox 2277 940 2415 1008; x_wconf 89' lang='lat' dir='ltr'><strong>apud</strong></span> <span class='ocrx_word' id='word_1_465' title='bbox 2447 955 2541 994; x_wconf 90' lang='lat' dir='ltr'><strong>eos</strong></span> <span class='ocrx_word' id='word_1_466' title='bbox 2569 938 2908 993; x_wconf 68' lang='lat' dir='ltr'><strong>Alexandriae</strong></span> <span class='ocrx_word' id='word_1_467' title='bbox 2938 940 3006 993; x_wconf 90' lang='lat' dir='ltr'><strong>ab</strong></span> <span class='ocrx_word' id='word_1_468' title='bbox 3040 941 3271 1009; x_wconf 84' lang='lat' dir='ltr'><strong>ipsemet</strong></span> <span class='ocrx_word' id='word_1_469' title='bbox 3303 942 3427 1000; x_wconf 78' lang='lat' dir='ltr'><strong>Cle-</strong></span> 
     </span>
    </p>
   </div>
   <div class='ocr_carea' id='block_1_71' title="bbox 1850 1009 3425 1073">
    <p class='ocr_par' dir='ltr' id='par_1_71' title="bbox 1850 1009 3425 1073">
     <span class='ocr_line' id='line_1_71' title="bbox 1850 1009 3425 1073; baseline 0.005 -12"><span class='ocrx_word' id='word_1_470' title='bbox 1850 1018 2030 1064; x_wconf 87' lang='lat' dir='ltr'><strong>mente</strong></span> <span class='ocrx_word' id='word_1_471' title='bbox 2053 1018 2243 1064; x_wconf 90' lang='lat' dir='ltr'><strong>nostro</strong></span> <span class='ocrx_word' id='word_1_472' title='bbox 2267 1009 2453 1063; x_wconf 86' lang='lat' dir='ltr'><strong>haberi</strong></span> <span class='ocrx_word' id='word_1_473' title='bbox 2482 1009 2749 1073; x_wconf 89' lang='lat' dir='ltr'><strong>solebant,</strong></span> <span class='ocrx_word' id='word_1_474' title='bbox 2787 1009 3081 1064; x_wconf 84' lang='lat' dir='ltr'><strong>conciones</strong></span> <span class='ocrx_word' id='word_1_475' title='bbox 3124 1013 3311 1067; x_wconf 88' lang='lat' dir='ltr'><strong>audire</strong></span> <span class='ocrx_word' id='word_1_476' title='bbox 3336 1022 3425 1070; x_wconf 81' lang='lat' dir='ltr'><strong>te-</strong></span> 
     </span>
    </p>
   </div>
   <div class='ocr_carea' id='block_1_72' title="bbox 1849 1077 3425 1141">
    <p class='ocr_par' dir='ltr' id='par_1_72' title="bbox 1849 1077 3425 1141">
     <span class='ocr_line' id='line_1_72' title="bbox 1849 1077 3425 1141; baseline 0.004 -9"><span class='ocrx_word' id='word_1_477' title='bbox 1849 1080 2141 1134; x_wconf 89' lang='lat' dir='ltr'><strong>nebantur.</strong></span> <span class='ocrx_word' id='word_1_478' title='bbox 2176 1079 2252 1135; x_wconf 92' lang='lat' dir='ltr'><strong>De</strong></span> <span class='ocrx_word' id='word_1_479' title='bbox 2287 1079 2370 1133; x_wconf 91' lang='lat' dir='ltr'><strong>bis</strong></span> <span class='ocrx_word' id='word_1_480' title='bbox 2404 1088 2583 1134; x_wconf 89' lang='lat' dir='ltr'><strong>autem</strong></span> <span class='ocrx_word' id='word_1_481' title='bbox 2624 1077 2915 1141; x_wconf 82' lang='lat' dir='ltr'><strong>Eusebius,</strong></span> <span class='ocrx_word' id='word_1_482' title='bbox 2954 1089 3014 1132; x_wconf 91' lang='lat' dir='ltr'><strong>ut</strong></span> <span class='ocrx_word' id='word_1_483' title='bbox 3043 1082 3170 1136; x_wconf 88' lang='lat' dir='ltr'><strong>alibi</strong></span> <span class='ocrx_word' id='word_1_484' title='bbox 3195 1084 3425 1140; x_wconf 87' lang='lat' dir='ltr'><strong>adnota-</strong></span> 
     </span>
    </p>
   </div>
   <div class='ocr_carea' id='block_1_73' title="bbox 1847 1146 3426 1211">
    <p class='ocr_par' dir='ltr' id='par_1_73' title="bbox 1847 1146 3426 1211">
     <span class='ocr_line' id='line_1_73' title="bbox 1847 1146 3426 1211; baseline -0.004 -8"><span class='ocrx_word' id='word_1_485' title='bbox 1847 1150 2024 1205; x_wconf 83' lang='lat' dir='ltr'><strong>vimus</strong></span> <span class='ocrx_word' id='word_1_486' title='bbox 2057 1150 2122 1211; x_wconf 76' lang='lat'><strong>“.</strong></span> <span class='ocrx_word' id='word_1_487' title='bbox 2156 1150 2301 1204; x_wconf 89' lang='lat' dir='ltr'><strong>hunc</strong></span> <span class='ocrx_word' id='word_1_488' title='bbox 2332 1151 2522 1204; x_wconf 85' lang='lat' dir='ltr'><strong>scribit</strong></span> <span class='ocrx_word' id='word_1_489' title='bbox 2543 1153 2596 1203; x_wconf 90' lang='lat' dir='ltr'><strong>in</strong></span> <span class='ocrx_word' id='word_1_490' title='bbox 2623 1149 2877 1203; x_wconf 86' lang='lat' dir='ltr'><strong>modum:</strong></span> <span class='ocrx_word' id='word_1_491' title='bbox 2923 1167 2941 1199; x_wconf 77' lang='grc' dir='ltr'><strong>ι</strong></span> <span class='ocrx_word' id='word_1_492' title='bbox 2980 1146 3082 1205; x_wconf 87' lang='lat' dir='ltr'><strong>Per</strong></span> <span class='ocrx_word' id='word_1_493' title='bbox 3115 1153 3257 1206; x_wconf 88' lang='lat' dir='ltr'><strong>idem</strong></span> <span class='ocrx_word' id='word_1_494' title='bbox 3287 1163 3426 1209; x_wconf 88' lang='lat' dir='ltr'><strong>tem-</strong></span> 
     </span>
    </p>
   </div>
   <div class='ocr_carea' id='block_1_74' title="bbox 1847 1219 3424 1291">
    <p class='ocr_par' dir='ltr' id='par_1_74' title="bbox 1847 1219 3424 1291">
     <span class='ocr_line' id='line_1_74' title="bbox 1847 1219 3424 1291; baseline 0.004 -18"><span class='ocrx_word' id='word_1_495' title='bbox 1847 1235 1951 1289; x_wconf 90' lang='lat' dir='ltr'><strong>pus</strong></span> <span class='ocrx_word' id='word_1_496' title='bbox 1978 1220 2253 1291; x_wconf 88' lang='lat' dir='ltr'><strong>Clemens,</strong></span> <span class='ocrx_word' id='word_1_497' title='bbox 2289 1220 2379 1289; x_wconf 86' lang='lat' dir='ltr'><strong>qui</strong></span> <span class='ocrx_word' id='word_1_498' title='bbox 2416 1219 2673 1273; x_wconf 76' lang='lat' dir='ltr'><strong>Pantacno</strong></span> <span class='ocrx_word' id='word_1_499' title='bbox 2715 1231 3080 1291; x_wconf 82' lang='lat' dir='ltr'><strong>successerat,</strong></span> <span class='ocrx_word' id='word_1_500' title='bbox 3120 1224 3261 1291; x_wconf 88' lang='lat' dir='ltr'><strong>apud</strong></span> <span class='ocrx_word' id='word_1_501' title='bbox 3297 1226 3424 1279; x_wconf 56' lang='lat' dir='ltr'><strong>Alev</strong></span> 
     </span>
    </p>
   </div>
   <div class='ocr_carea' id='block_1_75' title="bbox 1848 1289 3423 1363">
    <p class='ocr_par' dir='ltr' id='par_1_75' title="bbox 1848 1289 3423 1363">
     <span class='ocr_line' id='line_1_75' title="bbox 1848 1289 3423 1363; baseline 0.003 -20"><span class='ocrx_word' id='word_1_502' title='bbox 1848 1290 2134 1363; x_wconf 79' lang='lat' dir='ltr'><strong>xandriam</strong></span> <span class='ocrx_word' id='word_1_503' title='bbox 2164 1292 2678 1363; x_wconf 81' lang='lat' dir='ltr'><strong>catechumenorum</strong></span> <span class='ocrx_word' id='word_1_504' title='bbox 2721 1289 3047 1363; x_wconf 83' lang='lat' dir='ltr'><strong>institutioni</strong></span> <span class='ocrx_word' id='word_1_505' title='bbox 3078 1289 3257 1347; x_wconf 88' lang='lat' dir='ltr'><strong>adhuc</strong></span> <span class='ocrx_word' id='word_1_506' title='bbox 3287 1310 3423 1363; x_wconf 61' lang='grc' dir='ltr'><strong>βιω-</strong></span> 
     </span>
    </p>
   </div>
   <div class='ocr_carea' id='block_1_76' title="bbox 1847 1359 3424 1485">
    <p class='ocr_par' dir='ltr' id='par_1_76' title="bbox 1847 1359 3424 1485">
     <span class='ocr_line' id='line_1_76' title="bbox 1847 1359 3424 1485; baseline 0.003 -72"><span class='ocrx_word' id='word_1_507' title='bbox 1847 1369 1986 1485; x_wconf 64' lang='lat' dir='ltr'><strong>rorat,</strong></span> <span class='ocrx_word' id='word_1_508' title='bbox 2022 1362 2252 1465; x_wconf 46' lang='lat' dir='ltr'><strong>adeuaut</strong></span> <span class='ocrx_word' id='word_1_509' title='bbox 2296 1359 2511 1416; x_wconf 81' lang='lat' dir='ltr'><strong>auditor</strong></span> <span class='ocrx_word' id='word_1_510' title='bbox 2555 1360 2675 1430; x_wconf 81' lang='lat' dir='ltr'><strong>ejus</strong></span> <span class='ocrx_word' id='word_1_511' title='bbox 2710 1361 2874 1414; x_wconf 88' lang='lat' dir='ltr'><strong>etiam</strong></span> <span class='ocrx_word' id='word_1_512' title='bbox 2915 1370 3028 1415; x_wconf 88' lang='lat' dir='ltr'><strong>tum</strong></span> <span class='ocrx_word' id='word_1_513' title='bbox 3069 1376 3206 1431; x_wconf 88' lang='lat' dir='ltr'><strong>puer</strong></span> <span class='ocrx_word' id='word_1_514' title='bbox 3257 1359 3424 1420; x_wconf 79' lang='lat' dir='ltr'><strong>fuerit</strong></span> 
     </span>
     <span class='ocr_line' id='line_1_77' title="bbox 1895 1447 2265 1485; baseline -0.005 0"><span class='ocrx_word' id='word_1_515' title='bbox 1895 1447 2106 1485; x_wconf 65' lang='lat' dir='ltr'><strong>nec-nes</strong></span> <span class='ocrx_word' id='word_1_516' title='bbox 2191 1474 2203 1485; x_wconf 89' lang='lat'><strong>.</strong></span> <span class='ocrx_word' id='word_1_517' title='bbox 2247 1450 2265 1483; x_wconf 80' lang='grc' dir='ltr'><strong>ι</strong></span> 
     </span>
    </p>
   </div>
   <div class='ocr_carea' id='block_1_77' title="bbox 1895 1432 2265 1498">
    <p class='ocr_par' dir='ltr' id='par_1_77' title="bbox 1895 1432 2265 1498">
     <span class='ocr_line' id='line_1_78' title="bbox 1895 1432 2265 1498; baseline -0.005 -13"><span class='ocrx_word' id='word_1_518' title='bbox 1895 1447 2106 1498; x_wconf 75' lang='lat' dir='ltr'><strong>rigentes</strong></span> <span class='ocrx_word' id='word_1_519' title='bbox 2135 1432 2203 1486; x_wconf 75' lang='lat'><strong>“.</strong></span> <span class='ocrx_word' id='word_1_520' title='bbox 2247 1450 2265 1483; x_wconf 79' lang='grc' dir='ltr'><strong>ι</strong></span> 
     </span>
    </p>
   </div>
   <div class='ocr_carea' id='block_1_78' title="bbox 1916 1499 3423 1574">
    <p class='ocr_par' dir='ltr' id='par_1_78' title="bbox 1916 1499 3423 1574">
     <span class='ocr_line' id='line_1_79' title="bbox 1916 1499 3423 1574; baseline 0.003 -19"><span class='ocrx_word' id='word_1_521' title='bbox 1916 1499 2080 1574; x_wconf 83' lang='lat' dir='ltr'><strong>Putat</strong></span> <span class='ocrx_word' id='word_1_522' title='bbox 2140 1500 2408 1557; x_wconf 82' lang='lat' dir='ltr'><strong>Hervetus</strong></span> <span class='ocrx_word' id='word_1_523' title='bbox 2454 1499 2786 1574; x_wconf 80' lang='lat' dir='ltr'><strong>Clementem</strong></span> <span class='ocrx_word' id='word_1_524' title='bbox 2844 1510 3094 1574; x_wconf 81' lang='lat' dir='ltr'><strong>nostrum</strong></span> <span class='ocrx_word' id='word_1_525' title='bbox 3144 1503 3252 1565; x_wconf 84' lang='lat' dir='ltr'><strong>bis,</strong></span> <span class='ocrx_word' id='word_1_526' title='bbox 3301 1521 3423 1574; x_wconf 77' lang='lat' dir='ltr'><strong>quae</strong></span> 
     </span>
    </p>
   </div>
   <div class='ocr_carea' id='block_1_79' title="bbox 1846 1572 3424 1695">
    <p class='ocr_par' dir='ltr' id='par_1_79' title="bbox 1846 1572 3424 1695">
     <span class='ocr_line' id='line_1_80' title="bbox 1846 1572 3424 1695; baseline 0.002 -69"><span class='ocrx_word' id='word_1_527' title='bbox 1846 1582 2032 1695; x_wconf 71' lang='lat' dir='ltr'><strong>postea</strong></span> <span class='ocrx_word' id='word_1_528' title='bbox 2069 1572 2353 1654; x_wconf 76' lang='lat' dir='ltr'><strong>leguntur,</strong></span> <span class='ocrx_word' id='word_1_529' title='bbox 2395 1572 2616 1654; x_wconf 75' lang='lat' dir='ltr'><strong>verbis:</strong></span> <span class='ocrx_word' id='word_1_530' title='bbox 2645 1590 2663 1623; x_wconf 76' lang='grc' dir='ltr'><strong>ι</strong></span> <span class='ocrx_word' id='word_1_531' title='bbox 2705 1572 2839 1642; x_wconf 87' lang='lat' dir='ltr'><strong>Apte</strong></span> <span class='ocrx_word' id='word_1_532' title='bbox 2869 1572 3031 1625; x_wconf 87' lang='lat' dir='ltr'><strong>etiam</strong></span> <span class='ocrx_word' id='word_1_533' title='bbox 3066 1582 3119 1626; x_wconf 91' lang='lat' dir='ltr'><strong>et</strong></span> <span class='ocrx_word' id='word_1_534' title='bbox 3176 1572 3424 1655; x_wconf 75' lang='lat' dir='ltr'><strong>apposite</strong></span> 
     </span>
     <span class='ocr_line' id='line_1_81' title="bbox 1868 1641 3420 1695; baseline 0 0"><span class='ocrx_word' id='word_1_535' title='bbox 1868 1657 1930 1695; x_wconf 89' lang='lat' dir='ltr'><strong>ac</strong></span> <span class='ocrx_word' id='word_1_536' title='bbox 1960 1642 2118 1695; x_wconf 91' lang='lat' dir='ltr'><strong>melle</strong></span> <span class='ocrx_word' id='word_1_537' title='bbox 2152 1650 2411 1695; x_wconf 84' lang='lat' dir='ltr'><strong>miscetur</strong></span> <span class='ocrx_word' id='word_1_538' title='bbox 2438 1649 2517 1695; x_wconf 61' lang='grc' dir='ltr'><strong>ηε</strong></span> <span class='ocrx_word' id='word_1_539' title='bbox 2552 1660 2570 1693; x_wconf 81' lang='grc' dir='ltr'><strong>ι</strong></span> <span class='ocrx_word' id='word_1_540' title='bbox 2610 1643 2674 1695; x_wconf 92' lang='lat' dir='ltr'><strong>ad</strong></span> <span class='ocrx_word' id='word_1_541' title='bbox 2706 1659 2827 1695; x_wconf 90' lang='lat' dir='ltr'><strong>eum</strong></span> <span class='ocrx_word' id='word_1_542' title='bbox 2871 1641 3113 1695; x_wconf 87' lang='lat' dir='ltr'><strong>alludere</strong></span> <span class='ocrx_word' id='word_1_543' title='bbox 3147 1654 3420 1695; x_wconf 85' lang='lat' dir='ltr'><strong>antiauis-</strong></span> 
     </span>
    </p>
   </div>
   <div class='ocr_carea' id='block_1_80' title="bbox 1868 1640 3420 1713">
    <p class='ocr_par' dir='ltr' id='par_1_80' title="bbox 1868 1640 3420 1713">
     <span class='ocr_line' id='line_1_82' title="bbox 1868 1640 3420 1713; baseline 0.003 -19"><span class='ocrx_word' id='word_1_544' title='bbox 1868 1657 1930 1696; x_wconf 92' lang='lat' dir='ltr'><strong>ac</strong></span> <span class='ocrx_word' id='word_1_545' title='bbox 1960 1640 2411 1713; x_wconf 64' lang='lat' dir='ltr'><strong>mellemiscetur</strong></span> <span class='ocrx_word' id='word_1_546' title='bbox 2438 1640 2517 1708; x_wconf 54' lang='grc' dir='ltr'>εις</span> <span class='ocrx_word' id='word_1_547' title='bbox 2552 1660 2570 1693; x_wconf 81' lang='grc' dir='ltr'><strong>ι</strong></span> <span class='ocrx_word' id='word_1_548' title='bbox 2610 1643 2674 1695; x_wconf 92' lang='lat' dir='ltr'><strong>ad</strong></span> <span class='ocrx_word' id='word_1_549' title='bbox 2706 1640 2827 1696; x_wconf 80' lang='lat' dir='ltr'><strong>eum</strong></span> <span class='ocrx_word' id='word_1_550' title='bbox 2871 1641 3113 1695; x_wconf 87' lang='lat' dir='ltr'><strong>alludere</strong></span> <span class='ocrx_word' id='word_1_551' title='bbox 3147 1640 3420 1713; x_wconf 78' lang='lat' dir='ltr'><strong>antiquis-</strong></span> 
     </span>
    </p>
   </div>
   <div class='ocr_carea' id='block_1_81' title="bbox 1847 1711 3421 1784">
    <p class='ocr_par' dir='ltr' id='par_1_81' title="bbox 1847 1711 3421 1784">
     <span class='ocr_line' id='line_1_83' title="bbox 1847 1711 3421 1784; baseline 0.001 -17"><span class='ocrx_word' id='word_1_552' title='bbox 1847 1712 2045 1767; x_wconf 87' lang='lat' dir='ltr'><strong>simum</strong></span> <span class='ocrx_word' id='word_1_553' title='bbox 2080 1711 2337 1767; x_wconf 59' lang='lat' dir='ltr'><strong>Ecclesiae</strong></span> <span class='ocrx_word' id='word_1_554' title='bbox 2371 1727 2598 1784; x_wconf 81' lang='lat' dir='ltr'><strong>morem,</strong></span> <span class='ocrx_word' id='word_1_555' title='bbox 2647 1728 2755 1781; x_wconf 88' lang='lat' dir='ltr'><strong>quo</strong></span> <span class='ocrx_word' id='word_1_556' title='bbox 2784 1713 2871 1774; x_wconf 87' lang='lat' dir='ltr'><strong>iis,</strong></span> <span class='ocrx_word' id='word_1_557' title='bbox 2906 1712 2999 1782; x_wconf 92' lang='lat' dir='ltr'><strong>qui</strong></span> <span class='ocrx_word' id='word_1_558' title='bbox 3034 1728 3117 1784; x_wconf 80' lang='lat' dir='ltr'><strong>_ex</strong></span> <span class='ocrx_word' id='word_1_559' title='bbox 3163 1711 3421 1784; x_wconf 79' lang='lat' dir='ltr'><strong>baptismi</strong></span> 
     </span>
    </p>
   </div>
   <div class='ocr_carea' id='block_1_82' title="bbox 1850 1782 3424 1853">
    <p class='ocr_par' dir='ltr' id='par_1_82' title="bbox 1850 1782 3424 1853">
     <span class='ocr_line' id='line_1_84' title="bbox 1850 1782 3424 1853; baseline 0.001 -17"><span class='ocrx_word' id='word_1_560' title='bbox 1850 1784 2069 1837; x_wconf 88' lang='lat' dir='ltr'><strong>lavacro</strong></span> <span class='ocrx_word' id='word_1_561' title='bbox 2121 1787 2389 1853; x_wconf 77' lang='lat' dir='ltr'><strong>exierant,</strong></span> <span class='ocrx_word' id='word_1_562' title='bbox 2430 1782 2537 1853; x_wconf 79' lang='lat' dir='ltr'><strong>mel</strong></span> <span class='ocrx_word' id='word_1_563' title='bbox 2584 1789 2638 1837; x_wconf 86' lang='lat' dir='ltr'><strong>et</strong></span> <span class='ocrx_word' id='word_1_564' title='bbox 2679 1785 2760 1837; x_wconf 88' lang='lat' dir='ltr'><strong>lac</strong></span> <span class='ocrx_word' id='word_1_565' title='bbox 2815 1782 3142 1852; x_wconf 82' lang='lat' dir='ltr'><strong>gustandum</strong></span> <span class='ocrx_word' id='word_1_566' title='bbox 3196 1782 3424 1853; x_wconf 67' lang='lat' dir='ltr'><strong>praeberi</strong></span> 
     </span>
    </p>
   </div>
   <div class='ocr_carea' id='block_1_83' title="bbox 1850 1851 3425 1922">
    <p class='ocr_par' dir='ltr' id='par_1_83' title="bbox 1850 1851 3425 1922">
     <span class='ocr_line' id='line_1_85' title="bbox 1850 1851 3425 1922; baseline 0.002 -15"><span class='ocrx_word' id='word_1_567' title='bbox 1850 1859 2224 1908; x_wconf 74' lang='lat' dir='ltr'><strong>consueverat.</strong></span> <span class='ocrx_word' id='word_1_568' title='bbox 2261 1851 2365 1922; x_wconf 90' lang='lat' dir='ltr'><strong>Sed</strong></span> <span class='ocrx_word' id='word_1_569' title='bbox 2410 1852 2757 1907; x_wconf 74' lang='lat' dir='ltr'><strong>dissimulare</strong></span> <span class='ocrx_word' id='word_1_570' title='bbox 2801 1851 2908 1905; x_wconf 85' lang='lat' dir='ltr'><strong>non</strong></span> <span class='ocrx_word' id='word_1_571' title='bbox 2958 1851 3253 1922; x_wconf 82' lang='lat' dir='ltr'><strong>possumus</strong></span> <span class='ocrx_word' id='word_1_572' title='bbox 3288 1855 3425 1910; x_wconf 86' lang='lat' dir='ltr'><strong>nihil</strong></span> 
     </span>
    </p>
   </div>
   <div class='ocr_carea' id='block_1_84' title="bbox 1850 1921 3421 1996">
    <p class='ocr_par' dir='ltr' id='par_1_84' title="bbox 1850 1921 3421 1996">
     <span class='ocr_line' id='line_1_86' title="bbox 1850 1921 3421 1996; baseline 0.002 -19"><span class='ocrx_word' id='word_1_573' title='bbox 1850 1924 1994 1996; x_wconf 75' lang='lat' dir='ltr'><strong>inde,</strong></span> <span class='ocrx_word' id='word_1_574' title='bbox 2032 1922 2182 1996; x_wconf 18' lang='lat' dir='ltr'><strong>quod»</strong></span> <span class='ocrx_word' id='word_1_575' title='bbox 2208 1921 2278 1996; x_wconf 80' lang='lat' dir='ltr'><strong>ad</strong></span> <span class='ocrx_word' id='word_1_576' title='bbox 2332 1923 2477 1996; x_wconf 86' lang='lat' dir='ltr'><strong>bunc</strong></span> <span class='ocrx_word' id='word_1_577' title='bbox 2518 1923 2683 1996; x_wconf 80' lang='lat' dir='ltr'><strong>ritum</strong></span> <span class='ocrx_word' id='word_1_578' title='bbox 2713 1930 2956 1996; x_wconf 80' lang='lat' dir='ltr'><strong>spectet,</strong></span> <span class='ocrx_word' id='word_1_579' title='bbox 3009 1937 3171 1992; x_wconf 87' lang='lat' dir='ltr'><strong>posse</strong></span> <span class='ocrx_word' id='word_1_580' title='bbox 3218 1926 3421 1996; x_wconf 82' lang='lat' dir='ltr'><strong>colligi.</strong></span> 
     </span>
    </p>
   </div>
   <div class='ocr_carea' id='block_1_85' title="bbox 1848 1992 3423 2063">
    <p class='ocr_par' dir='ltr' id='par_1_85' title="bbox 1848 1992 3423 2063">
     <span class='ocr_line' id='line_1_87' title="bbox 1848 1992 3423 2063; baseline 0.003 -18"><span class='ocrx_word' id='word_1_581' title='bbox 1848 1992 2007 2048; x_wconf 83' lang='lat' dir='ltr'><strong>Prius</strong></span> <span class='ocrx_word' id='word_1_582' title='bbox 2044 1992 2311 2062; x_wconf 90' lang='lat' dir='ltr'><strong>siquidem</strong></span> <span class='ocrx_word' id='word_1_583' title='bbox 2364 1993 2429 2047; x_wconf 90' lang='lat' dir='ltr'><strong>de</strong></span> <span class='ocrx_word' id='word_1_584' title='bbox 2476 2008 2629 2062; x_wconf 64' lang='lat' dir='ltr'><strong>aqua;</strong></span> <span class='ocrx_word' id='word_1_585' title='bbox 2658 1992 2886 2063; x_wconf 72' lang='lat' dir='ltr'><strong>frigidae,</strong></span> <span class='ocrx_word' id='word_1_586' title='bbox 2924 2007 2987 2045; x_wconf 91' lang='lat' dir='ltr'><strong>ac</strong></span> <span class='ocrx_word' id='word_1_587' title='bbox 3036 1995 3309 2062; x_wconf 89' lang='lat' dir='ltr'><strong>posterius</strong></span> <span class='ocrx_word' id='word_1_588' title='bbox 3351 1992 3423 2050; x_wconf 74' lang='lat' dir='ltr'><strong>de</strong></span> 
     </span>
    </p>
   </div>
   <div class='ocr_carea' id='block_1_86' title="bbox 1847 2062 3425 2124">
    <p class='ocr_par' dir='ltr' id='par_1_86' title="bbox 1847 2062 3425 2124">
     <span class='ocr_line' id='line_1_88' title="bbox 1847 2062 3425 2124; baseline 0.003 -9"><span class='ocrx_word' id='word_1_589' title='bbox 1847 2063 1959 2117; x_wconf 82' lang='lat' dir='ltr'><strong>vini</strong></span> <span class='ocrx_word' id='word_1_590' title='bbox 2011 2064 2211 2124; x_wconf 85' lang='lat' dir='ltr'><strong>dulcis,</strong></span> <span class='ocrx_word' id='word_1_591' title='bbox 2263 2079 2370 2116; x_wconf 93' lang='lat' dir='ltr'><strong>non</strong></span> <span class='ocrx_word' id='word_1_592' title='bbox 2437 2078 2597 2118; x_wconf 69' lang='lat' dir='ltr'><strong>secus</strong></span> <span class='ocrx_word' id='word_1_593' title='bbox 2648 2062 2831 2118; x_wconf 13' lang='lat' dir='ltr'><strong>aeide</strong></span> <span class='ocrx_word' id='word_1_594' title='bbox 2895 2062 3072 2117; x_wconf 87' lang='lat' dir='ltr'><strong>mellis</strong></span> <span class='ocrx_word' id='word_1_595' title='bbox 3107 2078 3230 2117; x_wconf 92' lang='lat' dir='ltr'><strong>cum</strong></span> <span class='ocrx_word' id='word_1_596' title='bbox 3271 2067 3425 2120; x_wconf 70' lang='lat' dir='ltr'><strong>tacte</strong></span> 
     </span>
    </p>
   </div>
   <div class='ocr_carea' id='block_1_87' title="bbox 1848 2132 3424 2203">
    <p class='ocr_par' dir='ltr' id='par_1_87' title="bbox 1848 2132 3424 2203">
     <span class='ocr_line' id='line_1_89' title="bbox 1848 2132 3424 2203; baseline 0.004 -19"><span class='ocrx_word' id='word_1_597' title='bbox 1848 2134 2103 2203; x_wconf 89' lang='lat' dir='ltr'><strong>mistione</strong></span> <span class='ocrx_word' id='word_1_598' title='bbox 2155 2134 2364 2187; x_wconf 82' lang='lat' dir='ltr'><strong>dixerat</strong></span> <span class='ocrx_word' id='word_1_599' title='bbox 2401 2153 2413 2187; x_wconf 89' lang='lat'>:</span> <span class='ocrx_word' id='word_1_600' title='bbox 2458 2151 2476 2183; x_wconf 79' lang='grc' dir='ltr'><strong>ι</strong></span> <span class='ocrx_word' id='word_1_601' title='bbox 2524 2132 2627 2199; x_wconf 83' lang='lat' dir='ltr'><strong>Qui</strong></span> <span class='ocrx_word' id='word_1_602' title='bbox 2672 2134 2855 2203; x_wconf 86' lang='lat' dir='ltr'><strong>itaque</strong></span> <span class='ocrx_word' id='word_1_603' title='bbox 2892 2133 2946 2186; x_wconf 91' lang='lat' dir='ltr'><strong>in</strong></span> <span class='ocrx_word' id='word_1_604' title='bbox 2992 2132 3250 2202; x_wconf 71' lang='lat' dir='ltr'><strong>pra-dicto</strong></span> <span class='ocrx_word' id='word_1_605' title='bbox 3284 2135 3424 2191; x_wconf 89' lang='lat' dir='ltr'><strong>lacte</strong></span> 
     </span>
    </p>
   </div>
   <div class='ocr_carea' id='block_1_88' title="bbox 1848 2202 3416 2275">
    <p class='ocr_par' dir='ltr' id='par_1_88' title="bbox 1848 2202 3416 2275">
     <span class='ocr_line' id='line_1_90' title="bbox 1848 2202 3416 2275; baseline 0 -18"><span class='ocrx_word' id='word_1_606' title='bbox 1848 2202 2059 2275; x_wconf 57' lang='lat' dir='ltr'><strong>(rigida:</strong></span> <span class='ocrx_word' id='word_1_607' title='bbox 2088 2218 2240 2273; x_wconf 64' lang='lat' dir='ltr'><strong>aquai</strong></span> <span class='ocrx_word' id='word_1_608' title='bbox 2273 2219 2465 2275; x_wconf 76' lang='lat' dir='ltr'><strong>panem</strong></span> <span class='ocrx_word' id='word_1_609' title='bbox 2503 2202 2816 2267; x_wconf 80' lang='lat' dir='ltr'><strong>exsorbent,</strong></span> <span class='ocrx_word' id='word_1_610' title='bbox 2863 2204 3047 2258; x_wconf 83' lang='lat' dir='ltr'><strong>statim</strong></span> <span class='ocrx_word' id='word_1_611' title='bbox 3075 2204 3357 2268; x_wconf 81' lang='lat' dir='ltr'><strong>juvantur.</strong></span> <span class='ocrx_word' id='word_1_612' title='bbox 3396 2225 3416 2257; x_wconf 75' lang='grc' dir='ltr'><strong>ι</strong></span> 
     </span>
    </p>
   </div>
   <div class='ocr_carea' id='block_1_89' title="bbox 1846 2270 3425 2344">
    <p class='ocr_par' dir='ltr' id='par_1_89' title="bbox 1846 2270 3425 2344">
     <span class='ocr_line' id='line_1_91' title="bbox 1846 2270 3425 2344; baseline 0.003 -18"><span class='ocrx_word' id='word_1_613' title='bbox 1846 2270 2037 2328; x_wconf 77' lang='lat' dir='ltr'><strong>Postea</strong></span> <span class='ocrx_word' id='word_1_614' title='bbox 2071 2270 2236 2327; x_wconf 77' lang='lat' dir='ltr'><strong>vero:</strong></span> <span class='ocrx_word' id='word_1_615' title='bbox 2274 2270 2293 2325; x_wconf 75' lang='grc' dir='ltr'><strong>ἱ</strong></span> <span class='ocrx_word' id='word_1_616' title='bbox 2343 2272 2513 2328; x_wconf 88' lang='lat' dir='ltr'><strong>Porro</strong></span> <span class='ocrx_word' id='word_1_617' title='bbox 2561 2282 2739 2328; x_wconf 87' lang='lat' dir='ltr'><strong>autent</strong></span> <span class='ocrx_word' id='word_1_618' title='bbox 2778 2274 3037 2330; x_wconf 86' lang='lat' dir='ltr'><strong>miscetur</strong></span> <span class='ocrx_word' id='word_1_619' title='bbox 3079 2291 3296 2344; x_wconf 91' lang='lat' dir='ltr'><strong>quoque</strong></span> <span class='ocrx_word' id='word_1_620' title='bbox 3340 2278 3425 2330; x_wconf 85' lang='lat' dir='ltr'><strong>lac</strong></span> 
     </span>
    </p>
   </div>
   <div class='ocr_carea' id='block_1_90' title="bbox 1848 2344 3425 2416">
    <p class='ocr_par' dir='ltr' id='par_1_90' title="bbox 1848 2344 3425 2416">
     <span class='ocr_line' id='line_1_92' title="bbox 1848 2344 3425 2416; baseline 0 -17"><span class='ocrx_word' id='word_1_621' title='bbox 1848 2346 1973 2399; x_wconf 91' lang='lat' dir='ltr'><strong>vino</strong></span> <span class='ocrx_word' id='word_1_622' title='bbox 1989 2344 2154 2407; x_wconf 86' lang='lat' dir='ltr'><strong>dulci,</strong></span> <span class='ocrx_word' id='word_1_623' title='bbox 2181 2353 2265 2416; x_wconf 75' lang='lat' dir='ltr'><strong>est</strong></span> <span class='ocrx_word' id='word_1_624' title='bbox 2281 2353 2459 2416; x_wconf 87' lang='lat' dir='ltr'><strong>autem</strong></span> <span class='ocrx_word' id='word_1_625' title='bbox 2480 2345 2687 2416; x_wconf 87' lang='lat' dir='ltr'><strong>inutilis</strong></span> <span class='ocrx_word' id='word_1_626' title='bbox 2718 2344 2900 2416; x_wconf 86' lang='lat' dir='ltr'><strong>mistio</strong></span> <span class='ocrx_word' id='word_1_627' title='bbox 2929 2344 2997 2416; x_wconf 73' lang='lat'><strong>”.</strong></span> <span class='ocrx_word' id='word_1_628' title='bbox 3033 2362 3051 2395; x_wconf 78' lang='grc' dir='ltr'><strong>ι</strong></span> <span class='ocrx_word' id='word_1_629' title='bbox 3079 2346 3237 2400; x_wconf 87' lang='lat' dir='ltr'><strong>Nulla</strong></span> <span class='ocrx_word' id='word_1_630' title='bbox 3261 2362 3425 2416; x_wconf 82' lang='lat' dir='ltr'><strong>porro</strong></span> 
     </span>
    </p>
   </div>
   <div class='ocr_carea' id='block_1_91' title="bbox 1846 2414 3421 2488">
    <p class='ocr_par' dir='ltr' id='par_1_91' title="bbox 1846 2414 3421 2488">
     <span class='ocr_line' id='line_1_93' title="bbox 1846 2414 3421 2488; baseline 0.003 -21"><span class='ocrx_word' id='word_1_631' title='bbox 1846 2416 2058 2488; x_wconf 81' lang='lat' dir='ltr'><strong>ratione</strong></span> <span class='ocrx_word' id='word_1_632' title='bbox 2078 2414 2347 2488; x_wconf 81' lang='lat' dir='ltr'><strong>couﬁcies</strong></span> <span class='ocrx_word' id='word_1_633' title='bbox 2376 2414 2633 2488; x_wconf 69' lang='lat' dir='ltr'><strong>illunihis</strong></span> <span class='ocrx_word' id='word_1_634' title='bbox 2650 2415 2854 2488; x_wconf 76' lang='lat' dir='ltr'><strong>verbis,</strong></span> <span class='ocrx_word' id='word_1_635' title='bbox 2883 2414 3066 2483; x_wconf 89' lang='lat' dir='ltr'><strong>potius</strong></span> <span class='ocrx_word' id='word_1_636' title='bbox 3090 2414 3421 2488; x_wconf 41' lang='lat' dir='ltr'><strong>quam—aliis,</strong></span> 
     </span>
    </p>
   </div>
   <div class='ocr_carea' id='block_1_92' title="bbox 1848 2484 2809 2554">
    <p class='ocr_par' dir='ltr' id='par_1_92' title="bbox 1848 2484 2809 2554">
     <span class='ocr_line' id='line_1_94' title="bbox 1848 2484 2809 2554; baseline 0 -16"><span class='ocrx_word' id='word_1_637' title='bbox 1848 2486 1912 2539; x_wconf 90' lang='lat' dir='ltr'><strong>ad</strong></span> <span class='ocrx_word' id='word_1_638' title='bbox 1945 2484 2198 2554; x_wconf 85' lang='lat' dir='ltr'><strong>baptismi</strong></span> <span class='ocrx_word' id='word_1_639' title='bbox 2231 2486 2372 2540; x_wconf 88' lang='lat' dir='ltr'><strong>ritus</strong></span> <span class='ocrx_word' id='word_1_640' title='bbox 2412 2485 2809 2539; x_wconf 83' lang='lat' dir='ltr'><strong>collineavissc.</strong></span> 
     </span>
    </p>
   </div>
   <div class='ocr_carea' id='block_1_93' title="bbox 1916 2553 3425 2612">
    <p class='ocr_par' dir='ltr' id='par_1_93' title="bbox 1916 2553 3425 2612">
     <span class='ocr_line' id='line_1_95' title="bbox 1916 2553 3425 2612; baseline 0.003 -4"><span class='ocrx_word' id='word_1_641' title='bbox 1916 2553 2032 2609; x_wconf 89' lang='lat' dir='ltr'><strong>Non</strong></span> <span class='ocrx_word' id='word_1_642' title='bbox 2072 2554 2281 2609; x_wconf 85' lang='lat' dir='ltr'><strong>inﬁcias</strong></span> <span class='ocrx_word' id='word_1_643' title='bbox 2335 2565 2513 2609; x_wconf 91' lang='lat' dir='ltr'><strong>tamen</strong></span> <span class='ocrx_word' id='word_1_644' title='bbox 2566 2555 2765 2609; x_wconf 86' lang='lat' dir='ltr'><strong>ibimus</strong></span> <span class='ocrx_word' id='word_1_645' title='bbox 2806 2553 3005 2608; x_wconf 90' lang='lat' dir='ltr'><strong>ibidem</strong></span> <span class='ocrx_word' id='word_1_646' title='bbox 3052 2569 3082 2607; x_wconf 91' lang='lat' dir='ltr'><strong>a</strong></span> <span class='ocrx_word' id='word_1_647' title='bbox 3146 2554 3425 2612; x_wconf 87' lang='lat' dir='ltr'><strong>Clemente</strong></span> 
     </span>
    </p>
   </div>
   <div class='ocr_carea' id='block_1_94' title="bbox 1847 2623 3427 2695">
    <p class='ocr_par' dir='ltr' id='par_1_94' title="bbox 1847 2623 3427 2695">
     <span class='ocr_line' id='line_1_96' title="bbox 1847 2623 3427 2695; baseline 0.003 -18"><span class='ocrx_word' id='word_1_648' title='bbox 1847 2623 2007 2679; x_wconf 83' lang='lat' dir='ltr'><strong>Verbi</strong></span> <span class='ocrx_word' id='word_1_649' title='bbox 2036 2625 2202 2679; x_wconf 86' lang='lat' dir='ltr'><strong>divini</strong></span> <span class='ocrx_word' id='word_1_650' title='bbox 2229 2633 2283 2679; x_wconf 88' lang='lat' dir='ltr'><strong>et</strong></span> <span class='ocrx_word' id='word_1_651' title='bbox 2312 2624 2654 2693; x_wconf 87' lang='lat' dir='ltr'><strong>baptismatis</strong></span> <span class='ocrx_word' id='word_1_652' title='bbox 2693 2640 2815 2695; x_wconf 70' lang='lat' dir='ltr'><strong>eum</strong></span> <span class='ocrx_word' id='word_1_653' title='bbox 2849 2625 3003 2695; x_wconf 84' lang='lat' dir='ltr'><strong>lactis</strong></span> <span class='ocrx_word' id='word_1_654' title='bbox 3032 2631 3085 2678; x_wconf 90' lang='lat' dir='ltr'><strong>et</strong></span> <span class='ocrx_word' id='word_1_655' title='bbox 3119 2640 3274 2695; x_wconf 73' lang='lat' dir='ltr'><strong>aqurc</strong></span> <span class='ocrx_word' id='word_1_656' title='bbox 3326 2627 3427 2681; x_wconf 83' lang='lat' dir='ltr'><strong>mi-</strong></span> 
     </span>
    </p>
   </div>
   <div class='ocr_carea' id='block_1_95' title="bbox 1848 2693 3424 2764">
    <p class='ocr_par' dir='ltr' id='par_1_95' title="bbox 1848 2693 3424 2764">
     <span class='ocr_line' id='line_1_97' title="bbox 1848 2693 3424 2764; baseline 0.001 -15"><span class='ocrx_word' id='word_1_657' title='bbox 1848 2696 2025 2750; x_wconf 90' lang='lat' dir='ltr'><strong>stione</strong></span> <span class='ocrx_word' id='word_1_658' title='bbox 2042 2696 2155 2750; x_wconf 90' lang='lat' dir='ltr'><strong>ﬁeri</strong></span> <span class='ocrx_word' id='word_1_659' title='bbox 2182 2696 2663 2764; x_wconf 84' lang='lat' dir='ltr'><strong>comparationem.</strong></span> <span class='ocrx_word' id='word_1_660' title='bbox 2685 2693 2788 2748; x_wconf 86' lang='lat' dir='ltr'><strong>Sed</strong></span> <span class='ocrx_word' id='word_1_661' title='bbox 2808 2694 2962 2757; x_wconf 90' lang='lat' dir='ltr'><strong>nihil,</strong></span> <span class='ocrx_word' id='word_1_662' title='bbox 2986 2695 3129 2764; x_wconf 91' lang='lat' dir='ltr'><strong>quod</strong></span> <span class='ocrx_word' id='word_1_663' title='bbox 3153 2693 3218 2749; x_wconf 81' lang='lat' dir='ltr'><strong>ad</strong></span> <span class='ocrx_word' id='word_1_664' title='bbox 3242 2712 3424 2752; x_wconf 80' lang='lat' dir='ltr'><strong>varios</strong></span> 
     </span>
    </p>
   </div>
   <div class='ocr_carea' id='block_1_96' title="bbox 1846 2765 3424 2835">
    <p class='ocr_par' dir='ltr' id='par_1_96' title="bbox 1846 2765 3424 2835">
     <span class='ocr_line' id='line_1_98' title="bbox 1846 2765 3424 2835; baseline 0.001 -15"><span class='ocrx_word' id='word_1_665' title='bbox 1846 2765 2101 2835; x_wconf 81' lang='lat' dir='ltr'><strong>baptismi</strong></span> <span class='ocrx_word' id='word_1_666' title='bbox 2132 2766 2270 2819; x_wconf 86' lang='lat' dir='ltr'><strong>ritus</strong></span> <span class='ocrx_word' id='word_1_667' title='bbox 2298 2777 2351 2820; x_wconf 89' lang='lat' dir='ltr'><strong>et</strong></span> <span class='ocrx_word' id='word_1_668' title='bbox 2396 2765 2733 2820; x_wconf 88' lang='lat' dir='ltr'><strong>ceremonias</strong></span> <span class='ocrx_word' id='word_1_669' title='bbox 2774 2765 3062 2833; x_wconf 86' lang='lat' dir='ltr'><strong>pertineat,</strong></span> <span class='ocrx_word' id='word_1_670' title='bbox 3116 2765 3243 2822; x_wconf 89' lang='lat' dir='ltr'><strong>inde</strong></span> <span class='ocrx_word' id='word_1_671' title='bbox 3290 2782 3424 2821; x_wconf 82' lang='lat' dir='ltr'><strong>con-</strong></span> 
     </span>
    </p>
   </div>
   <div class='ocr_carea' id='block_1_97' title="bbox 1846 2837 2227 2905">
    <p class='ocr_par' dir='ltr' id='par_1_97' title="bbox 1846 2837 2227 2905">
     <span class='ocr_line' id='line_1_99' title="bbox 1846 2837 2227 2905; baseline -0.003 -15"><span class='ocrx_word' id='word_1_672' title='bbox 1846 2837 1993 2890; x_wconf 91' lang='lat' dir='ltr'><strong>cludi</strong></span> <span class='ocrx_word' id='word_1_673' title='bbox 2026 2842 2227 2905; x_wconf 88' lang='lat' dir='ltr'><strong>potest.</strong></span> 
     </span>
    </p>
   </div>
   <div class='ocr_carea' id='block_1_98' title="bbox 1916 2902 3426 2975">
    <p class='ocr_par' dir='ltr' id='par_1_98' title="bbox 1916 2902 3426 2975">
     <span class='ocr_line' id='line_1_100' title="bbox 1916 2902 3426 2975; baseline 0.001 -16"><span class='ocrx_word' id='word_1_674' title='bbox 1916 2906 1996 2959; x_wconf 84' lang='lat' dir='ltr'><strong>Ad</strong></span> <span class='ocrx_word' id='word_1_675' title='bbox 2027 2902 2278 2960; x_wconf 79' lang='lat' dir='ltr'><strong>eumdem</strong></span> <span class='ocrx_word' id='word_1_676' title='bbox 2324 2920 2452 2958; x_wconf 72' lang='lat' dir='ltr'><strong>vero</strong></span> <span class='ocrx_word' id='word_1_677' title='bbox 2486 2904 2828 2975; x_wconf 87' lang='lat' dir='ltr'><strong>baptismum</strong></span> <span class='ocrx_word' id='word_1_678' title='bbox 2879 2902 2933 2975; x_wconf 88' lang='lat' dir='ltr'><strong>id</strong></span> <span class='ocrx_word' id='word_1_679' title='bbox 2968 2904 3138 2975; x_wconf 66' lang='lat' dir='ltr'><strong>magis</strong></span> <span class='ocrx_word' id='word_1_680' title='bbox 3175 2913 3426 2975; x_wconf 87' lang='lat' dir='ltr'><strong>spectare</strong></span> 
     </span>
    </p>
   </div>
   <div class='ocr_carea' id='block_1_99' title="bbox 1844 2974 3423 3045">
    <p class='ocr_par' dir='ltr' id='par_1_99' title="bbox 1844 2974 3423 3045">
     <span class='ocr_line' id='line_1_101' title="bbox 1844 2974 3423 3045; baseline -0.001 -14"><span class='ocrx_word' id='word_1_681' title='bbox 1844 2977 2081 3038; x_wconf 80' lang='lat' dir='ltr'><strong>videtur,</strong></span> <span class='ocrx_word' id='word_1_682' title='bbox 2112 2975 2254 3045; x_wconf 90' lang='lat' dir='ltr'><strong>quod</strong></span> <span class='ocrx_word' id='word_1_683' title='bbox 2283 2990 2383 3029; x_wconf 88' lang='lat' dir='ltr'><strong>nos</strong></span> <span class='ocrx_word' id='word_1_684' title='bbox 2404 2974 2497 3044; x_wconf 93' lang='lat' dir='ltr'><strong>qui</strong></span> <span class='ocrx_word' id='word_1_685' title='bbox 2528 2993 2546 3025; x_wconf 76' lang='grc' dir='ltr'><strong>ι</strong></span> <span class='ocrx_word' id='word_1_686' title='bbox 2579 2975 2749 3045; x_wconf 90' lang='lat' dir='ltr'><strong>prius,</strong></span> <span class='ocrx_word' id='word_1_687' title='bbox 2769 2974 3152 3045; x_wconf 58' lang='lat' dir='ltr'><strong>inquitJudes</strong></span> <span class='ocrx_word' id='word_1_688' title='bbox 3173 2974 3227 3029; x_wconf 79' lang='lat' dir='ltr'><strong>et</strong></span> <span class='ocrx_word' id='word_1_689' title='bbox 3246 2976 3423 3045; x_wconf 84' lang='lat' dir='ltr'><strong>ignari</strong></span> 
     </span>
    </p>
   </div>
   <div class='ocr_carea' id='block_1_100' title="bbox 1844 3044 3420 3116">
    <p class='ocr_par' dir='ltr' id='par_1_100' title="bbox 1844 3044 3420 3116">
     <span class='ocr_line' id='line_1_102' title="bbox 1844 3044 3420 3116; baseline -0.001 -15"><span class='ocrx_word' id='word_1_690' title='bbox 1844 3063 2083 3111; x_wconf 87' lang='lat' dir='ltr'><strong>eramus,</strong></span> <span class='ocrx_word' id='word_1_691' title='bbox 2120 3044 2366 3116; x_wconf 87' lang='lat' dir='ltr'><strong>protinus</strong></span> <span class='ocrx_word' id='word_1_692' title='bbox 2396 3060 2653 3116; x_wconf 83' lang='lat' dir='ltr'><strong>vocamur</strong></span> <span class='ocrx_word' id='word_1_693' title='bbox 2674 3044 3018 3116; x_wconf 76' lang='lat' dir='ltr'><strong>discipuli“.</strong></span> <span class='ocrx_word' id='word_1_694' title='bbox 3042 3065 3060 3116; x_wconf 60' lang='grc' dir='ltr'><strong>ξ</strong></span> <span class='ocrx_word' id='word_1_695' title='bbox 3083 3045 3222 3111; x_wconf 89' lang='lat' dir='ltr'><strong>Quid</strong></span> <span class='ocrx_word' id='word_1_696' title='bbox 3251 3044 3420 3112; x_wconf 87' lang='lat' dir='ltr'><strong>enim,</strong></span> 
     </span>
    </p>
   </div>
   <div class='ocr_carea' id='block_1_101' title="bbox 1770 3104 3420 3189">
    <p class='ocr_par' dir='ltr' id='par_1_101' title="bbox 1770 3104 3420 3189">
     <span class='ocr_line' id='line_1_103' title="bbox 1770 3104 3420 3189; baseline 0.001 -19"><span class='ocrx_word' id='word_1_697' title='bbox 1770 3104 1812 3161; x_wconf 66' lang='grc' dir='ltr'><strong>(ἶ</strong></span> <span class='ocrx_word' id='word_1_698' title='bbox 1844 3133 2050 3189; x_wconf 67' lang='lat' dir='ltr'><strong>quaeso,</strong></span> <span class='ocrx_word' id='word_1_699' title='bbox 2072 3104 2377 3189; x_wconf 50' lang='lat' dir='ltr'><strong>&#39;hi&#39;sverbis</strong></span> <span class='ocrx_word' id='word_1_700' title='bbox 2413 3115 2558 3189; x_wconf 87' lang='lat' dir='ltr'><strong>aliud</strong></span> <span class='ocrx_word' id='word_1_701' title='bbox 2586 3104 2839 3189; x_wconf 69' lang='lat' dir='ltr'><strong>Clemens</strong></span> <span class='ocrx_word' id='word_1_702' title='bbox 2885 3104 3193 3189; x_wconf 67' lang='lat' dir='ltr'><strong>signiﬁcare</strong></span> <span class='ocrx_word' id='word_1_703' title='bbox 3221 3104 3420 3189; x_wconf 74' lang='lat' dir='ltr'><strong>voluit,</strong></span> 
     </span>
    </p>
   </div>
   <div class='ocr_carea' id='block_1_102' title="bbox 1844 3185 3425 3255">
    <p class='ocr_par' dir='ltr' id='par_1_102' title="bbox 1844 3185 3425 3255">
     <span class='ocr_line' id='line_1_104' title="bbox 1844 3185 3425 3255; baseline -0.001 -13"><span class='ocrx_word' id='word_1_704' title='bbox 1844 3185 1951 3244; x_wconf 78' lang='lat' dir='ltr'><strong>nisi</strong></span> <span class='ocrx_word' id='word_1_705' title='bbox 1982 3186 2322 3242; x_wconf 80' lang='lat' dir='ltr'><strong>Christianos</strong></span> <span class='ocrx_word' id='word_1_706' title='bbox 2346 3187 2527 3240; x_wconf 88' lang='lat' dir='ltr'><strong>statim</strong></span> <span class='ocrx_word' id='word_1_707' title='bbox 2560 3185 2965 3254; x_wconf 87' lang='lat' dir='ltr'><strong>postbaptisiua</strong></span> <span class='ocrx_word' id='word_1_708' title='bbox 3002 3186 3300 3255; x_wconf 86' lang='lat' dir='ltr'><strong>discipulos</strong></span> <span class='ocrx_word' id='word_1_709' title='bbox 3331 3204 3425 3241; x_wconf 81' lang='lat' dir='ltr'><strong>vo—</strong></span> 
     </span>
    </p>
   </div>
   <div class='ocr_carea' id='block_1_103' title="bbox 1844 3255 3423 3324">
    <p class='ocr_par' dir='ltr' id='par_1_103' title="bbox 1844 3255 3423 3324">
     <span class='ocr_line' id='line_1_105' title="bbox 1844 3255 3423 3324; baseline 0 -12"><span class='ocrx_word' id='word_1_710' title='bbox 1844 3259 1991 3312; x_wconf 81' lang='lat' dir='ltr'><strong>cari?</strong></span> <span class='ocrx_word' id='word_1_711' title='bbox 2018 3258 2246 3324; x_wconf 67' lang='lat' dir='ltr'><strong>Quidam</strong></span> <span class='ocrx_word' id='word_1_712' title='bbox 2297 3267 2476 3310; x_wconf 79' lang='lat' dir='ltr'><strong>tamen</strong></span> <span class='ocrx_word' id='word_1_713' title='bbox 2520 3272 2636 3318; x_wconf 91' lang='lat' dir='ltr'><strong>eos,</strong></span> <span class='ocrx_word' id='word_1_714' title='bbox 2678 3270 2799 3308; x_wconf 86' lang='lat' dir='ltr'><strong>cum</strong></span> <span class='ocrx_word' id='word_1_715' title='bbox 2834 3255 3012 3309; x_wconf 90' lang='lat' dir='ltr'><strong>adhuc</strong></span> <span class='ocrx_word' id='word_1_716' title='bbox 3043 3257 3423 3312; x_wconf 80' lang='lat' dir='ltr'><strong>catechumeni</strong></span> 
     </span>
    </p>
   </div>
   <div class='ocr_carea' id='block_1_104' title="bbox 1843 3326 3425 3395">
    <p class='ocr_par' dir='ltr' id='par_1_104' title="bbox 1843 3326 3425 3395">
     <span class='ocr_line' id='line_1_106' title="bbox 1843 3326 3425 3395; baseline -0.001 -11"><span class='ocrx_word' id='word_1_717' title='bbox 1843 3337 1999 3384; x_wconf 86' lang='lat' dir='ltr'><strong>erant</strong></span> <span class='ocrx_word' id='word_1_718' title='bbox 2032 3337 2086 3383; x_wconf 88' lang='lat' dir='ltr'><strong>et</strong></span> <span class='ocrx_word' id='word_1_719' title='bbox 2125 3336 2251 3381; x_wconf 89' lang='lat' dir='ltr'><strong>ante</strong></span> <span class='ocrx_word' id='word_1_720' title='bbox 2280 3326 2624 3395; x_wconf 81' lang='lat' dir='ltr'><strong>baptismatis</strong></span> <span class='ocrx_word' id='word_1_721' title='bbox 2654 3332 3078 3395; x_wconf 86' lang='lat' dir='ltr'><strong>sacramentum,</strong></span> <span class='ocrx_word' id='word_1_722' title='bbox 3106 3342 3172 3381; x_wconf 90' lang='lat' dir='ltr'><strong>eo</strong></span> <span class='ocrx_word' id='word_1_723' title='bbox 3204 3329 3425 3383; x_wconf 85' lang='lat' dir='ltr'><strong>nomine</strong></span> 
     </span>
    </p>
   </div>
   <div class='ocr_carea' id='block_1_105' title="bbox 1845 3393 3424 3469">
    <p class='ocr_par' dir='ltr' id='par_1_105' title="bbox 1845 3393 3424 3469">
     <span class='ocr_line' id='line_1_107' title="bbox 1845 3393 3424 3469; baseline 0 -18"><span class='ocrx_word' id='word_1_724' title='bbox 1845 3400 2142 3469; x_wconf 83' lang='lat' dir='ltr'><strong>appellatos</strong></span> <span class='ocrx_word' id='word_1_725' title='bbox 2174 3393 2752 3469; x_wconf 38' lang='lat' dir='ltr'><strong>fuisse—tradiderunt.</strong></span> <span class='ocrx_word' id='word_1_726' title='bbox 2799 3393 3263 3469; x_wconf 81' lang='lat' dir='ltr'><strong>Quid_autent,_si</strong></span> <span class='ocrx_word' id='word_1_727' title='bbox 3310 3399 3424 3453; x_wconf 75' lang='lat' dir='ltr'><strong>[nec</strong></span> 
     </span>
    </p>
   </div>
   <div class='ocr_carea' id='block_1_106' title="bbox 1846 3464 3429 3538">
    <p class='ocr_par' dir='ltr' id='par_1_106' title="bbox 1846 3464 3429 3538">
     <span class='ocr_line' id='line_1_108' title="bbox 1846 3464 3429 3538; baseline -0.001 -16"><span class='ocrx_word' id='word_1_728' title='bbox 1846 3464 2151 3538; x_wconf 26' lang='lat' dir='ltr'><strong>appellatio.</strong></span> <span class='ocrx_word' id='word_1_729' title='bbox 2190 3467 2368 3521; x_wconf 90' lang='lat' dir='ltr'><strong>adhuc</strong></span> <span class='ocrx_word' id='word_1_730' title='bbox 2413 3466 2707 3535; x_wconf 89' lang='lat' dir='ltr'><strong>impr0pria</strong></span> <span class='ocrx_word' id='word_1_731' title='bbox 2749 3474 2804 3519; x_wconf 91' lang='lat' dir='ltr'><strong>et</strong></span> <span class='ocrx_word' id='word_1_732' title='bbox 2832 3464 3138 3538; x_wconf 77' lang='lat' dir='ltr'><strong>anticipata</strong></span> <span class='ocrx_word' id='word_1_733' title='bbox 3171 3466 3429 3523; x_wconf 84' lang='lat' dir='ltr'><strong>dicatur?</strong></span> 
     </span>
    </p>
   </div>
   <div class='ocr_carea' id='block_1_107' title="bbox 1848 3533 3425 3604">
    <p class='ocr_par' dir='ltr' id='par_1_107' title="bbox 1848 3533 3425 3604">
     <span class='ocr_line' id='line_1_109' title="bbox 1848 3533 3425 3604; baseline 0 -10"><span class='ocrx_word' id='word_1_734' title='bbox 1848 3533 1954 3594; x_wconf 79' lang='lat' dir='ltr'><strong>Sed</strong></span> <span class='ocrx_word' id='word_1_735' title='bbox 1998 3533 2298 3592; x_wconf 68' lang='lat' dir='ltr'><strong>illud&#39;tanti</strong></span> <span class='ocrx_word' id='word_1_736' title='bbox 2338 3551 2444 3591; x_wconf 91' lang='lat' dir='ltr'><strong>non</strong></span> <span class='ocrx_word' id='word_1_737' title='bbox 2475 3533 2559 3591; x_wconf 74' lang='lat' dir='ltr'><strong>est</strong></span> <span class='ocrx_word' id='word_1_738' title='bbox 2588 3533 2869 3599; x_wconf 81' lang='lat' dir='ltr'><strong>momenti,</strong></span> <span class='ocrx_word' id='word_1_739' title='bbox 2909 3533 3053 3604; x_wconf 80' lang='lat' dir='ltr'><strong>quod</strong></span> <span class='ocrx_word' id='word_1_740' title='bbox 3086 3552 3187 3592; x_wconf 90' lang='lat' dir='ltr'><strong>nos</strong></span> <span class='ocrx_word' id='word_1_741' title='bbox 3216 3538 3425 3594; x_wconf 88' lang='lat' dir='ltr'><strong>diutius</strong></span> 
     </span>
    </p>
   </div>
   <div class='ocr_carea' id='block_1_108' title="bbox 1824 3608 2325 3664">
    <p class='ocr_par' dir='ltr' id='par_1_108' title="bbox 1824 3608 2325 3664">
     <span class='ocr_line' id='line_1_110' title="bbox 1824 3608 2325 3664; baseline -0.002 -1"><span class='ocrx_word' id='word_1_742' title='bbox 1824 3622 1831 3631; x_wconf 80' lang='grc'><em>’</em></span> <span class='ocrx_word' id='word_1_743' title='bbox 1845 3610 2091 3664; x_wconf 83' lang='lat' dir='ltr'><strong>detinere</strong></span> <span class='ocrx_word' id='word_1_744' title='bbox 2107 3608 2325 3662; x_wconf 83' lang='lat' dir='ltr'><strong>debeat.</strong></span> 
     </span>
    </p>
   </div>
   <div class='ocr_carea' id='block_1_109' title="bbox 2377 3693 2887 3752">
    <p class='ocr_par' dir='ltr' id='par_1_109' title="bbox 2377 3693 2887 3752">
     <span class='ocr_line' id='line_1_111' title="bbox 2377 3693 2887 3752; baseline 0 -1"><span class='ocrx_word' id='word_1_745' title='bbox 2377 3694 2772 3752; x_wconf 73' lang='lat' dir='ltr'><strong>AltTlCULUS</strong></span> <span class='ocrx_word' id='word_1_746' title='bbox 2824 3693 2887 3751; x_wconf 90' lang='lat' dir='ltr'><strong>ll.</strong></span> 
     </span>
    </p>
   </div>
   <div class='ocr_carea' id='block_1_110' title="bbox 1849 3788 3424 3850">
    <p class='ocr_par' dir='ltr' id='par_1_110' title="bbox 1849 3788 3424 3850">
     <span class='ocr_line' id='line_1_112' title="bbox 1849 3788 3424 3850; baseline -0.003 -2"><span class='ocrx_word' id='word_1_747' title='bbox 1849 3793 2156 3850; x_wconf 77' lang='lat' dir='ltr'><strong>Orthodoxa</strong></span> <span class='ocrx_word' id='word_1_748' title='bbox 2196 3790 2477 3847; x_wconf 80' lang='lat' dir='ltr'><strong>Clementis</strong></span> <span class='ocrx_word' id='word_1_749' title='bbox 2507 3789 2570 3843; x_wconf 85' lang='lat' dir='ltr'><strong>de</strong></span> <span class='ocrx_word' id='word_1_750' title='bbox 2609 3788 2944 3842; x_wconf 74' lang='lat' dir='ltr'><strong>eucharistia:</strong></span> <span class='ocrx_word' id='word_1_751' title='bbox 2973 3797 3303 3841; x_wconf 76' lang='lat' dir='ltr'><strong>sacramento</strong></span> <span class='ocrx_word' id='word_1_752' title='bbox 3327 3788 3424 3844; x_wconf 81' lang='lat' dir='ltr'><strong>do-</strong></span> 
     </span>
    </p>
   </div>
   <div class='ocr_carea' id='block_1_111' title="bbox 2376 3860 2893 3927">
    <p class='ocr_par' dir='ltr' id='par_1_111' title="bbox 2376 3860 2893 3927">
     <span class='ocr_line' id='line_1_113' title="bbox 2376 3860 2893 3927; baseline -0.004 -13"><span class='ocrx_word' id='word_1_753' title='bbox 2376 3862 2553 3915; x_wconf 84' lang='lat' dir='ltr'><strong>ctrina</strong></span> <span class='ocrx_word' id='word_1_754' title='bbox 2578 3860 2893 3927; x_wconf 67' lang='lat' dir='ltr'><strong>explicatur.</strong></span> 
     </span>
    </p>
   </div>
   <div class='ocr_carea' id='block_1_112' title="bbox 1916 3950 3422 4013">
    <p class='ocr_par' dir='ltr' id='par_1_112' title="bbox 1916 3950 3422 4013">
     <span class='ocr_line' id='line_1_114' title="bbox 1916 3950 3422 4013; baseline -0.006 0"><span class='ocrx_word' id='word_1_755' title='bbox 1916 3956 2288 4013; x_wconf 81' lang='lat' dir='ltr'><strong>Orthodoxum</strong></span> <span class='ocrx_word' id='word_1_756' title='bbox 2318 3952 2601 4009; x_wconf 65' lang='lat' dir='ltr'><strong>catholicae</strong></span> <span class='ocrx_word' id='word_1_757' title='bbox 2635 3951 2891 4007; x_wconf 66' lang='lat' dir='ltr'><strong>Ecclesiae</strong></span> <span class='ocrx_word' id='word_1_758' title='bbox 2912 3951 2978 4006; x_wconf 92' lang='lat' dir='ltr'><strong>de</strong></span> <span class='ocrx_word' id='word_1_759' title='bbox 3005 3951 3190 4007; x_wconf 87' lang='lat' dir='ltr'><strong>divino</strong></span> <span class='ocrx_word' id='word_1_760' title='bbox 3219 3950 3422 4005; x_wconf 82' lang='lat' dir='ltr'><strong>eucha-</strong></span> 
     </span>
    </p>
   </div>
   <div class='ocr_carea' id='block_1_113' title="bbox 1847 4022 3421 4092">
    <p class='ocr_par' dir='ltr' id='par_1_113' title="bbox 1847 4022 3421 4092">
     <span class='ocr_line' id='line_1_115' title="bbox 1847 4022 3421 4092; baseline -0.003 -11"><span class='ocrx_word' id='word_1_761' title='bbox 1847 4028 2015 4083; x_wconf 70' lang='lat' dir='ltr'><strong>ristiae</strong></span> <span class='ocrx_word' id='word_1_762' title='bbox 2068 4032 2411 4082; x_wconf 90' lang='lat' dir='ltr'><strong>sacramento</strong></span> <span class='ocrx_word' id='word_1_763' title='bbox 2457 4024 2675 4092; x_wconf 79' lang='lat' dir='ltr'><strong>dogma,</strong></span> <span class='ocrx_word' id='word_1_764' title='bbox 2719 4038 2827 4091; x_wconf 90' lang='lat' dir='ltr'><strong>quo</strong></span> <span class='ocrx_word' id='word_1_765' title='bbox 2860 4022 2963 4077; x_wconf 92' lang='lat' dir='ltr'><strong>sub</strong></span> <span class='ocrx_word' id='word_1_766' title='bbox 3017 4023 3173 4091; x_wconf 91' lang='lat' dir='ltr'><strong>panis</strong></span> <span class='ocrx_word' id='word_1_767' title='bbox 3206 4029 3260 4075; x_wconf 83' lang='lat' dir='ltr'><strong>ct</strong></span> <span class='ocrx_word' id='word_1_768' title='bbox 3309 4022 3421 4076; x_wconf 90' lang='lat' dir='ltr'><strong>vini</strong></span> 
     </span>
    </p>
   </div>
   <div class='ocr_carea' id='block_1_114' title="bbox 1848 4091 3415 4170">
    <p class='ocr_par' dir='ltr' id='par_1_114' title="bbox 1848 4091 3415 4170">
     <span class='ocr_line' id='line_1_116' title="bbox 1848 4091 3415 4170; baseline -0.005 -17"><span class='ocrx_word' id='word_1_769' title='bbox 1848 4099 2134 4170; x_wconf 85' lang='lat' dir='ltr'><strong>speciebus</strong></span> <span class='ocrx_word' id='word_1_770' title='bbox 2162 4110 2348 4170; x_wconf 81' lang='lat' dir='ltr'><strong>verum</strong></span> <span class='ocrx_word' id='word_1_771' title='bbox 2377 4109 2501 4170; x_wconf 81' lang='lat' dir='ltr'><strong>esse</strong></span> <span class='ocrx_word' id='word_1_772' title='bbox 2531 4091 2733 4170; x_wconf 81' lang='lat' dir='ltr'><strong>Christi</strong></span> <span class='ocrx_word' id='word_1_773' title='bbox 2754 4100 3054 4170; x_wconf 41' lang='lat' dir='ltr'><strong>conliniet</strong></span> <span class='ocrx_word' id='word_1_774' title='bbox 3094 4091 3415 4162; x_wconf 79' lang='lat' dir='ltr'><strong>sanguinem</strong></span> 
     </span>
    </p>
   </div>
   <div class='ocr_carea' id='block_1_115' title="bbox 1846 4160 3421 4231">
    <p class='ocr_par' dir='ltr' id='par_1_115' title="bbox 1846 4160 3421 4231">
     <span class='ocr_line' id='line_1_117' title="bbox 1846 4160 3421 4231; baseline -0.004 -9"><span class='ocrx_word' id='word_1_775' title='bbox 1846 4160 2124 4231; x_wconf 61' lang='lat' dir='ltr'><strong>d&#39;etinitur,</strong></span> <span class='ocrx_word' id='word_1_776' title='bbox 2160 4182 2225 4221; x_wconf 91' lang='lat' dir='ltr'><strong>ea</strong></span> <span class='ocrx_word' id='word_1_777' title='bbox 2262 4166 2510 4219; x_wconf 87' lang='lat' dir='ltr'><strong>claritate</strong></span> <span class='ocrx_word' id='word_1_778' title='bbox 2551 4172 2607 4219; x_wconf 89' lang='lat' dir='ltr'><strong>et</strong></span> <span class='ocrx_word' id='word_1_779' title='bbox 2649 4160 2918 4219; x_wconf 76' lang='lat' dir='ltr'><strong>evidentia</strong></span> <span class='ocrx_word' id='word_1_780' title='bbox 2944 4160 3421 4217; x_wconf 56' lang='lat' dir='ltr'><strong>Clemens&#39;nosler</strong></span> 
     </span>
    </p>
   </div>
   <div class='ocr_carea' id='block_1_116' title="bbox 1847 4232 3415 4307">
    <p class='ocr_par' dir='ltr' id='par_1_116' title="bbox 1847 4232 3415 4307">
     <span class='ocr_line' id='line_1_118' title="bbox 1847 4232 3415 4307; baseline -0.006 -13"><span class='ocrx_word' id='word_1_781' title='bbox 1847 4239 2129 4307; x_wconf 77' lang='lat' dir='ltr'><strong>exposuit,</strong></span> <span class='ocrx_word' id='word_1_782' title='bbox 2168 4247 2224 4289; x_wconf 92' lang='lat' dir='ltr'><strong>ut</strong></span> <span class='ocrx_word' id='word_1_783' title='bbox 2255 4237 2419 4289; x_wconf 91' lang='lat' dir='ltr'><strong>nullis</strong></span> <span class='ocrx_word' id='word_1_784' title='bbox 2448 4249 2686 4307; x_wconf 84' lang='lat' dir='ltr'><strong>unquam</strong></span> <span class='ocrx_word' id='word_1_785' title='bbox 2723 4235 3098 4307; x_wconf 65' lang='lat' dir='ltr'><strong>literettcorum</strong></span> <span class='ocrx_word' id='word_1_786' title='bbox 3140 4232 3415 4307; x_wconf 76' lang='lat' dir='ltr'><strong>hominum</strong></span> 
     </span>
    </p>
   </div>
   <div class='ocr_carea' id='block_1_117' title="bbox 1849 4303 3423 4373">
    <p class='ocr_par' dir='ltr' id='par_1_117' title="bbox 1849 4303 3423 4373">
     <span class='ocr_line' id='line_1_119' title="bbox 1849 4303 3423 4373; baseline -0.004 -9"><span class='ocrx_word' id='word_1_787' title='bbox 1849 4303 2086 4365; x_wconf 81' lang='lat' dir='ltr'><strong>tenebris</strong></span> <span class='ocrx_word' id='word_1_788' title='bbox 2122 4307 2342 4367; x_wconf 84' lang='lat' dir='ltr'><strong>involvi,</strong></span> <span class='ocrx_word' id='word_1_789' title='bbox 2368 4305 2530 4359; x_wconf 90' lang='lat' dir='ltr'><strong>nullis</strong></span> <span class='ocrx_word' id='word_1_790' title='bbox 2547 4303 2738 4359; x_wconf 85' lang='lat' dir='ltr'><strong>eorum</strong></span> <span class='ocrx_word' id='word_1_791' title='bbox 2785 4303 3013 4373; x_wconf 82' lang='lat' dir='ltr'><strong>argutiis</strong></span> <span class='ocrx_word' id='word_1_792' title='bbox 3041 4310 3094 4357; x_wconf 89' lang='lat' dir='ltr'><strong>et</strong></span> <span class='ocrx_word' id='word_1_793' title='bbox 3123 4303 3423 4357; x_wconf 87' lang='lat' dir='ltr'><strong>cavillatio-</strong></span> 
     </span>
    </p>
   </div>
   <div class='ocr_carea' id='block_1_118' title="bbox 1848 4373 3417 4446">
    <p class='ocr_par' dir='ltr' id='par_1_118' title="bbox 1848 4373 3417 4446">
     <span class='ocr_line' id='line_1_120' title="bbox 1848 4373 3417 4446; baseline -0.006 -12"><span class='ocrx_word' id='word_1_794' title='bbox 1848 4382 2011 4434; x_wconf 89' lang='lat' dir='ltr'><strong>nibus</strong></span> <span class='ocrx_word' id='word_1_795' title='bbox 2041 4376 2337 4446; x_wconf 41' lang='lat' dir='ltr'><strong>.obscttrari</strong></span> <span class='ocrx_word' id='word_1_796' title='bbox 2387 4385 2441 4430; x_wconf 89' lang='lat' dir='ltr'><strong>et</strong></span> <span class='ocrx_word' id='word_1_797' title='bbox 2502 4373 2818 4446; x_wconf 80' lang='lat' dir='ltr'><strong>labefactari</strong></span> <span class='ocrx_word' id='word_1_798' title='bbox 2864 4387 3102 4446; x_wconf 86' lang='lat' dir='ltr'><strong>unquam</strong></span> <span class='ocrx_word' id='word_1_799' title='bbox 3161 4373 3417 4446; x_wconf 84' lang='lat' dir='ltr'><strong>potuerit.</strong></span> 
     </span>
    </p>
   </div>
   <div class='ocr_carea' id='block_1_119' title="bbox 196 4442 3421 4525">
    <p class='ocr_par' dir='ltr' id='par_1_119' title="bbox 196 4442 3421 4525">
     <span class='ocr_line' id='line_1_121' title="bbox 196 4442 3421 4525; baseline -0.003 -19"><span class='ocrx_word' id='word_1_800' title='bbox 196 4442 298 4525; x_wconf 72' lang='lat' dir='ltr'><strong>ipsa</strong></span> <span class='ocrx_word' id='word_1_801' title='bbox 320 4469 599 4525; x_wconf 85' lang='lat' dir='ltr'><strong>nunquam</strong></span> <span class='ocrx_word' id='word_1_802' title='bbox 622 4442 853 4523; x_wconf 86' lang='lat' dir='ltr'><strong>amplius</strong></span> <span class='ocrx_word' id='word_1_803' title='bbox 883 4460 1071 4523; x_wconf 87' lang='lat' dir='ltr'><strong>postea</strong></span> <span class='ocrx_word' id='word_1_804' title='bbox 1098 4454 1370 4508; x_wconf 85' lang='lat' dir='ltr'><strong>recidendi</strong></span> <span class='ocrx_word' id='word_1_805' title='bbox 1408 4454 1742 4523; x_wconf 89' lang='lat' dir='ltr'><strong>propositmn</strong></span> <span class='ocrx_word' id='word_1_806' title='bbox 1775 4465 1821 4519; x_wconf 75' lang='grc' dir='ltr'><strong>ί)</strong></span> <span class='ocrx_word' id='word_1_807' title='bbox 1851 4451 1992 4525; x_wconf 81' lang='lat' dir='ltr'><strong>Audi</strong></span> <span class='ocrx_word' id='word_1_808' title='bbox 2036 4442 2180 4525; x_wconf 74' lang='lat' dir='ltr'><strong>enim</strong></span> <span class='ocrx_word' id='word_1_809' title='bbox 2210 4462 2318 4518; x_wconf 92' lang='lat' dir='ltr'><strong>quo</strong></span> <span class='ocrx_word' id='word_1_810' title='bbox 2351 4447 2441 4525; x_wconf 87' lang='lat' dir='ltr'><strong>ill_e</strong></span> <span class='ocrx_word' id='word_1_811' title='bbox 2459 4443 2619 4525; x_wconf 66' lang='lat' dir='ltr'><strong>modo</strong></span> <span class='ocrx_word' id='word_1_812' title='bbox 2641 4460 2706 4525; x_wconf 78' lang='lat' dir='ltr'><strong>ex</strong></span> <span class='ocrx_word' id='word_1_813' title='bbox 2740 4445 2841 4525; x_wconf 75' lang='lat' dir='ltr'><strong>hac</strong></span> <span class='ocrx_word' id='word_1_814' title='bbox 2869 4442 3029 4525; x_wconf 75' lang='lat' dir='ltr'><strong>plane</strong></span> <span class='ocrx_word' id='word_1_815' title='bbox 3060 4442 3206 4525; x_wconf 72' lang='lat' dir='ltr'><strong>certa</strong></span> <span class='ocrx_word' id='word_1_816' title='bbox 3235 4442 3421 4525; x_wconf 43' lang='lat' dir='ltr'><strong>elumi-</strong></span> 
     </span>
    </p>
   </div>
   <div class='ocr_carea' id='block_1_120' title="bbox 198 4521 1744 4593">
    <p class='ocr_par' dir='ltr' id='par_1_120' title="bbox 198 4521 1744 4593">
     <span class='ocr_line' id='line_1_122' title="bbox 198 4521 1744 4593; baseline 0.003 -21"><span class='ocrx_word' id='word_1_817' title='bbox 198 4521 414 4580; x_wconf 84' lang='lat' dir='ltr'><strong>babeat:</strong></span> <span class='ocrx_word' id='word_1_818' title='bbox 447 4521 469 4577; x_wconf 72' lang='grc' dir='ltr'>ἑ</span> <span class='ocrx_word' id='word_1_819' title='bbox 493 4523 603 4578; x_wconf 79' lang='lat' dir='ltr'><strong>Nos</strong></span> <span class='ocrx_word' id='word_1_820' title='bbox 634 4521 1106 4593; x_wconf 46' lang='lat' dir='ltr'><strong>quoqua—inquit,</strong></span> <span class='ocrx_word' id='word_1_821' title='bbox 1142 4521 1456 4578; x_wconf 85' lang='lat' dir='ltr'><strong>nostrorum</strong></span> <span class='ocrx_word' id='word_1_822' title='bbox 1495 4521 1744 4593; x_wconf 86' lang='lat' dir='ltr'><strong>peccato-</strong></span> 
     </span>
    </p>
   </div>
   <div class='ocr_carea' id='block_1_121' title="bbox 199 4594 1746 4667">
    <p class='ocr_par' dir='ltr' id='par_1_121' title="bbox 199 4594 1746 4667">
     <span class='ocr_line' id='line_1_123' title="bbox 199 4594 1746 4667; baseline 0.002 -25"><span class='ocrx_word' id='word_1_823' title='bbox 199 4606 306 4667; x_wconf 74' lang='lat' dir='ltr'><strong>rum</strong></span> <span class='ocrx_word' id='word_1_824' title='bbox 340 4598 472 4650; x_wconf 89' lang='lat' dir='ltr'><strong>moti</strong></span> <span class='ocrx_word' id='word_1_825' title='bbox 508 4594 848 4664; x_wconf 65' lang='lat' dir='ltr'><strong>paenitentia,</strong></span> <span class='ocrx_word' id='word_1_826' title='bbox 878 4594 1120 4667; x_wconf 78' lang='lat' dir='ltr'><strong>ipsorum</strong></span> <span class='ocrx_word' id='word_1_827' title='bbox 1152 4595 1500 4667; x_wconf 78' lang='lat' dir='ltr'><strong>detrimentis</strong></span> <span class='ocrx_word' id='word_1_828' title='bbox 1543 4610 1746 4647; x_wconf 76' lang='lat' dir='ltr'><strong>renun-</strong></span> 
     </span>
    </p>
   </div>
   <div class='ocr_carea' id='block_1_122' title="bbox 198 4661 1748 4735">
    <p class='ocr_par' dir='ltr' id='par_1_122' title="bbox 198 4661 1748 4735">
     <span class='ocr_line' id='line_1_124' title="bbox 198 4661 1748 4735; baseline 0.005 -23"><span class='ocrx_word' id='word_1_829' title='bbox 198 4661 401 4735; x_wconf 78' lang='lat' dir='ltr'><strong>tiantes,</strong></span> <span class='ocrx_word' id='word_1_830' title='bbox 439 4661 713 4735; x_wconf 79' lang='lat' dir='ltr'><strong>baptismo</strong></span> <span class='ocrx_word' id='word_1_831' title='bbox 765 4661 1045 4735; x_wconf 84' lang='lat' dir='ltr'><strong>percolati,</strong></span> <span class='ocrx_word' id='word_1_832' title='bbox 1101 4664 1167 4718; x_wconf 89' lang='lat' dir='ltr'><strong>ad</strong></span> <span class='ocrx_word' id='word_1_833' title='bbox 1219 4661 1476 4719; x_wconf 72' lang='lat' dir='ltr'><strong>aeternam</strong></span> <span class='ocrx_word' id='word_1_834' title='bbox 1533 4679 1748 4734; x_wconf 90' lang='lat' dir='ltr'><strong>quoque</strong></span> 
     </span>
    </p>
   </div>
   <div class='ocr_carea' id='block_1_123' title="bbox 198 4731 1324 4804">
    <p class='ocr_par' dir='ltr' id='par_1_123' title="bbox 198 4731 1324 4804">
     <span class='ocr_line' id='line_1_125' title="bbox 198 4731 1324 4804; baseline 0 -18"><span class='ocrx_word' id='word_1_835' title='bbox 198 4731 357 4804; x_wconf 85' lang='lat' dir='ltr'><strong>luc_ein</strong></span> <span class='ocrx_word' id='word_1_836' title='bbox 389 4731 742 4799; x_wconf 65' lang='lat' dir='ltr'><strong>reeui&#39;riinus,</strong></span> <span class='ocrx_word' id='word_1_837' title='bbox 766 4731 867 4788; x_wconf 41' lang='lat' dir='ltr'><strong>‘ﬁlii</strong></span> <span class='ocrx_word' id='word_1_838' title='bbox 898 4739 964 4789; x_wconf 87' lang='lat' dir='ltr'><strong>ad</strong></span> <span class='ocrx_word' id='word_1_839' title='bbox 993 4742 1199 4804; x_wconf 87' lang='lat' dir='ltr'><strong>patrem</strong></span> <span class='ocrx_word' id='word_1_840' title='bbox 1218 4736 1283 4786; x_wconf 65' lang='grc' dir='ltr'><strong>ιο.</strong></span> <span class='ocrx_word' id='word_1_841' title='bbox 1305 4754 1324 4786; x_wconf 71' lang='grc' dir='ltr'><strong>ι</strong></span> 
     </span>
    </p>
   </div>
   <div class='ocr_carea' id='block_1_124' title="bbox 260 4801 1746 4876">
    <p class='ocr_par' dir='ltr' id='par_1_124' title="bbox 260 4801 1746 4876">
     <span class='ocr_line' id='line_1_126' title="bbox 260 4801 1746 4876; baseline 0.003 -21"><span class='ocrx_word' id='word_1_842' title='bbox 260 4801 382 4859; x_wconf 84' lang='lat' dir='ltr'><strong>Tria</strong></span> <span class='ocrx_word' id='word_1_843' title='bbox 430 4810 615 4876; x_wconf 88' lang='lat' dir='ltr'><strong>itaque</strong></span> <span class='ocrx_word' id='word_1_844' title='bbox 670 4805 936 4876; x_wconf 86' lang='lat' dir='ltr'><strong>bapt_ismo</strong></span> <span class='ocrx_word' id='word_1_845' title='bbox 970 4801 1187 4876; x_wconf 82' lang='lat' dir='ltr'><strong>debent,</strong></span> <span class='ocrx_word' id='word_1_846' title='bbox 1220 4804 1499 4861; x_wconf 90' lang='lat' dir='ltr'><strong>Clemente</strong></span> <span class='ocrx_word' id='word_1_847' title='bbox 1553 4815 1746 4861; x_wconf 85' lang='lat' dir='ltr'><strong>nostro</strong></span> 
     </span>
    </p>
   </div>
   <div class='ocr_carea' id='block_1_125' title="bbox 194 4873 1741 4946">
    <p class='ocr_par' dir='ltr' id='par_1_125' title="bbox 194 4873 1741 4946">
     <span class='ocr_line' id='line_1_127' title="bbox 194 4873 1741 4946; baseline 0.001 -18"><span class='ocrx_word' id='word_1_848' title='bbox 194 4883 427 4946; x_wconf 50' lang='lat' dir='ltr'><strong>tinctura,</strong></span> <span class='ocrx_word' id='word_1_849' title='bbox 465 4873 752 4946; x_wconf 55' lang='lat' dir='ltr'><strong>praemitti.</strong></span> <span class='ocrx_word' id='word_1_850' title='bbox 774 4873 1016 4929; x_wconf 88' lang='lat' dir='ltr'><strong>Primum</strong></span> <span class='ocrx_word' id='word_1_851' title='bbox 1044 4875 1226 4946; x_wconf 81' lang='lat' dir='ltr'><strong>homo,</strong></span> <span class='ocrx_word' id='word_1_852' title='bbox 1250 4876 1341 4945; x_wconf 92' lang='lat' dir='ltr'><strong>qui</strong></span> <span class='ocrx_word' id='word_1_853' title='bbox 1376 4876 1741 4931; x_wconf 90' lang='lat' dir='ltr'><strong>Christianam</strong></span> 
     </span>
    </p>
   </div>
   <div class='ocr_carea' id='block_1_126' title="bbox 202 4942 1739 5017">
    <p class='ocr_par' dir='ltr' id='par_1_126' title="bbox 202 4942 1739 5017">
     <span class='ocr_line' id='line_1_128' title="bbox 202 4942 1739 5017; baseline 0.004 -23"><span class='ocrx_word' id='word_1_854' title='bbox 202 4942 346 4999; x_wconf 82' lang='lat' dir='ltr'><strong>tidem</strong></span> <span class='ocrx_word' id='word_1_855' title='bbox 381 4942 495 5003; x_wconf 77' lang='lat' dir='ltr'><strong>vult</strong></span> <span class='ocrx_word' id='word_1_856' title='bbox 529 4946 792 5017; x_wconf 78' lang='lat' dir='ltr'><strong>proﬁteri,</strong></span> <span class='ocrx_word' id='word_1_857' title='bbox 814 4949 1001 5017; x_wconf 87' lang='lat' dir='ltr'><strong>_sacris</strong></span> <span class='ocrx_word' id='word_1_858' title='bbox 1042 4945 1188 5000; x_wconf 86' lang='lat' dir='ltr'><strong>illius</strong></span> <span class='ocrx_word' id='word_1_859' title='bbox 1218 4942 1585 5017; x_wconf 79' lang='lat' dir='ltr'><strong>documentis,</strong></span> <span class='ocrx_word' id='word_1_860' title='bbox 1617 4962 1739 5017; x_wconf 63' lang='lat' dir='ltr'><strong>quae</strong></span> 
     </span>
    </p>
   </div>
   <div class='ocr_carea' id='block_1_127' title="bbox 200 5013 1735 5078">
    <p class='ocr_par' dir='ltr' id='par_1_127' title="bbox 200 5013 1735 5078">
     <span class='ocr_line' id='line_1_129' title="bbox 200 5013 1735 5078; baseline 0.003 -13"><span class='ocrx_word' id='word_1_861' title='bbox 200 5020 305 5078; x_wconf 77' lang='lat' dir='ltr'><strong>tum</strong></span> <span class='ocrx_word' id='word_1_862' title='bbox 355 5013 732 5072; x_wconf 73' lang='lat' dir='ltr'><strong>catecliesibus</strong></span> <span class='ocrx_word' id='word_1_863' title='bbox 797 5013 1154 5078; x_wconf 86' lang='lat' dir='ltr'><strong>docebantur,</strong></span> <span class='ocrx_word' id='word_1_864' title='bbox 1215 5017 1501 5071; x_wconf 82' lang='lat' dir='ltr'><strong>informari</strong></span> <span class='ocrx_word' id='word_1_865' title='bbox 1557 5013 1735 5071; x_wconf 84' lang='lat' dir='ltr'><strong>debet.</strong></span> 
     </span>
    </p>
   </div>
   <div class='ocr_carea' id='block_1_128' title="bbox 200 5077 1738 5143">
    <p class='ocr_par' dir='ltr' id='par_1_128' title="bbox 200 5077 1738 5143">
     <span class='ocr_line' id='line_1_130' title="bbox 200 5077 1738 5143; baseline 0.005 -10"><span class='ocrx_word' id='word_1_866' title='bbox 200 5077 390 5143; x_wconf 80' lang='lat' dir='ltr'><strong>Deinde</strong></span> <span class='ocrx_word' id='word_1_867' title='bbox 419 5088 632 5143; x_wconf 69' lang='lat' dir='ltr'><strong>traditae</strong></span> <span class='ocrx_word' id='word_1_868' title='bbox 662 5085 923 5141; x_wconf 71' lang='lat' dir='ltr'><strong>doctrina:</strong></span> <span class='ocrx_word' id='word_1_869' title='bbox 954 5077 1169 5141; x_wconf 89' lang='lat' dir='ltr'><strong>sincera</strong></span> <span class='ocrx_word' id='word_1_870' title='bbox 1198 5095 1250 5141; x_wconf 83' lang='lat' dir='ltr'><strong>et</strong></span> <span class='ocrx_word' id='word_1_871' title='bbox 1284 5090 1435 5140; x_wconf 84' lang='lat' dir='ltr'><strong>ﬁrma</strong></span> <span class='ocrx_word' id='word_1_872' title='bbox 1488 5087 1738 5142; x_wconf 85' lang='lat' dir='ltr'><strong>habenda</strong></span> 
     </span>
    </p>
   </div>
   <div class='ocr_carea' id='block_1_129' title="bbox 201 5156 1740 5224">
    <p class='ocr_par' dir='ltr' id='par_1_129' title="bbox 201 5156 1740 5224">
     <span class='ocr_line' id='line_1_131' title="bbox 201 5156 1740 5224; baseline 0.006 -23"><span class='ocrx_word' id='word_1_873' title='bbox 201 5158 278 5203; x_wconf 80' lang='lat' dir='ltr'><strong>est</strong></span> <span class='ocrx_word' id='word_1_874' title='bbox 308 5160 374 5214; x_wconf 87' lang='lat' dir='ltr'><strong>ab</strong></span> <span class='ocrx_word' id='word_1_875' title='bbox 403 5174 469 5213; x_wconf 89' lang='lat' dir='ltr'><strong>eo</strong></span> <span class='ocrx_word' id='word_1_876' title='bbox 501 5158 654 5212; x_wconf 89' lang='lat' dir='ltr'><strong>ﬁdes.</strong></span> <span class='ocrx_word' id='word_1_877' title='bbox 690 5156 931 5224; x_wconf 89' lang='lat' dir='ltr'><strong>Denique</strong></span> <span class='ocrx_word' id='word_1_878' title='bbox 959 5156 1202 5209; x_wconf 91' lang='lat' dir='ltr'><strong>omnium</strong></span> <span class='ocrx_word' id='word_1_879' title='bbox 1236 5158 1360 5211; x_wconf 74' lang='lat' dir='ltr'><strong>vitae</strong></span> <span class='ocrx_word' id='word_1_880' title='bbox 1393 5167 1740 5223; x_wconf 88' lang='lat' dir='ltr'><strong>peccatorum</strong></span> 
     </span>
    </p>
   </div>
   <div class='ocr_carea' id='block_1_130' title="bbox 205 5226 1745 5298">
    <p class='ocr_par' dir='ltr' id='par_1_130' title="bbox 205 5226 1745 5298">
     <span class='ocr_line' id='line_1_132' title="bbox 205 5226 1745 5298; baseline -0.003 -14"><span class='ocrx_word' id='word_1_881' title='bbox 205 5227 446 5298; x_wconf 49' lang='lat' dir='ltr'><strong>“niteat</strong></span> <span class='ocrx_word' id='word_1_882' title='bbox 476 5234 725 5298; x_wconf 90' lang='lat' dir='ltr'><strong>oportet;</strong></span> <span class='ocrx_word' id='word_1_883' title='bbox 759 5234 923 5295; x_wconf 89' lang='lat' dir='ltr'><strong>atque</strong></span> <span class='ocrx_word' id='word_1_884' title='bbox 954 5226 1158 5280; x_wconf 88' lang='lat' dir='ltr'><strong>idcirco</strong></span> <span class='ocrx_word' id='word_1_885' title='bbox 1192 5227 1283 5280; x_wconf 87' lang='lat' dir='ltr'><strong>illa</strong></span> <span class='ocrx_word' id='word_1_886' title='bbox 1320 5227 1535 5293; x_wconf 80' lang='lat' dir='ltr'><strong>deﬂeat,</strong></span> <span class='ocrx_word' id='word_1_887' title='bbox 1570 5229 1745 5297; x_wconf 80' lang='lat' dir='ltr'><strong>ejnret</strong></span> 
     </span>
    </p>
   </div>
   <div class='ocr_carea' id='block_1_131' title="bbox 200 5296 587 5354">
    <p class='ocr_par' dir='ltr' id='par_1_131' title="bbox 200 5296 587 5354">
     <span class='ocr_line' id='line_1_133' title="bbox 200 5296 587 5354; baseline 0.01 -8"><span class='ocrx_word' id='word_1_888' title='bbox 200 5298 252 5340; x_wconf 72' lang='lat' dir='ltr'><strong>el</strong></span> <span class='ocrx_word' id='word_1_889' title='bbox 279 5296 587 5354; x_wconf 82' lang='lat' dir='ltr'><strong>detestetur.</strong></span> 
     </span>
    </p>
   </div>
   <div class='ocr_carea' id='block_1_132' title="bbox 211 5363 1741 5436">
    <p class='ocr_par' dir='ltr' id='par_1_132' title="bbox 211 5363 1741 5436">
     <span class='ocr_line' id='line_1_134' title="bbox 211 5363 1741 5436; baseline 0.001 -18"><span class='ocrx_word' id='word_1_890' title='bbox 211 5427 219 5435; x_wconf 89' lang='lat'>_</span> <span class='ocrx_word' id='word_1_891' title='bbox 267 5363 361 5431; x_wconf 81' lang='lat' dir='ltr'><strong>Qui</strong></span> <span class='ocrx_word' id='word_1_892' title='bbox 394 5377 570 5422; x_wconf 86' lang='lat' dir='ltr'><strong>autem</strong></span> <span class='ocrx_word' id='word_1_893' title='bbox 602 5365 670 5422; x_wconf 87' lang='lat' dir='ltr'><strong>iis</strong></span> <span class='ocrx_word' id='word_1_894' title='bbox 699 5364 1110 5421; x_wconf 82' lang='lat' dir='ltr'><strong>conditionibus</strong></span> <span class='ocrx_word' id='word_1_895' title='bbox 1150 5365 1422 5436; x_wconf 87' lang='lat' dir='ltr'><strong>baptismo</strong></span> <span class='ocrx_word' id='word_1_896' title='bbox 1471 5368 1741 5428; x_wconf 89' lang='lat' dir='ltr'><strong>initiatur,</strong></span> 
     </span>
    </p>
   </div>
   <div class='ocr_carea' id='block_1_133' title="bbox 205 5437 1746 5506">
    <p class='ocr_par' dir='ltr' id='par_1_133' title="bbox 205 5437 1746 5506">
     <span class='ocr_line' id='line_1_135' title="bbox 205 5437 1746 5506; baseline -0.001 -17"><span class='ocrx_word' id='word_1_897' title='bbox 205 5439 249 5482; x_wconf 68' lang='grc' dir='ltr'>ιε</span> <span class='ocrx_word' id='word_1_898' title='bbox 277 5437 537 5504; x_wconf 76' lang='lat' dir='ltr'><strong>perfectus</strong></span> <span class='ocrx_word' id='word_1_899' title='bbox 564 5444 681 5500; x_wconf 82' lang='lat' dir='ltr'><strong>est;</strong></span> <span class='ocrx_word' id='word_1_900' title='bbox 715 5451 822 5491; x_wconf 90' lang='lat' dir='ltr'><strong>non</strong></span> <span class='ocrx_word' id='word_1_901' title='bbox 851 5451 914 5489; x_wconf 85' lang='lat' dir='ltr'><strong>ea</strong></span> <span class='ocrx_word' id='word_1_902' title='bbox 948 5443 1131 5491; x_wconf 86' lang='lat' dir='ltr'><strong>tamen</strong></span> <span class='ocrx_word' id='word_1_903' title='bbox 1169 5451 1232 5490; x_wconf 87' lang='lat' dir='ltr'><strong>ac</strong></span> <span class='ocrx_word' id='word_1_904' title='bbox 1271 5445 1421 5491; x_wconf 85' lang='lat' dir='ltr'><strong>tanta</strong></span> <span class='ocrx_word' id='word_1_905' title='bbox 1453 5438 1746 5506; x_wconf 81' lang='lat' dir='ltr'><strong>perfectio-</strong></span> 
     </span>
    </p>
   </div>
   <div class='ocr_carea' id='block_1_134' title="bbox 273 5585 957 5663">
    <p class='ocr_par' dir='ltr' id='par_1_134' title="bbox 273 5585 957 5663">
     <span class='ocr_line' id='line_1_136' title="bbox 273 5585 957 5663; baseline 0.003 -21"><span class='ocrx_word' id='word_1_906' title='bbox 273 5585 315 5620; x_wconf 82' lang='grc'><strong>⁸⁸</strong></span> <span class='ocrx_word' id='word_1_907' title='bbox 339 5588 548 5663; x_wconf 68' lang='lat' dir='ltr'><strong>Ptedag.</strong></span> <span class='ocrx_word' id='word_1_908' title='bbox 571 5591 664 5644; x_wconf 93' lang='lat' dir='ltr'><strong>lib.</strong></span> <span class='ocrx_word' id='word_1_909' title='bbox 696 5605 871 5663; x_wconf 61' lang='lat' dir='ltr'><strong>ucap.</strong></span> <span class='ocrx_word' id='word_1_910' title='bbox 903 5588 957 5663; x_wconf 67' lang='grc' dir='ltr'><strong>ϐ,</strong></span> 
     </span>
    </p>
   </div>
   <div class='ocr_carea' id='block_1_135' title="bbox 211 5660 826 5731">
    <p class='ocr_par' dir='ltr' id='par_1_135' title="bbox 211 5660 826 5731">
     <span class='ocr_line' id='line_1_137' title="bbox 211 5660 826 5731; baseline 0.003 -18"><span class='ocrx_word' id='word_1_911' title='bbox 211 5666 331 5731; x_wconf 59' lang='lat' dir='ltr'><strong>fert.</strong></span> <span class='ocrx_word' id='word_1_912' title='bbox 359 5662 408 5725; x_wconf 79' lang='lat' dir='ltr'><strong>l,</strong></span> <span class='ocrx_word' id='word_1_913' title='bbox 437 5660 557 5731; x_wconf 79' lang='lat' dir='ltr'><strong>cap.</strong></span> <span class='ocrx_word' id='word_1_914' title='bbox 591 5662 677 5723; x_wconf 84' lang='lat' dir='ltr'><strong>l0,</strong></span> <span class='ocrx_word' id='word_1_915' title='bbox 712 5660 741 5730; x_wconf 84' lang='lat'><strong>§</strong></span> <span class='ocrx_word' id='word_1_916' title='bbox 772 5660 826 5715; x_wconf 74' lang='lat'><strong>2.</strong></span> 
     </span>
    </p>
   </div>
   <div class='ocr_carea' id='block_1_136' title="bbox 217 5722 1088 5797">
    <p class='ocr_par' dir='ltr' id='par_1_136' title="bbox 217 5722 1088 5797">
     <span class='ocr_line' id='line_1_138' title="bbox 217 5722 1088 5797; baseline 0.006 -16"><span class='ocrx_word' id='word_1_917' title='bbox 217 5722 308 5781; x_wconf 74' lang='lat' dir='ltr'><strong>tus</strong></span> <span class='ocrx_word' id='word_1_918' title='bbox 327 5740 378 5785; x_wconf 81' lang='lat' dir='ltr'><strong>et</strong></span> <span class='ocrx_word' id='word_1_919' title='bbox 398 5722 522 5789; x_wconf 18' lang='lat'><strong>7107:</strong></span> <span class='ocrx_word' id='word_1_920' title='bbox 602 5733 646 5766; x_wconf 78' lang='lat'>&quot;</span> <span class='ocrx_word' id='word_1_921' title='bbox 668 5722 829 5797; x_wconf 62' lang='lat' dir='ltr'><strong>ib&quot;id.,</strong></span> <span class='ocrx_word' id='word_1_922' title='bbox 862 5745 980 5795; x_wconf 64' lang='lat' dir='ltr'><strong>pax.</strong></span> <span class='ocrx_word' id='word_1_923' title='bbox 1006 5730 1088 5786; x_wconf 81' lang='lat'><strong>95.</strong></span> 
     </span>
    </p>
   </div>
   <div class='ocr_carea' id='block_1_137' title="bbox 986 5590 1511 5660">
    <p class='ocr_par' dir='ltr' id='par_1_137' title="bbox 986 5590 1511 5660">
     <span class='ocr_line' id='line_1_139' title="bbox 986 5590 1511 5660; baseline 0.002 -18"><span class='ocrx_word' id='word_1_924' title='bbox 986 5590 1221 5660; x_wconf 77' lang='lat' dir='ltr'><strong>pag.&#39;95.</strong></span> <span class='ocrx_word' id='word_1_925' title='bbox 1321 5590 1364 5622; x_wconf 82' lang='grc'><strong>³⁹</strong></span> <span class='ocrx_word' id='word_1_926' title='bbox 1381 5590 1511 5645; x_wconf 89' lang='lat' dir='ltr'><strong>ibid.</strong></span> 
     </span>
    </p>
   </div>
   <div class='ocr_carea' id='block_1_138' title="bbox 1853 5586 3429 5740">
    <p class='ocr_par' dir='ltr' id='par_1_138' title="bbox 1853 5586 3429 5729">
     <span class='ocr_line' id='line_1_140' title="bbox 1853 5586 3429 5729; baseline -0.01 -15"><span class='ocrx_word' id='word_1_927' title='bbox 1853 5586 2218 5729; x_wconf 55' lang='grc' dir='ltr'><strong>Ρὶξῖὲἓάηεῗ</strong></span> <span class='ocrx_word' id='word_1_928' title='bbox 2236 5586 2402 5718; x_wconf 44' lang='lat' dir='ltr'><strong>illi;</strong></span> <span class='ocrx_word' id='word_1_929' title='bbox 2428 5593 2553 5721; x_wconf 62' lang='grc' dir='ltr'>ἓξὲξ</span> <span class='ocrx_word' id='word_1_930' title='bbox 2581 5586 2802 5718; x_wconf 45' lang='grc' dir='ltr'><strong>ἔξυρέῖ</strong></span> <span class='ocrx_word' id='word_1_931' title='bbox 2834 5586 2957 5703; x_wconf 62' lang='lat' dir='ltr'><strong>liii.</strong></span> <span class='ocrx_word' id='word_1_932' title='bbox 2977 5591 3019 5630; x_wconf 91' lang='lat'>&quot;</span> <span class='ocrx_word' id='word_1_933' title='bbox 3038 5586 3279 5712; x_wconf 48' lang='lat'><strong>3‘25???</strong></span> <span class='ocrx_word' id='word_1_934' title='bbox 3303 5586 3429 5718; x_wconf 68' lang='grc' dir='ltr'><strong>,ῗὲξῖ</strong></span> 
     </span>
    </p>
   </div>
   <div class='ocr_carea' id='block_1_139' title="bbox 1848 4506 3424 4577">
    <p class='ocr_par' dir='ltr' id='par_1_139' title="bbox 1848 4506 3424 4577">
     <span class='ocr_line' id='line_1_141' title="bbox 1848 4506 3424 4577; baseline -0.007 0"><span class='ocrx_word' id='word_1_935' title='bbox 1848 4524 1994 4577; x_wconf 90' lang='lat' dir='ltr'><strong>nime</strong></span> <span class='ocrx_word' id='word_1_936' title='bbox 2033 4519 2196 4574; x_wconf 91' lang='lat' dir='ltr'><strong>dubia</strong></span> <span class='ocrx_word' id='word_1_937' title='bbox 2219 4506 2523 4572; x_wconf 72' lang='lat' dir='ltr'><strong>assertione</strong></span> <span class='ocrx_word' id='word_1_938' title='bbox 2548 4515 2778 4573; x_wconf 79' lang='lat' dir='ltr'><strong>Verbum</strong></span> <span class='ocrx_word' id='word_1_939' title='bbox 2812 4506 3034 4573; x_wconf 60' lang='lat' dir='ltr'><strong>infanti.</strong></span> <span class='ocrx_word' id='word_1_940' title='bbox 3067 4506 3121 4566; x_wconf 90' lang='lat' dir='ltr'><strong>id</strong></span> <span class='ocrx_word' id='word_1_941' title='bbox 3145 4526 3228 4568; x_wconf 84' lang='lat' dir='ltr'><strong>est</strong></span> <span class='ocrx_word' id='word_1_942' title='bbox 3262 4511 3424 4568; x_wconf 73' lang='lat' dir='ltr'><strong>Chri-</strong></span> 
     </span>
    </p>
   </div>
   <div class='ocr_carea' id='block_1_140' title="bbox 1848 4589 3417 4653">
    <p class='ocr_par' dir='ltr' id='par_1_140' title="bbox 1848 4589 3417 4653">
     <span class='ocr_line' id='line_1_142' title="bbox 1848 4589 3417 4653; baseline -0.008 -6"><span class='ocrx_word' id='word_1_943' title='bbox 1848 4592 2027 4649; x_wconf 86' lang='lat' dir='ltr'><strong>stiano</strong></span> <span class='ocrx_word' id='word_1_944' title='bbox 2061 4589 2286 4653; x_wconf 82' lang='lat' dir='ltr'><strong>homini,</strong></span> <span class='ocrx_word' id='word_1_945' title='bbox 2301 4602 2424 4643; x_wconf 89' lang='lat' dir='ltr'><strong>esse</strong></span> <span class='ocrx_word' id='word_1_946' title='bbox 2468 4589 2673 4646; x_wconf 88' lang='lat' dir='ltr'><strong>omnia,</strong></span> <span class='ocrx_word' id='word_1_947' title='bbox 2719 4593 2775 4639; x_wconf 90' lang='lat' dir='ltr'><strong>et</strong></span> <span class='ocrx_word' id='word_1_948' title='bbox 2815 4592 3045 4653; x_wconf 86' lang='lat' dir='ltr'><strong>patrem,</strong></span> <span class='ocrx_word' id='word_1_949' title='bbox 3077 4591 3131 4637; x_wconf 89' lang='lat' dir='ltr'><strong>et</strong></span> <span class='ocrx_word' id='word_1_950' title='bbox 3166 4593 3417 4642; x_wconf 90' lang='lat' dir='ltr'><strong>matrem,</strong></span> 
     </span>
    </p>
   </div>
   <div class='ocr_carea' id='block_1_141' title="bbox 1845 4653 3413 4742">
    <p class='ocr_par' dir='ltr' id='par_1_141' title="bbox 1845 4653 3413 4742">
     <span class='ocr_line' id='line_1_143' title="bbox 1845 4653 3413 4742; baseline -0.008 -25"><span class='ocrx_word' id='word_1_951' title='bbox 1845 4672 1899 4718; x_wconf 91' lang='lat' dir='ltr'><strong>et</strong></span> <span class='ocrx_word' id='word_1_952' title='bbox 1940 4660 2310 4742; x_wconf 62' lang='lat' dir='ltr'><strong>paedagogum,</strong></span> <span class='ocrx_word' id='word_1_953' title='bbox 2329 4665 2388 4742; x_wconf 63' lang='lat' dir='ltr'><strong>et</strong></span> <span class='ocrx_word' id='word_1_954' title='bbox 2436 4656 2664 4742; x_wconf 74' lang='lat' dir='ltr'><strong>altorem</strong></span> <span class='ocrx_word' id='word_1_955' title='bbox 2680 4653 3067 4742; x_wconf 63' lang='lat' dir='ltr'><strong>demonstret:</strong></span> <span class='ocrx_word' id='word_1_956' title='bbox 3099 4672 3133 4742; x_wconf 77' lang='grc' dir='ltr'><strong>Ιι</strong></span> <span class='ocrx_word' id='word_1_957' title='bbox 3181 4653 3413 4742; x_wconf 77' lang='lat' dir='ltr'><strong>Verbum</strong></span> 
     </span>
    </p>
   </div>
   <div class='ocr_carea' id='block_1_142' title="bbox 1844 4722 3415 4802">
    <p class='ocr_par' dir='ltr' id='par_1_142' title="bbox 1844 4722 3415 4802">
     <span class='ocr_line' id='line_1_144' title="bbox 1844 4722 3415 4802; baseline -0.01 -14"><span class='ocrx_word' id='word_1_958' title='bbox 1844 4742 1923 4788; x_wconf 87' lang='lat' dir='ltr'><strong>est</strong></span> <span class='ocrx_word' id='word_1_959' title='bbox 1942 4722 2137 4786; x_wconf 48' lang='lat' dir='ltr'><strong>&#39;ouini&#39;a</strong></span> <span class='ocrx_word' id='word_1_960' title='bbox 2164 4722 2366 4802; x_wconf 66' lang='lat' dir='ltr'><strong>infanti</strong></span> <span class='ocrx_word' id='word_1_961' title='bbox 2387 4736 2439 4802; x_wconf 80' lang='lat' dir='ltr'><strong>et</strong></span> <span class='ocrx_word' id='word_1_962' title='bbox 2467 4734 2620 4802; x_wconf 82' lang='lat' dir='ltr'><strong>pater</strong></span> <span class='ocrx_word' id='word_1_963' title='bbox 2644 4733 2699 4779; x_wconf 87' lang='lat' dir='ltr'><strong>et</strong></span> <span class='ocrx_word' id='word_1_964' title='bbox 2732 4734 2903 4778; x_wconf 89' lang='lat' dir='ltr'><strong>mater</strong></span> <span class='ocrx_word' id='word_1_965' title='bbox 2927 4732 2981 4778; x_wconf 92' lang='lat' dir='ltr'><strong>et</strong></span> <span class='ocrx_word' id='word_1_966' title='bbox 2996 4722 3415 4802; x_wconf 30' lang='lat' dir='ltr'><strong>paedagogusnet</strong></span> 
     </span>
    </p>
   </div>
   <div class='ocr_carea' id='block_1_143' title="bbox 1846 4793 3421 4865">
    <p class='ocr_par' dir='ltr' id='par_1_143' title="bbox 1846 4793 3421 4865">
     <span class='ocr_line' id='line_1_145' title="bbox 1846 4793 3421 4865; baseline -0.008 -9"><span class='ocrx_word' id='word_1_967' title='bbox 1846 4806 2004 4857; x_wconf 89' lang='lat' dir='ltr'><strong>altor.</strong></span> <span class='ocrx_word' id='word_1_968' title='bbox 2035 4799 2339 4859; x_wconf 86' lang='lat' dir='ltr'><strong>Comedite.</strong></span> <span class='ocrx_word' id='word_1_969' title='bbox 2386 4793 2581 4865; x_wconf 82' lang='lat' dir='ltr'><strong>inquit,</strong></span> <span class='ocrx_word' id='word_1_970' title='bbox 2637 4809 2807 4849; x_wconf 90' lang='lat' dir='ltr'><strong>meam</strong></span> <span class='ocrx_word' id='word_1_971' title='bbox 2851 4809 3093 4855; x_wconf 89' lang='lat' dir='ltr'><strong>carnem,</strong></span> <span class='ocrx_word' id='word_1_972' title='bbox 3145 4802 3200 4847; x_wconf 92' lang='lat' dir='ltr'><strong>et</strong></span> <span class='ocrx_word' id='word_1_973' title='bbox 3255 4793 3421 4865; x_wconf 87' lang='lat' dir='ltr'><strong>bibite</strong></span> 
     </span>
    </p>
   </div>
   <div class='ocr_carea' id='block_1_144' title="bbox 1845 4864 3419 4938">
    <p class='ocr_par' dir='ltr' id='par_1_144' title="bbox 1845 4864 3419 4938">
     <span class='ocr_line' id='line_1_146' title="bbox 1845 4864 3419 4938; baseline -0.01 -11"><span class='ocrx_word' id='word_1_974' title='bbox 1845 4889 2024 4927; x_wconf 90' lang='lat' dir='ltr'><strong>meum</strong></span> <span class='ocrx_word' id='word_1_975' title='bbox 2083 4869 2425 4938; x_wconf 85' lang='lat' dir='ltr'><strong>sanguinem.</strong></span> <span class='ocrx_word' id='word_1_976' title='bbox 2470 4864 2592 4920; x_wconf 62' lang='lat' dir='ltr'><strong>Haec</strong></span> <span class='ocrx_word' id='word_1_977' title='bbox 2634 4864 2880 4938; x_wconf 77' lang='lat' dir='ltr'><strong>apposita</strong></span> <span class='ocrx_word' id='word_1_978' title='bbox 2934 4872 2987 4919; x_wconf 82' lang='lat' dir='ltr'><strong>et</strong></span> <span class='ocrx_word' id='word_1_979' title='bbox 3037 4864 3419 4917; x_wconf 80' lang='lat' dir='ltr'><strong>convenientia</strong></span> 
     </span>
    </p>
   </div>
   <div class='ocr_carea' id='block_1_145' title="bbox 1844 4934 3422 5007">
    <p class='ocr_par' dir='ltr' id='par_1_145' title="bbox 1844 4934 3422 5007">
     <span class='ocr_line' id='line_1_147' title="bbox 1844 4934 3422 5007; baseline -0.008 -12"><span class='ocrx_word' id='word_1_980' title='bbox 1844 4944 2100 4997; x_wconf 89' lang='lat' dir='ltr'><strong>alimenta</strong></span> <span class='ocrx_word' id='word_1_981' title='bbox 2121 4934 2281 4993; x_wconf 77' lang='lat' dir='ltr'><strong>nobis</strong></span> <span class='ocrx_word' id='word_1_982' title='bbox 2313 4938 2619 5007; x_wconf 88' lang='lat' dir='ltr'><strong>suppeditat</strong></span> <span class='ocrx_word' id='word_1_983' title='bbox 2654 4934 2934 5007; x_wconf 82' lang='lat' dir='ltr'><strong>Dominus,</strong></span> <span class='ocrx_word' id='word_1_984' title='bbox 2959 4940 3013 4987; x_wconf 91' lang='lat' dir='ltr'><strong>et</strong></span> <span class='ocrx_word' id='word_1_985' title='bbox 3042 4947 3262 4987; x_wconf 89' lang='lat' dir='ltr'><strong>carnem</strong></span> <span class='ocrx_word' id='word_1_986' title='bbox 3284 4946 3422 5007; x_wconf 42' lang='lat' dir='ltr'><strong>prae:</strong></span> 
     </span>
    </p>
   </div>
   <div class='ocr_carea' id='block_1_146' title="bbox 1845 5002 3417 5076">
    <p class='ocr_par' dir='ltr' id='par_1_146' title="bbox 1845 5002 3417 5076">
     <span class='ocr_line' id='line_1_148' title="bbox 1845 5002 3417 5076; baseline -0.01 -8"><span class='ocrx_word' id='word_1_987' title='bbox 1845 5014 1956 5075; x_wconf 91' lang='lat' dir='ltr'><strong>bet,</strong></span> <span class='ocrx_word' id='word_1_988' title='bbox 1991 5020 2045 5067; x_wconf 90' lang='lat' dir='ltr'><strong>et</strong></span> <span class='ocrx_word' id='word_1_989' title='bbox 2073 5011 2302 5066; x_wconf 74' lang='lat' dir='ltr'><strong>eil‘undit</strong></span> <span class='ocrx_word' id='word_1_990' title='bbox 2336 5002 2654 5076; x_wconf 70' lang='lat' dir='ltr'><strong>sanguinem</strong></span> <span class='ocrx_word' id='word_1_991' title='bbox 2676 5011 2731 5076; x_wconf 86' lang='lat' dir='ltr'><strong>et</strong></span> <span class='ocrx_word' id='word_1_992' title='bbox 2744 5003 2828 5076; x_wconf 76' lang='lat' dir='ltr'><strong>ad</strong></span> <span class='ocrx_word' id='word_1_993' title='bbox 2857 5002 3417 5076; x_wconf 30' lang='lat' dir='ltr'><strong>increnientumAnihil</strong></span> 
     </span>
    </p>
   </div>
   <div class='ocr_carea' id='block_1_147' title="bbox 1848 5070 3419 5143">
    <p class='ocr_par' dir='ltr' id='par_1_147' title="bbox 1848 5070 3419 5143">
     <span class='ocr_line' id='line_1_149' title="bbox 1848 5070 3419 5143; baseline -0.011 -4"><span class='ocrx_word' id='word_1_994' title='bbox 1848 5070 2001 5139; x_wconf 84' lang='lat' dir='ltr'><strong>deest</strong></span> <span class='ocrx_word' id='word_1_995' title='bbox 2047 5081 2350 5136; x_wconf 85' lang='lat' dir='ltr'><strong>infantulis.</strong></span> <span class='ocrx_word' id='word_1_996' title='bbox 2386 5070 2791 5132; x_wconf 58' lang='lat' dir='ltr'><strong>O&#39;admirabile</strong></span> <span class='ocrx_word' id='word_1_997' title='bbox 2833 5071 3183 5143; x_wconf 76' lang='lat' dir='ltr'><strong>mysterium!</strong></span> <span class='ocrx_word' id='word_1_998' title='bbox 3221 5072 3284 5124; x_wconf 82' lang='grc' dir='ltr'>Ὢ</span> <span class='ocrx_word' id='word_1_999' title='bbox 3326 5070 3419 5124; x_wconf 81' lang='grc' dir='ltr'>τοῦ</span> 
     </span>
    </p>
   </div>
   <div class='ocr_carea' id='block_1_148' title="bbox 1846 5142 3421 5225">
    <p class='ocr_par' dir='ltr' id='par_1_148' title="bbox 1846 5142 3421 5225">
     <span class='ocr_line' id='line_1_150' title="bbox 1846 5142 3421 5225; baseline -0.008 -18"><span class='ocrx_word' id='word_1_1000' title='bbox 1846 5153 2148 5225; x_wconf 68' lang='grc' dir='ltr'><strong>παραδόξου</strong></span> <span class='ocrx_word' id='word_1_1001' title='bbox 2174 5147 2503 5225; x_wconf 58' lang='grc' dir='ltr'><strong>μυστηρίογε</strong></span> <span class='ocrx_word' id='word_1_1002' title='bbox 2540 5145 2787 5198; x_wconf 76' lang='lat' dir='ltr'><strong>Veterem</strong></span> <span class='ocrx_word' id='word_1_1003' title='bbox 2827 5142 3183 5225; x_wconf 32' lang='lat' dir='ltr'><strong>et;carualem</strong></span> <span class='ocrx_word' id='word_1_1004' title='bbox 3211 5156 3317 5225; x_wconf 79' lang='lat' dir='ltr'><strong>nos</strong></span> <span class='ocrx_word' id='word_1_1005' title='bbox 3334 5142 3421 5208; x_wconf 88' lang='lat' dir='ltr'><strong>ju-</strong></span> 
     </span>
    </p>
   </div>
   <div class='ocr_carea' id='block_1_149' title="bbox 1846 5211 3423 5286">
    <p class='ocr_par' dir='ltr' id='par_1_149' title="bbox 1846 5211 3423 5286">
     <span class='ocr_line' id='line_1_151' title="bbox 1846 5211 3423 5286; baseline -0.01 -7"><span class='ocrx_word' id='word_1_1006' title='bbox 1846 5211 1942 5279; x_wconf 72' lang='lat' dir='ltr'><strong>bet</strong></span> <span class='ocrx_word' id='word_1_1007' title='bbox 1978 5211 2187 5279; x_wconf 74' lang='lat' dir='ltr'><strong>exuere</strong></span> <span class='ocrx_word' id='word_1_1008' title='bbox 2209 5211 2643 5286; x_wconf 68' lang='lat' dir='ltr'><strong>corruptionem,</strong></span> <span class='ocrx_word' id='word_1_1009' title='bbox 2677 5211 3135 5286; x_wconf 72' lang='lat' dir='ltr'><strong>quemadmodum</strong></span> <span class='ocrx_word' id='word_1_1010' title='bbox 3174 5219 3228 5264; x_wconf 90' lang='lat' dir='ltr'><strong>et</strong></span> <span class='ocrx_word' id='word_1_1011' title='bbox 3268 5222 3423 5286; x_wconf 80' lang='lat' dir='ltr'><strong>vet_us</strong></span> 
     </span>
    </p>
   </div>
   <div class='ocr_carea' id='block_1_150' title="bbox 1848 5281 3422 5354">
    <p class='ocr_par' dir='ltr' id='par_1_150' title="bbox 1848 5281 3422 5354">
     <span class='ocr_line' id='line_1_152' title="bbox 1848 5281 3422 5354; baseline -0.01 -6"><span class='ocrx_word' id='word_1_1012' title='bbox 1848 5295 2276 5354; x_wconf 88' lang='lat' dir='ltr'><strong>nutrimentum,</strong></span> <span class='ocrx_word' id='word_1_1013' title='bbox 2336 5281 2561 5342; x_wconf 70' lang='lat' dir='ltr'><strong>alterius</strong></span> <span class='ocrx_word' id='word_1_1014' title='bbox 2602 5281 2771 5354; x_wconf 51' lang='grc' dir='ltr'><strong>ιιοίωΔ</strong></span> <span class='ocrx_word' id='word_1_1015' title='bbox 2807 5281 3011 5354; x_wconf 86' lang='lat' dir='ltr'><strong>Christi</strong></span> <span class='ocrx_word' id='word_1_1016' title='bbox 3075 5281 3260 5354; x_wconf 60' lang='lat' dir='ltr'><strong>diaeta:</strong></span> <span class='ocrx_word' id='word_1_1017' title='bbox 3292 5281 3422 5354; x_wconf 70' lang='lat' dir='ltr'><strong>ede—</strong></span> 
     </span>
    </p>
   </div>
   <div class='ocr_carea' id='block_1_151' title="bbox 1836 5350 3423 5432">
    <p class='ocr_par' dir='ltr' id='par_1_151' title="bbox 1836 5350 3423 5432">
     <span class='ocr_line' id='line_1_153' title="bbox 1836 5350 3423 5432; baseline -0.008 -15"><span class='ocrx_word' id='word_1_1018' title='bbox 1836 5373 1968 5425; x_wconf 12' lang='lat' dir='ltr'><strong>,ctos</strong></span> <span class='ocrx_word' id='word_1_1019' title='bbox 2021 5350 2369 5432; x_wconf 60' lang='lat' dir='ltr'><strong>participes,</strong></span> <span class='ocrx_word' id='word_1_1020' title='bbox 2409 5357 2593 5432; x_wconf 84' lang='lat' dir='ltr'><strong>illum,</strong></span> <span class='ocrx_word' id='word_1_1021' title='bbox 2642 5353 2688 5407; x_wconf 85' lang='lat' dir='ltr'><strong>si</strong></span> <span class='ocrx_word' id='word_1_1022' title='bbox 2744 5350 2860 5406; x_wconf 88' lang='lat' dir='ltr'><strong>ﬁeri</strong></span> <span class='ocrx_word' id='word_1_1023' title='bbox 2899 5352 3423 5432; x_wconf 15' lang='lat' dir='ltr'><strong>ipgtest,_recipieno</strong></span> 
     </span>
    </p>
   </div>
   <div class='ocr_carea' id='block_1_152' title="bbox 1849 5420 3423 5498">
    <p class='ocr_par' dir='ltr' id='par_1_152' title="bbox 1849 5420 3423 5498">
     <span class='ocr_line' id='line_1_154' title="bbox 1849 5420 3423 5498; baseline -0.007 -12"><span class='ocrx_word' id='word_1_1024' title='bbox 1849 5443 1931 5490; x_wconf 86' lang='lat' dir='ltr'><strong>tes</strong></span> <span class='ocrx_word' id='word_1_1025' title='bbox 1954 5473 1969 5498; x_wconf 93' lang='lat'><strong>,</strong></span> <span class='ocrx_word' id='word_1_1026' title='bbox 2023 5420 2084 5486; x_wconf 79' lang='lat' dir='ltr'><strong>in</strong></span> <span class='ocrx_word' id='word_1_1027' title='bbox 2143 5420 2301 5485; x_wconf 81' lang='lat' dir='ltr'><strong>nobis</strong></span> <span class='ocrx_word' id='word_1_1028' title='bbox 2337 5420 2494 5497; x_wconf 75' lang='lat' dir='ltr'><strong>ipsis</strong></span> <span class='ocrx_word' id='word_1_1029' title='bbox 2547 5437 2831 5494; x_wconf 81' lang='lat' dir='ltr'><strong>reponere,</strong></span> <span class='ocrx_word' id='word_1_1030' title='bbox 2862 5431 2916 5476; x_wconf 91' lang='lat' dir='ltr'><strong>et</strong></span> <span class='ocrx_word' id='word_1_1031' title='bbox 2949 5420 3295 5476; x_wconf 86' lang='lat' dir='ltr'><strong>Servatorem</strong></span> <span class='ocrx_word' id='word_1_1032' title='bbox 3336 5423 3423 5476; x_wconf 90' lang='lat' dir='ltr'><strong>in-</strong></span> 
     </span>
    </p>
   </div>
   <div class='ocr_carea' id='block_1_153' title="bbox 3208 5575 3431 5639">
    <p class='ocr_par' dir='ltr' id='par_1_153' title="bbox 3208 5575 3431 5639">
     <span class='ocr_line' id='line_1_155' title="bbox 3208 5575 3431 5639; baseline 0.004 -12"><span class='ocrx_word' id='word_1_1033' title='bbox 3208 5591 3279 5639; x_wconf 91' lang='lat' dir='ltr'><strong>r.,</strong></span> <span class='ocrx_word' id='word_1_1034' title='bbox 3316 5575 3431 5629; x_wconf 87' lang='lat' dir='ltr'><strong>dis-</strong></span> 
     </span>
    </p>
   </div>
   <div class='ocr_carea' id='block_1_154' title="bbox 2177 5574 3133 5650">
    <p class='ocr_par' dir='ltr' id='par_1_154' title="bbox 2177 5574 3133 5650">
     <span class='ocr_line' id='line_1_156' title="bbox 2177 5574 3133 5650; baseline 0.023 -15"><span class='ocrx_word' id='word_1_1035' title='bbox 2177 5586 2218 5618; x_wconf 74' lang='grc' dir='ltr'><strong>ιι</strong></span> <span class='ocrx_word' id='word_1_1036' title='bbox 2246 5574 2402 5648; x_wconf 86' lang='lat' dir='ltr'><strong>ibid.,</strong></span> <span class='ocrx_word' id='word_1_1037' title='bbox 2428 5593 2552 5650; x_wconf 78' lang='lat' dir='ltr'><strong>pag.</strong></span> <span class='ocrx_word' id='word_1_1038' title='bbox 2584 5576 2677 5650; x_wconf 58' lang='lat'><strong>94.</strong></span> <span class='ocrx_word' id='word_1_1039' title='bbox 2756 5575 2802 5607; x_wconf 82' lang='lat'><strong>&quot;’</strong></span> <span class='ocrx_word' id='word_1_1040' title='bbox 2838 5575 2936 5650; x_wconf 60' lang='lat' dir='ltr'><strong>lib;</strong></span> <span class='ocrx_word' id='word_1_1041' title='bbox 2977 5591 3019 5630; x_wconf 85' lang='lat'>&quot;</span> <span class='ocrx_word' id='word_1_1042' title='bbox 3050 5576 3133 5650; x_wconf 64' lang='grc' dir='ltr'><strong>ᾼι)</strong></span> 
     </span>
    </p>
   </div>
  </div>
