3964 6312
176 277 298 332 877

783 275 969 332 ΑΜΕ
1004 275 1072 334 ΙΝ
1106 273 1697 334 COHORTATIONEM
1727 275 1818 331 ET
1850 273 2303 334 PEDAGOGUM
2341 273 2931 334 OBSERVATIONES.

3357 280 3462 338 878

179 406 331 466 sane
365 391 724 466 inexpertum
759 391 944 466 plures
982 408 1046 466 ex
1093 393 1192 466 iis,
1228 408 1368 466 quos
1407 392 1570 446 etiam
1613 390 1792 445 Calvi-
1819 396 1868 454 Α
1893 397 2093 466 tusqne
2119 391 2415 466 evanescit.
2464 390 2664 448 Verum
2703 393 2770 449 de
2801 392 2890 447 his
2918 391 3094 449 fusius
3129 392 3184 448 in
3212 397 3464 466 sequenti

177 463 357 519 nistie
390 464 470 518 de
515 463 854 519 substantiali
886 463 1042 532 panis
1067 473 1120 518 et
1145 465 1257 517 vini
1282 464 1337 517 in
1365 477 1566 531 corpus
1586 472 1639 516 et
1661 477 1790 516 san-

179 535 426 604 guinem
463 534 672 589 Christi
710 535 1068 588 conversione
1095 534 1252 603 plane
1285 547 1579 604 persuasus
1620 532 1790 588 fuisse

178 602 566 676 concedunt,
606 604 806 658 multas
859 602 1144 676 agnovisse
1207 605 1364 674 panis
1420 611 1473 676 et
1517 602 1664 676 vini,
1708 619 1790 676 ac

180 675 496 730 variarum
563 676 846 744 utriusque
902 674 1535 744 qualitatum'mysticas
1579 674 1788 744 signiti-

177 747 480 801 cationes.
544 745 683 810 Quid
741 749 905 815 igitur
961 751 1106 799 vetat
1181 747 1474 813 quominus
1536 745 1787 798 Clemens

175 816 416 924 aliquas
468 817 724 872 similiter
768 816 1079 886 agnoverit,
1127 815 1468 880 indicaverit,
1522 815 1786 886 probave-

179 903 225 924 ιι.

178 887 253 942 rit
279 887 298 943 1

254 959 512 1012 Certum
542 964 626 1012 est
660 955 824 1025 igitur
845 956 978 1010 nihil
1015 969 1241 1024 prorsus
1267 971 1332 1010 ex
1363 954 1657 1010 Clementis
1687 971 1787 1010 no-

177 1030 286 1082 stri
332 1027 540 1081 verbis
567 1027 746 1098 colligi
783 1042 961 1096 posse,
999 1027 1142 1098 quod
1183 1041 1338 1098 sana:
1379 1035 1431 1098 et
1469 1027 1786 1098 orthodoxae

176 1098 248 1151 de
297 1098 672 1152 eucharistia:
700 1095 1062 1152 sacramento
1100 1096 1404 1150 deﬁnitioni
1445 1095 1783 1164 adversetur,

178 1168 298 1222 imo
325 1184 475 1222 vero
505 1170 649 1237 quod
699 1169 800 1239 ipsi
842 1181 950 1220 non
986 1168 1057 1222 sit
1078 1167 1303 1239 omnino
1331 1175 1781 1239 consentaneum.

179 1240 252 1291 At
283 1239 335 1293 si
375 1240 601 1300 omnia,
635 1237 756 1308 quae
791 1238 1055 1292 hactenus
1084 1238 1327 1292 exhibita
1359 1244 1507 1300 sunt,
1540 1238 1686 1292 illius
1717 1237 1785 1293 de

177 1308 383 1363 eodem
445 1310 798 1364 eucharistize
851 1315 1194 1363 sacramento
1237 1308 1545 1362 testimonia
1598 1324 1783 1363 secum

179 1380 890 1450 sedulocomponantur,
947 1380 1178 1448 quisque
1240 1378 1392 1433 falsis
1449 1379 1781 1448 quibusdam

181 1448 546 1518 praejudiciis
583 1448 691 1505 non
739 1451 962 1505 omnino
1010 1451 1319 1504 obcaecatus
1368 1450 1780 1504 evidentissimc

181 1521 527 1590 perspiciet,
566 1537 747 1575 veram
779 1529 832 1576 et
858 1521 1183 1576 catholicam
1209 1520 1277 1573 de
1307 1519 1409 1573 hoc
1434 1520 1668 1574 mirabili
1695 1533 1782 1573 sa-

177 1598 487 1644 cramento
515 1592 820 1646 doctrinam
850 1606 880 1645 a
904 1592 1183 1646 Clemente
1208 1599 1418 1661 nostro,
1449 1591 1503 1644 in
1538 1591 1622 1646 his
1654 1605 1783 1661 pra:-

183 1663 383 1715 sertim
416 1662 602 1720 libris.
635 1663 726 1716 ubi
756 1661 824 1717 de
844 1677 907 1717 eo
938 1677 1046 1715 non
1085 1678 1152 1717 ex
1183 1659 1456 1731 professo,
1488 1661 1582 1716 sed
1605 1659 1780 1716 obiter

179 1738 406 1853 tantlum
449 1731 738 1812 .disputat,
786 1747 897 1787 non
948 1734 1194 1803 potuisse
1244 1732 1449 1788 clarius
1502 1734 1674 1789 asseri
1728 1739 1784 1788 et

179 1815 502 1853 exoicari.

179 1815 464 1871 explicari
485 1837 502 1853 .

721 1917 1121 1976 ABTICULUS
1152 1919 1242 1976 111.

193 2030 264 2088 De
293 2035 477 2087 sacris
511 2032 959 2106 ordinationibus,
990 2043 1039 2088 et
1065 2037 1487 2104 presbyterorum
1515 2037 1784 2106 episcopo-

255 2121 493 2174 rnmque
537 2103 739 2158 ordinis
780 2104 1098 2174 di/ferentia,
1131 2105 1195 2158 de
1225 2103 1657 2175 presbyterorum
1687 2103 1784 2163 vbe-

258 2175 598 2240 nedictione,
631 2191 693 2228 ac
730 2175 793 2229 de
817 2185 1000 2229 sancto
1031 2177 1358 2231 matrimonii
1381 2193 1500 2231 usu.

1814 2183 1858 2239 Β

257 2287 549 2361 Omnibus
578 2288 712 2361 illud
737 2288 926 2361 sedulo
953 2288 1516 2352 animadvertendum,
1547 2292 1691 2361 quod
1717 2291 1784 2347 de

185 2360 356 2430 uariis
409 2359 684 2413 Ecclesia:
729 2359 1018 2423 ministris,
1063 2361 1263 2430 quibus
1302 2362 1453 2415 varia
1508 2359 1580 2415 in“
1612 2377 1784 2417 sacrae

190 2427 511 2502 Scriptura;
545 2430 698 2484 libris
728 2446 824 2500 pro
855 2446 955 2502 suo
988 2427 1615 2502 quoquerstatuidantur
1644 2448 1785 2502 pra:-

187 2510 370 2572 cepta,
411 2501 678 2555 Clemens
719 2501 995 2556 memoria:
1028 2500 1290 2572 prodidit.
1330 2521 1348 2553 ι
1380 2500 1659 2566 Plurima,
1697 2504 1784 2558 in-

187 2571 332 2639 quit,
365 2572 479 2644 alia
523 2580 809 2644 praecepta,
837 2588 957 2640 qua:
997 2571 1063 2644 ad
1091 2573 1296 2627 electas
1324 2588 1589 2644 personas
1617 2574 1784 2644 perti-

191 2651 342 2704 nent,
382 2641 440 2695 in
477 2642 694 2714 sanctis
735 2643 890 2697 libris
932 2643 1139 2714 scripta
1182 2641 1344 2710 sunt';
1395 2643 1510 2698 haec
1562 2641 1782 2714 quidem

193 2712 565 2783 presbyteris,
596 2712 700 2783 alia
728 2728 856 2767 vero
896 2713 1189 2783 episcopis,
1223 2713 1327 2766 alia
1361 2712 1628 2779 diaconis,
1677 2716 1784 2770 alia

191 2781 372 2835 autem
416 2781 630 2844 viduis,
668 2782 735 2836 de
779 2785 977 2851 quibus
1009 2781 1170 2840 fuerit
1203 2783 1351 2837 aliud
1390 2785 1606 2840 dicendi
1641 2792 1780 2839 tem-

191 2867 294 2972 gos
322 2871 335 2906 :
370 2870 389 2902 θ
426 2854 488 2905 αἱ
525 2852 620 2922 μὲν
652 2854 1055 2924 πρεσϐυτέροις,
1092 2855 1148 2908 αἱ
1180 2854 1234 2907 δὲ
1269 2856 1605 2920 ἐπισκόποις,
1639 2857 1694 2908 αἱ
1725 2855 1784 2909 δὲ

226 2922 483 2972 ιακόνοιε.
523 2922 676 2972 ἄλλαι
721 2925 787 2972 vi.
801 2942 919 2972 rm:
953 2925 1019 2972 ⁸³-
1053 2925 1189 2972 Cum
1238 2925 1382 2972 enim
1415 2927 1519 2972 alia
1553 2927 1782 2972 nreghv-

226 2922 483 2996 ιακόνοις,
523 2922 676 2996 meo
701 2922 1019 2996 χήραιςτθ,
1053 2925 1189 2979 Cum
1238 2925 1382 2979 enim
1415 2927 1520 2979 alia
1553 2927 1782 2996 presby-

195 2993 326 3045 teris
354 3009 533 3066 quam
562 2993 833 3066 episcopis
863 2995 987 3066 data
1013 3011 1135 3050 esse
1164 3004 1432 3065 praecepta
1461 2993 1572 3050 tam
1599 2993 1783 3066 aperte

198 3065 563 3136 pronuntiet,_
614 3064 738 3118 hinc
785 3065 1030 3136 profecto
1077 3064 1440 3120 invictissime
1492 3064 1783 3120 coniicitur

197 3134 371 3208 ipsum
405 3133 641 3208 om_nino
671 3133 954 3208 prou'certo
989 3137 1246 3192 habuisse
1268 3137 1568 3208 presbyteri
1596 3144 1650 3192 et
1673 3137 1783 3207 epi-

197 3204 343 3274 scopi
394 3203 653 3258 ordinem
675 3203 952 3278 :primitus
986 3215 1149 3276 atque
1193 3203 1295 3262 suo
1337 3203 1502 3262 etiam
1532 3203 1778 3278 tempore

196 3287 540 3348 nouunum,
579 3281 636 3327 ut
677 3274 876 3348 frustra
909 3274 1170 3332 neoterici
1219 3278 1480 3340 haeretici,
1513 3274 1778 3348 quemad-

196 3347 414 3398 modum
462 3352 683 3400 veteres
737 3347 955 3402 Aeriani
1008 3348 1364 3410 contendunt,
1421 3356 1474 3403 et
1524 3347 1776 3403 eumdem

199 3413 384 3540 fuidsse,
409 3414 517 3472 sed
542 3416 787 3474 diversos
815 3429 868 3474 et
897 3435 926 3472 a
953 3435 1010 3474 se
1041 3419 1272 3474 invicem
1301 3419 1461 3496 plane
1481 3419 1776 3474 distinctos

199 3499 256 3538 Ol'
298 3504 438 3540 mes.

197 3499 438 3542 ordines.

264 3535 655 3622 {inid-contra
700 3571 809 3616 tam
856 3560 1058 3613 claram
1107 3567 1161 3614 et
1201 3559 1602 3629 apertissimam
1645 3557 1772 3614 Cle-
1805 3535 1848 3592 c

199 3631 392 3682 mentis
428 3630 764 3700 doctrinam,
796 3632 875 3684 vel
910 3632 1025 3700 ipse
1056 3630 1230 3700 magis
1260 3631 1572 3684 obstinatus
1612 3631 1776 3699 perti-

199 3700 411 3773 nacium
440 3699 560 3773 44
588 3699 1210 3773 liwreticornmanimus
1230 3701 1541 3773 obstrepere
1565 3701 1776 3770 potest?

199 3765 337 3839 Nihil
366 3765 550 3826 san—cf
569 3773 634 3826 Et
665 3788 793 3827 vero
824 3770 1157 3834 Blondellus,
1189 3771 1280 3839 qui
1309 3765 1496 3824 contra
1527 3765 1629 3826 hoc
1655 3788 1775 3826 cer—

200 3837 472 3893 tissimum
509 3845 824 3896 orthodoxa:
851 3842 966 3895 fidei
996 3841 1189 3912 dogma
1205 3837 1572 3912 congerendis
1603 3842 1776 3896 unde-

199 3923 406 3977 quaquc
432 3924 683 3968 veterum
709 3913 1034 3982 scriptorum
1055 3911 1382 3966 testimoniis
1405 3919 1609 3964 tantam
1637 3925 1776 3965 tam-

199 3993 302 4046 que
326 3983 587 4036 inutilem
621 3985 1151 4054 impenditoperam,
1179 3982 1644 4054 istudaltissimo,
1679 3984 1775 4036 sed

200 4062 443 4117 prorsus,
486 4055 563 4107 uti
601 4052 833 4115 videtur,
867 4053 1055 4107 doloso
1081 4061 1134 4106 et
1172 4052 1349 4105 fallaci
1384 4052 1602 4108 silentio
1638 4067 1776 4121 prte—

207 4123 433 4176 termisit
473 4125 542 4178 0°.
593 4125 704 4178 Cur
741 4126 908 4182 enim.
941 4122 1133 4175 amabo
1175 4129 1248 4186 te,
1280 4122 1369 4177 ille
1417 4122 1520 4176 hoc
1553 4124 1776 4176 minime

206 4189 368 4244 dubio
395 4201 451 4247 et
497 4194 734 4249 obscuro
765 4195 1004 4248 auctoris
1043 4193 1219 4246 nostri
1269 4193 1582 4247 testimonio
1622 4193 1776 4263 peni-

206 4266 289 4332 tus
316 4265 548 4318 omisso.
576 4265 680 4318 aiia
728 4263 1105 4318 tantummodo
1149 4265 1204 4316 in
1237 4265 1442 4317 erroris
1480 4264 1562 4318 sui
1592 4273 1777 4332 patro-

207 4329 403 4402 einium
455 4336 740 4398 obtrudit,
770 4335 871 4389 nisi
915 4335 1040 4402 quia
1081 4335 1194 4387 haic
1223 4329 1620 4402 aliquantulum
1670 4333 1774 4387 sibi

209 4397 403 4474 favere.
439 4404 589 4458 istud
642 4397 800 4473 plane
850 4397 951 4459 sibi
985 4405 1263 4458 adversari
1307 4397 1475 4474 probe
1526 4412 1770 4458 noverat.

209 4463 310 4544 ξω
327 4455 1076 4544 quiaa15.n‘prabo;ieii£a
1086 4455 1285 4528 uidiias
1307 4455 1619 4529 assius;
1641 4455 1778 4542 bis;
1812 4455 1856 4509 Ι)

209 4537 362 4596 desse
392 4545 613 4613 potest?
645 4537 853 4600 Etenim
889 4545 1123 4613 obiectio
1155 4553 1208 4599 et
1241 4545 1548 4609 dillicultas,
1585 4546 1628 4598 si
1656 4537 1778 4612 quae

211 4562 362 4596 uosse
392 4562 570 4613 poteSt
595 4562 612 4597 ι
645 4562 853 4600 ιιιειιιιη
889 4562 956 4598 ου
981 4562 1123 4599 ecuo
1155 4562 1208 4599 et
1241 4562 1548 4609 onucunas,
1585 4562 1628 4598 ει
1660 4562 1773 4612 qua:

211 4614 381 4688 tamen
415 4617 522 4688 ulla
552 4616 642 4678 sit,
687 4631 752 4670 ex
790 4616 910 4688 aliis
945 4562 1242 4688 Clementis
1269 4616 1450 4688 verbis
1477 4616 1544 4667 ab
1580 4629 1646 4670 eo
1675 4629 1773 4688 pe-

212 4684 319 4743 tita,
347 4699 412 4738 ex
445 4687 531 4740 his
564 4701 685 4755 quae
727 4687 1014 4741 retulimus
1048 4685 1304 4740 facillime
1339 4684 1584 4750 diluitur,
1621 4684 1774 4755 peni-

277 4833 320 4863 "
347 4835 560 4908 Paedag.
590 4839 682 4911 lib.
721 4856 804 4904 in,
840 4855 960 4911 cap.
997 4841 1117 4905 ult.,
1147 4855 1269 4911 pag.
1291 4839 1418 4894 264.

1499 4840 1560 4912 ⁶7⁰Α
1580 4837 2035 4912 ΒιοηίιριημΑροΙτ
2066 4837 2138 4912 de
2164 4839 2335 4912 episc.
2365 4837 2752 4912 etpresbyt.,_§_

1893 462 2296 517 dissertatione.

1927 543 1931 548 ‘
1963 533 2184 587 interim
2208 549 2336 586 vero
2361 533 2425 587 ad
2457 549 2542 597 ea,
2567 549 2774 604 quaeso,
2797 533 3075 604 paulisper
3105 535 3347 589 animum
3375 537 3466 590 ad-

1889 613 2092 676 vertas,
2127 599 2746 676 quieClemensun‘oster
2775 599 2860 657 de'
2888 599 3329 676 prelsbyterormn
3365 607 3463 662 be~-

1891 674 2200 728 nedictione
2227 683 2281 728 et
2312 674 2659 742 impositione
2689 689 2946 727 manuum
2975 674 3238 730 adversus
3270 678 3466 732 mulie-

1891 760 2018 805 res,
2056 744 2247 800 alienis
2292 744 2507 813 capillis
2545 760 2603 799 se
2651 753 2943 804 ornantes,
3002 745 3116 800 haec
3166 746 3361 801 scribit
3406 750 3462 802 in

1889 815 2097 886 verba:
2127 815 2244 867 Τίνι
2270 815 2297 866 ὁ
2325 814 2700 886 πρεσϐύτερος
2726 813 3010 886 ἐπιτίθησι
3041 813 3223 886 χεῖρα,
3252 817 3374 870 τίνα
3405 817 3463 872 δὲ

1888 885 2220 957 εὐλογήσεις
2262 883 2422 957 icui
2469 883 2690 957 manum
2724 883 2954 957 imponit
3005 883 3323 957 presbyter?
3371 888 3461 942 cui

1889 953 2082 1010 autem
2106 953 2428 1010 benedicet?
2457 974 2476 1007 ι
2517 953 2654 1010 Tum
2687 953 2976 1010 confestim
3005 953 3252 1010 addidit:
3288 977 3306 1009 ι
3342 957 3460 1012 Non

1888 1025 2412 1100 mulieri_._‘qu:e_est
2432 1035 2649 1090 ornata,
2669 1025 2764 1081 sed
2793 1026 2986 1080 alienis
3015 1028 3249 1098 capillis,
3281 1037 3334 1084 et
3365 1045 3462 1100 per

1891 1095 2039 1166 ipsos
2069 1095 2161 1148 alii
2189 1096 2351 1166 capiti
2377 1098 2442 1151 δι.
2481 1115 2500 1148 ι

1955 1165 2040 1220 Ad
2086 1165 2518 1239 matrimonium
2551 1181 2684 1221 vero
2729 1166 2876 1239 quod
2927 1167 3156 1230 attinet,
3209 1172 3460 1239 quamvis

1886 1235 2138 1292 Clemens
2170 1237 2613 1291 constantissime
2643 1238 2821 1290 tradat
2848 1243 2900 1291 et
2942 1235 3300 1295 invictissime
3329 1256 3461 1296 con-

1887 1318 1969 1360 tra
2001 1307 2290 1361 lnereticos
2319 1307 2658 1362 demonstret
2701 1307 2834 1360 illud
2885 1307 3086 1362 bonum
3131 1326 3288 1374 esse,
3324 1327 3458 1367 san-

1886 1388 2032 1433 ctum
2058 1392 2121 1431 ac
2136 1376 2246 1433 Deo
2270 1379 2591 1447 probatum;
2624 1378 2782 1432 docet
2813 1384 2993 1433 tamen
3025 1378 3337 1436 Christiano
3361 1383 3461 1439 lio-

1885 1449 2020 1502 mini
2055 1455 2187 1503 tunc
2218 1455 2429 1502 tantum
2463 1463 2528 1502 eo
2559 1449 2635 1503 uti
2668 1448 2853 1510 licere,
2896 1463 3020 1502 cum
3053 1465 3118 1504 ex
3151 1467 3320 1506 uxore
3357 1469 3459 1510 sua

1885 1518 2027 1574 filios
2057 1518 2282 1594 gignere
2324 1526 2521 1588 potest.
2554 1518 3056 1594 Qiia‘propt‘eriraec
3100 1520 3167 1575 de
3217 1523 3458 1594 conjugii

1885 1606 1987 1660 usu
2041 1590 2216 1660 prima
2263 1600 2318 1645 et
2356 1590 2625 1660 generalis
2665 1589 2751 1643 lex
2793 1589 2890 1660 ab”
2919 1589 3013 1644 illo
3060 1589 3454 1649 constituitur:

1889 1678 1907 1712 ι
1935 1659 2122 1734 Neque
2143 1659 2306 1734 ullam
2337 1660 2561 1715 omnino
2584 1670 2744 1730 tange
2765 1659 3078 1734 mulierem,
3093 1673 3457 1734 printerquam

1887 1729 2040 1786 tuam
2067 1730 2240 1800 ipsius
2276 1745 2532 1795 uxorem,
2565 1747 2629 1786 ex
2671 1744 2779 1800 qua
2823 1729 2939 1784 sola
2983 1729 3237 1787 tibi—licet
3270 1729 3455 1790 carnis

1887 1803 2196 1874 voluptates
2246 1802 2527 1874 percipere
2551 1841 2566 1866 ,
2603 1801 2671 1855 ad
2705 1801 3110 1871 suscipiendam
3161 1803 3456 1874 legitimam

1887 1872 2294 1928 successionem
2319 1873 2385 1926 ".
2423 1891 2443 1925 ι

1957 1941 2097 1997 Hinc
2129 1942 2336 2011 colligit
2361 1941 2520 2014 nefas
2547 1958 2670 1998 esse
2704 1941 2989 2012 conjngem
3021 1942 3137 1997 sola
3163 1945 3459 2014 voluptatis

1887 2028 2052 2068 causa
2085 2013 2404 2082 complecti:
2437 2032 2455 2064 ι
2487 2012 2611 2067 Sola
2635 2013 2779 2084 enim
2827 2015 3112 2082 voluptas,
3156 2012 3361 2084 inquit,
3409 2018 3458 2072 si

1887 2085 2012 2154 quis
2034 2099 2106 2156 ea
2137 2085 2302 2138 etiam
2332 2091 2518 2156 utatur
2550 2085 2604 2137 in
2645 2083 2920 2156 coniugio,
2945 2090 3035 2156 est
3061 2083 3258 2156 printer
3283 2086 3454 2156 leges,

1886 2153 1940 2210 et
1968 2155 2195 2226 injusta,
2237 2164 2290 2208 et
2333 2169 2364 2206 a
2411 2154 2622 2226 ratione
2663 2155 2840 2226 aliena
2861 2154 2926 2209 ⁸³.
2954 2153 3142 2226 {Quid
3186 2172 3318 2226 ergo
3340 2153 3457 2211 ini-

1889 2223 2034 2287 rum,
2068 2225 2115 2279 si
2145 2239 2336 2278 omnes
2385 2225 2523 2278 alios
2571 2225 2900 2280 concubitus
2951 2223 3195 2290 illicitos,
3253 2223 3454 2285 vetitos

1885 2304 1937 2349 et
1968 2294 2208 2350 nefarios
2228 2310 2352 2349 esse
2384 2294 2684 2349 decernat?
2711 2294 2967 2361 Quinimo
3000 2297 3186 2363 pueris
3215 2305 3268 2351 et
3303 2299 3454 2352 seni-

1885 2365 1988 2420 bus
2022 2380 2223 2438 uuores
2246 2364 2448 2419 ducere
2475 2366 2822 2438 interdictum
2844 2381 2966 2420 esse
2989 2367 3262 2438 declarat;
3294 2371 3457 2438 quip-

1887 2451 1952 2506 pe
1997 2436 2090 2505 qui
2143 2435 2286 2489 ﬁlios
2327 2450 2437 2506 non
2486 2437 2696 2505 possint
2739 2450 3050 2505 procreare.
3090 2456 3109 2487 ‹
3138 2436 3234 2491 His
3283 2435 3450 2506 enim,

1887 2504 2064 2575 inquit
2095 2507 2206 2567 ille,
2237 2504 2806 2570 nondum’concess’it,
2839 2507 2963 2560 illos
2990 2514 3173 2562 autem
3203 2523 3312 2562 non
3339 2504 3456 2564 vult

1885 2578 2120 2646 amplius
2151 2590 2352 2630 uxores
2383 2577 2583 2631 ducere
2603 2577 2668 2630 “.
2693 2596 2712 2628 ι

1954 2645 2124 2702 Porro
2151 2655 2334 2700 autem
2363 2661 2470 2700 non
2499 2648 2678 2700 minus
2709 2647 2867 2715 plane
2889 2652 3048 2714 negat
3079 2645 3162 2701 fas
3188 2663 3310 2703 esse
3336 2649 3454 2704 viro

1884 2732 2009 2771 cum
2045 2731 2214 2787 uxore
2256 2731 2322 2770 eo
2353 2718 2500 2770 omni
2545 2724 2788 2787 tempore
2820 2717 3100 2783 congredi,
3129 2733 3238 2786 quo
3281 2734 3348 2772 ex
3385 2736 3450 2774 ea

1885 2788 2086 2857 poterit
2127 2786 2329 2841 liberos
2362 2786 2671 2857 suscipere,
2697 2786 2795 2841 sed
2837 2788 2995 2841 statis
3032 2795 3241 2840 tantum
3276 2788 3451 2856 horis,

1885 2856 2008 2928 post
2038 2857 2348 2928 convivium
2382 2859 2527 2928 actis
2569 2856 2677 2928 Deo
2703 2857 2774 2910 ob
2806 2866 3029 2925 accepta
3049 2857 3201 2928 dona
3235 2860 3449 2926 gratiis,

1886 2927 2167 2998 nunquam
2219 2927 2480 2998 interdiu,
2517 2927 2612 2981 sed
2655 2937 2835 2998 nocte,
2886 2942 2996 2980 non
3046 2927 3368 2984 immodeste
3397 2943 3453 2984 et

1887 2997 2334 3067 intemperanter,
2365 2997 2459 3053 sed
2492 3012 2614 3051 cmn
2662 2997 2870 3067 pudore
2905 3005 2956 3051 et
2989 2999 3346 3064 verecundia;
3381 3017 3453 3055 ne.

1885 3067 2244 3137 frequentiori
2308 3069 2694 3134 conjunctione
2750 3068 2975 3123 satietas
3034 3077 3088 3120 et
3130 3070 3454 3136 paenitentia

1886 3139 2202 3195 suboriatnr
2254 3156 2267 3192 :
2315 3156 2333 3188 ι
2377 3137 2587 3203 Quibus
2638 3154 2836 3192 uxores
2885 3137 3086 3192 ducere
3124 3153 3453 3195 concessum

1884 3219 1988 3282 est,
2023 3211 2090 3264 iis
2113 3208 2411 3282 paedagogo
2434 3225 2572 3279 opus
2604 3207 2796 3269 fuerit;
2831 3215 2890 3282 _ut
2924 3224 3028 3262 non
3067 3209 3299 3282 interdiu
3335 3227 3453 3282 my-

1884 3281 2025 3335 stica
2079 3289 2287 3334 natura:
2333 3280 2678 3334 celebrentur
2729 3279 2902 3348 orgia,
2937 3294 3039 3334 nec
3086 3294 3152 3332 ex
3187 3279 3444 3340 ecclesia.

1883 3349 2038 3405 verbi
2071 3351 2268 3419 gratia,
2303 3359 2397 3402 aut
2426 3366 2489 3404 ex
2524 3349 2640 3404 foro
2676 3363 2832 3402 mane
2878 3350 3094 3403 rediens
3127 3349 3250 3417 galli
3297 3367 3451 3405 more

1883 3428 2060 3483 coeat,
2089 3421 2308 3490 quando
2329 3421 2612 3482 orationis,
2642 3427 2696 3474 et
2728 3419 3000 3484 lectionis,
3033 3426 3087 3472 et
3124 3419 3447 3490 eiliracium,

1883 3507 2005 3561 quae
2050 3488 2288 3545 interdiu
2331 3490 2486 3552 ﬁunt,
2536 3505 2760 3561 operum
2807 3497 3021 3561 tempus
3070 3497 3174 3543 est.
3212 3488 3452 3560 Vespere

1883 3559 2065 3616 autem
2101 3567 2316 3631 oportet
2365 3570 2486 3628 post
2530 3559 2865 3631 convivinni_
2892 3559 3194 3631 quiescere,
3223 3567 3276 3614 ct
3324 3559 3451 3630 post

1881 3628 2182 3702 gratiarum
2230 3631 2522 3702 actionem,
2567 3645 2689 3698 quae
2739 3630 2794 3681 lit
2836 3628 2946 3683 Deo
2981 3644 3078 3697 pro
3117 3629 3276 3702 bonis
3329 3628 3450 3699 quae

1882 3699 2244 3772 percepimus.
2287 3700 2406 3753 Non
2457 3715 2671 3769 semper
2719 3707 2898 3753 autem
2950 3699 3201 3772 concedit
3236 3711 3450 3772 tempus

1883 3770 2099 3834 natura,
2134 3779 2193 3824 ut
2233 3777 2521 3840 peragatur
2562 3784 2892 3838 congressus
2947 3770 3312 3835 matrimonii;
3363 3780 3451 3825 est

1882 3843 2027 3896 enim
2057 3857 2122 3896 eo
2150 3840 2564 3895 desiderabilior
2594 3840 2931 3907 conjunctio,
2963 3855 3071 3907 quo
3094 3840 3446 3906 diuturnior;

1883 3927 2060 3981 neque
2094 3927 2223 3966 vero
2263 3921 2423 3964 noctu
2461 3921 2719 3980 tanquam
2745 3911 2798 3962 in
2830 3910 3093 3972 tenebris,
3126 3911 3451 3966 immodeste

1883 3998 2006 4037 sese
2045 3997 2110 4036 ac
2154 3981 2580 4050 intemperanter
2631 3996 2817 4051 gerere
2863 3988 3098 4050 oportet,
3141 3981 3234 4035 sed
3294 3997 3451 4036 vere-

1883 4052 2082 4106 cundia
2138 4061 2396 4119 tanquam
2442 4052 2532 4106 lux
2571 4051 2803 4104 rationis
2845 4053 2900 4104 in
2945 4051 3128 4104 animo
3159 4058 3242 4105 est
3269 4051 3450 4106 inclu-

1882 4122 2060 4178 denda
2079 4123 2146 4178 ⁸⁵.
2175 4142 2192 4175 ι
2223 4121 2466 4191 Denique
2496 4123 2749 4176 Clemens
2781 4135 2838 4174 se
2869 4121 3022 4191 plura
3059 4121 3126 4174 de
3155 4121 3257 4174 hoc
3283 4137 3450 4191 argu-

1883 4201 2070 4247 mento
2107 4193 2162 4246 in
2209 4192 2349 4245 libro
2378 4190 2457 4246 De
2507 4194 2703 4260 nuptiis
2731 4190 3023 4259 scripsisse
3055 4198 3306 4246 testatur.
3340 4190 3450 4246 Sed

1880 4264 2009 4332 quia
2041 4264 2156 4317 haec
2186 4263 2528 4318 elucubratio
2561 4262 2628 4316 ad
2672 4276 2774 4316 nos
2818 4277 2990 4332 usque
3018 4276 3129 4332 non
3181 4263 3446 4330 pervenit,

1881 4329 2008 4403 quid
2039 4333 2108 4387 de
2144 4333 2238 4386 illo
2285 4332 2540 4387 Clemens
2589 4333 2641 4386 in
2698 4329 3054 4403 Stromotibns
3098 4329 3365 4396 docuerit,
3399 4333 3449 4386 si

1882 4402 2022 4458 scire
2043 4418 2222 4465 aveas,
2258 4403 2325 4457 ad
2361 4417 2425 4458 ea
2457 4411 2509 4457 te
2539 4403 2838 4464 mittemus,
2866 4416 2986 4472 qua:
3017 4402 3069 4454 in
3092 4403 3449 4472 subsequendi

1887 4474 2275 4528 dissertatione
2306 4489 2334 4526 a
2366 4474 2526 4527 nobis
2558 4471 2892 4540 disputanda
2932 4479 3079 4526 sunt.
3115 4471 3325 4527 Poteris
3366 4481 3448 4524 ta-

1888 4560 2012 4598 men
2047 4544 2336 4599 consulere
2367 4551 2498 4598 tom.
2533 4541 2576 4595 ll
2627 4544 2905 4597 Pamitent.
2938 4541 3219 4605 Theodori,
3253 4559 3315 4595 ac
3345 4541 3449 4596 Pc-

1887 4615 1971 4667 titi
1994 4614 2410 4670 observationes
2438 4623 2494 4667 et
2539 4624 2718 4675 notas,
2751 4613 2843 4667 ubi
2879 4613 3037 4682 plura
3069 4613 3208 4668 lianc
3236 4613 3292 4666 in
3329 4628 3448 4666 rem

1881 4691 2139 4756 congesta
2163 4692 2219 4740 et
2246 4685 2526 4740 enucleata
2558 4685 2821 4754 reperies.

2779 4838 2834 4903 2,
2851 4853 2972 4910 pag.
2992 4839 3094 4910 58.7
3159 4837 3200 4870 "
3229 4834 3442 4907 Paldag.

213 4899 302 4958 lib.
336 4922 416 4975 ιιι,
448 4899 575 4982 ρειῖε.
605 4910 730 4966 248.
791 4899 854 4943 ὀι
882 4899 1247 4982 βωαεελῑυῗ
1268 4927 1327 4979 ιι,
1359 4926 1478 4983 cap.
1507 4910 1592 4974 io,
1627 4925 1749 4982 pag.
1793 4899 1942 4964 192.‘
1994 4909 2043 4961 0
2068 4899 2217 4964 ibid.‘
2282 4911 2327 4943 ει
2368 4899 2501 4966 ibid.
2537 4899 2869 4981 pa'ggiat.“
2903 4899 2949 4942 σε
2987 4909 3122 4965 ibid.
