3964 6312
88 326 262 383 889
752 325 937 382 ΑΜΕ
978 326 1047 382 IN
1081 325 1674 385 COHORTATIONEM
1712 328 1803 383 ET
1835 326 2287 385 PBDAGOGUM
2322 327 2915 387 OBSERVATIONES.
3330 326 3435 387 800

91 449 375 500 autem
402 456 501 525 nec
522 442 659 525 quis
689 451 846 525 esset.
856 443 1080 525 quidem
1120 441 1234 525 P_a_n
1268 454 1554 525 noverant,
1580 445 1764 525 prius-
1791 450 1839 506 Α
1936 443 2046 525 50
2213 451 2505 525 antequam
2533 444 2932 525 (legi-opuntii
2945 460 3141 525 nomen
3164 443 3430 509 dedisset.

94 529 354 585 quam
389 515 470 569 eis
501 513 709 569 diceret
751 512 1106 586 Philippides.
1154 513 1346 570 Merito
1384 529 1517 586 ergo
1561 512 1765 586 daemo-
1864 512 2188 586 cer—te'gapud
2211 512 2498 586 Egyptios
2515 522 2576 586 et
2602 512 2889 586 Phobnices
2912 517 3026 585 jam
3048 531 3081 570 a
3115 517 3276 586 longo
3299 526 3437 573 tern-

96 584 302 639 Iium
359 586 537 640 cultus
568 599 694 639 cum
719 584 949 655 aliunde
979 586 1216 655 cepisset
1250 585 1602 655 principium,
1642 585 1765 642 fons
1864 600 2000 655 pore
2033 584 2237 655 impius
2272 585 2339 640 de
2358 584 2719 642 ’multitudine
2747 584 2973 642 deorum
3002 602 3160 641 error
3190 584 3437 641 invalue-

103 655 140 709 1⁵
140 656 263 710 uit
310 655 506 712 stolidi
544 655 684 709 vitii.
717 653 918 710 Deinde
945 653 1069 709 cuni
1102 671 1210 711 non
1241 653 1447 711 fuisset
1468 656 1762 720 rescissus,
1866 653 1973 710 rat.
2031 653 2224 724 Neque
2261 656 2313 710 id
2354 671 2420 710 ex
2450 656 2627 725 primo
2660 657 2926 712 duntaxat
2945 657 3163 713 Eusebii
3191 659 3444 713 testimo-

92 728 252 782 sed
322 726 635 798 accepisset
670 735 1019 795 augmentum
1063 734 1117 798 et
1154 741 1352 797 magno
1395 725 1645 798 fluxisset
1685 729 1767 781 al-
1863 726 1956 798 nio
1984 726 2312 798 colligimus.
2345 726 2441 798 sed
2475 742 2543 798 ex
2578 727 2785 782 ultimis
2814 729 2999 790 etiam,
3030 744 3152 798 quas
3182 730 3440 794 citamus,

90 812 291 860 areo,
354 795 555 852 inultos
588 796 863 852 daemones
905 797 1192 851 constituit
1233 795 1554 853 sacriﬁcans
1601 797 1766 852 lieca-
1864 797 1985 865 ejus
2018 795 2220 851 verbis.
2255 795 2395 862 Quid
2429 797 2596 860 enim,
2627 798 2821 852 amabo
2848 807 2922 861 te,
2959 795 3105 852 aliud
3130 800 3197 854 iis
3228 799 3332 853 sibi
3353 814 3443 852 vo-

103 875 271 922 tom
285 868 426 927 bas,
462 875 517 922 et
553 866 1197 938 conventuscelebrans,
1219 876 1283 938 et
1330 868 1624 938 simulacra
1656 870 1767 923 eri-
1866 867 1987 927 luit,
2016 867 2120 938 nisi
2148 868 2260 938 haec
2283 883 2312 938 a
2338 865 2578 938 Cecrope
2606 867 2665 938 in,
2695 867 2959 924 Grzeciam
2997 868 3166 924 fuisse
3200 870 3437 938 primum

108 882 271 922 tom
289 882 426 927 Das,
462 882 517 922 et
553 882 858 921 conventus
891 882 1197 929 celebrans,
1227 882 1283 922 et
1330 882 1624 923 Simulacra
1656 883 1767 923 eri-
1866 882 1987 927 iuit,
2016 883 2120 921 nisi
2148 882 2260 920 haec
2283 883 2312 918 a
2338 882 2578 990 Lecroéie
2606 883 2661 921 in
2695 882 2959 924 urzecmm
2997 882 3166 924 tuisse
3200 883 3437 938 primum

108 953 355 1007 gens,
401 947 455 992 et
506 938 706 1006 templa
752 936 1030 992 tediiicaiis
1064 939 1128 994 ³³.
1161 957 1179 989 i
1217 936 1344 993 Tria
1386 939 1458 993 ibi
1509 936 1764 995 Clemens
1866 937 2220 991 introducta?
2263 936 2438 1007 gAtqui
2547 937 2670 991 razci
2731 946 2783 991 et
2861 939 2954 991 alii
3020 939 3153 994 falsa
3211 939 3439 993 deorum

112 1005 379 1063 hoster
412 1008 670 1064 edisserit
697 1027 710 1062 :
748 1009 925 1078 primo
960 1007 1117 1063 initia
1152 1008 1304 1077 impii
1337 1010 1642 1064 daamonum
1667 1026 1765 1065 seu
1865 1007 2111 1078 nom_ina,
2140 1015 2199 1061 ut
2228 1005 2652 1062 ideinEusebius
2674 1016 2865 1062 auctor
2895 1018 2980 1064 est
2999 1009 3065 1073 ⁸ο,
3089 1008 3444 1063 thnicibtis

115 1078 455 1150 [falsorum
507 1079 734 1150 deorum
751 1075 981 1150 :cultus,
1028 1075 1271 1150 secundo
1312 1080 1639 1149 templorum
1684 1082 1765 1137 eis
1866 1087 1918 1150 et
1953 1075 2228 1150 IEgy'ptiis
2283 1087 2505 1150 accepta
2559 1079 2889 1150 referebant.
2931 1079 2995 1132 Et
3032 1095 3161 1134 vero
3215 1080 3306 1134 ubi
3353 1078 3445 1134 ille

113 1149 516 1215 dicaturum,
546 1149 708 1203 tertio
740 1147 978 1219 denique
1011 1147 1438 1204 simulacrorum
1462 1156 1517 1205 et
1556 1156 1765 1206 stat‘ua-
1866 1147 2073 1219 clarius
2104 1147 2157 1202 et
2189 1147 2479 1203 enodatius
2508 1164 2573 1203 ex
2606 1147 3254 1205 Sauchoniathmieinitia
3287 1150 3445 1203 theo-

119 1235 298 1276 rum
342 1220 635 1290 originem.
697 1288 704 1290 Α
890 1217 907 1219 ἡ
951 1289 956 1290 γ
1328 1288 1337 1290 _
1867 1217 2368 1290 lugiaeAthnicum
2402 1220 2640 1289 explicat
2664 1257 2678 1281 ,
2714 1220 2935 1288 planum
2971 1222 3157 1290 utique
3187 1220 3317 1274 facit
3348 1221 3443 1274 diu

225 1292 337 1346 Ac
370 1287 549 1361 primo
580 1288 821 1360 quidem,
852 1289 996 1344 unde
1025 1295 1079 1344 et
1109 1304 1140 1344 a
1172 1304 1282 1360 quo
1310 1288 1617 1345 daemonum
1665 1308 1763 1348 seu
1867 1287 2340 1361 aiiteﬂGrzecorum
2375 1287 2617 1359 tempora
2650 1287 2797 1361 hanc
2820 1291 3013 1345 falsam
3043 1287 3270 1349 deorum
3302 1290 3446 1346 mul-

121 1358 418 1415 deoruni
453 1358 635 1416 cultus
666 1367 846 1415 ortum
877 1360 1115 1423 duxerit,
1151 1358 1259 1414 non
1299 1360 1462 1414 audet
1492 1370 1642 1417 certo
1670 1363 1767 1418 de-
1868 1360 2159 1415 titudinem
2191 1375 2221 1414 a
2251 1358 2603 1416 thnicibus
2638 1360 2810 1415 fuisse
2839 1362 3231 1418 introductam.

132 1432 367 1498 linire,
401 1446 501 1487 nec
531 1431 582 1486 id
616 1430 836 1501 quidem
867 1430 962 1502 ulli
996 1430 1192 1502 mirum
1223 1430 1394 1502 videri
1422 1431 1602 1488 debet.
1628 1432 1763 1487 Nam
1939 1428 2143 1502 Eodem
2177 1431 2335 1502 plane
2364 1445 2529 1484 sensu
2575 1429 2888 1502 Herodotus
2918 1432 3111 1487 scribit
3164 1441 3224 1487 se
3269 1447 3445 1502 nuper

127 1511 422 1572 septeni,
451 1509 511 1555 ut
548 1500 709 1572 paulo
740 1509 867 1555 ante
908 1501 1165 1567 diximus,
1205 1501 1295 1573 ille
1327 1502 1521 1573 modos
1558 1504 1761 1567 refert,
1867 1510 2049 1573 atque
2060 1500 2176 1573 lieri
2210 1500 2471 1573 didicisse
2496 1516 2579 1573 an
2609 1501 2684 1555 dii
2719 1517 2970 1573 semper,
3024 1502 3315 1573 velunde,
3347 1500 3443 1557 aut

126 1570 388 1643 quibus
416 1573 532 1627 haec
550 1570 752 1628 insana
774 1572 1075 1626 errantium
1104 1571 1405 1636 hominum,
1436 1572 1606 1628 falsos
1630 1574 1764 1630 deos
1906 1587 1973 1624 tia
2000 1571 2128 1624 olim
2162 1572 2343 1640 specie
2366 1572 2507 1641 apud
2541 1570 2761 1629 Graacos
2786 1570 2986 1628 fuerint
3006 1575 3074 1630 δι.
3110 1572 3269 1628 Prius
3313 1589 3444 1629 vero

129 1644 507 1697 colentium.
535 1643 785 1697 impietas
812 1643 866 1696 in
891 1643 1138 1697 diversas
1167 1641 1571 1697 mundiuartes
1596 1646 1763 1697 variis
1866 1586 2077 1697 dixerat
2106 1639 2392 1697 IEavntios
2427 1641 2737 1697 venditasse
2766 1659 2825 1697 se
2858 1663 2876 1694 ι
2910 1647 3114 1697 primos
3153 1643 3441 1697 duodecim

129 1639 507 1714 dolentium,
535 1643 785 1714 impietas
812 1643 866 1714 in
891 1643 1138 1714 diversas
1167 1641 1571 1714 mundeartes
1596 1646 1763 1701 variis
1866 1639 2077 1714 dixerat
2106 1639 2737 1714 {Egyptio‘svenditasse
2766 1659 2825 1699 se
2858 1663 2876 1694 ι
2910 1647 3114 1714 primos
3153 1643 3441 1699 duodecim

130 1715 375 1785 procul
413 1712 579 1768 dubio
614 1712 965 1785 temporibus
1025 1712 1291 1785 irrupisse
1344 1712 1685 1783 perhibetur.
1717 1716 1762 1769 A
1866 1713 2091 1785 deorum
2121 1712 2445 1784 cognomina
2466 1712 2518 1785 iii
2536 1728 2637 1770 usu
2666 1712 2945 1785 habuisse,
2972 1722 3028 1769 et
3055 1715 3124 1769 ab
3158 1716 3267 1769 illis
3297 1714 3444 1769 Grae-

128 1782 283 1858 ijtio
323 1792 509 1858 autem
538 1792 591 1839 et
619 1782 878 1858 quando,
898 1784 981 1858 vel
1016 1784 1111 1858 ubi
1144 1782 1291 1854 prior
1321 1782 1388 1858 ex_
1436 1785 1544 1840 illis
1589 1786 1762 1858 intro-
1795 1802 1839 1858 Β
1863 1798 1958 1858 eos
1983 1782 2164 1858 fuisse
2195 1782 2563 1858 mutuatos".
2599 1802 2618 1835 ι
2660 1782 2763 1838 Sed
2792 1785 3142 1855 quandonam
3158 1786 3211 1840 id
3230 1785 3445 1841 accide-

132 1857 386 1929 dm-tus
416 1856 509 1917 sit,
541 1853 649 1909 nec
669 1856 759 1909 ille
789 1854 1008 1929 quidem
1040 1853 1269 1929 ibi,’_iiee
1299 1855 1587 1929 quisquam
1617 1857 1763 1929 alius

132 1928 341 1982 nobis
366 1934 542 1997 icerto
583 1935 637 1980 et
672 1925 960 1997 perspicue
1038 1926 1290 1997 patefecit
1331 1925 1761 1997 demonstravit;

188 2014 303 2053 ne.
353 1996 573 2052 Scimus
605 1995 824 2065 quidem
848 1995 1172 2066 Opinionem
1205 1996 1274 2051 de
1307 1996 1556 2066 pluribus
1586 1997 1692 2053 diis
1726 2013 1759 2053 a

188 2014 303 2053 ne.
353 2014 573 2052 θοιιηιις
605 2014 824 2065 quidem
859 2014 1172 2066 opinionem
1205 2014 1274 2051 ae
1307 2014 1556 2066 ptui-inus
1586 2014 1692 2053 uiis
1726 2014 1759 2053 a

131 2014 403 2123 gustino
434 2075 673 2139 martyre
695 2074 749 2122 et
781 2066 913 2139 aliis
929 2065 1375 2139 quibusdam,7ut
1407 2067 1536 2139 alibi
1567 2068 1759 2124 obser-

136 2147 368 2191 \allﬂn
405 2147 489 2192 est
510 2136 592 2199 ³⁸(
625 2139 680 2192 in
729 2139 842 2192 haec
874 2136 1152 2192 Geneseos
1193 2138 1359 2192 verba
1399 2155 1413 2202 ς
1451 2156 1470 2188 ε
1497 2136 1562 2191 Et
1605 2140 1759 2194 eritis

139 2209 324 2263 sicut
360 2208 433 2262 dii
462 2208 529 2272 ³⁵,
553 2226 572 2257 ι
609 2209 836 2263 omnino
878 2208 1116 2262 refundi.
1163 2205 1270 2262 Sed
1302 2208 1523 2277 quando
1566 2217 1620 2264 et
1666 2211 1757 2264 ubi

141 2278 259 2334 liic
325 2294 489 2333 error
547 2278 940 2334 disseminatus
995 2279 1230 2347 primum
1287 2278 1486 2340 fuerit,
1533 2294 1636 2335 nec
1690 2280 1760 2335 ab

142 2349 289 2413 illo,
332 2365 436 2405 nec
469 2349 538 2404 ab
570 2350 683 2404 ullo
716 2350 825 2405 alio
858 2348 1141 2405 definitum
1190 2356 1285 2403 aut
1338 2349 1637 2405 indicatum
1676 2350 1757 2406 le-

192 2436 380 2475 llﬂllS.
608 2454 617 2459 -

192 2437 380 2475 imus.
608 2454 617 2459 -

144 2437 183 2491 Β
240 2492 315 2544 Et
354 2505 481 2545 vero
522 2489 810 2552 Eusebius,
852 2489 1351 2562 primanideorum
1393 2489 1660 2558 originem
1690 2505 1755 2546 ex

147 2563 413 2632 paganis
459 2563 822 2632 scriptoribus
856 2560 1289 2632 diligentissime
1352 2569 1754 2632 perscrutatus,

148 2629 370 2687 iani-rat
402 2629 620 2703 quidein
656 2629 1056 2692 Pluenices.’ac
1073 2631 1251 2755 (paulo
1290 2629 1412 2700 post
1445 2629 1754 2702 Egyptios.

151 2705 431 2755 omnium
479 2704 686 2755 primos
735 2704 905 2755 fuisse
936 2701 1027 2755 uni
1114 2701 1415 2755 ivinitatetii
1450 2704 1582 2755 soli.
1617 2704 1754 2755 luna:

151 2701 433 2756 omnium
479 2704 686 2773 primos
735 2704 905 2757 fuisse
936 2701 1027 2771 qui
1073 2701 1419 2773 divinitatem
1450 2701 1582 2762 soli,
1617 2704 1759 2757 lunae

150 2782 219 2827 et
260 2774 446 2828 stellis
482 2771 890 2842 adjudicavere,
934 2787 998 2826 ac
1032 2774 1246 2827 cazteris
1279 2772 1595 2826 hominibus
1641 2774 1759 2827 fue-

152 2856 309 2898 runt
346 2845 571 2910 hujusre
603 2843 895 2912 impietatis
917 2851 969 2896 et
1002 2842 1248 2901 sceleris.
1277 2842 1418 2912 ipso,
1444 2850 1502 2896 ut
1535 2844 1611 2896 ait
1644 2842 1753 2907 ille,

152 2915 451 2985 atlieisuio
498 2914 768 2985 gravioris
822 2922 1075 2985 auctores
1110 2912 1176 2968 “.
1229 2912 1335 2967 Sed
1360 2928 1469 2985 quo
1514 2921 1759 2983 tempore

154 2983 472 3041 Plimnices
507 2983 587 3040 illi
631 2995 795 3054 atque
827 2983 1064 3054 Aigyptii
1109 2984 1378 3053 cmperint
1415 2983 1561 3037 illam
1592 2985 1758 3040 astris

154 3056 522 3111 divinitatem
579 3055 876 3117 ascribere,
910 3054 1100 3109 nullibi
1136 3055 1254 3123 ipse
1282 3054 1457 3123 ,nobis
1501 3056 1754 3123 aperuit:

163 3144 187 3178 ι
234 3126 560 3188 thnices,
586 3146 602 3178 i
643 3127 803 3180 verba
857 3135 983 3180 sunt
1035 3122 1289 3187 Eusebii,
1328 3143 1347 3176 ‹
1376 3133 1428 3179 et
1468 3122 1758 3195 [Egyptios

158 3200 427 3263 omnium
462 3197 736 3267 principes
785 3197 909 3259 soli,
956 3203 1009 3251 et
1045 3196 1205 3258 lunae,
1245 3210 1309 3248 ac
1344 3196 1518 3251 stellis
1552 3197 1753 3251 divini-

161 3279 348 3323 tatem
399 3266 655 3323 tribuisse
688 3267 962 3338 vtilgatum
1000 3274 1131 3338 est,
1163 3268 1339 3337 iisque
1390 3266 1525 3338 solis
1552 3282 1754 3338 rerum

162 3348 341 3393 ortus
376 3338 740 3408 interitusque
772 3335 993 3393 causam
1024 3335 1358 3408 assignasse.
1394 3335 1600 3392 Deinde
1629 3352 1758 3391 vero

162 3423 307 3480 quae
346 3409 547 3479 passim
577 3416 631 3463 et
661 3409 861 3480 ubique
885 3409 1165 3480 jactantur
1189 3408 1417 3462 deorum
1451 3417 1560 3460 tam
1598 3408 1758 3480 moli-

164 3478 359 3535 tiones
380 3495 543 3550 quam
569 3479 975 3550 procreationes
1006 3478 1059 3531 iii
1092 3480 1371 3533 hominum
1402 3493 1574 3550 genus
1607 3478 1759 3533 inve-

164 3549 446 3607 xisse...”
483 3549 835 3620 Nequaquam
872 3549 960 3603 hic
998 3550 1147 3603 stetit
1184 3549 1533 3620 eoruin,qui
1570 3557 1757 3619 postea

168 3622 360 3676 secuti
397 3629 548 3683 sunt,
591 3619 870 3675 hominum
906 3620 973 3673 de
1008 3620 1358 3673 multitudine
1400 3619 1626 3674 deorum
1671 3636 1760 3673 er-

168 3708 311 3751 ror:
357 3693 450 3747 sed
490 3692 544 3745 in
591 3692 757 3746 altam
802 3690 1170 3760 improbitatis
1219 3689 1533 3760 voraginem
1578 3698 1755 3755 actus,

170 3764 520 3845 impietatem
568 3762 827 3842 peperit,.
857 3762 973 3829 ipso
1025 3775 1244 3845 quoque
1296 3768 1504 3845 negatae
1554 3760 1757 3844 divini-

172 3830 315 3888 tatis
393 3834 600 3889 scelere
638 3830 651 3834 ”
680 3832 1008 3902 graviorem.
1067 3830 1272 3902 ﬁtque
1312 3830 1478 3899 hujus
1549 3833 1757 3886 erroris

170 3903 495 3967 Plimiiices,
541 3918 605 3959 ac
655 3898 817 3973 paulo
865 3909 990 3972 post
1040 3898 1279 3972 Egyptii
1329 3898 1583 3956 auctores
1636 3905 1755 3958 lue-

171 3992 240 4031 re
265 3976 383 4032 ³⁷.»

256 4044 470 4099 Rursus
504 4051 688 4099 autem
722 4044 835 4105 ille,
879 4042 972 4098 sed
1006 4042 1226 4098 brevius
1250 4059 1276 4114 :7
1303 4060 1323 4093 t
1353 4040 1567 4114 Maneat
1596 4043 1763 4114 igitur

174 4117 331 4172 hunc
359 4116 605 4169 omnium
653 4116 892 4183 gentium
926 4114 994 4168 de
1026 4113 1375 4168 multitudine
1404 4113 1638 4167 deorum
1673 4130 1763 4169 er-

176 4202 363 4242 rorem
399 4202 506 4239 non
544 4186 648 4239 nisi
680 4193 801 4254 post
844 4185 1055 4254 longam
1095 4192 1316 4254 aetatum
1354 4184 1551 4238 seriem
1584 4186 1763 4238 exsti—

177 4261 341 4322 tisse,
385 4258 477 4326 qui
524 4271 648 4309 cum
682 4253 713 4308 a
750 4253 1101 4310 thnicibus
1143 4264 1199 4309 et
1231 4253 1503 4324 IEgyptiis
1544 4254 1760 4322 initium

180 4328 493 4387 habuisset,
523 4327 592 4381 ab
631 4326 699 4380 iis
737 4326 794 4380 in
843 4326 1079 4395 reliquas
1111 4327 1460 4395 postmodum
1510 4326 1761 4382 nationes

181 4398 255 4454 ad
297 4400 445 4467 ipsos
487 4412 661 4467 usque
694 4396 913 4451 Graecos
946 4412 1087 4467 sese
1115 4396 1431 4466 propagavit
1451 4395 1516 4451 ³⁸.
1540 4414 1567 4467 ί»
1604 4396 1761 4461 Quod

182 4465 406 4540 quidem
458 4465 584 4540 ille
635 4471 798 4537 paulo
849 4476 997 4540 Apost
1060 4465 1355 4536 descriptis
1410 4482 1475 4540 ex
1539 4466 1763 4524 Philone

187 4537 690 4604 Sanrhoniathouis
749 4537 933 4593 verbis
996 4553 1215 4593 rursum
1272 4537 1470 4592 astruit
1521 4545 1575 4591 et
1624 4554 1761 4592 con-

185 4614 385 4667 lirmat.

256 4681 327 4734 At
357 4681 606 4751 quamvis
635 4677 926 4751 Eusebius,
955 4679 1194 4751 inquies,
1225 4677 1362 4732 nihil
1389 4678 1467 4751 ibi
1488 4677 1761 4751 deAprima

181 4746 411 4808 deorum
445 4751 657 4822 origine
704 4750 923 4822 dixerit,
954 4746 1135 4822 nonne
1166 4750 1221 4822 in
1266 4749 1490 4822 secundi
1535 4746 1763 4822 Chroni-

183 4839 361 4877 corum
401 4818 839 4891 libri'promuiio
868 4820 982 4874 haec
1016 4818 1308 4891 scripsisse
1339 4818 1571 4891 legitur?
1602 4839 1619 4868 ι
1652 4820 1761 4891 ιωτ

183 4910 290 4965 que
320 4893 459 4965 sine
484 4888 592 4965 ulla
615 4890 992 4965 ambiguitate
1023 4888 1254 4965 Moyses
1283 4897 1339 4965 _et
1368 4888 1629 4965 Cecrops,
1662 4890 1756 4960 qui

182 4959 394 5036 primus
434 4960 983 5036 Atlienieiisiuin‘rex
1018 4959 1151 5029 fuit,
1191 4960 1387 5036 iisdem
1432 4959 1584 5015 fuere
1617 4959 1758 5036 teni-

184 5029 442 5106 poribus.
472 5076 483 5087 .
594 5073 609 5088 .
644 5031 742 5085 llic
794 5031 1006 5100 primus
1057 5030 1302 5084 omnium
1343 5029 1754 5106 Joveiii_appel-

186 5099 342 5166 lavit,
386 5105 680 5159 simulacra
736 5099 975 5171 reperit,
1023 5117 1173 5155 aram
1234 5102 1458 5164 statuit,
1500 5099 1754 5171 victimas

186 5175 517 5238 immolavit,
552 5168 898 5243 nequaquam
948 5171 1255 5227 istiusmodi
1290 5172 1468 5243 rebus
1509 5171 1567 5224 in
1607 5168 1758 5243 Gym-

187 5250 266 5300 ria
328 5260 568 5317 unquam
637 5240 850 5317 visis._i
901 5240 1302 5317 Add_ai_nus,__si
1347 5241 1519 5317 lubet,
1564 5240 1754 5296 eadem

187 5312 479 5388 quoqiie'a
533 5314 739 5387 Cyrillo
789 5312 1161 5369 Alexandrino
1200 5313 1243 5343 ³⁵⁵
1291 5320 1345 5368 et
1395 5312 1519 5366 aliis
1570 5323 1759 5383 postea

188 5388 395 5444 referri.

1862 1853 1954 1924 rit,
1981 1854 2097 1924 ipse
2124 1868 2340 1924 quoque
2368 1854 2586 1923 penitus
2618 1863 2778 1908 tacet.

1933 1923 2264 1979 Lactantius
2281 1940 2412 1994 vero
2439 1924 2690 1994 perhibet
2729 1941 2823 1980 seu
2860 1939 2891 1978 a
2924 1924 3177 1980 Melisseo
3208 1924 3442 1981 Creten-

1861 1996 2002 2066 siuin
2031 2010 2157 2066 rege
2178 2034 2195 2058 ,
2243 2002 2301 2049 ut
2332 1993 2624 2066 Didymus
2650 1995 2925 2066 memoriae
2979 1997 3222 2066 prodidit
3250 1997 3317 2056 ⁸³.
3346 2012 3442 2052 seu

1861 2068 1930 2119 ab
1963 2062 2265 2134 ipso'Jove,
2327 2071 2388 2118 ut
2438 2062 2673 2119 tradidit
2738 2062 3127 2131 Evehemerus,
3189 2082 3445 2122 manasse

1859 2135 2086 2191 deorum
2136 2134 2488 2207 colendorum
2524 2138 2988 2207 superstitionem.
3024 2137 3094 2190 At
3136 2136 3228 2193 ille
3282 2138 3444 2207 paulo

1860 2221 2027 2276 supra
2058 2206 2310 2261 eumdem
2348 2206 2556 2262 idcirco
2576 2211 2801 2261 damnat
2832 2206 3165 2272 Melisseum,
3191 2206 3337 2278 quod
3367 2209 3444 2261 ri-

1862 2284 1951 2348 tus
1980 2291 2151 2332 novos
2185 2291 2582 2348 sacrorumque
2604 2292 2833 2348 pompas
2862 2279 3277 2348 excogitaverit.
3304 2278 3445 2333 Ante

1862 2346 1957 2428 il|a_
1992 2348 2162 2428 igitur
2197 2356 2451 2428 tempora
2484 2346 2617 2428 alii;
2632 2346 2860 2428 deorum
2890 2346 3248 2428 colendorum
3279 2350 3441 2428 ritus,

1858 2416 2048 2471 eodem
2081 2416 2369 2472 Lactantio
2400 2425 2556 2479 teste.
2585 2418 2698 2487 jam
2733 2418 2862 2472 alibi
2901 2419 3275 2473 obtinuerant.
3310 2418 3445 2472 Nul-

1863 2488 1947 2541 lus
1971 2489 2156 2557 itaque
2186 2504 2248 2542 ex
2296 2488 2403 2552 his,
2438 2504 2612 2558 neque
2643 2488 2870 2545 forsitan
2905 2505 2971 2543 ex
3002 2489 3126 2543 aliis
3153 2490 3444 2558 scriptori-

1862 2558 1965 2630 bus
1997 2561 2165 2630 nobis
2213 2558 2434 2630 definite
2462 2559 2749 2630 edisserit,
2782 2560 2875 2628 qui
2920 2567 3014 2613 aut
3059 2574 3169 2630 quo
3198 2567 3446 2629 tempore

1862 2629 2134 2692 homines,
2168 2643 2199 2682 a
2232 2630 2347 2699 veri
2383 2628 2474 2684 Dei
2505 2632 2654 2683 cultu
2684 2628 3091 2691 desciscentes,
3130 2630 3272 2699 ipsis
3292 2628 3447 2684 crea-

1861 2700 2001 2770 ttiris
2030 2714 2229 2754 nomen
2248 2698 2362 2765 Dei,
2398 2700 2628 2770 ejusque
2661 2708 2980 2755 naturainet
2999 2698 3236 2755 honores
3271 2700 3448 2756 ascri-

1860 2768 2036 2823 benda
2069 2778 2421 2825 censuerunt.

1931 2838 2188 2907 Ejusdem
2228 2847 2407 2893 tamen
2456 2838 2727 2895 Lactantii
2786 2840 3130 2911 aliorumque
3183 2840 3473 2910 plurimoo.

1860 2925 1981 2964 rum
2012 2925 2137 2965 cum
2167 2911 2517 2980 antiquorum
2546 2919 2660 2963 tum
2685 2912 3050 2966 recentiorum
3087 2915 3443 2980 scriptorum,

1861 2990 2025 3049 atque
2054 2982 2110 3035 in
2146 2981 2338 3052 primis
2368 2981 2557 3052 Cyrilli
2603 2981 2960 3036 Alexandrini
2990 2983 3058 3049 δι,
3084 2992 3249 3051 atque
3280 2984 3443 3035 etiam

1863 3060 2051 3122 postea
2084 3050 2263 3107 sancti
2286 3050 2509 3106 Theium
2534 3050 2579 3082 "‘
2612 3051 2843 3122 ejusque
2886 3061 3217 3108 sectatorum
3249 3067 3312 3106 ea
3343 3052 3446 3105 fuit

1785 3149 1830 3209 ρ
1860 3117 2318 3209 opiiiio,‘nullam
2365 3122 2538 3209 prima
2569 3117 2947 3209 mundizetate
2973 3163 2987 3186 ,
3017 3125 3152 3209 {hoc
3179 3132 3284 3204 est.
3319 3132 3446 3177 ante

1861 3191 2051 3246 diluvii
2083 3191 2555 3263 temporaﬂuisse
2604 3191 2990 3263 idololatriam.
3013 3192 3152 3261 Quid
3177 3194 3323 3248 enim
3351 3209 3447 3251 ex-

1861 3265 2108 3332 pressius
2160 3262 2238 3334 et
2277 3265 2483 3319 clarius
2539 3263 2625 3317 his
2666 3262 2933 3330 Lactantii
2983 3266 3204 3324 verbis.
3243 3263 3447 3334 quibus

1860 3334 2057 3393 Chatti.
2119 3348 2149 3387 a
2199 3332 2310 3391 Noe
2354 3344 2509 3404 patre
2564 3349 2666 3388 suo
2713 3335 3097 3405 reprobatum.
3165 3332 3291 3391 ﬁliis
3322 3335 3446 3405 suis

1902 3407 2093 3457 rimuni
2122 3404 2482 3475 ignorantiam
2509 3404 2796 3473 reliquisse
2820 3404 2911 3459 Dei
2938 3406 3017 3459 sic
3043 3413 3248 3459 narrat:
3276 3425 3292 3455 ι
3320 3404 3445 3460 llaac

1902 3421 2093 3457 rimuni
2122 3421 2482 3475 ignorantiam
2509 3421 2796 3473 reiiqutsse
2821 3421 2911 3459 uet
2938 3421 3017 3459 szc
3043 3421 3248 3459 narrat:
3276 3425 3292 3455 ι
3320 3421 3442 3460 itaet:

1860 3421 1965 3529 Fuit
2001 3476 2177 3544 prima
2224 3491 2393 3545 gens,
2441 3491 2562 3544 qua:
2611 3474 2777 3530 Deum
2834 3477 3141 3544 ignoravit;
3185 3479 3442 3545 quoniam

1861 3547 2118 3616 princeps
2157 3545 2278 3614 ejus
2312 3555 2366 3599 et
2409 3545 2662 3600 conditor
2692 3546 2920 3616 cultum
2970 3545 3062 3600 Dei
3096 3562 3126 3599 a
3157 3557 3310 3615 patre
3335 3562 3442 3598 non

1861 3615 2092 3685 accepit,
2128 3616 2453 3669 maledictus
2484 3617 2551 3669 ab
2575 3631 2661 3671 eo.
2690 3615 2873 3685 Itaque
2904 3616 3266 3680 ignorantiam
3299 3616 3445 3668 divi-

1862 3684 2053 3741 nitatis
2085 3687 2388 3740 minoribus
2433 3686 2550 3739 suis
2570 3684 2904 3755 reliquit"...
2934 3684 3133 3740 Errant
3156 3688 3321 3756 igitur
3352 3687 3444 3755 qui

1863 3758 2090 3811 deorum
2117 3757 2298 3811 cultus
2326 3756 2393 3809 ab
2420 3758 2646 3811 exordio
2674 3772 2859 3811 rerum
2881 3757 3053 3811 fuisse
3081 3755 3441 3820 contendunt,

1861 3836 1917 3883 et
1976 3841 2211 3898 priorem
2269 3842 2391 3881 esse
2444 3828 2801 3894 gentilitatem
2863 3842 3026 3898 quam
3082 3825 3173 3881 Dei
3226 3827 3446 3897 religio-

1864 3913 1987 3952 nem
2021 3897 2092 3949 “?
2130 3916 2147 3947 ι
2196 3898 2513 3951 Lactantius
2543 3913 2673 3967 ergo
2705 3897 2907 3967 aliique
2947 3905 3200 3952 auctores
3225 3912 3253 3951 a
3282 3898 3445 3952 nobis

1863 3968 2016 4023 citati
2050 3975 2243 4037 putant
2274 3983 2455 4022 veram
2494 3969 2657 4021 unius
2686 3967 2779 4021 Dei
2807 3969 3196 4039 cognitionem,
3221 3975 3445 4037 propter

1863 4047 2135 4095 recentem
2162 4040 2460 4093 creationis
2491 4039 2678 4091 mundi
2738 4041 3080 4101 memoriam,
3121 4040 3321 4093 animis
3346 4041 3445 4093 lib-

1865 4110 2073 4163 minum
2099 4108 2171 4161 ita
2202 4108 2371 4163 fuisse
2394 4110 2648 4174 inlixaut;
2682 4117 2741 4162 tit
2769 4120 2880 4163 tum
2916 4110 3101 4163 nullus
3129 4111 3444 4163 mortalium

1865 4194 1895 4233 a
1926 4181 2144 4234 sincero
2173 4178 2268 4233 Dei
2298 4180 2445 4232 cultu
2476 4186 2530 4231 et
2555 4181 2904 4234 veneratione
2925 4179 3206 4235 defecerit.

1942 4249 2138 4306 Verum
2177 4249 2306 4303 huic
2341 4252 2625 4304 sententia:
2656 4250 2745 4303 alii
2772 4265 2970 4319 magno
2998 4251 3216 4320 quidem
3247 4265 3443 4304 nume-

1865 4335 1948 4385 ro,
1974 4321 2068 4376 sed
2102 4336 2211 4375 non
2230 4320 2420 4375 iisdem
2454 4335 2644 4375 omnes
2664 4322 2936 4373 rationum
2964 4323 3254 4375 momentis
3272 4320 3447 4375 enini-

1869 4407 1938 4446 no
1990 4390 2355 4462 refragantur.
2412 4389 2671 4462 Nonnulli
2715 4391 2994 4462 siquidem
3020 4391 3281 4446 falsorum
3310 4391 3443 4445 deo-

1868 4478 1991 4516 rum
2031 4458 2238 4517 cultum
2288 4471 2533 4531 tempore
2562 4460 2726 4517 Enosi
2754 4458 2907 4530 [qui
2964 4458 3115 4516 Setlii
3150 4463 3293 4515 illius
3318 4461 3439 4527 fuit,

1868 4533 2074 4603 primas
2121 4531 2337 4587 radices
2370 4532 2550 4602 egisse
2584 4541 2889 4587 autumant.
2925 4532 3060 4586 Illud
3091 4541 3272 4603 autem
3318 4533 3444 4587 inde

1866 4601 2099 4673 probare
2139 4601 2607 4673 nituntur,_quia
2657 4603 2800 4672 quod
2842 4603 2898 4656 in
2928 4604 3144 4673 vulgata
3166 4601 3443 4658 Geneseos

1863 4670 2116 4729 versione
2143 4673 2410 4743 decedent
2432 4670 2615 4743 Eiioso
2654 4670 2849 4743 legitur
2877 4690 2890 4726 :
2925 4692 2943 4725 ε
2975 4670 3081 4728 Iste
3102 4674 3445 4743 crepitiuvo-

1868 4760 1996 4800 care
2028 4758 2226 4799 nomen
2244 4742 2458 4798 Domini
2476 4742 2543 4807 ⁸⁷,
2582 4763 2601 4795 i
2622 4787 2641 4809 ,
2665 4742 2794 4798 illud
2816 4744 3133 4814 paraphrasi
3150 4744 3444 4798 Chaldaica

1862 4830 1969 4869 non
2002 4815 2145 4868 male
2177 4814 2447 4868 redditum
2479 4815 2849 4869 arbitrantur:
2891 4831 2905 4864 t
2942 4814 3097 4868 Tune
3139 4815 3194 4867 in
3248 4814 3444 4868 diebus

1859 4889 1981 4954 ejus
2011 4883 2441 4955 supersederunt
2471 4884 2562 4955 filii
2588 4885 2869 4939 hominum
2902 4886 2971 4938 ab
3003 4884 3309 4939 invocando
3345 4900 3446 4937 no-

1862 4971 1983 5010 men
2016 4954 2251 5025 Domini.
2288 4973 2307 5007 ι
2333 4954 2490 5021 Quod
2511 4956 2731 5025 quidem
2764 4962 2957 5024 putant
2981 4956 3212 5009 stabiliri
3237 4970 3302 5007 ex
3325 4955 3444 5023 ipso

1856 5028 2021 5080 etiam
2049 5024 2317 5096 Hebraico
2353 5024 2718 5096 testu,’quem
2755 5029 2835 5080 sic
2876 5026 3030 5080 aiunt
3060 5040 3183 5080 esse
3224 5036 3442 5079 verten-

1857 5097 2025 5221 slu‘m:
2063 5115 2083 5147 ι
2112 5094 2267 5150 Tunc
2308 5094 2655 5167 profanatum
2695 5107 2781 5152 est
2811 5098 2867 5151 in
2891 5096 3205 5150 invocando
3237 5110 3441 5151 nomen

1892 5184 1921 5221 e
1946 5183 2096 5220 iovze.
2133 5186 2152 5219 ι

1892 5169 2096 5221 eliovze.
2133 5186 2152 5219 ι

1931 5236 2035 5291 Sed
2074 5237 2160 5292 his
2192 5236 2284 5291 alii
2331 5243 2518 5307 aperte
2544 5245 2600 5291 et
2628 5238 2804 5308 palam
2852 5237 3183 5300 reclamant,
3214 5243 3445 5292 conten-

1863 5308 2106 5377 duntque
2135 5308 2300 5361 alium
2322 5306 2547 5361 omnino
2569 5306 2692 5362 esse
2715 5306 2967 5363 Hebraici
2985 5317 3167 5365 textus
3194 5324 3439 5368 sensum,

1864 5395 2026 5450 quem
2059 5379 2303 5449 profecto
2344 5379 2724 5448 unusquisque
2761 5394 2840 5444 ex
2871 5380 3042 5434 variis
3082 5379 3313 5450 hujusce
3338 5380 3440 5433 loci

257 5550 547 5623 f'Admon.
574 5553 661 5610 ad.
689 5552 890 5618 Graia,
925 5568 1048 5623 pag.
1070 5552 1164 5609 28.
1242 5552 1289 5584 “
1316 5552 1412 5610 lib.
1444 5567 1482 5607 tt
1503 5550 1730 5623 Appar.,
1771 5550 1994 5623 dissert.
2020 5547 2081 5623 2.
2113 5563 2230 5623 cap.
2258 5548 2312 5613 6,
2345 5549 2372 5619 θ
2399 5548 2489 5623 2].
2566 5548 2612 5579 "
2636 5546 2770 5623 G_eAn.
2800 5562 2887 5623 iii,
2918 5547 2985 5623 ξι
3029 5548 3087 5623 ,ξ’
3113 5546 3321 5623 Euseb.
3344 5547 3440 5603 lib.

191 5638 217 5694 i_
241 5621 473 5691 Praepar.
507 5640 725 5694 evang,
764 5640 884 5692 cap.
918 5621 951 5677 6
980 5621 1043 5694 et
1061 5639 1175 5694 seq.

190 5689 409 5764 Julian},
439 5710 563 5764 pag.
600 5689 683 5750 ισ.
713 5689 719 5691 '
780 5689 948 5747 Mrlib.
977 5711 994 5749 i
1023 5689 1198 5764 Prae'p.
1227 5710 1443 5764 evang,
1478 5708 1537 5764 c._
1560 5689 1651 5748 ‘10.

193 5778 250 5835 sa
271 5763 448 5835 rel_ig.,
482 5763 605 5835 pag.
637 5766 740 5821 150
771 5774 825 5821 et
853 5765 975 5819 l5l.

1255 5624 1299 5654 "
1327 5623 1458 5678 ibid.
1488 5636 1610 5691 cap.
1643 5622 1697 5685 6,
1731 5635 1836 5693 pag

1052 5763 1099 5801 ⁸⁸
1130 5761 1473 5835 Cyril.Cont.
1508 5761 1815 5835 Julianu‘p.
1854 5764 1941 5825 lli,
1965 5761 2146 5835 etAlib.
2177 5779 2258 5827 tu,
2295 5761 2496 5833 p.110.

1843 5665 1853 5675 .
1882 5621 1964 5675 l7.
2044 5621 2088 5653 ³³
2112 5617 2242 5673 ibid.
2275 5617 2398 5688 cap.
2430 5618 2485 5681 9,
2510 5634 2632 5690 pag.
2661 5619 2751 5673 '50.
2790 5689 2797 5690 γ
2831 5619 2875 5649 ³⁸
2915 5619 3086 5690 Cyri].
3113 5618 3211 5675 lib.
3239 5617 3444 5690 iCont.

1750 5689 2079 5746 u’iierouot.
2101 5691 2207 5762 lib.
2245 5706 2306 5755 ιι,
2342 5690 2473 5762 gas.
2515 5689 2518 5690 ί
2550 5693 2595 5723 ι’
2623 5690 2752 5762 ibid-
2773 5689 2809 5762 ἑ
2828 5690 2881 5744 ‘-

2988 5694 3008 5722 ³
3038 5691 3158 5745 Lib.
3186 5707 3205 5745 i
3236 5688 3308 5743 De
3338 5687 3438 5742 fal-

2600 5762 2644 5795 “
2680 5760 2741 5817 D.
2770 5760 3109 5828 TliOm.9.-2,
3140 5777 3193 5832 (ι.
3225 5760 3315 5827 94,
3341 5765 3446 5812 art.

191 5833 244 5888 2.
318 5833 359 5864 “
386 5830 636 5927 Lactant.
668 5837 762 5893 lib.
799 5853 838 5894 it
870 5835 944 5891 De
976 5836 1112 5891 falsa
1148 5830 1325 5908 relig.,
1361 5853 1411 5908 p.
1446 5835 1571 5891 2M.
1650 5834 1693 5866 ⁸⁵⁷
1718 5830 1852 5889 ϐῐεῐι.
1889 5850 1962 5900 tv,
1984 5830 2072 5886 9.6.
