3964 6312
121 369 254 433 893

124 493 436 549 omnium
500 495 691 566 primi,
729 514 748 548 ο
777 497 860 568 ita
888 496 1274 568 illeloquitur,
1310 515 1328 549 ι
1358 496 1451 567 qui
1493 494 1788 568 .IEgypIum

124 578 556 637 occuparunt
576 566 825 637 caelestia
859 566 1141 637 suscipere
1167 575 1331 637 atque
1357 566 1587 621 adorare
1607 566 1789 637 coepe-

125 646 311 708 runt.
342 634 587 691 Ceteri
632 643 812 690 autem
848 638 942 708 qui
987 634 1084 708 per
1124 634 1326 692 terram
1360 638 1593 708 dispersi
1634 634 1783 701 sunt,

125 705 552 763 admirantes
577 708 844 762 elementa
865 705 1081 772 mundi,
1100 708 1320 770 cmlum,
1344 705 1535 772 solem,
1564 716 1784 771 terram,

128 788 344 839 mare,
392 777 546 849 siue
577 778 703 832 ullis
728 777 1068 849 imaginibus
1097 793 1161 832 ac
1202 779 1420 848 templis
1449 778 1788 849 veneraban-

126 852 267 909 tur,
338 854 410 899 et
459 848 562 902 his
597 847 873 903 sacriﬁcia
900 848 955 902 in
980 856 1169 916 aperto
1201 847 1578 913 celebrabant;
1614 847 1785 901 donec

132 929 458 988 processu
496 925 807 988 temporum
841 919 1234 988 potentissimis
1261 919 1477 988 regibus
1495 918 1693 988 templa
1722 932 1787 970 ac

134 985 511 1041 simulacra
546 985 813 1051 fecerunt,
838 985 1011 1051 eaque
1044 989 1281 1042 victimis
1309 985 1362 1043 et
1396 985 1659 1042 odoribus
1693 1002 1788 1039 co-

135 1056 271 1109 lere
312 1057 714 1129 instituerunt
736 1058 800 1129 ⁸9.
844 1077 862 1109 ι
917 1056 1077 1112 Nulla
1126 1059 1291 1129 igitur
1337 1058 1426 1112 ille
1464 1074 1573 1129 non
1625 1057 1787 1129 modo

134 1134 293 1181 ante
330 1127 667 1191 diluvium,
693 1128 787 1183 sed
828 1129 989 1197 longo
1020 1127 1183 1182 etiam
1215 1134 1339 1198 post
1364 1127 1497 1181 illud
1522 1128 1786 1197 temporis

138 1198 502 1251 intervallo
539 1207 769 1253 testatur
799 1198 968 1253 fuisse
998 1198 1216 1266 templa,
1252 1199 1538 1267 nullasque
1560 1198 1785 1252 deorum

141 1267 498 1336 imagines.
526 1268 667 1323 Ante
692 1270 838 1336 jacta
865 1271 1141 1323 eniinvero
1157 1284 1445 1338 regnorum
1472 1268 1788 1321 fundamen-

140 1343 232 1396 ta,
261 1338 496 1401 nullae,
539 1339 631 1392 illo
653 1347 809 1403 teste,
837 1338 1051 1393 fuerant
1073 1339 1216 1393 :edes
1237 1339 1343 1392 diis
1366 1354 1554 1402 sacrm,
1584 1345 1639 1391 et
1666 1353 1787 1407 quae

146 1409 439 1475 primum
488 1410 644 1471 visae,
677 1426 752 1464 ea:
782 1426 889 1463 non
920 1410 1020 1464 soli
1052 1417 1105 1463 et
1156 1410 1317 1471 lunae,
1345 1417 1437 1462 aut
1471 1407 1657 1471 astris,
1689 1422 1786 1462 seu

146 1478 553 1549 guibuslibet
578 1480 701 1533 aliis
728 1480 1025 1537 creaturis.
1058 1480 1257 1549 quibus
1290 1479 1474 1549 divina
1501 1488 1694 1549 natura
1718 1478 1787 1549 ab

148 1545 529 1619 horninibus
568 1550 803 1619 primum
828 1545 1189 1618 ascripta'est,
1249 1548 1344 1604 sed
1392 1546 1786 1619 potentissimis

150 1618 420 1686 regibus
452 1618 741 1673 tediﬁcatu:
764 1628 912 1674 sunt.

232 1685 333 1740 Ab
365 1686 669 1743 Herodoto
701 1698 880 1744 tamen
915 1687 1179 1758 scriptum
1208 1687 1441 1759 legimus
1462 1687 1601 1741 hanc
1618 1685 1787 1741 fuisse

152 1754 598 1838 Egyptiurum
628 1760 960 1838 opinionem,
999 1754 1107 1813 (se
1136 1754 1357 1838 primos
1383 1759 1597 1838 diisnet
1622 1771 1782 1838 aras,

155 1837 216 1880 et
249 1827 615 1890 Silllulacra,
642 1827 694 1884 et
725 1830 951 1884 delubra
983 1828 1278 1892 statuisse;
1309 1829 1440 1898 quin
1463 1828 1626 1883 etiam
1662 1827 1781 1880 ani-

157 1898 450 1969 iualiauin
486 1900 637 1954 saxis
686 1900 1013 1969 sculpsisse;
1054 1914 1284 1969 quarum
1319 1913 1499 1969 rerum)
1524 1898 1784 1969 pleraque

156 1965 243 2020 ita
275 1966 511 2040 effecta
560 1985 723 2040 opere
766 1965 1211 2040 demonstrabant
1232 1968 1299 2040 δέ.
1336 1987 1354 2019 ι
1389 1967 1454 2021 Et
1478 1965 1544 2040 id
1569 1965 1785 2040 quidem

163 2035 612 2106 antiquissima
638 2038 1154 2100 Sanchouiathonis,
1188 2038 1347 2103 cujus
1379 2038 1543 2092 verba
1569 2035 1636 2093 ex
1656 2035 1788 2106 Phi-

164 2105 308 2178 lone
324 2105 550 2164 ’Biblio
570 2110 753 2164 retulit
771 2109 1058 2168 Eusebius.
1091 2116 1270 2178 potest
1293 2108 1619 2163 auctoritate
1642 2105 1786 2161 haud

164 2176 452 2249 absurde
484 2178 822 2249 conﬁrmari.
854 2178 930 2232 Ex
986 2176 1216 2249 utroque
1258 2180 1403 2234 enim
1461 2187 1650 2233 narrat
1697 2178 1787 2249 ille

163 2242 503 2321 Phoenices
535 2258 589 2303 et
640 2247 925 2321 Egyptios
949 2242 1150 2304 divinis
1182 2249 1482 2321 honoribus
1525 2264 1620 2303 eos
1651 2248 1785 2302 affe-

164 2316 356 2383 cisse,
385 2335 545 2389 quos
574 2321 676 2374 sibi
711 2316 1066 2389 plurimorum
1098 2329 1351 2374 auctores
1373 2318 1640 2389 bonorum
1664 2333 1786 2373 esse

169 2388 539 2455 persuaSum
564 2388 832 2445 habebant
864 2408 876 2443 :
914 2408 931 2440 ι
955 2389 1032 2444 Ac
1054 2390 1400 2459 templorum,
1428 2388 1625 2459 inquit,
1657 2404 1781 2453 usu,

168 2474 306 2525 qua:
346 2459 481 2526 jam
540 2470 665 2514 ante
698 2469 1012 2514 constructa
1068 2459 1317 2522 fuerant,
1360 2458 1461 2514 hoc
1491 2458 1557 2513 ad
1586 2474 1785 2513 munus

167 2526 558 2599 umciumque
578 2530 851 2593 traducto,
887 2530 1170 2584 columnas
1194 2529 1437 2599 insuper,
1463 2535 1784 2599 statuasque

172 2595 412 2668 ligneas
462 2595 709 2668 ipsorum
754 2600 973 2655 nomine
1004 2595 1416 2654 consecrarunt.
1471 2601 1581 2652 Καὶ
1618 2595 1785 2663 εἰς’τὸ

172 2667 369 2738 χρεὼν
404 2667 789 2740 καὲᾳστάντας
818 2671 978 2733 ναοὺς
1011 2671 1541 2740 μετασκευασάμενοι
1586 2670 1785 2739 amid;

171 2746 238 2812 Et
287 2740 395 2812 κᾳὶ
447 2739 682 2812 ῥάϐδοιές
713 2739 971 2812 ἁφιέρουν
1014 2739 1071 2806 ἐξ
1101 2740 1362 2812 ὀνόματος
1398 2739 1581 2812 θαύῖῷν
1603 2741 1677 2812 -⁶¹.
1710 2740 1786 2794 De

176 2804 383 2864 Persis
419 2804 608 2864 autem
632 2804 940 2867 Herodotus
970 2804 1094 2866 ante
1112 2804 1335 2865 citatum
1360 2825 1390 2863 a
1420 2810 1581 2865 nobis
1602 2810 1781 2863 locum

177 2876 463 2933 dixerat:
502 2899 520 2931 ι
559 2878 745 2951 Neque
798 2887 1053 2951 statuas,
1101 2896 1276 2951 neque
1314 2880 1515 2951 templa
1539 2918 1562 2951 ,_
1607 2894 1786 2950 neque

178 2961 320 3020 aras
372 2949 671 3005 exstruere
727 2949 1068 3005 consuetudo
1104 2949 1232 3005 est:
1264 2950 1511 3020 quinimo
1539 2949 1654 3020 hoc
1696 2949 1784 3004 fa-

184 3016 489 3091 cientibus
520 3020 748 3075 insaniae
776 3022 1038 3091 tribuere,
1070 3021 1140 3074 ob
1169 3021 1244 3091 id,
1277 3016 1336 3091 ut
1368 3035 1486 3074 mea
1512 3019 1632 3091 fert
1664 3021 1783 3091 opi-

181 3087 317 3160 nio,
342 3091 503 3160 quod
535 3106 665 3153 non,
685 3089 1140 3160 quemadmodum
1171 3088 1365 3153 Graeci,
1383 3089 1628 3145 sentiunt
1649 3087 1782 3147 deos

184 3171 255 3211 ex
308 3159 640 3215 huminibus
683 3159 807 3215 esse
862 3169 1014 3215 ortos
1037 3160 1101 3214 ⁸³.
1143 3178 1162 3212 ι
1221 3159 1385 3215 Addit
1432 3167 1611 3214 tamen
1660 3161 1782 3216 illos

184 3226 312 3282 Jovi
334 3271 351 3294 ,
400 3231 565 3303 soli,
586 3230 732 3285 luna:
753 3270 780 3303 ,_
803 3231 1033 3303 aliisque
1064 3230 1147 3303 in‘
1168 3229 1536 3303 loco_muudo
1570 3232 1783 3287 sacriﬁ-

185 3312 358 3372 casse
378 3342 396 3365 ,
433 3301 712 3372 certisque
739 3298 1278 3357 ritibus'immolasse
1305 3300 1533 3372 hostias.

260 3369 467 3425 Prima
489 3369 650 3441 porro
684 3371 911 3441 deorum
940 3372 1138 3440 templa
1162 3409 1178 3434 ,
1226 3371 1577 3441 atquegetiam
1609 3369 1782 3426 simu-

187 3437 345 3494 lacra
400 3437 504 3495 ab'
534 3439 794 3512 Osiridel,
832 3440 984 3512 Jovis
1007 3437 1138 3512 ﬁlio,
1186 3437 1328 3512 apud
1350 3439 1638 3512 Egyptios
1668 3443 1784 3511 pri-

185 3523 344 3564 mum
403 3510 629 3566 condita
693 3510 863 3567 fuisse
893 3550 909 3574 ,
969 3511 1054 3565 his
1110 3510 1291 3568 verbis
1362 3510 1472 3565 non
1550 3510 1782 3567 obscure

191 3575 483 3651 Diodorus
524 3582 746 3651 Siculus
779 3581 1049 3651 signiﬁcat
1075 3599 1088 3634 :
1114 3599 1144 3651 _(
1178 3580 1332 3636 Multi
1377 3581 1598 3651 tradunt
1641 3596 1778 3636 con-

189 3647 376 3723 ditum
410 3650 488 3706 ab
508 3650 721 3723 Osiride
748 3647 1065 3721 parentibus
1105 3649 1226 3706 Jovi
1283 3658 1357 3723 et_
1386 3650 1590 3723 .lunoni
1640 3660 1781 3707 tem-

190 3720 373 3799 pium,
410 3720 790 3799 magnitudine
838 3732 893 3775 et
943 3728 1220 3799 structura
1270 3721 1484 3799 nobile,
1535 3720 1780 3799 fanaque

195 3790 442 3861 insuper
484 3790 594 3862 duo
628 3790 748 3847 Jovi
778 3806 965 3854 aurea,
997 3792 1176 3860 majus
1209 3792 1441 3857 etelesti,
1477 3791 1659 3847 minus
1684 3790 1780 3862 qui

193 3860 458 3933 regnavit
487 3860 622 3933 illic,
655 3862 795 3933 patri
828 3877 931 3917 suo
952 3900 967 3925 ,
993 3877 1157 3933 quem
1191 3861 1513 3916 Ammonem
1546 3860 1777 3933 vocarit,

195 3930 494 4003 dedicasse
537 3930 712 4003 ipsum
749 3931 953 4003 ferunt.
974 3930 1259 4003 Statuisse
1297 3934 1464 3986 etiam
1506 3932 1630 3987 aliis
1672 3932 1780 3989 diis

198 4002 411 4073 sacella
447 4018 513 4058 ex
542 4002 698 4065 auro,
743 4002 861 4058 suis
891 4002 1187 4073 unicuique
1219 4003 1520 4073 honoribus
1548 4002 1780 4073 attribu-

196 4071 289 4133 tls,
320 4080 379 4127 et
434 4073 812 4128 sacerdotibus
860 4088 1007 4127 curae
1052 4071 1334 4143 sacrorum
1379 4072 1669 4143 praefectis.
1718 4071 1779 4128 In

199 4143 380 4214 pretio
415 4151 594 4198 autem
626 4143 890 4214 singulari
915 4143 1063 4214 apud
1080 4141 1281 4199 Osirim
1323 4141 1597 4214 etisidem
1625 4143 1779 4214 habi-

200 4218 287 4266 tos
315 4212 635 4284 inventores
676 4212 898 4277 artium,
923 4212 977 4269 et
1004 4214 1099 4284 qui
1129 4214 1268 4284 utile
1293 4213 1570 4284 quidpia_m
1598 4212 1779 4284 archi-

200 4288 567 4339 tectarentur.
601 4282 726 4339 Ideo
748 4284 873 4339 teris
903 4293 957 4339 et
984 4281 1103 4339 auri
1136 4281 1367 4339 oﬁicin’is
1398 4281 1454 4339 iu
1501 4281 1779 4340 Thebaide

203 4354 481 4425 repertis,
516 4353 780 4409 fabricata
826 4368 1068 4425 arma....
1115 4354 1409 4425 simulacra
1456 4368 1675 4425 quoque
1723 4361 1779 4409 et

205 4422 329 4477 lana
360 4422 525 4478 deum
547 4439 710 4479 aurea
737 4424 1083 4480 elaborarent
1108 4423 1177 4479 “.
1199 4443 1218 4475 ι
1266 4422 1323 4478 Si
1364 4422 1663 4480 coniendas
1693 4430 1776 4477 ta-

202 4505 327 4547 men
350 4493 649 4566 Diodorum
677 4495 745 4566 de
766 4495 948 4549 aureis
973 4494 1351 4566 tantummodo
1377 4493 1523 4566 loqui
1552 4495 1774 4550 deorum

208 4564 447 4635 templis,
476 4580 583 4619 non
605 4565 872 4620 audemus
900 4564 1118 4635 quidem
1147 4563 1247 4618 tibi
1274 4563 1495 4619 omnino
1514 4579 1778 4635 repugna-

206 4645 283 4706 re.
317 4634 520 4689 Verum
569 4637 698 4703 quia
731 4635 839 4706 ille
884 4634 951 4691 de
979 4635 1047 4691 iis
1075 4674 1090 4699 ,
1144 4650 1267 4705 qua:
1296 4636 1529 4706 primum
1562 4634 1781 4706 condita

209 4698 396 4776 fuere,
425 4698 673 4776 “templis
713 4704 995 4775 disputare
1028 4698 1272 4776 videtur,
1297 4698 1456 4759 "nulla
1480 4704 1686 4776 idcirco
1713 4720 1781 4759 ex

210 4771 385 4846 villiori
420 4773 526 4845 52
569 4771 745 4831 aliave
766 4771 1015 4846 materia,
1064 4775 1363 4831 secundum
1397 4790 1590 4829 vanam
1614 4773 1784 4846 Egyc

213 4842 455 4964 ﬁliorum
484 4842 818 4928 opinionem,
858 4845 1005 4916 apud
1040 4862 1137 4903 eos
1162 4847 1315 4916 prius
1346 4847 1584 4901 excitata
1608 4842 1779 4901 fuisse

252 4914 356 4964 aud
388 4915 551 4964 dubie
573 4915 865 4964 smmﬁcat-

252 4914 357 4987 aud
388 4915 551 4971 dubie
573 4915 865 4987 signiﬁcat.

285 4986 535 5056 Diogenis
564 4984 761 5050 tamen
795 4984 1000 5041 Laertii
1044 4992 1203 5041 aetate
1247 4984 1390 5040 fama
1417 4985 1778 5056 quorumdam

214 5055 460 5126 sermone
493 5056 893 5126 percrebruerat,
927 5055 1152 5111 delubra
1190 5055 1524 5126 primum’ab
1553 5055 1769 5126 Epime-

213 5123 333 5196 uide
351 5166 367 5192 ,
396 5123 553 5196 poeta
584 5134 639 5181 et
665 5126 1019 5196 philosopho,
1049 5126 1157 5180 diis
1186 5123 1309 5182 esse
1342 5123 1677 5181 constructa.
1710 5124 1770 5196 in

214 5190 372 5261 hujus
398 5190 701 5252 'enimvero
758 5190 1069 5266 philosophi
1116 5196 1225 5251 vita
1279 5196 1410 5266 haec
1443 5196 1534 5251 ille
1574 5195 1772 5266 litteris

213 5266 517 5337 mandavit:
558 5285 577 5317 ι
610 5265 806 5320 Fertur
832 5265 1041 5337 primus
1084 5281 1249 5337 agros
1294 5265 1579 5337 expiasse,
1620 5265 1775 5320 delu-

215 5331 411 5407 braque
441 5337 679 5407 erexisse
708 5338 775 5393 ".
813 5331 848 5389 ι’
870 5337 939 5390 At
970 5352 1092 5407 cum
1125 5331 1489 5407 Epimenides,
1526 5335 1774 5406 Lycurgo

215 5400 507 5472 legislatori
549 5422 799 5463 coaevus.
836 5408 984 5473 circa
995 5400 1385 5481 plympiadem
1419 5421 1544 5460 xuv
1572 5400 1775 5462 vixisse

283 5557 328 5591 ⁶⁹
375 5558 621 5617 Lactant.
662 5552 776 5619 ‘lib.
841 5576 883 5617 it
938 5561 1014 5616 De
1070 5560 1239 5632 orig,
1272 5560 1497 5632 erroris,
1556 5575 1682 5632 pag.
1729 5559 1853 5615 215.

216 5619 441 5702 lh’rzepar.
465 5647 683 5702 evang.,
715 5648 766 5686 c.
797 5632 849 5696 9,
884 5633 953 5687 52
982 5640 1036 5686 et
1056 5619 1190 5687 '53."
1224 5619 1575 5702 "llierod'ot:
1600 5619 1692 5702 lib.
1731 5645 1771 5690 ι.

776 376 957 432 ALIIE
998 374 1065 432 IN
1100 373 1694 433 COHORTATIONEM
1730 375 1819 433 ET
1849 373 2304 433 PIEDAGOGUM
2336 373 2926 433 OBSERVATIONES.

3348 374 3455 434 εθι

1818 504 1862 561 Α
1892 497 2127 569 dicatur,
2151 496 2211 569 is
2247 512 2379 552 sane
2412 512 2601 552 rumor
2632 497 2699 553 de
2731 496 2997 569 delubris,
3026 496 3095 553 ab
3122 512 3188 554 eo
3217 498 3454 569 primum

1890 568 2113 631 erectis,
2144 566 2315 622 falsus
2347 582 2468 623 esse
2501 568 2865 623 convincitur.

1960 637 2006 690 A
2049 653 2181 692 vero
2215 637 2398 707 itaque
2439 637 2476 691 ii
2526 638 2978 709 forsitanminus
3028 636 3329 709 recedunt,
3360 638 3454 709 qui

1888 707 2047 778 longe
2070 714 2194 778 post
2224 715 2496 777 receptam
2527 708 2595 762 de
2628 707 2875 777 pluribus
2900 707 3008 763 diis
3039 707 3455 778 opinionennet

1888 776 2120 848 fortasse
2152 787 2273 847 post
2305 776 2528 831 fundata
2563 776 2907 848 stabilitaque
2931 776 3103 848 prima
3135 794 3320 847 regum
3350 779 3454 832 im-

1887 847 2035 916 peria
2066 848 2448 918 assignandam
2492 855 2683 916 putant
2726 847 3050 917 templorum
3087 848 3349 918 originem
3400 856 3454 901 et

1888 917 2236 987 principium.
2261 917 2333 970 Ea
2358 918 2722 989 saoelvidetur
2737 933 2858 989 esse
2878 918 3132 989 Cypriani
3158 917 3450 989 sententia,

1886 986 2049 1057 quam
2070 986 2357 1057 illejuitio
2388 987 2511 1040 libri
2553 987 2630 1041 De
2661 986 3187 1042 idolorum'canilate
3232 991 3313 1044 sic
3343 986 3444 1040 de-

1887 1055 2089 1113 clarat:
2136 1077 2153 1109 ‹
2174 1055 2349 1127 Reges
2382 1057 2512 1111 olim
2543 1059 2796 1122 fuerunt,
2832 1059 2924 1183 qui
2955 1058 3025 1112 ob
3065 1060 3298 1129 regalem
3332 1073 3451 1111 me-

1887 1128 2114 1181 moriam
2147 1128 2251 1182 coli
2285 1128 2423 1183 apud
2465 1143 2595 1182 suos
2623 1137 2836 1183 nostmo
2880 1144 2965 1182 um
2991 1129 3155 1183 etiam
3190 1130 3245 1183 in
3276 1135 3451 1183 morte

1887 1128 2114 1181 moriam
2147 1128 2251 1198 coli
2285 1128 2423 1198 apud
2465 1143 2595 1182 suos
2623 1128 2965 1197 postmodum
2991 1128 3155 1183 etiam
3190 1130 3245 1183 in
3276 1135 3453 1183 morte

1886 1206 2189 1266 cmpcrunt.
2212 1195 2339 1252 Inde
2358 1198 2466 1252 illis
2487 1195 2735 1253 instituta
2759 1200 2989 1267 templa;
3019 1199 3143 1253 inde
3171 1199 3235 1267 ad
3264 1200 3454 1253 defun-

1887 1275 2100 1339 ctorum
2130 1269 2462 1339 vultus,lper
2488 1268 2775 1339 imaginem
2807 1269 3149 1339 detinendos,
3188 1284 3451 1338 expressa

1887 1337 2203 1407 sinnilacra,
2246 1338 2446 1407 quibus
2477 1346 2531 1392 et
2576 1337 2930 1393 immolabant
2972 1338 3203 1403 hostias,
3238 1337 3292 1393 et
3332 1339 3450 1394 dies

1888 1405 2057 1461 festos
2077 1405 2512 1479 dandohouorﬁcs
2526 1407 2873 1479 celebrabant
2892 1408 3048 1475 ;'inde
3065 1410 3295 1479 posteris
3308 1409 3450 1464 facta

1887 1485 2016 1549 sunt
2041 1492 2218 1549 sacra,
2237 1494 2360 1548 qua:
2379 1478 2569 1549 primis
2587 1477 2804 1533 fuerunt
2824 1477 3104 1549 assumpta
3121 1479 3313 1535 solatia
3337 1480 3381 1512 “
3395 1518 3411 1535 .
3425 1497 3446 1531 ι

1889 1544 1945 1619 Si
1969 1547 2092 1617 quis
2113 1544 2293 1602 tamen
2327 1544 2455 1602 velit
2482 1557 2769 1619 antequam
2798 1549 2851 1603 in
2872 1544 3083 1619 regum,
3108 1558 3168 1604 ut
3190 1551 3448 1613 vidimus,

1885 1616 2287 1691 honoremhilla
2337 1620 2549 1689 magnis
2594 1616 3015 1691 sumptibuset
3048 1620 3451 1691 magniﬁcentia

1886 1688 2053 1757 regali
2083 1688 2482 1744 :ediﬁcareutur
2506 1730 2521 1753 ,
2554 1689 2878 1758 quibusdam
2918 1688 2971 1758 in
3006 1688 3178 1755 locis]
3215 1707 3278 1745 ac
3311 1706 3451 1744 non-

1887 1755 2052 1813 nullis
2080 1758 2275 1831 deinde
2306 1758 2534 1831 privatis
2568 1755 2618 1812 in
2660 1760 2900 1831 aedibus,
2928 1755 3053 1829 qua:
3085 1762 3279 1831 templa
3314 1777 3451 1831 quo-

1814 1848 1858 1906 η
1887 1842 1990 1951 aue
2016 1829 2279 1897 appellata
2312 1830 2551 1887 fuerunt.
2582 1830 2745 1884 astris
2793 1839 2847 1884 et
2871 1831 3080 1899 primis,
3107 1839 3163 1883 ut
3186 1829 3447 1893 diximus,

1928 1899 1993 1951 iis
2015 1899 2197 1951 oblata
2233 1898 2403 1951 fuisse
2431 1899 2717 1951 sacriﬁcia.
2757 1899 2919 1951 iduue
2949 1901 3115 1951 certis
3147 1902 3447 1951 validisuue

1928 1899 2197 1970 iisoblata
2233 1898 2414 1970 fuisse
2431 1899 2717 1970 sacriﬁcia,
2757 1898 2919 1970 idque
2949 1901 3115 1956 certis
3147 1902 3449 1970 validisque

1886 1968 2202 2038 probaverit
2225 1969 2549 2038 rationibus,
2573 1984 2673 2023 nos
2699 1968 2852 2024 suam
2878 1971 2933 2024 in
2958 1972 3279 2025 sententiam
3306 1968 3449 2024 haud

1886 2054 2026 2107 agre
2057 2040 2351 2108 pertrahet.
2389 2037 2668 2093 Testatum
2697 2040 2894 2108 etenim
2931 2039 3100 2094 Varro
3129 2039 3258 2095 facit
3287 2041 3449 2095 editis
3522 2076 3533 2087 ι

1886 2104 2208 2181 quibusdam
2255 2109 2387 2166 locis
2414 2149 2429 2172 ,
2459 2117 2513 2163 et
2549 2108 2651 2181 sub
2683 2104 2775 2181 dio
2823 2110 3046 2180 positis,
3092 2111 3181 2164 ubi
3214 2125 3450 2181 augures

1887 2178 2068 2233 avium
2093 2179 2306 2249 volatus
2326 2178 2711 2237 observabant.
2734 2178 3047 2249 impositum
3072 2182 3241 2235 fuisse
3262 2178 3450 2248 templi

1886 2264 2111 2319 nomen:
2138 2267 2155 2299 ε
2177 2246 2483 2319 Templum,
2509 2269 2531 2302 ι
2552 2246 2906 2319 siquideniait
2921 2252 3029 2314 ille,
3053 2251 3255 2305 «tribus
3273 2246 3451 2315 modis

1887 2318 2122 2388 dicitur,
2168 2334 2198 2371 a
2248 2318 2485 2382 natura,
2542 2318 2935 2388 ab'auspieio,
2993 2336 3023 2374 a
3071 2319 3447 2377 similitudine.

1885 2387 2207 2460 Natura,_in
2235 2390 2413 2455 cmlo;
2442 2387 2797 2460 abauspiciiﬁs
2832 2391 2886 2444 in
2918 2400 3090 2458 terra;
3121 2405 3152 2444 a
3192 2390 3453 2445 similitu-

1885 2458 2031 2523 dine,
2063 2458 2164 2530 sub
2186 2466 2333 2513 terra
2357 2461 2423 2513 ⁸⁷.
2453 2478 2472 2511 ι
2507 2459 2576 2512 At
2602 2458 2724 2513 cum
2747 2459 2813 2514 de
2841 2461 3057 2530 templis
3091 2460 3314 2517 secundi
3337 2467 3455 2514 tan-

1889 2529 2169 2601 tummng
2198 2531 2413 2601 generis
2444 2530 2672 2599 qumstio
2711 2545 2834 2585 esse
2866 2529 3078 2601 possit,
3111 2530 3241 2600 quid
3277 2530 3343 2585 de
3381 2530 3453 2587 iis

1887 2599 2026 2654 idem
2060 2597 2236 2654 Varro
2268 2599 2416 2654 dicat
2440 2597 2476 2664 ,'
2505 2601 2829 2654 audiamus:
2866 2597 2898 2652 ἰ
2932 2599 2989 2653 In
3034 2597 3195 2657 terris
3242 2601 3450 2655 dictum

1886 2669 2141 2741 templum
2178 2670 2328 2741 locus
2362 2670 2695 2741 auguriiaut
2727 2671 2955 2740 auspicii
2993 2685 3181 2741 causa,
3218 2672 3450 2741 quibus-

1893 2740 2017 2809 dam
2068 2740 2344 2809 conceptis
2392 2739 2566 2794 verbis
2614 2739 2934 2796 ﬁnitus......
2996 2739 3056 2795 lu
3104 2741 3206 2796 hoc
3234 2739 3451 2809 ‘templo

1884 2807 2135 2881 faciendo
2180 2807 2403 2864 arbores
2435 2809 2695 2881 constitui
2734 2811 2871 2881 lines
2904 2818 3167 2881 apparet,
3202 2822 3255 2867 et
3302 2807 3449 2865 intra

1884 2893 1978 2935 eas
2005 2879 2275 2950 regiones,
2300 2895 2406 2949 qua
2432 2880 2587 2950 loculi
2617 2879 2989 2949 conspicient,‘
3009 2879 3060 2934 id
3086 2891 3170 2937 est
3224 2882 3449 2948 tuimur;

1886 2964 1926 3021 Ξ
1962 2949 2364 3021 quotemplum
2413 2949 2618 3005 dictum
2662 2956 2718 3005 et
2760 2951 3168 3021 contemplare,
3204 2959 3264 3006 ut
3306 2950 3447 3021 ap.d

1884 3017 2116 3073 Ennium
2150 3017 2422 3073 in'Medea
2446 3035 2464 3073 :

1954 3086 2263 3160 Contempla
2285 3129 2301 3152 ,
2340 3099 2388 3143 et
2417 3088 2661 3160 templum
2693 3086 2899 3160 cereris
2934 3089 3003 3143 ad
3036 3089 3447 3160 lwvantiaspice.

1954 3158 2152 3214 Narrat
2195 3160 2360 3215 etiam
2407 3158 2580 3215 Aulus
2622 3158 2829 3214 Gellius
2874 3160 2941 3214 ab
2973 3162 3161 3215 eodem
3207 3158 3452 3217 Varrone

1884 3230 2144 3284 traditum
2173 3229 2429 3302 scriptis:
2471 3249 2489 3281 t
2511 3229 2629 3302 Non
2656 3245 2846 3302 omnes
2870 3230 3014 3285 aadcs
3037 3247 3223 3287 sacras
3251 3235 3451 3302 templa

1881 3316 2040 3371 esse,
2084 3315 2149 3371 ac
2180 3315 2248 3355 ne
2279 3298 2446 3354 aedem
2484 3301 2700 3371 quidem
2738 3298 2911 3356 Vesta:
2953 3302 3209 3371 templum
3247 3298 3390 3365 esse,
3425 3322 3445 3355 ι

1883 3369 1976 3424 sed
1996 3385 2059 3425 ea
2080 3370 2220 3440 loca,
2246 3385 2366 3440 quae
2390 3369 2624 3440 augures
2646 3369 3448 3439 constituerantﬁQuamobrem

1881 3448 2079 3511 postea
2104 3439 2348 3511 addidit:
2390 3458 2409 3490 ι
2438 3439 2762 3511 Propterea,
2795 3449 2850 3496 et
2882 3442 2939 3496 in
2984 3444 3136 3496 curia
3178 3441 3447 3508 Hostilia,

1881 3508 2020 3582 etin
2054 3509 2421 3582 Pompeia,et
2453 3508 2577 3581 post
2610 3511 2666 3564 in
2695 3508 2875 3575 Julia,
2907 3526 3030 3566 cum
3064 3512 3292 3582 profana
3330 3513 3449 3566 loca

1883 3579 2157 3652 fuissent,
2191 3580 2392 3652 templa
2435 3579 2558 3652 esse
2589 3596 2685 3649 per
2717 3595 2952 3652 augures
2991 3579 3288 3637 constituta
3323 3582 3389 3636 ⁸⁸.
3423 3600 3444 3635 ι

1880 3647 2102 3722 chesis
2128 3648 2237 3705 Jul.
2279 3647 2483 3707 Caesar.
2526 3647 2817 3722 Bulengeri
2846 3659 3161 3722 excerptum
3204 3652 3273 3707 de
3305 3659 3473 3717 teme

1880 3722 1984 3791 plis
2002 3721 2369 3777 ethnicorum.

2402 3812 2800 3870 ARTlCULUS
2850 3813 2937 3869 Ill.

1882 3907 2097 3976 Templa
2137 3906 2354 3963 deorum
2382 3924 2495 3963 esse
2532 3917 2862 3962 mortuorum
2899 3906 3168 3976 hominum
3201 3905 3447 3975 sepulcra

1948 3975 2039 4032 ubi
2066 3978 2131 4032 de
2167 3978 2391 4033 lmmari
2421 3977 2655 4043 tumulo,
2689 3987 2739 4032 et
2769 3989 2949 4031 utrum
2994 3978 3082 4030 ille
3123 3975 3367 4044 Eumolpi
3397 3988 3448 4031 et

1948 4048 2131 4119 ῥαίνω
2164 4051 2310 4119 ﬁlius
2340 4049 2522 4119 fuerit.
2555 4047 2633 4102 De
2659 4048 2912 4117 sepulcris
2952 4048 3189 4119 ﬁliarum
3217 4046 3358 4102 Celei
3383 4064 3447 4101 ac

1951 4115 2305 4190 ijpero'clies,
2336 4115 2387 4174 et
2413 4117 2690 4190 Laodices,
2715 4115 2881 4187 atque
2909 4115 3068 4172 etiam
3097 4115 3362 4190 Clearchi,
3394 4129 3447 4171 et

1948 4186 2369 4261 Leucophrynes,
2401 4189 2739 4261 aciTelutesii
2770 4186 2904 4261 votis
2924 4229 2937 4251 ,
2964 4198 3023 4261 et
3042 4189 3178 4258 regis
3206 4187 3442 4261 Cyl-intr,

1950 4257 2242 4331 citatisque
2257 4260 2560 4314 auctoribus
2595 4258 2861 4314 Leandrio
2890 4269 2940 4313 et
2981 4257 3187 4313 Zenone
3213 4257 3440 4314 Mindio.

1951 4350 2281 4422 Sumptuosa
2321 4366 2486 4422 porro
2535 4358 2590 4406 et
2637 4349 2924 4422 magniﬁca
2965 4350 3193 4405 deorum
3240 4351 3444 4422 templa

1878 4436 2002 4493 cum
2026 4421 2240 4479 summo
2267 4421 2410 4493 apud
2438 4421 2879 4493 gentilesessent
2905 4421 2960 4476 in
2988 4423 3213 4485 honore,
3238 4421 3446 4493 idcirco

1880 4492 2132 4548 Clemens
2160 4491 2368 4556 noster,
2400 4491 2462 4546 ut
2488 4491 2612 4548 illos
2641 4491 2710 4546 ab
2738 4491 2838 4548 hoc
2869 4507 3057 4548 errore
3086 4500 3297 4555 avocet,
3331 4492 3447 4546 evi-

1812 4545 1851 4600 ῧ
1880 4545 2466 4618 deregessisse;
2505 4545 2606 4616 ma'
2625 4545 2762 4618 esse
2785 4545 3139 4618 mortuorum
3164 4545 3445 4615 hominum

1882 4634 2131 4702 sepulcra
2155 4650 2168 4687 :
2213 4632 2392 4703 (Quae
2419 4631 2661 4703 quidem,
2683 4632 2880 4703 inquit,
2904 4649 3028 4688 nam
3052 4647 3153 4687 nec
3177 4634 3293 4703 ipsa
3319 4647 3449 4701 prte-

1882 4704 2078 4767 teribo,
2108 4702 2357 4772 specioso
2385 4702 2602 4773 quidem
2635 4702 2853 4758 nomine
2883 4703 3079 4772 templa
3114 4703 3246 4768 dici,
3276 4702 3447 4773 luisse

1881 4782 2061 4844 autem
2091 4770 2365 4844 sepulcra,
2390 4770 2493 4827 hoc
2514 4779 2620 4837 est,
2646 4775 2895 4842 sepulcra
2917 4770 3034 4844 ipsa
3056 4781 3247 4827 vocata
3275 4770 3447 4844 fuisse

1881 4788 2061 4827 autem
2091 4788 2365 4895 se‘pulcra,
2391 4788 2493 4827 hoc
2514 4788 2620 4837 est,
2646 4788 2895 4842 sepulcra
2917 4789 3034 4844 ipsa
3056 4788 3247 4827 vocata
3275 4788 3445 4827 tuisse

1880 4843 2100 4913 templa.
2182 4858 2246 4898 os
2274 4851 2454 4899 autem
2484 4844 2565 4898 vel
2594 4858 2743 4913 nunc
2774 4845 2963 4899 saltem
2995 4842 3298 4897 dmmonum
3327 4843 3445 4913 cul—

1862 4923 1970 4968 tus
1996 4912 2055 4968 et
2087 4913 2492 4984 superstitionis
2518 4912 2951 4978 obliviscamini,
2987 4914 3235 4982 sepulcra
3263 4912 3445 4968 colere

1879 4983 2265 5039 erubescentes
2288 4984 2352 5037 “.
2383 5002 2402 5035 ›
2448 4983 2583 5037 lllud
2612 4993 2791 5039 autem
2822 4984 2894 5039 ibi
2932 4999 3038 5038 non
3066 4984 3244 5037 minus
3271 4990 3441 5047 certa,

1872 5069 2034 5178 Euam
2080 5054 2239 5137 longa
2279 5054 2996 5140 inductionedemonstrat‘.
3047 5052 3177 5136 Quae
3223 5053 3440 5137 quidem

1921 5126 2171 5178 lenientis
2197 5126 2447 5178 probatio
2483 5132 2622 5178 tanti
2651 5125 2911 5178 ponderis
2938 5125 3270 5178 Christianis
3302 5137 3440 5177 scri-

1921 5122 2447 5197 lementis’probatio
2483 5123 2622 5197 tanti
2651 5125 2911 5197 ponderis
2938 5122 3270 5197 Christianis
3298 5122 3442 5197 scri-

1874 5194 2124 5266 ptoribus
2154 5197 2269 5266 visa
2298 5202 2417 5266 est,
2451 5203 2512 5249 ut
2541 5195 2634 5249 illa
2654 5194 2774 5249 'non
2809 5196 2985 5249 solum
3014 5195 3082 5248 ab
3106 5194 3348 5248 Arnobio
3367 5194 3437 5256 7',

1875 5264 2332 5335 quemadmodum
2375 5264 2642 5321 Hervetus
2670 5272 2816 5335 recte
2848 5266 3100 5335 observat
3124 5302 3138 5325 ,
3173 5270 3438 5333 usurpata

1877 5334 2069 5401 fuerit;
2097 5335 2191 5389 sed
2217 5341 2389 5389 totum
2414 5336 2578 5389 etiam
2600 5334 2734 5390 illud
2754 5334 3051 5404 Clementis
3076 5334 3438 5404 fragmentum

1877 5407 1947 5460 ab
1974 5404 2210 5462 Eusebio
2234 5407 2279 5438 τί
2307 5414 2361 5461 et
2392 5404 2598 5478 Cyrillo
2628 5402 2998 5461 Alexandrino
3022 5405 3068 5437 ⁷⁸
3090 5402 3312 5459 totidem
3342 5403 3439 5458 de-

2928 5560 2973 5594 "
3024 5558 3220 5616 Euseb.
3272 5558 3369 5615 lib.
3418 5574 3436 5614 ι

1985 5559 2028 5593 ⁶¹
2083 5558 2342 5617 Herodot.
2391 5559 2488 5617 lib.
2532 5575 2593 5625 ιι,
2641 5558 2669 5632 §
2725 5560 2782 5615 ι.
2928 5560 2973 5594 ⁸⁸
3024 5558 3220 5616 Euseb.
3272 5558 3369 5615 lib.
3418 5574 3432 5614 ι

1994 5640 2049 5684 et
2070 5631 2191 5684 152.
2269 5634 2316 5663 ⁵⁵
2346 5629 2568 5684 Diodor.
2598 5630 2695 5684 lib.
2728 5646 2746 5684 ι
2778 5628 2943 5684 Bibl..
2973 5647 3027 5684 ι).
3057 5630 3112 5684 9.
3205 5631 3250 5662 “
3280 5629 3377 5684 lib.
3415 5645 3432 5683 I

1808 5632 1835 5703 ᾗ
1870 5631 1964 5687 151
1994 5640 2049 5686 et
2070 5631 2191 5703 {52.
2269 5634 2316 5703 ’ξ
2346 5629 2568 5703 Dlodor.
2598 5628 2695 5686 lib.
2728 5646 2751 5703 ιν
2778 5628 2943 5696 Bibl.,
2973 5647 3027 5703 p.
3057 5630 3112 5703 9_.

217 5690 288 5772 lle
320 5690 510 5772 vitaet
562 5690 742 5772 dogm.
770 5690 992 5771 philos,
1021 5704 1047 5767 §
1077 5702 1200 5758 “2.
1277 5701 1323 5733 “
1351 5701 1515 5772 Cypr.
1547 5701 1638 5756 lib.
1664 5701 1739 5757 De
1769 5690 1899 5772 idol.
1929 5717 2055 5757 van.
2087 5701 2211 5772 init.
2289 5701 2331 5734 ⁸⁷
2369 5700 2539 5772 Varro
2560 5708 2685 5772 post
2740 5702 2859 5756 init.
2879 5690 2989 5772 lib:
3009 5718 3062 5758 Vl
3082 5699 3156 5754 De
3179 5698 3437 5772 litigaba-

211 5768 311 5838 ttn:
409 5770 457 5804 ⁸⁸
483 5768 660 5827 Aulus
685 5768 822 5828 Gell.
855 5773 950 5827 lib.
979 5788 1092 5838 rlv,
1120 5789 1170 5828 c.
1211 5772 1264 5827 7.

1396 5770 1442 5804 "
1474 5772 1703 5828 Admon.
1734 5772 1799 5826 ad
1825 5770 2025 5837 Grmc.,

205 5830 243 5864 ’¹
264 5833 472 5897 Euseb.
503 5841 597 5898 lib.
627 5841 864 5912 Praepar.
900 5830 1114 5918 evangi,
1145 5860 1194 5899 c.
1228 5843 1282 5908 6,
1317 5859 1368 5915 p.
1408 5843 1490 5900 7|.
1570 5846 1614 5876 "
1642 5843 1809 5915 Cyril.
1836 5830 2023 5900 Contr.

2058 5788 2111 5897 si.
2141 5771 2231 5854 ᾷ9.
2337 5774 2395 5857 ,⁷⁸
2419 5768 2623 5827 Arnob.
2655 5772 2749 5828 lib.
2777 5788 2830 5830 v1
2860 5771 2997 5831 Adv.
3032 5778 3204 5844 gent.,
3228 5768 3283 5842 pl
3314 5768 3439 5826 £93.

2092 5844 2284 5897 ultam.
2314 5843 2407 5897 lib.
2442 5858 2498 5897 ι.
2531 5857 2584 5897 n.
2612 5843 2735 5897 ΜΞ.

2092 5843 2284 5916 ulian.,
2314 5843 2407 5902 lib.
2442 5858 2498 5911 ι,
2530 5857 2584 5917 p.
2612 5843 2735 5900 ΜΞ.
