3964 6312
175 249 332 306 90!

787 251 975 310 ΑΙ,ῐῶ
1016 252 1083 308 IN
1123 249 1722 310 COHORTATIONEM
1760 251 1822 308 E'l

1931 249 2334 310 £DAGOGUM
2369 247 2966 308 OBSERV‘ATIONES.

3401 251 3513 310 902

172 361 502 444 intimos:
533 385 560 444 ε
589 366 846 444 Salomon
879 371 1168 429 aediﬁcavit
1200 373 1277 429 illi
1310 374 1556 442 domum,
1591 374 1687 432 sed
1717 391 1828 432 non
1854 381 1904 440 Α
1929 376 2060 432 dent
2108 375 2164 429 in
2209 374 2456 430 ecclesiis
2479 375 2545 429 ¹².
2580 393 2598 425 ι
2625 371 2975 429 .Tertulliano
3014 370 3107 426 alii
3138 371 3516 444 antiquissimi

181 433 513 493 Excelsus
547 439 600 493 in
636 441 967 500 manufactis
994 445 1276 500 habitat”.
1313 465 1332 498 ι

186 575 206 588 .
287 506 528 588 [ﬂorum
561 519 744 588 autem
791 514 918 588 huic
957 514 1633 588 Clementisargumento
1658 516 1831 571 robur

186 577 383 662 inde
405 580 724 662 accedebat,
759 584 904 654 quod
937 587 1130 662 pagani
1160 577 1491 662 Christianis
1524 587 1672 641 nulla
1705 602 1830 662 esse

186 658 352 733 terra
363 651 797 733 pla-objicerent:
814 651 1338 733 expfolﬁ'arentque.
1374 656 1621 733 ipsorum
1654 659 1826 733 enim,

189 726 393 798 [eam
424 721 654 798 Minutio
685 721 1029 798 Felice,‘ha:e
1058 735 1177 782 erat
1210 721 1445 798 objectio
1477 735 1530 783 et
1562 729 1785 798 querela
1811 721 1825 783 ὲ

190 789 414 872 «.Cur
446 793 624 848 nullas
666 809 792 851 aras
825 789 1045 872 habent,
1079 789 1296 872 templa?
1314 800 1483 864 nulla,
1519 789 1829 872 nulla‘nota

186 863 567 950 ξίρῐξιιιιίυειτιἱ
589 881 904 950 .npnquam_
931 870 1108 950 palam
1142 863 1314 950 lo'qui,
1347 885 1627 950 nunquam
1661 869 1830 950 libere

185 935 657 1016 congregari”?
684 955 703 989 ι
735 935 1014 1016 Ἀςῃοδῐυε
1045 955 1175 1016 vero
1202 935 1276 1016 ;“‹Δ
1296 939 1353 994 In
1381 935 1499 1016 hac
1515 941 1828 1016 consuestis

183 1012 406 1082 parte
452 1008 658 1061 crimen
711 1008 868 1082 nobis
920 1011 1216 1065 maximum
1265 1010 1561 1082 impietatis
1585 1010 1825 1082 adigere,

190 1075 394 1142 quod
451 1091 628 1146 neque
674 1079 817 1134 aedes
869 1095 1058 1136 sacras
1109 1075 1476 1138 venerationis
1530 1081 1598 1136 ad
1646 1075 1829 1136 ol‘ﬁcia

189 1154 669 1229 construaiiitis,
723 1165 836 1229 non
891 1151 1117 1207 deorum
1172 1151 1408 1229 alicujus
1463 1152 1828 1229 simulacrum

188 1221 652 1276 constituamus
685 1229 780 1275 aut
811 1221 1064 1285 formam,
1101 1239 1211 1278 non
1247 1221 1439 1278 altaria
1473 1223 1826 1286 fabricemus,

193 1300 357 1340 nun
404 1303 531 1343 aras
563 1289 625 1345 ".
678 1310 696 1344 ι
751 1291 996 1362 Denique
1055 1303 1114 1348 ut
1165 1294 1528 1357 Lactantium,
1583 1293 1828 1362 aliosque

193 1363 748 1438 praetermittamus,
787 1378 975 1438 nonne
1022 1365 1214 1421 Celsus
1267 1365 1610 1438 Christianos
1664 1364 1828 1438 l_iujus

200 1430 501 1506 criminis
525 1433 809 1506 reosrgit?
838 1435 1003 1499 Audi,
1029 1453 1235 1504 quaeso,
1261 1434 1585 1506 Origeuem:
1619 1452 1637 1484 ι
1668 1430 1830 1489 Post-

199 1497 362 1554 hanc
396 1500 589 1574 Celsus
623 1497 830 1562 ait'nos
853 1497 1096 1571 ararum,
1123 1497 1452 1568 statuaru'm,
1479 1506 1830 1574 templorum-

198 1585 350 1640 que
386 1571 773 1652 .dedicationes
825 1577 1040 1648 fugere;
1077 1590 1134 1652 ut
1167 1579 1366 1652 occulti
1410 1571 1826 1652 ﬁed‘etjsﬁdem

200 1643 562 1717 sanciamus
595 1644 695 1700 hac
725 1661 822 1700 seu
856 1643 1143 1703 tessera“.
1187 1667 1206 1700 ι
1261 1647 1446 1717 Neque
1479 1647 1531 1700 id
1564 1643 1826 1716 Origenes

1932 446 2190 501 Ecclesiae
2230 444 2424 502 Patres
2463 459 2662 514 magno
2693 459 2924 500 numero
2956 447 3340 514 consensuque
3374 459 3515 498 una-

1929 515 2064 572 nimi
2098 517 2396 571 eoncinunt
2423 523 2478 571 et
2509 514 2900 586 sutirakgantur.
2933 514 3094 584 Atqui
3127 514 3230 580 hae,
3272 515 3512 586 inquies,

1929 588 2194 650 ecclesiae,
2243 602 2426 641 nonne
2476 601 2605 641 vera
2651 583 3090 640 Christianorum
3119 583 3360 655 itetnpla'
3400 586 3513 640 dici

1930 657 2274 713 debuerunt?
2296 656 2377 710 Ad
2411 657 2524 710 haec
2554 671 2704 719 vero,
2739 671 2803 710 ex
2838 657 3070 726 ipsemet
3102 654 3383 710 Clemente
3414 672 3516 710 no-

1930 737 2047 784 stro
2077 743 2243 798 supra
2276 726 2514 782 vidimus
2549 743 2678 782 suas
2713 725 3040 782 Christianis
3072 727 3246 798 ipsius
3269 737 3515 797 tempore

1931 798 2101 855 fuisse
2131 797 2414 860 ecclesias,
2447 798 2514 852 ad
2549 813 2695 868 quas
2717 813 2931 852 summa
2961 813 3086 851 cum
3112 797 3512 868 modestianon

1932 872 2108 926 solum
2156 868 2440 931 accedere,
2475 867 2581 923 sed’
2623 867 2733 922 illis
2767 869 2981 930 adesse,
3021 868 3090 921 ab
3125 868 3192 922 iis
3236 867 3510 930 recedere,

1929 950 1983 996 et
2018 941 2084 995 ad
2116 955 2215 996 sua
2247 940 2424 996 redire
2454 938 2743 994 debebant.
2776 938 2892 1005 Qua
2919 953 3050 1008 ergo
3081 939 3292 992 ratione
3326 939 3513 1007 negari

1931 1013 2107 1082 potuit
2167 1026 2265 1066 sua
2330 1009 2522 1082 primis
2576 1009 2905 1065 Christiana:
2963 1008 3087 1063 ﬁdei
3142 1010 3514 1065 sectatoribus

1931 1081 2104 1138 fuisse
2133 1081 2377 1150 templa?

2002 1151 2216 1222 Duplici
2249 1147 2610 1222 responsione
2649 1149 2794 1204 haud
2842 1147 3364 1222 multum_dil'ﬁcilis
3413 1151 3516 1204 liu-

1927 1219 2602 1294 juscejrgnmentalionis
2620 1222 2797 1294 nodus
2823 1221 3072 1275 solvitur.
3093 1219 3333 1275 Primum
3365 1223 3512 1276 enim

1931 1291 2035 1350 etsi
2068 1291 2372 1348 Christiani
2410 1293 2678 1348 ecclesias
2711 1293 2992 1350 baberent.
3029 1307 3095 1346 eo
3127 1299 3308 1347 tamen
3342 1308 3512 1347 sensu

1931 1366 2053 1420 illas
2092 1365 2291 1434 templa
2321 1379 2443 1418 esse
2476 1363 2883 1427 inﬁciabantur,
2915 1379 3024 1432 quo
3054 1363 3122 1434 ab
3146 1364 3380 1418 ethnicis
3414 1380 3514 1433 pro

1931 1432 2266 1504 sumptuosis
2288 1443 2342 1488 et
2368 1434 2944 1505 magniﬁcentissimis,
2975 1432 3173 1504 quibus
3196 1436 3328 1489 deos
3359 1432 3512 1500 suos,

1931 1515 1989 1561 ut
2015 1520 2179 1574 supra
2206 1506 2554 1560 observatum
2584 1514 2689 1566 est,
2721 1505 2877 1574 plane
2899 1511 3191 1559 conclusos
3211 1513 3264 1558 et
3283 1507 3518 1558 circum-

1931 1577 2169 1648 scriptos
2200 1577 2488 1648 putabant,
2520 1577 2730 1648 aedibus
2756 1581 3011 1648 usurpari
3047 1576 3274 1648 solebat.
3307 1575 3512 1648 Deinde

1929 1646 2063 1704 vero
2092 1646 2256 1701 iidein
2290 1647 2591 1702 Christiani
2621 1646 2995 1701 acerbissimis
3031 1646 3370 1700 saevientium
3409 1647 3512 1698 im-

203 1712 284 1764 in
330 1727 436 1766 sua
465 1715 694 1796 etiamsi.
712 1717 855 1772 haud
887 1735 1077 1796 parum
1112 1719 1324 1796 prolixa
1358 1712 1828 1796 responsioneiie-
1860 1738 1901 1796 Β
1930 1725 2243 1790 peratorum
2273 1719 2614 1796 temporibus
2647 1717 2794 1796 nulla
2826 1727 2970 1796 certa
3001 1725 3054 1771 et
3085 1725 3247 1796 stata,
3280 1718 3345 1770 ad
3379 1732 3513 1796 suas

204 1797 429 1852 gasse,
461 1782 556 1839 sed
586 1787 767 1854 potius
790 1782 1089 1845 concedere
1111 1782 1334 1844 omnino
1361 1782 1592 1842 videtur.
1622 1787 1696 1840 Ex
1725 1789 1825 1840 hac

206 1855 416 1934 igitur
442 1869 774 1934 paganorum
804 1861 1158 1934 persuasione
1185 1861 1371 1930 liquet,
1395 1856 1826 1934 quamvalidum

204 1925 308 1978 sit.
340 1925 573 1980 teluma
599 1925 879 1984 Clemente
904 1931 1170 1986 adversus
1199 1925 1387 1986 eorum
1413 1925 1612 1998 templa
1649 1929 1828 1981 vibra-

209 2003 389 2073 t_un_),
413 2003 466 2050 et
493 2012 554 2050 ex
578 2001 892 2073 eorumdcm
922 2005 1248 2073 templorum
1271 2001 1644 2056 destructione
1670 1999 1740 2053 ab
1761 2012 1827 2053 eo

207 2067 483 2138 deducta
510 2071 934 2138 argumentatio.

312 2134 466 2217 Quid
513 2134 641 2208 ergo
664 2140 935 2217 i‘argues,
993 2142 1242 2213 nunquid
1289 2141 1588 2197 Christiani
1617 2140 1827 2217 primis

209 2205 506 2263 Ecclesia
529 2205 751 2286 saeculis
772 2205 940 2286 nulla,
967 2230 1076 2286 quo
1108 2205 1570 2286 congregarentur
1598 2205 1822 2286 divinis-

210 2294 364 2355 que
390 2290 644 2355 vacarent
670 2281 882 2355 olliciis,
916 2281 1115 2355 templa
1155 2281 1462 2340 habebant?
1494 2282 1685 2337 Nonne
1719 2281 1826 2355 illis

211 2347 308 2404 ab
349 2349 472 2426 ipso
507 2347 1063 2426 Ecclesiaanaseenti's
1099 2357 1252 2409 initio
1281 2357 1527 2426 quaedam
1562 2360 1717 2426 erant
1748 2353 1830 2406 Io-

216 2436 326 2500 c_a,
369 2421 563 2500 domus
606 2432 661 2476 et
702 2423 866 2500 aedes,
901 2435 1085 2497 atque,
1119 2435 1177 2480 ut
1210 2421 1452 2500 loquitur
1480 2423 1704 2500 Paulus,
1736 2437 1828 2477 ec-

216 2491 430 2569 clesia:
468 2495 522 2545 in
552 2507 688 2562 quas
716 2494 783 2548 ad
813 2491 1257 2569 sacra'mysteria
1285 2491 1593 2569 peragenda
1636 2508 1826 2569 omnes

216 2563 604 2632 cogebantur,
638 2579 896 2635 suosque,
930 2576 988 2622 ut
1040 2563 1169 2622 alibi
1219 2563 1540 2630 disimus”,
1593 2564 1827 2634 agebant

219 2645 551 2707 conventus
583 2642 651 2707 et
696 2639 973 2707 synaxes?
1025 2657 1043 2690 ‹
1086 2637 1592 2698 Convenientibus.
1649 2636 1826 2705 inquit

218 2702 475 2767 Paulus,
510 2705 666 2761 vobis
697 2702 752 2760 in
786 2710 1076 2765 ecclesiam
1099 2749 1114 2773 ,
1157 2710 1319 2764 audio
1354 2709 1694 2764 scissuras...
1726 2702 1825 2758 aut

220 2773 548 2830 Ecclesiam
587 2776 676 2832 Dei
708 2780 1154 2836 contemnitis"?
1183 2800 1200 2831 ι
1230 2779 1308 2834 Ita
1337 2781 1497 2834 etiam
1530 2776 1826 2831 Tertullia-

221 2861 357 2900 nus
389 2861 516 2902 suas
547 2848 740 2916 primis
769 2851 1096 2907 Christianis
1144 2853 1312 2906 fuisse
1354 2848 1615 2905 ecclesias
1649 2846 1827 2900 numi-

223 2916 642 2996 iiatinrdocet,
675 2922 892 2984 asserit,
934 2931 986 2996 et
1028 2922 1287 2996 praedicat
1320 2939 1333 2977 :
1367 2940 1385 2972 ‹
1409 2919 1560 2996 _'l_‘ota
1607 2917 1715 2981 (lie,
1752 2917 1828 2970 ait

227 2987 449 3063 ilic,_ad_
477 2987 616 3042 hanc
645 3000 852 3063 partem
884 2987 1045 3049 zelus'
1067 2992 1188 3047 ﬁdei
1213 2991 1506 3063 perorahit,
1543 2990 1824 3063 ingemens

223 3055 723 3134 Christianuin‘fab
757 3061 1025 3134 idolis,in
1058 3063 1166 3134 56
1194 3055 1720 3134 ecclesiamgven'ire,
1759 3057 1826 3134 de

223 3125 548 3184 adversarii
581 3130 794 3186 oﬁieina
830 3133 885 3187 in
925 3125 1160 3188 domum
1199 3133 1293 3188 Dei
1311 3134 1375 3188 ἰ.
1410 3153 1428 3184 ι
1466 3131 1530 3186 Et
1575 3131 1715 3186 libro
1747 3127 1824 3183 De

224 3198 531 3273 virginibus
563 3202 794 3257 vetandis
821 3219 838 3257 :
867 3223 884 3254 ‹
915 3205 1074 3260 Certe
1109 3205 1164 3258 in
1196 3205 1429 3260 ecclesia
1454 3203 1823 3273 virginitatem

225 3283 406 3350 Etiam
448 3271 817 3350 abscondant,
861 3291 1024 3344 quam
1074 3286 1228 3331 extra
1275 3271 1565 3350 ecclesiam
1617 3272 1818 3326 celant.

228 3337 465 3395 Timent
491 3350 799 3409 extraneos,
833 3337 1188 3401 révereantur
1223 3353 1278 3400 et
1311 3346 1530 3409 fratres,
1563 3351 1658 3397 aut
1691 3356 1824 3396 con-

225 3417 456 3466 stanter
480 3413 716 3471 audeant
739 3424 794 3471 et
820 3418 876 3472 in
908 3418 1044 3474 vicis
1072 3417 1310 3488 virgines
1336 3416 1529 3481 videri,
1558 3415 1702 3470 sicut
1724 3427 1822 3467 au-

1932 1787 2168 1860 synaxes
2199 1787 2557 1860 peragendas,
2592 1789 2865 1860 habebant
2900 1789 3053 1860 loca;
3089 1787 3182 1860 sed
3227 1789 3422 1856 quovis
3457 1788 3511 1860 in

1932 1858 2076 1924 loco,
2112 1859 2167 1912 in
2199 1859 2368 1928 agris.
2419 1860 2472 1912 in
2518 1859 2930 1922 solitudinibus,
2969 1859 3023 1912 in
3070 1859 3323 1918 stabulis,
3354 1858 3511 1912 navi-

1930 1931 2056 1997 bus,
2079 1931 2423 2000 carceribus,
2460 1937 2514 1984 et
2543 1945 2650 1999 quo
2679 1938 2928 1998 poterant
2963 1940 3207 2000 tempore
3237 1932 3512 1999 cogeban-

1930 2009 2041 2056 tur.
2077 1999 2566 2069 Locupletissimus
2602 2002 2882 2070 enimvero
2907 2008 2959 2054 et
2998 1999 3144 2052 omni
3190 2000 3510 2070 exceptione

1931 2072 2108 2141 major
2146 2071 2370 2140 hujusce
2415 2073 2490 2125 rei
2531 2072 2687 2126 testis
2726 2078 2809 2124 est
2842 2069 3154 2142 Dionysius,
3190 2071 3278 2139 qui
3319 2069 3510 2142 ii_i_sua

1932 2139 2177 2212 paschali
2207 2139 2433 2210 epistola
2461 2142 2605 2195 hunc
2645 2143 2864 2211 scripsd
2889 2141 2943 2195 in
2975 2139 3195 2212 modum
3233 2161 3246 2195 :
3287 2159 3303 2190 ‹
3344 2139 3511 2194 Multa

1930 2211 2150 2283 quidem
2186 2213 2381 2283 acerba
2409 2252 2424 2276 ,
2468 2222 2521 2266 et
2562 2221 2689 2266 ante
2739 2214 2878 2265 hanc
2935 2211 3313 2283 calamitatem
3351 2212 3512 2267 nobis

1933 2281 2300 2353 contigerunt.
2346 2282 2589 2336 Primum
2645 2283 2788 2337 enim
2838 2298 2938 2337 nos
2980 2282 3116 2336 urbe
3156 2281 3506 2351 expulerunt.

1930 2353 2176 2424 Cumque
2189 2354 2290 2409 soli
2305 2358 2371 2405 ab
2389 2355 2646 2408 omnibus
2677 2355 2988 2422 l'ugaremnr
3003 2363 3091 2421 atq
3101 2369 3166 2406 uc
3178 2355 3512 2422 Opprimerc-

1930 2440 2072 2495 mur,
2110 2423 2468 2478 nihilominus
2499 2432 2630 2477 tunc
2669 2440 2888 2495 quoque
2929 2425 3098 2478 l‘estos
3128 2424 3341 2492 egimus
3368 2423 3506 2477 dies.

1929 2493 2122 2560 Quivis
2161 2495 2396 2564 denique
2436 2497 2611 2555 locus,
2645 2493 2704 2549 in
2728 2510 2838 2564 quo
2874 2495 3052 2550 varias
3080 2509 3355 2548 aerumnas
3388 2509 3508 2562 per-

1931 2567 2178 2628 tulimus,
2229 2580 2379 2634 ager,
2403 2565 2644 2635 inquam,
2687 2565 2948 2629 solitudo,
2985 2565 3160 2628 navis,
3210 2565 3509 2629 stabulum,

1929 2650 2141 2696 carcer,
2176 2637 2352 2689 instar
2383 2636 2569 2704 templi
2591 2637 2658 2690 ad
2687 2651 2875 2690 szicros
2909 2645 3212 2690 conventus
3242 2650 3508 2705 peragen-

1929 2705 2029 2761 dos
2051 2705 2154 2760 fuit
2178 2707 2243 2760 ²³.
2285 2725 2303 2757 ι
2329 2707 2398 2758 Αι
2419 2718 2567 2760 certe
2600 2708 2645 2761 si
2670 2707 2966 2762 Christiani
2991 2707 3078 2760 his
3103 2705 3238 2758 locis
3264 2705 3512 2759 ecclesia:

1930 2791 2130 2832 nomen
2180 2775 2446 2839 indidere,
2499 2792 2563 2830 ea
2609 2789 2756 2831 certe
2784 2777 2908 2845 jure
2943 2778 3136 2832 merito
3190 2775 3506 2837 noluerunt,

1928 2861 2125 2918 necea
2170 2863 2277 2918 qua
2318 2848 2556 2902 diximus
2599 2848 3020 2918 signiﬁcatione,
3067 2861 3167 2903 nec
3202 2847 3313 2918 ullo
3352 2847 3511 2918 plane

1929 2916 2092 2972 modo
2113 2916 2311 2988 templa
2335 2917 2624 2989 appellari,
2657 2916 2768 2972 imo
2793 2932 2924 2972 vero
2953 2935 3055 2973 nee
3079 2917 3275 2989 pagani
3307 2917 3508 2986 templa

1930 3003 2053 3044 esse
2079 2988 2484 3044 existimabant.

2001 3058 2281 3115 Neminem
2305 3074 2470 3131 porro
2498 3059 2630 3114 illud
2657 3075 2872 3116 movere
2900 3058 3082 3124 debet,
3107 3061 3252 3131 quod
3285 3058 3508 3131 quidam

1930 3146 1999 3186 ex
2035 3131 2218 3186 citatis
2265 3130 2585 3202 auctoribus
2635 3147 2745 3184 non
2786 3131 2962 3202 solum
3011 3130 3244 3202 templa,
3281 3130 3376 3186 sed
3407 3145 3509 3202 nec

1931 3215 2075 3272 aras,
2113 3217 2211 3256 uec
2231 3201 2423 3272 altaria
2448 3203 2653 3271 primos
2676 3204 2817 3272 apud
2847 3200 3189 3258 Christianos
3224 3203 3393 3257 fuisse
3425 3200 3510 3272 in-

1930 3271 2201 3328 ﬁcientur.
2229 3271 2348 3345 Quo
2369 3268 2520 3345 enim
2547 3268 2725 3345 sensu'
2748 3288 2936 3328 eorum
2969 3275 3135 3345 verba
3156 3268 3510 3345 intelligenda

1929 3345 2062 3410 sint,
2093 3358 2125 3399 a
2150 3344 2310 3398 nobis
2332 3343 2460 3398 alibi
2486 3344 2818 3414 explicatum
2848 3355 2934 3399 est
2965 3343 3028 3399 “.

1505 3678 1884 3775 CAPUT
1949 3669 2190 3768 VIII

1002 3865 1095 3926 De
1129 3874 1518 3942 paganorum
1550 3848 1940 3918 simulacris,
1970 3840 2200 3906 statuis
2229 3847 2292 3903 et
2322 3838 2742 3919 imaginibus.

739 4197 743 4201 ς
781 4121 1183 4181 ARTICULUS
1233 4123 1275 4179 ι.

237 4201 325 4280 ἔλα
356 4219 785 4285 simulacrorum,
817 4226 1121 4271 statuarum
1150 4231 1200 4270 et
1237 4215 1529 4284 imaginum
1559 4209 1699 4280 apud
1724 4224 1823 4278 pa-

313 4309 479 4364 ganos
523 4289 742 4364 origine,
794 4298 874 4364 et_
892 4288 1030 4358 quod
1070 4285 1220 4364 iniiio
1268 4285 1815 4364 Scy_t.li¢e_acinacegt,

301 4351 518 4424 ‘VArabes
559 4351 806 4429 lapidem,
835 4351 1013 4414 Persa:
1053 4360 1293 4428 ﬂuvium,
1326 4351 1420 4409 alii
1459 4356 1680 4429 {ignari},
1714 4351 1820 4429 Ilo-

323 4423 461 4492 iuani
493 4423 701 4485 hastam
737 4423 1130 4491 adorarent,'ac
1161 4429 1223 4482 de
1250 4429 1420 4499 ligneo
1449 4423 1676 4479 lunonis
1717 4423 1823 4494 Cy-
1849 4443 1900 4502 ι)

318 4505 586 4558 ιΙιίενοηίιε
606 4511 654 4557 et
694 4502 892 4557 Samia:
911 4503 1219 4555 simulacro.

312 4595 626 4650 Clitarchus
663 4593 805 4665 apud
848 4593 1122 4648 Laertium
1166 4590 1569 4665 f‘testiﬁcatur
1603 4602 1812 4665 magos,

241 4666 459 4722 tametsi
513 4659 739 4721 deorum
779 4665 951 4730 cultui
1010 4663 1404 4733 sacriﬁciisque
1450 4676 1513 4715 ac
1562 4659 1814 4733 precibus

241 4744 523 4807 vacarent,
544 4739 696 4807 signa
727 4744 907 4790 tamen
935 4742 1254 4807 statuasque
1282 4729 1620 4807 repudiasse.
1654 4729 1811 4807 apud

239 4799 648 4862 Theodoretuin
680 4808 725 4838 "
747 4822 876 4861 vero
902 4807 994 4860 illa
1038 4799 1402 4876 Xenophanes
1423 4804 1629 4876 arguit,
1659 4799 1811 4876 Zeno

239 4878 514 4948 prohibet,
568 4886 643 4948 et,
669 4877 825 4932 Plato
868 4873 1463 4948 obscuriusfneesine
1492 4873 1811 4948 itimiditate

233 4945 585 5005 condemnat.
624 4947 728 5003 Sed
771 4948 857 5003 his
886 4949 1250 5017 nequidquam
1283 4947 1647 5008 obstantibus,
1684 4945 1808 5000 ubi-

237 5035 347 5090 que
379 5018 642 5074 fabricata
674 5027 805 5090 snn_t_
825 5019 1085 5073 falsorum
1116 5020 1338 5090 deorum
1369 5017 1681 5083 simulacra,
1701 5028 1812 5073 sta-

240 5087 349 5144 t'na:
369 5097 425 5145 et
453 5090 734 5159 imagines.
763 5087 957 5142 Utrum
985 5097 1168 5159 autem
1195 5088 1286 5142 illa
1309 5103 1645 5158 paganorum
1674 5096 1812 5144 tein-

239 5161 346 5231 plis
409 5161 517 5214 sint
567 5158 748 5230 priora
787 5158 1285 5231 autiposteriora,
1344 5159 1399 5231 in
1454 5159 1810 5231 qumstionepn

239 5229 421 5300 potest
459 5229 583 5300 quis
622 5231 746 5300 jure
784 5230 931 5284 haud
980 5231 1138 5299 plane
1181 5229 1452 5285 immerito
1478 5229 1701 5285 vocare.
1735 5229 1812 5284 Ea

239 5302 539 5368 enimvero,
563 5317 687 5372 quae
716 5300 783 5357 de
813 5301 1137 5372 templorum
1182 5300 1498 5372 primordiis
1525 5316 1691 5371 supra
1724 5316 1814 5356 re-

311 5459 356 5490 "
380 5458 502 5512 Act.
526 5473 626 5522 vn,
649 5459 741 5521 47,
772 5459 862 5513 48.
976 5457 1020 5489 ¹⁶
1053 5455 1245 5511 Minut.
1295 5457 1351 5510 in
1383 5453 1628 5522 Octavio,

243 5529 286 5560 "
315 5528 536 5598 Origen.
560 5529 654 5584 lib.
683 5545 780 5584 vui
813 5529 1006 5584 Contr.
1041 5528 1282 5598 Celsum,
1313 5543 1366 5596 p.
1395 5525 1518 5598 521.

240 5598 328 5652 9.2.
407 5597 450 5630 “
481 5599 558 5654 De
589 5600 743 5656 idol..
769 5615 818 5656 c.
857 5601 906 5656 7.
996 5600 1040 5668 ε’
1072 5597 1149 5654 De
1173 5597 1375 5668 virgin.
1405 5597 1530 5660 vel.,
1559 5597 1735 5668 c.7175.

239 5670 459 5743 dissert.
491 5669 541 5736 7,
559 5684 614 5743 ρ,
640 5671 695 5738 8,
729 5671 756 5743 §
789 5672 838 5726 l.

233 5731 435 5810 Grec"
466 5731 641 5812 p.28.

1628 5455 2049 5596 “piniPhIKpSQ

1815 5597 1861 5629 ’³
1895 5595 2092 5652 Euseb.
2130 5597 2223 5652 lib.
2259 5611 2335 5650 vn
2369 5595 2601 5658 llistor.,
2654 5611 2705 5650 c.
2734 5595 2827 5649 22.

929 5671 974 5704 ³⁸
997 5667 1180 5725 Laert.
1216 5665 1557 5740 in'proaamq
1610 5667 1637 5741 §
1669 5667 1720 5724 6.
1798 5667 1843 5701 "
1872 5665 2146 5725 Tbeodor.
2209 5673 2342 5724 tom.
2381 5666 2469 5736 IV,
2503 5680 2669 5724 serm.
2692 5667 2750 5736 4,
2781 5683 2834 5739 p.
2860 5665 2984 5724 519.

1927 4106 2176 4165 tulinms,
2233 4101 2584 4172 antiquorum
2639 4099 2975 4172 scriptorum
3029 4098 3368 4172 testimonia,
3417 4104 3501 4160 sic

1929 4193 2055 4232 cum
2090 4175 2306 4242 templis
2339 4171 2632 4228 simulacra
2671 4171 3003 4244 permiscent
3039 4171 3498 4244 etcoujungunt,

1924 4259 1983 4301 ut
2010 4241 2242 4314 utraque
2287 4244 2604 4314 eorumdeui
2638 4251 2924 4297 auctorum
2954 4241 3185 4314 judicio.
3232 4245 3286 4314 in
3340 4241 3501 4300 [nun-

1923 4317 2053 4373 dum
2077 4311 2266 4371 eodem
2304 4330 2439 4384 pene
2482 4312 2644 4368 modo
2685 4322 2739 4368 et
2783 4321 3029 4384 tempore
3069 4311 3380 4380 introducta
3413 4317 3500 4370 vi-

1925 4388 2177 4442 deantur.
2233 4383 2317 4438 Ab
2364 4386 2580 4438 illorum
2637 4391 2818 4439 autem
2863 4383 3126 4454 opinione
3164 4384 3280 4452 ipse
3335 4387 3499 4441 etiam

1925 4459 2180 4514 Clemens
2216 4463 2402 4511 noster
2431 4471 2540 4509 non
2571 4452 3276 4525 longe,rl'orsitanabfuissc
3317 4457 3498 4510 credi-

1925 4539 2034 4594 tur,
2071 4527 2164 4583 ubi
2208 4526 2324 4581 haec
2371 4525 2590 4597 scriptis
2633 4523 2858 4597 tradidit
2899 4544 2911 4578 :
2955 4545 2975 4597 ς
3013 4523 3202 4578 Merito
3232 4540 3362 4594 ergo
3389 4528 3502 4581 dae-

1924 4615 2146 4654 monum
2191 4599 2396 4660 cultus,
2430 4595 2556 4650 cum
2603 4595 2824 4650 aliunde
2863 4595 3098 4666 cepisset
3141 4597 3495 4665 principium,

1923 4669 2047 4725 fons
2082 4668 2182 4722 fuit
2210 4668 2391 4723 stolidi
2419 4667 2653 4722 vitii.....
2689 4666 2983 4722 simulacra
3006 4666 3247 4735 erigens,
3277 4675 3331 4721 et
3356 4676 3496 4721 tem-

1922 4741 2006 4809 pla
2027 4738 2304 4794 asdilicans
2326 4739 2392 4794 ".
2420 4758 2438 4789 ι
2461 4737 2758 4809 Postquam
2781 4737 2945 4809 igitur
2966 4736 3166 4809 impius
3186 4736 3498 4809 daemonum

1921 4805 2104 4864 cultus
2150 4809 2498 4872 adolevisset,
2552 4805 2685 4862 tunc
2737 4805 2986 4862 homines
3042 4806 3234 4862 iisdem
3295 4805 3402 4862 diis
3443 4814 3498 4861 et

1919 4880 2277 4945 daunonibus,
2304 4894 2413 4932 non
2443 4881 2618 4934 solum
2647 4877 2917 4934 aediﬁcare
2942 4877 3162 4946 templa,
3195 4879 3289 4932 sed
3323 4877 3498 4932 simu-

1915 4951 2065 5005 lacra
2093 4951 2257 5005 etiam
2293 4950 2499 5020 erigere
2533 4956 2838 5019 cmperunt.

1985 5019 2337 5076 Celeberrimi
2382 5019 2573 5074 tamen
2626 5021 2924 5088 scriptores
2967 5031 3167 5089 magno
3212 5033 3346 5074 sane
3391 5033 3496 5072 nu-

1914 5107 2066 5147 mero
2093 5103 2148 5146 et
2179 5106 2454 5147 consensu
2483 5092 2682 5145 docent
2729 5089 2928 5158 templa
2980 5089 3034 5141 in
3062 5090 3287 5144 deorum
3322 5089 3496 5143 bono-

1915 5178 2031 5216 rem
2064 5163 2223 5232 longe
2262 5163 2412 5232 prius
2455 5161 3008 5232 fuissegconstructa,
3043 5175 3208 5227 quam
3242 5159 3380 5232 ulla:
3409 5175 3495 5214 eo-

1914 5247 2037 5285 rum
2062 5227 2278 5295 stafuze,
2297 5233 2474 5286 ullave
2492 5230 2785 5286 simulacra
2803 5230 2946 5284 facta
2966 5245 3209 5298 unquam
3235 5227 3490 5284 fuissent.

1917 5301 2174 5359 Testatur
2205 5303 2474 5374 siquidem
2504 5300 2783 5356 anianus
2812 5301 2962 5355 nulla
2988 5301 3242 5370 primitus
3268 5300 3323 5354 in
3350 5307 3491 5355 tem-

2161 5457 2203 5488 ¹¹¹
2231 5455 2329 5509 lib.
2380 5471 2432 5509 vi
2463 5453 2601 5509 Adv.
2652 5462 2799 5524 gent.
2857 5453 3116 5524 init.,p.
3171 5452 3278 5508 189
3326 5452 3396 5524 in
3435 5453 3488 5506 4.

2791 5525 2877 5580 15.
2953 5525 2997 5556 ²⁰
3025 5523 3196 5582 lCor.
3233 5538 3311 5586 ιι,
3341 5523 3410 5578 18
3439 5530 3493 5577 et

2929 5595 2976 5628 “
3005 5597 3100 5654 lib.
3151 5609 3169 5649 ι
3201 5594 3491 5665 Apparat.,

2931 5665 2984 5722 9.
3093 5668 3136 5701 ³⁷
3161 5664 3396 5722 Admon.
3424 5660 3494 5718 ad

1990 5534 2188 5596 parat.,
2221 5525 2442 5596 dissert.
2476 5525 2531 5592 2,
2562 5539 2612 5578 c.
2645 5523 2695 5592 7,
2723 5523 2751 5596 §
