3948 6314
467 213 574 269 9ἷῦ

1086 213 1153 268 IN
1193 212 1619 272 CLEMENTEM
1657 215 1864 272 ALEX.
2005 215 2098 272 LE
2135 215 2423 274 NOUBRY
2467 215 2928 272 DlSSERTATlO
2962 217 3004 271 1.
3569 216 3650 279 91³

467 339 523 386 et
554 329 908 385 nominantes
930 330 1036 385 “.i
1079 328 1176 384 llis
1205 346 1390 400 porro,
1424 331 1469 387 si
1512 332 1682 397 lubet,
1717 332 2045 401 adjiciamus
2075 338 2122 394 Α
2150 333 2219 388 ad
2263 331 2488 401 Dionys.
2539 330 2844 398 Usserium,
2877 339 2931 386 et
2977 329 3252 386 Godefridi
3299 330 3655 401 observationes

468 402 645 474 Lysia:
674 405 911 474 oratoris
945 401 1132 474 verba,
1158 402 1360 471 quibus
1417 401 1738 458 Escbinem
1801 403 2041 458 Socrati-

468 472 618 535 cum,
666 473 771 526 arti
807 472 1184 541 unguentariae
1219 487 1340 527 sese
1371 474 1591 528 tradere
1631 475 1924 537 volentem,
1961 476 2043 529 sic

470 544 770 597 insectatur
800 561 816 598 :
849 561 868 593 ‹
897 542 1191 596 Pulchrum
1240 543 1450 598 scilicet
1484 543 1654 598 beata:
1685 545 1812 598 vita:
1852 545 2036 608 linem,

468 623 521 668 et
567 613 891 684 philosopho
935 614 1158 684 dignum
1193 613 1241 668 is
1268 615 1555 669 constituit
1583 622 1755 677 artem
1791 630 2041 684 unguen-

469 686 686 749 tariam,
745 683 1014 739 Socratis
1043 683 1401 754 philosophia:
1445 683 1889 746 convenientem,
1947 684 2038 754 qui

469 770 629 810 nsum
670 764 1074 824 unguentorum
1116 755 1469 824 vituperavit,
1501 771 1626 810 cum
1653 763 1709 811 et
1757 756 2042 826 legislator

470 826 636 927 Solon
670 833 842 880 artem
895 826 1043 878 illam
1099 840 1355 881 exercere
1408 827 1559 882 viros
1605 841 1797 882 omnes
1853 833 2041 882 vetue-

470 897 532 927 rh
647 915 664 927 ι

466 897 539 952 rit
550 897 614 950 “.
647 915 664 947 ι

539 965 970 1038 (Σῑειεηιτηιῐιοη
994 1037 998 1038 ί
1025 965 1281 1038 omnibus
1315 967 1556 1038 omnino
1585 968 1878 1038 unguentis
1908 966 2036 1021 Cle-

468 1053 623 1092 mens
650 1039 768 1091 vult
800 1036 1130 1092 Cln‘iStianis
1158 1053 1280 1092 esse
1312 1036 1711 1092 interdictum:
1751 1058 1768 1089 ι
1797 1038 1904 1094 Sed
1936 1054 2038 1091 un-

467 1115 690 1178 guento,
742 1107 1236 1178 inquit,itanquam
1288 1108 1685 1163 medicamento
1721 1116 1776 1163 et
1835 1109 2039 1162 auxilio

467 1177 729 1232 utendum
761 1188 864 1241 est,
897 1177 962 1248 ad
992 1179 1137 1233 vires
1167 1179 1488 1248 languentes
1521 1179 1860 1243 excitandas,
1895 1187 1950 1234 et
1971 1179 2038 1233 ad

467 1249 774 1311 cata-rrhos,
799 1257 853 1302 et
885 1247 953 1301 ad
988 1247 1453 1318 relrigerationes,
1481 1257 1536 1304 et
1551 1249 1615 1303 ad
1645 1249 2030 1303 fastidiunﬂ.»

467 1319 726 1374 Eamdem
767 1320 925 1388 plane
975 1319 1046 1373 ob
1095 1335 1319 1374 causam
1369 1319 1436 1374 de
1481 1320 1609 1375 allio
1653 1319 1854 1374 alicubi
1898 1320 2038 1374 dixit

467 1390 832 1460 Ambrosius:
869 1408 887 1439 ι
917 1389 1116 1442 Αιιὶυῐη
1179 1401 1428 1444 sumatur
1469 1406 1570 1460 pro
1613 1390 2036 1452 medicamento,

468 1477 577 1515 non
623 1475 721 1531 pro
757 1459 925 1531 cibo;
958 1467 1208 1531 sumatur
1240 1460 1309 1514 ab
1351 1461 1773 1531 mgrotantibus,
1815 1476 1922 1516 non
1967 1463 2037 1515 ab

466 1528 815 1602 epulantibus
833 1529 893 1582 “.
934 1550 951 1581 ι
1004 1528 1227 1585 Scilicet
1268 1528 1600 1601 liaac'prima
1655 1531 2038 1600 generalisque

471 1604 764 1659 Clementis
815 1605 1149 1672 aliorumque
1190 1615 1496 1659 sanctorum
1545 1606 1761 1660 Patrum
1801 1607 1885 1660 lex
1921 1607 2040 1671 fuit,

474 1684 532 1728 ut
589 1675 823 1744 legitimo
845 1690 1023 1728 rerum
1069 1677 1437 1729 unitummodo
1484 1677 1910 1730 necessariarum
1938 1695 2040 1732 usu

470 1745 789 1818 Christian-is
822 1759 1108 1818 concesso,
1136 1759 1229 1797 eos
1265 1745 1332 1798 ab
1358 1745 1505 1799 omni
1537 1762 1758 1816 prorsus
1792 1747 2042 1818 volupta-

472 1816 542 1871 tis
571 1830 735 1870 sensu
769 1824 823 1870 et
852 1815 1103 1868 illecebra
1137 1825 1408 1870 arcerent.

541 1880 814 1944 Quantum
846 1893 974 1951 vero
1003 1880 1069 1932 ab
1102 1879 1202 1951 hac
1235 1896 1374 1934 vera:
1403 1881 1682 1951 religionis
1712 1896 1903 1935 norma
1935 1881 2035 1935 ab-

469 1957 656 2019 essent
696 1948 911 2018 pagani,
953 1950 1240 2019 perspicue
1285 1948 1538 2006 Clemens
1577 1952 1893 2013 ostendit",
1943 1952 2035 2006 ubi

467 2018 594 2091 data
632 2019 942 2091 occasione,
992 2020 1047 2073 in
1089 2018 1367 2074 Summam
1421 2023 1505 2076 sui
1567 2023 1832 2091 temporis
1883 2024 2036 2076 luxu-

468 2089 628 2150 riam,
665 2103 768 2158 qua
801 2089 877 2142 illi
915 2089 968 2143 in
1000 2105 1161 2144 omne
1190 2091 1352 2145 etiam
1395 2089 1825 2147 ell'renatissimae
1854 2093 2036 2146 libidi-

469 2162 554 2232 nis
578 2175 748 2232 genus
773 2159 949 2232 legum
980 2175 1203 2232 suarum
1238 2163 1505 2232 permissu
1542 2163 1762 2232 impune
1789 2179 1910 2218 sese
1939 2179 2035 2216 vo-

466 2229 732 2304 lutabant,
766 2231 1030 2304 acerrime
1060 2229 1352 2304 inveliitur.
1388 2231 1464 2286 lbi
1495 2229 1694 2297 autem,
1732 2241 1895 2304 atque
1930 2234 2032 2288 ite-

466 2315 587 2356 rum
635 2301 742 2354 alio
799 2301 853 2354 in
909 2301 1028 2355 loco
1068 2302 1508 2359 crudelissimum
1555 2304 1770 2357 illorum
1807 2301 2033 2358 'morem

466 2369 786 2442 exagitat",
834 2385 942 2442 quo
998 2385 1197 2441 pueros
1249 2388 1378 2428 suos
1419 2373 1566 2426 domi
1600 2382 1759 2430 natos
1799 2389 2036 2442 expone-

468 2441 618 2502 bant,
649 2455 772 2496 cum
800 2441 929 2495 vilia
952 2442 1244 2511 mancipia,
1269 2453 1325 2497 et
1357 2443 1638 2504 thersitas,
1665 2445 1716 2499 id
1747 2454 1850 2509 est,
1873 2441 2033 2497 suni-

467 2527 568 2583 ma:
593 2511 956 2567 deformitatis
991 2513 1271 2572 homines,
1294 2522 1456 2583 atque
1498 2517 1782 2583 psittacos,
1823 2515 2032 2581 simias,

467 2581 681 2654 aliaque
708 2596 819 2635 non
855 2583 972 2636 sine
994 2597 1190 2652 magno
1206 2581 1426 2654 sumptu
1452 2581 1662 2638 alerent
1694 2585 1949 2638 animalia
1964 2584 2031 2637 δ’.

467 2650 606 2704 Tam
656 2653 940 2707 horrendae
973 2650 1301 2722 penitusque
1335 2650 1658 2709 inhumanrc
1693 2655 2033 2711 crudelitatis

469 2722 681 2796 facinus
730 2724 1200 2796 iisdem_paganis
1232 2724 1325 2779 alii
1363 2741 1580 2796 quoque
1611 2725 1802 2780 l’atres
1835 2726 2034 2795 saepius

465 2795 887 2867 exprobrarunt.
930 2792 1182 2867 Justinus
1235 2792 1435 2866 quippe
1492 2792 1700 2867 martyr
1747 2792 2034 2850 sanctissi-

464 2863 588 2919 mus
617 2880 629 2914 :
662 2883 680 2915 ‹
705 2863 835 2927 Nos,
871 2865 1072 2934 inquit,
1103 2863 1302 2934 pueros
1334 2863 1502 2920 etiam
1535 2863 1725 2922 recens
1753 2875 1911 2920 natos
1939 2881 2034 2920 ex-

465 2949 666 3056 [li‘onere
710 2935 1083 3004 improborum
1139 2934 1374 2991 dicimus
1425 2952 1548 2992 esse
1601 2937 1883 2991 hominum
1902 2937 1969 2990 ⁸ο.
2006 2955 2026 2988 ι

511 3005 840 3056 ertullianus
884 3020 1012 3056 vero
1061 3022 1074 3056 :
1118 3004 1220 3056 «In
1270 3008 1464 3056 nrimis
1523 3007 1664 3056 ﬁlius
1727 3007 2025 3056 exnonitis.

511 3005 840 3076 ertullianus
884 3020 1012 3059 vero
1061 3022 1074 3057 :
1118 3004 1220 3059 «In
1270 3008 1464 3075 primis
1523 3007 1664 3062 lilios
1727 3007 2025 3076 exponitis,

465 3075 850 3148 suscipiendos
910 3077 977 3148 ab
1026 3076 1209 3144 aliqua
1271 3063 1679 3148 'prwtereunte
1710 3063 2024 3133 misericor;
2057 3063 2100 3121 ο

465 3145 552 3197 (lia
580 3145 646 3198 “.
679 3164 696 3195 ι
751 3145 1014 3199 Minutius
1061 3145 1470 3216 quoque'Felix
1517 3166 1530 3203 :
1585 3167 1602 3199 ι
1633 3145 1826 3202 Merito
1869 3147 2036 3216 igitur

465 3216 736 3288 incestum
787 3231 952 3285 penes
1003 3231 1284 3288 vosszepe
1317 3218 1860 3288 deprehenditur.....
1896 3217 2028 3271 dum

465 3286 628 3339 etiam
653 3286 810 3358 domi
861 3293 1021 3358 natos
1067 3287 1256 3358 aliena:
1287 3286 1674 3343 misericordiae
1708 3288 2028 3358 frequenter

465 3356 740 3425 exponitis
762 3356 828 3413 ⁸⁸.
853 3375 872 3407 ι
911 3355 1234 3412 Lactantius
1264 3359 1513 3413 similiter
1540 3376 1554 3411 :
1594 3377 1612 3410 ι
1637 3358 1741 3424 Qui
1785 3355 1943 3414 natos
1969 3372 2036 3412 ex

466 3441 526 3499 se
571 3442 768 3495 pueros
800 3435 894 3482 aut
935 3431 1301 3499 strangulant,
1341 3437 1434 3482 aut
1468 3430 1513 3483 si
1549 3429 1774 3499 nimium
1813 3430 1883 3499 pii
1917 3429 2035 3499 fue-

465 3497 596 3558 rint,
652 3504 936 3567 exponunt
955 3499 1021 3552 ".
1054 3517 1072 3549 ι
1111 3498 1176 3552 Et
1222 3499 1330 3552 alio
1369 3500 1423 3553 in
1467 3501 1605 3554 libro
1638 3519 1650 3554 :
1684 3519 1703 3552 ι
1734 3497 1876 3564 Quid
1928 3498 2029 3562 illi,

465 3581 604 3636 quos
643 3565 779 3622 falsa
810 3570 984 3639 pietas
1013 3571 1157 3640 cogit
1183 3571 1496 3640 exponere?
1527 3569 1645 3625 Non
1681 3577 1924 3640 possunt
1945 3571 2031 3622 in-

466 3646 726 3711 nocentes
770 3639 1102 3711 existimari,
1153 3639 1502 3709 qui’viscera
1545 3657 1645 3698 sua
1683 3639 1744 3694 in
1783 3639 2026 3711 praedam

466 3709 698 3782 canibus
732 3709 1018 3778 objiciunt,
1054 3719 1107 3782 et
1137 3718 1400 3780 quantum
1439 3712 1494 3766 in
1529 3712 1663 3782 ipsis
1693 3709 1801 3782 est,
1836 3710 2035 3765 crude-

464 3777 572 3852 lius
613 3777 812 3852 necant
837 3795 1004 3849 quam
1029 3781 1076 3836 si
1105 3777 1658 3850 strangulassentl...
1691 3780 1824 3835 Tam
1867 3782 2034 3852 igitur

467 3847 735 3921 nefarium
770 3847 870 3905 est'
886 3865 1161 3921 exponere
1202 3847 1368 3921 quam
1417 3867 1633 3908 necare.
1671 3869 1689 3903 ι
1744 3852 1847 3908 Adi
1891 3847 2036 3920 pra:-

467 3926 612 3974 terea
641 3917 858 3974 Justum
890 3917 1137 3991 Lipsium
1197 3917 1240 3977 t'.
1272 3919 1338 3987 ll,
1377 3930 1594 3980 centur.
1630 3924 1685 3991 1,
1731 3917 2034 3994 ερὶειζὸὅ,

2065 1705 2108 1760 Β
2135 1731 2242 1787 que
2275 1716 2354 1771 sic
2383 1705 2583 1771 cecinit
2610 1733 2622 1769 :

2149 405 2205 459 in
2243 402 2364 457 cod.
2403 399 2698 471 Tlieodos.,
2723 412 2856 458 tom.
2888 405 2932 464 l,
2964 402 3080 472 lege
3113 402 3135 455 1
3171 409 3223 458 et
3238 401 3296 468 2,
3320 399 3392 457 De
3419 409 3654 474 expositis,

2147 491 2272 546 pag.
2315 474 2420 528 445
2453 484 2502 528 et
2544 489 2658 543 seq.

2215 545 2333 610 Quo
2367 544 2762 614 autcmimodo,
2795 551 2848 614 et
2875 543 3073 612 quibus
3100 544 3242 598 notis
3286 543 3439 612 pueri
3461 561 3660 614 expone-

2143 625 2352 680 rentur,
2389 613 2742 668 manil‘estum
2784 613 2990 668 faciunt
3043 614 3320 667 variorum
3371 613 3662 672 animadver-

2143 686 2326 742 siones
2361 685 2416 739 in
2451 685 2582 739 illud
2620 684 2858 739 Terentii
2883 699 3145 739 carmen:

2142 779 2243 833 Abi
2277 791 2353 843 tu,
2388 777 2650 832 cistellam
2702 775 2924 847 Pythias
2983 775 3138 830 domo
3197 777 3667 918 e/ferInqzurqi‘m'gu-

2141 940 2329 1012 Longe
2361 940 2446 1012 bis
2475 940 2746 1012 aequiores
2792 947 2949 993 erant
2983 938 3192 1008 antiqui
3231 939 3563 1009 legislatores
3586 941 3668 994 Ro-

2141 1010 2312 1074 mani,
2344 1010 2412 1066 de
2453 1011 2654 1080 quibus
2687 1010 2939 1065 Clemens
2973 1021 3194 1064 noster:
3222 1029 3239 1060 ‹
3263 1012 3515 1065 Admiror
3555 1022 3672 1067 rete

2141 1097 2229 1138 res
2265 1081 2634 1136 Romanorum
2665 1081 3097 1149 legislatores;.ii
3130 1082 3398 1135 muliebre
3424 1091 3475 1136 et
3499 1082 3671 1135 effemi-

2141 1163 2328 1207 natum
2381 1154 2506 1206 vitze
2553 1153 2794 1208 studium
2829 1150 2955 1204 odio
3009 1151 3342 1216 habuerunt,
3381 1161 3433 1206 et
3461 1157 3672 1221 corporis

2140 1237 2263 1277 cum
2312 1221 2515 1277 femina
2555 1221 3006 1278 consuetudinem
3041 1230 3237 1291 praeter
3273 1229 3482 1276 natum
3524 1224 3666 1292 legem

2139 1301 2299 1348 terra:
2346 1294 2517 1348 infodi
2571 1308 2638 1346 ex
2701 1293 2816 1362 lege
2863 1292 3090 1361 justitiie
3124 1308 3368 1362 igequum
3433 1293 3672 1346 existima-

2139 1365 2351 1418 runt”.
2381 1383 2398 1416 ι
2435 1363 2543 1418 Lex
2571 1361 2897 1420 autem’illa.
2927 1379 3088 1432 quam
3123 1361 3396 1418 llervetus
3424 1364 3601 1416 nullibi
3627 1379 3673 1417 se

2139 1435 2337 1504 legisse
2375 1433 2636 1491 declarat.
2670 1449 2699 1487 a
2733 1433 3059 1502 quibusdam
3112 1432 3399 1486 Scantinia
3448 1450 3562 1488 esse
3586 1449 3673 1555 Ru-

2139 1513 2305 1555 tatur.
2341 1503 2458 1555 Oua
2493 1505 2713 1555 quidem
2743 1508 2809 1555 ti-e
2845 1505 2959 1555 leae
2991 1505 3235 1555 disnutat
3290 1504 3558 1555 Antonius
3627 1521 3673 1555 u-

2137 1503 2305 1559 tatur.
2341 1503 2458 1570 Qua
2493 1505 2713 1574 quidem
2743 1508 2809 1558 ti-e
2845 1505 2959 1572 lege
2991 1505 3235 1573 disputat
3290 1504 3558 1557 Antonius
3586 1503 3674 1555 Au-

2139 1577 2392 1645 gustinus
2417 1577 2486 1628 ab
2519 1591 2628 1628 uno
2657 1575 3171 1645 aliquo_Clementis
3212 1577 3392 1629 nostri
3426 1575 3677 1628 scboliaste

2141 1643 2413 1709 laudatus,
2449 1655 2502 1699 et
2541 1643 2803 1715 praeterea
2834 1643 3188 1708 Prudentius,
3225 1648 3324 1716 qui
3355 1645 3425 1702 de
3462 1645 3548 1700 illa
3575 1660 3677 1714 quo-

2213 1808 2316 1862 Sed
2349 1808 2501 1862 credo
2535 1808 2714 1879 magni
2748 1808 2904 1862 limen
2939 1810 3230 1878 amplector
3261 1806 3435 1862 locis.

2212 1879 2317 1945 Qui
2347 1881 2393 1933 si
2429 1881 2617 1932 citetur
2651 1879 2848 1949 legibus
2875 1883 3226 1949 vestrisgreus,

2207 1949 2434 2018 Laqueis
2470 1947 3020 2018 minacis‘implicatus
3051 1947 3238 2012 Julite,

2207 2019 2338 2072 Luet
2373 2038 2601 2073 sereram
2638 2021 2802 2073 rictus
2834 2030 2883 2073 et
2918 2020 3277 2082 Scantiniam,

2211 2090 2282 2144 Te
2309 2092 2593 2160 cognitore,
2623 2090 2814 2160 dignus
2843 2091 2920 2144 ire
2949 2091 3002 2144 in
3027 2107 3296 2145 carcerem
3315 2092 3388 2146 ".

2137 2180 2298 2239 Prius
2320 2201 2454 2239 vero
2476 2182 2760 2238 Juvenulis
2788 2201 2801 2237 :

2208 2275 2364 2341 Quod
2395 2277 2442 2330 si
2477 2285 2727 2330 vexentur
2759 2276 2893 2346 leges
2927 2291 2990 2327 ac
3013 2275 3166 2343 jura,
3203 2276 3366 2329 citari

2207 2349 2344 2400 Ante
2373 2364 2550 2401 omnes
2582 2346 2729 2400 debet
2763 2345 3041 2400 Scantinia
3065 2347 3231 2401 ".....

2139 2438 2216 2493 Eo
2256 2447 2438 2494 autem
2486 2439 2708 2492 nomine
2732 2438 2983 2492 nonnulli
3019 2438 3190 2510 legem
3209 2453 3256 2510 Aa
3293 2436 3569 2510 Scantinia
3584 2441 3677 2510 ejus

2138 2518 2364 2564 auctore
2406 2510 2731 2579 appellatam
2762 2510 2986 2574 volunt;
3014 2509 3106 2562 alii
3138 2523 3167 2561 a
3195 2507 3263 2563 C.
3305 2509 3578 2564 Scantinio
3597 2507 3677 2565 Ca-

2136 2580 2383 2649 pitolino,
2437 2581 2700 2650 quicum
2745 2587 2994 2650 stuprum
3047 2579 3160 2632 tilio
3217 2579 3464 2650 Marcelli
3510 2581 3671 2636 inferre

2137 2659 2424 2720 tentasset,
2455 2649 2562 2720 93
2589 2664 2684 2720 __ea
2742 2649 3033 2720 damnatus
3089 2657 3193 2703 est.
3248 2649 3489 2705 Narrant
3527 2663 3673 2705 autem

2137 2718 2557 2776 Plutarclniset
2589 2718 2839 2776 Valerius
2879 2718 3153 2774 Maximus
3183 2723 3467 2789 quomodo
3495 2721 3674 2776 Scanti-

2136 2791 2263 2846 nius
2295 2793 2408 2853 ille,
2439 2791 2543 2846 etsi
2573 2791 2829 2845 tribunus
2863 2792 3058 2860 plebis,
3097 2806 3206 2843 uno
3255 2800 3468 2846 tantum
3498 2793 3580 2846 illo
3598 2793 3663 2860 ju-

2138 2876 2274 2916 vene
2298 2869 2437 2917 teste
2487 2877 2551 2914 ac
2591 2861 2709 2915 solo
2735 2860 3047 2916 verecundo
3075 2862 3250 2930 ipsius
3282 2863 3500 2917 silentio
3526 2866 3673 2918 scelus

2137 2932 2423 3055 prodfcnte't
2435 2938 2749 3033 accusatus,
2777 2933 2846 2985 ab
2877 2932 3134 2986 omnibus
3160 2934 3361 2987 merito
3384 2933 3672 2988 condemna-

2162 3019 2225 3055 us
2284 3019 2397 3055 ueri
2491 3041 2508 3055 .

2135 3010 2225 3057 tus
2261 3003 2423 3058 fuerit
2439 3003 2508 3055 ⁸⁸.

2205 3072 2412 3129 Contra
2451 3089 2606 3139 vero,
2660 3073 2870 3144 inquiet
2927 3073 3148 3144 aliquis.
3198 3073 3479 3144 quomodo
3516 3074 3612 3127 haec
3648 3087 3670 3144 a

2133 3141 2413 3199 Clemente
2447 3154 2638 3199 nostro
2668 3141 2936 3215 lci_citari
2965 3141 3160 3215 potuit,
3189 3141 3317 3215 qum
3346 3146 3538 3198 nullam
3558 3143 3672 3212 peni-

2133 3223 2224 3285 tus
2253 3216 2473 3284 capitis,
2523 3230 2554 3269 a
2597 3215 2712 3285 lege
2744 3213 2888 3268 Julia
2933 3213 2986 3269 in
3030 3213 3319 3271 adulteros
3355 3215 3669 3285 postmodum

2135 3283 2436 3347 decretam,
2481 3285 2577 3340 sed
2617 3283 2846 3340 modicae
2883 3289 3269 3339 tantummodo
3322 3283 3577 3347 pecunia,
3622 3292 3667 3334 ut

2133 3355 2356 3479 quidam
2407 3355 2582 3419 aiunt,
2613 3372 2830 3426 poenam
2877 3357 3151 3410 indixerat
3176 3357 3292 3409 ?At
3324 3355 3451 3410 huic
3483 3370 3670 3424 respon-

2171 3426 2253 3479 eri
2290 3433 2468 3479 potest
2504 3427 2647 3479 banc
2689 3427 2861 3479 lenem
2901 3428 2955 3479 in
2989 3425 3124 3479 illud
3157 3428 3369 3479 crimen
3406 3440 3577 3479 revera
3610 3425 3670 3476 la-

2171 3426 2253 3480 eri
2290 3433 2468 3495 potest
2504 3425 2647 3480 banc
2689 3427 2861 3495 legem
2901 3428 2955 3480 in
2989 3425 3124 3480 illud
3157 3428 3369 3480 crimen
3406 3440 3577 3481 revera
3610 3425 3670 3495 la-

2135 3503 2246 3548 tam
2271 3493 2462 3566 tuisse,
2499 3497 2642 3566 quod
2671 3512 2700 3550 a
2727 3493 3006 3566 Clemente
3038 3498 3218 3551 notari
3241 3497 3477 3551 videtur.
3501 3493 3669 3548 Deinde

2134 3581 2268 3619 vero
2317 3563 2597 3621 Iuvenalis
2633 3577 2686 3622 et
2721 3565 3072 3630 Prudentius,
3117 3582 3146 3619 a
3189 3568 3355 3621 nobis
3390 3567 3496 3636 jam
3529 3566 3666 3624 citati,

2137 3651 2247 3690 non
2269 3637 2503 3692 obscure
2531 3641 2767 3692 innuunt
2798 3638 2900 3691 bac
2933 3637 3215 3691 Scantinia
3247 3637 3368 3706 lege
3389 3639 3547 3690 multo
3569 3649 3667 3703 gra-

2136 3707 2340 3760 viorem
2369 3723 2532 3776 quam
2572 3709 3085 3778 paucaiﬁcujusdam
3136 3710 3431 3776 tenuisque
3467 3706 3668 3778 pecunia

2139 3780 2362 3848 multam
2438 3777 2690 3848 irrogari.
2756 3777 2971 3834 Videsis
3020 3785 3217 3847 praeter
3244 3778 3367 3848 jam
3434 3777 3666 3848 laudatum

2139 3847 2267 3902 Ant.
2307 3846 2673 3918 Augustinum
2728 3849 2823 3904 lib.
2852 3849 2930 3902 De
2974 3846 3196 3918 legibus,
3243 3846 3472 3901 Paulum
3518 3847 3668 3902 Manu-

2141 3918 2276 3972 tium
2306 3917 2382 3972 De
2404 3917 2614 3989 legibus
2651 3919 2828 3984 Rom.,
2860 3935 2982 3989 cap.
3015 3917 3106 3974 ‘29.

1727 4163 2108 4258 CAPUT
2176 4159 2472 4250 XIII.

1487 4325 1580 4388 De
1614 4324 1807 4388 rebus
1847 4318 2134 4403 physicis
2167 4324 2229 4381 et
2259 4314 2682 4380 naturalibus.

1009 4559 1409 4620 ARTICULUS
1448 4564 1496 4622 1.

471 4668 744 4744 Quomodo
797 4669 878 4724 lac
911 4670 1028 4744 fiat,
1053 4682 1113 4744 et.
1136 4673 1191 4726 in
1209 4675 1452 4733 mammis
1487 4674 1766 4744 formetur,
1796 4673 1861 4728 de
1885 4673 2039 4728 lactis

656 4740 828 4810 adipe,
865 4742 1063 4796 scilicet
1095 4739 1307 4814 butyro,
1344 4745 1397 4798 in
1421 4739 1650 4800 lucerna:
1680 4762 1855 4800 usum.

542 4831 668 4907 Etsi
690 4833 942 4889 Clemens
998 4835 1169 4891 libros
1201 4836 1486 4907 Pwdagogi
1537 4838 1603 4892 ad
1661 4837 2038 4895 informandos

468 4901 909 4959 Christianorum
943 4920 1122 4961 mores
1156 4915 1212 4961 et
1261 4901 1524 4962 tradenda
1560 4911 1681 4962 vitze
1711 4910 2040 4966 Christianae

470 4981 736 5046 praecepta
778 4974 1032 5041 ediderit,
1066 4978 1219 5046 plura
1255 4985 1436 5032 tamen
1476 4979 1816 5033 intermiscet
1849 4981 1915 5034 ad
1951 4997 2037 5037 res

471 5044 725 5119 physicas
759 5053 814 5119 et
861 5044 1145 5102 naturales
1201 5049 1529 5116 spectantia,
1553 5065 1674 5118 quae
1706 5065 1829 5103 cum
1862 5052 2039 5119 explis

469 5115 685 5170 catione
726 5115 910 5185 aliqua
952 5124 1047 5171 aut
1099 5115 1512 5174 continuatione
1563 5115 1751 5175 inultis
1793 5115 2037 5193 indigere

539 5269 586 5301 ⁵³
615 5268 712 5324 lib.
751 5283 767 5322 ι
803 5267 1033 5332 Strom.,

474 5337 600 5393 179.
681 5339 730 5369 ⁸⁸
769 5339 1023 5393 Ambros.

1108 5308 1120 5323 .
1157 5269 1280 5325 594.
1399 5271 1446 5303 “
1470 5269 1668 5328 Athen.
1705 5274 1798 5328 lib.
1837 5291 1936 5329 xui

1107 5357 1340 5414 csae_tn.,
1373 5342 1467 5396 lib.
1507 5359 1584 5414 Vl.
1608 5360 1658 5398 c.
1691 5344 1746 5404 4,
1787 5343 1813 5414 §
1845 5345 1936 5401 28.

1399 5271 1446 5303 “
1470 5263 1668 5328 Athen.
1705 5274 1798 5328 lib.
1837 5291 1936 5329 xui
1969 5274 2251 5346 Deipnos.,
2288 5295 2344 5349 p.
2395 5278 2495 5333 611
2563 5289 2618 5334 et
2678 5296 2796 5350 seq.

1399 5343 1467 5396 ib.
1507 5359 1658 5419 ηις.
1691 5343 1936 5419 4_,_§_28.
2015 5349 2057 5380 ‘7
2093 5347 2302 5419 Paedag.
2332 5349 2425 5404 lib.
2456 5365 2542 5414 In,
2563 5367 2612 5405 c.
2642 5352 2696 5416 5,
2728 5366 2778 5419 p.

2068 4473 2136 4488 _

2067 4581 2113 4635 ι)
2141 4560 2452 4635 videantur,
2488 4575 2517 4614 a
2552 4560 2710 4635 nobis
2760 4560 2933 4614 omitti
2966 4575 3086 4635 non
3137 4559 3358 4635 debent.
3391 4557 3560 4612 Primo
3585 4553 3662 4632 ita-

2144 4648 2251 4701 que
2288 4633 2371 4686 lae
2391 4632 2548 4700 juxta
2575 4633 2721 4686 illius
2744 4632 3068 4686 sententiam
3092 4641 3176 4686 cst
3211 4632 3438 4699 ipsemet
3458 4625 3660 4701 sanguis,

2145 4697 2211 4756 ex
2245 4697 2414 4756 rubro
2441 4704 2624 4757 colore
2654 4703 2706 4755 in
2733 4703 2913 4756 album
2954 4697 3271 4755 conversus.
3305 4697 3564 4771 Quomodo
3587 4708 3661 4771 au-

2147 4781 2255 4826 tem
2289 4773 2380 4826 ﬁat
2411 4772 2525 4826 haec
2550 4774 2874 4838 immutatio,
2907 4774 2986 4826 sic
3017 4773 3106 4825 ille
3129 4772 3426 4841 exponit":
3449 4769 3658 4841 Sanguist

2146 4844 2345 4910 inquit,
2371 4853 2545 4896 matre
2565 4837 2898 4912 praegnante,
2931 4844 2995 4896 ad
3022 4837 3372 4896 nutriendum
3394 4841 3504 4906 ejus
3527 4837 3658 4888 letum

2145 4929 2242 4983 per
2273 4913 2590 4968 umbilicum
2623 4914 3030 4967 transmittitur.
3059 4912 3165 4966 Sed
3198 4920 3322 4981 post
3345 4919 3541 4981 partum
3556 4917 3658 4957 cun-

2147 4985 2300 5038 tinuo
2335 4984 2580 5052 ejusdem
2629 4984 2912 5054 sanguinis
2961 4983 3268 5037 obstruitur
3321 4985 3656 5054 nieat.us;_quo

2146 5055 2203 5107 lit
2233 5063 2290 5108 ut
2316 5045 2559 5123 sanguis,
2592 5045 2780 5108 claus'o
2811 5056 2981 5115 aditu,
3017 5054 3208 5108 reﬂuat
3230 5093 3246 5118 ,
3275 5062 3330 5106 et
3357 5052 3409 5104 in
3439 5045 3655 5123 mamilla-

2146 5139 2267 5179 rum
2297 5121 2546 5181 cavernis
2579 5128 2914 5192 transl‘usus,
2947 5140 3011 5178 ac
3049 5123 3211 5178 unda:
3241 5124 3414 5178 instar
3438 5134 3468 5172 a
3499 5121 3652 5186 spiritu

2939 5279 2985 5312 “
3008 5279 3220 5349 Ptedag.
3254 5277 3350 5333 lib.
3384 5292 3439 5341 ιι,
3471 5269 3583 5349 c;_8_.
3609 5280 3648 5334 Ρο

2728 5341 2778 5422 ρ’.
2807 5350 2964 5422 226,
3011 5355 3056 5382 δι
3083 5341 3208 5404 ibid.
3243 5367 3294 5403 c.
3315 5350 3382 5422 ⁸ιι,
3415 5363 3466 5422 ιι.
3492 5341 3592 5422 est.

475 5399 521 5488 ιτ
588 5402 802 5490 Xidesis
865 5409 1103 5490 Easaub.
1139 5412 1192 5490 in
1223 5399 1653 5490 _S_uet.,_p._i(iti.
1731 5399 2542 5490 ἀοῖιειέιὶη.Αρὸἰόέῗξςξῖξῦἶ
2569 5399 3382 5490 ”δῖ’Τ¹ὲνῖυ”ιῖἈροιὸξξοἶ9Ῑ’
3415 5399 3648 5490 ﬁliumi-

506 5476 565 5559 in
593 5476 785 5533 Octav.
831 5479 910 5559 _”
941 5480 1186 5559 Laetam.
1219 5480 1331 5559 lib;
1353 5500 1385 5538 ν
1414 5476 1489 5559 Ife
1522 5483 1719 5559 instit._,
1751 5501 1803 5540 c.
1838 5487 1891 5551 8,
1919 5504 1971 5556 p.
2001 5476 2126 5544 481.
2207 5476 2253 5523 δέ
2281 5476 2498 5546 Terent.
2525 5492 2800 5559 Eunucb.,
2837 5499 2943 5546 act.
2973 5476 3060 5559 Ν,
3085 5476 3234 5546 scen.
3269 5507 3342 5545 vn.
3413 5476 3643 5559 "milias'

511 5545 609 5620 lib.
640 5561 724 5620 in,
755 5563 804 5602 c.
831 5549 883 5616 3,
916 5565 970 5620 p.
995 5550 1117 5603 227.

483 5685 509 5706 ’³
555 5701 609 5757 ρ.
644 5687 748 5742 100
778 5697 832 5745 et
863 5687 983 5745 101.

480 5550 1553 5646 dit-.2123:5:..P-.321;__.'1.Pedest-
1592 5556 1726 5646 ssr-
1763 5550 2036 5646 eam

2138 5577 2261 5617 irm.
2282 5563 2360 5646 Ide
2395 5560 2570 5646 Roma
2581 5565 2764 5646 suppl.

554 5615 830 5703 l’liqa‘r‘ch.
861 5615 1053 5703 iri—ina
1081 5619 1342 5690 Marcelli,
1376 5641 1428 5694 p.
1465 5626 1568 5692 29;
1599 5615 1776 5679 Valer.
1811 5615 2162 5686 hlaxiinflib.
2199 5615 2258 5686 vi
2282 5631 2354 5688 Dc
2390 5615 2762 5702 pudicitiajrc.
2792 5635 2842 5697 1,
2869 5648 2921 5703 p.
2954 5633 3005 5687 6.

2861 5564 2903 5594 ⁵⁷
2936 5550 3129 5635 Juven.
3165 5570 3328 5635 Satyr.
3358 5571 3489 5635 ηιξ.
3520 5550 3588 5604 45·

3107 5635 3152 5666 ⁵⁸
3181 5625 3389 5703 Paedag.
3421 5625 3502 5681 lib.
3527 5635 3558 5687 ι,
3580 5628 3621 5672 ϐα
