3948 6314
265 353 380 412 977

269 543 336 596 in
365 542 620 594 colorem.
655 539 908 594 Pluribus
938 550 1115 594 autem
1147 541 1197 593 id
1230 541 1420 610 probat
1455 543 1734 610 exemplis.
1768 541 1826 595 In

271 612 554 666 ulceribus
597 611 742 665 enim
791 611 1015 678 sanguis
1043 611 1096 664 in
1132 627 1232 678 pus
1255 612 1436 664 album
1472 612 1824 666 convertitur.

270 683 426 737 Mare
455 688 654 744 autem,
688 687 950 750 vento__et
999 679 1253 734 ﬂuctibus
1296 681 1579 750 agitatum,
1613 681 1828 750 exspuit

269 752 411 807 salis
454 750 814 819 asperginem.
861 748 1032 803 Fluvii
1082 765 1319 819 quoque,
1339 748 1444 819 ‘qui
1493 765 1685 819 magno
1715 748 1829 804 im-

270 830 408 893 petu
453 821 720 893 feruntur,
756 820 1147 893 interceptione
1196 821 1339 893 aeris
1370 819 1659 880 verberati,
1689 835 1825 890 spu-

270 889 421 946 inam
453 891 782 959 exprimunt.
818 889 1058 958 Denique
1093 891 1238 960 quod
1283 889 1338 944 in
1385 904 1478 944 ore
1527 889 1830 945 nostroest

267 960 583 1021 humidum,
617 960 810 1028 spiritu
837 960 1082 1013 albescit.

350 1029 472 1083 llaec
517 1026 679 1098 porro
713 1031 780 1082 de
819 1045 886 1082 eo
935 1030 1120 1092 modo,
1155 1043 1264 1098 quo
1309 1028 1394 1082 lac
1439 1026 1573 1082 effici
1604 1028 1825 1093 dicitur,

267 1099 570 1154 Clementis
595 1099 777 1167 opinio
799 1101 1010 1154 etiamsi
1043 1099 1436 1153 recentioribus
1461 1099 1685 1153 medicis
1718 1116 1828 1153 non

269 1169 556 1239 probetur,
600 1169 746 1222 illam
779 1180 957 1223 tamen
986 1170 1332 1239 exgantiquis
1363 1175 1416 1222 et
1452 1169 1828 1239 celeberrimis

269 1237 347 1292 ΞιΙ)
375 1240 492 1307 ipso
535 1253 720 1308 revera
752 1246 1026 1308 acceptam
1058 1237 1231 1294 fuisse
1253 1248 1407 1293 extra
1446 1238 1669 1293 dubium
1711 1255 1831 1293 om-

269 1310 439 1363 nibus
476 1324 598 1363 esse
633 1307 809 1362 debet.
854 1307 994 1373 Quid
1031 1310 1308 1362 enimvero
1345 1309 1430 1363 his
1461 1308 1672 1364 Galieni
1708 1324 1830 1364 ver-

269 1378 362 1450 bis
385 1379 583 1432 clarius
608 1386 659 1432 et
689 1379 1000 1447 expressius
1033 1398 1046 1432 :
1083 1397 1100 1428 ι
1132 1378 1403 1450 Sanguine
1429 1378 1669 1448 quidem,
1700 1379 1829 1434 dum

273 1449 455 1501 adhuc
484 1451 538 1502 in
574 1458 732 1518 utero
762 1456 1054 1518 gestamur,
1092 1449 1161 1501 ali
1197 1449 1296 1503 nos
1325 1456 1575 1504 constat:
1603 1464 1667 1503 ex
1701 1465 1832 1504 san-

272 1519 442 1586 guine
465 1534 592 1573 vero
618 1514 704 1570 lac
735 1514 1285 1587 gignitur,exiguam
1321 1519 1378 1571 in
1422 1519 1680 1573 mamillis
1719 1535 1832 1572 tnu-

271 1587 536 1641 tationem
617 1586 942 1657 azlepto‘°?i
1001 1586 1196 1642 Fusius
1270 1597 1447 1642 autem
1505 1588 1826 1642 Avicenna:

281 1676 304 1708 ε
331 1657 563 1710 Mamilla
590 1667 672 1711 est
703 1673 900 1726 corpus
938 1659 1296 1726 compositum
1327 1675 1392 1712 cx
1422 1659 1575 1712 venis
1603 1666 1658 1712 et
1686 1667 1830 1712 arte-

273 1727 378 1780 riis
418 1735 473 1780 ct
527 1727 730 1798 nervis.
760 1729 903 1782 inter
937 1744 1057 1798 quae
1100 1728 1316 1782 exsistit
1361 1728 1830 1798 vacuitas,rquam

275 1811 410 1876 caro
437 1798 607 1866 replet
631 1797 912 1864 glandosa,
936 1797 1025 1884 cui
1052 1814 1158 1884 non
1193 1805 1276 1852 est
1304 1813 1521 1884 sensus,
1549 1797 1831 1884 albi_colo-
1864 1829 1904 1884 Β

276 1866 381 1929 ris,
416 1873 470 1920 et
514 1878 733 1936 propter
758 1883 910 1921 suam
945 1867 1271 1933 albedinem,
1304 1867 1522 1936 quando
1562 1867 1832 1922 assimila-

275 1942 370 1988 tur
395 1937 442 1989 ei
479 1938 724 2005 sanguis,
759 1937 1063 1990 albilicatur
1093 1937 1224 1990 illud
1253 1939 1396 2000 quod
1423 1939 1596 1991 nutrit
1629 1938 1828 2005 ipsam,

275 2014 330 2076 et
363 2005 665 2059 albilicatur
693 2007 822 2061 illud
866 2008 1008 2075 quod
1039 2006 1320 2076 superfluit
1349 2023 1413 2061 ex
1440 2024 1525 2069 ea,
1562 2015 1615 2060 et
1644 2010 1701 2062 ti:
1725 2010 1828 2064 lac.

275 2073 342 2128 Et
379 2075 497 2146 ejus
540 2076 756 2145 quidem
800 2073 1135 2145 comparatio
1167 2076 1235 2129 ad
1294 2078 1377 2130 lac
1414 2084 1728 2146 generatum
1765 2094 1832 2132 ex

275 2145 543 2213 sanguine
572 2155 656 2201 est
677 2147 1013 2218 comparatio
1050 2147 1263 2218 hepatis
1293 2146 1362 2200 ad
1395 2145 1713 2217 sanguinem
1745 2163 1834 2218 ge-

273 2223 525 2287 neratum
550 2231 614 2270 ex
645 2217 824 2287 chylo,
857 2218 910 2270 in
939 2218 1044 2287 hoc
1065 2217 1209 2287 quod
1241 2218 1664 2286 unumquodque
1691 2217 1829 2271 con-

272 2285 437 2337 vertit
473 2285 848 2341 humiditatem
885 2286 949 2340 ad
999 2285 1404 2342 similitudinem
1430 2285 1601 2340 suam
1650 2289 1703 2341 in
1733 2303 1831 2340 na-

272 2361 396 2427 tura
425 2363 479 2427 et
519 2356 718 2410 colore.
751 2355 884 2409 Nam
913 2357 1077 2426 hepar
1107 2357 1358 2411 rubilicat
1381 2357 1597 2427 chylum
1623 2357 1827 2424 album,

269 2435 328 2477 et
356 2425 488 2479 facit
514 2441 637 2480 eum
683 2425 1035 2496 sanguinem;
1067 2435 1120 2482 et
1159 2427 1395 2480 mamilla
1437 2425 1672 2496 albilicat
1701 2444 1832 2482 san-

269 2496 492 2567 guinem
528 2494 862 2558 rubeumfet
888 2496 1016 2549 facit
1044 2498 1220 2567 ipsum
1247 2497 1411 2551 lac".
1445 2515 1462 2547 ι
1492 2494 1684 2552 Plures
1713 2498 1827 2562 alii,

269 2565 318 2618 si
343 2566 474 2634 quid
497 2580 634 2633 opus
653 2573 816 2629 esset,
841 2565 1080 2638 hujusce
1099 2568 1372 2638 opinionis
1393 2569 1606 2635 patroni
1633 2578 1686 2621 et
1706 2568 1794 2621 fau
1810 2597 1830 2610 -

269 2643 421 2706 tores
452 2644 673 2704 possent
706 2652 737 2689 a
763 2637 922 2691 nobis
957 2637 1146 2703 citari;
1181 2637 1275 2706 sed
1320 2653 1549 2706 quorum
1586 2639 1832 2692 testimo-

268 2705 364 2777 nia
391 2707 736 2777 protulimus,
765 2707 830 2759 ad
864 2705 1294 2777 confirmandam
1341 2705 1830 2777 explicandamque

265 2774 570 2829 Clementis
601 2777 773 2830 nostri
809 2777 1132 2831 sententiam
1157 2774 1790 2834 sullicere'credidimus.

343 2844 686 2916 Quapropter
708 2847 802 2916 ille
833 2849 1099 2900 rationem
1132 2847 1256 2901 inde
1285 2846 1426 2902 sumi
1465 2862 1622 2915 posse
1653 2857 1827 2916 putat,

267 2929 372 2967 cur
421 2915 662 2970 nutriCes
705 2915 879 2969 hieme
919 2917 1172 2977 maxime,
1223 2925 1378 2971 aetate
1429 2931 1558 2970 vero
1608 2915 1830 2973 minime

268 2983 414 3056 lacte
444 2986 800 3039 abundent“.
833 2985 1034 3040 Hiemis
1066 2987 1264 3056 quippe
1293 2994 1534 3055 tempore
1565 2987 1713 3041 calor
1753 2989 1830 3041 in-

266 3062 363 3108 tus
393 3054 655 3120 iuclusus,
685 3056 940 3109 alimento
962 3054 1439 3111 inelius‘concocto
1469 3065 1521 3110 et
1555 3058 1825 3124 confecto,

266 3139 380 3178 non
416 3127 618 3194 praebet
647 3126 873 3189 exitum,
907 3134 1071 3194 atque
1110 3126 1315 3180 idcirco
1362 3141 1508 3181 vente
1543 3136 1670 3180 tunc
1702 3144 1818 3182 san-

263 3194 436 3267 guine
468 3195 780 3267 implentur.
811 3195 944 3267 Quor
967 3207 1144 3250 autem
1196 3197 1372 3266 major
1417 3205 1502 3250 est
1547 3199 1828 3267 sanguinis

263 3264 448 3330 copia,
475 3264 646 3336 magis
671 3266 774 3328 lac,
806 3266 951 3335 quod
978 3267 1113 3319 nihil
1137 3274 1221 3321 est
1254 3264 1422 3330 aliud,
1451 3268 1527 3321 uti
1560 3264 1829 3323 ille'dixe-

264 3343 378 3397 rat,
415 3349 574 3404 quam
604 3338 826 3405 sanguis
853 3352 918 3389 ex
949 3338 1115 3391 rubro
1143 3337 1199 3390 in
1230 3338 1410 3391 album
1441 3338 1678 3392 colorem
1711 3355 1832 3392 mu-

264 3412 438 3466 tatus,
468 3405 625 3459 debet
663 3407 959 3460 abundare.

344 3473 562 3545 Sgcimus
584 3475 800 3545 quidem
834 3478 989 3530 aliter
1027 3476 1202 3528 visum
1244 3475 1408 3542 hujus
1432 3486 1634 3532 nostra
1653 3479 1830 3536 artatis

263 3543 518 3616 medicis,
553 3543 871 3616 quiiputant
903 3547 1218 3599 muliebrem
1248 3548 1488 3616 chylum,
1529 3551 1597 3601 ab
1629 3552 1831 3603 arteria

267 3609 1094 3686 subclavia'ad'mammariam,
1129 3623 1181 3668 ct
1211 3616 1278 3668 ab
1322 3609 1437 3670 'hac
1477 3609 1584 3686 per
1631 3618 1831 3675 ductus

267 3697 407 3754 suos
460 3684 527 3737 ad
581 3683 885 3753 glandulas,
939 3695 998 3738 ut
1054 3686 1144 3739 ubi
1203 3683 1532 3754 perﬁciatur,
1569 3688 1827 3754 delatum,

264 3753 528 3824 fierilac,
581 3754 726 3823 quod
771 3754 823 3807 in
881 3753 1217 3808 lactantibus
1261 3757 1551 3824 ipsummet
1603 3753 1832 3814 infantis

264 3822 660 3876 nutrimentum
694 3839 882 3878 revera
904 3825 1151 3878 ellicitur.
1186 3822 1298 3878 Sed
1334 3827 1447 3879 hazc
1477 3843 1614 3880 nova
1646 3844 1832 3882 recen-

260 3893 467 3965 tiorum
496 3893 830 3947 medicorum
877 3895 1145 3965 sententia
1175 3905 1268 3947 aut
1306 3911 1520 3965 parum,
1555 3906 1651 3951 aut
1686 3900 1824 3952 nihil

262 3961 335 4014 ad
371 3970 617 4017 nostrum
635 3971 843 4032 spectat
875 3964 1226 4027 Clementem,
1259 3961 1348 4034 qui
1379 3982 1437 4022 se
1462 3981 1525 4020 ex
1555 3969 1830 4022 constanti

261 4039 322 4084 et
351 4037 624 4106 communi
645 4035 729 4106 sui
753 4036 1013 4103 temporis
1040 4037 1370 4104 scriptorum
1388 4037 1644 4106 opinione
1672 4040 1828 4102 illud,

264 4101 415 4170 quod
467 4105 830 4179 probandum_
860 4101 1194 4179 susceperat,
1216 4108 1368 4179 satis
1419 4101 1691 4179 superque
1736 4101 1832 4165 de?-

265 4175 662 4228 monstravisse
691 4174 832 4227 haud
862 4175 1130 4229 immerito
1151 4177 1448 4230 arbitratus
1478 4174 1581 4232 est.

341 4241 518 4319 Minus
559 4245 754 4319 itaque
780 4246 1044 4319 usitatum
1077 4259 1142 4298 ac
1161 4248 1420 4319 fortassis
1452 4248 1611 4316 plane
1642 4250 1832 4319 singu-

264 4311 382 4398 lare
410 4311 675 4398 idvmultis
705 4313 1006 4398 videbitur,
1029 4315 1188 4398 quod
1215 4317 1315 4398 ille
1330 4311 1491 4398 paulo
1530 4311 1826 4398 postadvje-

263 4384 377 4459 cit:
417 4401 435 4433 ι
455 4383 607 4437 Nunc
623 4399 837 4459 quoque
867 4383 1107 4459 nutrices
1138 4387 1188 4439 id
1217 4383 1394 4451 lactis,
1419 4383 1562 4457 quod
1597 4383 1828 4459 primum

264 4454 333 4505 ad
370 4461 552 4523 potum
584 4454 899 4518 effunditur,
936 4456 1123 4508 eodem
1154 4473 1264 4525 quo
1285 4459 1414 4511 illud
1435 4454 1652 4514 nomine
1675 4477 1828 4516 man-

263 4501 849 4600 na_rappellaverunt,
886 4501 1076 4594 ’μάννα
1126 4501 1510 4600 adultarum”.
1537 4548 1554 4580 ι
1615 4501 1819 4586 Nomen
1858 4501 1902 4555 D

266 4593 435 4669 e_iiiiii_
473 4612 491 4643 ο
517 4609 739 4669 manna,
759 4609 778 4642 ι
803 4593 1033 4669 matrem
1088 4593 1380 4666 aliquando
1428 4600 1823 4669 significavisse

264 4662 507 4732 Cangius
553 4664 1026 4738 o‘bservatj‘med
1076 4680 1106 4719 a
1155 4662 1352 4736 quibus
1397 4662 1674 4738 eaiquam
1708 4673 1826 4727 Cle-

266 4747 425 4786 mens
458 4733 642 4796 tradit,
678 4733 1424 4813 significationeusurpatum
1476 4733 1659 4806 fuerit,
1697 4759 1826 4813 pau-

263 4817 370 4877 cos
395 4819 526 4858 sane
553 4818 617 4877 ac
644 4804 731 4857 vix
761 4805 999 4877 fortasse
1020 4805 1159 4860 ullos
1187 4804 1450 4877 reperias.

338 4871 509 4926 Porro
550 4873 800 4954 Clemens
840 4875 1031 4928 scribit
1061 4877 1218 4954 lac-tis
1250 4871 1464 4948 adipem
1506 4894 1628 4954 esse
1658 4880 1821 4954 buty-

263 4957 413 5013 rnm,
447 4959 554 5013 quo
587 4944 738 4997 multi
771 4959 871 4998 sua
902 4954 1060 5000 {etate
1089 4947 1153 4999 ad
1189 4944 1464 5002 lucernam
1491 4944 1822 5006 utebantur:

269 5031 290 5063 ι
316 5011 647 5088 ξιιιιιῖειόὶρθ
679 5015 1318 5088 lactis_,_quodbutyrum
1349 5028 1562 5084 vocant,
1595 5030 1825 5076 utuntur

263 5085 334 5156 ad
382 5083 654 5156 lucernam
677 5083 744 5138 ".
778 5103 796 5136 ι
835 5083 984 5138 Unde
1020 5083 1205 5154 liquet,
1238 5089 1292 5141 in
1335 5105 1418 5156 ea,
1451 5083 1825 5148 ubiClemcns

264 5153 380 5235 [nec
432 5155 733 5235 scribebat,
789 5155 1011 5226 regione
1073 5153 1366 5212 maximam
1404 5153 1588 5218 fuisse
1640 5163 1825 5235 butyri

263 5223 674 5278 abundantiam.

340 5511 385 5542 ‘°
415 5509 624 5567 Galien.
660 5514 752 5569 lib.
788 5531 805 5568 ι
839 5515 912 5569 De
936 5515 1118 5570 tuend.
1155 5517 1344 5580 sanit.,
1368 5532 1419 5571 c.
1448 5517 1496 5569 7.

337 5582 473 5656 ibid.
501 5583 705 5656 p.102.
775 5586 829 5656 ξι
857 5586 1027 5656 (Sang.
1063 5588 1122 5656 in
1146 5584 1323 5641 Gloss.
1350 5585 1520 5644 Gram.

267 5651 310 5681 "
333 5651 731 5726 Strabqlibqiv
762 5651 1002 5724 Geogr,
1022 5673 1074 5726 ῃ.
1115 5655 1216 5726 705
1251 5668 1303 5712 et
1336 5657 1457 5711 706.

264 5731 502 5864 ε

805 354 988 416 ΔΙ.Ιῶ
1031 353 1098 409 ΙΝ
1137 351 1726 411 COHORTATIONEM
1761 352 1848 408 ET
1889 351 2345 411 ΡᾸΞῦΑΟΟϐυΜ
2379 351 2966 409 OBSERVATIONES.

267 489 343 527 ex
370 468 564 526 vicinis
594 468 810 525 arteriis
841 469 1042 524 emisso
1079 471 1335 538 agitatus,
1382 469 1564 523 album
1597 478 1836 525 mutetur
1863 477 1909 531 Α

1614 5520 1656 5592 ξι
1679 5520 1908 5592 ᾼγὶεθη.
1940 5523 2036 5578 lib.
2068 5541 2128 5580 ιιι
2159 5523 2309 5592 Fer.,
2344 5542 2394 5583 c.
2432 5527 2485 5582 l.

1599 5589 1888 5668 ζ’,Ρειηέῑξεο
1925 5593 2018 5668 lib,
2051 5612 2184 5668 t,c.
2231 5589 2370 5668 6,'p.
2405 5597 2525 5651 107.

1039 5673 1074 5738 3:
1115 5657 1234 5738 70.1
1251 5657 1457 5738 eijoo.
1491 5729 1501 5738 _
1534 5657 1828 5738 “Plin.,_lil

1939 5657 2098 5738 εμπ,-
2118 5657 2352 5732 nisi“,
2389 5669 2476 5730 is,
2505 5683 2557 5737 p.
2593 5667 2714 5722 150.
2791 5657 3310 5738 “'uerodjubmi,‘

578 5724 977 5808 '"Aldrovand,
1018 5724 1111 5783 lib.
1135 5742 1169 5782 v
1198 5725 1272 5784 De
1311 5727 1556 5794 insectis,
1588 5745 1705 5801 cap.
1745 5724 1805 5800 ⁷1,
1836 5749 1886 5803 p.
1920 5734 2023 5792 515
2043 5749 2095 5794 et
2125 5753 2239 5808 seq.

3394 353 3499 410 978

2460 464 2858 522 ARTICULUS
2897 464 2962 521 Il.

1929 565 2010 619 De
2035 579 2170 617 auro
2213 560 2351 631 quod
2393 561 2627 630 formica‘
2671 559 2928 631 effodiunt
2975 567 3024 613 et
3057 567 3289 631 gryplies
3321 570 3499 612 custo-

2000 630 2252 695 diunt,de
2275 631 2706 698 Pactoli/lucum
2738 630 2936 693 aureis,
2964 639 3012 682 et
3047 630 3212 698 Lydia
3236 640 3493 692 ramento,

1999 713 2199 774 quanta
2230 701 2534 774 profusione
2559 709 2608 753 et
2641 700 2767 752 luxu
2819 700 3014 768 pagani
3045 715 3104 753 eo
3134 699 3493 774 abuterentur,

2001 769 2062 826 oc
2084 769 2369 827 mastichen
2395 770 2656 835 roderent,
2683 779 2732 825 et
2749 786 2844 824 cur
2876 771 3226 838 metoposcopi
3260 769 3496 824 diceren-

2001 853 2104 898 tur.

2003 956 2206 1010 Aurum
2241 953 2295 1007 in
2331 960 2491 1007 terra.
2514 952 2667 1006 venis
2706 966 2828 1006 esse
2854 953 3192 1006 reconditum
3216 967 3316 1022 pro
3345 961 3496 1006 certo

1933 1025 2185 1081 Clemens
2237 1027 2388 1094 ponit
2419 1041 2431 1075 :
2462 1022 2558 1076 sed
2619 1023 2671 1076 id
2719 1024 3062 1094 continenter
3115 1023 3362 1077 addidit:
3396 1023 3495 1076 Διὰ

1930 1095 2090 1149 τοῦτό
2121 1111 2204 1147 τοι
2237 1093 2522 1164 μύρμηκες
2556 1093 2996 1164 χρυσωρυχοῦσι,
3017 1095 3110 1147 καὶ
3133 1093 3342 1164 γρύτςες
3366 1110 3499 1164 χρυ-

1933 1163 2484 1234 σωιρυλακοῠσιοίιει
2537 1163 2658 1234 ideo
2710 1163 2916 1234 aurum
2961 1163 3199 1218 formica:
3258 1163 3498 1224 fodiunt,

1932 1232 2124 1290 aurum
2158 1235 2390 1305 gryphes
2419 1233 2820 1288 custodiunt“.
2848 1253 2866 1285 ι
2894 1232 2962 1286 At
3001 1249 3130 1302 quo,
3161 1235 3396 1304 inquies,
3427 1249 3500 1287 ex

1931 1313 2156 1386 auctore
2169 1304 2244 1359 id
2276 1304 2528 1386 Clemens
2553 1305 2791 1386 accepit,
2827 1312 2920 1358 aut
2949 1305 3207 1386 qiiis_pro
3245 1305 3496 1386 eo.testis

1933 1377 2159 1446 produci
2208 1374 2424 1456 potest?
2465 1373 2694 1456 Quidam
2723 1383 2870 1455 certe
2911 1373 3132 1456 nec-tibi
3159 1374 3332 1456 ignoti
3392 1388 3496 1456 nec

1933 1443 2160 1515 prorsus
2207 1443 2428 1499 incerta:
2474 1445 2594 1515 fidei
2619 1443 2750 1515 dari
2804 1453 3053 1512 possunt,
3079 1446 3171 1513 qui
3191 1443 3412 1515 quidem
3442 1450 3502 1498 et

1934 1513 2124 1585 quales
2173 1515 2282 1570 sint
2326 1516 2430 1568 illa:
2471 1514 2731 1574 formicae,
2759 1526 2812 1568 et
2847 1515 3046 1583 quibus
3092 1519 3145 1567 in
3173 1513 3497 1585 regionibus

1933 1583 2126 1640 aurum
2158 1585 2432 1650 effodiant,
2462 1588 2740 1638 memoria:
2769 1585 3141 1654 prodiderunt.
3171 1583 3390 1637 Primus
3417 1583 3496 1636 si-

1934 1656 2151 1724 quidem
2199 1663 2390 1710 testem
2441 1655 2553 1724 tibi,
2582 1655 2875 1708 citahimus
2927 1655 3272 1717 Strabonem,
3303 1655 3394 1723 qui
3425 1655 3494 1708 de

1937 1723 2045 1780 illis
2062 1728 2140 1781 sic
2154 1727 2344 1779 scribit
2361 1726 2441 1776 οτι
2469 1743 2484 1774 ι
2517 1723 2889 1778 Formicarum
2909 1739 3100 1778 aurum
3123 1724 3497 1781 effodientium

1934 1797 2102 1866 pelles
2132 1795 2453 1866 (Nearchus)
2488 1795 2707 1866 vidisse,
2729 1796 2842 1866 ait,
2878 1796 3114 1863 pardalis
3163 1796 3287 1866 pelli
3317 1797 3499 1866 persi-

1932 1863 2108 1921 iniles.
2142 1863 2537 1935 'Megasthenes
2577 1867 2646 1919 de
2674 1864 2936 1938 formicis
2967 1867 3048 1938 ait
3081 1863 3225 1936 apud
3262 1863 3493 1938 Derdas,

1933 1951 2053 2008 quae
2101 1934 2294 2008 magna
2355 1951 2487 2008 gens
2541 1944 2626 1989 est
2674 1934 2930 2008 Indorum
2968 1934 3391 2008 montanorum,
3429 1934 3498 1988 ad

1932 2005 2209 2060 orientem
2248 2005 2640 2076 expositorum,
2676 2005 2956 2076 planitiem
3010 2005 3299 2074 quamdam
3333 2020 3494 2076 nion-

1933 2085 2112 2129 tanam
2148 2091 2270 2130 esse
2307 2087 2388 2130 ter
2417 2075 2565 2129 mille
2603 2075 2903 2130 stadiorum
2951 2078 3176 2134 ambitu,
3218 2085 3272 2128 et
3301 2075 3405 2128 sub
3432 2087 3499 2129 ea

1932 2147 2051 2199 auri
2090 2145 2324 2208 fodinas,
2356 2161 2494 2215 quas
2516 2145 2757 2199 formicae
2786 2145 3062 2209 effodiant,
3090 2145 3347 2214 vulpibus
3381 2158 3498 2197 ma-

1931 2216 2215 2284 gnitudine
2250 2231 2359 2269 non
2403 2215 2662 2271 minores.
2688 2217 2824 2269 mira
2855 2215 3153 2278 celeritate,
3185 2217 3390 2284 victum
3431 2229 3498 2268 ex

1929 2283 2214 2356 venatione
2227 2294 2625 2355 comparantes.
2646 2285 2851 2340 Fodere
2866 2294 3044 2338 autem
3064 2296 3262 2356 terram
3279 2283 3390 2356 94
3403 2299 3502 2354 per

1933 2354 2162 2410 hiemem
2206 2364 2260 2409 et
2286 2354 2585 2426 adostium
2625 2358 2972 2410 accumulare
2991 2399 3005 2422 ,
3034 2354 3497 2426 quemadmodum

1932 2427 2109 2480 solent
2141 2426 2318 2495 talpzn.
2351 2424 2524 2494 Hujus
2561 2427 2678 2479 auri
2729 2434 3000 2490 ramenta,
3047 2424 3098 2480 id
3148 2427 3296 2480 enim
3341 2432 3496 2488 sunt,

1931 2510 2096 2565 parva
2142 2495 2460 2551 decoctione
2497 2505 2675 2565 egent.
2719 2495 2898 2550 Vicini
2947 2497 3208 2564 jumentis
3249 2511 3313 2550 ea
3356 2495 3497 2548 clam

1931 2566 2175 2638 rapiunt,
2210 2574 2394 2638 aperte
2438 2569 2581 2619 enim
2625 2581 2737 2620 non
2785 2575 3035 2636 possunt,
3082 2566 3500 2638 prohibentibus

1933 2635 2198 2699 formicis,
2229 2635 2349 2706 qua:
2371 2646 2423 2690 et
2449 2645 2713 2706 pugnant,
2744 2635 2798 2691 et
2840 2635 3112 2706 fugientes
3137 2637 3498 2698 insectantur,

1931 2721 2068 2774 quos
2100 2721 2221 2758 cum
2253 2705 2731 2774 deprehenderint,
2765 2723 2871 2760 una
2899 2705 3023 2760 cum
3053 2708 3316 2774 jumentis
3353 2707 3496 2760 inte-

1931 2777 2156 2830 rimunt.
2204 2774 2272 2828 Ut
2316 2791 2448 2844 ergo
2486 2777 2607 2830 illos
2657 2778 2879 2839 lateant,
2927 2777 3130 2830 ferinas
3165 2791 3360 2830 carnes
3403 2789 3500 2843 per

1931 2845 2049 2896 loca
2085 2845 2316 2914 plurima
2341 2847 2658 2915 disponunt.
2698 2847 2882 2916 Itaque
2905 2846 2971 2898 ad
2997 2848 3229 2914 praedam
3257 2845 3498 2916 dissipa.

1931 2915 2073 2986 patis
2111 2916 2374 2976 formicis,
2405 2917 2524 2969 auri
2557 2915 2807 2971 ramenta
2848 2917 2948 2985 ipsi
2989 2924 3293 2986 asportant,
3329 2924 3382 2969 et
3413 2915 3499 2968 fu-

1931 2985 2101 3107 aionis
2157 2987 2354 3056 ignari,
2391 2987 2702 3056 cuicunque
2757 2985 3068 3042 mercatori
3102 2988 3260 3040 rudia
3307 2987 3497 3040 diven-

1970 3063 2082 3107 unt.
2110 3071 2127 3104 ι

1970 3063 2082 3108 ιιιιι.
2110 3071 2127 3104 1

2003 3121 2224 3188 Eadem,
2249 3123 2343 3178 sed
2367 3123 2488 3178 aliis
2516 3125 2714 3188 verbis,
2742 3134 2932 3179 narrat
2978 3124 3221 3182 Plinius:
3254 3144 3272 3177 ε
3295 3125 3496 3181 Indicae

1856 3165 1902 3225 ϐ
1933 3193 2174 3248 formica:
2210 3165 2497 3266 aurumex
2529 3165 2775 3249 cavernis
2809 3205 3036 3265 egerunt
3058 3207 3214 3250 terrae
3244 3197 3297 3250 in
3325 3197 3504 3266 regio-

1932 3281 1999 3336 ne
2026 3265 2534 3335 septentrionalium
2566 3265 2840 3326 Indorum,
2875 3268 2967 3336 qui
2994 3267 3182 3322 barda:
3211 3265 3498 3321 vocantur.

1932 3333 2269 3420 ipsise(ilor
2320 3336 2546 3420 felium,_
2574 3333 2907 3420 magnituidn'
2943 3336 3199 3420 {Egyptin
3225 3338 3498 3420 luporum.

1930 3403 2156 3459 Erulum
2190 3406 2292 3459 hoc
2323 3406 2392 3459 ab
2421 3405 2501 3458 eis
2535 3403 2774 3475 tempore
2817 3403 3066 3460 hiberno'
3088 3403 3202 3462 indi
3248 3403 3504 3461 furantur

1929 3476 2117 3529 azstivo
2148 3475 2378 3538 fervore,
2400 3475 2634 3529 conditis
2664 3484 2884 3545 propter
2911 3492 3165 3546 vaporem
3199 3477 3254 3530 in
3281 3479 3502 3531 cunicu-

1931 3546 2012 3599 los
2030 3547 2312 3616 formicis;
2344 3561 2462 3615 quae
2485 3555 2662 3598 tamen
2685 3547 2851 3599 odore
2879 3547 3180 3601 solhcitataa
3196 3551 3500 3616 pervolant,

1930 3615 2229 3684 crebroque
2260 3617 2521 3677 lacerant,
2555 3616 2804 3683 quamvis
2845 3615 3234 3683 prmvelocibus
3277 3620 3504 3671 camelis

1933 3684 2201 3753 fugientes
2226 3685 2288 3736 °'.
2328 3706 2344 3736 ›
2373 3685 2528 3751 Quod
2559 3685 2772 3752 quidem
2805 3686 2894 3739 ille
2931 3687 3250 3742 deliberavit
3280 3703 3346 3741 ex
3396 3687 3504 3740 lle-

1933 3756 2146 3826 rodom,
2179 3756 2272 3826 qui
2302 3755 2414 3826 hzec
2446 3755 2622 3809 fusius
2661 3761 3010 3826 prosequitur
3047 3759 3112 3813 ⁸³.
3143 3757 3321 3822 llunc,
3348 3759 3391 3812 si
3421 3759 3503 3810 lu-

1929 3825 2039 3890 bet,
2073 3824 2213 3880 sicut
2244 3832 2297 3880 et
2351 3824 2595 3879 Solinum
2628 3841 2690 3878 ac
2719 3824 2930 3888 Melam,
2982 3837 3141 3895 atque
3171 3830 3308 3882 alios
3351 3827 3506 3881 adire

1930 3896 2134 3966 poteris
2157 3896 2354 3950 citatos
2376 3897 2444 3950 ab
2468 3895 2834 3960 Aldrovaudo,
2851 3898 2943 3966 qui
2966 3906 3146 3952 utrum
3164 3898 3296 3954 illud
3319 3913 3503 3955 verum

1931 3967 2003 4020 sit
2032 3965 2149 4020 fuse
2181 3966 2424 4035 disputat
2449 3967 2515 4018 ⁷ο.

2002 4035 2276 4106 Dillieilior
2300 4043 2479 4088 autem
2497 4035 2564 4089 de
2585 4035 2882 4106 gryphibus
2910 4043 3084 4105 potest
3107 4052 3228 4092 esse
3250 4037 3504 4106 quaestio.

1931 4103 2034 4171 Qui
2060 4107 2204 4158 enim
2259 4119 2452 4159 aurum
2504 4107 2572 4158 ab
2593 4103 2700 4160 'ii's'
2729 4103 2998 4159 custodiri
3057 4103 3297 4169 tradunt,
3329 4108 3384 4160 hi
3417 4109 3504 4162 vel

1931 4177 2049 4230 solo
2079 4177 2290 4229 Aristaei
2322 4175 2674 4230 Proconnesii
2703 4186 2872 4244 poetae
2893 4177 3203 4232 testimonio
3231 4178 3504 4244 nituntur,

1931 4246 2015 4299 vel
2049 4245 2100 4299 id
2132 4245 2353 4299 dubium
2385 4253 2440 4300 et
2484 4247 2642 4315 plane
2680 4248 2945 4300 incertum
2978 4249 3315 4303 existimant.
3338 4249 3504 4310 Audi,

1931 4330 2136 4388 quieso,
2195 4315 2560 4370 Herodotum:
2589 4333 2607 4366 ι
2639 4317 2720 4369 Ad
2767 4319 3190 4388 septentrionem
3251 4318 3500 4388 Europae,

1931 4387 2127 4455 inquit,
2171 4388 2629 4456 quamplurimam
2672 4388 2790 4439 auri
2824 4387 2930 4439 vim
2962 4404 3085 4444 esse
3123 4397 3360 4444 constat.
3394 4387 3503 4444 Sed

1930 4457 2204 4528 quomodo
2232 4459 2342 4521 liat,
2371 4473 2437 4511 ne
2468 4459 2569 4510 hoc
2601 4457 2817 4528 quidem
2849 4472 2946 4525 pro
2987 4468 3266 4528 comperto
3320 4458 3505 4512 dicere

1929 4543 2090 4596 queo.
2120 4526 2383 4581 Dicuntur
2409 4539 2588 4581 tamen
2616 4527 2668 4580 id
2686 4543 2715 4578 a
2743 4528 3038 4597 gryphibus
3060 4526 3504 4583 aul'erreArima-

1930 4598 2014 4666 spi
2062 4597 2166 4650 viri
2217 4598 2469 4663 unoculi;
2504 4600 2649 4667 quod
2699 4613 2800 4650 nec
2846 4601 3023 4667 ipsum
3055 4598 3414 4660 crediderim,
3445 4607 3506 4651 ut

1929 4667 2032 4720 viri
2066 4676 2361 4721 nascantur
2390 4669 2632 4728 unoculi,
2666 4675 2917 4721 crateram
2960 4677 3210 4723 naturam
3242 4668 3505 4722 habentes

1931 4737 2577 4808 aliishomiuibusparem
2602 4741 2702 4790 τί.»
2731 4737 2794 4789 Et
2823 4745 3007 4808 postea
3036 4742 3176 4794 libro
3206 4741 3457 4807 sequenti
3485 4753 3500 4790 :

1936 4825 1956 4859 ι
1991 4808 2251 4878 Aristaeus
2276 4809 2495 4878 quidam
2548 4807 2950 4862 Proconneésius
2986 4812 3326 4864 versificator
3351 4847 3366 4871 ,
3398 4814 3506 4862 Ua-

1931 4878 2122 4932 strobii
2159 4877 2322 4942 filius,
2358 4884 2675 4932 memoravit
2715 4894 2773 4932 se
2806 4878 3010 4933 Phoebo
3054 4881 3374 4935 instinctum
3407 4894 3503 4933 ve-

1931 4948 2082 5002 nisse
2112 4948 2179 5001 ad
2202 4949 2526 5015 lsszedonas,
2549 4958 2600 5004 et
2624 4964 2785 5019 supra
2806 4950 2902 5004 hos
2923 4951 3159 5005 incolere
3186 4950 3504 5017 Arimaspos

1934 5019 2080 5072 viros
2111 5020 2400 5091 unoculos,
2418 5029 2470 5073 et
2503 5021 2630 5073 item
2655 5035 2821 5090 supra
2849 5021 2947 5075 hos
2963 5035 3085 5076 esse
3100 5020 3358 5091 gryphas,
3375 5020 3507 5090 γρύ-

1933 5104 2060 5151 πας,
2095 5089 2188 5157 qui
2226 5104 2419 5142 aurum
2445 5089 2806 5145 asservent’".
2848 5109 2866 5141 ι

2003 5158 2304 5231 Pausanias
2328 5175 2456 5214 vero
2476 5162 2639 5228 paulo
2663 5159 2985 5231 explicatius
3008 5179 3021 5214 :
3063 5177 3087 5210 ι.
3109 5157 3376 5231 Gryphes,
3427 5161 3505 5215 in-

1930 5229 2069 5297 quit,
2104 5244 2227 5282 cum
2275 5230 2596 5300 Arimaspis,
2634 5229 2751 5300 qut'
2779 5246 2946 5298 supra
2996 5229 3292 5300 Issagdoues
3351 5241 3502 5296 sunt,

1933 5300 2052 5351 auri
2081 5314 2253 5354 causa
2283 5299 2509 5355 assidue
2548 5299 2749 5357 bellare
2796 5301 3050 5354 Aristzeas
3097 5299 3503 5358 Proconnesius

1934 5370 2278 5426 carminibus
2323 5378 2557 5426 testatus
2585 5381 2712 5438 est;
2745 5379 2800 5426 et
2849 5385 3043 5424 aurum
3090 5370 3309 5441 quidem
3357 5374 3503 5443 quod

2602 5527 2651 5601 ἦῆ
2680 5525 2890 5601 Paedag.
2913 5525 3013 5601 lib.
3048 5543 3087 5593 ι,
3113 5542 3164 5582 c.
3191 5526 3256 5601 6,
3292 5543 3346 5598 p.
3374 5529 3499 5601 fol."

2608 5597 2653 5628 “
2680 5596 2890 5665 Pzedag.
2913 5597 3006 5652 lib.
3033 5613 3095 5664 ll,
3117 5615 3166 5653 c.
3197 5596 3499 5667 12,'p.207.

2608 5668 2714 5740 [50.
2791 5669 2835 5740 ‘f
2870 5667 3068 5740 llerod.
3104 5670 3310 5740 lib._tlt,
3345 5667 3512 5740 51υῆ-

2417 5742 2456 5776 ⁷¹
2494 5736 2774 5803 Herodot.,
2803 5738 2934 5804 ibid,
2961 5739 2989 5810 §
3018 5741 3138 5799 116.
3206 5736 3216 5742 ’
3253 5741 3296 5772 ⁷³
3338 5736 3504 5805 idem,
