3948 6314
167 298 317 353 £029

1359 290 1444 348 DE
1470 291 1692 349 LIBRIS
1731 288 2104 349 STRDMATU
2114 292 2182 350 Μ.

3248 298 3271 351 Ι
3287 296 3388 357 3-30

162 432 293 472 rem
321 423 368 490 et
393 415 613 490 impium
648 431 770 472 esse
794 425 992 490 terram
1015 425 1067 473 ct
1099 417 1333 490 cinerem
1355 436 1369 483 ;
1395 418 1540 472 illum
1564 434 1602 490 a_
1616 417 1726 471 Deo
1753 423 1799 480 Α
1827 425 1916 490 cat
1936 457 1951 479 ,
2011 416 2272 490 quicum
2317 419 2582 488 puritate,
2635 417 2983 490 simplicitate
3026 427 3081 475 et
3123 418 3394 480 cbaritate

163 487 447 548 exaudiri,
483 489 624 541 hunc
657 499 836 542 autem
866 489 1108 547 minime.
1139 488 1233 543 sed
1264 491 1330 540 ab
1358 489 1545 542 eodem
1582 488 1722 553 Deo,

163 557 435 627 quidquid
470 572 629 612 secus
654 558 896 612 haeretici
927 559 1187 622 sentiant,
1216 558 1391 627 pomis
1421 560 1614 612 merito
1641 557 1724 610 af-

165 574 435 679 quzaquto
470 574 629 612 secus
656 574 896 612 naareuct
927 574 1187 622 sentiant,
1216 574 1391 627 pinnis
1421 574 1614 612 merito
1641 574 1724 610 ai-

165 629 287 708 lici.
349 628 400 680 bi
431 642 556 708 ver_o
601 627 784 708 refert.
801 627 1117 708 Pythagora;
1147 629 1560 708 deprecatione
1579 627 1724 708 ἐπεὶ·

163 706 324 757 tum,
357 697 451 751 sed
491 697 559 750 de
593 713 656 751 ea
700 697 930 752 inferius
970 713 1027 752 se
1059 697 1462 767 disputaturum
1507 699 1727 766 pollice-

163 776 262 819 tur
278 767 342 821 ⁸⁸.
368 767 585 821 Interim
615 783 744 821 vero
775 768 964 822 suadet
997 777 1054 821 ut
1085 782 1247 836 opera
1278 777 1464 821 nostra
1492 769 1726 821 clament

159 843 219 908 et
270 837 482 908 luceant
503 875 518 900 ,
554 835 812 908 additque
841 856 860 887 ‹
891 835 1197 908 gnosticum
1227 857 1244 889 ι
1279 837 1513 908 debere,
1547 837 1726 907 quoad

161 907 288 959 ﬁeri
317 914 518 976 potest,
564 905 739 960 Deum'
765 905 984 960 imitari.
1035 906 1274 976 Denique
1313 908 1415 961 sibi
1449 907 1524 960 ait
1556 905 1726 961 videri

158 977 373 1058 electos
407 992 436 1030 a
469 977 648 1058 poetis
671 978 933 1058 appellari
966 995 984 1026 ι
1018 976 1544 1058 ῡρὶΐοιῃξρεκδίρυς,
1571 978 1724 1038 deos.

163 1044 284 1118 Deo
309 1044 546 1118 aequales
585 1056 639 1100 et
680 1044 920 1112 similes,
969 1062 1032 1101 ac
1057 1048 1288 1102 consilio
1327 1046 1454 1118 Iovi
1481 1064 1668 1118 pares;
1703 1061 1740 1099 ι·

157 1117 261 1168 sed
292 1132 350 1171 se
375 1132 405 1169 a
435 1117 654 1170 Christo
681 1118 974 1186 postulare,
997 1125 1055 1170 ut
1078 1118 1131 1171 iu
1162 1126 1404 1172 sanctam
1427 1116 1727 1173 Jerusalem

157 1187 410 1257 tollatur.
443 1185 566 1242 Haec
601 1185 797 1257 quippe
831 1189 945 1241 sola
973 1188 1079 1242 dici
1113 1197 1291 1256 potest
1323 1187 1545 1252 civitas,
1570 1188 1728 1253 cujus

159 1256 312 1321 apud
353 1266 540 1326 poetas
586 1256 943 1326 Hyperboreae
991 1267 1044 1312 et
1091 1258 1409 1326 Arimaspis:
1442 1259 1725 1319 civitates,

157 1329 456 1396 campique
499 1327 972 1399 Elysiiuimagines
1017 1338 1175 1390 sunt,
1224 1329 1366 1382 sicut
1393 1336 1448 1380 et
1489 1327 1728 1382 Platonis

157 1412 388 1477 quoque
439 1397 824 1477 rempublicam
866 1399 920 1452 in
968 1400 1108 1451 cmlo
1151 1406 1408 1468 tanquam
1455 1399 1730 1468 exemplar

160 1470 403 1536 positam
435 1470 704 1524 novimus.

695 1555 1089 1614 ARTICULUS
1127 1554 1191 1610 ν.

645 1651 890 1721 Analysis
921 1650 1044 1703 libri
1073 1648 1261 1720 quinti.

233 1736 339 1832 iis
354 1737 837 1832 sumas?)
853 1739 1316 1832 flagrasse:
1335 1737 1584 1832 39-3.13:
1607 1735 1731 1832 9'9:
1763 1777 1806 1832 Β

157 1825 327 1863 mens
354 1812 686 1880 properat“.
718 1809 822 1865 Sed
851 1810 916 1864 ad
946 1809 1102 1865 ﬁdem
1130 1819 1306 1880 tamen
1335 1823 1607 1880 reversus,
1631 1824 1727 1864 eos

201 1881 332 1933 lane
362 1879 608 1934 confutat
647 1885 738 1950 qui
774 1895 892 1936 eam
919 1895 948 1934 a
977 1879 1286 1950 cognitione
1318 1879 1400 1950 sic
1427 1879 1726 1950 di_stingue-

238 1959 328 2012 nt,
355 1958 427 2020 ut
450 1951 562 2007 hac
589 1947 890 2020 deSpiritu
925 1947 1116 2020 sancto
1161 1957 1215 2003 et
1252 1949 1349 2020 illa
1371 1948 1438 2003 de
1466 1947 1617 2003 Filio'
1635 1950 1726 2004 Dei

156 2029 336 2075 esset.
386 2019 584 2075 Nostra
632 2018 897 2090 siquidem
946 2021 1002 2074 in
1045 2019 1240 2074 Filium
1282 2018 1418 2090 ﬁdes
1466 2036 1566 2074 nec
1611 2021 1729 2073 sine

157 2090 498 2160 cognitione.
538 2105 638 2146 nec
675 2089 793 2146 vice
822 2106 978 2146 versa
1006 2091 1241 2160 cognitio
1279 2089 1424 2143 illius
1455 2092 1572 2144 sine
1602 2090 1724 2150 ﬁde,

153 2160 622 2282 guemadmodum
664 2160 822 2215 Pater
860 2161 977 2215 sine
1024 2159 1180 2225 Filio,
1211 2173 1332 2213 esse
1367 2175 1474 2214 non
1527 2167 1724 2228 potest.

208 2244 277 2282 os
309 2239 485 2282 autem
521 2231 575 2282 in
609 2231 709 2282 hoc
735 2246 922 2282 revera
960 2231 1143 2282 fideles
1171 2243 1378 2282 sumus.
1399 2234 1542 2282 uuod
1573 2243 1602 2281 a
1631 2245 1724 2282 ne-

208 2244 277 2284 os
309 2239 485 2284 autem
521 2231 575 2284 in
609 2231 709 2285 hoc
735 2246 922 2285 revera
960 2231 1143 2286 ﬁdeles
1171 2243 1378 2290 sumus,
1399 2234 1542 2299 quod
1573 2243 1602 2281 a
1631 2245 1729 2284 ne-

159 2301 339 2361 mine,
375 2318 392 2350 (
421 2300 653 2369 gnostici
684 2320 702 2351 ι
743 2316 874 2370 vero
903 2302 955 2354 in
985 2316 1071 2362 eo,
1101 2299 1245 2370 quod
1276 2314 1304 2351 a
1331 2301 1518 2367 paucis
1554 2299 1730 2354 credi-

159 2377 254 2422 tur
311 2378 363 2424 et
411 2372 780 2438 cognoscitur.
828 2369 1000 2423 Porro
1050 2369 1226 2424 autem
1273 2371 1465 2422 anima:
1521 2378 1726 2422 tantum

159 2439 396 2510 auribus
421 2440 714 2508 percipitur
745 2439 896 2501 fides,
921 2455 1040 2510 qua:
1071 2438 1285 2510 quidem
1317 2439 1535 2508 quando
1569 2439 1729 2493 dictis

159 2509 479 2572 credimus,
513 2510 820 2563 communis
863 2509 1281 2579 et’imperfecta
1321 2516 1437 2573 est,
1481 2523 1544 2563 ac
1589 2524 1729 2579 pra:-

157 2585 453 2648 cepitorum
486 2579 867 2634 observatione
896 2580 951 2633 lit
983 2580 1242 2648 perfecta.

295 2664 381 2702 um
405 2648 599 2704 deinde
631 2649 881 2704 Clemens
908 2645 1182 2710 Basilidis,
1214 2645 1481 2704 Valentini
1507 2655 1562 2706 et
1596 2647 1734 2704 Biar-

157 2717 350 2793 cionis
379 2717 445 2772 de
480 2718 580 2793 ﬁde
607 2735 821 2793 errores
846 2720 1106 2793 explodit,
1142 2734 1205 2774 ac
1232 2718 1389 2793 donet
1418 2723 1613 2776 stultas
1634 2723 1733 2793 hos

158 2802 294 2840 rum
325 2788 698 2846 hmreticorum
741 2788 988 2848 vitandas
1013 2808 1136 2848 esse
1165 2791 1494 2861 qumstiones
1515 2793 1579 2846 ".
1627 2790 1732 2845 Sed

160 2874 225 2916 ea
260 2860 495 2930 qumstio
522 2865 725 2932 optima
753 2872 835 2916 est
857 2902 872 2921 .
912 2879 1031 2933 qua:
1065 2860 1190 2916 cum
1227 2861 1328 2914 ﬁde
1355 2861 1428 2914 ita
1455 2862 1730 2933 convenit,

159 2942 225 2986 ut
267 2948 433 3000 super
465 2931 604 2986 hanc
647 2931 1196 3001 magniﬁca‘veritatis
1224 2933 1460 3000 cognitio
1501 2931 1735 2986 aediﬁce-

160 3011 288 3056 tur.
333 3003 484 3057 Tunc
513 3011 691 3057 autem
740 3003 870 3057 fides
903 3002 1147 3056 ﬁrmatur
1175 3008 1228 3055 et
1269 3001 1578 3063 stabilitur,
1609 3016 1732 3054 cum

159 3073 387 3128 tollitur
428 3074 606 3127 omnis
643 3073 929 3128 dubitatio.
967 3071 1035 3125 At
1070 3085 1236 3142 porro
1270 3071 1516 3141 quzedam
1547 3071 1601 3125 in
1632 3073 1734 3126 du-

159 3144 322 3198 bium
347 3153 400 3197 et
423 3145 775 3214 quaestionem
808 3151 1052 3212 possunt,
1083 3142 1186 3195 alia
1214 3156 1346 3214 vero
1369 3157 1474 3195 non
1506 3148 1736 3214 possunt

158 3209 454 3269 vocari“:
470 3213 740 3268 Nonnulla
771 3209 1070 3273 enimvero,
1095 3213 1236 3266 sicut
1260 3209 1350 3265 Dei
1380 3213 1734 3281 providentia,

161 3283 246 3338 ita
282 3285 533 3340 omnibus
565 3284 712 3337 clara
742 3291 796 3336 et
823 3284 1108 3338 manifesta
1143 3288 1291 3338 sunt.
1330 3292 1388 3335 ut
1432 3283 1578 3334 nulla
1613 3296 1738 3350 pro-

162 3355 394 3424 batione
433 3354 731 3424 indigeant.
756 3352 854 3424 iEx
900 3354 983 3408 bis
1026 3362 1215 3424 autem
1252 3350 1502 3424 Clemens
1536 3351 1740 3424 colligit

163 3422 292 3478 Deo
313 3425 474 3479 etiam
507 3419 624 3479 sine
651 3423 1059 3493 probationibus
1092 3420 1458 3493 credendum,
1493 3423 1587 3476 sed
1619 3419 1740 3474 inﬁ-

163 3493 330 3550 deles
361 3491 686 3549 contentiosi
729 3508 902 3562 neque
934 3495 1116 3554 illum,
1149 3506 1323 3562 neque
1349 3491 1589 3545 divinum
1620 3493 1738 3559 ejus

163 3562 416 3619 Verbum
462 3565 818 3632 intelligentia
847 3570 1235 3633 assequuntur.
1273 3562 1318 3615 A
1361 3563 1574 3633 nemine
1603 3576 1740 3630 quo-

161 3649 318 3703 que,
372 3635 500 3688 dum
543 3631 760 3702 corpori
809 3631 1082 3703 alligatur,
1131 3631 1326 3694 videri.
1368 3639 1422 3703 et
1470 3632 1524 3685 in
1572 3633 1740 3703 altera

160 3701 553 3759 tantummodo
600 3701 707 3756 vita
769 3701 1047 3758 evidenter
1091 3702 1418 3770 deprehendi
1473 3709 1650 3770 potest
1672 3701 1736 3754 “.

166 3774 540 3840 Quamobrem
573 3773 828 3829 Servator
868 3775 920 3826 in
954 3774 1096 3826 lumc
1124 3773 1381 3826 mundum
1406 3773 1604 3840 missus
1630 3779 1734 3832 est,

167 3839 530 3905 utarcanutn
576 3859 783 3914 magna:
829 3843 1178 3914 providentia:
1223 3855 1275 3897 et
1317 3839 1740 3914 viamgv'eritatis

165 3916 389 3969 dociles
418 3924 465 3968 et
500 3911 755 3984 paciﬁcos
794 3911 1042 3969 homines
1073 3914 1310 3968 doceret.
1344 3911 1542 3984 nerito
1558 3915 1742 3984 itaque

169 3985 358 4039 Numa
384 3981 684 4054 Pompilius
712 3986 952 4038 omnium
984 3985 1191 4054 primus
1225 3981 1639 4054 templum_li_dei
1687 3988 1741 4054 et

169 4057 338 4126 pacis
387 4051 598 4125 posuit;
640 4056 873 4110 Abrahae
918 4051 1104 4126 autem
1148 4055 1209 4126 in
1247 4051 1414 4106 Deum
1481 4051 1611 4126 ﬁdes
1673 4051 1742 4126 ad

168 4120 446 4200 iustitia-ui
481 4120 729 4200 reputata
757 4135 858 4200 est.
889 4125 1039 4194 121
1073 4122 1560 4200 Quid_vero,‘quod
1583 4120 1742 4200 Agri-

173 4191 439 4270 'gentinus
485 4191 640 4266 poeta
675 4191 928 4270 laudibus
942 4191 1119 4250 iidem
1149 4192 1422 4270 celebrat}
1447 4191 1742 4270 Apostolus

173 4261 316 4323 sero
346 4261 592 4320 hortatur
639 4273 696 4318 ut
745 4265 877 4321 ﬁdes
911 4275 1095 4319 nostra
1143 4278 1252 4317 non
1301 4262 1358 4316 in
1390 4261 1625 4315 humana
1671 4261 1743 4314 sit

177 4337 474 4408 sapientia,
513 4334 607 4389 sed
637 4338 692 4388 in
724 4333 817 4388 Dei
849 4336 1079 4396 virtute,
1112 4347 1218 4404 qua
1248 4333 1363 4408 sola
1383 4341 1452 4408 _et
1497 4332 1615 4386 sine
1647 4331 1743 4408 de-

179 4402 580 4462 monstratione
630 4413 888 4458 aaternam
938 4402 1230 4473 possumus
1283 4402 1530 4456 obtinere
1594 4402 1741 4456 salu-

1825 489 2001 557 ipsum
2028 487 2318 541 audierint.

1896 557 2076 630 Ethis
2098 558 2314 626 quidem
2341 557 2409 630 de
2431 557 2532 613 ﬁde
2563 558 2636 612 ita
2665 558 2980 629 disputatis,
3010 557 3118 628 iam
3147 570 3387 630 tempus,

1825 627 1898 698 ait
1917 627 2191 698 Clemens,
2209 633 2353 682 esset
2379 628 2446 682 de
2473 644 2569 698 spe
2597 627 2972 696 charitateque
3001 627 3388 685 disserendi”.

1827 693 1933 769 Sed
1983 711 2050 751 ne
2095 697 2354 769 prolixior
2398 693 2539 752 foret
2581 700 2778 762 oratio,
2811 693 3062 762 sufﬁciat,
3096 701 3292 769 inquit,
3323 715 3394 754 ex

1826 764 2050 821 Platone
2091 764 2383 840 adnotasse
2428 776 2633 840 certam
2668 769 2864 822 futura:
2910 764 3234 824 immortalis
3267 769 3394 825 vita:

1827 851 1976 908 spem
2024 837 2181 892 nobis
2231 835 2380 903 dari;
2429 838 2808 908 duplicemque
2855 853 2978 894 esse
3035 853 3274 895 amorem
3338 851 3394 897 et

1826 907 2171 978 cbaritatem,
2201 920 2432 978 quarum
2480 907 2650 962 altera
2681 907 2981 970 terrestris,
3006 924 3110 977 qua
3141 924 3342 978 corpus
3370 925 3388 976 ;

1827 976 1995 1031 altera
2020 985 2200 1048 autem
2231 977 2474 1048 cmlestis
2492 1018 2506 1041 ,
2532 993 2637 1048 qua
2682 980 2862 1032 anima
2887 987 2942 1033 et
2964 976 3136 1048 virtus
3163 976 3391 1048 genera-

1827 1053 1946 1111 tur;
1972 1056 2032 1118 et
2072 1046 2185 1100 hinc
2219 1047 2442 1117 quidem
2475 1063 2504 1100 a
2534 1046 2856 1118 Christianis
2892 1046 3229 1118 philosophis
3262 1049 3391 1102 illu-

1828 1116 2022 1188 stratio
2034 1130 2096 1171 ac
2112 1116 2452 1188 regeneratio
2465 1117 2602 1172 solet
2616 1116 2898 1188 appellari.
2915 1116 3124 1182 Quibus
3139 1118 3394 1174 Clemens

1826 1199 1890 1258 ea
1915 1186 2192 1258 subnectit
2212 1202 2334 1256 quae
2360 1187 2427 1240 de
2448 1186 2714 1242 cliaritate
2745 1187 3096 1256 Empedocles
3126 1189 3392 1258 apertius,

1827 1253 2177 1311 Parmenides
2227 1253 2354 1311 vero
2391 1258 2679 1312 obscurius
2713 1253 3049 1314 cecinerunt.
3095 1253 3262 1311 Addit
3288 1253 3391 1312 au4

1828 1327 2032 1398 tem_ab
2057 1342 2130 1398 eo
2159 1327 2264 1398 qui
2298 1341 2499 1396 sperat,
2536 1342 2645 1382 non
2676 1343 2835 1382 secus
2875 1336 3038 1397 atque
3067 1328 3135 1398 ab
3175 1328 3266 1380 illo
3296 1327 3392 1398 qui

1829 1393 2041 1466 credit,
2088 1393 2256 1450 videri
2288 1393 2349 1450 ea
2390 1413 2511 1466 quae
2555 1398 2906 1466 intelligentia
2938 1393 3393 1466 percipiuntur—ct

1832 1464 2018 1537 futura
2043 1474 2189 1520 sunt.
2204 1466 2380 1535 Atque
2408 1464 2532 1521 inde
2549 1464 2828 1521 concludit
2847 1467 2897 1520 id
2916 1464 3055 1537 quod
3078 1464 3387 1537 pulchrum,

1830 1533 2116 1606 honestum
2143 1542 2210 1606 et,
2229 1533 2414 1590 verum
2444 1543 2562 1596 est,
2609 1553 2672 1590 ac
2716 1533 2948 1606 proinde
2975 1533 3216 1606 divinum
3263 1536 3395 1606 Ver-

1838 1605 1990 1666 bum,
2029 1605 2172 1673 quod
2201 1605 2428 1675 ipsamet
2455 1605 2730 1669 veritatis,
2761 1609 2864 1672 vel,
2897 1616 2952 1660 ut
2979 1608 3054 1659 ait
3094 1605 3279 1666 Plato,
3309 1605 3394 1660 di-

1830 1675 1955 1745 vina
1984 1670 2101 1728 idea
2131 1670 2243 1737 est,
2280 1676 2393 1730 sola
2425 1678 2626 1745 percipi
2658 1689 2835 1731 mente
2850 1670 2914 1731 _et
2946 1677 3230 1730 intellectu
3251 1678 3319 1732 δ’.
3449 1670 3456 1681 ’

1896 1743 2052 1799 Justo
2077 1745 2240 1815 igitur
2264 1746 2332 1800 ad
2364 1743 2708 1814 qumrendatn
2743 1746 3235 1816 inveniendamque
3263 1747 3396 1800 cha-

1830 1813 2046 1869 ritatem
2083 1813 2219 1884 opus
2250 1824 2334 1870 est
2382 1813 2599 1879 labore,
2644 1817 2955 1886 diligentia,
3007 1813 3294 1886 precibus,
3331 1831 3398 1874 ac

1828 1895 1951 1953 post
1973 1893 2315 1954 peccatorum
2349 1886 2724 1941 remissionem
2750 1889 3021 1941 constanti
3052 1887 3105 1939 in
3128 1895 3242 1940 toto
3270 1888 3394 1941 vita!

1830 1969 1942 2008 sua).
1961 1955 2248 2026 curriculo
2278 1955 2364 2024 pie
2406 1964 2704 2026 sancteque
2749 1957 3104 2026 transigenda
3145 1971 3398 2026 perseve-

1829 2025 2024 2096 gaudia.
2051 2023 2306 2096 Platonis
2337 2027 2535 2095 quippe
2568 2023 2906 2090 testimonio,
2933 2023 3001 2080 ac
3029 2023 3307 2096 proposita
3341 2027 3394 2079 in

1830 2093 2120 2161 Evangello
2149 2095 2335 2166 decem
2355 2093 2632 2166 Vvir’giuum
2665 2097 2926 2166 parabola
2957 2093 3090 2150 illud
3123 2093 3396 2152 assertum

1833 2164 2484 2236 ﬁrmatumquelegimus.
2517 2164 2581 2218 Et
2605 2164 2715 2221 [nec
2746 2167 2962 2236 quidem
2994 2168 3134 2221 ratio
3155 2175 3273 2228 est,
3299 2180 3400 2220 cur

1829 2249 1859 2306 e
1889 2235 2049 2304 vulgo
2078 2235 2391 2306 paucissimi
2431 2251 2459 2288 a
2493 2237 2668 2290 sacris
2704 2235 3072 2306 profanisque
3114 2235 3400 2304 scriptori-

1830 2305 1932 2359 bus
1975 2313 2122 2358 recte
2156 2305 2526 2374 philosophari
2559 2305 2837 2363 dicuntur.
2881 2305 2946 2358 Hi
2978 2306 3258 2360 enimvero
3281 2306 3399 2360 sola

1831 2375 2057 2429 salutari
2087 2374 2189 2430 fide
2221 2383 2408 2428 nostra
2457 2376 2678 2432 minime
2710 2378 2981 2439 contenti,
3019 2392 3115 2444 pro
3154 2376 3400 2431 veritatis

1832 2444 2057 2514 pignore
2095 2444 2446 2516 probationes
2481 2446 2704 2516 exigunt
2725 2447 2790 2502 ‘°.
2825 2445 2930 2500 Sed
2954 2447 3175 2501 omnino
3209 2461 3402 2515 perpe-

1832 2529 1969 2576 ram,
1997 2515 2437 2584 quandoquidem
2457 2560 2470 2582 ,
2524 2515 2770 2587 ipSismet
2795 2517 3030 2574 ethnicis
3064 2516 3358 2572 fatentibus
3381 2555 3397 2579 ,

1833 2597 1989 2636 sacra
2023 2590 2276 2654 mysteria
2309 2603 2414 2640 non
2445 2589 2627 2657 impiis
2654 2599 2707 2642 et
2738 2589 3082 2657 immundis,
3116 2588 3210 2642 sed
3249 2587 3404 2657 puris

1833 2661 2042 2709 tantum
2074 2666 2127 2710 et
2158 2660 2387 2725 expiatis
2417 2655 2727 2712 hominibus
2752 2656 3122 2726 patefacienda
3145 2667 3292 2711 sunt.
3318 2655 3401 2710 Ad

1835 2726 1898 2797 illi
1922 2735 2098 2780 autem
2133 2729 2466 2797 probandum
2498 2744 2606 2782 non
2630 2729 2788 2781 modo
2813 2727 3056 2797 quaedam
3087 2727 3401 2780 eorumdcm

1834 2796 2178 2849 ethnicorum
2214 2796 2432 2850 adhibet
2469 2797 2808 2860 testimonia,
2832 2796 2936 2852 sed
2980 2797 3151 2864 ipsam
3184 2809 3403 2864 quoque

1837 2865 2216 2935 Aigyptiorum
2261 2867 2464 2919 vatiam
2507 2868 2717 2920 litteras
2762 2866 3011 2919 tradendi
3062 2864 3401 2927 methodum,

1836 2952 1898 2988 ac
1929 2935 2142 2990 diversa
2169 2936 2381 2988 illorum
2407 2975 2422 2998 ,
2474 2945 2636 3005 atque
2665 2937 2826 2989 etiam
2860 2935 3172 2990 Grarcorum
3220 2935 3402 3003 signa,

1836 3006 2153 3076 aenigmata,
2197 3006 2474 3076 symbola,
2520 3006 2849 3076 oracula_et
2911 3005 3214 3073 sapientum
3267 3020 3402 3076 apo-

1837 3073 2183 3144 pbtliegmata
2202 3073 2265 3130 εί.
2300 3075 2439 3140 Quid
2460 3091 2606 3139 vero,
2632 3074 2774 3144 quod
2803 3082 2856 3129 et
2872 3085 3060 3144 poetic,
3083 3090 3109 3127 a
3129 3073 3406 3144 prophetis

1841 3142 2046 3198 nostris
2079 3144 2350 3214 theologia
2377 3146 2604 3211 imbuti,
2632 3142 2771 3198 lianc
2802 3142 3150 3214 syinbolicam
3189 3142 3407 3214 dicendi

1840 3216 2105 3269 rationem
2131 3253 2145 3275 ,
2180 3229 2209 3267 a
2243 3212 2528 3270 Psalmista
2559 3225 2613 3270 et
2645 3212 2904 3282 Apostdlo
2949 3212 3407 3278 commendatam,

1841 3285 2033 3339 sectati
2069 3286 2233 3353 sunt?
2273 3283 2413 3348 Quid
2446 3285 2638 3353 plura?
2682 3283 3026 3338 Manifestum
3075 3283 3252 3353 adhuc
3281 3282 3406 3336 Cle-

1841 3369 1994 3434 mens
2039 3353 2167 3406 facit
2211 3352 2590 3434 Pythagoram
2617 3370 2716 3434 sua
2762 3353 3059 3434 symbolica
3124 3352 3285 3433 effata
3350 3357 3406 3405 et

1840 3425 2060 3493 adagia,
2087 3438 2205 3494 qua:
2232 3422 2540 3494 singulatim
2578 3424 2666 3477 hic
2698 3422 2976 3494 recenset,
3000 3437 3068 3478 ex
3101 3422 3408 3494 sacrisno-

1842 3491 1968 3548 stris
2001 3491 2341 3560 auctoribus,
2361 3509 2425 3547 ex
2449 3493 2647 3562 quibus
2675 3494 2835 3548 etiam
2862 3492 3014 3546 Plato
3047 3499 3100 3546 et
3138 3492 3228 3562 alii
3253 3491 3406 3560 plura

1840 3563 2059 3632 quidem
2089 3563 2376 3632 dogmata,
2413 3561 2504 3618 sed
2537 3578 2642 3632 non
2689 3563 2914 3617 omnino
2968 3565 3176 3632 integra
3210 3561 3408 3632 hause-

1841 3631 1988 3695 runt,
2011 3631 2184 3687 fuisse
2209 3641 2513 3686 mutuatum
2538 3633 2602 3686 ".
2622 3631 2861 3701 Denique
2891 3631 3081 3686 eodem
3105 3631 3409 3700 syn.bolico

1842 3703 2100 3773 loquendi
2132 3717 2662 3773 genere_usum_esse
2691 3703 2928 3773 Atmam,
2958 3701 3282 3773 Scytharum
3319 3714 3409 3773 re-

1841 3769 1982 3842 gem,
2013 3774 2066 3826 in
2093 3769 2189 3827 sua
2213 3773 2289 3842 ad
2313 3771 2669 3842 Byzantinum
2705 3771 2962 3842 populum
2989 3769 3240 3842 epistola,
3269 3777 3322 3822 et
3352 3769 3409 3822 in

1841 3839 2178 3897 carminibus
2211 3839 2613 3912 Euphorionem
2632 3839 2904 3910 “(Atque
2930 3840 3002 3892 ibi
3029 3839 3284 3912 Clemens
3309 3852 3412 3912 cur

1841 3912 2081 3992 Egyptii
2131 3909 2390 3992 splttttgits
2437 3920 2560 3965 ante
2605 3909 3167 3980 templa’posuerint,
3218 3909 3410 3978 paucis

1842 3982 2016 4052 aperit
2042 3982 2401 4052 explicatque.

1914 4044 2127 4106 Dehinc
2163 4051 2250 4106 illc
2293 4044 2481 4106 sacros
2525 4065 2756 4120 quoque,
2783 4049 2980 4104 divina:
3023 4054 3223 4102 nostra:
3260 4044 3411 4120 Scri-

1843 4129 2017 4193 ptura:
2049 4128 2302 4193 auctores
2326 4118 2783 4193 eodem—dicendi
2814 4134 3008 4190 genere
3028 4134 3178 4193 saepe
3208 4118 3414 4193 saepius

1846 4186 1976 4247 itsos
2022 4207 2143 4246 esse
2189 4191 2256 4245 ad
2308 4190 2792 4244 demonstrandum
2821 4186 3173 4259 'aggreditur.
3208 4186 3408 4259 Verum

1844 4263 1972 4332 quia
2004 4262 2218 4332 longius
2250 4267 2395 4332 esset
2427 4260 2610 4314 omnia
2646 4268 2710 4332 et
2742 4258 2953 4332 singula
2974 4259 3137 4332 illius
3165 4258 3412 4332 extent-pla

1845 4327 2140 4400 prosequi',
2173 4346 2248 4400 ex;
2269 4330 2336 4384 iis
2361 4344 2530 4399 pauca
2560 4330 2804 4399 quzedam
2837 4327 3034 4400 seligit.
3076 4327 3158 4380 Ab
3187 4327 3274 4400 his
3316 4328 3415 4380 ita-

1844 4397 1970 4470 que,
2001 4397 2119 4469 qua:
2149 4401 2203 4454 in
2221 4397 2674 4470 Jerosolymitano
2694 4398 2912 4470 templo
2929 4397 3105 4460 erant,
3133 4397 3412 4470 explican-

418 4448 588 4540 Qtiatii
629 4448 1112 4556 quidenri'uiiiram
1147 4473 1618 4556 piorumnsa'lutct‘n
1641 4510 1656 4532 ,
1688 4479 1740 4553 et
1775 4448 1816 4502 θ
1846 4448 1931 4525 (iis
1957 4448 2192 4556 siditur,
2215 4479 2269 4524 et
2297 4448 2546 4556 enucieat
2577 4469 2706 4555 quid
2739 4448 3108 4556 sigitilitareui
3275 4465 3414 4518 ἑπτὰ

181 4539 476 4615 impiorum
524 4561 618 4613 per
646 4539 835 4614 ignem
855 4583 869 4606 ,
917 4545 1022 4607 vel,
1059 4551 1117 4594 ut
1147 4539 1317 4615 aiunt
1350 4539 1540 4603 Stoici,
1572 4541 1740 4615 Eget-pti-

181 4611 356 4688 ρωξην
378 4655 394 4678 ,
448 4632 466 4664 ‹
495 4611 858 4675 exustionem,
893 4633 925 4688 ιΔ
954 4625 1112 4682 atque
1139 4613 1312 4688 etiam
1345 4619 1502 4666 terra:
1533 4611 1627 4687 per
1658 4611 1739 4679 ig-

184 4683 314 4740 item
343 4693 395 4740 et
423 4699 616 4754 aquam
647 4685 1104 4754 exptirgationein‘
1122 4683 1314 4754 pagani
1357 4697 1425 4734 ex
1453 4683 1627 4734 sacris
1652 4693 1744 4732 no-

183 4757 323 4812 stris
367 4751 664 4824 Scripturis
708 4751 1037 4807 didicerunt.
1072 4751 1327 4817 Quinimo
1356 4757 1612 4820 apostataa
1650 4764 1746 4801 au-

184 4827 294 4896 geli
327 4826 654 4896 mulieribus
679 4863 694 4886 ,
736 4839 966 4893 quarum
1013 4824 1156 4896 capti
1188 4829 1314 4876 sunt
1349 4835 1567 4896 amore,
1601 4830 1653 4896 et
1683 4832 1746 4872 ea

183 4889 371 4948 omnia
413 4889 847 4960 annuntiarunt,
897 4903 950 4948 et
993 4889 1098 4946 alia
1143 4906 1482 4962 quaecunque
1529 4889 1748 4959 ipsimet

184 4975 449 5020 noverant
464 4967 531 5019 ⁵⁸.

260 5037 528 5090 Ceterum
573 5041 758 5088 nostra
794 5032 925 5087 ﬁdes
972 5047 1073 5086 nec
1115 5031 1229 5085 sola
1272 5044 1371 5083 nec
1405 5028 1580 5084 otiosa
1627 5042 1750 5082 esse

185 5105 380 5166 debet,
433 5104 528 5160 sed
556 5104 905 5172 inquisitione
935 5111 1192 5171 praeterea
1225 5115 1362 5172 opus
1397 5107 1478 5172 est
1503 5138 1542 5172 ,Α
1565 5100 1749 5172 uti__ex

188 5177 352 5229 Lucae
382 5166 671 5244 Evangelii)
693 5213 706 5232 .
737 5166 1280 5244 ethnicisquepoetis
1312 5169 1609 5244 Sophocle,
1639 5166 1750 5221 lle.

189 5246 402 5300 naudro
425 5284 439 5306 ,
471 5237 698 5306 Timone
719 5282 734 5303 ,
770 5237 1022 5296 Clemens
1068 5237 1406 5295 démonstrat
1422 5240 1488 5293 ⁵⁷.
1547 5237 1745 5293 Verum

188 5315 416 5386 pulchre
459 5315 547 5368 ille
578 5329 678 5386 nos
717 5313 968 5366 admonet
1001 5326 1108 5386 nqn
1138 5311 1203 5364 ad
1239 5311 1362 5363 lites
1378 5307 1747 5386 _intendendas

189 5374 315 5438 esse
359 5383 774 5454 inquirendum,
821 5396 996 5449 neque
1036 5374 1198 5454 fidem
1243 5379 1500 5434 omnibus
1545 5389 1747 5454 temere

190 5449 517 5508 habendam.
550 5451 684 5507 Nam
715 5451 856 5507 Deus
882 5466 1004 5505 cum
1035 5452 1102 5505 iis
1132 5459 1340 5504 tantum
1366 5465 1425 5504 se
1449 5449 1748 5504 communi-

1849 4541 2166 4614 περιϐόλων,
2193 4547 2248 4592 et
2273 4539 2412 4614 καῖὰ
2441 4539 2539 4614 τὴν
2566 4539 2772 4614 ποᾷήρη
2798 4535 3060 4606 ’διασκευή
3077 4575 3092 4598 ,
3127 4535 3255 4605 quid
3286 4549 3415 4614 opef

1849 4610 2141 4664 rimentum
2161 4649 2175 4674 ,
2207 4618 2260 4663 et
2293 4610 2467 4662 velum
2502 4610 2792 4678 hyacintho
2815 4622 3132 4678 ,purpura,
3165 4619 3330 4658 cocco
3359 4612 3415 4657 et

1853 4683 2016 4751 bysso
2037 4679 2373 4751 variatum“
2395 4676 2570 4751 ,Aquid
2606 4677 3079 4751 tbu_ri_bulum_,_et
3119 4676 3271 4727 locus
3302 4688 3412 4751 me:

1851 4739 1997 4811 dius,
2034 4749 2087 4802 in
2132 4763 2291 4818 quem
2333 4739 2433 4802 soli
2461 4739 2711 4818 'pontiﬁci
2745 4739 3068 4815 ingrcdifas
3096 4751 3246 4808 erat;
3282 4739 3415 4810 quid

1854 4820 2168 4889 Operculum
2208 4827 2333 4889 ante
2377 4820 2618 4887 quinque
2661 4819 2945 4871 columnas
2991 4827 3328 4882 expansum,
3363 4819 3418 4865 et

1855 4887 2034 4942 velum
2076 4887 2219 4957 adyti
2262 4888 2327 4941 ad
2356 4897 2544 4942 sancta
2573 4896 2886 4941 sanctorum
2907 4924 2920 4945 ,
2948 4892 3289 4957 quatuorque
3320 4895 3417 4934 co-

1858 4959 2073 5018 lumnae,
2099 4950 2162 5011 ac
2191 4972 2384 5011 nomen
2417 4962 2919 5026 tetragranunatum
2951 4950 3055 5014 liis,
3080 4952 3172 5020 qui
3199 4950 3417 5026 adytum

1857 5029 2065 5097 ingredi
2100 5034 2375 5096 poterant,
2415 5020 2760 5097 impositum;
2793 5022 2921 5097 quid
2955 5036 3179 5097 aureum
3211 5020 3419 5097 cande-

1860 5089 2070 5177 labrum
2093 5089 2187 5177 ,iet
2215 5089 2400 5150 mensa
2427 5089 2582 5177 pains
2612 5089 3069 5177 propositionis.“
3091 5109 3110 5172 ξ
3134 5089 3263 5159 quid
3291 5103 3420 5177 area

1858 5178 1910 5222 et
1951 5168 2373 5239 cherubinorum
2425 5161 2686 5239 imagines
2708 5161 2955 5239 itaquid
2989 5161 3224 5239 denique
3252 5166 3420 5239 vestis

1854 5239 2068 5302 talaris,
2106 5245 2161 5291 et
2195 5237 2300 5290 alia
2328 5232 2684 5291 sacerdotalia
2718 5232 2926 5287 Hebraei
2954 5232 3224 5300 pontiﬁcis
3244 5232 3420 5302 _vesti-

1855 5299 2424 5430 mestavheorumque
2481 5303 2877 5360 induendorum
2938 5299 2992 5356 et
3045 5299 3420 5356 exuendorum

1855 5391 1942 5429 mo
1985 5394 2047 5430 us
2123 5419 2135 5430 .

1853 5378 2047 5432 modus
2070 5378 2135 5431 ⁸⁷.

1924 5447 1998 5501 lbi
2031 5455 2210 5501 autem
2257 5446 2510 5501 observat
2541 5443 2798 5498 Hebraeos
2829 5437 3110 5512 pontiﬁces
3129 5479 3143 5502 ,
3178 5453 3243 5493 ex
3273 5437 3424 5492 tribu

264 5609 308 5639 ³ο
337 5611 460 5688 es.
903 5608 1024 5688 κεπτ
1057 5605 1189 5688 me.
1257 5605 1402 5688 σερε.
1418 5603 1573 5688 541;-
1617 5602 1660 5632 ’³
1692 5617 1736 5688 2;

1997 5601 2042 5632 η
2073 5615 2124 5669 ρο
2435 5596 2651 5688 ριξβο-
2840 5593 3052 5688 vsa
3125 5590 3269 5688 ,εκιλ

192 5679 241 5714 ⁸ο
269 5697 319 5750 p.
338 5657 470 5736 3:33:
571 5657 732 5751 sibi
749 5657 1040 5751 s§.t,__sss.
1061 5657 1083 5662 ⁷
1102 5657 1191 5707 "ﬁ
1219 5689 1272 5744 ρ.
1469 5673 1592 5727 557.
1693 5657 1736 5702 ιι

1859 5672 1962 5727 558
1993 5681 2044 5726 ct
2073 5657 2190 5741 seq.
2299 5669 2345 5700 οι
2392 5657 2449 5739 ρὶ
2480 5668 2605 5724 561.
2708 5666 2764 5741 ξι
2800 5657 2856 5736 p:
2898 5665 3020 5718 562.
3125 5663 3170 5696 σε
3201 5657 3256 5732 β.

196 5751 241 5781 ο·
272 5749 329 5821 *p.
367 5752 490 5815 sui,
521 5749 661 5805 563;
720 5753 759 5782 ετ
793 5769 842 5820 μ.
877 5749 1002 5804 suo.
