3948 6314
49 333 209 389 [041

1315 326 1404 383 DE
1424 325 1671 401 ,Ltants
1709 324 2159 383 stttoMATtJtt.

3222 333 3362 390 1042

128 448 360 516 Pergit
382 448 653 511 Clemens.
678 448 944 520 docetque
976 456 1211 520 quatuor
1237 444 1565 507 cardinales,
1595 442 1673 520 uti
1706 444 1753 505 Λ
1785 445 2100 520 mansiones
2120 462 2135 511 ;
2155 444 2385 520 illorum
2437 460 2569 520 vero
2603 452 2687 502 est
2725 447 2987 520 maxima,
3035 449 3124 518 qni
3184 451 3361 507 instar

49 522 261 585 aiunt,
299 519 561 585 virtutes,
611 534 747 587 quas
774 516 950 577 Grirci
987 517 1246 573 Hebraeis
1269 525 1516 585 acceptas
1541 516 1680 568 refe-

49 599 231 653 runt,
280 604 403 644 non
430 590 558 645 Sine
589 586 773 647 labore
798 587 1123 655 comparari.
1164 586 1297 645 Nam
1337 587 1495 640 homo
1523 592 1680 655 aptus

49 652 250 715 natus
289 670 385 715 est
413 660 477 712 ad
505 658 886 728 acquireudatn
913 652 1186 728 virtutem.
1216 656 1301 709 vel
1339 658 1390 708 in
1417 668 1480 728 ea
1514 652 1681 728 proli-

49 730 402 787 ciendum;
454 723 613 798 atque
664 727 866 783 idcirco
897 727 1175 798 disciplina
1207 735 1263 780 et
1297 723 1679 779 exercitatione

52 814 229 866 opus
261 798 456 853 habet.
483 797 553 863 At
583 799 836 851 omnibus
858 797 1159 866 disciplinis
1189 812 1308 849 cum
1347 803 1681 866 prtestetco-

50 863 293 936 gititio,
336 868 468 925 hinc
489 883 619 927 Sane
649 867 737 923 illa
765 863 1035 934 acquisitu
1079 863 1679 936 perquam'diﬂicillitna

49 935 190 999 est.
260 955 377 993 nec
420 937 592 999 multo
637 940 756 993 sine
800 937 985 993 labore
1032 935 1323 994 difficultas
1378 935 1467 989 illa
1512 948 1675 1002 supe-

49 1024 119 1061 ra
133 1017 236 1062 tur
260 1008 346 1061 ⁸⁸.

150 1098 172 1129 ι
195 1078 466 1134 Gnostici
497 1097 526 1149 t
552 1092 734 1149 porro,
758 1073 888 1143 indi
919 1085 974 1130 et
1000 1078 1169 1149 sancti
1211 1071 1464 1149 hominis,
1494 1071 1586 1142 qui
1609 1073 1676 1126 ad

52 1163 373 1205 summam
410 1142 793 1217 perfectionem
822 1146 1123 1210 contendit,
1156 1158 1280 1217 non_
1311 1142 1486 1198 solum
1512 1158 1674 1217 opera

51 1228 119 1271 et
171 1212 577 1289 cogitationes,
607 1218 699 1273 sed
730 1216 890 1289 verba
915 1217 1086 1289 etiam
1108 1213 1315 1289 munda
1364 1219 1510 1267 sunt.
1536 1212 1677 1278 Quid

50 1284 283 1341 ctiam‘
309 1297 620 1356 peccatum,
649 1299 704 1341 et
748 1285 876 1354 quid
907 1284 1213 1340 faciendum
1252 1297 1357 1356 non
1383 1292 1516 1356 Aest,
1574 1298 1672 1356 op-

52 1359 231 1432 time
246 1352 560 1432 cognoscit.
593 1352 984 1432 Quamobrem,
1009 1356 1069 1432 si
1091 1362 1298 1432 peccet,
1342 1352 1528 1432 idnon
1565 1355 1676 1405 da:-

54 1429 233 1481 tnoni
273 1421 411 1483 vitio
453 1421 791 1492 vertendum,
825 1426 918 1480 sed
968 1421 1208 1494 ipsi:qni
1253 1421 1591 1494 ntalitia__stta
1621 1432 1678 1476 et

54 1497 377 1551 electione
400 1498 456 1572 fit
481 1490 863 1572 improbus,_et
890 1490 1056 1549 homo
1080 1490 1413 1572 Bdtpovtxdc.
1440 1490 1677 1572 Virtutes

54 1577 280 1620 autem
318 1579 373 1622 et
418 1565 672 1623 honestas
703 1567 944 1621 actiones
974 1578 1230 1619 vocamus
1265 1565 1426 1627 bona,
1463 1575 1528 1614 ex
1552 1565 1677 1628 qui-

49 1635 181 1689 bus
206 1637 472 1706 quaedam
498 1650 718 1707 propter
747 1636 889 1690 aliud
916 1634 1199 1707 eligendae.
1234 1642 1292 1686 ut
1337 1631 1506 1707 fides;
1555 1631 1677 1707 alite

49 1700 247 1781 veto:
272 1700 510 1776 propter
528 1700 626 1781 se,
661 1708 735 1761 uti
779 1700 1040 1781 cognitio,
1082 1700 1680 1781 qtteproindenperfe-

49 1771 403 1852 ctissitnutn
428 1788 508 1831 est
528 1777 751 1852 bonum.
779 1771 949 1852 Hujus
976 1771 1332 1852 veroZutilitas
1355 1781 1408 1852 et
1431 1771 1671 1852 oflicium

49 1856 159 1899 est
183 1846 591 1915 cttpidilatcsin
613 1866 631 1899 ι
658 1848 898 1917 gnostico
920 1860 1091 1917 ticum
1106 1845 1157 1896 in
1178 1845 1539 1917 possessione,
1562 1850 1671 1894 tum

50 1917 125 1969 in
159 1913 280 1971 usu
301 1919 377 1970 ita
410 1913 744 1980 rescindere,
778 1925 835 1969 ut
859 1916 989 1969 solis
1019 1913 1179 1968 rebus
1201 1913 1523 1967 necessariis
1542 1926 1674 1964 con-

53 1995 306 2049 tentus,
343 1987 427 2055 pie
472 2002 687 2055 semper
720 1986 899 2047 vivat:
935 1983 1092 2047 filios,
1135 1993 1407 2052 parentes,
1443 1996 1665 2035 uxorem

50 2056 291 2109 divinae
316 2057 570 2111 cltaritati
596 2071 865 2124 nunquam
886 2064 1213 2124 anteponat;
1244 2060 1368 2124 post
1390 2060 1673 2119 susceptos

54 2126 300 2180 liberos
334 2142 471 2180 uxor
492 2128 559 2181 sit
581 2127 629 2179 ei
658 2138 911 2192 tanquam
936 2123 1115 2189 soror,
1138 2123 1314 2193 qualis
1338 2135 1527 2190 reapse
1552 2130 1675 2189 post

54 2198 558 2251 resurrectionem
584 2194 761 2250 futura
780 2205 864 2250 est
882 2194 946 2247 δ’.
966 2195 1175 2249 Anima:
1190 2196 1468 2246 enimvero
1484 2206 1670 2245 sexum

59 2280 196 2319 non
245 2267 475 2330 habent,
519 2277 572 2320 et
624 2265 819 2319 mulier
842 2266 982 2319 sicut
1005 2263 1167 2325 Sara,
1201 2277 1363 2332 quam
1389 2260 1668 2315 Abraham

62 2351 349 2409 sororem
381 2337 597 2409 praprie
621 2336 953 2409 appellavit,
982 2336 1042 2387 fit
1077 2332 1342 2409 virilis__'°.

160 2399 637 2473 Quemadmodum
669 2399 872 2461 ’autem
927 2406 1068 2471 Deus
1119 2403 1370 2473 precibus
1428 2399 1673 2470 illorum,

66 2491 233 2543 quos
263 2487 605 2543 peccatorum
644 2479 860 2545 quidem
898 2490 1117 2529 suorum
1152 2475 1398 2545 ptenitct,
1434 2474 1667 2527 nondum

68 2557 282 2599 tamen
310 2548 489 2599 omnia
519 2544 772 2619 στερέῶς,
806 2548 1056 2619 firmiter,
1090 2544 1672 2619 ercdiderunt,ea_qme

66 2624 310 2684 petunt,
336 2619 522 2686 annuit
542 2636 554 2671 :
577 2613 648 2670 ita
677 2616 857 2686 bisqui
878 2616 993 2668 sine
1018 2625 1242 2683 peccato
1257 2624 1351 2686 ett
1374 2613 1617 2686 gnostice
1641 2633 1665 2667 ι

80 2683 313 2749 i'it'unt,
342 2684 501 2752 Deus,
533 2683 819 2756 antequam
856 2694 1064 2754 rogent,
1094 2700 1156 2737 ea
1182 2683 1364 2756 omnia
1416 2684 1668 2756 concedit

81 2770 221 2825 quae
249 2756 346 2823 ipsi
378 2751 562 2825 petere
603 2751 862 2825 cogitant.
901 2751 1193 2818 Cancrum,
1221 2751 1436 2825 etiamsi
1478 2772 1496 2803 t
1525 2769 1667 2822 gno-

82 2823 295 2887 sticus,
335 2843 354 2876 ›
379 2823 659 2881 charitatc
677 2823 793 2882 Deo
821 2825 1165 2892 coniunctus,
1209 2823 1535 2892 cogitatione
1569 2838 1669 2877 sua

83 2905 225 2950 oret
260 2896 402 2967 omni
447 2905 725 2966 tempore,
780 2903 1013 2967 quatuor
1060 2893 1413 2967 nihilominus
1465 2895 1671 2967 abillo

88 2965 363 3034 postulat,
406 2961 754 3035 peccatorum
796 2961 1015 3020 "scilicet
1041 2962 1439 3035 remissionem,
1468 2961 1666 3035 deinde

92 3033 208 3088 non
230 3033 458 3106 peccare
478 3038 734 3106 amplius,
760 3038 921 3091 tertio
953 3048 1112 3106 posse
1141 3033 1485 3106 benefacere,
1512 3033 1670 3106 deni-

88 3120 207 3173 que
225 3105 421 3160 mundo
439 3104 599 3162 corde
624 3109 788 3162 Deum
815 3106 952 3160 facie
978 3107 1042 3158 ad
1068 3104 1261 3158 faciem
1285 3104 1666 3173 contemplari.

93 3171 445 3247 Quapmpter
483 3177 878 3247 Quadripartita
904 3190 1128 3247 quoque
1154 3173 1403 3247 est_i_lli‘us
1423 3171 1660 3247 jus’titia.

93 3247 147 3299 Is
177 3260 338 3313 porro
364 3243 794 3300 sicut'Abrabatn
814 3262 879 3300 ac
898 3243 1127 3317 Moyses,
1152 3255 1208 3300 et
1225 3243 1465 3317 fideliset
1479 3243 1665 3309 justus

92 3327 207 3378 est,
233 3322 394 3384 atque
440 3317 830 3385 perfectissima
859 3314 997 3372 vitai
1032 3332 1143 3370 suae
1193 3314 1533 3385 institutione
1580 3317 1664 3385 lit,

93 3396 363 3455 quantum
387 3384 634 3441 humanae
652 3396 854 3442 natura:
874 3389 1017 3451 licet,
1037 3388 1144 3441 Deo
1161 3387 1423 3440 servatori
1446 3384 1661 3455 similis,

92 3467 155 3508 et
180 3453 419 3529 ἀπαθειᾳ
447 3459 656 3527 angelis
681 3459 924 3527 aequalis,
967 3474 1031 3512 ac
1059 3456 1328 3529 constanti
1358 3453 1663 3510 divinorum

95 3527 486 3580 mandatorum
508 3530 885 3584 observatione
920 3530 971 3581 iu
994 3527 1361 3596 apostolorum
1379 3539 1661 3578 numerum

93 3596 394 3649 ascribitur
422 3596 488 3648 ".
514 3598 652 3663 Quid
686 3600 877 3667 plura?
899 3599 988 3651 llle
1014 3609 1100 3651 est.
1127 3612 1232 3651 non
1258 3610 1514 3667 manuum
1544 3596 1666 3664 qui-

96 3668 227 3737 dem
254 3667 613 3735 iutposittone,
644 3664 737 3722 sed
770 3670 961 3736 spiritu
994 3669 1281 3737 presbyter
1307 3664 1582 3737 Ecclesiae,
1608 3673 1665 3718 et

92 3736 300 3788 divina:
333 3736 623 3790 voluntatis
646 3737 890 3800 διάκονος
916 3749 1077 3806 atque
1106 3756 1123 3788 t
1156 3736 1206 3789 tn
1233 3736 1664 3806 vigintiqu‘atuor

98 3806 314 3857 thronis
347 3806 599 3872 p0pulum
635 3826 653 3858 ι
692 3802 1029 3876 Ῑιιιιίρειιυιξιιέ
1061 3823 1080 3855 ι
1117 3807 1326 3876 sedebit
1351 3803 1457 3855 ".t
1494 3802 1665 3858 Porro

97 3888 280 3944 autem
306 3871 390 3927 ille
414 3871 519 3929 tam
545 3892 609 3930 ex
634 3871 833 3931 Graecis
850 3871 1005 3944 quam
1025 3892 1088 3930 ex
1109 3875 1308 3929 Judaais
1324 3886 1660 3939 assumetur;

98 3946 198 3996 sed
220 3943 542 4015 ejuscemodi
573 3943 1360 4015 electorumperfectorutnque
1383 3946 1660 3999 hominum

101 4029 155 4066 Itt
176 4014 390 4086 cadesti
423 4015 594 4086 gloria
622 4017 753 4070 varii
779 4014 958 4078 erunt,
984 4015 1436 4086 quemadmodum
1478 4029 1668 4086 sacro-

102 4098 223 4136 rum
269 4083 535 4157 Ecclesite
554 4087 944 4151 ministrorum,
985 4083 1201 4157 gradus,
1235 4093 1291 4137 et
1320 4083 1563 4157 ordines.
1592 4085 1664 4140 At

102 4170 254 4216 vero,
290 4163 347 4207 ut
372 4155 494 4223 quis
526 4155 668 4209 hanc
691 4155 1060 4221 consequatur
1100 4156 1376 4209 caelestem
1412 4155 1660 4222 gloriam,

102 4225 221 4276 sive
253 4235 505 4278 teternam
559 4228 893 4285 felicitatem.
928 4242 1033 4281 non
1065 4226 1178 4280 sola
1215 4226 1366 4285 tldes,
1394 4227 1487 4277 sed
1524 4226 1663 4279 bona

104 4294 266 4346 rlialn
290 4308 451 4363 opera
481 4297 866 4351 desiderantur
889 4296 956 4348 ⁸³.
990 4294 1222 4351 Necesse
1268 4304 1355 4347 est
1411 4294 1575 4363 igitur
1607 4307 1664 4349 ut

105 4363 281 4417 tidelis
312 4375 365 4417 et
399 4365 524 4418 vitia
556 4373 808 4434 deponat,
842 4375 897 4418 et
922 4375 1140 4433 peccata
1176 4374 1297 4435 post
1335 4365 1661 4432 baptismum

105 4435 335 4487 admissa
353 4437 682 4503 gravissimis
699 4436 876 4490 deleat
895 4440 1122 4491 sincera:
1138 4436 1465 4504 paenitentiae
1488 4437 1664 4502 ptenis

1694 3138 1739 3198 (Ξ

1786 511 2003 589 Domini
2026 517 2293 589 inpvirum
2339 518 2633 585 perfectum
2663 519 2913 572 evadunt.
2943 519 2999 572 ln
3032 511 3139 589 quo
3175 533 3353 577 autem

1787 585 1960 655 posita
1994 586 2063 640 sit
2092 587 2206 641 haec
2256 587 2346 640 Dei
2413 589 2465 641 in
2500 606 2519 638 ι
2553 589 2798 655 gnostico
2834 607 2852 640 ι
2902 585 3119 646 homine
3164 593 3355 647 simili-

1790 654 2000 730 tudo_et
2044 657 2242 730 imago,
2275 657 2522 730 Clemens
2551 667 2745 730 contra
2773 659 2964 714 falsam
2996 663 3351 730 quorumdam
3435 694 3441 716 ι

1785 725 2099 789 opinionem
2157 725 2293 781 scite
2321 726 2564 781 enucleat
2592 727 2660 782 ⁵⁸.
2688 727 2932 783 Divinam
2993 725 3172 785 autem
3214 730 3355 787 hanc

1787 794 2234 870 similitudinem,
2285 796 2361 850 uti
2415 798 2504 851 ille
2550 798 2748 870 docet,
2808 800 2958 868 prius
3001 803 3243 870 agendo,
3290 818 3355 856 ac

1785 864 1978 918 deinde
2017 866 2259 920 docendo
2328 885 2346 917 t
2383 868 2662 937 gnosticus
2697 886 2716 919 ι
2786 864 3061 939 exprimit.
3118 869 3353 939 Indignis

1787 942 1967 988 tamen
1994 949 2148 1007 sacra
2184 945 2365 990 nostra
2391 938 2641 1007 dogmata
2667 938 2966 1004 abscondit,
2995 950 3048 993 et
3079 955 3136 992 ea
3165 938 3352 1007 pandit

1782 1003 2249 1141 3:qnpﬂt:plicat,
2296 1024 2315 1057 ‹
2346 1003 2580 1073 quando,
2620 1007 2914 1077 quomodo,
2954 1003 3012 1063 et
3052 1003 3190 1079 apud
3217 1025 3351 1079 quas

1840 1092 1914 1125 »ιη’
1956 1114 1968 1126 .
2055 1114 2067 1128 ο
2102 1094 2121 1126 ι

1840 1092 2067 1128 ηη·ιθι”.
2102 1094 2121 1126 ι

1852 1140 1973 1217 Jam
2006 1159 2138 1217 vero
2167 1143 2403 1210 ejusdem
2435 1164 2451 1217 ς
2478 1146 2705 1217 gnostici
2741 1165 2760 1199 ι
2798 1146 3041 1202 doctrina
3076 1155 3130 1205 et
3176 1149 3345 1217 philo-

1785 1215 1972 1286 sOpItia
2003 1214 2239 1286 perfecta
2276 1226 2381 1286 est,
2406 1216 2545 1269 sicut
2578 1226 2630 1270 et
2657 1216 2965 1272 Grzecorum
2995 1214 3343 1286 imperfecta;

1783 1286 1875 1354 sed
1906 1284 2020 1337 bare
2048 1283 2501 1354 velttti‘oleaster.
2531 1286 2604 1339 illi
2638 1297 2891 1354 tauquam
2918 1283 3084 1342 bonae
3113 1288 3267 1342 oliva:
3299 1283 3345 1345 si

1784 1352 2080 1428 inseratur,
2104 1351 2365 1428 plurimos
2395 1356 2684 1428 saneferet
2711 1351 2938 1411 frttctus.
2964 1361 3031 1410 At
3051 1368 3201 1428 certe
3220 1374 3350 1428 qua-

1783 1422 2178 1497 druplex__sicut
2205 1424 2498 1497 arborum,
2535 1426 2604 1477 ita
2642 1435 2695 1479 ct
2730 1428 2989 1497 doctrinae
3025 1422 3346 1497 Christiana:

1782 1492 1969 1546 insitio
1991 1492 2365 1560 distinguitur.
2412 1491 2593 1546 Prima
2638 1497 2697 1549 lit
2729 1496 2781 1548 iit
2830 1498 3081 1561 ethnicis,
3109 1491 3345 1554 secunda

1785 1561 1837 1614 in
1873 1562 2203 1637 philosophis
2231 1570 2284 1616 et
2312 1561 2530 1637 .ludzeis.
2564 1565 2718 1618 tertia
2749 1565 2801 1619 in
2836 1568 3122 1632 haereticis,
3151 1581 3344 1637 quarta

1782 1646 1955 1707 eaque
1986 1631 2274 1707 utilissima
2308 1632 2565 1707 doctrina:
2597 1644 2679 1707 est
2701 1652 2740 1707 ﬁt
2768 1637 3043 1707 gttosdcte,
3069 1656 3087 1688 ι
3110 1631 3229 1705 qua
3261 1655 3346 1692 res

1785 1703 1931 1775 i_ps_as
1974 1701 2282 1775 perspicere
2308 1712 2481 1775 potest
2502 1702 2569 1759 ⁸⁷.
2600 1704 2673 1757 Ex
2699 1701 2796 1758 his'
2812 1718 2990 1760 autem
3021 1701 3259 1775 Apostoli
3292 1721 3348 1763 et

1782 1770 2088 1847 Salomonis
2110 1773 2433 1847 auctoritate
2459 1776 2852 1847 corroboratis,
2878 1770 3128 1831 Clemens
3146 1779 3348 1847 colligit

1780 1841 1964 1916 tandiu
2000 1842 2347 1916 quaerendam
2381 1857 2501 1916 esse
2545 1841 2929 1913 cognitionem,
2973 1849 3212 1916 quandiu
3260 1841 3343 1902 in-

1774 1913 2044 1988 veniatnr.
2063 1911 2210 1988 illius
2224 1921 2403 1988 autem
2422 1911 2661 1969 inventio
2675 1924 2757 1988 est
2774 1911 3048 1987 perceptio
3063 1918 3345 1986 doctrina),

1776 1984 1936 2037 nobis
1966 1984 2179 2057 traditae
2204 1999 2234 2036 a
2263 1984 2552 2057 Servatore
2576 1984 2788 2051 nosu'o,
2809 1984 2968 2057 quem
3014 1988 3204 2042 Filium
3246 1984 3342 2045 Dei

1772 2068 1892 2108 esse
1908 2055 2144 2124 probant
2182 2069 2337 2107 sacra
2366 2056 2749 2122 prophetarum
2802 2055 2867 2111 de
2899 2058 2989 2111 illo
3018 2059 3262 2124 oracula,
3287 2072 3344 2116 ct

1772 2126 1839 2178 de
1864 2122 2008 2176 illius
2036 2123 2283 2194 humana}
2304 2126 2484 2177 carnis
2510 2125 2876 2193 assumptione
2910 2122 3337 2194 testimonia,ac

1772 2202 1893 2262 post
1912 2207 2069 2266 suum
2093 2192 2151 2266 in
2170 2190 2651 2266 ctelosascensum
2687 2190 2951 2266 pratcepta
2990 2197 3134 2252 illius
3159 2209 3211 2253 et
3228 2190 3344 2254 Vmi-

1773 2264 1960 2316 racnla
1993 2262 2062 2315 ⁸⁸.
2107 2262 2243 2315 ἰἰιιιι
2274 2264 2418 2316 enint
2452 2274 2658 2319 certum
2688 2262 2774 2320 est
2811 2262 2908 2323 nos
2950 2268 3047 2322 hac
3086 2270 3343 2324 doctrinae

1772 2333 1970 2409 Christi
1992 2333 2336 2409 perceptione
2365 2335 2637 2409 invenisse
2662 2335 2981 2409 veritatem,
3011 2350 3341 2409 utpote‘qna:

1772 2405 1841 2458 sit
1870 2405 1983 2470 ipsa
1997 2400 2120 2455 ﬁdei
2146 2400 2337 2462 virtus.
2365 2403 2432 2457 ab
2451 2404 2681 2473 ipsomet
2708 2405 2843 2460 Filio
2868 2400 3338 2467 Dei'atn'tunliata.

1771 2489 1891 2542 qua:
1933 2473 2114 2542 omnia
2143 2473 2244 2527 sibi
2276 2474 2616 2528 adversantia
2670 2475 3025 2532 invictissime
3053 2482 3247 2534 evertit
3288 2492 3342 2533 et

1773 2541 2015 2616 superat.
2072 2541 2560 2616 Quemadmodum
2593 2559 2720 2612 ergo
2766 2547 2961 2616 impius
3006 2548 3097 2602 ille
3149 2561 3250 2612 est,
3287 2561 3341 2603 et

1771 2613 1960 2688 poenis
1998 2613 2178 2688 potius
2206 2627 2371 2680 quam
2417 2613 2594 2688 verbis
2644 2613 3070 2688 convincendus,
3113 2621 3202 2688 qui
3247 2621 3338 2674 Dei

1771 2683 2168 2754 providentiam
2203 2690 2397 2749 negat;
2434 2683 2505 2735 ita
2524 2698 2694 2754 nona
2725 2687 3011 2754 SOphiSliS,
3047 2683 3144 2742 sed
3165 2704 3193 2740 a
3231 2691 3342 2743 Deo

1770 2755 1973 2826 edocti,
2014 2752 2273 2826 discimus
2296 2752 2572 2826 quomodo
2601 2753 2666 2826 ad
2694 2752 2862 2824 ipsius
2888 2759 3253 2826 cognitionem
3286 2769 3343 2814 et

1770 2825 1836 2878 ad
1860 2834 2115 2877 aeternam
2138 2822 2395 2888 salutem,
2434 2824 2609 2892 ipsum
2635 2822 3030 2880 honorando'et
3061 2830 3216 2883 bonis
3241 2844 3349 2883 ac-

1773 2894 2006 2965 tionibus
2024 2892 2348 2965 insistendo,
2384 2894 2671 2965 pervenire
2693 2896 2961 2965 possimus
2986 2899 3055 2953 ⁸⁹.

1841 2963 1957 3037 Non
1981 2962 2103 3016 ideo
2134 2972 2313 3037 tamen
2340 2962 2532 3037 Craica
2562 2962 2900 3037 philosophia
2924 2970 3146 3022 omnino
3175 2983 3340 3037 repn-

1770 3033 1967 3088 dianda
2005 3043 2106 3086 est.
2156 3030 2290 3085 Nam
2337 3036 2389 3086 itt
2434 3030 2706 3101 aliquibus
2754 3030 2943 3091 saltem
2997 3040 3112 3094 suis
3162 3030 3349 3093 docti-

1772 3103 1990 3167 utentis,
2022 3104 2278 3174 nimirum
2308 3103 2375 3174 de
2416 3104 2595 3158 divina
2634 3106 2992 3174 providentia,
3034 3110 3103 3163 de
3144 3108 3343 3163 futuris

1776 3174 2073 3247 impiorum
2108 3173 2389 3240 suppliciis
2443 3189 2509 3228 ac
2539 3173 2802 3247 bonorum
2861 3180 3109 3232 mercede
3164 3180 3335 3247 ipsam

1769 3243 1929 3299 docet
1962 3243 2460 3314 veritatetn,rquam
2519 3246 2872 3301 nihilominus
2921 3252 2973 3301 itt
3018 3243 3338 3314 aliis,verbi

1769 3314 1946 3383 gratia
1989 3313 2057 3365 de
2082 3313 2172 3367 Dei
2209 3311 2366 3380 Filio,
2400 3329 2504 3368 non
2550 3318 2749 3385 attigit.
2782 3311 3158 3383 Quamobrem
3186 3334 3342 3372 men-

1770 3387 2099 3456 dacespsunt
2124 3385 2266 3456 apud
2305 3398 2407 3456 nos
2456 3387 2728 3450 ltaaretici;
2760 3389 2957 3456 quippe
2986 3389 3075 3456 qui
3122 3388 3338 3442 etiamsi

1771 3456 1825 3508 in
1887 3454 2065 3507 minus
2108 3453 2398 3525 praecipuis
2430 3464 2633 3509 nostra:
2667 3453 2941 3524 religionis
2973 3453 3337 3525 ditgntatibns,

1771 3527 1837 3579 de
1858 3523 2331 3595 quibusponnihil
2355 3535 2573 3594 prapter
2598 3523 2844 3580 infirmos
2885 3523 3185 3595 aliquorum
3216 3528 3337 3580 auio

1771 3611 1910 3659 tttos,
1957 3593 2023 3645 ad
2070 3592 2225 3645 Pauli
2272 3592 2472 3655 instar,
2508 3596 2707 3650 remitti
2742 3605 2941 3663 potest,
2976 3592 3081 3649 non
3112 3612 3337 3651 errave-

1773 3663 1902 3731 rint,
1939 3663 2255 3731 principalia
2284 3673 2460 3717 tamen
2494 3664 2637 3719 illius
2659 3665 2876 3719 decreta
2895 3682 2958 3719 ac
2985 3664 3341 3720 fundamenta

1770 3733 2350 3806 funditusdestruant.
2401 3734 2597 3789 Sacras
2652 3736 2795 3789 enint
2858 3736 3170 3806 Scripturas
3230 3753 3336 3789 twn

1770 3818 1869 3873 pro
1890 3803 2097 3876 Domini
2128 3803 2409 3876 dignitate,
2447 3806 2541 3859 sed
2570 3816 2760 3860 contra
2794 3807 2937 3876 piam
2968 3803 3341 3875 apostolorum

1773 3874 2117 3946 traditionem
2184 3883 2240 3925 et
2282 3873 2709 3929 ecclesiasticam
2764 3873 3016 3946 regulam
3064 3878 3338 3946 interpre-

1772 3953 1956 3996 tatttnr
1975 3942 2043 3998 ⁶⁰.
2077 3942 2249 3996 l’orro
2278 3953 2456 3997 autem
2484 3954 2718 3999 utverus
2751 3942 2934 4000 earum
2968 3962 3160 4002 sensus
3181 3942 3339 4000 intelo

1771 4013 1993 4089 ligatur,
2022 4027 2244 4089 necesse
2268 4022 2351 4089 est
2374 4029 2478 4089 eas
2490 4018 2820 4089 perscrutari
2838 4033 3035 4089 magna
3057 4020 3332 4089 diligentia

1768 4083 1833 4156 et
1878 4083 2060 4156 labore
2101 4083 2364 4156 improbo.
2436 4084 2568 4137 Nam
2631 4083 2998 4154 parabolicuin
3055 4083 3212 4156 plane
3253 4098 3336 4141 est

1771 4155 1984 4208 illarum
2024 4154 2274 4220 loquendi
2305 4168 2497 4221 genus.
2528 4156 2663 4219 Quid
2722 4168 2900 4209 autem
2945 4158 3018 4210 sit
3059 4154 3332 4225 parabola,

1771 4226 2024 4278 Clemens
2068 4235 2322 4277 accurate
2366 4227 2552 4278 tlelintt
2578 4226 2655 4291 δι,
2684 4237 2737 4280 et
2778 4228 3060 4281 contendit
3110 4229 3176 4280 ad
3213 4242 3333 4281 eam

1770 4305 2101 4366 prchostere
2147 4303 2204 4366 et
2233 4294 2466 4366 absurde
2516 4297 2739 4349 omnino
2784 4297 2853 4349 ab
2901 4298 3171 4366 aliquibus
3205 4298 3334 4351 illud

1771 4365 1984 4437 referri,
2005 4365 2154 4437 quod
2183 4366 2247 4437 de
2266 4364 2465 4437 Cnristi
2496 4366 2868 4421 incarnatione
2910 4364 3070 4437 atqtte
3117 4382 3338 4422 (Econo-

1772 4436 1877 4487 mia
1911 4433 2170 4501 scriptum
2194 4435 2475 4487 habemus.

105 4515 159 4576 et
188 4493 477 4572 suppliciis,
509 4521 574 4560 ac
601 4518 862 4576 perpetuo
891 4522 1077 4561 eorum
1126 4493 1311 4559 dolore
1346 4493 1543 4573 dignus
1574 4506 1666 4558 liat
1698 4493 1743 4547 Ῑ)
1842 4493 2183 4576 Matdlestuttt
2225 4512 2404 4557 tamen
2438 4505 2525 4559 ille
2555 4505 2687 4561 facit
2722 4507 2823 4562 hac
2869 4506 3122 4574 loquendi
3173 4509 3336 4562 ratio-

108 4575 212 4627 illis
233 4575 759 4648 attnmnerari,'quos
788 4576 1292 4648 pr0pterjustitiattt
1334 4576 1664 4644 sempiterna

108 4656 285 4714 tnaﬁuet
314 4646 501 4714 gloria.

178 4713 379 4768 Dehinc
408 4716 658 4770 Clemens
690 4716 908 4784 planum
939 4716 1067 4771 facit
1101 4733 1204 4771 non
1266 4716 1422 4770 ntodo
1450 4713 1663 4769 fidelem

106 4786 306 4847 virum,
358 4788 447 4853 qtti
509 4788 648 4840 male
707 4788 837 4855 agit,
882 4792 976 4841 sed
1000 4791 1165 4841 etiam
1231 4786 1532 4849 ethnicum,
1572 4788 1665 4853 uui

107 4856 265 4907 ﬁdem
305 4871 405 4907 non
437 4856 620 4919 habet,
649 4856 947 4924 iustissime
990 4873 1019 4911 a
1076 4860 1185 4912 Deo
1217 4857 1562 4911 condemnari
1593 4857 1663 4910 ⁸⁵.

110 4924 205 4977 HIC
226 4925 520 4990 enimvero,
545 4939 902 4996 przetcrquam
936 4929 1075 4995 quod
1102 4938 1155 4981 et
1180 4929 1345 4980 Deum
1372 4943 1666 4996 agnoscere

107 5006 161 5067 et
186 4995 236 5045 in
267 5008 382 5067 eum
401 4995 621 5051 credere
651 5000 847 5065 potuit,
873 4998 926 5049 itt
954 5013 1018 5050 eo
1050 5008 1234 5067 peccat
1260 4995 1665 5065 quodactionts

110 5066 254 5118 illius
286 5064 453 5119 bonus
485 5084 589 5120 non
622 5064 693 5119 sit
717 5068 859 5118 linis.
890 5069 989 5133 Qui
1020 5064 1199 5121 autem
1228 5064 1365 5122 bene
1395 5067 1496 5120 sibi
1527 5081 1662 5120 con-

109 5151 153 5187 8(
176 5136 254 5187 ius
299 5147 398 5199 est,
429 5136 518 5190 ille
572 5150 701 5205 erga
753 5137 919 5190 Deum
971 5149 1209 5199 sanctus,
1241 5152 1371 5206 erga
1412 5138 1659 5191 homines

106 5206 303 5273 justus,
351 5206 585 5259 animant
641 5209 797 5260 bonis
850 5207 1301 5274 cogitationibus,
1363 5209 1544 5259 verbis
1608 5221 1664 5262 et

110 5277 358 5342 upertbus
417 5278 680 5329 intentant
737 5292 951 5345 semper
993 5286 1296 5339 consert'at,
1352 5277 1663 5344 nullumque

115 5354 306 5413 praeter
325 5357 601 5413 peccatum
627 5355 680 5400 et
705 5348 1064 5412 ignorantiam
1097 5351 1295 5400 tnalnm
1319 5362 1442 5401 esse
1454 5361 1658 5402 censet.

119 5418 176 5467 In
201 5416 472 5470 dilectione
500 5415 631 5484 ergo
663 5436 681 5468 ι
709 5419 986 5488 gnosticus
1008 5437 1032 5468 θ
1071 5418 1157 5488 ille
1187 5426 1501 5471 constanter
1540 5433 1665 5484 per-

117 5500 382 5548 severans,
406 5498 663 5540 aeternam
698 5486 1018 5555 promeritis
1044 5490 1096 5541 itt
1130 5486 1312 5540 futura
1336 5490 1666 5540 beatitudine

121 5570 436 5609 mansionem
467 5567 847 5627 consequetur.
884 5557 1058 5613 Variae
1108 5557 1372 5625 siquidem
1401 5565 1531 5610 sunt
1562 5558 1667 5611 illte

193 5693 235 5725 ⁸⁸
268 5708 312 5758 p.
337 5694 458 5749 663.
533 5693 580 5724 ⁶⁹
607 5694 799 5763 p.664.
878 5695 922 5726 '°
962 5709 1014 5764 p.
1043 5695 1166 5751 665.
1242 5695 1284 5727 ⁸¹
1306 5712 1359 5764 p.
1386 5696 1508 5762 666,
1529 5699 1649 5757 667.

126 5764 244 5834 κν.
272 5767 380 5819 θη.
454 5764 498 5796 δ’
525 5782 577 5831 p.
601 5769 723 5822 675.
796 5767 844 5798 ⁸⁸
872 5783 928 5836 p.
953 5769 1075 5822 υἷι.
1154 5766 1198 5799 δ’
1225 5784 1278 5834 p.
1305 5769 1429 5823 675.

1726 5705 1771 5736 ⁵³
1798 5703 1964 5772 Apoc.
1994 5715 2063 5758 tv,
2092 5698 2145 5751 4.

1506 5770 1549 5803 ⁶⁰
1607 5790 1660 5829 o.
1693 5773 1815 5831 6'16.

1773 4590 1862 4639 ne,
1892 4571 2053 4643 128
2097 4587 2258 4642 quant
2307 4576 2735 4643 antiquissimam
2781 4593 2900 4630 esse
2924 4571 3333 4645 demonstravit,

1772 4660 1901 4700 usos
1920 4661 2043 4697 esse
2066 4646 2375 4713 prophetas,
2417 4650 2528 4713 qui,
2555 4663 2675 4702 cum
2723 4647 2963 4700 futuruut
3004 4648 3201 4701 Christi
3242 4650 3335 4700 ad-

1772 4727 1992 4768 ventum
2064 4716 2605 4782 prtenuntiavisscnt,
2666 4720 2863 4783 Variis,
2914 4720 3056 4772 sicut
3106 4720 3334 4785 ipsemet

1771 4786 2045 4847 Christus,
2070 4786 2353 4837 tormentis
2380 4789 2627 4853 cruciati,
2656 4803 2719 4842 ac
2740 4797 2915 4841 morte
2943 4789 3105 4841 etiant
3153 4786 3331 4842 atl'ecti

1774 4867 1924 4909 sunt.
1948 4855 2123 4920 Atque
2152 4854 2267 4907 haec
2301 4854 2442 4908 Petri
2484 4855 2874 4911 Prwdicatione
2901 4861 2969 4911 ab
3011 4859 3104 4911 illo
3131 4860 3333 4910 condir-

1774 4935 2009 4977 tnatttur.
2035 4922 2314 4977 Subnectit
2336 4929 2540 4991 peculia
2552 4943 2660 4981 rem
2679 4943 2797 4982 esse
2816 4927 3095 4981 Hebraicae
3112 4930 3331 4994 linguas,

1772 4994 1957 5048 Graeca
1992 4998 2148 5059 longe
2177 4995 2522 5063 antiquioris,
2552 4998 2838 5051 dialectuut
2869 4999 3153 5065 variosque
3185 4998 3332 5053 ttlius

1773 5075 1976 5133 tropos,
2010 5064 2208 5135 quibus
2217 5069 2457 5135 _veritas,
2508 5068 2641 5120 solis
2669 5067 2898 5121 initiatis
2928 5064 3328 5135 patefacienda,

1773 5132 2066 5188 involvitur
2116 5134 2181 5188 ".
2216 5132 2350 5188 Tum
2401 5138 2664 5205 duplicent
2699 5151 2890 5189 rursus
2928 5132 3178 5190 ostendit
3209 5132 3331 5191 esse

1772 5206 2072 5272 Scriptura:
2102 5219 2347 5271 sensum,
2379 5217 2436 5260 et
2492 5208 2729 5274 primum
2765 5207 2979 5273 quidem
3017 5207 3331 5270 Iitteraletu,

1772 5277 1884 5330 sive
1913 5274 2211 5327 secundum
2245 5277 2477 5330 litteram
2506 5277 2775 5338 omnibus,
2820 5278 2865 5330 si
2920 5277 3062 5329 nuda
3100 5278 3337 5331 lectione

1772 5348 2098 5414 accipiatur,
2116 5347 2326 5399 clarum
2345 5358 2399 5399 et
2416 5351 2790 5416 perspicuum;
2825 5346 3174 5415 allegoricunt
3205 5363 3334 5402 vero

1773 5418 2029 5478 alterum,
2061 5432 2220 5482 quem
2269 5414 2487 5469 inventu
2539 5431 2660 5469 esse
2691 5414 2959 5470 diﬂiciletn
2998 5423 3339 5472 demonstrat

1774 5503 1897 5541 cum
1937 5485 2146 5540 Henna:
2200 5496 2256 5538 et
2284 5488 2441 5540 lsaia:
2478 5486 2813 5551 testimonio,
2850 5496 2964 5542 tum
2989 5501 3056 5539 ex
3085 5504 3150 5543 eo
3193 5488 3353 5555 quod.

1773 5558 1936 5612 .losue
1963 5569 2019 5611 et
2042 5558 2203 5612 Caleb
2220 5555 2439 5626 Moysen
2468 5576 2492 5608 ί
2519 5572 2640 5610 cum
2655 5568 3045 5611 assumeretur»
3068 5560 3343 5630 duplicent

2224 5696 2267 5727 ⁸³
2286 5712 2341 5771 p.
2367 5695 2493 5753 668.
2515 5765 2543 5771 _
2566 5694 2615 5771 _“
2639 5712 2689 5765 p.
2721 5695 2843 5762 669,
2874 5694 2977 5749 670
3056 5698 3102 5728 ⁸⁵
3132 5717 3193 5771 υ,
3234 5693 3360 5744 bii.

1894 5773 1932 5801 ⁶¹
1967 5788 2013 5837 p.
2079 5769 2219 5824 (377..
2283 5767 2324 5795 ⁵⁸
2376 5785 2434 5836 μ.
2479 5765 2602 5823 678.
