3948 6314
140 294 347 352 1045

1422 293 1514 351 ne
1543 292 1767 351 LIBRIS
1800 278 2248 354 STROMATUM.

3298 300 3449 358 θοις

144 424 323 463 men
362 408 1031 485 se,_tamet_si_Scriptur:e
1066 410 1432 485 saerayverba
1459 410 1515 466 in
1543 411 1776 485 medium
1810 414 1855 471 Α
1883 426 2073 485 verum
2107 413 2273 467 Deum
2312 426 2420 467 non
2450 412 2840 485 agnoscunt“.
2864 413 3040 485 Atque
3066 428 3130 467 ex
3165 413 3228 470 iis
3261 418 3437 470 omni.

144 496 305 534 non
344 479 629 549 proferat,
654 482 801 536 illius
823 479 1000 537 tamen
1028 481 1330 539 sententias
1353 490 1683 536 sectaturum
1706 482 1772 536 ⁷³.

255 550 461 605 Suum
501 551 693 607 deinde
720 562 1093 618 argumentum
1132 552 1222 608 ille
1272 566 1577 620 aggressus,
1601 551 1775 619 dupli-

148 637 322 676 cem
394 620 680 691 distinguit
739 622 961 675 cultum.
1017 620 1258 679 Primum
1310 621 1575 689 siquidem
1631 623 1777 676 circa

152 691 487 755 homines,
516 694 782 748 secundus
804 692 950 746 circa
979 692 1146 746 Deum
1172 701 1445 746 versatur.
1472 692 1537 744 At
1572 710 1590 742 ι
1645 706 1781 759 gno—

154 762 439 825 sticum,
483 781 503 815 ι
547 762 993 832 quemadmodum
1028 762 1273 832 angelos,
1304 761 1356 814 in
1385 771 1616 829 utroque
1651 777 1779 832 vere.

156 832 358 897 pium
384 842 437 886 et
464 829 772 902 religiosum
803 846 922 885 esse
946 831 1283 902 planissime”
1304 833 1554 902 ostendit.
1580 849 1599 881 ¢
1637 829 1781 886 Gno-

165 902 439 955 sticusr
500 899 700 971 itaque,
745 916 836 956 seu
889 899 1051 957 verus
1105 900 1196 956 ille
1228 899 1594 971 Christianus,
1638 903 1779 968 apud

161 983 461 1038 paganos
500 973 771 1027 immerito
798 972 989 1026 atbens
1045 981 1100 1026 et
1128 970 1346 1037 impius,
1380 971 1562 1031 audit,
1595 980 1781 1039 utpote

164 1040 291 1106 qui
335 1057 656 1109 persuasum
690 1043 879 1095 habeat
904 1042 1484 1109 omnipotentemﬂesse
1514 1042 1702 1102 Deum,
1726 1052 1782 1096 et

165 1108 395 1165 divina
451 1114 705 1183 mysteria
740 1112 809 1183 ab
844 1112 1150 1183 unigenitq
1177 1110 1293 1183 ejus
1318 1108 1471 1183 Filio
1507 1111 1777 1176 didicerit,

168 1196 304 1251 nec
347 1181 575 1249 lignum,
611 1191 703 1236 aut
728 1182 999 1251 spirituum,
1051 1188 1107 1233 et
1137 1181 1413 1251 hominem
1460 1181 1513 1233 in
1554 1184 1778 1235 deorum

164 1249 416 1304 referat
438 1267 739 1314 numerum,
760 1249 859 1304 nec
883 1251 1084 1320 aliquid
1108 1264 1342 1317 unquam
1366 1250 1565 1317 injuste
1597 1251 1775 1306 faciat.

170 1320 319 1376 Res
364 1333 500 1392 ergo
523 1359 538 1381 ,
576 1324 652 1378 ait
679 1320 950 1384 Clemens,
977 1320 1427 1392 priestantissima
1447 1331 1528 1375 est
1549 1321 1601 1374 in
1622 1324 1780 1376 terris

167 1395 279 1444 vir
318 1391 450 1459 ille,
471 1408 679 1448 summa
706 1392 760 1446 in
797 1392 963 1445 Deum
1004 1393 1206 1457 pietate
1233 1391 1509 1455 prmilitus,
1540 1392 1592 1445 in
1629 1392 1780 1447 coelis

165 1471 394 1515 autem
422 1462 680 1531 angelus;
702 1464 793 1517 sed
817 1461 1056 1515 omnium
1090 1460 1776 1531 longe‘excellenlissimum

167 1542 243 1584 et
276 1528 746 1599 perfectissimum
775 1545 900 1585 esse
950 1528 1455 1586 constat'Verbum
1490 1540 1545 1585 et
1581 1531 1775 1586 Filium

176 1600 327 1663 Dei,
358 1604 452 1672 qui
479 1604 766 1658 humanam
794 1615 1015 1673 carnem
1040 1601 1355 1673 assumpsit,
1390 1603 1480 1673 qui
1506 1602 1780 1673 mysteriis

172 1670 519 1737 gnosticum
573 1674 784 1739 imbuit,
833 1671 923 1741 qui
980 1670 1191 1725 ﬁdelem
1251 1670 1420 1725 Iactat
1466 1670 1605 1727 bona
1659 1688 1775 1741 spe,

1884 483 1985 536 bus
2040 491 2233 537 auctor
2287 482 2846 538 noster’coucluditr
2898 482 3197 552 giiosticnm
3233 504 3251 537 ι
3310 502 3438 541 vere
3494 506 3497 509 λ

1883 553 2029 619 pium
2064 561 2118 607 et
2147 552 2455 624 religiosum
2483 566 2636 615 esse;
2662 554 2860 624 quippe
2888 555 2979 621 qui
3011 555 3077 608 de
3115 569 3211 608 sua
3250 560 3437 624 proxi-

1882 637 2203 691 morumque
2229 622 2403 676 salute
2437 624 2504 676 sit
2535 622 2755 677 omnino
2790 622 3071 691 Sollicitus,
3102 640 3163 678 ac
3194 622 3437 681 materia:

1879 690 2333 762 imbecillitatem,
2359 701 2453 746 aut
2485 691 2701 746 fatalem
2744 694 3031 762 quamdam
3060 690 3437 750 necessitatem

1881 775 1988 832 non
2016 775 2135 815 esse
2166 760 2428 815 malorum
2456 768 2670 816 causam
2694 760 3008 832 persuasus,
3044 764 3241 823 Deique
3262 765 3438 822 factus

1880 830 2142 902 imitator,
2161 846 2348 886 omnes
2365 832 2610 899 provirili
2629 830 2783 900 parte
2804 848 2897 885 sua
2925 833 3203 887 beneﬁciis
3226 844 3438 902 augeat.

1881 900 1938 972 Si
1970 916 2096 972 vero
2122 902 2495 970 magistratum
2531 902 2643 971 ipse
2676 912 2846 972 gerat,
2881 904 3070 969 bonos,
3091 900 3444 969 quemadmo-

1880 971 2006 1042 dum
2043 970 2273 1042 Moyses,
2301 973 2525 1036 honore,
2556 970 2730 1042 pretiis
2787 973 3059 1042 improbos
3087 973 3247 1029 allicit
3279 975 3346 1028 ⁸³.
3383 978 3437 1030 In

1881 1040 2026 1093 illius
2073 1040 2234 1110 porro
2263 1043 2439 1095 anima
2471 1042 2611 1095 Deus
2639 1041 2796 1096 Pater
2826 1054 2879 1096 et
2920 1041 3154 1097 Verbum
3188 1055 3440 1099 accurata

1881 1111 2184 1183 divinarum
2237 1111 2413 1183 legum
2472 1111 2869 1183 observatione
2901 1113 3231 1183 collocatur,
3279 1126 3443 1183 atque

1881 1180 1978 1245 ipsi
2019 1182 2277 1249 impressa
2312 1182 2379 1235 ab
2408 1182 2593 1235 eodem
2630 1180 2806 1236 Verbo
2846 1182 2937 1236 Dei
2984 1181 3222 1251 perfecta
3257 1184 3323 1237 ad
3356 1180 3451 1237 sui

1879 1250 2290 1321 similitudinem
2323 1251 2778 1319 contemplatione
2819 1252 2898 1317 ﬁt,
2932 1250 3195 1321 quantum
3230 1255 3452 1309 homini-

1878 1318 2094 1390 fasiest,
2124 1320 2279 1390 tertia
2317 1320 2499 1374 divina
2529 1318 2724 1390 imago.

1950 1389 2099 1446 Tunc
2128 1389 2312 1459 itaque
2333 1391 2486 1444 ﬁrma
2509 1401 2563 1445 et
2591 1389 2770 1446 stabili
2797 1390 2993 1446 divina:
3018 1393 3258 1447 scientia:
3294 1409 3452 1448 coms

1864 1462 2238 1533 prehensione
2269 1479 2290 1512 ς
2327 1463 2656 1533 gnosticus_r
2690 1462 2790 1516 sibi
2825 1462 3051 1533 suisque
3094 1464 3343 1531 imperat,
3387 1475 3455 1518 et-

1880 1531 1947 1584 ad
1998 1531 2280 1585 veritatem
2335 1532 2566 1586 accedit.
2607 1530 2886 1598 Quomodo
2918 1530 3096 1587 autem
3130 1530 3229 1588 hac
3257 1535 3442 1589 divina

1878 1601 2103 1656 scientia
2134 1601 2226 1655 ille
2251 1600 2304 1654 in
2333 1602 2494 1655 rebus
2516 1616 2635 1654 cum
2663 1602 2882 1666 divinis,
2922 1612 3032 1656 tum
3056 1605 3303 1657 humanis
3319 1618 3453 1658 vero

1879 1679 2048 1734 setur,
2088 1681 2143 1724 et
2174 1670 2442 1740 quomodo
2474 1680 2704 1740 quatuor
2744 1673 3129 1735 cardinalibus,
3159 1674 3233 1726 uti
3267 1676 3435 1738 aiunt,

174 1745 507 1815 quiAcorde
534 1744 727 1798 durum
754 1742 1008 1815 castigat,
1036 1742 1127 1810 qui
1155 1756 1183 1815 a_
1207 1741 1486 1811 prophetis
1520 1743 1776 1815 Dominus
1808 1761 1849 1815 Β
1877 1742 2287 1815 virtutibus‘det
2317 1753 2560 1815 operam,
2614 1742 2886 1815 sigill_ati_m
2911 1742 3162 1797 Clemens
3184 1743 3449 1815 explicat.

174 1811 559 1884 et_Servator
588 1814 998 1884 praenuntiatus,
1026 1813 1312 1884 neminem
1349 1812 1610 1884 cogendo,
1654 1830 1776 1870 om-

183 1881 376 1954 nibus
418 1894 478 1940 ut
529 1881 667 1939 bona
693 1884 897 1954 eligant
939 1892 994 1936 et
1025 1881 1280 1954 impleant
1307 1883 1631 1954 persuadet,
1683 1888 1775 1954 qui

182 1952 529 2019 angelorum
561 1970 724 2023 opera
788 1953 1008 2009 Graecos
1055 1952 1391 2022 philosophia
1441 1952 1775 2020 informavit,

188 2023 319 2097 qui
354 2025 599 2079 omnium
646 2024 784 2097 gerit
814 2038 1022 2097 curaui,
1080 2033 1140 2097 et
1169 2039 1265 2097 pro
1295 2024 1553 2097 cujusque
1582 2029 1775 2097 ἐπιτη-

184 2089 486 2167 δειότητος
517 2089 773 2167 beneﬁcia
834 2109 934 2167 sua
970 2089 1195 2159 Graecis,
1254 2089 1503 2150 barbaris
1533 2106 1591 2152 et
1639 2089 1777 2167 prae-

192 2164 499 2235 destinatis
523 2164 829 2235 impertitur
859 2164 925 2217 ’⁸.

316 2232 414 2289 Ille
467 2232 629 2303 porro
658 2249 845 2290 omnes
890 2250 954 2290 ex
1000 2248 1153 2301 atquo
1184 2233 1419 2295 vocavit.
1451 2237 1546 2292 sed
1576 2239 1776 2296 eximie

192 2305 801 2377 credentibuseximios
829 2305 1016 2377 tribuit
1036 2306 1292 2377 honores.
1313 2304 1405 2359 Ille
1428 2317 1507 2361 est
1537 2320 1775 2377 paterna:

193 2372 510 2448 voluntatis
540 2377 807 2448 minister,
836 2375 1086 2448 qui,cuin
1119 2392 1149 2448 a
1180 2372 1609 2448 nullouuquaiu,
1638 2395 1775 2448 quo-

199 2443 396 2519 minus
431 2447 630 2519 aliquid
662 2446 845 2519 faciat,
871 2446 1159 2519 prohiberi
1190 2447 1387 2519 possit.
1416 2449 1534 2519 ipse
1562 2443 1775 2519 quoque

198 2513 275 2565 ad
301 2513 734 2581 impatib‘ilitatis,
764 2514 1047 2579 ἀπαθείας,
1076 2513 1315 2570 habitum
1353 2513 1622 2572 hominem
1651 2513 1776 2574 eru-

201 2582 351 2637 divit
379 2585 446 2641 ”.
479 2587 614 2652 Quid
645 2586 837 2656 plura?
891 2586 982 2640 Ille
1014 2598 1097 2642 est
1129 2585 1388 2642 Servatur
1436 2591 1769 2645 credentium

202 2660 264 2725 et
296 2670 405 2708 non
436 2658 767 2712 credentium
794 2656 1072 2721 Dominus,
1097 2659 1545 2725 atqneueminem
1573 2660 1774 2717 idcirco

204 2721 486 2799 hominem
531 2728 655 2780 odio
703 2729 886 2799 habet,
915 2728 1010 2782 sed
1048 2721 1229 2781 omnia
1282 2730 1524 2799 respicit,
1565 2732 1771 2787 nullum

204 2791 483 2863 relinquit,
510 2798 749 2851 omnium
775 2791 1036 2852 bonorum
1068 2813 1250 2863 causa,
1291 2791 1498 2867 primus
1530 2811 1770 2857 motuum

206 2873 402 2918 auctor
426 2881 486 2919 ac
510 2868 702 2923 virtus.
735 2866 826 2922 Ille
857 2869 996 2921 idem
1021 2868 1134 2936 ipse
1157 2877 1263 2934 est,
1288 2866 1377 2936 Qui
1411 2884 1533 2922 cum
1555 2882 1584 2922 a
1622 2872 1769 2927 nullo

209 2937 595 3002 comprehendi
630 2946 847 3014 posset,_
866 2937 1150 3014 humanam
1187 2954 1407 2991 carnem
1441 2938 1633 3006 induit,
1652 2958 1770 3014 qua

209 3017 651 3078 unumquemque
684 3009 880 3063 divinis
907 3023 1063 3077 posse
1097 3008 1471 3078 obtemperare
1507 3008 1789 3070 mandatis-

210 3078 441 3129 ostendit
469 3076 535 3131 ⁸¹.
563 3076 760 3149 Omnia
786 3076 948 3146 porro
988 3076 1295 3149 gubernat,
1316 3080 1555 3149 singulos
1596 3082 1647 3135 in
1674 3098 1771 3139 suo

211 3158 430 3223 quoque
457 3148 648 3223 ordine
678 3149 756 3203 sic
785 3148 1044 3223 collocat,
1086 3148 1478 3223 utuinferiores
1509 3151 1574 3203 ad
1607 3169 1770 3223 supe—

212 3213 410 3289 riores,
458 3219 669 3289 sibique
696 3220 1012 3289 praepositos
1042 3219 1223 3273 taudin
1258 3220 1573 3289 respiciant,
1601 3213 1774 3289 quan-

212 3283 304 3336 diu
338 3287 403 3339 ad
462 3283 770 3359 supremum
807 3283 1122 3357 pontiﬁcem
1155 3283 1516 3358 pervenerint.
1547 3283 1648 3359 Qui
1677 3311 1770 3348 an-

214 3363 322 3429 tem
361 3373 425 3411 ex
465 3358 777 3413 inﬁrmitate
798 3360 849 3413 in
879 3360 1079 3413 malum
1113 3360 1353 3413 habitum
1383 3358 1693 3429 inciderint,
1717 3366 1770 3419 hi

212 3423 406 3498 animai
456 3429 951 3498 perturbationibus
1014 3430 1238 3498 agitati,
1298 3432 1445 3485 humi
1491 3423 1769 3489 decidunt.

216 3491 408 3569 Anima
438 3491 616 3553 autem
637 3499 768 3569 justi
801 3499 1031 3569 hominis
1050 3491 1347 3567 spontanea
1380 3501 1551 3569 legum
1585 3506 1774 3559 obser-

218 3565 435 3642 yatione
467 3565 682 3637 semper
713 3572 795 3642 ﬁt
829 3568 1039 3642 melior.
1075 3565 1131 3642 et
1161 3572 1335 3642 variis
1371 3565 1675 3640 in‘pietate
1718 3587 1770 3630 et

213 3637 416 3711 iustitia
455 3641 829 3708 progressibus
869 3642 935 3693 ad
972 3638 1239 3704 ἀπαθείας
1296 3637 1539 3696 habitum
1594 3645 1769 3711 venit,

218 3704 384 3780 donec
406 3704 660 3780 aeterni—am
688 3711 1057 3765 hmreditatem
1094 3712 1423 3780 adipiscatur
1456 3712 1521 3764 θ’.

322 3776 460 3834 Deus
506 3779 685 3853 itaque
716 3780 1008 3853 quemlibet
1042 3782 1107 3834 ad
1147 3776 1229 3835 sui
1265 3782 1771 3853 contemplationem

221 3841 504 3926 f‘clt'ooans,
532 3841 615 3903 bis
646 3841 886 3926 quiante
906 3850 1074 3926 iegem
1112 3864 1269 3926 erant
1290 3841 1553 3922 praecepta
1575 3856 1733 3926 dedit
1755 3897 1770 3919 ,

221 3913 417 3990 βαρεῖς
449 3920 581 3972 Vero
625 3913 1044 3988 philosophiam,
1078 3920 1270 3990 quibus
1290 3913 1488 3977 'omnes
1521 3925 1586 3978 ad
1613 3913 1772 3979 ﬁdem

221 3980 288 4063 ita
305 3990 580 4063 pervenire
594 3980 902 4063 potuerunt,
922 3998 983 4063 ut
1003 3980 1180 4044 nullus
1198 3993 1263 4045 de
1285 3992 1428 4063 illius
1447 3995 1772 4063 privatione,

217 4052 284 4130 ile
307 4056 425 4109 boni
461 4058 553 4130 Dei
587 4052 910 4127 ignorantia,
954 4060 1021 4114 de
1052 4075 1148 4115 suo
1179 4076 1277 4130 pro
1310 4052 1521 4118 virib'us
1561 4065 1615 4118 in
1657 4052 1773 4119 vir-'-

223 4129 329 4203 tute
358 4141 461 4181 non
494 4128 634 4203 facto
663 4145 971 4203 progressu,
995 4146 1059 4203 ac
1084 4132 1149 4184 de
1181 4128 1406 4203 minime
1426 4141 1544 4187 acta
1579 4149 1770 4203 pecca-

222 4201 760 4271 torumupmnitcutia
803 4202 1051 4255 excusari
1103 4210 1284 4270 queat.
1319 4201 1606 4258 Gnosticus
1648 4219 1774 4258 vero

220 4260 351 4342 alios
378 4260 573 4342 divina
599 4271 1059 4342 contemplatione
1106 4260 1391 4342 superans,
1452 4274 1769 4342 inexplebili

220 4339 275 4412 e_t
307 4345 514 4412 aeterna
551 4339 812 4393 felicitate
868 4342 1157 4395 donabitur
1178 4341 1244 4395 ⁸³.
1304 4411 1308 4412 ί
1347 4343 1555 4408 Quibus
1583 4339 1769 4398 autem

220 4409 477 4481 virtutum
502 4409 878 4479 bonorumque
928 4424 1151 4479 operum
1184 4411 1438 4481 gradibus
1489 4415 1553 4475 ad
1594 4414 1775 4481 perfe—

220 4481 355 4552 ctam
389 4476 502 4541 Dei,
546 4481 727 4552 quoad
783 4476 912 4552 fieri
948 4476 1145 4549 potest,
1174 4476 1621 4539 assimilatiouctii
1665 4497 1772 4539 tam

222 4550 329 4622 ipse
346 4550 640 4616 pervenire,
701 4565 823 4603 nam
850 4551 982 4605 alios
1001 4553 1296 4618 perducere
1316 4555 1504 4621 possit,
1522 4553 1777 4612 Clemens

222 4610 415 4674 ΙΙ(ιυὶάο
442 4621 636 4674 aberit.
661 4564 788 4674 (llas
826 4631 1005 4674 autem
1041 4622 1266 4674 virtutes
1295 4638 1413 4674 esse
1441 4627 1597 4674 ducet
1626 4641 1777 4674 Illan-

220 4610 415 4680 liquido
442 4610 639 4688 aperit.
678 4610 788 4675 Ilas
826 4610 1015 4675 autem'
1041 4622 1266 4677 virtutes
1295 4610 1413 4677 esse
1441 4610 1597 4678 ducet
1626 4610 1779 4678 man;

219 4688 547 4764 suetudinem
587 4698 641 4744 et
672 4691 1085 4764 humanitatem,
1126 4693 1436 4764 ἡμερότητα
1465 4697 1558 4750 καὶ
1593 4693 1777 4764 φιλαν-

223 4751 485 4826 θρωπίαν,
537 4775 632 4815 cor
687 4778 715 4815 a
766 4761 1016 4829 superbia
1074 4751 1179 4817 vet"
1205 4751 1367 4819 l'astu'
1393 4751 1658 4829 alienum,
1709 4782 1774 4822 ac

221 4837 477 4906 Summum
528 4830 1057 4906 perﬁictuuiquciDei
1088 4832 1313 4906 cultum,
1346 4850 1506 4904 quem
1554 4846 1767 4906 gratum

222 4905 597 4968 aoeeptumque
634 4902 745 4956 Deo
784 4903 1109 4956 sacriﬁciqu
1145 4913 1200 4958 et
1232 4902 1603 4960 holocaustum
1648 4920 1769 4961 esse

222 4962 452 5046 allii-mai.
482 4962 612 5025 Eam
637 4972 840 5046 etenim
861 4973 941 5046 iob
977 4988 1197 5027 causam
1224 4974 1573 5046 Evangelium
1604 4986 1768 5046 atque

221 5034 519 5111 Apostolus,
538 5043 705 5095 veteri
730 5040 946 5111 homine
978 5058 1100 5096 cum
1123 5034 1510 5111 cupiditatibus
1532 5054 1586 5100 et
1603 5034 1767 5102 animi

223 5107 699 5186 perturbationibus
718 5110 1029 5175 interfecto,
1049 5107 1246 5186 novum
1279 5117 1557 5182 suscitari,
1575 5133 1767 5186 qucm-

225 5174 491 5255 admodum
540 5181 624 5235 lex
673 5174 1023 5250 peccatorem
1053 5184 1120 5239 de
1164 5185 1342 5240 medio
1396 5174 1767 5255 tolli,'p'ra:ce-

227 5257 417 5325 perunt.
452 5249 707 5325 Eamdein
737 5267 951 5325 quoque
979 5255 1048 5307 ob
1078 5271 1301 5325 causam
1328 5254 1458 5318 Deo,
1493 5249 1582 5325 qui
1615 5260 1778 5316 nulla.

226 5329 280 5369 re
304 5318 511 5393 indiget,
546 5318 767 5393 nullum
793 5318 932 5375 sicut
959 5325 1150 5393 pagani
1191 5339 1245 5379 et
1276 5324 1442 5380 ,Ιιιώῐξί
1483 5318 1762 5381 donarium

228 5397 309 5438 aut
337 5389 653 5467 sacriﬁcium
675 5432 691 5456 ,
730 5462 739 5467 ἡ
767 5392 893 5467 nisi
917 5389 1279 5467 nosmetipsos
1315 5395 1614 5453 oderimus.
1660 5399 1763 5467 Qui

228 5467 380 5533 autem
412 5460 541 5533 haec
576 5477 682 5533 non
728 5462 1069 5533 intelligunt,
1113 5460 1271 5518 iiiaut
1313 5467 1476 5519 Deum
1506 5484 1645 5530 esse,
1671 5460 1763 5522 aut

232 5526 356 5581 illum
400 5530 579 5584 omnia
622 5531 820 5587 intueri
878 5526 1101 5602 negant,
1151 5544 1245 5588 aut
1290 5537 1503 5590 tandem
1533 5526 1656 5592 eum
1708 5549 1765 5594 ut

232 5751 256 5789 ⁸
306 5688 731 5772 "9.700.701.
831 5694 1103 5765 "p.7ll’2.
1207 5697 1490 5805 "p.705.

257 5757 332 5805 'n-
367 5758 474 5805 :09.
550 5762 592 5794 ετ
625 5781 675 5805 ιι,
740 5765 842 5805 7m
942 5768 1050 5805 κο..
1104 5768 1195 5805 τη
1325 5774 1345 5805 9
1378 5789 1407 5805 ..
1458 5772 1488 5805 η

291 5758 475 5829 p.709.
550 5762 677 5837 ετρ.
740 5765 861 5821 710.
908 5758 1068 5838 'up.
1104 5768 1224 5828 m.
1281 5758 1345 5805 ἰο

1596 5701 1655 5736 ⁸ία
1679 5720 1741 5759 ti.
1767 5704 1890 5759 70L.
1988 5705 2031 5737 ⁸³

1377 5721 1490 5755 tuo.
1596 5721 1655 5736 πο
1679 5721 1741 5773 ps
1776 5721 1890 5759 tuo.
1988 5721 2030 5737 °'
2062 5721 2116 5775 ι).
2156 5721 2270 5756 tuo.
2372 5721 2419 5732 ···’

1377 5789 1429 5842 p.
1458 5772 1576 5832 712.
1650 5776 1695 5809 ⁹⁰
1721 5792 1777 5846 p.
1816 5776 1935 5833 715.
2011 5779 2054 5810 ⁹¹
2084 5794 2137 5850 p.
2165 5775 2287 5842 71.1,
2316 5773 2440 5837 7.15.

1880 1811 2083 1882 Quibus
2113 1812 2383 1882 subnectit
2412 1825 2536 1865 eum
2574 1826 2695 1867 esse
2745 1810 2840 1882 Dei
2868 1828 3106 1877 servum,
3137 1814 3229 1881 qui
3249 1810 3442 1882 sponte

1881 1896 1975 1935 sua
2012 1881 2209 1935 divinis
2254 1882 2535 1951 praeceptis
2566 1897 2625 1936 se
2653 1881 2867 1951 subjicit
2915 1882 2993 1936 ἐς
3028 1886 3121 1951 qui
3162 1881 3290 1939 vero
3332 1897 3441 1939 non

1872 1951 1987 2024 ,ἱξηῐι
2030 1961 2249 2024 propter
2298 1961 2613 2024 praecepta,
2642 1956 2735 2007 sed
2778 1952 2946 2024 ipsam
2994 1964 3210 2024 propter
3249 1955 3475 2024 cogui--

1881 2019 2103 2085 tionem,
2135 2019 2356 2090 γνῶσιν,
2388 2019 2554 2076 corde
2584 2032 2670 2076 est
2704 2019 2964 2087 mundus,
2996 2019 3155 2077 hunc
3180 2038 3301 2078 esse
3318 2019 3438 2079 'Dei

1877 2093 2133 2147 amicum.
2171 2092 2356 2146 Virtus
2388 2093 2531 2145 enim
2574 2108 2604 2145 a
2637 2092 2870 2156 nemine,
2908 2094 3008 2146 nisi
3043 2108 3168 2148 vera
3199 2095 3459 2155 omnium»

1875 2163 2041 2215 animi
2060 2163 2526 2231 perturbationum
2550 2162 2774 2217 victoria
2800 2166 3119 2231 acquiritur.
3139 2164 3240 2231 Qui
3256 2177 3437 2218 autem
3468 2206 3472 2213 .

1877 2232 1931 2285 in
1960 2247 2025 2286 eo
2073 2232 2394 2302 certamine;
2437 2243 2693 2302 tanquam
2748 2232 2902 2287 fortis
2955 2234 3192 2301 athleta.
3229 2249 3437 2288 morem

1876 2302 2233 2405 pmnipoienti
2258 2301 2370 2405 Deol
2380 2301 2728 2384 .agonOtbetze
2743 2304 2982 2405 gerendo
3002 2305 3216 2368 vicerit,
3232 2305 3299 2359 ab
3323 2307 3473 2377 ipso.

1894 2387 2058 2405 “IIIIa-'1
2098 2382 2348 2405 Immnrln
2379 2389 2390 2405 ι
2427 2383 2721 2405 nnc-nun!“-

1876 2370 2060 2425 laurea
2098 2371 2391 2426 immortali
2427 2370 2721 2428 coronatur
2743 2370 2811 2427 ⁸⁷.

1947 2440 2116 2513 Porro
2140 2451 2321 2513 autem
2352 2444 2403 2495 in
2445 2443 2730 2509 cujuslibet
2761 2451 3025 2512 potestate
3050 2442 3209 2499 situm
3247 2456 3329 2500 est
3357 2448 3432 2513 id,

1875 2512 1921 2567 si
1950 2511 2196 2578 voluerit,
2227 2513 2505 2583 consequi.
2537 2514 2628 2567 llle
2656 2511 2783 2568 vero
2812 2516 2901 2582 qui
2938 2515 3187 2569 mandata
3216 2516 3307 2571 Dei
3342 2511 3439 2572 ob-

1876 2584 2211 2655 servaverit,
2272 2583 2444 2655 ﬁdelis
2495 2584 2605 2655 liet.
2658 2583 2759 2649 Qui
2797 2584 3010 2655 tandem
3074 2600 3174 2654 pro
3219 2598 3441 2655 accepto

1876 2650 2164 2723 beneﬁcio,
2192 2654 2369 2723 quoad
2394 2654 2610 2723 poterit,
2630 2656 2832 2723 gratias
2860 2654 2960 2722 ipsi
2994 2650 3189 2722 egerit,
3221 2656 3268 2710 is
3289 2650 3439 2712 certe

1870 2723 1982 2793 jam
1995 2722 2315 2796 amicusDei
2332 2733 2436 2780 est.
2463 2726 2530 2777 At
2550 2722 2797 2779 Clemens
2816 2724 2884 2779 ibi
2906 2734 3086 2777 monet
3109 2728 3436 2796 praecipuam

1910 2793 2165 2846 ratiarum
2184 2795 2449 2847 actionem
2473 2808 2591 2847 esse
2609 2809 2670 2849 ea
2703 2796 2882 2848 facere
2924 2809 3043 2862 qua:
3063 2793 3435 2863 optima'sunt.

1910 2808 2165 2846 ratiarum
2184 2808 2449 2847 actionem
2473 2808 2591 2847 esse
2609 2809 2670 2849 ea
2703 2808 2882 2848 Iacere
2924 2809 3043 2862 qua:
3063 2808 3264 2863 optima
3288 2809 3435 2853 sunt.

1872 2808 2012 2935 iusti
2048 2863 2212 2928 igitur
2235 2863 2336 2935 viri
2362 2865 2603 2935 actiones
2620 2879 2740 2917 cum
2780 2863 2921 2918 Deus
2945 2874 3129 2930 gratas
3158 2875 3440 2935 acceptas-

1874 2949 1981 3008 que
1999 2933 2213 3008 liabe‘ai,
2237 2933 2289 2986 bi
2314 2933 2497 3008 procul
2525 2935 2707 2998 dubio,
2727 2935 2820 3003 qui
2849 2936 3104 3008 adversus
3127 2933 3439 3008 ipsimetei-

1875 3000 2160 3073 deiu130
2173 3003 2278 3056 Deo
2294 3005 2575 3058 credentes
2589 3000 2870 3073 grassantu
2880 3021 2924 3070 r,
2946 3003 3093 3057 illum
3110 3000 3440 3063 contumelia
3451 3046 3463 3063 ν

1875 3076 2179 3144 probroque
2210 3073 2466 3144 aﬁiciunt.
2495 3073 2559 3128 Et
2591 3089 2716 3128 vero
2755 3078 3007 3144 quamvis
3033 3074 3270 3129 Verbum
3294 3078 3438 3133 divi--

1880 3136 2005 3217 imm
2029 3136 2422 3217 midequaque,‘
2441 3145 2587 3199 sicut
2631 3144 2730 3217 sol,
2774 3136 3025 3198 ltill'usum
3056 3147 3238 3217 omnia
3268 3151 3441 3217 respi-

1879 3215 1984 3269 ciat
2008 3253 2023 3276 ,
2076 3213 2247 3268 Graéci
2282 3225 2481 3285 tamen
2510 3217 2639 3269 deos
2667 3213 2873 3285 ﬁngunt
2909 3216 3151 3284 corporis
3184 3213 3369 3272 forma
3383 3230 3460 3275 et.

1873 3285 2054 3337 animo
2093 3285 2195 3337 sibi
2248 3284 2534 3340 similes”.
2581 3289 2650 3338 At
2688 3301 2709 3335 ι
2754 3284 3045 3353 ειιοειίουε
3072 3303 3091 3336 ι
3130 3287 3197 3341 ab
3244 3303 3433 3342 eorum

1871 3353 2148 3409 erroribus
2194 3356 2349 3426 plane
2395 3357 2623 3421 alienus,
2673 3371 2858 3410 verum
2901 3356 3067 3410 Deum
3098 3357 3227 3411 colit
3255 3368 3308 3412 et
3340 3361 3457 3413 bo-~

1873 3433 2048 3479 norat.

1942 3496 2200 3562 Quamvis
2230 3511 2393 3566 porro
2424 3496 2489 3551 de
2537 3495 2668 3549 falsa
2702 3495 3016 3552 Graecorum
3061 3495 3322 3565 religione
3380 3499 3436 3551 in

1873 3562 2201 3633 Protreptico
2230 3562 2376 3620 satis
2404 3582 2463 3620 se
2489 3570 2795 3635 disputasse
2824 3568 3073 3620 Clemens
3115 3562 3384 3635 signiﬁcet
3412 3611 3428 3633 ,

1874 3645 2243 3706 verumtamen
2276 3650 2331 3691 ut
2361 3638 2572 3705 planius
2601 3638 2778 3691 adhuc
2809 3638 2973 3691 faciat
3006 3645 3206 3706 quanta
3242 3639 3312 3690 sit
3339 3652 3435 3691 eo-

1876 3720 1991 3776 rum
2022 3705 2289 3773 impietas.
2323 3722 2391 3761 ex
2428 3708 2607 3760 multis
2638 3722 2805 3776 pauca
2837 3707 3036 3775 seligit,
3071 3707 3270 3775 quibus
3301 3708 3435 3761 deos

1874 3775 2179 3829 hominibus
2229 3778 2435 3831 similes
2460 3816 2475 3842 ,
2512 3778 2618 3830 imo
2641 3775 2701 3830 et
2731 3778 3031 3832 deteriores
3071 3778 3140 3829 ab
3192 3777 3258 3829 iis
3305 3779 3433 3846 litigi

1876 3846 2045 3916 magis
2076 3845 2353 3915 magisque
2381 3848 2801 3901 demonstretur.
2844 3847 3191 3916 [inpudenter
3224 3849 3431 3901 'etcnim

1874 3914 2046 3970 Graeci
2075 3915 2146 3985 illi
2174 3914 2189 3982 ,
2221 3918 2395 3985 pergit
2421 3918 2693 3980 Clemens,
2720 3914 2967 3985 garriunt
2995 3916 3123 3970 deos
3152 3919 3223 3973 ab
3257 3918 3434 3970 bnmi-

1877 3984 2035 4057 ui_bus
2064 3984 2234 4041 fuisse
2278 3984 2455 4051 laesos,
2513 3997 2567 4042 et
2599 3984 2819 4039 Dianam
2861 3988 2913 4040 in
2950 3985 3167 4047 £tolos
3213 3997 3436 4057 propter

1831 4054 2118 4110 dOEneum
2142 4096 2159 4120 ,
2208 4072 2273 4111 ac
2307 4057 2604 4126 Minervam
2637 4058 2690 4108 in
2722 4059 2893 4126 ipsam
2916 4071 3131 4126 quoque
3167 4054 3386 4113 Dianam
3413 4096 3431 4123 ,

1878 4136 2159 4195 propterea
2188 4130 2329 4195 quod
2349 4129 2400 4179 in
2423 4124 2623 4197 templo
2645 4124 2969 4196 peperisset,
3000 4124 3080 4181 ira
3108 4130 3341 4196 percitas
3360 4128 3430 4181 ⁸⁸.
3468 4158 3473 4167 ι

1876 4197 1986 4250 Nec
2017 4197 2236 4249 minima
2274 4197 2439 4250 etiam
2468 4210 2553 4251 est
2588 4198 2801 4251 illorum
2833 4200 3171 4266 superstitio,
3203 4213 3306 4267 qua
3340 4198 3430 4262 iis,

1877 4282 2002 4338 quae
2021 4267 2338 4338 naturaliter
2366 4269 2638 4338 accidunt,
2663 4269 2811 4322 verbi
2837 4268 3033 4338 gratia,
3063 4270 3108 4322 si
3134 4284 3254 4323 mus
3280 4284 3433 4324 aram

1882 4334 2179 4408 perfuderit
2202 4376 2218 4400 ,
2249 4345 2342 4390 aut
2366 4336 2640 4408 lecytbum
2668 4334 2984 4404 corroserit,
3015 4339 3058 4394 si
3080 4353 3172 4394 sus
3203 4342 3434 4393 devora-

1885 4407 2022 4461 verit
2053 4407 2341 4475 porcellos,
2365 4408 2410 4460 si
2442 4407 2700 4475 pistillum
2725 4419 3028 4475 serpentem
3055 4410 3432 4465 circumdede-

1880 4482 1969 4542 rit,
1987 4492 2052 4531 ac
2076 4477 2309 4544 tandem,
2338 4478 2381 4531 si
2405 4479 2530 4546 quis
2545 4478 2947 4548 sternutaverit,
2970 4478 3149 4532 futura
3167 4482 3266 4534 sibi
3293 4496 3432 4548 pra:-
3476 4506 3483 4525 κ

1874 4547 2114 4602 nuntiari
2145 4548 2531 4617 opinabantur.
2564 4546 2749 4617 Neque
2781 4562 2910 4602 vero
2960 4550 3137 4602 minus
3167 4546 3433 4617 supersti-

1875 4620 1997 4675 tiosi
2035 4627 2161 4671 sunt
2187 4618 2318 4684 alii,
2371 4619 2471 4688 qui
2510 4620 2858 4674 sobrietatem
2899 4619 3296 4688 sanitatemque
3328 4634 3442 4675 eat--

1870 4698 2053 4753 o-rant,
2080 4700 2135 4742 et
2164 4689 2356 4743 diebus
2380 4689 2533 4743 festis
2564 4690 2779 4743 morbos
2808 4689 2910 4742 sibi
2934 4690 3196 4743 ebrietate
3222 4689 3432 4742 consci-

1870 4769 2064 4825 scunt;
2085 4760 2249 4813 simili
2269 4761 2483 4814 demum
2506 4760 2891 4825 superstitione
2916 4758 3004 4812 alii
3030 4774 3318 4827 snspensas
3350 4760 3432 4811 in-

1870 4833 2225 4898 scriptiones,
2254 4831 2407 4883 lanas
2434 4830 2632 4893 ﬂavas,
2662 4827 2832 4883 frusta
2864 4831 3019 4893 satis,
3045 4830 3189 4883 l‘aces
3216 4838 3272 4882 et
3300 4828 3449 4886 scil-2.

1870 4904 2012 4963 lam,
2040 4900 2237 4970 quibus
2282 4900 2337 4952 in
2389 4900 2798 4955 lustrationibus
2840 4901 3234 4970 expiabuntur,
3264 4899 3452 4955 variis.

1868 4969 2130 5028 incantati
2156 4971 2446 5041 praestigiis
2476 4972 2905 5041 extimescebant
2935 4969 3004 5022 °°.

1938 5041 2078 5097 Vera
2110 5038 2290 5095 autem
2319 5038 2516 5094 aiiiime
2545 5040 2780 5108 expiatio
2805 5050 2910 5104 est,
2941 5042 2986 5093 si
3012 5040 3103 5093 illa
3132 5038 3451 5106 apeccatis.

1865 5126 2028 5184 atque
2060 5111 2242 5180 impiis
2273 5122 2331 5164 et
2376 5111 2939 5184 falsisdogmatibus,
2965 5110 3126 5184 quale
3164 5110 3289 5162 illud
3320 5119 3428 5172 est,

1868 5178 2033 5238 Deum
2062 5178 2275 5251 templis
2311 5192 2368 5235 et
2394 5178 2701 5235 simulacris
2734 5178 2954 5247 includi,
2983 5179 3204 5232 omnino
3231 5194 3430 5251 purge-

1868 5267 1955 5310 tur
1986 5254 2051 5306 “.
2099 5249 2358 5307 Sanctum
2387 5253 2665 5305 enimvero
2699 5263 2993 5317 verumque
3035 5251 3125 5302 Dei
3169 5249 3430 5318 templum

1866 5336 1953 5383 est
2004 5323 2265 5388 Ecclesia,
2293 5339 2409 5396 seu
2445 5322 2682 5396 ﬁdelium
2730 5320 3116 5396 congregatio,
3162 5331 3327 5387 atque
3373 5321 3432 5374 in

1866 5397 2055 5466 primis
2086 5411 2103 5444 ι
2126 5395 2428 5462 gnosticus,
2453 5411 2472 5443 ο
2508 5392 2560 5444 in
2601 5393 2754 5466 cuius
2780 5392 3047 5466 animae}
3079 5401 3330 5466 purgata,
3377 5398 3435 5445 et

1865 5458 2041 5521 beatis
2078 5458 2334 5533 operibus
2365 5470 2592 5526 ornata,
2632 5458 2904 5533 invenitur
2929 5458 3114 5516 divina
3143 5458 3350 5529 ctiigies
3374 5469 3434 5512 et

1866 5540 2063 5609 imago.
2083 5532 2338 5602 Quinimo
2358 5551 2379 5585 ‹
2400 5532 2662 5604 quidquid
2679 5534 3021 5588 crediturum
3041 5540 3148 5599 est,
3170 5546 3301 5602 jam.
3318 5544 3438 5585 tan-

2062 5720 2116 5775 p.
2146 5700 2270 5756 705.
2318 5773 2327 5775 _
2372 5699 2419 5732 κδ
2446 5698 2655 5772 p.706.
2731 5700 2775 5734 αι
2805 5716 2857 5772 ρ.
2895 5699 3019 5759 701.
3148 5670 3291 5773 ιιίι).
3320 5696 3464 5756 103..
