3948 6314
117 247 312 319 1049
1390 257 1479 313 DE
1515 256 1733 314 LtBRlS
1768 254 2212 314 smomwn.
3244 259 3382 319 l050

118 375 352 432 dentis
381 375 582 435 instar.
613 383 667 429 et
695 375 934 446 acceptis
961 375 1029 428 ab
1061 371 1719 444 Apostolo’documcntis,
1752 378 1795 434 Α
1825 388 2014 446 rursus
2051 371 2110 426 fit
2139 375 2308 446 virgo.
2337 372 2529 446 Atqui
2568 372 3026 446 perturbationem
3057 370 3250 436 animae
3278 389 3380 428 no-

119 446 329 514 plane
351 447 647 499 contemnit
674 453 730 499 et
751 443 1088 515 aspernatur.
1111 443 1137 515 ί
1260 513 1265 515 Α
1388 511 1420 515 __
1825 443 1987 515 luerit
2012 444 2351 515 exscindere,
2393 443 2480 496 ille
2509 446 2741 512 seipsnm
2773 443 2992 515 occidit.

227 535 252 595 ᾳ
277 515 522 595 Gnostici
549 533 569 566 ι
609 517 787 595 itaque
813 511 828 515 ⁷
848 516 1026 595 anima
1062 512 1170 595 .his
1199 511 1523 595 .virtutibnsn
1557 526 1719 595 exor-

131 594 290 637 nata
323 623 341 648 ,
375 585 429 638 fit
467 582 753 654 terrestris
779 585 1022 654 qttzedam
1062 582 1154 638 Dei
1199 585 1455 654 imagoet
1492 582 1725 654 Spiritus

129 655 341 708 sancti
367 653 622 720 templum
648 655 712 710 ¹⁰.
737 653 831 707 Ille
856 654 1151 713 enimvero,
1170 657 1259 721 qui
1289 653 1428 704 nulla
1455 653 1726 721 voluptate

133 723 315 776 vinci
348 733 544 791 potest,
576 725 932 790 omnibusque
960 723 1347 790 cupiditatibus
1381 722 1684 776 dominatur
1706 763 1722 787 ,

134 794 432 846 adversus
457 807 618 848 omne
648 793 966 859 periculum,
1003 807 1216 847 omnem
1246 802 1467 854 metum,
1499 807 1725 858 pauper-

137 873 334 915 tatem
363 900 380 924 ,
433 865 716 925 morbum,
761 863 1105 931 ignominiam
1135 902 1150 924 ,
1186 863 1464 929 ipsamque
1499 873 1722 931 mortem

139 935 429 985 audacter
455 931 702 1003 insurgit.
736 930 1213 1003 Persuasissimum
1238 932 1434 1000 quippe
1465 930 1622 1003 habet
1644 932 1725 984 vi-

138 1004 334 1060 tium,
363 1017 428 1055 ex
461 1017 568 1068 quo
601 1000 866 1072 ignoratio
896 1004 1096 1064 oritur,
1129 1002 1302 1072 solum
1337 1016 1459 1054 esse
1492 1000 1722 1072 malum,

143 1084 334 1139 a'que
366 1069 801 1134 adversns'illud,
833 1073 998 1125 armis
1032 1073 1237 1124 Domini
1269 1071 1584 1132 instruc‘us,
1623 1069 1726 1123 for-

143 1141 295 1194 titer
325 1141 569 1196 dimicat.
604 1141 769 1197 Porro
791 1149 968 1196 autem
996 1141 1080 1194 illa
1118 1159 1137 1191 ι
1160 1141 1387 1209 gnostici
1415 1161 1432 1192 ι
1469 1141 1726 1194 fortitudo

136 1225 344 1277 neque
387 1225 451 1264 ex
481 1227 621 1266 t'a-co
651 1213 824 1266 oritur
861 1212 1220 1264 tettterariove
1267 1211 1502 1274 impetu.
1543 1211 1616 1263 uti
1670 1210 1721 1264 in

139 1282 349 1348 pueris
377 1289 433 1334 et
460 1282 684 1346 helluis;
717 1296 888 1350 neque
913 1296 976 1332 ex
1015 1279 1104 1332 vili
1139 1292 1193 1333 et
1221 1282 1425 1332 caduca
1457 1282 1722 1344 mercede,

143 1361 213 1402 ιιι
251 1350 310 1402 in
342 1350 853 1420 prmstigialoriltus;
884 1352 976 1404 sed
1008 1364 1219 1415 semper
1245 1365 1306 1403 ex
1340 1359 1484 1402 recta
1519 1350 1726 1404 ratione

143 1429 496 1499 procreatur
527 1421 588 1474 “.
622 1422 882 1499 Quocirca
917 1431 1181 1499 martyres
1210 1435 1480 1499 llllﬂllllﬂllt
1525 1429 1726 1474 temere

144 1489 488 1559 inﬁmortem
525 1491 830 1559 praecipites
859 1496 1036 1552 rttunt,
1076 1489 1192 1554 sed,
1236 1489 1342 1541 Dco
1379 1499 1724 1559 vocante,ct

142 1558 279 1612 sola
323 1574 644 1630 summaque
675 1558 726 1612 in
757 1576 878 1612 eum
908 1558 1723 1630 charitateillam_cnnstantis-

141 1630 309 1681 sime
338 1628 572 1684 obeunt.
596 1629 937 1683 Christianos
976 1636 1150 1681 autem
1183 1628 1546 1695 imperfectos,
1577 1643 1640 1680 ac
1671 1629 1722 1681 in

1899 532 1915 563 ι
1937 511 2222 567 Gnosticus
2248 532 2265 564 ι
2298 514 2477 581 itaque
2507 511 2603 580 per
2631 513 3019 582 cognitionem,
3042 527 3162 581 qua:
3185 513 3382 567 animae

1823 593 1906 636 est
1937 584 2251 635 alimentum
2276 622 2292 645 ,
2324 592 2378 636 et
2417 599 2516 652 per
2546 599 2609 637 ea
2639 599 2760 652 quae
2788 583 3058 651 cognovit,
3094 582 3335 652 salvatnr
3362 600 3378 636 :

1825 660 1986 720 atque
2035 653 2378 719 evangelicae
2418 651 2669 722 virgines,
2696 653 2981 715 imitatus,
3031 652 3136 707 sibi
3190 667 3218 706 a
3271 651 3382 707 Deo

1823 723 2089 790 promissa
2136 723 2206 774 ita
2245 723 2479 790 postulat
2501 764 2514 784 ,
2566 732 2623 777 ut
2655 733 2828 776 tamen
2862 722 2928 774 ad
2958 737 3023 776 ea
3052 738 3171 787 qua:
3200 723 3379 791 petit,

1827 806 1934 844 tam
1963 807 2067 844 non
2099 795 2436 857 asscquenda
2462 808 2620 860 quam
2647 793 3012 860 assequenda,
3045 792 3115 846 sit
3139 800 3378 856 paratus.

1825 862 1958 915 Tota
1993 873 2172 915 autem
2209 862 2351 916 illius
2381 864 2511 923 vita,
2541 863 2698 915 modo
2735 872 2955 930 peccato
2990 876 3095 916 non
3130 862 3381 929 inquine-

1827 943 1934 994 tur,
1962 941 2042 986 est
2071 934 2333 1000 precatio,
2362 943 2416 986 et
2443 948 2566 985 eum
2596 931 2701 984 Deo
2729 932 3065 986 conversatio
3092 951 3106 996 ;
3135 947 3198 985 ac
3225 931 3381 997 quid—

1825 1003 1956 1070 quid
1987 1001 2127 1067 vult,
2162 1002 2291 1054 nihil
2323 1011 2503 1055 autem
2543 1000 2731 1054 inutile
2759 1001 2950 1066 cupit,
2981 1000 3095 1068 ipse
3119 1002 3382 1055 continuo

1823 1071 2195 1138 consequitur.
2219 1071 2372 1138 Quod
2396 1073 2439 1126 si
2473 1072 2594 1138 quis
2618 1071 2876 1139 obiecerit
2897 1071 3156 1135 quosdam
3183 1085 3378 1138 pecca-

1824 1148 1974 1195 tores
1997 1143 2047 1193 id
2074 1141 2214 1208 quod
2247 1151 2436 1207 rogant
2461 1143 2748 1209 aliquando
2774 1143 3085 1207 impetrare,
3108 1141 3234 1194 huic
3256 1139 3379 1193 Cle-

1827 1226 1979 1263 mens
2009 1212 2292 1278 respondet
2319 1212 2362 1243 ¹⁶
2387 1212 2516 1266 illud
2547 1227 2672 1265 raro
2693 1210 2832 1274 ﬁeri,
2860 1220 2912 1264 et
2935 1210 3058 1278 quia
3088 1211 3227 1264 Deus
3257 1209 3382 1264 illos

1830 1280 1986 1350 132
2011 1280 2216 1347 aliquid
2245 1281 2364 1335 aliis
2396 1282 2522 1335 inde
2551 1281 2839 1348 largituros
2863 1295 2983 1335 esse
3007 1281 3285 1350 prtevidet.
3311 1281 3383 1333 At
3433 1313 3438 1318 -

1824 1351 1890 1404 iis
1945 1351 2034 1418 qui
2066 1351 2210 1420 digni
2246 1363 2393 1414 sunt,
2429 1354 2590 1405 etiam
2631 1365 2735 1403 non
2773 1350 3107 1420 petentibus,
3149 1364 3211 1403 ea
3260 1363 3381 1420 quae.

1823 1436 1950 1473 vere
1985 1418 2274 1474 bona'sunt
2295 1462 2310 1484 ,
2340 1422 2733 1475 conceduntur.
2776 1419 2943 1488 Regia
2982 1421 3145 1489 igitur
3174 1420 3260 1474 via
3289 1418 3381 1489 ille

1827 1490 2052 1552 incedit,
2071 1491 2159 1557 qui
2187 1491 2328 1543 nulla
2354 1491 2700 1552 necessitate,
2723 1500 2815 1543 aut
2841 1486 2955 1558 spe,
2983 1486 3072 1542 aut
3097 1499 3262 1552 metu,
3286 1486 3382 1542 sed

1826 1559 1997 1613 libero
2027 1561 2194 1613 animi
2227 1561 2474 1614 instituto
2501 1559 2678 1627 justus
2708 1558 2956 1614 efﬁcitur.
2996 1576 3013 1608 ι
3038 1559 3327 1614 Gnosticus
3353 1578 3372 1610 ι

1826 1638 2035 1693 autem,
2071 1639 2326 1696 tanquam
2359 1631 2573 1684 divinus
2604 1629 3233 1700 agriCtila,Acttpiditates
3266 1644 3380 1700 am-

143 1698 271 1768 ﬁde
297 1713 516 1764 pueros,
541 1701 752 1768 quando
783 1697 981 1766 aliquid
1017 1708 1237 1766 propter
1263 1700 1424 1751 Deum
1456 1698 1726 1752 nonnullis
1758 1712 1800 1767 Β
1829 1708 2015 1768 putat,
2045 1715 2107 1753 ac
2139 1701 2384 1767 plantans
2417 1711 2469 1754 et
2501 1697 2734 1768 irrigans
2765 1697 3032 1766 duplicem
3082 1701 3236 1752 metit
3268 1697 3382 1750 fru—

145 1767 290 1821 aliis
328 1767 630 1823 rationibus
683 1769 825 1823 ducti
875 1768 1185 1836 patiuntur,
1228 1769 1441 1821 etiamsi
1485 1767 1726 1835 quaedam

143 1851 373 1890 corona
403 1850 636 1902 maneat;
675 1853 888 1904 semper
923 1848 1102 1890 tamen
1139 1840 1374 1891 charitas
1402 1848 1622 1906 propter
1650 1853 1729 1901 se,

145 1916 215 1961 et
238 1923 362 1979 _no_n
396 1920 610 1979 propter
637 1909 802 1974 aliud,
840 1907 1081 1979 eligenda
1113 1918 1166 1979 et
1196 1909 1490 1979 expetenda
1521 1916 1622 1962 est.

236 1977 417 2030 Efﬁcit
459 1977 639 2047 itaque
672 1979 722 2032 in
760 1997 777 2029 ι
801 1978 1046 2043 gnostico
1075 1995 1093 2026 ι
1147 1978 1404 2030 fortitudo
1431 2015 1446 2037 ,
1490 1987 1546 2029 ut
1586 1987 1730 2030 metu

151 2059 384 2115 semper
409 2063 610 2102 vacuus
640 2048 740 2110 sit;
769 2047 1002 2117 ju5titia,
1035 2055 1092 2100 ut
1117 2062 1330 2113 semper
1354 2061 1539 2099 verum
1564 2048 1729 2117 dicat;

161 2121 530 2183 temperantia
559 2159 569 2178 ,
606 2126 664 2172 ιιι
702 2116 848 2172 nulla
883 2117 1040 2185 plane
1073 2118 1308 2169 humana
1337 2117 1630 2184 Cupiditate
1663 2116 1730 2169 li-

153 2200 436 2253 quescens
461 2199 548 2241 aut
579 2187 825 2252 allectus,
853 2188 956 2241 sibi
985 2201 1198 2254 semper
1228 2196 1441 2239 constet
1473 2197 1525 2240 et
1551 2187 1725 2239 domi-

161 2265 330 2308 netur
360 2257 422 2309 ".
466 2257 663 2312 Horum
701 2268 880 2312 autem
917 2256 1157 2308 omniunt
1183 2271 1345 2310 causa
1385 2264 1467 2308 est
1493 2256 1720 2309 sancti~-

158 2326 300 2397 sima
321 2335 376 2378 et
405 2330 633 2382 maxime
658 2325 1278 2397 prtecipuamuptto'rdzq,
1296 2326 1471 2379 omnis
1492 2327 1728 2397 scientia:

161 2396 429 2459 cbaritas,
459 2414 562 2464 qua
595 2417 613 2448 ι
637 2395 912 2467 εἰιοειίςυε
933 2415 950 2447 ι
983 2396 1042 2448 fit
1068 2399 1150 2448 vir
1173 2395 1297 2448 vere
1324 2397 1614 2464 perfectus,
1637 2395 1725 2450 Dei

165 2468 402 2535 anticus,
427 2471 477 2519 in
500 2467 616 2534 ejus
643 2464 826 2521 '[ilium
859 2473 1160 2532 cooptatus,
1185 2468 1464 2535 ipsumque
1496 2467 1635 2521 facie
1659 2469 1723 2521 ad

162 2533 365 2587 lat-ient
408 2539 457 2589 itt
487 2533 743 2592 arternum
778 2536 997 2592 videbit.

239 2603 308 2676 Et
340 2621 465 2660 vero
504 2608 593 2660 ille
639 2607 938 2676 proximum
971 2620 1078 2659 non
1122 2604 1284 2676 modo
1324 2621 1428 2659 non
1461 2605 1726 2675 despicit,

164 2674 266 2728 sed
295 2677 549 2730 afflictum
583 2674 1050 2742 consolatiomhus
1075 2685 1128 2728 et
1157 2674 1626 2730 adhortationibus
1649 2678 1728 2730 le-

165 2754 281 2815 vat,
317 2746 539 2815 pauperi
573 2746 786 2801 tametsi
820 2744 995 2814 ipsum
1035 2745 1158 2799 odio
1190 2745 1408 2804 haheat,
1439 2761 1502 2798 ea
1536 2747 1729 2813 quibus

168 2814 375 2886 indiget
396 2814 544 2886 ,pro
569 2819 684 2884 ejus
722 2815 917 2870 tncrito
952 2817 1181 2886 benigne
1211 2825 1266 2868 et
1301 2816 1595 2886 liberaliter
1623 2817 1730 2870 lar-

169 2885 317 2950 gitur
346 2887 404 2940 ⁸³.
443 2885 628 2942 Nullus
657 2887 930 2940 enimvero
961 2886 1088 2952 ipsi,
1122 2885 1222 2937 nisi
1253 2895 1308 2938 et
1337 2885 1470 2947 Deo,
1503 2885 1572 2939 ob
1602 2889 1727 2940 vitia

173 2969 240 3007 ac
263 2965 474 3020 peccata
501 2957 749 3010 inimicus
768 2963 870 3009 est.
895 2955 1062 3008 Porro
1083 2965 1260 3008 autem
1285 2958 1328 3007 si
1360 2955 1526 3022 aliqui
1551 2957 1727 3010 adlmc

172 3026 471 3091 imperfecti
502 3039 721 3095 propter
737 3024 1122 3096 promissiones
1151 3033 1237 3076 aut
1274 3024 1363 3077 Dei
1391 3033 1584 3078 metum
1610 3041 1727 3080 sese

170 3096 478 3150 contineant
507 3137 522 3160 ,
555 3097 644 3150 ille
675 3095 894 3165 propter
925 3095 1244 3165 charitatent
1268 3133 1286 3158 ,
1315 3103 1368 3148 et
1399 3104 1456 3146 ut
1485 3097 1583 3150 soli
1619 3097 1728 3150 Deo

172 3165 381 3231 placeat
412 3205 428 3229 ,
472 3168 651 3220 omnia
679 3164 890 3218 ’sulfcrt
922 3174 976 3218 et
1016 3164 1266 3219 sustinet.
1318 3165 1373 3217 Si
1407 3180 1568 3232 quam
1605 3167 1727 3222 inde

173 3237 382 3306 tandem
413 3245 807 3306 consequatur,
834 3237 973 3289 hanc
1000 3234 1051 3287 in
1090 3233 1318 3306 aliorum
1354 3251 1504 3287 nsunt
1535 3248 1589 3290 ct
1626 3239 1728 3288 nti-

171 3301 374 3358 litatt-tn
404 3301 612 3361 derivat
639 3305 704 3364 “.
730 3305 849 3360 Alio
889 3319 1105 3375 quoque
1142 3305 1300 3375 modo
1336 3306 1622 3359 continens
1646 3307 1729 3360 di-

173 3375 350 3439 citur,
389 3378 602 3444 quando
652 3392 757 3430 non
804 3373 974 3429 solum
1018 3373 1185 3426 animi
1237 3376 1676 3442 perturbationes
1711 3417 1726 3441 ,

177 3459 200 3494 α
224 3446 361 3498 haud
396 3445 553 3500 dubie
586 3447 788 3508 malas,
825 3464 843 3496 ι
875 3444 1221 3512 comprimit,
1256 3445 1349 3497 sed
1377 3445 1515 3498 bona
1544 3447 1726 3512 etiam,

172 3523 300 3582 puta
349 3533 369 3566 ε
405 3516 573 3570 honos
611 3515 774 3570 animi
808 3524 1005 3580 tnotus,
1037 3514 1106 3568 ob
1145 3512 1400 3580 majorem
1439 3518 1728 3582 quamdam

176 3583 589 3652 perfectionem,
617 3606 636 3639 ι
680 3586 924 3642 continet
961 3597 1014 3637 ct
1037 3595 1282 3654 coercet,
1323 3585 1637 3654 ﬁnitamque
1667 3603 1731 3640 ac

173 3656 421 3710 Btaltiletu
452 3658 690 3725 possidet
721 3655 963 3709 scientiae
991 3653 1441 3725 magnitudinem,
1471 3653 1610 3709 unde
1639 3673 1730 3710 cas

174 3727 412 3793 profert,
442 3724 559 3793 qua:
589 3744 653 3780 ex
687 3728 881 3794 virtute
913 3727 1048 3794 liuut
1072 3763 1086 3784 ,
1120 3724 1382 3794 actiones.
1413 3725 1526 3794 Οὐχ
1559 3727 1587 3777 ὁ
1623 3727 1731 3779 τῶν

175 3792 356 3868 realith
375 3792 531 3866 povov
547 3795 784 3868 xpattov,
803 3793 935 3848 ἀλλὰ
951 3793 1043 3868 κα).
1057 3795 1084 3845 ὁ
1098 3792 1204 3845 τῶν
1228 3793 1444 3868 ἀχαβῶν
1463 3792 1731 3868 ἐγκρατὴς

177 3864 482 3936 γενόμενος,
502 3864 595 3920 καῖ
617 3866 844 3937 βέϐαίως
862 3865 1198 3937 κτησάμενος
1219 3864 1530 3937 sipiens-cf,
1540 3864 1644 3936 δίης
1664 3864 1733 3920 τὰ

179 3933 452 4009 μεγάλεῖα.
491 3933 706 4006 Ἀφ”ὦν
731 3933 1066 4006 καρποφὸρεῖ
1091 3934 1188 3998 τὰς
1211 3933 1332 4009 κατ’
1353 3933 1556 4009 ἀρετὴλὶ
1584 3933 1733 4009 ἔνερ-

174 4005 344 4076 λτείας.
379 4005 740 4073 Quamobrem
778 4005 864 4060 ille
897 4017 1115 4073 propter
1147 4005 1316 4058 solam
1358 4005 1731 4060 itcces$it:ttcnt

177 4077 432 4139 comedit,
458 4077 612 4142 bibit,
640 4077 894 4146 ducitque
923 4090 1168 4138 uxorem,
1205 4085 1364 4144 prout
1392 4088 1534 4129 recta
1567 4079 1737 4130 dicta-

176 4150 314 4199 verit
353 4148 505 4201 ratio.
537 4148 591 4201 In
621 4150 809 4202 domus
837 4161 962 4200 vero
1003 4146 1469 4199 administratimte
1503 4157 1558 4200 et
1609 4148 1737 4200 lilio-

180 4232 297 4269 rum
345 4219 721 4284 procreatione
766 4217 918 4270 citra.
953 4216 1193 4268 dolorem
1247 4227 1302 4268 et
1350 4216 1676 4285 voluptatem
1706 4234 1735 4269 a

177 4287 439 4341 charitate
469 4289 558 4342 Dei
593 4302 868 4358 nunquam
893 4286 1154 4358 divulsus,
1186 4285 1412 4353 insurgit
1440 4288 1489 4338 in
1519 4302 1735 4340 oznncm

181 4358 528 4413 tetttationem
561 4398 576 4422 ,
615 4357 736 4426 quae
765 4372 827 4411 ex
861 4357 984 4426 [iliis
1006 4396 1020 4413 .
1052 4369 1220 4426 uxore
1246 4396 1260 4420 ,
1293 4358 1541 4421 famulis,
1577 4367 1738 4424 atque

178 4442 240 4480 ex
275 4429 425 4483 bonis
451 4469 464 4491 ,
495 4438 545 4482 et
580 4425 780 4483 divitiis
819 4425 1020 4481 oboriri
1053 4425 1210 4481 solet.
1243 4427 1422 4480 Caelibi
1463 4439 1646 4480 autem
1678 4445 1742 4482 ac

180 4498 418 4564 virgini,
452 4501 645 4552 domus
685 4513 870 4550 curam
917 4511 1023 4550 non
1063 4497 1283 4548 habenti
1308 4536 1323 4560 ,
1368 4513 1510 4564 sa'pe
1546 4499 1743 4563 sa-pius

179 4569 362 4621 evenit
387 4580 443 4622 ut
482 4584 586 4622 non
621 4581 882 4633 tentetur,
935 4577 1101 4635 atque
1132 4566 1204 4618 ita
1240 4566 1398 4621 altct'i
1432 4585 1483 4621 in
1517 4571 1740 4636 quibus-

179 4641 298 4690 dam
337 4639 586 4702 inferior,
627 4639 680 4691 in
717 4638 840 4691 aliis
872 4637 1119 4704 superior
1143 4647 1246 4689 est.

246 4707 325 4761 Ad
359 4708 757 4778 suscipiendam
797 4722 954 4778 porro
984 4707 1347 4778 cognitionem
1380 4707 1529 4776 prius
1561 4709 1742 4764 anima

178 4779 324 4831 vat-ie
358 4775 599 4833 exerceri
626 4775 813 4834 debet:
856 4775 988 4830 Nam
1017 4792 1078 4830 ea
1112 4776 1333 4844 γνῶσις,
1369 4775 1627 4847 cognitio,
1661 4790 1744 4834 est

180 4848 371 4902 animae
403 4850 648 4918 qnzedant
687 4863 834 4901 mors
869 4847 1191 4918 rationalis,
1231 4865 1336 4918 qua
1365 4864 1394 4900 a
1425 4848 1657 4902 tnotibus
1687 4861 1742 4904 et

181 4919 677 4987 perturbationibus
707 4925 988 4987 separata,
1027 4926 1083 4970 et
1127 4917 1236 4971 Deo
1263 4917 1364 4970 soli
1391 4927 1540 4986 grata
1579 4928 1741 4982 atque

181 4985 417 5056 accepta,
454 4991 619 5042 libere
648 4985 800 5042 vivit.
835 4985 970 5040 Tum
1004 4995 1180 5039 autem
1230 4985 1437 5041 tantum
1473 4990 1647 5051 abest,
1683 5001 1740 5043 ut

183 5077 209 5108 a
241 5060 378 5116 cibo,
412 5071 534 5128 potu
566 5070 619 5112 et
656 5057 864 5111 Venere
904 5057 1138 5128 aliquam
1171 5059 1350 5124 capiat
1377 5059 1731 5124 voluptatem;

183 5127 469 5194 quinetiam
517 5128 960 5195 sermonctn,qui
999 5127 1196 5195 aliquid
1231 5129 1610 5181 delectationis
1649 5129 1730 5180 af-

186 5199 317 5250 lcrrc
349 5208 543 5265 potest,
578 5209 891 5266 suspectum
923 5197 1117 5250 habeat
1142 5197 1206 5250 ¹⁵.
1240 5197 1405 5251 Nemo
1447 5200 1592 5251 enim
1625 5197 1734 5253 Deo

183 5280 236 5322 et
264 5269 513 5335 voluptati
547 5269 744 5336 poterit
778 5282 1016 5336 unquam
1048 5268 1333 5323 inservire.
1369 5268 1474 5321 Sed
1507 5269 1595 5334 qui
1629 5267 1735 5321 Do-

187 5337 322 5390 tuino
343 5340 520 5391 studet
541 5341 653 5392 fieri
683 5339 894 5399 similis,
914 5339 981 5402 is,
1008 5347 1066 5389 ut
1089 5337 1487 5405 sitcnpiditatis
1513 5352 1728 5405 expers,

190 5425 368 5468 magna
421 5409 467 5458 vi
506 5410 750 5462 enititur.
787 5408 888 5473 Qui
938 5415 1118 5459 autem
1170 5407 1520 5474 concupivit,
1572 5420 1626 5459 et
1679 5424 1738 5462 se

190 5488 358 5545 postea
383 5478 667 5543 continuit,
694 5483 868 5532 instar
899 5486 983 5532 est
1009 5475 1202 5544 vidum,
1229 5491 1346 5546 qua:
1374 5479 1731 5545 temperantia

951 5618 991 5646 ”
1021 5633 1068 5670 ξι.
1099 5615 1220 5670 πο.

1021 5633 1068 5686 ιι.
1099 5615 1220 5670 7:9.
1302 5615 1341 5646 η
1375 5635 1404 5684 ε.
1454 5615 1572 5668 τίω.

258 5616 294 5646 ὀ
322 5615 522 5708 [ξιξ-ι.
545 5616 637 5708 ,Ωιι
671 5614 871 5708 p.353.

193 5689 234 5719 “
271 5705 313 5756 ιι.
347 5686 467 5742 ῗιιϋ.
545 5686 587 5716 ²⁰
628 5701 678 5754 p.
713 5687 833 5744 isti.

1656 5618 1695 5646 ”
1729 5633 1779 5686 ν.
1811 5616 1930 5670 741.

1832 1780 1999 1823 ctum.
2036 1769 2126 1822 Ille
2153 1785 2280 1824 vero
2309 1785 2336 1821 a
2368 1771 2578 1824 nemine
2611 1780 2856 1829 vexatur,
2888 1769 2992 1822 nisi
3023 1770 3161 1822 Deus
3183 1769 3233 1822 id
3257 1782 3378 1836 pro-

1831 1848 1951 1908 pter
1983 1839 2206 1892 aliorum
2243 1839 2526 1894 utilitatem
2573 1839 2901 1904 permiserit.
2935 1838 3082 1892 lllata
3112 1853 3275 1907 porro
3312 1837 3380 1890 ab

1831 1909 1955 1962 aliis
1981 1910 2118 1962 mala
2153 1909 2276 1963 forti
2311 1909 2558 1978 virilique
2588 1910 2767 1962 animo
2796 1921 3098 1977 perpessus,
3131 1917 3379 1965 caeteros.

1830 1979 2280 2047 quemadmodum
2303 1981 2552 2046 apostoli,
2579 1980 2630 2032 in
2658 1979 2760 2031 fide
2782 1978 3091 2040 confirmat,
3120 1986 3382 2046 rogatque

1831 2058 1890 2101 ut
1922 2053 1966 2103 si
2001 2049 2089 2116 qui
2127 2051 2300 2117 ipsum
2332 2050 2458 2104 odio
2487 2049 2709 2113 habent,
2742 2049 3062 2117 ptenitentia
3090 2049 3379 2117 ducantur.

1899 2119 2085 2186 Itaque
2108 2116 2173 2173 iis
2199 2128 2478 2188 postquam
2521 2120 2610 2174 diu
2647 2116 2768 2173 sese
2793 2119 3071 2188 exercuit,
3095 2126 3205 2171 tum
3233 2116 3378 2188 nulla

1828 2189 2154 2258 liquefactus
2191 2186 2499 2258 voluptate,
2535 2188 2791 2256 nullaque
2824 2187 3094 2241 mundana
3139 2186 3381 2258 qualibet

1828 2255 2184 2328 protttissioue
2230 2255 2456 2322 fractus,
2503 2260 2555 2311 in
2600 2255 2880 2326 peccatum
2929 2255 3202 2326 nunquam
3245 2255 3386 2328 labi-

1830 2323 1916 2382 iur
1947 2329 1986 2360 ⁸⁷
2014 2344 2029 2381 :
2059 2330 2149 2382 sed
2181 2329 2233 2382 in
2260 2343 2428 2384 carne
2455 2323 2632 2383 adhuc
2657 2329 2863 2396 positus
2887 2368 2900 2391 ,
2931 2323 3149 2382 omnem
3175 2323 3384 2394 cupidi-

1831 2408 1992 2452 tatem
2026 2409 2268 2467 superat,
2305 2399 2505 2466 illeque
2533 2398 2676 2452 dolet
2705 2399 2845 2466 quod
2878 2399 3056 2451 adhuc
3097 2396 3164 2451 sit
3202 2397 3256 2449 in
3284 2409 3381 2448 ne-

1826 2469 2172 2523 cessitatibus
2209 2468 2368 2536 hujus
2414 2468 2536 2522 vitae
2578 2469 2938 2531 constitutus,
2971 2477 3134 2537 atque
3165 2467 3264 2537 hac
3292 2479 3386 2518 ea-

1829 2541 1948 2592 dem
1997 2539 2274 2606 temporali
2321 2539 2482 2591 vitatn
2527 2546 2786 2607 tanquam
2829 2539 2930 2592 sibi
2973 2536 3142 2590 aliena
3187 2536 3380 2607 utitur.

1831 2608 1990 2661 Novit
2041 2604 2296 2675 prieterea
2338 2604 2665 2676 jejuniorutn
2709 2617 2918 2676 quartae
2959 2617 3013 2661 et
3060 2617 3228 2661 sextae
3277 2604 3383 2676 diei

1831 2674 2112 2745 zenigtnata
2133 2715 2148 2740 ,
2177 2693 2301 2731 cum
2329 2674 2404 2731 ab
2421 2677 2650 2732 avaritia
2676 2674 3008 2743 et‘libidine,
3035 2677 3278 2731 omnium
3307 2674 3386 2725 vi-

1832 2749 2026 2800 tiorum
2057 2745 2322 2808 fontibus.
2371 2758 2532 2816 atque
2580 2745 2648 2799 ab
2695 2747 2840 2800 omni
2888 2747 3029 2799 mala
3075 2749 3290 2799 actione
3331 2752 3387 2796 et

1831 2817 2156 2884 cogitatione
2172 2816 2382 2884 jejunat
2403 2827 2457 2872 ct
2479 2816 2732 2871 abstinet.
2755 2819 2928 2885 Atque
2955 2818 3055 2870 hac
3079 2816 3382 2868 divinorum

1831 2895 2214 2954 pra-.ceptorum
2239 2887 2617 2941 observatione
2646 2885 2980 2941 Dominicum
3006 2897 3059 2940 et
3088 2885 3380 2939 Dominicte

1831 2957 2250 3011 resurrectionis
2278 2959 2417 3011 diem
2448 2957 2579 3026 agit.

1900 3026 2036 3092 Quid
2073 3041 2200 3080 vero
2230 3027 2310 3079 "‘2
2339 3029 2385 3080 si
2426 3019 2643 3095 qn'ando
2669 3025 2908 3093 aliquid,
2933 3026 3072 3094 quod
3101 3038 3206 3078 non
3233 3019 3381 3083 vult.

1830 3096 2081 3159 videndo,
2108 3111 2165 3148 se
2189 3095 2461 3163 voluptate
2482 3096 2616 3151 allici
2639 3097 2886 3156 senserit,
2913 3106 3038 3149 tunc
3059 3096 3228 3162 ipsam
3255 3107 3386 3163 tono

1830 3169 1980 3220 tinuo
1994 3167 2222 3234 castigat
2241 3162 2455 3220 videndi
2481 3167 2887 3222 facultatem.ac
2911 3167 3013 3220 hoc
3036 3166 3208 3221 solum
3233 3162 3378 3232 quod

1829 3237 1895 3290 ad
1922 3251 1978 3311 se
2001 3239 2273 3311 pertinet,
2297 3240 2556 3311 videreet
2579 3239 2764 3292 audire
2790 3240 2968 3311 cupit,
2993 3247 3155 3311 atque
3185 3235 3236 3286 iit
3262 3247 3388 3311 cor-

1830 3309 1978 3375 poris
2007 3305 2107 3377 sibi
2138 3307 2331 3374 objecti
2356 3308 2760 3377 pulchrltudtne
2785 3322 2844 3360 se
2867 3307 3033 3359 Deum
3059 3307 3239 3377 videre
3261 3305 3385 3355 exi-

1829 3374 2030 3451 stimat.
2052 3376 2108 3430 Si
2135 3392 2199 3430 ex
2231 3374 2548 3451 necessitate
2573 3377 2724 3431 cibos
2750 3378 3109 3444 capescendo,
3135 3374 3386 3451 aliquan-

1833 3449 2002 3500 tulum
2047 3449 2308 3515 temporis
2347 3459 2631 3502 consumat
2653 3485 2668 3508 ,
2710 3456 2862 3515 putat
2891 3461 2921 3499 a
2950 3460 3050 3500 suo
3078 3459 3136 3515 se
3163 3449 3380 3511 negotio

1831 3517 2016 3569 avelli.
2045 3514 2406 3582 Quatuobrem
2434 3518 2486 3570 in
2509 3514 2722 3570 somnis
2743 3516 2876 3570 nihil
2902 3516 3042 3583 quod
3075 3514 3246 3568 electo
3280 3525 3385 3562 non

1831 3587 2155 3646 conveniat,
2179 3587 2390 3655 aspicit.
2414 3586 2464 3640 ls
2490 3602 2654 3654 porro
2683 3589 2734 3639 in
2759 3587 2859 3639 hac
2887 3587 2994 3638 vita
3024 3595 3167 3638 totus
3193 3584 3388 3649 hospes

1831 3668 1886 3710 et
1912 3657 2229 3725 peregrinus
2267 3673 2330 3710 ea
2381 3659 2680 3712 contemnit
2713 3671 2834 3724 qua:
2889 3657 2978 3708 alii
3012 3656 3295 3725 mirantur,
3323 3665 3387 3702 ac

1834 3729 1888 3779 in
1913 3723 2136 3780 civitate
2170 3737 2434 3795 tanquam
2456 3728 2508 3780 in
2535 3723 2826 3781 solitudine
2855 3725 3005 3779 vivit.
3039 3723 3153 3795 Uno
3181 3724 3344 3775 verbo
3369 3758 3385 3786 ,

1843 3797 1896 3850 in
1926 3797 2072 3849 omni
2107 3799 2213 3849 vita
2245 3793 2545 3851 absentiam
2580 3796 2931 3864 apostolicam
2971 3793 3178 3862 implet.

1904 3866 2040 3930 Quid
2068 3865 2258 3933 plura?
2295 3882 2415 3922 cum
2439 3860 2640 3932 optima
2661 3881 2885 3934 qua'qne
2909 3860 3380 3935 agit,_homini_l_t_us

1833 3938 1949 3988 vult
1977 3932 2150 3990 latere
2173 3978 2188 3997 .
2215 3952 2279 3990 ac
2306 3938 2410 3992 sibi
2441 3932 2774 4003 Dominoque
2800 3932 3128 4004 persuadere
3157 3947 3217 3986 se
3246 3932 3389 3983 illius

1834 4011 2018 4060 vivere
2044 4009 2349 4075 praeceptis.
2384 4008 2646 4073 Quocirca
2678 4008 2911 4075 seipsum
2939 4018 3151 4075 semper
3177 4010 3232 4056 et
3255 4017 3391 4075 nmi-

1836 4092 1994 4144 qnam
2029 4070 2332 4144 proximum
2363 4070 2593 4144 deSpicit
2614 4116 2630 4141 ,
2661 4070 2822 4144 atque
2849 4070 3387 4144 idcirco‘illumaflli-

1835 4142 1982 4200 clum
2016 4142 2348 4212 consolatur,
2380 4142 2711 4215 indigentem
2737 4142 2884 4199 iacit
2911 4160 3168 4215 suorum,
3196 4142 3241 4215 si
3272 4155 3391 4215 qua:

1837 4217 2064 4278 habeat,
2095 4216 2357 4270 bonorum
2382 4211 2694 4286 participem
2718 4231 2732 4279 ;
2759 4218 2865 4268 imo
2891 4229 3017 4269 vero
3039 4223 3095 4268 et
3118 4214 3183 4266 de
3211 4211 3388 4286 inopia

1838 4302 1934 4340 sna
1980 4298 2140 4356 auget
2184 4283 2617 4343 beneficentiam.
2663 4284 2805 4338 Pura
2849 4287 3068 4356 insuper
3097 4293 3146 4336 et
3180 4283 3391 4356 sincera

1845 4351 2078 4410 ornatus
2103 4357 2209 4411 fide
2232 4397 2246 4421 ,
2283 4373 2380 4426 per
2408 4370 2573 4425 opera
2603 4363 2658 4410 et
2686 4351 3192 4426 contemplationem
3221 4351 3393 4426 Evan-

1848 4429 2042 4495 geliutn
2082 4421 2303 4491 laudat,
2341 4438 2398 4482 et
2432 4421 2548 4496 ipse
2576 4440 2640 4478 ea
2665 4463 2680 4490 ,
2707 4440 2828 4493 qua:
2858 4421 2998 4496 Deus
3033 4423 3250 4485 docuit,
3291 4421 3393 4472 rite

1847 4494 2208 4569 perﬁciendo,
2242 4499 2310 4550 ab
2337 4513 2401 4551 eo
2445 4494 2655 4550 laudem
2698 4495 2913 4569 accipit.
2959 4494 3069 4569 Spe
3097 4508 3224 4546 vero
3266 4506 3395 4569 pro-

1849 4564 1962 4634 pria
1998 4567 2217 4620 minime
2260 4569 2596 4630 ablactatus,
2628 4565 2878 4634 quaelibet
2910 4564 3179 4617 mundana
3213 4564 3392 4614 omnia

1847 4646 2186 4704 aspernatur,
2219 4647 2275 4691 et
2308 4638 2600 4692 miseretur
2627 4649 2848 4700 eorum,
2879 4636 2970 4703 qui
3003 4643 3126 4702 post
3166 4639 3392 4685 mortem

1850 4707 2132 4774 suppliciis
2165 4706 2344 4762 allecti
2369 4747 2385 4772 ,
2413 4707 2579 4760 Deum
2610 4705 2961 4759 confitentur.
3004 4705 3172 4772 Ipsius
3208 4710 3388 4753 autem

1851 4786 1996 4830 recta
2035 4792 2247 4846 semper
2277 4788 2360 4831 est
2391 4777 2717 4831 conscientia
2738 4815 2752 4840 ,
2784 4785 2838 4828 et
2869 4776 2936 4827 ad
2973 4783 3198 4828 tltOI‘lCIIl
3244 4783 3393 4847 sem-

1849 4861 1944 4914 per
1989 4858 2244 4914 paratus,
2300 4850 2353 4900 in
2402 4847 2504 4901 hoc
2545 4848 2748 4900 mundo
2791 4854 3046 4912 tanquam
3080 4853 3396 4911 peregrinus

1847 4918 2002 4982 vivit,
2035 4932 2099 4970 ac
2122 4919 2415 4971 secundum
2452 4927 2611 4970 recta:
2657 4915 2883 4969 rationis
2925 4916 3199 4968 dictanten
3241 4925 3394 4961 com-

1847 4987 1994 5050 edit,
2044 4987 2214 5048 bibit,
2265 5001 2487 5040 uxorem
2526 4987 2707 5048 ducit,
2766 4995 2818 5039 et
2868 4988 2920 5039 ιιι
2964 4983 3167 5038 somnis
3207 4989 3394 5033 sancta

1847 5049 2058 5126 semper
2091 5056 2222 5110 facit
2256 5069 2308 5111 ct
2356 5058 2598 5126 cogitat:
2632 5066 2796 5123 atque
2825 5056 2896 5108 ita
2927 5051 3165 5124 καθαρὸς
3205 5051 3284 5109 εἰς
3311 5049 3398 5100 εὑ-

1845 5125 1942 5196 χὴν
1982 5127 2234 5194 πάντοτε,
2275 5125 2490 5196 semper
2527 5128 2594 5182 ad
2635 5127 3004 5192 precationem
3047 5136 3236 5191 purus,
3275 5135 3397 5173 cum

1841 5198 2051 5266 angelis
2083 5208 2202 5250 orat
2234 5207 2290 5252 et
2327 5205 2580 5266 precatur
2618 5197 2682 5251 ¹’.

1911 5237 2044 5319 'l‘um
2078 5282 2264 5322 rursus
2289 5237 2540 5322 Clemens
2566 5269 2720 5322 docet
2749 5264 2925 5333 qualis
2955 5265 3026 5318 sit
3059 5264 3173 5328 ejus
3202 5273 3400 5333 opera-

1837 5335 1951 5400 tio,
1995 5337 2205 5405 justitia
2247 5349 2302 5391 et
2345 5339 2622 5406 precatio,
2666 5331 2792 5404 quid
2827 5351 2858 5388 a
2886 5335 2999 5388 Deo
3042 5331 3312 5406 postulet,
3346 5336 3402 5380 et

1837 5400 2105 5471 quomodo
2138 5400 2414 5461 Christum
2456 5400 2745 5460 vocante-tn
2793 5400 3126 5459 antevert‘at.
3170 5400 3398 5471 Planum

1836 5467 2050 5545 quoque
2095 5476 2226 5530 facit
2268 5477 2538 5547 quomodo
2591 5477 2684 5531 ille
2726 5486 2933 5544 patrem
2965 5484 3021 5527 ct
3067 5482 3296 5527 matrem
3323 5467 3394 5528 ὀ.

2009 5618 2050 5650 ιε
2083 5634 2136 5689 ρ.
2163 5616 2286 5675 749..
2367 5617 2409 5649 ιθ
2443 5633 2495 5688 ρ.
2533 5614 2655 5671 745.
2734 5613 2776 5644 ιτ
2813 5628 2866 5682 ρ.
2903 5611 3025 5664 ιιι.
3107 5611 3148 5642 ιο
3189 5625 3243 5682 ρ.
3279 5600 3408 5654 uti.
