3948 6314
281 323 415 378 I097

266 511 422 583 cujus
444 525 639 583 nomen
662 522 828 583 tacet,
867 513 1049 567 itidem
1079 515 1270 583 pagani
1319 525 1488 581 poetae
1544 515 1781 569 iambum
1815 533 1830 569 :

271 599 294 633 ι
327 581 526 655 Panilus
578 580 905 655 Epiinenidis
961 584 1121 655 etiam
1152 580 1424 640 'meniinit
1472 586 1524 639 in
1587 586 1832 655 Epistola

263 654 336 706 ad
379 652 556 705 Titum
587 652 666 726 sic
690 653 890 726 dicens
922 671 934 706 :
969 653 1116 707 Dixit
1156 656 1373 723 quidam
1408 672 1475 710 ex
1517 652 1648 724 ipsis
1702 671 1830 726 pro-

265 725 420 788 prius
472 723 804 794 propheta;
851 723 1139 794 CretciiSes
1197 741 1410 792 semper
1469 723 1832 782 mendaces...

264 796 336 845 ad
387 794 700 847 Corinthios
730 793 1004 848 disserens
1045 797 1110 850 de
1145 798 1543 850 resurrectione
1587 807 1833 850 mortuo-

267 880 414 936 rum,
449 864 653 936 tragico
682 864 862 917 iambo
913 880 1044 918 usus
1083 877 1164 920 est
1194 884 1207 919 :
1243 868 1380 931 Quid
1417 867 1547 920 mihi
1591 869 1832 936 prodest,

264 935 313 987 si
364 935 568 1007 mortui
615 948 720 1007 non
772 945 1176 1004 resurgunt.....
1235 935 1605 1007 Corrumpunt
1662 940 1834 992 bonos

264 1021 448 1058 mores
471 1002 731 1072 colloquia
767 1002 1022 1070 prava”.
1063 1025 1080 1056 ι

342 1075 474 1147 Quis
503 1085 683 1129 autem
711 1075 782 1128 sit
813 1075 900 1128 ille
923 1076 1190 1144 posterior
1217 1087 1396 1143 poeta,
1431 1086 1484 1131 et
1513 1093 1574 1132 ea
1603 1093 1722 1147 quae
1748 1078 1834 1132 hic

259 1145 605 1216 aClemente
634 1155 818 1216 nostro
845 1162 910 1200 cx
945 1157 1172 1214 utroque
1205 1148 1294 1201 illo
1317 1149 1538 1202 ethnico
1569 1145 1834 1216 scriptore

261 1215 437 1287 citata
463 1225 608 1279 sunt,
631 1214 991 1285 Hieronymus
1018 1217 1069 1269 in
1102 1233 1194 1269 sua
1225 1219 1291 1271 ad
1329 1218 1578 1284 Magnum
1603 1214 1831 1287 epistola

259 1286 415 1338 clare
460 1295 522 1357 et.
575 1287 857 1357 perspicue
905 1288 1224 1354 exponit”:
1267 1306 1284 1338 ι
1329 1287 1526 1340 Paulus
1557 1329 1572 1350 ,
1615 1286 1830 1357 inquit,

259 1354 544 1426 apostolus
573 1354 908 1422 Epinieuidis
939 1370 1113 1426 poetae
1154 1359 1359 1413 abusus
1412 1354 1829 1424 versiculo—est,

261 1425 518 1479 scribens
540 1429 604 1479 ad
634 1425 811 1479 'I'itum
841 1445 854 1480 :

258 1518 492 1587 Κρῆτες
511 1518 602 1572 ἀεὶ
626 1518 906 1586 ψεῦσται,
931 1521 1083 1575 κακὰ
1107 1521 1301 1589 θηρία,
1327 1520 1612 1590 γαστέρες
1633 1522 1830 1593 ἀργαί,

260 1611 317 1664 id
364 1622 447 1664 est
483 1612 772 1666 Cretenses
815 1626 1032 1680 semper
1069 1617 1394 1679 mendaces,
1425 1615 1579 1669 malae
1620 1617 1830 1681 bestiae,

259 1693 482 1756 ventres
526 1684 684 1756 pigri.
731 1683 903 1756 Cujus
943 1685 1144 1756 heroici
1203 1686 1610 1740 hemistichium
1646 1697 1831 1756 postea

255 1750 630 1806 Callimachus
655 1753 950 1826 usurpavit.
985 1753 1092 1826 Nec
1123 1757 1343 1820 mirum,
1371 1757 1413 1810 si
1439 1759 1579 1826 apud
1611 1750 1831 1811 L‘atiuos

261 1836 496 1875 metrum
528 1839 630 1875 non
657 1832 835 1876 servet
869 1825 935 1876 ad
966 1825 1186 1878 verbum
1221 1825 1484 1893 expressa
1517 1828 1826 1890 translatio,

260 1910 386 1966 cum
415 1894 681 1966 Homerus
709 1895 898 1966 eadem
945 1895 1124 1962 lingua
1160 1913 1350 1950 versus
1393 1900 1442 1949 in
1475 1913 1694 1966 prosam
1740 1900 1829 1952 vix

258 1965 554 2044 cohaereat.
592 1965 646 2018 In
696 1964 800 2017 alia
831 1978 1047 2034 quoque
1090 1967 1322 2037 epistola
1364 1964 1644 2023 Menandri
1678 1970 1830 2038 ponit

256 2047 530 2089 SCIIaI'lHIII
563 2051 577 2088 2

329 2129 684 2198 φθείρουσιν
711 2129 824 2198 ἤθη
847 2128 1080 2198 χρηστὰ
1111 2130 1334 2199 ὁμιλίαι
1365 2131 1564 2194 κακαί,

253 2223 312 2277 id
345 2238 450 2286 est,
475 2236 826 2292 corrumpunt
852 2239 1030 2277 mores
1051 2223 1221 2277 bonos
1246 2223 1514 2293 colloquia
1537 2239 1698 2290 prava
1727 2225 1820 2276 “.i

337 2295 415 2346 Ad
458 2295 574 2348 haec
622 2310 774 2354 vero,
828 2305 1113 2364 postquam
1170 2293 1421 2348 Clemens
1467 2295 1740 2364 descripta
1773 2297 1825 2349 in

250 2365 488 2421 Actibus
547 2366 914 2433 apostolorum
972 2363 1124 2417 Pauli
1183 2367 1324 2432 apud
1381 2363 1739 2419 Athenienses
1773 2367 1822 2419 in

254 2439 548 2505 Areopago
595 2436 663 2488 de
701 2435 884 2504 ignoto
915 2435 1023 2488 illis
1069 2433 1176 2488 Deo
1203 2436 1510 2502 perorantis
1547 2435 1708 2489 verba
1743 2451 1821 2489 re-

251 2507 404 2570 tulit,
424 2522 488 2560 ex
514 2505 708 2573 quith
740 2506 922 2558 ultima
949 2506 1066 2559 haec
1099 2519 1224 2558 sunt
1249 2505 1292 2537 ¹⁸
1325 2525 1338 2558 :
1375 2523 1395 2557 ι
1427 2506 1577 2559 Sicut
1608 2507 1823 2574 quidam

253 2590 563 2630 vestierunt
595 2587 869 2644 poetarum
903 2579 1157 2630 dixerunt
1205 2592 1220 2629 :
1275 2575 1442 2642 I'Iujus
1505 2591 1738 2644 namque
1770 2588 1825 2630 et

248 2663 429 2716 genus
459 2663 682 2709 sumus;
725 2667 741 2698 i
772 2663 836 2699 ex
873 2648 938 2700 iis
968 2647 1218 2699 omnibus
1251 2647 1392 2700 hanc
1419 2647 1508 2700 ille
1531 2647 1679 2700 elicit
1703 2663 1825 2700 con-

250 2719 560 2770 clusionem
593 2733 608 2770 :
647 2735 664 2766 ι
701 2717 777 2770 Ex
815 2719 1012 2788 quibus
1053 2717 1257 2770 clarum
1307 2729 1429 2782 est,
1478 2716 1622 2785 quod
1655 2727 1820 2770 etiam

251 2789 488 2858 poeticis
523 2797 677 2840 utens
704 2789 986 2857 exemplis,
1010 2802 1074 2840 ex
1109 2788 1256 2840 Arati
1291 2788 1653 2842 Plia’iiomenis
1681 2828 1695 2851 ,
1727 2803 1823 2855 ap-

251 2861 472 2942 probat,
506 2873 625 2942 quae
653 2861 790 2942 apud
824 2859 1039 2941 Graecos
1070 2868 1214 2942 recte
1249 2859 1391 2912 dicta
1417 2868 1606 2942 sunt,
1640 2867 1695 2910 et
1727 2873 1823 2938 per

255 2929 502 2997 ignotum
533 2929 698 2982 Deum
725 2931 978 2982 honorari
1009 2930 1227 2997 quidem
1257 2943 1355 2996 per
1384 2929 1822 2982 circumlocutio-

256 3015 384 3055 nein
417 3001 664 3068 upilicem
703 3000 863 3052 Deum
901 3001 1247 3067 signiﬁcavit.
1281 3018 1300 3050 ι
1335 2998 1444 3052 Hoc
1468 3001 1704 3052 autenrA
1719 2999 1818 3050 rati

257 3070 661 3125 hemistichium
696 3071 985 3136 integrum,
1020 3070 1160 3123 sicut
1185 3077 1237 3120 et
1257 3069 1358 3120 alia
1386 3069 1534 3137 plura
1555 3069 1814 3130 carmina,

253 3157 329 3197 ex
361 3141 500 3195 illius
531 3138 895 3195 Pliwiiomeuis
929 3151 1110 3208 postea
1156 3138 1402 3192 exhibuit
1442 3139 1690 3193 Clemens
1723 3155 1813 3190 no-

255 3185 392 3274 sier,
423 3223 478 3266 et
505 3228 569 3264 ex
609 3213 750 3280 ipso,
777 3185 944 3278 atqueI
983 3212 1145 3264 etiam
1196 3225 1262 3264 ex
1297 3208 1604 3262 Aristobulo
1639 3209 1804 3280 Eusc-
1842 3185 1883 3242 (ἶ

252 3285 380 3338 bius
405 3284 469 3335 ιθ.
496 3279 834 3349 Quapropter
886 3285 1023 3348 apud
1079 3280 1463 3348 Hieronymum
1514 3282 1624 3331 haec
1678 3279 1807 3342 legi-

255 3371 378 3408 tnns
404 3355 445 3385 "
479 3372 491 3407 :
531 3372 548 3403 ι
588 3354 642 3405 In
672 3351 896 3405 Actibus
934 3355 1298 3420 apostolorum
1354 3366 1473 3404 cum
1512 3349 1807 3402 concioua-

260 3436 413 3477 retur
443 3425 509 3476 ad
541 3423 792 3492 populum
817 3461 832 3483 ,
857 3433 910 3475 et
945 3426 995 3473 in
1033 3430 1314 3489 Areopago
1335 3461 1351 3486 ,
1399 3434 1519 3489 qua!
1548 3431 1634 3492 rest
1660 3436 1809 3492 curia

254 3491 700 3556 Atheniensium,
735 3492 1066 3560 diSputaret,
1117 3493 1256 3545 inter
1287 3501 1478 3546 caetera
1509 3491 1583 3542 ait
1614 3506 1626 3542 :
1657 3491 1811 3543 Sicut

257 3576 312 3618 et
339 3567 562 3633 quidam
606 3568 671 3616 de
700 3566 897 3616 vestris
925 3566 1099 3631 poetis
1127 3563 1384 3615 dixerunt
1415 3580 1429 3614 :
1461 3562 1634 3633 Ipsius
1665 3563 1808 3613 enim

256 3647 310 3689 et
343 3629 511 3704 genus
535 3650 738 3687 sumus.
772 3629 935 3697 Quod
958 3633 1352 3704 hemistichium
1404 3634 1453 3684 iu
1507 3629 1812 3684 Pluenome-

260 3702 520 3758 uis'Arati
552 3705 766 3774 legitur,
797 3719 954 3774 quem
991 3705 1183 3756 Cicero
1221 3705 1272 3754 iu
1320 3702 1570 3756 Latinum
1603 3716 1810 3754 εει-ηιθ-

259 3793 382 3829 nem
436 3773 706 3828 transtulit
735 3813 750 3836 ,
799 3785 855 3825 et
893 3773 1251 3828 Germanicus
1303 3775 1503 3833 Caesar,
1553 3780 1603 3823 et
1643 3786 1812 3837 nuper

256 3849 518 3908 Avienus,
569 3857 623 3899 et
673 3844 828 3896 inulti
859 3883 873 3905 ,
933 3860 1069 3912 quos
1120 3859 1439 3896 enumerare
1493 3842 1807 3910 peilouguin

257 3928 456 3972 est.....
483 3917 768 3983 Inscriptio
792 3925 975 3968 autem
1014 3929 1123 3967 arae.
1157 3929 1260 3967 non
1295 3917 1366 3983 ita
1395 3926 1548 3972 erat,
1583 3921 1640 3963 ut
1672 3912 1809 3983 Pau-

259 3988 343 4041 lus
367 3989 591 4042 asseruit
625 3981 852 4055 :ilgnoto
879 3986 1004 4048 Deo;
1040 3985 1132 4038 sed
1160 3987 1230 4036 ita
1259 4000 1272 4035 :
1304 3982 1409 4035 Diis
1437 3986 1682 4055 Asiae,_et
1712 3981 1813 4033 Eu-

264 4075 426 4128 ropae,
453 4069 506 4112 et
535 4051 756 4120 Africae,
788 4057 891 4108 diis
923 4057 1115 4124 ignotis
1157 4064 1211 4109 et
1238 4055 1565 4128 peregrinis.
1613 4051 1808 4128 Verum

262 4126 386 4197 quia
421 4130 617 4183 Paulus
647 4146 753 4183 non
788 4128 1030 4192 pluribus
1078 4128 1180 4178 diis
1237 4126 1538 4193 indigebat,
1574 4126 1669 4176 sed
1704 4137 1812 4175 uno

266 4211 470 4252 tantum
504 4201 687 4268 ignoto
742 4199 869 4263 Deo,
927 4197 1187 4265 singulari
1243 4202 1404 4247 verbo
1441 4210 1570 4246 usus
1600 4202 1717 4268 est,
1756 4202 1812 4244 ut

261 4274 480 4323 doceret
509 4265 654 4323 illum
693 4287 848 4323 suum
875 4285 993 4321 esse
1025 4273 1211 4330 Deum,
1257 4281 1419 4334 quem
1452 4265 1812 4317 Atheuienses

265 4343 316 4394 in
348 4358 454 4395 arae
497 4344 650 4395 titulo
679 4347 1108 4409 piaeiiotassent,
1137 4348 1188 4389 et
1224 4346 1368 4389 recte
1407 4351 1528 4409 eum
1577 4338 1812 4387 scientes

261 4413 441 4467 colere
468 4406 748 4470 deberent.
773 4427 929 4480 quem
969 4406 1728 4480 ignorantesvenerabantur,
1759 4412 1814 4454 et

262 4483 474 4537 nescire
526 4500 631 4536 nou
673 4476 942 4551 poterant.
976 4476 1089 4532 Hoc
1134 4491 1312 4530 autem
1354 4477 1551 4551 Paulus
1579 4476 1813 4527 faciebat

1404 324 1487 378 DE
1526 325 1749 383 LIBRIS
1783 327 2225 386 STROMATIJM.

267 454 324 496 et
384 442 436 493 in
493 439 676 509 prima
723 441 788 493 ad
856 441 1166 498 Corinthios
1231 444 1495 510 tragicum
1571 445 1912 509 alterius,A

3370 339 3505 395 {Illis

2456 449 2850 506 ARTICUlaUS
2892 449 2979 504 IV.

1939 559 2213 625 Quomodo
2237 562 2529 628 Scriptura:
2557 583 2724 621 sacrm
2751 564 3050 618 testimonia
3069 566 3150 617 liis
3182 563 3237 618 in
3261 563 3497 620 Stroum.

2009 641 2120 685 tum
2153 633 2299 687 libris
2334 638 2594 698 citentur,
2631 655 2692 690 ac
2727 637 2790 689 de
2819 636 3166 704 quibusdam,
3215 654 3331 708 qua:
3395 641 3494 694 Ita-

2009 712 2187 754 ctenus
2222 708 2428 756 inventa
2457 720 2558 756 non
2595 707 2828 774 luerunt.

2006 818 2306 885 Scriptnrm
2328 833 2501 874 sacrae
2526 819 2836 874 testimonia
2876 820 3066 873 eodem
3095 823 3312 889 penitus
3344 825 3508 879 modo

1936 889 1987 941 in
2027 890 2110 942 his
2148 889 2505 950 Stromatum,
2557 902 2721 958 atque
2772 891 2822 943 in
2878 894 3256 959 superioribus
3287 893 3440 948 libris
3474 914 3503 948 a

1933 959 2212 1014 Clemente
2236 969 2420 1030 nostro
2451 961 2694 1014 citantur
2720 971 2774 1014 et
2815 971 3301 1030 repraesentantur.
3335 964 3502 1020 Plura

1933 1029 2077 1082 enim
2117 1045 2146 1101 ιι
2177 1045 2258 1101 ise
2292 1029 2523 1082 invicem
2567 1031 2844 1096 seiuncta,
2881 1029 3070 1098 atque
3099 1033 3408 1101 aliquando
3438 1051 3504 1090 ex

1934 1101 2104 1176 variis
2135 1099 2309 1176 libris,
2341 1109 2433 1153 aut
2459 1101 2689 1176 diversis
2709 1115 2897 1176 eorum
2928 1099 3503 1176 capitilnis'dccerpta.

1937 1169 2007 1222 ita
2045 1169 2202 1222 simul
2235 1170 2320 1222 ille
2354 1167 2666 1238 conjungit,
2701 1172 2922 1238 perinde
2961 1167 3123 1238 aique
3166 1189 3228 1226 ex
3266 1192 3372 1226 uno
3392 1167 3507 1228 ’ρο-

1933 1239 2165 1307 demque
2193 1239 2308 1293 loco
2333 1255 2396 1294 ea
2424 1243 2836 1308 desuuipsisset.
2868 1242 3077 1310 Saepius
3099 1254 3278 1297 autem
3311 1245 3396 1297 illa
3426 1257 3506 1298 ia-

1935 1311 2043 1362 rito
2083 1311 2323 1384 auctoris
2358 1311 2580 1384 noniine
2626 1312 2963 1384 transcribit.
3003 1311 3062 1384 In
3101 1314 3334 1383 vulgatis
3365 1332 3502 1384 prae.

1937 1390 2082 1433 terea
2124 1381 2383 1434 horumce
2422 1379 2750 1434 Stromalum
2787 1382 3117 1436 editiouibus
3163 1379 3329 1439 niulta
3365 1379 3504 1439 inale

1937 1450 2264 1523 indicantur,
2297 1460 2351 1503 et
2376 1450 2535 1520 longe
2568 1452 2720 1518 plura
2749 1467 2777 1504 a
2809 1453 3046 1514 nemine.
3073 1456 3214 1509 unde
3246 1469 3502 1523 esi-erpta

1934 1519 2156 1592 fuerint.
2201 1522 2253 1573 in
2281 1519 2523 1588 margine
2552 1531 2732 1575 notata
2762 1532 3076 1576 occurrunt.
3097 1525 3338 1592 Denique
3369 1519 3504 1579 uou-

1937 1591 2080 1643 nulla
2115 1605 2234 1659 quae
2262 1591 2514 1646 Clemens
2539 1593 2621 1646 vel
2645 1594 2979 1657 tlteiuoriter,
3018 1594 3099 1648 vel
3125 1610 3194 1648 ex
3225 1591 3445 1650 diverso
3471 1614 3501 1650 ει

1937 1668 2138 1733 nostris
2173 1663 2361 1715 codice
2401 1662 2607 1728 retulit,
2643 1664 2882 1714 nonduin
2913 1663 3143 1718 inveniri
3181 1675 3495 1733 potuerunt.

1935 1731 2066 1796 Quae
2112 1733 2330 1799 quidem
2377 1734 2618 1786 omnium
2669 1733 2841 1786 oculis
2878 1733 2962 1786 hic
2993 1731 3332 1803 subjicienda
3380 1751 3501 1791 esse

1862 1829 1904 1882 Β
1937 1803 2215 1882 duximus,
2241 1813 2299 1855 ut
2324 1817 2442 1871 qua:
2470 1819 2497 1855 a
2529 1803 2679 1856 nobis
2707 1804 2924 1882 inventa
2953 1814 3081 1857 sunt
3100 1844 3114 1866 ,
3145 1806 3267 1882 aliis
3294 1806 3501 1882 patefa-

1935 1875 2176 1933 ciamus;
2213 1889 2332 1938 quae
2374 1883 2555 1927 autem
2612 1875 2850 1940 reperire
2887 1891 2990 1926 non
3056 1877 3330 1942 potuimus
3355 1917 3369 1937 ,
3431 1879 3500 1932 ab

1933 1943 2112 2016 aliquo
2135 1943 2300 1996 divini
2339 1944 2486 1998 verbi
2514 1945 2756 1998 studi0so
2781 1943 3000 1998 homine
3025 1949 3180 2000 nobis
3209 1947 3500 2016 aliquando

1931 2012 2393 2068 ιιυιιιοιιδιιθιιιιιιν.

2001 2081 2242 2135 Primum
2292 2086 2474 2150 itaque
2505 2082 2775 2138 Hervetus
2819 2084 2948 2137 dicit
2993 2099 3052 2138 se
3106 2102 3210 2140 non
3257 2089 3500 2154 potuisse

1931 2168 2030 2225 ner-
2047 2155 2112 2225 in
2138 2155 2510 2225 Septuaginta,
2545 2171 2643 2206 nec
2672 2155 2722 2207 in
2744 2164 2926 2207 nostra
2960 2155 3184 2225 Vulgata
3212 2173 3496 2212 sacrorum

1933 2222 2088 2292 157
2125 2225 2383 2276 libroruin
2417 2224 2863 2292 interpretatione
2905 2225 3015 2277 haec
3065 2222 3283 2279 laudata
3324 2249 3348 2279 ιι
3377 2230 3498 2282 ϐιατ-

1930 2309 2109 2368 nieuie
2134 2304 2329 2368 nostro
2355 2295 2598 2368 invenire
2627 2296 2785 2368 verba
2806 2294 2862 2368 “’_
2891 2295 3071 2368 ιΔιρτι
3103 2295 3332 2367 ἠλέησέν
3369 2316 3436 2368 με
3469 2302 3498 2354 ὁ

1926 2362 2057 2426 Θεὸς
2083 2403 2097 2427 ,
2130 2363 2245 2416 ἐστὶ
2277 2381 2368 2434 μοι
2391 2365 2588 2418 πάντα·
2634 2383 2650 2415 ι
2690 2365 2956 2430 Quoniam
2985 2362 3256 2421 Deus—mei
3303 2362 3496 2422 ini-ser-

1929 2445 2013 2488 tus
2052 2444 2154 2499 est,
2189 2445 2316 2488 sunt
2355 2436 2485 2488 mihi
2519 2438 2701 2490 omnia
2725 2437 2788 2488 ‘9.
2820 2454 2838 2486 ι
2879 2435 3278 2492 Posterioribus
3311 2448 3492 2493 autem

1929 2503 2444 2579 borumCleinentis
2475 2505 2804 2579 Stromatum
2842 2506 3175 2579 editionibus
3215 2511 3492 2579 praepositi

1927 2575 1977 2625 in
2005 2590 2192 2628 earum
2229 2577 2472 2644 margine
2506 2578 2839 2630 adnotarunt
2860 2575 3059 2630 Genes.
3098 2591 3226 2640 χχν,
3253 2575 3345 2632 sed
3377 2597 3493 2632 oui-

1925 2645 2053 2714 niuo
2079 2647 2356 2700 mendose.
2380 2644 2514 2698 Nam
2549 2647 2663 2700 haec
2693 2647 2808 2714 ipsa
2838 2648 2997 2699 verba
3033 2644 3218 2702 Jacobi
3265 2659 3394 2702 sunt
3423 2652 3494 2704 ad

1920 2713 2151 2788 Iratreru
2182 2731 2348 2788 suum
2372 2717 2514 2770 Esau
2565 2713 2765 2788 Cenes.
2806 2731 3008 2788 χχχιιι,
3046 2718 3134 2780 Il,
3191 2719 3294 2772 nisi
3347 2723 3491 2788 quod

1923 2785 2063 2854 apud
2099 2783 2450 2854 Septuaginta
2490 2800 2586 2851 pro
2631 2785 2766 2840 διότι
2826 2786 3054 2854 legimus
3110 2787 3192 2840 ὃτι
3218 2827 3232 2851 ,
3267 2800 3322 2842 et
3362 2783 3492 2843 ante

1921 2853 2037 2910 ἔστι
2068 2853 2380 2930 copulativa
2422 2859 2513 2910 καί
2541 2860 2715 2923 posita
2736 2853 2909 2930 est".
2947 2856 3075 2922 Quae
3121 2867 3300 2930 autem
3332 2861 3494 2930 paulo

1921 2935 2043 2991 post
2088 2926 2270 2979 adhuc
2330 2927 2572 2979 citantur
2613 2945 2626 2980 :
2673 2945 2692 2977 ι
2735 2926 2849 2979 Rex
2897 2943 2926 2979 a
2968 2930 3076 2980 Deo
3113 2938 3165 2981 tu
3202 2943 3258 2984 es
3292 2926 3347 2982 iii
3393 2947 3495 2983 no-

1922 2996 2084 3059 bis",
2121 3015 2141 3049 ι
2174 2996 2359 3051 istliaec
2386 2997 2436 3048 iu
2467 2996 2736 3050 Geueseos
2765 3013 2924 3059 xxiii,
2955 2999 3006 3063 b‘,
3039 3000 3239 3067 scripta
3269 3011 3417 3055 sunt.

1994 3067 2144 3122 Hunc
2201 3082 2328 3141 vero
2367 3067 2547 3141 ⁸Ιέιιυιιί
2599 3067 2773 3141 locum
2812 3087 2828 3141 ς
2863 3067 2971 3141 Καὶ
3001 3069 3066 3121 σὺ
3095 3069 3327 3141 λᾴλησον
3357 3073 3492 3126 πᾶσι

1918 3140 2027 3200 τοῖς
2056 3140 2237 3213 σοφοξς
2267 3140 2333 3209 τῇ
2362 3137 2586 3213 ᾷιανοίᾳ,
2613 3137 2706 3202 οὓς
2739 3137 3006 3213 ἐνέπλησα
3036 3137 3252 3210 πνεῦμά
3302 3143 3496 3213 alaeq-

1922 3226 2078 3271 σεως.
2119 3229 2138 3262 ι
2179 3211 2242 3262 Et
2279 3220 2331 3261 tu
2356 3209 2587 3282 loquere
2615 3213 2866 3282 omnibus
2889 3209 3307 3282 sapientibusiu
3341 3209 3497 3282 cogi~

1920 3281 2146 3342 talione,
2178 3293 2312 3348 quos
2354 3281 2568 3347 implevi
2613 3281 2805 3346 spiritu
2847 3295 3038 3332 sensus
3058 3282 3140 3343 “,
3178 3301 3196 3332 ι
3229 3281 3282 3334 in
3325 3285 3494 3335 nullis

1917 3365 2088 3418 sacra:
2116 3353 2410 3417 Scriptura:
2438 3352 2552 3403 sive
2579 3349 2806 3413 Latinis,
2837 3351 2950 3403 sive
2991 3349 3196 3405 Graecis
3224 3392 3239 3415 ,
3295 3353 3489 3407 aliisve

1917 3421 2199 3474 codicibus
2229 3421 2498 3474 Hervetus
2526 3437 2584 3472 se
2612 3424 2879 3488 reperisse
2905 3435 3002 3474 nos
3028 3423 3301 3476 admovet.
3335 3423 3488 3477 Attat-

1919 3507 2038 3544 men
2065 3492 2177 3544 liacc
2202 3492 2424 3544 totidem
2460 3490 2929 3544 verbishabentur
2959 3493 3098 3557 apud
3130 3492 3494 3559 Septuaginta

1918 3561 2084 3613 Exodi
2118 3575 2308 3622 urttt,
2337 3560 2394 3624 5,
2427 3563 2530 3613 nisi
2563 3565 2703 3627 qttod
2739 3577 2835 3626 pro
2883 3562 3098 3630 πνεῦμα
3145 3562 3484 3630 αἰσθήσεως,

1917 3633 2195 3730 ειιιιιιι’;ξυε
2250 3633 2480 3699 legimus
2538 3630 2846 3700 πνεύματος
2903 3633 3100 3701 σοφίας
3150 3632 3244 3684 καὶ
3301 3634 3498 3704 αἰσθή-

1919 3717 2054 3763 σεως
2074 3717 2118 3730 ὀ
2139 3739 2152 3752 .

1987 3774 2032 3823 Α
2063 3769 2208 3823 nullo
2259 3769 2422 3823 etiam
2463 3780 2708 3824 notatum
2757 3779 2842 3825 est
2893 3771 2982 3824 tibi
3045 3771 3158 3824 sint
3216 3772 3320 3824 alia
3373 3773 3490 3828 haec

1922 3843 2114 3904 verba,
2154 3855 2272 3911 qua:
2303 3840 2552 3911 Clemens
2589 3842 2884 3911 Sapientiae
2941 3842 3130 3894 tribuit
3158 3841 3204 3872 ”
3251 3861 3264 3896 :
3321 3843 3492 3911 Σοφία

1917 3912 2081 3979 λέγει·
2125 3911 2185 3964 '0
2222 3910 2278 3962 δὲ
2306 3908 2438 3980 ἐμοῦ
2487 3910 2719 3972 ἀκούων,
2751 3913 3147 3965 κατασκευάσει
3198 3913 3284 3965 ἐπ’
3319 3908 3494 3968 ἐλτὲἱδι

1917 3981 2209 4044 πεποιθώς.
2249 3998 2268 4031 ι
2306 3984 2407 4046 Qiii
2443 3996 2620 4035 autem
2665 3999 2747 4034 ine
2779 3985 2964 4046 audit,
2998 3984 3266 4036 habitabit
3308 3984 3362 4038 in
3395 4003 3491 4052 spe

1917 4054 2218 4106 conlidens.
2261 4069 2280 4103 ι
2320 4060 2388 4122 ιιι,
2423 4064 2572 4106 certe
2619 4054 2714 4116 illa
2768 4069 2873 4106 non
2926 4055 3147 4106 aliunde
3199 4069 3365 4122 quam
3418 4072 3482 4108 ex

1922 4125 2180 4177 Proverb.
2215 4138 2254 4186 t,
2277 4121 2366 4181 53,
2399 4123 2628 4189 accepit.
2666 4124 2754 4175 lilii
2784 4124 2924 4176 hunc
2965 4124 3017 4176 iu
3055 4121 3272 4176 modum
3299 4139 3492 4188 reprae-

1919 4205 2252 4262 sentantur;
2275 4192 2354 4262 δυ
2391 4192 2447 4245 δὲ
2468 4192 2600 4262 ἐμοῦ
2628 4194 2840 4246 ἀκούων
2870 4193 3268 4246 κατασκευάς-ει
3293 4195 3380 4246 ἐπ’
3403 4195 3492 4247 ὲλ-

1920 4263 2051 4316 πέδι.
2088 4263 2140 4316 In
2185 4261 2411 4330 Vulgata
2469 4261 2597 4317 vero
2629 4276 2813 4317 nostra
2847 4282 2860 4317 a
2917 4281 2934 4314 ι
2969 4265 3071 4329 Qui
3109 4281 3194 4317 me
3235 4267 3491 4329 audierit,

1921 4337 2128 4403 absque
2175 4341 2392 4387 terrore
2426 4335 2816 4401 requiescet”.
2867 4352 2884 4384 i
2945 4335 3093 4389 Unde
3135 4335 3364 4403 colligas
3420 4337 3490 4388 ibi

1923 4405 2088 4458 fuisse
2130 4408 2390 4474 quasdam
2425 4405 2624 4474 varias
2656 4406 2938 4474 lectiones,
2992 4418 3047 4459 et
3091 4405 3146 4457 iu
3195 4403 3493 4458 Clementis

1920 4476 2106 4528 codice
2139 4473 2405 4540 adjectum
2441 4473 2732 4537 πεποιθώς.

265 4572 410 4613 raro,
437 4565 490 4606 et
525 4565 581 4604 ut
610 4544 712 4607 loci
745 4565 940 4618 potius,
964 4565 1125 4619 quam
1151 4547 1530 4619 emendationis
1554 4555 1810 4619 upportii-
1845 4555 1888 4608 ο
1995 4545 2109 4619 Non
2146 4545 2304 4619 longe
2331 4556 2513 4619 autem
2544 4554 2734 4619 postea
2767 4545 3146 4619 hocAClemens
3181 4544 3492 4619 Salomonis

263 4636 410 4678 nitas
440 4625 708 4692 exigebat.
743 4617 760 4674 ι
798 4617 1023 4675 Omnem
1059 4636 1218 4692 porro
1274 4624 1416 4692 hunc
1463 4618 1638 4670 locum
1693 4617 1810 4667 ideo

265 4689 641 4760 integrum‘bic
665 4695 1042 4760 descripsimus
1061 4731 1075 4754 ,
1107 4691 1230 4758 quia
1252 4701 1308 4742 et
1328 4689 1576 4760 Clemens
1607 4695 1810 4747 noster,

262 4776 317 4818 et
345 4759 432 4815 alii
458 4766 761 4827 complures
788 4759 888 4815 non
923 4764 1040 4814 aliis
1065 4766 1263 4824 verbis,
1289 4775 1449 4828 quant
1481 4759 1587 4820 bis,
1621 4772 1739 4824 qua:
1765 4771 1816 4806 in

261 4835 489 4890 Actibus
518 4838 879 4900 apostolorum
897 4835 1184 4885 habentur.
1219 4848 1236 4880 ι
1272 4831 1454 4900 Ignoto
1474 4829 1606 4890 Deo,
1627 4846 1646 4877 ι
1669 4842 1817 4900 aram

264 4898 677 4960 Atltenieiisiuin
736 4904 1048 4969 inscriptam
1095 4902 1263 4954 fuisse
1299 4898 1686 4955 contendunt.
1749 4898 1820 4948 At

265 4980 382 5030 haec
415 4976 557 5027 inter
586 4975 744 5027 hosce
777 4976 1069 5040 scriptores
1088 5011 1102 5036 ,
1132 4981 1187 5024 et
1216 4972 1363 5025 illum
1396 4969 1818 5024 commentario-

263 5063 382 5102 rum
407 5048 458 5098 iii
498 5044 602 5097 Τιιι
635 5046 916 5113 epistolam
944 5052 1219 5096 auctorem
1246 5041 1607 5107 discrepantia
1631 5057 1693 5093 eo
1721 5054 1820 5090 iiii-

265 5133 368 5172 nus
400 5118 492 5170 tibi
520 5115 782 5168 mirabilis
816 5113 988 5167 videri
1022 5115 1196 5172 debet,
1235 5130 1341 5180 quo
1369 5113 1817 5180 ll'iugISJIOIIIIUIII

265 5191 638 5246 subdubitant,
676 5201 856 5238 utrum
888 5184 1072 5236 istliaec
1104 5184 1153 5234 in
1193 5179 1486 5249 Epistulam
1532 5179 1638 5232 Titi
1671 5197 1822 5233 cum-

269 5263 532 5313 tuentaria
580 5261 647 5311 ab
700 5258 1031 5323 Hieronymo
1083 5269 1270 5320 reapse
1313 5254 1551 5320 profecta
1595 5251 1818 5304 fuerint.

266 5334 366 5397 Qui
398 5333 548 5398 plura
581 5334 646 5382 de
684 5330 785 5382 hoc
817 5322 969 5380 Am.
1002 5325 1346 5376 heinisticbio
1377 5333 1430 5376 et
1474 5323 1560 5373 illa
1590 5339 1715 5398 aras
1737 5322 1820 5371 iti-

268 5392 565 5471 sci-iptioiie
589 5402 732 5453 scire
753 5400 932 5463 cupit,
970 5398 1015 5448 is
1043 5398 1203 5447 adeat
1228 5398 1456 5447 Actuum
1487 5392 1821 5462 apostolico-

269 5489 386 5526 ruui
418 5476 761 5539 interpretes.

1922 4617 2114 4686 retulit
2135 4614 2355 4668 ell'aium
2375 4615 2420 4686 ’ξ’
2451 4633 2480 4686 εγ
2501 4615 2558 4668 Ὀ
2595 4615 2834 4686 σπείρων
2863 4614 3232 4684 δικαιοσύνην,
3263 4614 3494 4686 ἐργάζε-

1921 4703 2010 4740 ται
2053 4685 2257 4738 πίστιν.
2305 4703 2324 4736 ‹
2383 4685 2485 4751 Qui
2521 4685 2754 4741 seminat
2799 4690 3104 4753 justitiam,
3139 4685 3400 4754 operatur
3429 4689 3492 4736 ti—

1922 4759 2066 4812 dem.
2109 4775 2126 4806 »
2151 4756 2256 4810 Sed
2289 4757 2341 4808 in
2373 4758 2724 4825 Septuaginta
2760 4759 3009 4811 versione
3048 4757 3128 4809 sic
3175 4758 3490 4825 legitur.....

1922 4826 2163 4898 Λήψεται
2201 4826 2390 4897 μισθὸν
2423 4827 2612 4880 πιστόν
2635 4871 2648 4891 ,
2689 4844 2708 4877 ι
2752 4826 2964 4880 tideleui
3002 4828 3304 4898 mercedem
3339 4827 3490 4898 acci-

1923 4891 2032 4965 piet
2050 4897 2118 4950 ’⁷.
2149 4916 2167 4949 i
2202 4891 2331 4963 Quae
2351 4899 2565 4964 quidem
2595 4899 2798 4950 idcirco
2829 4899 3175 4958 adnotaums,
3205 4896 3332 4963 quia
3355 4891 3493 4965 Her-

1922 4964 2080 5022 vetus
2110 4972 2366 5021 observat
2391 4969 2552 5020 facile
2584 4969 2817 5035 perspici
2864 4983 2972 5020 nou
3021 4981 3179 5033 posse
3217 4964 3494 5035 queinodo

1924 5039 2037 5091 haec
2078 5054 2200 5092 cum
2231 5039 2600 5106 superioribus
2633 5034 2957 5091 cohaereant.
2989 5037 3058 5089 At
3093 5051 3159 5089 ex
3197 5037 3376 5089 allatis
3402 5034 3498 5106 See

1924 5110 2207 5177 ptuaginta
2248 5105 2450 5162 Senum
2484 5109 2666 5161 verbis
2710 5110 2755 5160 is
2795 5109 3007 5160 videtur
3049 5109 3292 5158 auctoris
3321 5105 3496 5159 nostri

1923 5195 2043 5233 esse
2068 5194 2305 5233 sensus:
2353 5179 2556 5241 Graeci,
2587 5179 2679 5246 qui
2731 5191 2878 5230 recte
2927 5177 3283 5245 philosophati
3342 5189 3494 5246 sunt,

1926 5249 2094 5302 Deum
2127 5264 2224 5316 per
2245 5251 2482 5319 speciem
2516 5243 2769 5319 viderunt
2798 5243 3203 5319 perlucentem,
3231 5262 3295 5299 ac
3323 5246 3405 5299 sui
3439 5243 3493 5319 iu

1926 5316 2304 5390 investiganda
2334 5321 2566 5372 veritate
2598 5318 2801 5372 laboris
2841 5318 3176 5381 mercedem,
3197 5330 3384 5369 veram
3413 5316 3501 5370 ui-

1925 5391 2123 5444 mirum
2162 5391 2345 5454 Iidem,
2379 5398 2731 5458 acceperunt.

1996 5459 2155 5514 Nulla
2194 5461 2370 5514 adhuc
2397 5459 2452 5513 in
2483 5455 2950 5514 Clementtnorum
2992 5471 3218 5526 Operuin
3258 5455 3497 5510 editione

339 5621 380 5652 “
410 5619 611 5674 Strom.
644 5617 679 5669 I.
718 5633 758 5680 t,
788 5632 841 5686 p.
866 5615 994 5672 299.
1071 5615 1114 5646 "
1136 5613 1285 5686 Hier.
1323 5610 1610 5686 epiSILBI,
1651 5565 1902 5686 adding."
1970 5609 2016 5640 “
2045 5611 2166 5686 Act.
2196 5623 2320 5672 xvn,
2345 5606 2443 5686 28:
2486 5606 2562 5686 _"
2590 5604 2626 5659 I.
2662 5621 2699 5686 ι,
2724 5621 2782 5686 Β.
2807 5602 2930 5658 515.
3080 5598 3389 5686 Ειιεειιλιὶιι.
3405 5613 3500 5686 xiii

269 5693 502 5759 Praepar.
539 5704 648 5752 ενη
673 5683 800 5753 Cap.
830 5691 892 5743 Η.
915 5699 969 5740 et
1000 5687 1084 5748 15.
1113 5704 1164 5755 p.
1204 5685 1307 5739 666
1348 5697 1401 5739 et
1430 5683 1558 5759 ἠδη.

269 5781 320 5830 p.
352 5758 476 5817 405.
559 5760 601 5790 ⁸⁸
624 5760 821 5812 Grues.
866 5774 1060 5821 χχχιιι,
1099 5764 1180 5830 tt.
1257 5758 1460 5830 “Ibid.

270 5824 315 5865 ⁵⁸
355 5831 558 5887 Strom.
627 5833 718 5882 lib.
783 5847 854 5892 ii,
916 5847 1038 5897 pag.
1097 5827 1222 5882 520.
1295 5827 1340 5860 “
1396 5825 1555 5880 I’rov.
1614 5840 1672 5890 I,
1723 5824 1810 5877 35.

594 5926 858 5984 ΡΛτιιοι..
905 5924 1023 5984 Gn.
1058 5923 1168 5985 IX.

1691 5682 1730 5711 ¹⁷
1759 5684 2068 5734 Comment.
2103 5681 2158 5732 iu
2200 5696 2322 5748 cap.
2356 5695 2372 5732 ι
2406 5678 2576 5744 Epist.
2613 5680 2678 5729 ad
2723 5676 2832 5729 'I'it.

1558 5753 1600 5784 ¹¹
1639 5752 1831 5807 Cenes.
1868 5767 2021 5815 xutl,
2053 5750 2107 5804 6.
2207 5751 2251 5781 ³⁸
2286 5750 2488 5802 Stroui.
2516 5750 2550 5801 Ι.

1614 5840 1628 5877 l
1657 5866 1672 5890 ,
1723 5824 1810 5877 35.
1889 5823 1934 5854 “
1959 5826 2163 5876 Strom.
2199 5820 2234 5872 Ι.
2269 5836 2307 5884 ι,
2343 5836 2395 5890 p.
2425 5820 2550 5874 316.

2963 5672 3006 5704 ¹⁸
3037 5674 3130 5726 lib.
3165 5687 3200 5726 ιι
3259 5672 3494 5732 Strom.,

2207 5751 2251 5781 ”
2271 5741 2488 5802 'Stroui.
2516 5748 2552 5801 Ι.
2579 5765 2616 5814 ι,
2643 5766 2694 5814 p.
2726 5749 2850 5802 281.
2949 5743 2996 5775 ⁸⁸
3033 5747 3202 5798 Exod.
3226 5754 3414 5805 xxviii,
3437 5741 3494 5792 5.

2207 5820 2234 5872 l.
2269 5836 2307 5873 t.
2345 5836 2395 5873 ι).
2425 5820 2550 5873 316.
2630 5821 2670 5852 ³⁷
2701 5819 2860 5873 I’rov.
2899 5831 2974 5873 χι.
3000 5817 3090 5870 21.

2747 5834 2860 5872 rov.
2899 5831 2974 5882 χι,
3000 5831 3090 5870 ιιι.

3079 5911 3154 5973 35
