3948 6314
521 353 656 405 H05

1186 347 1250 401 ΙΝ
1291 347 1708 402 CLEMENTEM
1751 348 1954 402 ALEX.
1998 349 2056 402 D.
2103 348 2187 401 LE
2225 336 2505 402 NOURRY
2554 344 3005 403 DISSEliTATIO
3044 346 3105 402 11.

3583 357 3690 413 Ηοι

586 470 726 546 Alibi
767 469 1020 546 Clemens
1065 477 1248 522 narrat
1269 469 1324 546 *τ’
1361 468 1986 546 Paulum__apostolnm_t
2029 470 2080 524 in
2111 490 2156 546 Α
2185 478 2294 546 tem
2318 482 2546 546 sequere
2571 482 2692 546 me._
2719 487 2735 518 ι
2773 469 2828 546 l_n
2869 466 3102 521 Matthzei
3137 466 3411 546 siquidem
3454 468 3695 546 Evangelio

515 541 737 611 Actibus
770 539 1165 611 apostolorum,
1211 556 1229 589 ι
1265 540 1324 591 ὲν
1348 543 1468 601 ταῖς
1493 537 1759 611 Πράξεσιν
1800 539 1908 592 τῶν
1940 541 2077 593 ditto-

516 610 738 672 στόλων,
768 608 960 664 fecisse
992 608 1376 677 Epicureorum
1436 608 1599 676 atque
1651 610 1818 664 etiam
1859 611 2078 664 Stoico-

515 697 634 735 rum
663 680 1012 748 philosopbiaa
1049 679 1396 732 mentionem.
1439 680 1545 733 Sed
1601 680 1652 732 in
1698 695 1806 748 quo
1857 679 2080 747 hujusce

515 751 638 806 libri
669 752 785 804 loco
811 750 864 802 id
893 757 1170 811 occurrat,
1222 748 1399 803 nullus
1457 749 1858 803 animadvertit.
1910 749 2079 804 Nobis

513 835 641 874 vero
667 822 756 874 vix
787 819 928 874 ullus
954 820 1168 873 videtur
1217 834 1336 873 esse
1383 820 1688 889 ambigemli
1731 819 1900 882 locus,
1949 822 2078 888 quin

515 891 586 945 ibi
617 899 836 944 notetur
862 891 1094 944 Actuum
1122 905 1240 957 cap.
1269 904 1400 957 xvn,
1451 889 1537 953 l8,
1565 889 1652 944 ubi
1691 891 1740 942 hi
1771 892 2075 958 philosophi

515 961 831 1014 nominatim
865 959 1223 1030 appellantur.
1261 958 1379 1025 Quo
1405 961 1624 1028 quidem
1653 963 1717 1013 de
1750 960 1868 1014 loco
1899 969 2079 1014 exstat

513 1030 798 1093 Augustini
827 1030 876 1082 in
908 1045 1043 1084 nova
1071 1030 1309 1082 editione
1361 1031 1621 1084 adversus
1671 1031 1970 1098 Epicureos
2023 1040 2078 1084 et

515 1101 724 1154 Stoicos
753 1101 1076 1154 centesimus
1097 1110 1151 1152 et
1177 1101 1655 1168 quinquagesimus
1685 1115 1888 1154 sermo.

587 1171 883 1239 Scriptoris
904 1171 1115 1223 demum
1144 1172 1443 1238 seriptique
1477 1170 1639 1222 tacito
1677 1171 1920 1235 nomine,
1962 1169 2077 1226 haec

513 1242 760 1295 Clemens
791 1255 820 1292 a
853 1240 1066 1293 nemine
1097 1240 1332 1295 indicata
1373 1239 1560 1292 retulit
1588 1239 1674 1292 7’:
1714 1257 1732 1290 t
1777 1240 1891 1308 Ipse
1929 1242 2074 1293 enim

516 1313 650 1363 dixit
684 1327 699 1362 :
729 1308 842 1362 Non
875 1319 924 1363 te
949 1309 1237 1373 dimittam,
1282 1323 1455 1377 neque
1486 1308 1820 1376 derelinquo,
1877 1317 1936 1363 ut.
1984 1311 2075 1378 qui

518 1391 567 1433 te
596 1381 812 1448 dignum
836 1379 1187 1447 judicaverim
1217 1390 1438 1448 propter
1467 1393 1649 1432 veram
1678 1387 1733 1432 et
1762 1393 2075 1448 germanam

514 1451 833 1503 electionem
871 1449 935 1504 ⁷⁸.
971 1467 989 1500 ι
1026 1449 1094 1501 At
1122 1448 1374 1503 hicloeus
1400 1450 1620 1502 totidem
1655 1449 1833 1502 verbis
1867 1448 1921 1502 in
1945 1449 2077 1518 Epi-

515 1520 651 1574 stola
683 1521 748 1572 ad
777 1518 1030 1573 Hebrmos
1067 1520 1334 1585 occurrit;
1379 1518 1592 1572 etiamsi
1646 1519 1922 1585 primitus,
1979 1520 2076 1574 sed

516 1605 621 1643 non
673 1591 860 1644 eodem
904 1589 1064 1659 plane
1110 1589 1295 1654 modo,
1351 1589 1404 1642 iu
1447 1589 1590 1643 libro
1631 1589 1797 1644 Josue
1839 1589 2078 1644 invenia-

518 1669 606 1713 tur
629 1661 698 1713 ⁷⁸.

589 1729 756 1783 Porro
794 1739 971 1782 autem
1017 1737 1304 1797 antequam
1355 1729 1441 1784 his
1496 1728 1654 1782 finem
1706 1728 2074 1798 imponamus,

519 1801 626 1854 duo
662 1801 838 1854 adhuc
868 1799 1203 1853 observanda
1230 1808 1372 1853 sunt.
1405 1799 1472 1853 Et
1515 1799 1689 1868 primo
1739 1800 1954 1866 quidem
1982 1801 2069 1852 tibi

515 1871 763 1925 Clemens
793 1870 1080 1923 Marcionis
1120 1869 1397 1936 impugnat
1430 1878 1728 1924 sectatores
1754 1871 1801 1903 "
1830 1887 1846 1923 :
1888 1887 1908 1921 ι
1935 1869 2072 1935 Quid

519 1941 584 2000 si,
616 1940 817 2008 inquit,
855 1945 1124 2008 usurpem.
1163 1954 1346 1992 vocem
1373 1937 1605 1997 Domini.
1647 1939 1736 2008 qui
1792 1938 1922 1994 dicit
1952 1939 2072 1992 Phi-

518 2009 661 2080 lippo
697 2026 711 2063 :
745 2011 874 2063 Siue
906 2019 1147 2063 mortuos
1169 2009 1397 2078 sepelire
1432 2019 1672 2064 mortuos
1697 2024 1845 2074 suos,
1881 2017 1935 2062 tu
1977 2023 2072 2062 au-

2185 540 2299 592 htec
2329 539 2545 610 quidem
2576 537 2744 610 verba
2790 538 2970 606 legere
2991 547 3092 594 est.
3124 538 3376 606 quamvis
3407 545 3695 610 lrauspasita,

2181 617 2346 678 atque
2367 608 2524 661 aliter
2550 608 2691 678 apud
2722 606 2920 661 Lucam
2950 617 3419 676 repraesententur
3441 610 3502 660 '”.
3543 606 3696 668 verm

2182 686 2411 748 uterque
2441 677 2769 746 evangelista
2808 677 2974 748 illius,
3007 692 3165 748 aquo
3188 678 3311 731 htec
3342 679 3477 748 dicta
3509 680 3697 747 fuerunt,

2180 747 2374 803 nomen
2405 748 2640 817 penitus
2682 748 2886 802 Omisit.
2937 747 3086 802 Unde
3115 761 3269 817 ergo
3309 747 3557 817 _Clemeus
3591 751 3700 804 llat-

2179 815 2422 873 cionisve
2470 816 2697 871 assecla:
2745 825 3077 887 acceperunt
3114 815 3260 870 hunc
3309 815 3591 886 Philippum
3633 839 3704 874 το.

2179 889 2333 942 cari?
2367 887 2621 955 Nunquid
2655 903 2720 940 ex
2750 903 2834 953 eo,
2858 890 3002 957 quod
3032 887 3234 954 saepius
3258 887 3327 937 ab
3353 889 3532 957 eodem
3560 901 3704 944 nostro

2179 957 2452 1013 Clemente
2503 959 2729 1012 citatum
2782 955 3040 1028 vidimus,
3089 957 3395 1028 secundum
3445 955 3702 1028 Egyptios,

2183 1030 2260 1082 vel
2289 1030 2468 1096 potius
2503 1030 2801 1081 secundum
2840 1027 3101 1082 Hebraeos
3136 1024 3469 1093 Evangelia?
3514 1024 3704 1082 A't'rmn

2177 1108 2466 1166 utrumque
2502 1113 2606 1151 non
2651 1107 2844 1159 exstet,
2895 1097 3030 1152 nihil
3064 1099 3164 1152 hac
3195 1098 3268 1151 de
3315 1111 3372 1149 re
3417 1106 3560 1152 certo
3592 1099 3709 1169 quiis-

2177 1184 2340 1238 quam
2373 1178 2616 1222 statuere
2647 1169 2866 1222 audeat.

2251 1238 2501 1293 Secundo
2528 1237 3070 1292 animadvertendum
3101 1247 3185 1293 est
3216 1235 3547 1292 Clementem
3576 1248 3709 1291 testa-

2180 1316 2295 1361 tum
2330 1309 2375 1342 ⁷³
2410 1307 2551 1378 alibi
2592 1308 2790 1363 fecisse
2830 1309 3128 1376 principem
3184 1307 3608 1378 publicanorum,
3637 1312 3706 1376 qui

2178 1377 2410 1432 Domino
2445 1377 2583 1430 dixit
2618 1394 2634 1430 :
2673 1396 2691 1428 t
2729 1379 2866 1431 Ecce
2896 1377 3481 1432 dimidium’bonorum
3512 1393 3708 1432 meorum

2177 1449 2270 1513 do,
2315 1467 2332 1499 ι
2363 1446 2752 1519 ἐλεημοσύνην,
2783 1447 3181 1517 eleemosynam
3233 1446 3446 1519 (velut
3473 1449 3598 1519 apud
3625 1447 3710 1499 Lu-

2177 1532 2295 1571 cam
2330 1517 2575 1585 legimus,
2616 1521 2728 1578 τοῐς
2755 1520 2991 1586 πτωχοῖς
3013 1561 3025 1579 ,
3075 1537 3094 1569 t
3123 1517 3458 1586 pauperibus
3490 1535 3509 1567 ›
3537 1517 3627 1584 7’),
3659 1521 3709 1572 ab

2180 1588 2459 1655 aliquibus
2478 1586 2762 1640 Zacbaenm
2787 1586 2932 1640 etab
2974 1587 3096 1642 aliis
3142 1588 3432 1641 Matthiam
3481 1589 3711 1654 cognomi-

2176 1659 2317 1711 nari.
2351 1661 2556 1712 Auctor
2615 1673 2742 1711 vero
2789 1656 3247 1727 Recognitionum,
3303 1671 3425 1723 qtnn
3463 1655 3710 1709 Clementis

2176 1730 2396 1782 nomine
2443 1728 2922 1789 circumferuntur,
2967 1729 3110 1780 hunc
3164 1727 3454 1779 Matthiam
3505 1727 3708 1779 eumdem

2175 1809 2339 1867 atque
2362 1798 2659 1867 Barnabam
2682 1797 3038 1867 fuisseidocet
3063 1797 3130 1850 ⁸ο.
3180 1815 3197 1846 t
3227 1795 3527 1867 Barnabas,
3557 1796 3710 1867 inquit,

2179 1863 2270 1933 qui
2315 1870 2367 1921 in
2403 1867 2577 1921 locum
2611 1865 2760 1920 Juda:
2794 1866 3120 1935 subrogatus
3153 1877 3242 1920 est
3269 1866 3557 1935 apostolus.
3587 1887 3603 1914 ι
3631 1863 3710 1918 Sed

2177 1953 2297 2005 quae
2337 1937 2471 1990 fides
2522 1936 2649 1991 huic
2701 1937 2953 2006 scriptori
3007 1938 3260 1992 habenda
3297 1939 3392 2001 sit,
3446 1939 3570 1990 satis
3612 1937 3709 1990 abbi

2178 2009 2517 2062 Ostendimus
2546 2007 2620 2059 ³¹.’
2756 2010 2759 2012 ’

1857 2209 2234 2299 CAPUT
2304 2213 2417 2300 V.

524 2371 613 2431 De
653 2368 934 2431 virorum
969 2365 1500 2444 apostolieorum,
1547 2373 1610 2428 et
1649 2367 1923 2427 aliorum
1960 2367 2565 2443 antiquissimorum
2611 2367 2992 2444 scriptorum
3046 2366 3362 2440 operibus
3397 2367 3471 2428 de
3515 2362 3710 2424 divinis

871 2445 1329 2508 traditionibus
1361 2463 1487 2506 non
1534 2445 1812 2525 scriptis,
1845 2464 1917 2507 ac
1947 2446 2027 2508 de
2063 2464 2225 2508 verte
2261 2447 2561 2509 Ecclesiae
2587 2447 2762 2510 notis
2798 2454 2861 2507 et
2893 2445 3402 2507 character-ibus.

1061 2640 1455 2698 ARTICULUS
1501 2641 1541 2698 1.

524 2755 598 2810 De
629 2755 890 2809 Barnaba:
912 2755 1151 2822 epistola,
1174 2755 1237 2808 de
1269 2755 1415 2808 libris
1449 2753 1681 2821 Hermae,
1729 2757 1792 2810 de
1841 2755 2086 2810 Clemen—

593 2831 662 2880 tis
739 2825 961 2880 Romani
1033 2826 1272 2891 epistola,
1357 2827 1420 2878 de
1485 2827 1716 2895 antiquis
1775 2828 2087 2894 quibusdam

590 2896 880 2964 Scriptura:
950 2912 1114 2949 sacra:
1176 2895 1579 2965 interpretibus,
1627 2912 1689 2950 ac
1748 2896 1810 2948 de
1875 2895 2088 2950 Tutiani

589 2977 638 3020 et
667 2967 913 3019 Cassiani
942 2965 1170 3032 scriptis.

590 3059 796 3112 I'rzeter
839 3073 991 3110 sacra
1028 3055 1240 3110 Veteris
1294 3053 1536 3123 Novique
1579 3055 1912 3110 Testatnenti
1952 3057 2089 3111 scri-

2196 2640 2669 2710 thodoxographize
2696 2639 3025 2695 editionibus
3055 2638 3368 2706 divulgatus
3419 2648 3519 2700 est,
3549 2638 3624 2692 ubi
3650 2639 3706 2691 ci-

2198 2723 2304 2767 tata
2342 2729 2369 2764 a
2394 2713 2667 2766 Clemente
2701 2721 2885 2764 nostro
2915 2712 3073 2764 verba
3110 2718 3433 2763 occurrunt.
3462 2710 3536 2762 An
3569 2719 3703 2761 autem

2196 2783 2286 2837 ille
2315 2781 2453 2836 liber
2481 2782 2840 2850 apocryphus,
2873 2789 2966 2833 aut
3011 2795 3172 2833 verus
3208 2781 3573 2850 genuinusque
3606 2777 3704 2830 μετ.

2197 2868 2299 2907 mae
2329 2851 2471 2906 fetus
2503 2853 2606 2906 dici
2637 2849 2856 2916 debeat,
2883 2866 2912 2902 a
2945 2851 3102 2904 nobis
3131 2867 3234 2904 stto
3273 2849 3394 2904 loco
3422 2850 3704 2904 demonstra-

2194 2931 2306 2977 tum
2337 2937 2458 2976 esse
2479 2931 2730 2991 putamus
2756 2921 2824 2974 ³⁵.

2267 2992 2427 3045 Multa
2464 2988 2677 3061 quoque
2716 3001 2905 3044 auctor
2939 2999 3119 3061 noster
3149 3003 3218 3043 ex
3241 3004 3379 3061 vera
3420 2988 3704 3061 genuinaque

2193 3063 2294 3117 sibi
2329 3059 2669 3130 cognotttinis
2701 3061 2996 3114 Clementis
3015 3059 3253 3130 Romani
3284 3060 3505 3128 epistola
3532 3059 3699 3130 hausit,

526 3138 639 3197 pta,
677 3129 746 3197 ab
792 3127 1104 3180 auctoribus
1152 3135 1338 3197 sancto
1387 3125 1590 3197 Spiritu
1631 3127 1825 3181 afllatis
1867 3142 2090 3194 compo-
2117 3129 2161 3190 C
2194 3149 2257 3187 ac
2290 3125 2514 3187 totidem
2547 3131 2730 3184 retulit
2763 3132 2966 3184 verbis.
3001 3129 3118 3183 Jam
3150 3145 3287 3183 vero
3318 3125 3384 3183 de
3415 3145 3474 3182 ea
3504 3129 3695 3195 aliquid.

528 3195 652 3261 sita,
690 3195 941 3250 Clemens
969 3207 1148 3249 noster
1188 3196 1436 3266 aliorum,
1473 3196 1665 3266 quiret.
1717 3198 1919 3265 primas
1972 3208 2090 3266 post

526 3284 620 3322 cos
669 3277 871 3330 tenent,
911 3275 967 3318 et
996 3265 1242 3333 discipuli
1300 3265 1514 3320 illorum
1574 3265 1812 3330 fuerunt,
1849 3268 2092 3334 epistolis

521 3346 576 3392 et
605 3336 758 3390 libris
791 3336 842 3388 in
893 3335 1212 3389 Christiana:
1253 3335 1531 3403 religionis
1579 3336 1954 3403 defensionem
1992 3338 2093 3392 uti-

525 3417 631 3472 tur,
662 3416 822 3474 atque
860 3406 1096 3475 ipsorum
1147 3405 1470 3459 auctoritate
1521 3405 1808 3473 dogmata,
1858 3406 2016 3462 nobis
2059 3424 2088 3461 a

523 3477 741 3532 Christo
774 3476 1002 3534 credita,
1032 3484 1336 3544 propugnat
1367 3485 1422 3528 et
1451 3485 1648 3528 tuetur.
1685 3475 1818 3529 Eam
1857 3491 1989 3531 sane
2019 3479 2089 3532 ob

523 3561 742 3600 causam
780 3545 900 3599 illos
926 3559 1032 3598 non
1066 3543 1239 3598 solum
1284 3543 1741 3614 locupletissimos
1769 3547 1964 3600 divina:
1995 3563 2084 3602 ve-

525 3618 702 3671 ritatis
737 3625 901 3670 testes
925 3615 1080 3678 citat,
1137 3614 1228 3667 sed
1275 3614 1432 3683 longa
1480 3616 1641 3669 etiam
1675 3629 1743 3670 ex
1770 3618 1937 3670 variis
1970 3617 2088 3670 illo-

525 3686 1057 3754 rumscriptionibus
1107 3685 1367 3738 describit
1398 3685 1717 3754 fragmenta,
1770 3689 1966 3754 quibus
1990 3687 2089 3740 fal-

521 3771 612 3810 sas
659 3756 958 3810 errantium
1020 3756 1295 3808 hominum
1343 3756 1628 3822 Opiniones
1674 3762 1730 3809 et
1781 3769 2086 3812 commenta

523 3827 821 3894 impugnat,
847 3841 911 3880 ac
942 3825 1182 3878 funditus
1210 3824 1420 3878 evertit.

590 3892 636 3950 Α
674 3892 936 3949 Barnaba:
968 3904 1146 3948 autem
1175 3895 1400 3960 epistola
1442 3892 1654 3947 initium
1697 3902 1756 3948 ut
1799 3895 2084 3962 dncanms,

525 3965 674 4032 plura
703 3980 836 4019 sane
865 3980 932 4018 ex
949 3979 1012 4018 ea
1042 3963 1292 4034 Clemens
1313 3964 1582 4031 decerpsit
1609 3964 1677 4027 ⁸³,
1733 3981 1851 4034 quae
1875 3981 1904 4019 a
1931 3969 2087 4023 nobis

521 4037 649 4089 alibi
678 4044 1063 4104 repraesentata
1097 4044 1247 4104 stitit.
1279 4033 1457 4085 Primo
1490 4045 1672 4088 autem
1717 4033 1943 4103 hujusce
1977 4038 2084 4104 Αρ-

521 4103 748 4172 put-atus
769 4105 934 4158 nostri
966 4105 1018 4158 in
1053 4103 1190 4156 libro
1221 4118 1324 4155 non
1373 4105 1595 4168 frustra,
1631 4104 1732 4158 nisi
1783 4122 1880 4161 nos
1930 4103 2085 4162 mens

524 4182 705 4229 nostra
736 4175 909 4237 fallat,
948 4181 1177 4243 probare
1211 4175 1395 4226 conati
1435 4189 1623 4227 sumus
1675 4173 1721 4205 ⁸³
1754 4173 2078 4240 Bai-nabant,

523 4259 682 4314 quem
708 4245 848 4314 idem
876 4255 1067 4297 auctor
1105 4253 1288 4296 uoster
1312 4259 1415 4297 non
1445 4246 1611 4297 semel
1650 4261 1669 4294 ι
1695 4247 1998 4313 apostolum
2029 4258 2084 4300 et

523 4313 899 4382 apostolicum,
938 4325 1098 4382 atque
1127 4328 1288 4366 unum
1328 4329 1395 4367 ex
1427 4315 1769 4383 septuaginta
1821 4332 1885 4370 ac
1933 4316 2080 4370 Pauli

522 4384 825 4438 auditorem
865 4403 885 4437 ι
915 4393 1212 4451 nuncupat,
1244 4399 1426 4437 verum
1472 4400 1594 4438 esse
1648 4385 1805 4452 hujus
1841 4388 2082 4456 epistolae

521 4472 548 4504 ει
559 4463 790 4506 ttclorctn
801 4491 814 4504 .

591 4521 700 4594 hee
733 4523 985 4594 pauciora
1025 4537 1157 4576 sane
1185 4537 1250 4594 ex
1291 4522 1500 4578 Henna:
1527 4524 1688 4588 libro,
1733 4528 1822 4594 qui
1879 4523 2078 4579 Pastor

519 4592 741 4656 dicitur,
778 4592 1078 4662 fragmenta
1114 4595 1164 4645 itt
1194 4593 1364 4647 libros
1394 4611 1520 4647 suos
1555 4592 1804 4648 Clemens
1841 4605 2079 4650 transtu-

520 4664 582 4715 ht
611 4662 677 4716 ³⁸.
712 4662 818 4717 Nos
850 4679 976 4717 vero
1004 4678 1122 4730 quin
1156 4678 1220 4718 ex
1252 4664 1343 4717 illo
1371 4666 1486 4731 ipse
1515 4664 1762 4718 Clemens
1789 4667 2074 4730 delibavit,

520 4736 729 4802 integra
758 4733 886 4787 alibi
919 4749 1130 4802 quoque
1161 4735 1520 4788 exhibuimus.
1544 4736 1625 4787 Ad
1650 4738 1884 4803 priorem
1911 4752 2078 4804 porro

522 4804 692 4871 ipsius
723 4806 922 4867 locum,
971 4806 1037 4856 ab
1079 4806 1265 4857 eodem
1320 4814 1542 4857 auctore
1588 4814 1772 4858 nostro
1823 4807 2074 4870 citatum,

520 4886 625 4926 duo
657 4876 911 4927 observat
940 4872 1204 4926 Hervetus
1241 4890 1253 4925 :
1302 4875 1476 4940 primo
1506 4875 1648 4928 hunc
1697 4874 1892 4928 librum
1933 4878 2078 4929 inter

521 4945 860 5012 apocryphos
885 4945 1220 5011 computari;
1257 4945 1494 4996 secundo
1529 4959 1614 5008 ea,
1660 4958 1778 5012 quae
1825 4945 2078 5000 Clemens

518 5027 587 5083 ex
622 5012 715 5067 illo
749 5015 1055 5081 descripsit,
1085 5029 1190 5065 noti
1226 5013 1452 5066 inveniri
1481 5014 1531 5067 in
1562 5015 1674 5078 illo,
1701 5017 1789 5083 qui
1821 5031 1986 5083 nuper
2019 5019 2073 5069 in

521 5082 844 5137 bibliotheca
871 5089 1050 5136 editus
1071 5091 1178 5138 est.
1212 5083 1316 5136 Sed
1340 5096 1460 5150 qua:
1487 5086 1555 5136 sit
1586 5086 1700 5138 base
1718 5082 2075 5151 bibliotheca,

524 5151 682 5223 160
707 5154 950 5206 divinare
976 5167 1080 5223 n_on
1109 5167 1413 5220 possumus.
1447 5153 1495 5206 ls
1524 5154 1669 5207 enim
1688 5155 1820 5208 liber
1849 5171 1954 5209 non
1990 5170 2078 5207 so-

521 5220 724 5277 tutit'in
768 5225 936 5277 variis
988 5220 1332 5278 Bibliotheca:
1365 5223 1605 5288 Patrum,
1655 5228 1749 5278 sed
1783 5226 1946 5280 etiam
1974 5223 2077 5279 Or-

589 5457 634 5487 "
665 5456 868 5511 Strom.
899 5456 934 5510 l.
961 5472 995 5518 t,
1024 5471 1074 5526 p.
1103 5455 1228 5511 295.
1305 5455 1351 5486 ⁷³
1380 5455 1578 5526 Strom.
1600 5457 1636 5510 l.
1670 5472 1731 5520 tt,
1760 5472 1812 5526 p.
1841 5456 1966 5510 “5.

516 5542 598 5589 tn.
631 5541 685 5595 p.
715 5527 836 5580 456.
936 5527 978 5556 ⁷⁷
1011 5525 1199 5580 Matth.
1230 5540 1349 5588 vnt,
1388 5525 1488 5590 2!;
1531 5525 1657 5579 Luc.
1701 5525 1774 5590 ix,
1808 5527 1895 5581 59.

517 5614 662 5720 ἕως..
707 5595 858 5678 560,
910 5612 958 5664 p.
1008 5596 1134 5649 414.
1230 5597 1271 5628 ⁸⁸
1479 5611 1494 5649 t
1547 5598 1612 5663 Λις

556 5665 643 5719 77.
724 5667 769 5698 ⁵³
800 5667 915 5720 Lib.
957 5684 970 5718 t
1038 5668 1257 5734 Appar.,
1309 5667 1525 5719 dissert.
1557 5665 1612 5718 5.

519 5753 588 5793 tv.
645 5752 692 5804 p.
745 5736 932 5798 505,-l.
966 5751 1039 5800 VI,
1086 5754 1136 5804 p.
1179 5737 1281 5791 658
1312 5743 1368 5788 et.
1396 5737 1519 5791 679.

519 5805 627 5876 εὖ.
727 5807 768 5838 ⁸⁷
813 5810 1010 5860 διτοιιι.
1045 5807 1134 5858 lio.
1171 5821 1218 5871 ι,
1251 5822 1304 5875 p.
1335 5805 1462 5859 289.

2043 5455 2090 5486 "
2119 5455 2289 5524 Epist.
2322 5457 2389 5510 ad
2422 5455 2584 5510 llehr.
2617 5471 2738 5522 xm,
2770 5455 2822 5508 5.

1230 5540 1349 5588 vin,
1388 5525 1488 5590 2!;
1531 5525 1657 5579 Luc.
1701 5525 1774 5590 ix,
1808 5527 1895 5581 59.
1974 5525 2020 5556 ⁷⁸
2047 5526 2248 5581 Strom.
2276 5529 2310 5580 Ι.
2345 5542 2420 5590 tv,

1230 5597 1271 5628 ⁸⁸
1313 5595 1431 5651 Lib.
1479 5611 1494 5649 t
1547 5598 1768 5651 Annam.
1793 5597 2006 5651 dissert.
2041 5596 2128 5649 Η.
2238 5598 2420 5651 δἐιιέ

1417 5639 1431 5651 .
1479 5611 1494 5649 t
1547 5611 2006 5664 Appar.,utssert.
2041 5611 2067 5648 ι

1420 5675 1525 5719 ert.
1557 5665 1612 5718 5.
1712 5666 1757 5697 ⁸⁸
1808 5668 2010 5719 Strom.
2059 5666 2072 5718 Ι

2238 5611 2283 5628 οι
2308 5611 2512 5651 atrum.
2541 5611 2577 5650 ι.
2611 5613 2666 5660 ιι,
2696 5612 2748 5665 p.
2782 5611 2908 5660 ato,
2945 5611 3066 5658 ato,
3119 5611 3245 5656 aeu,
3289 5611 3404 5649 ouo.
3429 5611 3528 5642 om.
3556 5611 3644 5635 ενι-ι

2234 5682 2288 5734 ρ.
2343 5667 2467 5733 3H,
2513 5667 2652 5726 55:3;
2705 5668 2739 5718 ι.
2781 5681 2844 5727 ιι,
2898 5683 2951 5734 μ.
2985 5665 3110 5731 suo,
3139 5666 3266 5730 579,
3306 5662 3399 5716 δε)
3427 5648 3644 5734 esca-{,1-

1621 5736 1665 5766 ⁸⁸
1707 5735 1828 5790 Lib.
1861 5752 1876 5789 ι
1910 5738 2165 5806 Apparat.
2189 5776 2205 5803 ,
2235 5739 2451 5792 dissert.
2483 5737 2538 5791 4.

1550 5807 1595 5838 ⁸⁸
1633 5807 1749 5862 Lib.
1781 5822 1871 5870 vt,
1905 5823 1956 5866 υ.
1995 5806 2117 5860 647.

2191 3204 2342 3273 quod.
2376 3216 2550 3270 neque
2591 3199 2824 3254 llerveto
2867 3211 2973 3273 tam
3016 3199 3432 3273 prolixornurin
3463 3198 3701 3273 Clementis

2192 3265 2364 3327 nostri
2394 3265 2555 3340 opera
2580 3265 3091 3325 commentariorum
3117 3270 3374 3338 scriptori
3397 3311 3410 3331 ,
3439 3281 3592 3340 neque
3612 3265 3699 3340 aliis

2192 3335 2444 3412 ignotum
2467 3357 2590 3395 esse
2621 3341 2850 3413 debebat
2869 3379 2902 3413 ,_
2920 3356 3020 3413 nos
3052 3354 3212 3413 supra
3235 3335 3515 3408 attigimus
3545 3335 3599 3413 'f.
3623 3335 3697 3413 Sed

2191 3405 2257 3467 de
2285 3413 2371 3465 illa
2402 3413 2589 3466 eadem
2623 3411 2847 3478 epistola
2881 3409 3051 3464 fusius
3077 3405 3384 3477 disputandi
3414 3405 3604 3462 oceasio
3625 3405 3698 3457 ali-

2190 3483 2408 3552 quando
2449 3482 2760 3552 sesenohis
2801 3480 3026 3533 forsitan
3069 3479 3280 3552 offeret.
3323 3479 3520 3552 Interea
3557 3487 3692 3552 tanien

2193 3543 2345 3606 lubet
2373 3551 2806 3605 animadvertere
2830 3589 2864 3621 ,ν
2889 3552 3122 3621 primum
3162 3550 3310 3621 illius
3350 3550 3516 3621 locum
3551 3561 3576 3596 a
3605 3543 3697 3621 Cle-

2193 3632 2369 3676 mente
2425 3635 2610 3674 nosu'o
2664 3621 2735 3673 ita
2783 3617 3029 3673 exhiberi
3065 3620 3109 3650 ⁸⁷
3154 3633 3221 3671 :t
3250 3617 3368 3673 λειω
3411 3618 3626 3672 Clemens
3657 3617 3692 3662 in

2189 3692 2416 3758 epistola
2443 3691 2510 3762 ad
2539 3689 2851 3744 Corinthios
2880 3690 2966 3762 his
2990 3690 3169 3743 verbis
3188 3728 3204 3751 ,
3225 3689 3414 3762 inquit
3437 3727 3451 3751 ,
3465 3695 3694 3762 exponens

2189 3755 2549 3815 ditfereutiam
2578 3775 2764 3812 earnm
2786 3800 2801 3824 ,
2835 3761 2925 3828 qui
2956 3770 3084 3813 sunt
3119 3755 3338 3828 probati
3379 3759 3428 3810 in
3460 3755 3690 3829 Ecclesia:

2191 3833 2275 3884 Sit
2313 3831 2509 3900 aliquis
2541 3829 2745 3891 fidelis,
2781 3831 2852 3882 sit
2881 3840 3073 3898 potens
3107 3830 3158 3881 in
3199 3829 3516 3896 esplieanda
3552 3836 3690 3900 cognt-

2190 3903 2373 3964 tione,
2406 3899 2486 3955 sit
2537 3900 2755 3966 sapiens
2809 3901 2860 3952 in
2908 3900 3238 3968 discretione
3288 3907 3606 3968 sermonum,
3638 3899 3688 3968 stt

2190 3974 2490 4038 Stupendus
2520 3970 2571 4021 itt
2598 3965 2872 4038 operibus.
2906 3987 2922 4019 ι
2948 3967 3182 4020 Rursum
3221 3984 3350 4022 vero
3395 3969 3501 4020 hate
3534 3965 3622 4038 alio
3651 3965 3688 4011 in

2190 4032 2328 4093 libro
2371 4039 2599 4108 repetit,
2634 4032 2888 4107 additque
2918 4039 3001 4091 ⁸⁸ς
3031 4055 3050 4088 ‹
3085 4038 3166 4092 Sit
3197 4049 3383 4092 Castus
3416 4047 3468 4089 et
3490 4032 3684 4108 mundus.

2188 4108 2267 4164 Eo
2313 4105 2457 4162 enim
2511 4111 2668 4162 debet
2714 4105 2832 4162 esse
2883 4110 3053 4177 magis
3096 4110 3355 4168 humilis,
3393 4121 3496 4177 quo
3529 4105 3687 4177 videtur

2188 4183 2552 4244 esse-major,
2597 4179 2728 4231 dicit
2766 4173 3016 4232 Clemens
3057 4179 3107 4230 iu
3161 4178 3392 4244 epistola
3442 4176 3500 4228 ad
3542 4173 3686 4226 Cocu-

2187 4252 2354 4304 thios.
2390 4267 2409 4300 ι
2456 4250 2518 4302 Et
2580 4251 2691 4302 haec
2747 4249 2961 4315 quidem
3017 4247 3284 4302 Hervetus
3334 4248 3471 4300 clara
3512 4253 3556 4296 et
3597 4253 3683 4307 per-

2186 4321 2372 4387 spicua
2397 4333 2517 4373 esse
2545 4319 2793 4373 concedit
2823 4357 2838 4382 ,
2871 4319 2962 4371 sed
2997 4323 3271 4385 quomodo
3307 4319 3395 4370 illa
3427 4330 3534 4369 cum
3565 4324 3682 4387 snpgj

2187 4378 2459 4455 riortbus,
2491 4390 2544 4441 in
2574 4389 2763 4458 primis
2795 4378 2925 4440 vero
2969 4378 3088 4440 cum
3114 4387 3577 4458 subsequentibus:
3599 4395 3614 4428 t
3637 4378 3682 4429 Ει

2187 4459 2322 4513 alios
2350 4460 2564 4527 quidem
2592 4472 2654 4511 ex
2686 4459 2804 4526 igne
2836 4458 3044 4525 rapite,
3079 4457 3408 4511 miseremini
3436 4466 3586 4506 autem
3613 4462 3677 4524 βου

2189 4546 2306 4581 rum
2327 4567 2344 4589 ,
2398 4531 2490 4597 qui
2534 4529 2919 4597 discernuntur
2941 4567 2958 4591 ,
2989 4546 3008 4578 ι
3038 4528 3381 4591 cohaereant,
3432 4540 3484 4577 se
3516 4531 3679 4574 besem:

2185 4596 2496 4667 profitetur.
2536 4601 2604 4650 At
2639 4597 2726 4649 ille
2757 4596 2998 4667 profecto
3043 4598 3357 4660 nesciebat,
3404 4597 3505 4667 haec
3542 4597 3676 4658 poste-

2187 4662 2333 4720 riora
2368 4671 2529 4722 verba
2561 4668 2856 4722 Clementis
2889 4666 3116 4719 Romani
3150 4683 3254 4718 non
3288 4679 3421 4719 esse.
3449 4662 3582 4736 Plana
3605 4670 3675 4706 ιδυ-

2187 4746 2292 4791 tem
2328 4747 2382 4790 et
2419 4749 2607 4806 aperta
2653 4748 2736 4789 est
2782 4739 2976 4790 borunt
3023 4738 3311 4789 verborum
3344 4732 3586 4806 cunt_aliis
3607 4739 3674 4803 (ξοο

2187 4801 2490 4878 hazt'entia',
2538 4824 2637 4861 nec
2682 4807 2949 4878 obscurus
2988 4821 3173 4878 eorum
3218 4819 3423 4878 sensus.
3469 4801 3671 4878 minent"!

2184 4875 2436 4930 Clemens
2468 4869 2654 4929 noster
2685 4881 2750 4928 de
2779 4877 3023 4942 sapiente
3056 4876 3314 4936 disserit,
3349 4887 3492 4942 quem
3519 4869 3591 4921 ille
3616 4876 3672 4914 la-

2185 4945 2289 4999 lem
2316 4949 2392 5000 ait
2420 4962 2541 5001 eSse
2571 4948 2768 5000 debere
2791 4986 2804 5009 ,
2837 4950 2926 5013 qui
2956 4947 3162 5014 aliquos
3191 4962 3220 4997 a
3255 4946 3581 4999 fallaciarum,
3607 4949 3669 4983 *δ’

2185 5031 2490 5084 noruntque
2548 5025 2989 5086 argumentorum
3043 5013 3114 5068 ab
3171 5013 3664 5086 aliis»propositum“|

2185 5085 2310 5152 igne
2350 5083 2585 5154 eripiat,
2618 5083 2694 5139 'et
2733 5100 2920 5138 eormn
2964 5087 3058 5154 qui
3097 5100 3129 5139 a
3169 5083 3323 5141 falsis
3340 5083 3665 5154 prophetissa-

2187 5166 2510 5221 cernuntur,
2543 5157 2895 5209 misereatur.

2256 5225 2463 5279 Deinde
2495 5216 2640 5280 'vero
2689 5235 2878 5279 auctor
2915 5233 3100 5278 noster
3152 5239 3292 5280 nanc
3322 5216 3564 5292 epistolam
3588 5221 3662 5264 no-

2939 5456 2982 5486 "
3005 5453 3169 5510 .Iosue
3199 5469 3238 5520 t,
3274 5452 3308 5508 5
3391 5434 3654 5520 "VStromzl-

3303 5523 3347 5555 ⁸⁸
3379 5519 3482 5574 Lib.
3525 5529 3539 5566 ι
3579 5509 3654 5560 Βο-

2460 5543 2514 5595 p.
2556 5528 2683 5580 488.
2787 5525 2832 5558 "
2861 5524 2994 5581 an.
3025 5541 3138 5584 xu,
3166 5527 3221 5579 8.

2238 5574 2514 5651 ἔὶἐίἑοὸιῦζ
2541 5574 2748 5665 ιζἰἶξρ.
2782 5574 3245 5660 δῖίἐῆἑξἙέε),
3289 5592 3404 5665 396.
3429 5587 3528 5642 no.
3545 5574 3644 5665 7571..

2637 5714 2683 5768 ⁵⁸
2880 5714 3412 5805 ti'Appa'rJdissert.
3444 5729 3485 5788 ti,
3514 5714 3551 5772 αξ
3583 5714 3642 5772 ιον
