3948 6314
301 280 350 336 ι
383 282 486 338 105

1562 285 1652 340 DE
1691 285 1916 355 LIBRIS
1956 287 2404 347 STROMATUM.

3459 296 3594 352 11ου

297 401 496 480 Euius
523 398 856 480 Clementis,
895 416 1058 480 quem
1085 403 1397 480 apostolum
1430 413 1746 475 nuncupat,
1778 405 1920 460 hunc
1949 412 1996 470 Α
2029 423 2185 480 esse,
2216 419 2479 480 atqueex
2516 407 2660 480 illius
2692 418 2744 461 et
2776 407 3122 463 Hebraeorum
3156 409 3311 464 libris
3343 412 3495 480 plura
3525 417 3593 468 ab

305 469 531 544 haudet
565 470 872 544 ill‘ﬂlotilllll
906 473 989 528 ⁸⁹ε
1024 491 1043 524 r
1077 469 1329 529 Clemens
1374 489 1590 543 quoque
1619 469 1914 544 'apostolus

303 542 332 594 ἰ
359 560 400 591 ιι
436 539 671 614 Epistola
686 542 775 614 _ad
810 542 1161 614 Corinthios,
1193 545 1304 613 ipse
1339 539 1560 614 quoque
1596 539 1756 598 nobis
1777 585 1793 609 ,
1822 544 1916 599 τύο

301 610 596 685 πᾳν-τινὰ
619 610 713 685 tofi
741 613 1046 680 γνωστικοῦ
1067 654 1082 676 .
1114 610 1436 668 formamet
1471 610 1747 682 exemplar
1776 632 1914 685 gno-

304 681 462 755 stici
489 682 830 746 describens,
854 685 1020 739 dicit:
1047 685 1179 751 Quis
1207 686 1348 755 apud
1373 701 1470 740 vos
1497 681 1738 740 versatus
1765 681 1914 741 omni

305 754 544 807 virtute
567 792 584 818 ,
615 771 633 802 ι
664 765 771 807 etc.
818 755 1056 822 Denique
1089 765 1147 808 ιιι
1181 754 1436 809 ἰιιεειιιθΙ
1474 755 1741 824 simulque
1769 757 1914 810 dica-

309 838 487 885 mus,
519 824 672 890 plura
705 825 926 891 hujusce
949 826 1188 890 epistola:
1217 825 1280 951 ἐξ
1314 827 1366 892 1,
1392 825 1558 890 9,11,
1587 827 1782 907 12,.17,
1819 827 1905 891 18,

309 893 432 951 21.
457 892 548 951 55.
577 893 668 951 56.
695 894 790 951 40.
815 894 904 951 41.
939 897 1029 951 48.
1063 897 1134 951 49
1163 906 1217 951 et
1284 896 1336 951 0.
1374 907 1722 951 transcrmsrt
1768 898 1905 951 fran-

307 893 432 956 21.
457 892 548 956 55,
577 893 668 956 56,
695 894 790 954 40.
814 894 904 968 ﬁl.
939 897 1029 959 48,
1063 897 1134 952 49
1163 892 1336 960 ρι’ῧο,
1374 897 1722 966 transcripsit
1768 898 1915 968 frag-

315 973 523 1037 menta
547 1006 563 1030 ,
588 979 710 1037 qua:
735 965 950 1034 quidem
975 967 1100 1036 quia
1128 968 1423 1037 prolixiora
1451 977 1578 1022 sunt
1597 965 1621 1029 ,’
1641 965 1913 1024 indicasse

313 1033 598 1090 sulﬁciat.
628 1033 817 1090 Obiter
843 1033 1006 1105 porro
1028 1033 1255 1092 observa
1283 1039 1400 1092 haec
1425 1054 1544 1106 qua:
1571 1053 1600 1090 a
1627 1037 1912 1095 Clemente

313 1116 525 1160 nostro
557 1106 811 1170 citantur,
840 1108 1134 1174 aliquando
1165 1109 1486 1163 intersecari
1507 1149 1522 1173 ,
1547 1118 1600 1161 et
1627 1110 1872 1176 quaedam
1894 1151 1910 1176 ,

313 1190 458 1257 gnua
507 1190 609 1259 sua
652 1185 812 1242 sunt,
869 1178 975 1234 illis
1022 1179 1223 1243 inseri,
1260 1194 1325 1234 ac
1369 1180 1700 1247 quandoque
1736 1181 1908 1235 media

315 1259 635 1316 Interpoiii.

405 1318 475 1370 At
504 1317 625 1383 quis
658 1333 763 1372 non
797 1321 1026 1374 miretur
1055 1319 1381 1382 liervetum,
1411 1319 1502 1387 qui
1533 1319 1584 1372 iii
1613 1320 1839 1374 citatum
1877 1337 1906 1374 a

320 1389 499 1442 nobis
527 1389 574 1421 ⁸ο
601 1390 964 1457 posteriorem
993 1389 1286 1445 Clementis
1317 1391 1489 1443 nostri
1529 1389 1706 1444 locum
1739 1391 1907 1445 lecto-

258 1482 262 1483 ν
317 1475 424 1512 res
457 1474 586 1513 suos
621 1462 766 1512 serio
798 1461 1052 1515 admonet
1105 1461 1264 1527 hujus
1313 1461 1555 1527 epistola:
1597 1461 1648 1513 iti
1687 1461 1906 1516 Eusebii

314 1530 554 1599 quidem
590 1529 840 1583 Historiis
874 1530 968 1585 lib.
1001 1547 1060 1586 ιιι
1091 1531 1204 1584 ﬁeri
1233 1532 1599 1590 mentionem,
1631 1533 1726 1585 sed
1763 1532 1908 1588 illius

316 1599 467 1654 Iiiliil
489 1601 598 1665 jam
625 1600 859 1668 amplius
885 1613 1136 1664 exstare,
1174 1617 1335 1670 quam
1361 1602 1503 1669 quod
1531 1601 1784 1656 Clemens
1813 1619 1908 1655 uo-

316 1681 448 1724 ster
475 1671 632 1724 nobis
666 1672 752 1726 hic
784 1672 1036 1742 reliquit?
1064 1671 1343 1738 Quomodo
1372 1672 1526 1742 enim
1552 1670 1786 1742 llerveto
1818 1674 1904 1726 iii-

313 1752 610 1810 comperta
645 1757 707 1796 ea
744 1757 864 1797 esse
897 1740 1223 1811 potuerunt,
1258 1757 1379 1811 qua:
1419 1742 1485 1794 de
1518 1741 1606 1794 illa
1631 1740 1900 1810 lrenams,

315 1812 410 1865 uti
443 1828 472 1865 a
510 1813 667 1866 nobis
697 1813 1048 1868 observatum
1084 1823 1201 1876 est,
1235 1825 1399 1882 atque
1426 1811 1716 1882 Origenes,
1751 1813 1892 1868 Plio-

318 1883 474 1954 tius,
502 1891 664 1951 atque
688 1882 780 1936 alii
812 1885 1036 1954 scriptis
1067 1884 1408 1937 tradiderunt
1431 1882 1514 1936 9‘?

403 1953 662 2023 Quamvis
696 1963 874 2008 autem
908 1953 975 2010 ex
1012 1956 1172 2009 dictis
1201 1954 1331 2008 satis
1359 1962 1576 2007 constet
1604 1953 1744 2008 lianc
1779 1954 1893 2023 epi-

314 2025 526 2078 stolam
555 2022 818 2079 Clementi
849 2023 1096 2080 Romano
1119 2029 1187 2078 ab
1210 2036 1430 2078 auctore
1453 2034 1641 2078 nostro
1667 2022 1893 2078 asseve-

314 2105 517 2149 ranter
539 2095 772 2160 ascribi,
819 2095 906 2150 illa
946 2107 1124 2150 tamen
1165 2095 1362 2148 alicubi
1387 2093 1502 2148 solo
1523 2093 1890 2151 Romanorum

317 2165 546 2220 nomine
576 2166 643 2218 ab
679 2166 793 2232 ipso
823 2168 989 2220 citata
1022 2166 1219 2234 legitur
1245 2166 1290 2197 θ’
1317 2180 1332 2218 :
1364 2184 1382 2217 ι
1413 2165 1724 2231 Quinetiam
1747 2205 1762 2232 ,
1809 2166 1893 2219 in-

315 2236 485 2302 quit,
547 2235 599 2290 in
633 2237 859 2303 epistola
887 2237 1257 2292 Romanorum
1291 2238 1358 2290 ad
1392 2235 1705 2290 Corinthios
1751 2237 1892 2290 scri-

318 2315 476 2373 piiim
509 2315 593 2360 est
620 2324 633 2360 :
663 2308 910 2362 Oceanus
941 2307 1204 2371 inﬁnitus,
1229 2316 1285 2360 et
1313 2307 1402 2376 qui
1434 2315 1696 2374 suntpost
1713 2305 1887 2375 ipsum

319 2376 535 2434 niniidi.
562 2396 580 2428 ι
607 2375 710 2431 Sed
742 2393 838 2431 cur
867 2393 987 2431 eam
1018 2378 1091 2431 ita
1127 2377 1216 2431 ille
1248 2375 1584 2440 laudaverit,
1625 2375 1889 2431 rationem

325 2445 485 2516 nobis
517 2457 811 2516 suggerunt
838 2448 1075 2502 Irenaeus
1105 2447 1152 2479 "
1209 2456 1371 2516 atque
1403 2446 1668 2500 Eusebius
1695 2445 1765 2511 “,
1796 2447 1887 2514 qui

325 2514 470 2572 lianc
502 2514 786 2587 epistolam
821 2535 850 2572 a
882 2519 1182 2582 Clemente,
1213 2514 1471 2572 Romanae
1500 2516 1758 2572 Ecclesia:
1789 2532 1889 2572 no-

323 2587 498 2654 mine,
530 2590 782 2658 scriptam
815 2590 982 2644 fuisse
1019 2605 1123 2644 non
1145 2587 1310 2644 semel
1343 2597 1674 2642 asseverant.

397 2657 652 2712 Memoria
697 2660 878 2729 itaque
919 2660 1106 2729 lapsus
1146 2667 1230 2714 est
1265 2657 1517 2714 Clemens
1547 2670 1755 2729 uoster,
1787 2657 1886 2712 nisi

318 2729 467 2786 forte
498 2727 844 2784 librariorum
877 2727 1035 2784 error
1067 2733 1172 2794 sit,
1218 2729 1308 2783 ubi
1354 2727 1886 2797 quaedaiiiﬁejusdem

316 2802 563 2867 epistola:
589 2801 749 2854 verba
780 2801 858 2855 sic
884 2800 1150 2854 Barnabze
1177 2796 1426 2854 attribuit
1450 2799 1495 2830 ⁸⁸
1521 2816 1534 2852 :
1558 2815 1577 2848 ι
1606 2796 1890 2868 Propheta:

317 2875 525 2927 dictum
574 2886 850 2939 exponens
903 2869 1210 2932 Barnabas,
1266 2870 1477 2923 infert:
1522 2869 1655 2924 Cum
1705 2870 1888 2924 multa:

321 2954 496 3010 portae
547 2942 658 2996 sint
703 2953 946 3010 aperui,
997 2957 1118 3009 qua:
1165 2948 1250 2994 est
1290 2940 1539 3009 jiistitia,
1573 2955 1654 3010 ea
1701 2950 1785 2994 est
1834 2940 1886 2993 iu

317 3009 576 3078 Christo,
614 3013 665 3065 in
701 3009 861 3080 quam
897 3014 1040 3068 beati
1100 3020 1227 3067 sunt
1260 3026 1448 3065 omnes
1494 3009 1584 3079 qui
1631 3019 1756 3064 sunt
1802 3011 1886 3065 iii-

318 3088 515 3151 gressi.
541 3104 560 3137 ι
607 3082 731 3138 lla:c
780 3085 926 3138 enim
968 3098 1089 3151 qua:
1131 3080 1260 3135 alibi
1301 3081 1347 3113 ⁹⁶
1386 3080 1477 3135 ille
1523 3082 1672 3149 ipse,
1721 3081 1886 3136 tacito

317 3158 565 3210 auctoris
607 3155 855 3221 nomine,
891 3169 996 3209 non
1030 3163 1210 3207 tamen
1242 3152 1360 3206 sine
1404 3151 1588 3220 aliqua
1620 3151 1771 3204 varia
1819 3151 1893 3206 Ie-

317 3228 502 3280 ctione
549 3226 845 3289 retulerat,
896 3225 947 3278 in
1000 3222 1295 3278 Clementis
1342 3221 1569 3276 Romani
1619 3221 1888 3289 epistola,

317 3293 348 3366 ς
375 3297 445 3352 48
466 3336 481 3362 ,
512 3312 645 3351 voce
673 3297 732 3348 ὲν
763 3304 889 3350 ante
917 3293 1234 3366 δικαιοσύνῃ
1267 3293 1480 3357 addita,
1511 3291 1737 3347 totidem
1767 3307 1890 3348 ver-

321 3368 930 3443 bis‘repriesentantur.
1105 3437 1120 3443 _
1201 3442 1204 3443 ν
1594 3431 1625 3443 η
1699 3431 1709 3443 ,

389 3431 761 3505 Quorumdam
799 3445 1060 3506 praeterea
1089 3437 1370 3506 doctorum
1397 3447 1568 3488 sacra:
1591 3431 1888 3506 Scripturie

317 3510 675 3578 interpretum
708 3505 1120 3576 explanationes
1146 3507 1231 3578 iti_
1263 3505 1445 3578 priora
1486 3505 1682 3578 psalmi
1709 3506 1890 3578 primi

317 3573 481 3634 verba
517 3596 544 3631 a
579 3573 860 3633 Clemente
895 3587 1082 3632 nostro
1110 3577 1190 3631 sic
1220 3573 1513 3629 laudantur
1539 3573 1584 3606 ⁹⁷
1611 3591 1624 3628 :
1651 3591 1672 3626 ι
1692 3573 1888 3629 Audivi

316 3666 418 3720 ego
449 3650 624 3702 virum
658 3650 710 3702 in
743 3650 829 3702 his
859 3649 1024 3702 rebus
1051 3649 1268 3701 doctum
1287 3646 1568 3720 dicentem
1595 3644 1888 3699 consilium

318 3715 608 3790 impiorum
653 3720 964 3789 signiﬁcare
990 3729 1180 3786 gentes
1206 3733 1221 3781 ;
1253 3715 1394 3769 viam
1423 3725 1606 3790 autem
1637 3727 1890 3790 peceato-

321 3786 478 3854 riirii,
515 3786 797 3844 Iudaicam
844 3790 1156 3859 opinionem
1183 3829 1197 3854 ,
1238 3786 1660 3859 ethpestilentize
1696 3788 1890 3859 cathe-

319 3863 508 3925 dram,
551 3862 790 3915 haereses
832 3856 1213 3930 accipientem.
1261 3857 1408 3911 Alius
1447 3866 1630 3930 autem
1673 3856 1890 3930 dicebat

320 3933 490 3998 magis
519 3931 741 4000 proprie
769 3927 1003 4000 positam
1025 3928 1253 4000 quidem
1286 3941 1409 4000 esse
1446 3927 1676 3995 primam
1717 3929 1888 4000 beati-

322 3997 560 4056 tudinem
593 3997 646 4056 iii
677 3997 784 4068 iis,
813 4005 906 4071 qui
941 3997 1204 4071 noiisuut
1227 3997 1525 4071 sceleratas
1546 3997 1730 4071 secuti
1762 4012 1887 4050 sen-

320 4075 514 4127 tentias
536 4111 553 4138 ,
583 4087 705 4142 qua:
735 4088 767 4123 a
798 4068 908 4127 Deo
953 4070 1290 4124 defecerunt.
1341 4068 1653 4142 Secundum
1702 4077 1884 4142 autem

318 4158 548 4208 eorum,
580 4138 673 4212 qui
707 4143 759 4197 in
806 4144 913 4196 lata
961 4143 1048 4195 via
1095 4148 1354 4202 manent,
1393 4138 1480 4191 vel
1524 4151 1749 4212 eorum,
1792 4139 1886 4204 qui

321 4214 504 4268 nutriti
535 4209 664 4268 sunt
697 4215 751 4268 in
782 4213 932 4284 lege,
966 4212 1049 4266 vel
1080 4213 1245 4284 etiam
1272 4224 1499 4284 coruum,
1531 4209 1624 4284 qui
1659 4221 1723 4261 ex
1755 4222 1887 4278 geu-

321 4285 458 4338 tibus
492 4298 597 4338 non
630 4295 758 4339 sunt
799 4279 946 4338 ducti
998 4281 1340 4350 preuitentia.
1385 4279 1882 4350 GatliedraAauteiu

319 4356 635 4425 pestilentia!
661 4367 715 4411 et
743 4357 952 4410 theatra
977 4347 1216 4425 fuerint,
1245 4361 1301 4404 et
1325 4349 1561 4420 judicia,
1597 4347 1690 4401 ubi
1716 4351 1884 4417 magis

318 4423 619 4496 sequuntur
646 4426 920 4496 improbas
946 4435 1001 4480 et
1031 4423 1283 4496 exitiales
1310 4428 1644 4496 potestates,
1667 4429 1726 4496 et
1753 4433 1884 4486 Ope-

317 4490 434 4551 rui'n
470 4512 658 4571 eorum
689 4490 1028 4571 societatem.
1063 4513 1081 4546 ι
1108 4494 1209 4560 Qui
1242 4495 1364 4571 sint.
1385 4490 1459 4571 illi
1479 4490 1676 4571 eruditi
1696 4505 1881 4571 sacra-
1914 4517 1957 4571 θ

319 4583 430 4620 rum
469 4567 874 4634 Scripturarum
924 4559 1250 4632 interpretes
1273 4561 1562 4634 ,_deliuitu
1592 4573 1714 4613 esse
1743 4559 1878 4612 dilli-

318 4629 780 4692 ClllllllllﬂI-IICIIIO
809 4649 956 4691 certe
1007 4629 1244 4703 negabit.
1303 4629 1359 4684 lii
1417 4645 1476 4683 rc
1529 4641 1726 4703 tamen»
1769 4640 1876 4682 taiii

315 4709 549 4760 obscura
587 4708 630 4760 si
665 4709 822 4762 nobis
852 4709 935 4761 fas
957 4708 1029 4759 sit
1056 4700 1293 4771 aliquam
1327 4717 1392 4756 ex
1424 4703 1593 4756 verbo
1629 4700 1841 4771 ἀκήκοα
1862 4739 1878 4763 ,

323 4794 340 4828 ι
360 4779 533 4830 audivi
553 4797 600 4844 ,ι
626 4777 991 4844 conjecturam
1016 4779 1212 4837 lacere,
1234 4773 1376 4827 haud
1399 4772 1621 4844 omnino
1646 4774 1880 4844 absurde

317 4847 486 4914 colligi
518 4842 674 4915 pesse
692 4842 1032 4916 suspicamur
1051 4846 1387 4916 Clementem
1413 4857 1542 4897 suos
1567 4842 1883 4910 designasse

314 4912 711 4992 praeceptores,
765 4912 930 4992 atque
980 4918 1045 4992 in
1096 4916 1287 4984 primis
1340 4912 1694 4992 Panaetium,
1744 4927 1882 4980 quos

313 4983 397 5043 ille
419 5028 435 5054 ,
465 4983 516 5042 iii
543 4988 723 5043 schola
750 4983 1140 5049 Alexandrina,
1170 4996 1228 5040 ut
1260 4985 1510 5054 superius
1541 4983 1743 5036 dictum
1775 4992 1880 5046 est,

313 5053 514 5114 sacram
570 5057 912 5127 Scripturam
958 5057 1298 5126 explicantes
1331 5053 1874 5127 ’audierat._liilicias

315 5140 487 5184 tamen
541 5147 650 5184 non
695 5123 908 5202 ibimus
944 5123 1084 5202 alios
1133 5129 1311 5181 adhuc
1346 5164 1362 5193 ,
1413 5123 1871 5202 quemadmodum

313 5203 673 5255 Alexandrum
739 5197 1312 5268 Jerosolymitanum,
1377 5198 1444 5252 ab
1503 5208 1568 5248 eo
1633 5197 1873 5262 potuisse

314 5273 600 5341 designari.

375 5339 612 5414 Mbysem
630 5354 793 5414 porro
810 5339 1133 5410 scriptorum
1163 5340 1403 5394 omnium
1429 5339 1871 5408 antiquissimum

372 5518 418 5560 θ’
455 5515 660 5573 Strom.
687 5517 784 5575 lib.
822 5533 906 5581 iv,
939 5530 990 5585 p.
1023 5515 1126 5570 516
1155 5526 1212 5572 et
1237 5532 1351 5586 seq.

304 5660 351 5704 .”
391 5661 524 5713 lren.
558 5658 650 5712 lib.
689 5675 749 5713 ιιι
777 5701 794 5726 ,
850 5675 897 5712 c.
934 5658 988 5714 5.

313 5730 353 5762 ⁸⁸
391 5728 590 5784 Strom.
628 5731 720 5784 lib.
761 5747 809 5791 I,
852 5746 904 5797 p.
936 5728 1060 5782 9.88.

315 5801 522 5855 dissert.
554 5801 606 5854 5.
687 5802 702 5832 ⁸
740 5799 872 5857 lbid.
950 5801 970 5830 ’
1006 5801 1082 5858 De
1122 5800 1312 5870 script.
1346 5802 1580 5870 eccles.,
1624 5799 1654 5873 ᾗ
1699 5800 1786 5856 50.

1428 5517 1474 5588 ’9
1514 5517 1632 5572 Lib.
1677 5533 1712 5571 ιι
1757 5518 2024 5588 γΑρριιτ..
2053 5520 2268 5574 dissert.
2305 5518 2372 5584 6,
2416 5535 2467 5573 c.
2500 5520 2582 5587 lt),

312 5606 352 5642 c.
389 5589 420 5644 5
448 5604 464 5652 ;
499 5588 660 5643 Ptiot.
694 5588 812 5643 Bib.
845 5589 968 5643 cod.
1008 5589 1112 5658 M5
1149 5599 1203 5641 et
1234 5587 1374 5655 126;
1431 5587 1602 5642 Cotel.
1641 5590 1715 5643 De
1744 5587 1845 5642 SS.
1873 5587 1877 5588 ί

2002 5607 2043 5644 ι’.
2073 5606 2250 5657 open,
2292 5606 2344 5658 p.
2377 5593 2446 5645 88
2496 5601 2552 5643 et
2580 5587 2695 5657 seq.

1089 5657 1135 5690 ”
1175 5659 1394 5721 Euseb.,
1433 5657 1526 5712 lib.
1562 5674 1624 5712 ιιι
1660 5658 1798 5714 llist.
1821 5699 1835 5723 ,
1869 5674 1916 5713 e.
1956 5661 2020 5713 16
2047 5672 2100 5714 et
2127 5661 2230 5721 58,
2281 5657 2334 5714 et
2369 5662 2460 5716 lib.
2499 5675 2565 5725 ν,
2625 5676 2674 5714 c.
2705 5659 2741 5714 6

1142 5729 1186 5760 ⁸⁷
1229 5729 1433 5783 Strom.
1483 5731 1576 5783 ιιι..
1611 5745 1669 5791 II,
1699 5749 1748 5796 ι).
1797 5731 1926 5793 589,
1963 5730 2086 5784 590.
2189 5734 2194 5760 ⁵

1142 5800 1312 5857 .criot.
1346 5802 1580 5857 cccles..
1624 5799 1653 5857 ﬁ
1699 5800 1786 5856 50.
1866 5801 1886 5832 ³
1923 5799 2049 5857 Pati.
2089 5801 2194 5857 504

1968 5819 2049 5873 ag.
2089 5819 2211 5857 aus.

2023 479 2261 550 ethnicis
2312 478 2680 550 philosophis
2711 480 2942 550 delibata
3007 480 3174 550 fuisse
3233 478 3421 548 probat
3473 478 3594 538 Cle-

2021 564 2175 622 mens
2217 548 2546 622 ’F___'l‘:itiani_'
2574 548 2882 622 philosophi
2915 551 2984 603 ad
3038 549 3260 605 Graecos
3305 555 3590 622 oratione,

2019 618 2072 672 iu
2101 635 2205 689 qua
2239 614 2385 673 illum
2411 614 2843 691 ρθίίἰέὰκριϐὧς
2864 660 2879 683 ,
2910 637 2928 670 ι
2949 629 3223 688 accurate,
3249 642 3265 673 ι
3289 614 3593 691 disputasse

2023 691 2368 745 testificatur.
2400 689 2505 744 Sed
2536 691 2599 742 de
2632 689 2733 744 hac
2761 691 3010 745 oratione
3036 734 3050 757 ,
3083 701 3137 744 et
3166 689 3502 757 pertrac‘tato
3534 695 3585 750 in

2019 759 2107 813 illa
2140 760 2207 814 de
2234 760 2432 829 Moysis
2465 771 2624 814 relate
2661 771 3018 830 argumento,
3057 761 3415 830 disceptatum
3459 766 3587 820 alibi

2015 843 2045 883 a
2072 831 2236 903 nobis
2270 831 2465 903 fuitf’,
2500 846 2564 885 ac
2589 846 2775 903 rursus
2803 833 2868 903 de
2892 831 2984 884 illo
3007 847 3069 885 ac
3094 833 3159 886 de
3187 834 3378 902 ipsius,
3397 851 3588 903 quein-

2015 901 2306 954 admodum
2357 900 2642 966 Cassiani,
2701 901 2917 954 laudata
2975 903 3044 955 ab
3080 900 3272 956 eodem
3309 900 3588 962 Clemente

2014 982 2204 1026 nostro
2238 972 2589 1038 chronologia
2622 970 2850 1026 inferius
2891 972 3275 1039 diSpiitaliitiir.

2086 1044 2229 1098 Citat
2266 1058 2430 1112 porro
2481 1041 2728 1097 Clemens
2759 1042 2776 1072 ¹
2833 1041 3056 1109 hujusce
3110 1042 3360 1099 Cassiani
3414 1047 3582 1103 etiam

2019 1111 2367 1181 Exegeticon,
2405 1113 2544 1179 quod
2581 1123 2757 1165 utrum
2790 1113 3087 1166 etiamnum
3117 1123 3337 1180 exstet,
3387 1132 3445 1170 se
3487 1133 3578 1171 ne-

2013 1185 2155 1256 scire
2189 1181 2459 1237 llervetus
2504 1183 3014 1256 apertesignilicat.
3049 1183 3160 1256 Qui?
3185 1185 3300 1239 ﬁeri
3334 1202 3462 1254 ergo
3492 1205 3584 1256 po-

2016 1255 2150 1315 tuit,
2199 1265 2254 1306 ut
2298 1268 2357 1306 ea
2407 1265 2501 1306 aut
2542 1270 2647 1308 non
2695 1253 2930 1324 legerit,
2981 1265 3078 1307 aut
3117 1255 3238 1321 ejus
3281 1271 3347 1310 ex
3391 1253 3580 1324 animo

2015 1324 2322 1394 exciderint
2348 1364 2362 1386 ,
2394 1339 2513 1392 qua:
2542 1326 2608 1378 de
2638 1324 2918 1378 Clemente
2945 1335 3136 1379 nostro
3165 1327 3473 1394 disputans,
3503 1330 3583 1384 sic

2012 1396 2232 1462 scripsit
2259 1392 2620 1465 Hieronymus
2653 1397 2672 1426 ¹
2699 1411 2713 1448 :
2744 1411 2780 1465 ιν
2801 1394 3042 1449 Meminit
3089 1392 3269 1450 autem
3319 1399 3370 1452 iii
3422 1399 3582 1454 Stro-

2013 1465 2247 1519 matiliiis
2285 1464 2399 1518 suis
2444 1464 2734 1519 voluminis
2774 1464 2989 1518 Tatiani
3019 1505 3032 1519 .
3063 1504 3078 1518 .
3108 1515 3113 1519 ,
3151 1504 3165 1518 .
3193 1503 3208 1518 .
3234 1477 3288 1522 et
3329 1470 3579 1524 Cassiani

2012 1535 2290 1604 cujusdam
2319 1537 2757 1605 χρονογραφίας
2778 1575 2794 1599 ,
2819 1537 2960 1603 quod
2989 1536 3308 1604 opusculum
3336 1539 3582 1595 invenire

2011 1620 2118 1679 non
2156 1606 2353 1679 potui?
2381 1625 2399 1658 i
2432 1605 2491 1659 Si
2521 1609 2666 1660 enim
2701 1607 2831 1660 illud
2865 1623 2968 1659 non
2999 1608 3146 1679 idem
3183 1619 3346 1679 atque
3376 1607 3579 1679 Exege-

2012 1675 2154 1729 licon
2188 1675 2392 1741 fuerit,
2423 1691 2546 1731 cum
2577 1693 2640 1731 eo
2673 1688 2853 1730 tamen
2895 1675 3159 1745 periisse,
3189 1675 3393 1733 neiniiii
3446 1675 3580 1735 vero

2012 1759 2117 1799 non
2146 1746 2324 1800 simile
2364 1747 2506 1800 haud
2562 1747 2722 1800 dubie
2776 1749 3068 1804 videbitur.
3122 1747 3314 1804 Utrum
3364 1766 3492 1805 vero
3535 1754 3580 1806 is

2003 1813 2301 1871 Cassianus
2333 1817 2475 1870 idem
2507 1817 2612 1881 sit,
2650 1833 2714 1872 ac
2745 1819 3049 1887 praecipuus
3097 1819 3418 1874 Docetarum
3466 1826 3573 1876 lliB'

1996 1900 2185 2011 {eseos
2235 1887 2511 1967 defensor,
2569 1897 2760 1958 postea
2812 1889 3172 1958 opportunior
3227 1892 3576 1946 examinandi

2016 1972 2150 2011 oens
2178 1968 2306 2011 erit.

2016 1972 2150 2014 OCIIS
2178 1968 2306 2014 erit.

2442 2073 2594 2144 ιθ]
2635 2071 3031 2128 ARTICULUS
3071 2073 3135 2127 ii.

1996 2191 2074 2248 De
2103 2191 2312 2262 sibyllis
2349 2202 2396 2262 et
2431 2209 2607 2247 eorum
2650 2194 2878 2247 oraculis
2901 2233 2915 2258 ,
2958 2209 3049 2247 nec
3078 2206 3178 2246 non
3212 2191 3378 2246 Pauli
3417 2194 3482 2248 de
3505 2195 3582 2248 si-

2065 2263 2208 2388 bzlllo
2246 2272 2296 2317 et
2337 2261 2584 2334 Hydaspe
2624 2265 2878 2330 oraculo,
2918 2275 3074 2335 atque
3112 2264 3178 2317 de
3215 2262 3404 2316 Chami
3453 2281 3576 2334 pro-

2062 2352 2094 2404 p
2135 2351 2160 2388 ε
2186 2352 2259 2389 ta.

2065 2447 2180 2502 Non
2214 2447 2310 2502 abs
2339 2463 2398 2503 re
2421 2446 2646 2502 omnino
2675 2445 2836 2503 fuerit
2867 2447 2995 2503 huic
3023 2449 3089 2504 de
3115 2449 3448 2505 Christianis
3479 2469 3575 2507 au-

1991 2518 2514 2592 ctoribussermoni
2548 2533 2611 2572 ea
2631 2526 2943 2592 _att_ex_ere,
2983 2535 3103 2588 qua:
3149 2521 3216 2592 de
3265 2521 3480 2592 sibyllis
3520 2535 3575 2578 et

1994 2589 2206 2662 illarum
2238 2589 2304 2643 de
2330 2589 2554 2662 Christo
2576 2628 2591 2653 ,
2621 2587 3076 2662 Christianaque,
3116 2590 3193 2644 uti
3225 2587 3450 2662 putant,
3485 2611 3574 2648 re-

1995 2658 2193 2727 ligione
2221 2660 2460 2713 oraculis
2481 2699 2496 2726 ,
2540 2660 2818 2713 memoriae
2847 2658 3100 2714 Clemens
3131 2658 3320 2715 noster
3349 2658 3576 2717 manda-

1989 2732 2092 2783 vit.
2129 2729 2186 2783 lii
2219 2729 2397 2798 primo
2427 2738 2608 2782 autem
2644 2727 2973 2783 Stromatum
3005 2731 3148 2784 libro
3179 2730 3200 2762 ³
3231 2732 3348 2788 haec
3383 2735 3447 2788 de
3492 2736 3572 2787 si-

1992 2800 2136 2881 bylla
2168 2809 2355 2880 narrat
2385 2817 2441 2881 εις
2465 2798 2771 2880 ῌετιιιξιὶιιιξ
2797 2815 2902 2854 non
2921 2801 3279 2881 .l-lulllallllll‘S,
3308 2804 3400 2881 sed
3427 2802 3571 2856 divi-

1993 2870 2144 2951 nitus
2164 2870 2364 2951 potius,
2393 2870 2522 2950 dicit
2546 2871 3164 2951 apparuissesibyllam.
3192 2873 3360 2951 Aiunt
3386 2874 3573 2944 itaque

1993 2939 2217 3009 Delphis
2259 2940 2313 2994 in
2359 2942 2507 2995 curia
2542 2941 2755 2994 ostendi
2794 2939 3004 3009 petram
3041 2942 3368 3011 quamdam,
3405 2939 3574 3011 super

1994 3025 2156 3078 quam
2189 3011 2390 3065 dicitur
2420 3011 2630 3066 sedisse
2665 3011 2838 3078 prima
2873 3012 3068 3081 sibylla
3091 3054 3105 3078 ,
3137 3028 3258 3080 qua:
3303 3028 3369 3068 ex
3420 3013 3571 3068 Heli-

1997 3096 2136 3135 cone
2185 3089 2448 3147 venerat,
2492 3087 2724 3135 educata
2767 3096 2795 3133 a
2837 3080 3038 3149 Musis,
3091 3098 3212 3137 cum
3260 3095 3408 3138 esset
3459 3085 3567 3138 ﬁlia

1922 3136 1963 3194 (ἶ
1996 3149 2201 3206 Latitiae
2234 3136 2496 3206 Sidoniae.
2529 3151 2794 3220 Serapion
2827 3136 3111 3206 autein'in
3139 3136 3403 3208 versibus
3433 3136 3572 3211 dicit

1997 3238 2068 3276 ne
2096 3234 2366 3276 mortuam
2397 3223 2618 3292 quidem
2649 3239 2678 3274 a
2712 3221 2993 3276 divinandi
3043 3234 3159 3278 arte
3205 3241 3450 3279 cessasse
3493 3229 3566 3279 si-

1993 3292 2197 3362 byllam
2226 3311 2240 3346 :
2265 3305 2320 3348 et
2349 3292 2400 3346 id
2427 3295 2644 3362 quidem
2676 3292 2822 3360 quod
2854 3309 2921 3348 ex
2953 3309 3014 3347 ea
3047 3295 3102 3347 in
3135 3311 3317 3349 aerem
3343 3299 3572 3351 recessit

1993 3374 2116 3431 post
2143 3364 2348 3417 obitum
2373 3403 2388 3425 .
2429 3365 2484 3418 id
2514 3377 2635 3422 esse
2672 3362 2816 3432 quod
2852 3365 2906 3418 in
2954 3365 3194 3419 sortibus
3238 3367 3480 3431 divinat,
3515 3383 3569 3420 et

1993 3434 2276 3503 auguriis;
2317 3450 2382 3488 ex
2416 3451 2481 3489 eo
2527 3442 2708 3488 autem
2755 3437 2897 3502 quod
2943 3435 2995 3487 in
3046 3444 3249 3489 terram
3299 3447 3566 3490 mutatum

1991 3515 2078 3558 est
2106 3519 2364 3572 corpore,
2394 3513 2586 3560 exorta
2610 3544 2627 3569 ,
2656 3513 2716 3556 ut
2745 3514 3171 3559 consentaneum
3198 3517 3282 3560 est
3302 3546 3318 3569 ,
3354 3507 3521 3561 herba
3549 3546 3564 3570 ,

1993 3590 2331 3644 quaecunque
2354 3591 2474 3629 eain
2496 3575 3106 3644 comedissentbestize,
3129 3590 3251 3629 cum
3278 3576 3330 3629 iii
3357 3592 3421 3630 eo
3448 3577 3567 3629 lom

1991 3654 2218 3712 essent,
2245 3643 2458 3700 scribit
2505 3643 2805 3716 perfectam
2850 3643 3018 3716 futuri
3061 3647 3422 3713 cognitionem
3470 3663 3567 3716 per

1991 3724 2120 3768 exta
2157 3717 2470 3771 hominibus
2522 3715 2883 3783 signiﬁcasse.
2931 3715 3062 3784 Ejus
3105 3726 3285 3769 autem
3327 3715 3562 3771 aniiiiaui

1991 3785 2272 3839 existimat
2302 3802 2424 3840 eam
2453 3799 2576 3838 esse
2606 3785 2832 3848 facient,
2865 3802 2984 3854 qua:
3013 3796 3236 3855 apparet
3272 3787 3325 3839 in
3360 3789 3504 3841 luna.
3539 3805 3558 3839 ι

1990 3856 2337 3926 Quaecunque
2367 3856 2747 3926 Clemeiis_ibi
2794 3858 2861 3910 de
2897 3855 3087 3926 sibylla
3116 3867 3415 3922 memorat,
3449 3859 3563 3910 haec

1990 3929 2085 3981 ille
2113 3943 2220 3998 non
2247 3924 2317 3982 ex
2345 3943 2464 3990 sua,
2494 3930 2587 3979 sed
2620 3924 2879 3980 Heracliti
2912 3924 3332 3994 Serapionisque
3362 3940 3558 3998 poetae,

1989 4007 2042 4050 et
2081 3996 2314 4052 aliorum
2348 4012 2684 4066 paganorum
2718 3998 2995 4051 sententia
3029 4001 3302 4066 proponit.
3337 3996 3406 4053 Ᾱι
3439 4002 3560 4052 titil-

1988 4067 2098 4122 luin
2139 4068 2302 4136 plane
2351 4065 2460 4121 tam
2505 4065 2646 4120 niale
2695 4082 2842 4122 sana:
2886 4069 3085 4122 mentis
3119 4065 3393 4123 hominem
3439 4084 3560 4125 esse

1988 4139 2344 4205 arbitrantur,
2390 4137 2481 4207 qui
2529 4139 2646 4191 haec
2688 4153 2716 4190 a
2764 4137 3044 4192 Clemente
3075 4151 3264 4191 nosu-o
3298 4150 3556 4208 tanquam

1989 4218 2144 4262 eerta
2167 4221 2223 4263 et
2249 4208 2477 4262 minime
2506 4210 2666 4278 dubia
2695 4209 2930 4277 proferri
2959 4208 3176 4261 dixerit.
3204 4207 3385 4278 hcque
3411 4207 3556 4264 enim

1986 4279 2314 4333 Christiana:
2355 4277 2635 4347 religionis
2675 4278 2921 4332 doctrina
2970 4279 3043 4330 ita
3088 4277 3559 4348 paruni’inibutus

1986 4350 2093 4402 l'uit
2116 4389 2131 4414 ,
2164 4359 2224 4403 ut
2252 4349 2551 4403 credidisse
2581 4350 2797 4402 dicatur
2827 4348 3071 4420 sibyllam
3108 4360 3230 4418 post
3265 4361 3490 4404 mortem
3526 4371 3556 4404 a

1985 4420 2264 4474 divinandi
2295 4427 2414 4472 arte
2443 4435 2549 4472 non
2582 4432 2850 4482 cessasse,
2881 4436 2945 4472 ac
2977 4420 3121 4474 illius
3156 4430 3310 4488 parte
3342 4423 3394 4475 in
3429 4437 3556 4475 aera

1989 4493 2395 4553 transvolaiite,
2439 4491 2666 4542 alteram
2709 4493 2761 4543 in
2813 4502 2960 4543 terra
3007 4506 3306 4555 inauSisse,
3337 4506 3406 4545 ex
3448 4507 3553 4559 qua

1984 4561 2148 4614 herba
2171 4599 2188 4626 ,
2217 4561 2616 4613 divinationum
2650 4563 2767 4613 usui
2799 4573 2956 4629 apta,
2986 4570 3102 4614 orta
3139 4561 3335 4627 fuerit,
3370 4576 3436 4616 ac
3463 4570 3555 4615 de-

1987 4632 2150 4697 nique
2179 4631 2324 4684 illius
2358 4632 2594 4684 animam
2622 4646 2744 4684 esse
2778 4630 3013 4695 faciem,
3047 4647 3167 4698 qua:
3200 4633 3250 4684 in
3295 4633 3423 4685 luna
3455 4646 3553 4701 ap-

1987 4711 2158 4768 paret.
2188 4704 2411 4755 Certum
2459 4703 2624 4769 igitur
2665 4713 2718 4755 et
2767 4711 2944 4754 ratum
2990 4716 3112 4756 esse
3152 4702 3312 4756 debet
3358 4706 3475 4757 haec
3520 4721 3550 4757 a

1985 4772 2263 4827 Clemente
2306 4781 2494 4825 nostro
2540 4783 2733 4824 contra
2783 4788 3023 4841 paganos
3062 4772 3184 4824 ideo
3227 4773 3460 4838 adduci,
3493 4787 3552 4828 ut

1988 4841 2159 4896 falsas
2185 4857 2371 4897 eorum
2404 4841 2720 4911 opiniones,
2754 4843 2866 4910 ipsa
2894 4857 3079 4895 eorum
3099 4879 3114 4903 ,
3143 4856 3262 4909 quae
3294 4853 3550 4912 tauquam

1989 4927 2119 4965 vera
2158 4921 2213 4967 et
2254 4924 2406 4966 certa
2455 4913 2835 4977 venditabant,
2869 4913 3210 4983 expositione
3239 4924 3548 4979 everteret,

1991 4990 2152 5053 atque
2187 4984 2389 5037 invicto
2421 4986 2486 5036 ad
2523 4985 2834 5047 hominem,
2883 4993 2942 5036 ut
2984 4985 3170 5048 aiunt,
3225 4999 3550 5054 argumento

1987 5055 2368 5123 impugnaret,
2403 5055 2758 5124 l'uiiditusque
2784 5054 3113 5108 destrueret.

2052 5125 2126 5178 De
2157 5127 2258 5180 hac
2294 5140 2459 5197 porro
2491 5126 2713 5196 sibylla,
2745 5124 2861 5194 ejus
2892 5125 3114 5197 nomine
3139 5164 3154 5187 ,
3193 5124 3544 5197 parentibus,

1982 5197 2264 5262 versibus,
2295 5195 2356 5249 et
2385 5211 2518 5250 saxo
2551 5195 2692 5250 unde
2719 5196 2938 5264 oracula
2969 5197 3176 5249 fudisse
3207 5195 3547 5264 perhibetur,

1981 5268 2210 5334 plurima
2241 5277 2431 5321 narrat
2462 5266 2762 5320 Pausanias
2793 5263 2832 5328 ⁸,
2869 5281 2988 5333 qua:
3013 5263 3236 5332 quidem
3267 5268 3394 5329 quia
3428 5267 3546 5322 lou-

1981 5341 2132 5406 giora
2162 5349 2292 5392 sunt
2313 5376 2329 5402 ,
2363 5346 2418 5392 et
2453 5337 2614 5392 facile
2656 5353 2688 5390 a
2736 5336 2977 5406 quolibet
3012 5336 3067 5390 iu
3099 5335 3216 5404 ejus
3251 5336 3393 5392 libro
3418 5353 3546 5407 pos-

2635 5515 2744 5620 ?r’”
2797 5517 2862 5620 ,ζ’
2882 5517 3544 5620 9f1§:..“b.2.'."1“‘13'222-

2189 5731 2234 5762 ”
2270 5731 2474 5786 Strom.
2509 5731 2544 5784 Ι.
2567 5747 2627 5802 ι,
2660 5747 2713 5800 ιι.
2745 5731 2872 5786 3‘20.
2979 5735 3024 5764 θ’
3066 5733 3184 5789 Lib.
3226 5747 3266 5786 tt
3301 5735 3501 5802 Appar.
3524 5769 3539 5795 ,

2291 5805 2310 5836 ⁸
2349 5802 2525 5859 Lib.x
2561 5801 2728 5859 Plioc.
2754 5845 2769 5873 ,
2808 5821 2862 5874 p.
2901 5803 3030 5861 321.
