3948 6314
559 338 702 398 HO?

1228 341 1299 396 IN
1330 339 1748 397 CLEMENTEM
1786 338 1989 394 ALEX.
2032 336 2094 392 D.
2137 336 2224 390 LE
2259 334 2545 393 NOURRY
2584 334 3036 391 DISSERTATIO
3074 335 3132 392 ll.

565 471 694 515 sunt
727 460 942 525 videri,
976 461 1042 514 ad
1079 459 1230 514 illum
1262 460 1511 515 curiosos
1551 460 1790 515 lectores
1837 455 2137 512 mittendos
2164 459 2212 518 Α
2242 455 2521 524 agnoscite
2559 455 2806 525 sibyllam
2828 495 2843 518 ,
2875 457 3140 529 quomodo
3175 469 3366 529 unum
3380 455 3534 510 Deum
3569 459 3736 529 signiﬁ-

564 532 739 586 satius
769 532 1042 586 duximus.

640 601 717 656 Ex
753 602 839 655 his
867 616 1030 670 porro
1051 640 1067 664 ,
1101 615 1219 668 qua:
1246 599 1544 655 Pausanias
1573 600 1644 654 ibi
1675 600 1982 668 posteritati
2016 598 2138 652 reli-

567 677 721 742 quit,
753 669 892 725 haud
923 672 1114 740 exigua
1145 670 1231 724 lux
1263 670 1446 725 all'erri
1473 680 1648 742 potest
1673 672 1798 724 huic
1825 686 1928 742 non
1958 669 2133 723 solum

564 743 865 800 Clementis
899 742 1070 796 nostri
1106 742 1243 805 loco,
1279 743 1371 795 sed
1399 741 1564 794 etiam
1594 741 1788 804 alteri,
1819 741 1909 793 ubi
1942 755 2134 793 rursus

563 818 632 868 de
655 813 870 882 sibyllis
894 828 959 866 eo
987 810 1077 866 ille
1109 813 1268 865 modo
1295 813 1517 882 disserit
1543 811 1564 842 ⁸
1587 829 1601 863 :
1627 810 1884 882 «Sibylla,
1915 810 2133 882 inquit,

565 879 767 938 dicitur
794 881 1010 950 Orpheo
1037 883 1334 950 antiquior.
1370 883 1445 935 De
1473 881 1591 950 ejus
1619 879 1960 945 cognomine,
1988 889 2041 934 et
2069 881 2134 950 de

565 955 633 1009 iis
661 993 676 1014 .
709 967 830 1020 quae
858 949 926 1006 ab
949 968 1010 1007 ea
1044 949 1256 1020 prolata
1298 962 1454 1016 sunt,
1489 949 1764 1021 responsis
1787 990 1802 1014 ,
1852 949 2135 1021 multadi-

563 1019 780 1088 cuntur,
811 1032 864 1076 et
889 1038 1012 1076 cum
1039 1019 1186 1093 esset
1213 1022 1446 1093 Phrygia
1471 1066 1485 1089 ,
1513 1019 1838 1092 appellatam
1863 1034 1986 1093 esse
2012 1019 2132 1072 Dia-

564 1110 689 1150 natn
714 1133 731 1156 ,
754 1105 952 1148 etcum
979 1108 1042 1146 ea
1067 1093 1132 1146 ad
1165 1091 1402 1159 Delphos
1430 1091 1790 1157 accessisset,
1818 1091 2087 1145 cecinisse
2116 1108 2128 1142 :

635 1185 682 1242 0
715 1183 900 1254 Delphi
919 1226 934 1250 ,
960 1182 1142 1238 Phoebi
1173 1184 1409 1254 ferientis
1439 1183 1528 1254 qui
1561 1181 1766 1235 eminus
1796 1181 1918 1235 estis

635 1257 786 1312 Servi
807 1252 821 1316 ζ
861 1257 970 1309 reni
1008 1255 1076 1306 ad
1109 1270 1195 1308 vos
1219 1293 1234 1314 ,
1270 1252 1422 1307 lovis
1451 1252 1752 1321 expositum
1785 1252 2012 1320 potentis

642 1327 858 1380 1llenteut
880 1365 895 1387 ,
929 1340 1176 1395 germano
1205 1340 1516 1378 succensens
1544 1323 1775 1391 plurima
1812 1321 2023 1375 Phoebo.

566 1437 660 1492 list
716 1447 895 1490 autem
943 1434 1049 1489 alia
1099 1453 1348 1506 quoque.
1403 1452 1524 1504 qua:
1580 1445 1809 1506 vocatur
1840 1435 2132 1506 Herophile

564 1510 868 1583 Erythraea.
910 1505 1394 1583 Harmar-tueminit
1428 1507 1740 1583 Heraclides
1781 1505 2040 1583 Ponticus
2075 1511 2129 1562 itt

561 1577 702 1634 lihi'o
724 1578 795 1632 De
820 1577 1070 1632 oraculis.
1090 1578 1241 1630 Mitto
1260 1577 1570 1648 Egyptiam
1594 1618 1608 1641 ,
1633 1587 1686 1648 et
1719 1577 1992 1648 Italicam,
2013 1595 2130 1646 qua:

559 1651 744 1704 Romae
773 1648 1038 1702 habitavit
1061 1647 1431 1712 Carmentale,
1460 1647 1614 1716 cujus
1643 1647 1744 1700 fuit
1777 1647 1919 1702 filius
1949 1647 2129 1702 Evan-

559 1723 679 1785 der,
711 1720 802 1788 qui
834 1718 1020 1773 Roma:
1052 1718 1306 1786 tetnplum
1336 1718 1534 1784 Panis,
1565 1719 1705 1787 quod
1735 1717 2001 1787 Lupercal
2036 1737 2125 1788 ap-

556 1791 814 1862 pellatur,
849 1788 1110 1844 condidit.
1145 1808 1164 1840 ι

629 1860 851 1930 Singula
879 1873 1038 1930 porro
1065 1874 1254 1913 earum
1281 1858 1502 1913 nomina
1530 1898 1546 1923 ,
1575 1859 1654 1914 sic
1684 1859 1774 1930 ille
1799 1858 1965 1930 paulo
1998 1869 2120 1926 post

555 1927 803 1987 recenset
825 1930 845 1960 ‘
876 1927 936 2000 is
963 1929 1289 2000 Sibyllarum
1312 1967 1327 1990 ,
1361 1930 1530 1998 inquit
1552 1929 1771 2000 ,turba,
1791 1927 1994 2000 Samia,
2013 1932 2118 1982 Co~

555 2002 851 2071 lophonia,
881 1998 1154 2071 Cumana,
1204 1999 1522 2071 Erythrzea,
1577 1999 1777 2068 Pytho,
1835 1999 2116 2054 Taraxan-

553 2069 650 2128 dra
671 2113 685 2134 ,
719 2071 940 2124 Macetis
964 2109 980 2133 ,
1007 2069 1262 2123 Thessala
1281 2108 1296 2135 ,
1331 2069 1666 2138 Thesprotis.
1701 2088 1719 2120 ι

626 2145 703 2196 De
749 2143 814 2195 iis
860 2139 1011 2192 multi
1057 2143 1259 2200 multa,
1309 2150 1366 2194 ιιι
1407 2141 1534 2194 alibi
1576 2140 1882 2206 diximus",
1912 2142 2116 2197 litteris

552 2209 1348 2283 consigttarttnt.__Quapropter
1376 2210 1458 2283 his
1481 2251 1495 2272 ,
1522 2225 1643 2283 qua:
1667 2226 1696 2262 a
1727 2212 1884 2266 nobis
1916 2213 2112 2268 tradita

551 2292 679 2338 sunt
700 2280 738 2346 ,⁷
766 2296 907 2334 nunc
953 2280 1046 2351 illa
1093 2282 1468 2351 tantummodo
1508 2281 1864 2351 atljiciemus,
1899 2299 2021 2351 quae
2048 2299 2112 2336 ex

552 2351 915 2422 Varronesic
950 2349 1265 2404 Lactantius
1296 2350 1482 2405 retulit
1509 2350 1531 2382 ⁸
1559 2369 1572 2404 :
1605 2368 1622 2401 t
1644 2349 1883 2422 Sibyllas
1920 2349 2113 2407 decem

551 2438 780 2478 numero
803 2421 1001 2485 fuisse,
1029 2433 1230 2489 easque
1261 2435 1451 2476 omnes
1480 2421 1821 2475 enumeravit
1867 2424 1968 2477 sub
2018 2437 2115 2475 au-

548 2494 832 2554 ctoribus.
881 2493 971 2560 qui
1019 2489 1087 2544 de
1138 2490 1363 2560 singulis
1418 2492 1822 2558 scriptitarunt.
1873 2492 2113 2546 Primam

550 2563 716 2618 fuisse
743 2565 810 2618 de
840 2563 1022 2617 Persis
1042 2601 1056 2624 ,
1088 2560 1241 2624 cujus
1273 2563 1598 2615 mentionem
1631 2560 1825 2615 fecerit
1853 2563 2111 2626 Nicanor,

549 2635 642 2701 qui
694 2650 780 2690 res
824 2643 1007 2703 gestas
1050 2631 1346 2703 Alexandri
1391 2631 1702 2686 Macedonis
1731 2634 1974 2703 scripsit.
2009 2632 2110 2687 Se-

547 2705 784 2775 cundam
839 2702 1157 2775 L‘ibyssant,
1193 2702 1368 2775 cujus
1416 2703 1668 2775 meminit
1713 2702 2000 2773 Euripides
2058 2703 2110 2758 in

545 2773 750 2829 Lamia:
779 2772 1024 2844 prologo.
1059 2772 1299 2844 Tertiam
1335 2773 1647 2841 Delphicatn
1668 2811 1684 2837 ,
1713 2775 1782 2828 de
1806 2772 1910 2843 qua
1939 2775 2112 2844 Chry-

544 2845 735 2913 sippus
776 2843 1012 2912 loquitur
1047 2845 1099 2898 in
1129 2860 1195 2898 eo
1240 2843 1416 2907 libro,
1458 2858 1619 2913 quem
1664 2844 1731 2898 de
1776 2843 2110 2898 divinatione

545 2911 872 2982 ootitposuit.
906 2913 1163 2980 Quartam
1195 2911 1551 2968 Cumaeamin
1579 2911 1734 2967 Italia
1755 2954 1769 2977 ,
1801 2929 1963 2983 quam
1993 2915 2112 2967 Nae-

545 2985 664 3038 vius
697 2987 748 3038 in
779 2985 932 3040 libris
957 2983 1092 3036 Belli
1126 2984 1350 3048 Punici,
1383 2984 1504 3039 Piso
1536 2985 1587 3036 in
1615 2984 1906 3037 Annalibus
1933 2987 2107 3038 nunti-

544 3063 665 3127 nat.
700 3055 955 3127 Quintam
994 3055 1329 3127 Erythraeam
1352 3095 1366 3119 ,
1393 3071 1557 3124 quam
1589 3055 1954 3127 Apollodorus
1984 3056 2109 3127 Ery-

543 3124 750 3179 thraeus
777 3124 1009 3179 aﬂirtnat
1037 3123 1185 3178 suam
1207 3124 1374 3179 fuisse
1390 3123 1580 3179 civem.
1699 3163 1713 3178 .
1747 3162 1762 3178 .
1791 3166 1806 3181 .
1837 3163 1854 3178 .
1883 3123 2104 3179 Sextain

544 3193 786 3266 Samiam
807 3234 823 3260 ,
857 3195 923 3266 de
951 3210 1056 3264 qua
1086 3195 1307 3264 scripsit
1339 3196 1726 3266 Eratosthenes
1762 3197 1814 3249 in
1866 3197 2108 3266 antiquis
2134 3181 2176 3237 (ἶ

544 3265 837 3336 annalibus
868 3264 1173 3319 Samiorum
1212 3268 1487 3336 reperisse,
1505 3279 1565 3320 se
1603 3265 1888 3336 scriptum.
1935 3264 2109 3334 Septi-

541 3350 688 3405 niam
720 3334 1018 3388 Cumanam
1046 3334 1314 3405 ,‘nomine
1339 3335 1678 3390 Amaltheam
1702 3334 1731 3400 ,’
1751 3350 1870 3405 qua:
1897 3336 2110 3405 ab_aliis

543 3403 896 3476 Dcninphile,
929 3405 1019 3476 vel
1045 3403 1336 3476 Herophile
1368 3407 1698 3476 nominatur.
1727 3447 1741 3461 .
1768 3403 1786 3458 ζ
1815 3445 1828 3460 .
1862 3445 1878 3460 .
1907 3447 1925 3463 .
1949 3403 2112 3461 Octa-

541 3488 662 3546 ratu
695 3475 1150 3546 Hellesponticatn
1171 3474 1275 3540 {in
1303 3493 1432 3546 agro
1463 3474 1698 3542 Trojano
1729 3487 1912 3531 natam
1940 3517 1954 3540 ,
1988 3480 2110 3531 vico

538 3542 624 3616 Ma
636 3560 822 3614 rpesso
843 3590 860 3615 ,
878 3542 1043 3600 circa
1073 3548 1327 3616 oppidum
1340 3542 1683 3614 Eergithium
1707 3587 1722 3612 ,
1741 3563 1901 3616 quam
1919 3549 2110 3602 scribit

541 3614 858 3688 Heraclides
887 3614 1156 3688 Ponticus
1191 3616 1411 3672 Solonis
1445 3628 1498 3671 et
1537 3617 1660 3688 Syri
1697 3614 1864 3672 luisse
1897 3628 2110 3686 tempo-

541 3686 713 3758 ribus.
739 3685 945 3758 Nonam
970 3686 1292 3758 Phrygiam,
1314 3702 1434 3756 quae
1455 3685 1746 3742 vaticinata
1770 3690 2106 3758 sitAncyraa.

538 3754 818 3829 Decimam
839 3748 1148 3822 Tiburtem:
1172 3748 1389 3812 nomine
1409 3759 1711 3813 Albuneatn
1735 3762 1750 3823 ,
1775 3775 1895 3829 qua:
1919 3748 2105 3813 Tiburi

536 3827 756 3898 colitur,
793 3839 851 3882 ut
880 3830 1000 3884 dea.
1029 3868 1041 3880 .
1072 3866 1088 3882 .
1117 3867 1132 3880 .
1159 3868 1173 3880 .
1200 3869 1215 3884 .
1250 3830 1404 3898 cujus
1432 3844 1584 3882 saera
1609 3827 1832 3884 senatus
1866 3830 1918 3882 in
1945 3830 2104 3897 Capi-

539 3896 727 3951 tOliunt
781 3900 1140 3953 transtulerit.
1175 3918 1194 3951 ι
1227 3896 1440 3953 Ex‘hoc
1472 3899 1612 3951 haud
1642 3901 1805 3953 dubie
1837 3896 2100 3953 Lactantii

535 3967 655 4021 loco
696 3969 884 4022 eadem
914 3971 980 4022 ab
1010 3970 1215 4022 Isidoro
1244 3970 1518 4037 descripta
1549 3971 1792 4036 reperies
1823 3971 1864 4021 θ.
1901 3969 2102 4034 Quam-

534 4037 619 4090 vis
645 4047 824 4111 autetn
858 4050 1087 4108 uterque
1116 4040 1222 4111 alia
1243 4079 1258 4104 ,
1294 4054 1454 4108 quam
1480 4039 1752 4106 Clemens,
1784 4040 2097 4111 sibyllarum

535 4109 753 4180 nomina
794 4111 1105 4174 renuntiet;
1152 4110 1218 4164 de
1244 4110 1450 4180 iisdem
1493 4121 1672 4162 tamen
1713 4124 1807 4164 eos
1849 4109 1996 4180 lnqui
2043 4112 2096 4165 in

533 4177 775 4231 animum
806 4181 1032 4233 forsitan
1057 4188 1206 4233 tuum
1231 4179 1394 4234 facile
1425 4181 1646 4234 induces
1667 4218 1682 4243 ,
1711 4182 1754 4234 si
1781 4177 2098 4235 memineris

530 4260 697 4321 quam
735 4249 965 4304 diversis
995 4251 1308 4305 nominibus
1338 4251 1547 4321 sibyllae
1569 4289 1585 4315 ,
1618 4251 1692 4303 uti
1724 4251 1852 4304 alibi
1886 4267 1915 4304 a
1943 4253 2099 4306 ttohis

534 4317 978 4390 animadversum
1011 4330 1095 4374 est
1131 4321 1197 4387 ⁸ο,
1231 4338 1260 4374 a
1294 4317 1464 4376 variis
1495 4321 1854 4390 scriptoribus
1885 4339 2096 4377 nuncu-

531 4397 672 4458 patae
700 4389 924 4444 fuerint.

604 4458 862 4525 Quaedam
917 4462 1140 4530 insuper
1193 4460 1400 4532 sibyllae
1451 4460 1696 4515 carmina
1749 4475 1872 4532 non“
1908 4461 1960 4514 in
2011 4462 2096 4517 his

533 4540 745 4608 tantum
765 4533 914 4608 ,“sed
954 4532 1007 4608 i_n
1037 4530 1409 4608 superioribus
1445 4532 1806 4608 etiant__libr_is
1837 4530 2088 4608 Clemens
2121 4553 2165 4608 ι)

528 4601 752 4654 exhibet
787 4600 851 4666 ¹¹,
888 4604 982 4658 sed
1019 4603 1296 4670 cujnsnam
1344 4618 1411 4657 ex
1455 4602 1543 4656 his
1590 4603 1799 4671 sibyllis
1843 4603 1932 4655 illa
1971 4601 2090 4656 fue-

530 4671 680 4735 rint,
716 4672 914 4726 tacitns
953 4675 1324 4740 prmtermisit.
1368 4673 1498 4724 Eam
1536 4673 1896 4726 vero'alicubi
1933 4689 1950 4721 ι
1981 4674 2086 4726 He-

525 4743 796 4813 braeorum
839 4745 1266 4811 prophetissam,
1302 4743 1453 4813 παρὰ
1487 4742 1593 4812 τῆς
1621 4742 1947 4812 προφήτιδος
1983 4741 2091 4795 τῶν

539 4811 840 4934 Ἐὁρῧιωιέἷ
892 4815 974 4868 Vel
1026 4815 1334 4883 poeticam,
1360 4811 1682 4883 ποιητικὴπ
1721 4811 2035 4883 utputant,
2067 4834 2086 4867 ι

539 4897 662 4934 anne
706 4894 760 4934 at
843 4920 860 4934 .
1590 4914 1593 4915 ν

527 4886 760 4951 appellat
794 4886 860 4936 ¹².
1590 4914 1593 4915 ν

597 4955 670 5026 At
717 4955 850 5007 nihil
891 4953 1136 5026 profecto
1178 4954 1268 5008 ille
1306 4956 1371 5009 de
1407 4954 1598 5026 sibylla
1639 4955 1810 5024 magis
1850 4955 2096 5010 animad-

523 5023 807 5087 versione,
839 5023 902 5078 ac
933 5025 1156 5078 forsitan
1186 5023 1541 5080 admiratione
1569 5023 1787 5094 dignum
1815 5027 2090 5094 prodidit,

524 5107 686 5160 quam
737 5096 827 5148 ubi
880 5097 1128 5166 ethnicos
1174 5097 1422 5149 homines
1467 5098 1531 5148 ad
1564 5097 1804 5165 ejusdem
1851 5095 2091 5166 sibyllae,

526 5167 979 5230 quemadmodum
1028 5165 1296 5234 Hydaspis
1348 5167 1518 5222 libros
1563 5165 1986 5235 pervolutandos
2022 5167 2090 5221 ab

526 5235 776 5303 apostolo
815 5236 983 5289 Paulo
1025 5251 1219 5290 missos
1246 5251 1366 5289 esse
1400 5241 1479 5290 sic
1515 5247 1746 5291 testatur
1783 5236 1826 5267 ¹³
1854 5251 1868 5288 :
1901 5254 1918 5287 ι
1951 5236 2089 5289 Pau-

524 5300 610 5359 lus
639 5309 919 5375 apostolus
946 5307 1078 5361 dicit
1103 5325 1117 5360 :
1148 5306 1340 5361 Libros
1371 5322 1586 5378 quoque
1614 5306 1831 5362 Graecos
1859 5308 2085 5371 sumite,

623 5523 645 5554 '
686 5520 888 5578 Strom.
930 5521 1024 5575 lib.
1055 5537 1107 5587 ι,
1148 5537 1199 5590 p.
1235 5520 1359 5576 525.
1467 5521 1643 5578 ‘ibid.
1668 5561 1682 5587 ,

1716 5537 1770 5592 p.
1801 5521 1926 5576 555.

523 5594 716 5661 relig.,
748 5609 797 5646 c.
829 5595 882 5646 ti.
983 5593 1004 5622 ³
1051 5591 1168 5645 Lib.
1213 5608 1306 5646 vm
1369 5591 1560 5662 0rig.,
1608 5609 1655 5647 c.
1693 5591 1748 5646 8⁷.

1855 5593 1896 5623 ³ο
1935 5591 2055 5647 Lib.
2089 5608 2108 5648 ι

522 5745 708 5803 genu,
759 5749 812 5803 p.
871 5733 979 5798 46,
1031 5734 1123 5787 lib.
1179 5749 1214 5787 tt
1259 5733 1404 5790 Paed.
1443 5733 1653 5803 p.195.

526 5807 569 5838 ⁸⁸
609 5802 810 5860 Strom.
852 5803 948 5859 lib.
985 5819 1071 5870 vr,
1110 5818 1164 5872 p.
1199 5805 1323 5859 642.

2031 5523 2050 5554 '
2091 5521 2211 5596 Lib.
2259 5540 2274 5578 ι
2320 5524 2916 5596 Appar.,dissert.A12,
2951 5524 2979 5596 §
3013 5526 3064 5580 1.

2153 5594 2449 5666 Apparat.,
2497 5597 2720 5666 dissert.
2752 5594 2850 5662 12,
2891 5596 2918 5666 §
2952 5594 3006 5649 2.

523 5679 579 5732 p.
639 5662 738 5727 δᾶ,
800 5663 904 5724 55,
936 5662 997 5716 M
1021 5703 1036 5727 ,
1073 5663 1175 5727 46;
1233 5664 1322 5717 ltb.
1387 5679 1424 5718 ιι
1465 5661 1607 5717 Paed.
1639 5679 1690 5732 p.
1726 5661 1862 5727 195,
1896 5677 1948 5718 et
1981 5666 2076 5719 lib.
2109 5661 2276 5734 m,"p

523 5745 708 5789 ιιειιι..
759 5749 812 5789 υ.
871 5733 979 5789 46.
1031 5734 1123 5787 lib.
1179 5749 1214 5787 ιι
1259 5733 1404 5789 Paed.
1443 5733 1653 5789 0.195.
1762 5732 1806 5763 ¹³
1847 5735 2048 5789 Strom.
2088 5735 2180 5789 lib.
2230 5751 2279 5789 vt

1404 5773 1668 5862 ιονιῑιῖῖί.
1701 5773 2189 5875 apparata;
2358 5773 2412 5863 ξς
2437 5773 2645 5878 ςῑΐξσ.
2724 5773 3083 5865 ιτνδδίοειῖ
3103 5773 3202 5877 ξιξ

2239 536 2364 600 cet_,
2396 536 2449 600 et
2480 540 2543 580 ea
2577 524 2696 600 quae
2728 536 2854 600 sunt
2885 526 3212 600 [munitiet
3249 524 3736 600 Hydaspeniluinite,

2240 605 2295 650 et
2326 595 2485 661 legite
2505 635 2520 660 ,
2550 606 2603 649 et
2637 596 2928 650 invenietis
2959 595 3050 648 Dei
3085 595 3482 651 Filium’multo
3511 599 3677 656 clarius
3699 595 3740 658 et

2239 666 2484 733 apertius
2512 681 2631 720 esse
2659 667 2916 734 scriptum
2939 704 2952 728 ,
2981 675 3036 717 et
3058 666 3514 735 quemadmodum
3541 671 3739 726 adversus

2238 735 2512 807 Christum
2541 736 2692 790 multi
2722 752 2876 803 reges
2906 737 3170 790 instrneut
3199 736 3416 798 aciem,
3437 739 3523 807 qui
3549 754 3649 793 eum
3676 745 3741 796 ha-

2238 806 2364 882 bent
2394 806 2517 860 odio
2540 848 2554 870 ,
2587 817 2641 882 et
2671 822 2764 860 eos
2795 807 2886 882 _qui
2927 821 3122 882 nomen
3157 807 3284 882 ejus
3317 806 3560 873 gestant,
3588 823 3633 865 et
3653 815 3742 882 ejus

2239 874 2427 930 lideles
2447 916 2462 939 ,
2496 888 2550 930 et
2586 876 2703 942 ejus
2733 878 3076 930 tolerantiam
3107 886 3158 930 et
3191 874 3506 933 adventum.
3535 899 3552 931 ι

2308 944 2443 999 Tota
2499 948 2721 1017 hujusce
2767 948 3033 1001 salebrosi
3087 946 3184 1000 loci
3245 945 3533 1004 difﬁcultas
3581 950 3624 1004 iu
3665 953 3740 1008 hoc

2237 1017 2410 1086 posita
2443 1029 2559 1080 est,
2591 1019 2732 1086 quod
2767 1018 3016 1072 Clemens
3052 1020 3302 1084 quaedam
3337 1017 3567 1083 proferat
3593 1026 3742 1086 verba,

2237 1085 2435 1158 quibus
2468 1085 2942 1158 Paulusethnicos
2982 1089 3232 1158 homines
3274 1089 3344 1140 ad
3388 1087 3621 1158 legendos
3652 1085 3741 1148 cina

2235 1157 2473 1229 sibyllae,
2514 1169 2624 1210 tum
2665 1157 2933 1229 Hydaspis
2975 1157 3144 1211 libros
3192 1157 3536 1229 hortabatur.
3578 1161 3741 1217 Etenim

2237 1226 2425 1307 ntttlibi
2460 1226 2945 1299 gentium'exst'itit
2992 1243 3231 1299 unquam
3277 1229 3368 1282 illa
3414 1227 3553 1283 Pauli
3586 1235 3744 1288 exhor-

2236 1305 2388 1350 latio.

2304 1364 2510 1421 Nodum
2555 1367 2888 1422 difﬁcultatis
2940 1378 2998 1423 ιιι
3051 1371 3229 1425 solvat
3278 1368 3604 1434 Cotelerius,
3647 1391 3743 1429 con-

2236 1438 2405 1490 tendit
2439 1439 2549 1493 lttec
2577 1440 2739 1495 verba
2769 1457 2782 1492 :
2819 1441 2876 1493 '0
2898 1442 3192 1504 ἀπόστολος
3217 1441 3401 1508 λέγων
3422 1442 3642 1507 Παῦλος,
3666 1462 3741 1500 non

2233 1508 2620 1582 ad__sequentia
2655 1509 2849 1564 λάϐετε
2890 1513 2985 1565 καὶ
3029 1513 3126 1576 τὰς
3184 1512 3508 1580 Ἑλληνικὰς
3550 1513 3738 1582 βίϐλους·

2238 1597 2262 1652 ιΔ
2287 1577 2454 1652 libros
2485 1595 2699 1650 quoque
2728 1582 2882 1652 162
2904 1583 3123 1638 Graecos
3158 1577 3385 1644 sumite,
3411 1601 3429 1632 ι
3449 1577 3571 1647 εις-⁷,
3596 1577 3740 1646 relerri

2233 1647 2430 1702 debere
2447 1690 2460 1711 ,
2491 1647 2589 1724 sed
2614 1647 2678 1703 ad
2709 1647 2988 1720 superiora
3015 1671 3030 1707 :
3056 1655 3296 1716 οἰκείους
3326 1653 3505 1705 αὐτῶν
3531 1658 3588 1724 τῇ
3611 1655 3740 1709 διαλέ-

2233 1736 2349 1794 κτῳ
2392 1721 2735 1794 τξροφήταςμ
2761 1741 2779 1772 ι
2805 1727 3054 1794 proprios
3087 1739 3198 1778 suae
3229 1724 3430 1794 linguae
3461 1721 3732 1794 prophetas;

2151 1804 2194 1858 Β
2230 1789 2376 1845 dedit
2407 1789 2576 1861 Detts,
2607 1793 2681 1845 uti
2707 1789 2852 1846 Petri
2885 1789 3206 1848 Praedicatio
3230 1834 3248 1858 ,
3272 1789 3738 1861 efPaultts'aposto-

2223 1861 2303 1934 lus
2348 1859 2660 1934 declarabit.
2712 1861 3011 1920 Clementis
3061 1866 3251 1934 igitur,
3302 1879 3410 1917 non
3443 1878 3563 1934 vero
3589 1859 3733 1931 Pauli,

2221 1931 2340 1986 ltzec
2378 1933 2543 1984 verba
2595 1947 2714 1986 esse
2771 1931 3115 2003 suspicatur}
3155 1954 3175 1987 ι
3199 1933 3400 1988 Libros
3439 1931 3635 1990 Graecos
3669 1955 3734 1990 sn-

2221 2002 2386 2074 mite,
2410 2012 2551 2074 rete.
2593 2004 2701 2074 Sed
2746 2003 2832 2057 illa
2870 2002 3130 2061 ’Cotelerii
3171 2005 3494 2071 conjectura
3530 2016 3578 2058 et
3603 2011 3732 2074 expli-

2219 2073 2363 2126 Catio
2401 2073 2748 2147 peritioribus
2782 2076 2942 2147 viris_
2969 2077 3191 2131 minime
3246 2077 3538 2147 probatur;
3581 2073 3731 2147 quippe

2218 2155 2338 2208 qua:
2367 2142 2589 2212 omnino
2619 2159 2741 2197 cum
2775 2153 2887 2199 tota
2909 2142 3268 2201 Clementinaé
3298 2145 3557 2199 orationis
3581 2142 3732 2215 purgari

2217 2217 2358 2266 serie
2390 2228 2452 2265 ac
2481 2224 2761 2269 contextu.
2792 2217 2854 2268 Et
2882 2231 3039 2278 vero.
3064 2233 3164 2271 cur
3187 2217 3450 2273 Clemens
3471 2218 3652 2270 addidit
3673 2233 3734 2269 vo-

2217 2296 2334 2354 cem
2367 2281 2539 2350 λέγων
2569 2296 2696 2338 ante
2732 2286 2970 2350 Παῦλος,
2996 2287 3097 2341 nisi
3119 2296 3182 2340 ut
3209 2289 3586 2354 subsequentia
3610 2290 3726 2342 verba

2218 2352 2362 2429 illius
2403 2369 2523 2429 esse
2570 2354 2878 2429 indicaret?
2927 2358 3034 2411 Sed
3075 2359 3308 2429 agedum
3336 2399 3351 2419 ,
3384 2352 3519 2424 qua,
3562 2374 3727 2429 quaeso,

2216 2425 2430 2497 ratione
2456 2424 2755 2480 Cotelerius
2785 2429 2916 2487 haec.
2945 2443 3063 2496 quae
3093 2424 3214 2497 post
3242 2431 3415 2482 citata
3439 2441 3467 2477 a
3495 2428 3629 2482 nobis
3643 2427 3728 2481 Cle-

2217 2495 2412 2546 mentis
2445 2497 2610 2548 verba
2647 2497 2898 2563 proxime
2929 2495 3374 2553 sobne‘ctuntur:
3405 2515 3422 2545 ι
3447 2497 3626 2553 Deinde
3649 2516 3723 2550 uno

2215 2563 2383 2617 verbo
2408 2578 2506 2619 vos
2533 2565 2831 2635 interrogat
2859 2585 2872 2620 :
2903 2567 3070 2623 Totus
3097 2580 3282 2623 autem
3314 2570 3557 2628 mundus.
3577 2579 3621 2622 et
3642 2584 3724 2635 que

2215 2645 2341 2688 sunt
2374 2637 2423 2687 in
2448 2638 2666 2698 mundo,
2697 2640 2849 2702 cujus
2876 2650 3036 2706 sunt,
3063 2655 3247 2694 nonne
3268 2639 3409 2693 Dei?
3433 2660 3452 2693 ι
3472 2644 3533 2692 ad
3558 2640 3719 2692 Petrum

2214 2707 2428 2772 potius,
2460 2720 2622 2774 quam
2662 2708 2728 2759 ad
2769 2707 2991 2762 Paulum
3021 2749 3036 2773 ,
3069 2711 3262 2764 ultimo
3301 2711 3423 2764 loco
3470 2711 3718 2771 laudatum,

2215 2777 2348 2828 dicit
2370 2790 2492 2830 esse
2524 2776 2852 2833 referenda?
2879 2777 3091 2834 Nullam
3123 2786 3276 2835 certe
3317 2781 3498 2835 attulit
3524 2795 3717 2841 causam,

2215 2860 2313 2918 nec
2365 2844 2772 2918 ullamhalferre
2821 2859 3054 2918 poterat.
3098 2850 3235 2905 Nam
3278 2867 3402 2905 cum
3443 2851 3717 2904 continenter

2211 2915 2460 2970 Clemens
2484 2916 2751 2989 adjecerit
2779 2937 2793 2974 :
2821 2915 2842 2971 ι
2874 2919 3164 2989 Ρτονιθιειι
3198 2923 3336 2976 dicit
3378 2921 3558 2974 Petrus
3583 2919 3712 2972 Domi-

2215 3001 2340 3059 num
2386 2987 2620 3059 dixisse,
2649 3005 2669 3038 ι
2707 3002 2813 3044 etc.
2836 3030 2850 3054 ,
2878 2987 3001 3044 inde
3046 2993 3189 3046 haud
3231 2995 3467 3046 obscure
3506 2991 3716 3059 colligitur

2213 3057 2395 3130 priora
2439 3057 2606 3130 verba
2655 3073 2759 3115 non
2801 3062 2927 3114 huic
2969 3061 3168 3127 Petro,
3201 3065 3297 3118 sed
3325 3062 3489 3115 Paulo
3526 3057 3710 3130 apostolo

2213 3127 2280 3177 ab
2307 3141 2370 3180 eo
2395 3127 2613 3181 ascribi.

2282 3195 2624 3251 Probabilius
2659 3198 2841 3268 itaque
2877 3200 2999 3256 aliis
3035 3203 3257 3256 videtur
3285 3203 3508 3257 citat-2m
3535 3199 3708 3253 fuisse:

2213 3263 2490 3344 Clemente
2527 3263 3100 3344 pseudepigraphum,
3140 3276 3600 3344 apocryphumque
3637 3273 3706 3344 alt:

2213 3335 2355 3413 quod
2381 3336 2560 3413 _Pa_u_li
2583 3335 2864 3413 “scrip—tuin
2889 3335 2916 3405 ;”
2939 3353 3046 3413 aut
3086 3335 3275 3412 potius
3313 3335 3616 3413 quamdam,
3645 3338 3706 3413 ubi

2215 3407 2328 3460 haec
2360 3410 2424 3462 de
2457 3409 2664 3478 sibyllis
2695 3407 2897 3484 dixisse
2926 3407 3226 3479 ferebatur,
3261 3407 3522 3484 publicant
3547 3412 3706 3484 concio-

2213 3491 2366 3544 "e'",
2397 3492 2518 3547 quae
2550 3496 2657 3532 mm
2696 3482 2933 3549 scripto,
2967 3486 3060 3539 sed
3092 3482 3295 3547 verbo,
3327 3495 3384 3538 et
3417 3494 3636 3550 tanquam
3658 3483 3702 3531 de

2211 3561 2408 3614 manu,
2456 3561 2513 3604 ut
2568 3550 2752 3612 aiunt.
2796 3553 2862 3605 ad
2904 3569 3123 3608 manum
3167 3557 3236 3607 ad
3273 3556 3555 3609 Clementis
3581 3563 3704 3618 usque

2213 3625 2453 3690 tempora
2485 3622 2811 3688 pervenerit.
2844 3623 2985 3678 Nulli
3015 3625 3160 3678 enim
3191 3625 3416 3679 dubium
3445 3639 3551 3677 esse
3571 3628 3700 3690 potest

2207 3688 2414 3764 scripta
2445 3695 2695 3764 quaedam,
2717 3690 2884 3746 fuisse
2913 3696 3228 3764 apocrypha
3247 3734 3264 3759 ,
3293 3711 3411 3764 qua:
3441 3688 3697 3764 falso—Pauli

2157 3791 2159 3794 -
2209 3761 2427 3813 nomine
2459 3760 3011 3818 circumferebantur.
3049 3760 3179 3820 Tale
3209 3760 3483 3820 enimvero
3515 3777 3584 3818 est
3608 3760 3699 3813 illud

2205 3833 2350 3904 quod
2375 3829 2624 3885 Celasius
2651 3847 2893 3904 summus
2916 3835 3164 3904 pontifex
3191 3834 3354 3888 Pauli
3381 3834 3581 3904 apostoli
3603 3845 3697 3904 rere-

2205 3898 2456 3973 lulionem
2487 3913 2763 3970 nuncupat
2805 3902 2867 3957 “.
2903 3898 2982 3958 Ᾱιι
3017 3917 3203 3960 autem
3232 3905 3346 3960 haec
3367 3946 3382 3970 ,
3408 3898 3484 3958 vel
3508 3902 3694 3973 quaedam

2205 3967 2318 4046 alia
2358 3967 2829 4042 pseudepigrapha
2877 3977 3113 4044 Apostoli
3158 3967 3386 4046 scriptio
3425 3990 3455 4029 a
3480 3967 3695 4029 Ciemente

2203 4041 2538 4108 designetur,
2571 4041 2728 4096 nemo
2755 4041 3233 4100 facile-divinabit.

2270 4107 2459 4180 Neque
2484 4128 2647 4181 porro
2669 4111 2805 4167 Novi
2835 4126 3042 4170 tantum
3067 4155 3082 4182 ,
3107 4119 3201 4170 sed
3227 4115 3437 4172 Veteris
3461 4115 3600 4170 etiam
3618 4107 3686 4182 Te-

2202 4185 2454 4256 stamenti
2490 4183 2658 4256 I‘alsas
2682 4187 2944 4256 quasdam
2987 4198 3044 4240 et
3082 4189 3393 4256 suppositas
3432 4187 3593 4256 citavit
3627 4181 3690 4256 ille

2201 4253 2526 4320 scriptiones
2563 4254 2630 4307 ιδ.
2679 4252 3009 4312 Mentionent
3063 4252 3344 4312 enimvero
3389 4258 3508 4313 fecit
3547 4252 3686 4308 Cbamt

2200 4326 2497 4392 prophetia:
2521 4363 2538 4390 ,
2565 4339 2632 4398 es
2660 4339 2762 4393 qua
2794 4325 3128 4398 Pherecydes
3153 4329 3321 4382 multa
3347 4327 3400 4382 in
3427 4322 3686 4398 Tlteologiaﬂ

2199 4406 2352 4468 suam
2379 4395 2760 4468 transtulerat.
2795 4396 2900 4452 Sed
2925 4395 3081 4454 de'ea
3103 4400 3216 4468 jam
3242 4400 3438 4468 aliquid
3467 4396 3575 4452 alibi
3595 4405 3681 4462 per-

2197 4463 2518 4519 strinximus
2549 4465 2612 4517 ιθ.

2715 4559 3110 4628 ARTICULUS
3149 4561 3232 4616 Ill.

2199 4644 2275 4698 De
2309 4647 2554 4721 [inmanis
2585 4651 2955 4706 traditionibus
2989 4654 3318 4721 rejiciemlis,
3353 4664 3396 4708 et
3422 4652 3478 4703 de
3506 4646 3602 4701 aliis
3624 4641 3678 4691 άὶ·

2269 4719 2403 4773 vinis
2441 4723 2508 4772 ad
2545 4739 2638 4794 nos
2689 4739 2792 4777 non
2823 4719 3057 4794 scripto,
3088 4730 3179 4779 sed
3215 4732 3365 4781 verba
3398 4734 3440 4778 et
3472 4721 3562 4774 rica
3596 4727 3679 4768 re“

2203 4831 2206 4834 .
2268 4793 2609 4859 transmissis.

2274 4886 2443 4940 Docet
2465 4883 2717 4939 Clemens
2749 4885 2979 4955 duplicis
3003 4886 3221 4957 generis
3247 4901 3364 4942 esse
3391 4879 3672 4957 traditiones.

2205 4956 2340 5010 alias
2387 4957 2604 5030 quidem
2654 4957 2957 5030 humanas,
2993 4955 3061 5030 et
3112 4959 3180 5012 ab
3208 4955 3668 5030 lioutitiibusortas,

2200 5041 2336 5094 quas
2369 5022 2661 5093 Apostolus
2682 5028 2767 5080 his
2798 5022 3086 5096 proscribit
3107 5029 3286 5084 verbis
3314 5029 3384 5082 ιτς
3412 5043 3429 5076 ι
3451 5022 3601 5096 Videte
3621 5026 3668 5066 ne

2199 5103 2322 5165 quis
2354 5099 2456 5159 sit,
2487 5097 2578 5170 qui
2613 5111 2708 5149 vos
2740 5101 2962 5153 seducat
2995 5113 3089 5167 per
3117 5099 3492 5168 philosophiam
3519 5098 3561 5170 et
3585 5099 3666 5138 ina-

2200 5183 2320 5220 netn
2349 5169 2721 5234 tleceptionetn
2745 5171 3042 5223 secundum
3070 5171 3399 5224 traditionem
3421 5170 3661 5234 botntuuttt.

2198 5238 2336 5291 κατὰ
2367 5235 2464 5308 τὴν
2483 5225 2789 5307 ’παράδοσιν
2821 5239 2928 5293 τῶν
2964 5237 3284 5310 ἀνθρώπων,
3319 5240 3567 5293 secundum
3585 5225 3662 5310 lt:in

2197 5322 2375 5363 menta
2414 5296 2595 5362 ιίιιιιιιι]
2618 5349 2632 5372 ,
2674 5320 2728 5362 et
2771 5327 2878 5364 non
2912 5296 3204 5365 secundum
3236 5296 3544 5366 Christum.)
3582 5296 3662 5362 Qui

3159 5525 3182 5557 ⁸
3253 5525 3364 5579 Lib.
3395 5539 3438 5588 ι,
3472 5517 3530 5570 De
3569 5510 3653 5564 lali-

3115 5597 3155 5627 “
3175 5600 3177 5602 ’
3195 5598 3408 5650 Admoti.
3449 5591 3500 5641 ad
3528 5593 3650 5650 εευίοι

2242 5646 2470 5734 ίιξέῖδξ
2504 5646 2728 5720 Ὲῦὸὶιῖ.
2889 5646 3052 5734 3,—p.
3085 5646 3562 5734 ϋΟιΪῊ-ῙίίᾸὼιιρῦ.
3602 5646 3650 5734 δά

2361 5752 2412 5805 1)·
2451 5727 2574 5791 i336-
2688 5737 2730 5768 "
2770 5727 3047 5800 bist/15',
3106 5756 3156 5792 c.
3185 5738 3246 5793 5.
3294 5736 3450 5792 Sanct.
3477 5727 3645 5782 Romae.
