3948 6314
364 229 501 287 “09

1553 228 1642 282 DE
1687 225 1907 282 LlDRlS
1946 223 2391 282 STROMATUM.

3456 225 3592 280 lHO

365 355 544 415 autem
582 343 652 398 de
687 345 964 400 hominum
1001 345 1294 400 traditione
1328 345 1583 415 loquatur
1609 345 1928 414 Apostolus,
1959 346 2006 401 A
2035 345 2330 400 traditione
2363 344 2620 399 didicisse
2648 359 2755 412 quo
2787 344 2977 399 ordine
3014 346 3220 415 scripta
3251 357 3376 398 sunt
3412 347 3591 401 Evan-

362 417 442 471 sic
483 413 737 470 Clemens
774 417 1026 470 edisserit
1062 416 1139 470 ¹⁸ε
1168 434 1186 468 ‹
1220 413 1594 470 Traditionem
1632 413 1926 470 humanam

361 500 596 540 canoras
638 487 767 540 dicit
814 502 1018 555 nugas,
1063 502 1184 554 qua:
1222 495 1512 555 versantur
1554 490 1607 540 in
1653 487 1923 540 oratione.

361 555 725 622 Quamobrem
759 555 848 611 ille
879 554 1090 625 quoque
1116 557 1309 612 scribit
1331 575 1342 609 :
1367 554 1642 618 Juuiores,
1666 557 1926 624 quzestio-

362 641 462 679 nes
493 626 656 695 fugite
683 625 750 684 ¹⁹.
776 635 900 680 sunt
926 627 1068 680 enim
1099 626 1338 695 pueriles
1368 626 1671 692 hujusmodi
1701 637 1928 680 conten-

364 696 561 768 tiones.
589 714 608 748 ι
640 695 924 768 |n_Graec_o
971 696 1266 768 Clementis
1309 704 1457 750 textu
1507 697 1781 768 legimus:
1827 696 1927 768 τὴν

357 762 583 847 λογικὴγ
607 765 860 890 τερθξίαν
883 766 1053 836 λέγει.
1084 765 1200 819 Vox
1229 779 1404 819 autem
1431 762 1656 838 τερθρία
1685 782 1775 820 seu
1805 762 1928 838 τεῤ-

357 834 516 890 θοεία
553 837 692 889 tdem
767 838 903 890 nudae
935 848 1092 890 sonat
1127 851 1189 890 ac
1216 836 1535 890 λεπτολογία
1557 877 1572 890 .
1602 837 1703 890 hoc
1737 846 1820 890 est
1858 841 1926 890 de

357 834 516 908 θρεία
542 834 692 908 idem
724 834 903 908 Snidre
935 834 1189 908 sonatac
1216 834 1535 906 λεπτολογίά
1557 834 1578 900 ζ
1602 837 1712 908 hoc
1737 846 1820 890 est
1858 834 1926 892 de

358 905 526 960 rebus
556 905 764 960 minimi
795 908 1051 960 momenti
1083 907 1399 975 disputatio.
1433 905 1563 974 ane
1585 907 1803 974 quidem
1830 921 1927 961 ex-

354 976 579 1044 plicatio
604 991 632 1029 a
662 976 953 1030 Clementis
983 992 1147 1030 sensu
1179 977 1355 1030 aliena
1390 995 1494 1032 non
1524 977 1757 1031 videtur.
1791 975 1923 1030 Nam

357 1046 449 1118 ille
481 1057 714 1099 mentem
744 1062 896 1118 suam
924 1047 1126 1100 clarius
1168 1048 1418 1112 aperiens
1439 1090 1454 1112 ,
1499 1049 1638 1100 hanc
1668 1047 1924 1118 τερθρίαν

357 1117 504 1170 idem
537 1131 598 1169 ac
621 1117 880 1183 pueriles,
909 1133 1000 1171 seu
1029 1132 1198 1170 novas
1229 1119 1504 1172 hominum
1529 1118 1594 1170 de
1631 1117 1926 1170 rebusexi-

357 1188 483 1252 guis
517 1188 806 1240 verborum
843 1189 1222 1241 contentiones
1251 1203 1374 1242 esse
1410 1189 1550 1241 haud
1581 1187 1814 1240 obscure
1846 1188 1922 1242 si-

358 1255 606 1325 gniﬁcat.
640 1259 720 1312 Ab
751 1256 1062 1310 hominibus
1092 1269 1271 1311 autem
1303 1258 1629 1312 Christianis
1659 1257 1780 1312 illas
1807 1271 1925 1311 om-

360 1332 494 1380 nino
522 1326 769 1380 vitandas
798 1335 855 1381 et
882 1328 1245 1395 repudiandas
1276 1343 1396 1382 esse
1424 1329 1645 1382 asserit.

429 1395 582 1467 Alias
624 1411 790 1464 porro
837 1399 1160 1467 traditiones
1199 1397 1266 1451 ab
1299 1399 1562 1467 apostolis
1587 1397 1922 1466 Christoque

357 1465 585 1519 Domino
613 1467 676 1522 ad
705 1468 952 1520 homines
979 1466 1300 1536 proﬂuxisse
1326 1465 1452 1522 dicit
1471 1508 1486 1527 ,
1508 1483 1642 1536 quas
1670 1468 1744 1521 illi
1772 1465 1922 1522 dein-

356 1551 490 1602 ceps
515 1551 616 1589 suo
641 1539 841 1605 quique
876 1538 1069 1591 ordine
1095 1553 1122 1588 a
1153 1537 1451 1604 majoribus
1493 1539 1604 1592 suis
1645 1553 1751 1591 non
1783 1539 1920 1592 scri-

357 1617 475 1678 pto,
509 1607 604 1661 sed
647 1608 812 1661 verbo
861 1616 1206 1678 acceperant.
1255 1609 1539 1678 Magistros
1566 1609 1763 1678 quippe
1793 1623 1919 1662 suos

2031 416 2167 485 gelia
2189 456 2204 480 ,
2250 426 2303 469 et
2331 425 2525 483 praeter
2556 424 2790 485 quatuor
2831 415 2882 468 in
2913 415 3168 470 omnibus
3205 414 3464 471 Ecclesiis
3502 433 3591 471 re-

2029 484 2182 552 cepta
2205 528 2218 550 ,
2252 485 2459 538 nullmn
2491 484 2637 539 aliud
2667 484 3084 538 admittendum.

2101 555 2510 610 Traditionibtts
2543 569 2709 622 porro
2748 555 3119 625 hujuscemodi
3148 595 3164 618 ,
3201 571 3320 624 quze
3354 557 3421 608 ab
3457 572 3589 625 apo-

2029 627 2181 682 stolis
2220 636 2382 694 atque
2423 626 2584 679 efiam
2616 642 2644 678 a
2677 624 2894 678 Christo
2928 624 3152 678 Domino
3187 624 3548 680 manavernnt
3574 669 3586 689 ,

2030 697 2323 751 maximam
2374 698 2737 749 reverentiam
2780 711 3160 763 summumque
3209 697 3466 751 honorem
3495 698 3587 749 de-

2027 767 2184 830 beri,
2237 779 2395 819 nemo
2452 765 2551 819 nisi
2610 768 2801 820 insano
2847 780 3032 819 errore
3083 766 3239 834 plane
3269 769 3582 822 obczecatus

2028 852 2267 908 unquam
2299 837 2598 908 negaverit:

2453 906 2608 976 163
2648 903 3040 960 ARTICULUS
3073 904 3160 959 IV.

2026 975 2104 1029 De
2139 993 2278 1031 vero:
2309 973 2598 1036 Ere-Iesu}:
2627 991 2834 1029 socrum
2866 978 3054 1029 divinw
3087 977 3391 1029 traditionis
3423 978 3583 1046 depo-

2178 1048 2337 1101 situm
2369 1047 2736 1106 custodierunt,
2768 1048 2904 1099 notis
2937 1059 2984 1099 et
3017 1046 3426 1100 characteribtts.

2096 1115 2321 1172 Sacrum
2357 1117 2684 1170 Christiana:
2720 1116 2862 1170 illius
2894 1117 3152 1170 doctrina:
3173 1157 3188 1176 .
3221 1118 3286 1170 ad
3319 1134 3416 1170 nos
3448 1120 3585 1174 divi-

2025 1187 2110 1242 nis
2142 1201 2264 1241 cutn
2301 1186 2606 1254 Scripturis
2639 1196 2749 1239 tum
2788 1187 3174 1240 traditionibus
3207 1189 3541 1244 transmissae
3564 1233 3579 1254 ,

2025 1257 2328 1326 depositum
2373 1255 2440 1309 ab
2485 1255 2723 1310 Ecclesia
2778 1256 3040 1310 catholica
3093 1258 3368 1324 integrum
3402 1260 3583 1315 illiba-

2026 1338 2244 1396 tumque
2273 1327 2476 1381 servari
2501 1337 2651 1379 extra
2675 1341 2888 1380 omnem
2916 1328 3126 1394 penitus
3154 1332 3580 1386 controversiam

2023 1399 2256 1470 positum
2291 1407 2394 1470 est.
2432 1396 2500 1450 At
2528 1412 2648 1470 qua;
2678 1398 2748 1450 sit
2778 1411 2902 1470 vera
2932 1396 3020 1450 illa
3047 1397 3288 1470 Ecclesia
3310 1439 3323 1460 ,
3354 1416 3417 1454 ac
3447 1417 3582 1470 quo-

2023 1469 2213 1542 modo,
2236 1468 2503 1542 quibusve
2516 1467 2755 1542 _notis_ac
2785 1469 3194 1542 characterilms
3216 1470 3289 1542 ab
3315 1470 3417 1542 alia
3450 1467 3583 1542 qua-

2023 1537 2153 1591 libet
2179 1537 2312 1590 falsa
2338 1549 2390 1608 et
2413 1537 2758 1592 schismatica
2782 1538 2991 1608 secerni
3021 1548 3074 1590 et
3101 1538 3358 1605 distingui
3385 1537 3549 1608 possit
3567 1585 3580 1602 ,

2020 1608 2325 1662 luculenter
2351 1607 2600 1662 Clemens
2631 1617 2821 1661 noster
2849 1607 3086 1674 explicat
3113 1608 3158 1639 “
3189 1623 3203 1660 :
3235 1628 3252 1660 ι
3283 1609 3580 1666 Ecclesiam

357 1676 614 1752 Clemens
639 1679 902 1752 praedicat
929 1679 974 1709 ¹⁰
999 1676 1014 1732 ξ
1039 1676 1184 1752 «Qui
1233 1676 1415 1732 veram
1442 1717 1457 1741 ,
1489 1676 1704 1752 inquit,
1747 1677 1918 1752 beatae
1949 1698 1992 1752 Β
2023 1687 2243 1752 autem,
2270 1677 2444 1747 inquit
2472 1676 2590 1752 ille,
2621 1677 2934 1752 non__locum
2958 1717 2972 1739 ,
3000 1678 3093 1731 sed
3121 1678 3423 1734 electorum
3450 1697 3581 1735 con-

359 1747 622 1800 doctrinae
644 1749 934 1802 servabant
965 1748 1308 1802 traditionem
1331 1787 1346 1811 ,
1373 1749 1672 1812 παράδοσιν
1691 1789 1706 1812 ,
1731 1750 1915 1801 statim

359 1832 392 1871 a
423 1816 618 1878 Petro,
648 1827 701 1870 et
729 1815 967 1880 Jacobo,
1004 1827 1058 1872 et
1095 1817 1302 1872 Joanne
1326 1857 1340 1880 ,
1374 1829 1428 1872 et
1459 1815 1632 1873 Paulo
1655 1857 1672 1885 ,
1713 1819 1918 1873 sanctis

365 1886 667 1960 apostolis:
701 1888 772 1940 ita
811 1897 869 1942 ut
908 1887 1047 1960 lilius
1087 1889 1361 1960 acciperet
1395 1903 1424 1942 a
1459 1899 1612 1960 patre
1639 1926 1654 1942 .
1679 1928 1696 1945 .
1722 1927 1737 1942 .
1857 1923 1874 1942 .
1899 1928 1913 1942 .

362 1958 429 2010 ad
457 1971 579 2027 gnos
623 1973 835 2026 quoque
858 2000 872 2023 ,
917 1959 1028 2014 Deo
1056 1957 1268 2013 volente
1291 1999 1306 2022 ,
1341 1957 1705 2027 pervenerunt
1757 1959 1846 2013 illa
1886 1974 1916 2011 a

363 2026 658 2094 majoribus
689 2028 810 2082 data
853 2037 906 2082 et
945 2028 1239 2097 apostolica
1285 2026 1586 2098 deposituri
1627 2029 1854 2082 semina.
1886 2045 1906 2079 ι

358 2099 404 2168 Αν
449 2098 870 2168 praeceptoribus
895 2100 1073 2165 itaque
1105 2099 1250 2162 suis,
1282 2099 1372 2168 qui
1405 2099 1770 2168 apostolorum
1803 2099 1918 2153 dis-

358 2167 525 2238 cipuli
561 2166 806 2238 fuerant,
837 2168 1118 2238 Clemens,
1173 2185 1279 2222 non
1301 2166 1474 2230 secus.
1500 2179 1662 2238 atque
1690 2167 1780 2221 alii
1809 2183 1918 2223 suae

362 2237 542 2291 astatis
571 2237 907 2302 Christiani,
939 2237 1146 2307 accepit
1173 2237 1638 2307 quemadmodum
1692 2238 1838 2293 ﬁlius
1885 2254 1916 2292 a

361 2316 549 2375 patre,
580 2323 685 2361 non
714 2308 886 2361 solum
920 2310 1125 2376 scripto
1146 2348 1161 2372 ,
1195 2310 1287 2363 sed
1321 2311 1484 2364 etiam
1510 2311 1676 2365 verbo
1701 2311 1916 2363 beatam

361 2378 623 2447 doctrinae
657 2378 981 2447 evangelicae
1013 2379 1384 2433 traditionem.

430 2446 540 2502 Cur
562 2461 741 2501 autem
771 2446 998 2517 apostoli
1027 2449 1303 2518 discipulis
1357 2448 1499 2510 suis,
1533 2457 1588 2503 et
1627 2448 1682 2502 hi
1719 2448 1913 2503 deinde

359 2516 488 2572 aliis
519 2519 769 2586 quaedam
802 2516 909 2573 non
940 2516 1179 2587 scripto,
1224 2519 1318 2574 sed
1349 2518 1516 2573 verbo
1558 2519 1913 2583 tradiderint,

357 2587 502 2642 hanc
527 2587 614 2641 ille
633 2588 894 2658 rationem
915 2589 1073 2657 paulo
1102 2597 1220 2658 post
1245 2589 1473 2643 reddidit
1497 2591 1575 2641 "z
1607 2607 1625 2640 ι
1644 2587 1761 2643 Jam
1786 2604 1917 2643 vero

361 2672 470 2711 non
503 2657 764 2712 revelavit
793 2659 978 2713 multis
1005 2674 1066 2714 ea
1087 2697 1102 2722 ,
1130 2675 1248 2727 qua:
1277 2675 1384 2713 non
1415 2669 1575 2713 erant
1601 2660 1914 2723 multorum,

361 2730 456 2781 sed
502 2729 724 2797 paucis,
768 2729 966 2798 quibus
1013 2730 1219 2783 sciebat
1264 2730 1588 2794 convenire,
1626 2730 1717 2797 qui
1756 2738 1813 2782 et
1851 2743 1914 2782 ea

361 2809 581 2865 possent
613 2801 889 2867 accipere,
930 2809 985 2854 et
1030 2814 1097 2852 ex
1129 2799 1194 2853 iis
1233 2799 1540 2854 informari.
1578 2798 1788 2852 Arcana
1818 2814 1918 2853 au-

362 2878 470 2921 tem
494 2907 508 2927 ,
541 2869 681 2922 sicut
715 2871 854 2923 Deus
875 2907 893 2933 ,
921 2869 1086 2923 verbo
1113 2870 1436 2934 creduntur,
1481 2886 1588 2924 non
1631 2870 1854 2934 scripto.
1891 2889 1909 2922 ι

361 2937 441 2991 Τὰ
464 2938 521 2992 δὲ
543 2939 829 3012 ὰπόρῤητσ.
849 2979 863 3004 ,
889 2938 1140 3012 καθάπερ
1161 2942 1188 2993 ὁ
1210 2939 1341 3002 Θεὸς
1360 2978 1375 3003 ,
1401 2939 1541 3011 λόγῳ
1568 2937 1914 3006 πιστεύεται,

361 3008 420 3060 οὐ
449 3009 754 3064 γράμματι.

360 3024 420 3060 ου
449 3024 754 3064 vacuatam.

787 3080 896 3134 alio
943 3081 998 3135 in
1050 3080 1189 3135 libro
1218 3080 1266 3110 ¹²
1298 3095 1363 3134 ex
1407 3079 1644 3150 Apostoli
1696 3080 1760 3132 ad
1807 3081 1911 3135 Coo

359 3147 634 3204 losseuses
675 3151 1004 3214 scribentis,
1051 3151 1233 3204 verbis
1275 3147 1471 3218 probat
1517 3167 1622 3205 non
1671 3151 1912 3204 omnium

359 3234 481 3289 esse
507 3220 912 3288 cognitionem,
953 3222 1022 3275 ibi
1056 3221 1401 3274 continenter
1437 3223 1549 3274 haec
1594 3219 1869 3289 subjuugit
1897 3239 1911 3274 :

361 3306 382 3339 ι
406 3288 524 3344 Jatn
553 3293 696 3362 enim
720 3302 904 3362 erant,
933 3308 1052 3361 qua:
1077 3292 1422 3362 tradebantur
1447 3291 1688 3344 Hebraeis
1705 3330 1720 3353 ,
1744 3288 1916 3362 ἀγρά-

357 3376 505 3428 φως,
553 3361 690 3432 sine,
719 3361 956 3430 scriptis.
990 3381 1007 3413 ι
1044 3362 1127 3414 Ab
1175 3361 1420 3432 Apostoli
1463 3361 1626 3432 igitur
1674 3361 1914 3432 tempore

281 3437 298 3454 ⁸
356 3441 513 3483 erant
540 3431 784 3499 quaedam
818 3429 1096 3500 religionis
1127 3441 1326 3485 nostrae
1372 3429 1605 3500 placita,
1645 3445 1764 3498 qua:
1808 3429 1917 3484 He-

356 3501 518 3572 braeis
545 3500 772 3570 aliisque
797 3500 1163 3555 Christianam
1198 3502 1358 3572 [idem
1395 3501 1772 3572 proﬁtentibus
1798 3503 1915 3558 sine

357 3570 559 3638 scripto
582 3609 598 3634 ,
628 3573 720 3625 sed
748 3571 864 3624 viva
894 3587 1024 3626 voce
1051 3570 1422 3625 tradebantur.

429 3639 697 3694 Praeterea
727 3640 977 3695 Clemens
1012 3643 1330 3704 haereticos,
1371 3641 1463 3708 qui
1511 3654 1720 3695 sacram
1761 3638 1916 3694 Scri-

359 3720 570 3778 pturam
617 3726 714 3780 pro
763 3712 975 3765 Domini
1025 3712 1286 3780 dignitate
1336 3721 1391 3763 et
1428 3713 1720 3765 secundum
1769 3711 1912 3780 piam

359 3779 720 3844 apostolorum
745 3779 1105 3835 traditionem
1123 3795 1226 3834 non
1263 3781 1774 3848 interpretabantur,
1810 3779 1913 3834 hoc

359 3861 675 3930 arguttt’etrto
691 3850 933 3930 confutat
948 3851 993 3930 ’ξ
1014 3869 1025 3903 :
1048 3849 1495 3930 Παραξιαταθήξεη
1525 3848 1914 3930 τὰρρποδιξοτ

361 3920 493 3990 μόνη
526 3919 672 3990 Θεῷ,
706 3922 738 3990 ή
767 3919 907 3973 κατὰ
935 3920 1033 3990 τὴν
1059 3919 1154 3973 τοῦ
1187 3921 1389 3989 Κυρίου
1404 3919 1759 3974 διδασκαλίαν
1784 3959 1798 3983 ,
1827 3919 1916 3972 διὰ

356 3989 461 4043 τῶν
483 3989 792 4046 ἀποστόλων
817 3989 1106 4060 αὐτοῦίτῆς
1123 3990 1404 4052 θεοσεϐοῦς
1422 3991 1768 4060 παραδόσεως
1794 3989 1915 4041 σύν-

357 4061 471 4125 εσις
508 4079 568 4116 τε
609 4064 703 4116 καὶ
735 4063 1085 4131 συνάσκησις.
1134 4078 1152 4110 t
1190 4062 1497 4129 Depositum
1548 4064 1720 4125 enim,
1772 4061 1913 4124 quod

361 4133 468 4186 Deo
493 4133 756 4197 redditur,
783 4142 868 4186 est
891 4131 1276 4186 convenienter
1306 4131 1513 4184 Domini
1543 4131 1804 4186 doctrina:
1818 4145 1914 4194 per

356 4202 472 4271 ejus
509 4203 880 4272 apostolorum
914 4201 1056 4270 piam
1091 4200 1434 4272 traditionem
1470 4201 1824 4272 intelligentia
1857 4209 1916 4254 et

357 4270 696 4327 exercitatio.
729 4272 903 4338 rQuid
940 4281 1117 4324 autem
1155 4282 1274 4326 erat
1310 4271 1395 4324 illa
1425 4271 1511 4339 pia
1546 4270 1912 4340 apostolorum

356 4343 421 4396 de
465 4359 594 4426 vero
637 4343 1133 4431 Scripturtesensu'
1165 4342 1420 4407 traditio,
1459 4342 1564 4431 nisi
1605 4340 1906 4431 veravillius
1938 4376 1982 4431 ο

355 4414 659 4481 expositio,
697 4409 857 4481 quam
910 4412 1199 4478 discipulos
1251 4427 1378 4466 suos
1431 4411 1515 4463 vel
1567 4409 1794 4478 privatis
1849 4412 1899 4463 in

353 4485 669 4550 colloquiis,
708 4482 788 4537 vel
817 4481 1043 4551 publicis
1079 4483 1132 4536 in
1167 4482 1523 4538 concionibus
1555 4483 1748 4535 docere
1781 4495 1904 4534 con-

355 4554 684 4608 sueverant?

425 4622 610 4688 Neque
639 4623 692 4675 in
723 4622 806 4676 his
836 4621 1206 4675 tantummodo
1233 4619 1555 4675 Stromatum
1583 4619 1738 4675 libris
1763 4619 1901 4672 divi—

358 4707 457 4745 nas
488 4691 604 4745 illas
637 4693 951 4746 traditiones
976 4695 1316 4746 commendat
1344 4703 1399 4744 et
1430 4702 1627 4755 tuetur,
1663 4690 1756 4743 sed
1788 4690 1900 4743 Eu-

357 4761 512 4814 sebio
551 4771 685 4816 teste
718 4761 804 4814 ":
837 4781 855 4813 ι
887 4762 939 4814 In
976 4763 1111 4815 libro
1137 4777 1296 4830 quem
1336 4764 1402 4814 de
1439 4763 1637 4830 pascha
1677 4774 1898 4827 compo-

356 4831 466 4884 suit
517 4841 760 4885 coactum
809 4846 868 4885 se
910 4831 1137 4884 allirmat
1182 4848 1211 4883 a
1263 4830 1620 4884 [tiniliaribus
1664 4830 1812 4896 suis,
1842 4838 1900 4881 ut

359 4901 679 4955 traditiones
701 4940 716 4964 ,
746 4915 880 4968 quas
911 4902 979 4954 ab
1008 4903 1404 4968 antiquioribus
1437 4901 1766 4970 presbyteris
1803 4914 1897 4952 ac-

357 4978 608 5038 ceperat,
640 4971 868 5039 scriptas
895 4972 1124 5038 posteris
1157 4971 1455 5024 mandaret.
1493 4990 1511 5020 »
1548 4969 1900 5037 Antiquiores

286 5063 288 5066 τ
357 5053 532 5094 autem
559 5041 632 5093 illi
660 5041 1000 5110 presbyteri,
1027 5050 1083 5091 ut
1114 5041 1306 5094 ibidem
1335 5039 1598 5094 Eusebius
1623 5042 1897 5110 observat,

357 5111 719 5178 apostolorum
746 5109 902 5164 erant
926 5110 1169 5176 discipuli
1194 5149 1208 5170 ,
1238 5112 1327 5178 qui
1363 5115 1458 5164 has
1489 5111 1804 5164 traditiones
1832 5109 1900 5160 ab

357 5181 549 5235 iisdem
585 5182 879 5250 apostolis,
916 5181 1054 5250 sicut
1085 5189 1140 5231 et
1163 5180 1212 5231 hi
1245 5198 1272 5231 a
1303 5180 1522 5235 Christo
1551 5187 1895 5247 acceperant.

427 5249 665 5317 Deniqde
697 5267 762 5305 ex
798 5254 983 5304 eodem
1021 5249 1249 5302 Eusebio
1282 5251 1527 5318 superius
1559 5251 1901 5303 animadver-

358 5321 522 5374 timus
553 5321 601 5353 ³⁸
635 5321 962 5375 Clementem
998 5321 1104 5372 alio
1138 5321 1187 5369 in
1221 5319 1362 5374 libro
1388 5361 1402 5385 ,
1444 5320 1584 5374 sicut
1615 5330 1667 5372 et
1705 5319 1895 5386 Orige-

358 5406 477 5445 ucm
499 5432 515 5457 ,
548 5392 827 5446 testiﬁcari
863 5406 923 5445 se
951 5405 1017 5444 cx
1064 5390 1418 5444 vetustiorum
1459 5392 1897 5460 presbyterorum

425 5553 468 5584 “
503 5549 709 5606 Strom.
739 5549 829 5602 lib.
861 5563 918 5612 ι,
951 5564 1004 5618 ρ.
1031 5547 1156 5603 295.

359 5641 408 5690 p.
439 5622 526 5675 57.
602 5620 647 5654 ⁸³
689 5619 932 5690 Liba",
971 5635 1022 5690 μ.
1057 5619 1180 5672 678.

360 5689 412 5764 ν.
445 5691 566 5745 ns.
643 5691 683 5722 ιτ
723 5689 852 5744 Ibid.
888 5706 939 5758 p.
973 5689 1096 5744 7st.
1171 5691 1214 5723 η
1254 5689 1500 5758 lbid.,p.
1533 5690 1654 5744 765.

1232 5547 1276 5579 "
1312 5547 1354 5603 ll
1384 5548 1528 5602 Tim.
1559 5563 1596 5603 ll
1618 5589 1634 5612 ,
1667 5548 1758 5603 ‘25.

1833 5549 2118 5623 ’.°V_Strom.
2156 5553 2249 5606 lib.
2285 5571 2343 5617 ι,

1258 5619 1303 5650 ’⁸
1340 5618 1458 5673 Lib.
1491 5634 1541 5672 Vt
1582 5618 1754 5681 Hist.,
1788 5618 1966 5682 ολδ,

2020 1745 2384 1817 gregationem
2417 1746 2646 1816 appello.
2679 1767 2698 1800 ι
2731 1745 2896 1812 llujus
2929 1757 3108 1800 autem
3130 1787 3144 1809 ,
3173 1764 3295 1817 quae
3324 1766 3448 1806 vere
3485 1753 3578 1807 Dei

2020 1819 2279 1890 templum
2307 1829 2420 1890 est,
2454 1819 2936 1890 trespotissimum
2965 1818 3204 1890 assignat
3237 1830 3424 1883 notas,
3459 1824 3580 1890 qui-

2017 1889 2120 1942 bus
2153 1890 2220 1940 ab
2253 1889 2506 1941 omnibus
2536 1887 2660 1941 aliis
2691 1887 3207 1956 congregationibus
3245 1887 3581 1948 manifestis-

2018 1960 2155 2013 sime
2184 1957 2536 2012 discernitur.
2572 1957 2749 2010 Primo
2776 1958 2919 2010 enim
2942 1998 2957 2018 ,
2988 1958 3079 2011 illa
3105 1969 3188 2013 est
3213 1963 3454 2016 omnium
3481 1980 3578 2018 an-

2020 2028 2359 2098 tiquissima,
2418 2037 2581 2096 atque
2621 2029 2875 2081 omnibus
2929 2028 3231 2084 ltzeresibus
3283 2035 3571 2088 vetustior.
3651 2039 3655 2042 ’

2019 2097 2273 2152 Secundo
2293 2099 2361 2162 ",
2404 2098 2492 2151 illa
2538 2097 2679 2152 sicut
2719 2099 2950 2166 ipsemet
2985 2098 3145 2161 Deus,
3182 2117 3285 2153 una
3315 2115 3417 2162 est,
3454 2104 3572 2158 fidei

2018 2169 2263 2233 scilicet,
2311 2178 2366 2223 et
2417 2168 2676 2239 doctrinae
2716 2169 2768 2221 in
2812 2168 2983 2222 sacris
3027 2169 3324 2239 Scripturis
3367 2175 3580 2227 traditae

2019 2240 2260 2299 unitate,
2293 2253 2454 2308 quam
2501 2238 2659 2291 nulla:
2701 2253 2937 2308 unquam
2986 2238 3221 2294 ltrereSes
3266 2244 3576 2299 discindere

2018 2317 2073 2363 et
2123 2307 2450 2387 labelamare
2516 2307 3094 2387 potuerunta‘Tertio,
3147 2313 3575 2387 est_xaboitxiq,

2025 2379 2335 2453 {catholica
2357 2418 2372 2443 ,
2404 2397 2422 2430 ι
2443 2377 2536 2433 seu
2571 2377 2924 2453 universalis,
2956 2395 3077 2446 quae
3109 2396 3212 2453 non
3246 2382 3301 2436 in
3346 2377 3576 2453 quibus-

2018 2449 2140 2503 dam
2191 2457 2398 2502 tantum
2443 2459 2599 2502 terra:
2641 2449 2915 2514 partibus,
2959 2449 3418 2518 quemadmodum
3467 2455 3579 2509 sin-

2017 2519 2153 2587 gulae
2192 2519 2457 2584 hzereses,
2491 2519 2583 2573 sed
2615 2533 2712 2584 per
2742 2528 2910 2571 totum
2955 2521 3137 2574 mundi
3176 2524 3363 2577 orbem
3397 2526 3576 2581 disse-

2019 2589 2244 2661 minata,
2283 2588 2993 2661 hominessecundutnDei
3029 2593 3364 2660 propositum
3402 2596 3580 2661 justos

2018 2657 2414 2732 complectitur.
2464 2657 2590 2732 S_ola
2641 2658 2809 2724 igitur
2854 2658 2941 2732 illa
2987 2657 3246 2732 vera'est
3291 2657 3575 2732 Ecclesia,

2018 2743 2180 2797 quam
2208 2728 2457 2782 Clemens
2485 2729 2625 2780 hunc
2654 2738 2837 2794 postea
2871 2729 2920 2780 in
2951 2730 3168 2784 modum
3197 2734 3460 2789 describit
3482 2737 3528 2768 ’³
3559 2728 3572 2790 ξ

2024 2814 2042 2848 ι
2072 2798 2139 2850 Ει
2169 2798 2471 2874 substantia
2507 2812 2670 2874 ergo,
2703 2808 2756 2850 et
2783 2799 3113 2874 cogitatione
3137 2842 3151 2863 ,
3185 2812 3240 2856 et
3267 2805 3535 2874 principio
3559 2849 3574 2870 ,

2016 2877 2071 2942 et
2103 2867 2427 2942 excellentia
2451 2867 2622 2942 solam
2650 2883 2776 2942 esse
2811 2870 3040 2942 dicimus
3085 2867 3364 2942 antiquam
3392 2867 3459 2930 et'
3482 2867 3574 2931 ea;

2019 2937 2273 2993 tholicam
2307 2939 2602 3014 Ecclesiatn
2647 2941 2698 2992 in
2747 2941 3005 3014 unitatem
3034 2937 3412 3014 unius—ﬁdei,
3458 2963 3576 3014 quae

2019 3019 2102 3062 est
2149 3024 2214 3063 ex
2259 3009 2495 3078 propriis
2537 3011 2910 3074 testamentis,
2965 3012 3046 3066 vel
3086 3014 3264 3079 potius
3310 3030 3375 3069 ex
3407 3009 3575 3072 testa-

2021 3089 2240 3157 mento,
2259 3081 2399 3157 quod
2427 3089 2513 3134 est
2539 3096 2703 3133 unum
2730 3080 3348 3157 diversistemporibus,
3379 3089 3430 3140 in
3457 3089 3575 3157 qui-

2017 3150 2115 3202 bus
2147 3149 2242 3202 Dei
2275 3149 2572 3229 _volunta_te
2621 3164 2715 3219 per
2750 3166 2924 3229 unum
2966 3149 3248 3208 Dominum
3280 3149 3578 3228 cangregat

2016 3235 2145 3292 eos,
2195 3223 2288 3288 qui
2334 3230 2461 3274 sunt
2511 3221 2624 3292 jam
2665 3221 2931 3292 ordinati,
2979 3238 3118 3291 quos
3167 3221 3576 3292 praedes-finivit

2018 3289 2194 3352 Deus,
2249 3306 2370 3344 cmn
2419 3305 2514 3344 eos
2561 3289 3010 3362 justos_luturos
3052 3289 3391 3362 cognovisset
3445 3307 3571 3352 ante

2017 3362 2198 3412 tnnndi
2223 3362 2720 3416 constitutionem.»
2741 3360 2875 3413 Tum
2904 3377 3034 3416 vero
3059 3360 3404 3422 continenter
3431 3370 3574 3424 illius

1998 3429 2392 3495 excellentiam
2435 3433 2914 3499 przestantiamque
2946 3434 3014 3484 ah
3053 3435 3151 3488 hac
3183 3439 3390 3492 unitate
3423 3455 3575 3493 com-

2015 3501 2235 3576 mendat
2260 3518 2322 3576 ιβ
2346 3500 2648 3576 Caeterum,
2676 3501 2887 3569 inquit,
2916 3501 3170 3576 Ecclesia:
3196 3522 3411 3576 quoque
3436 3510 3571 3563 emi-

2015 3570 2193 3622 nentia
2215 3609 2230 3630 ,
2259 3571 2398 3624 sicut
2423 3570 2749 3637 principium
2776 3570 3227 3634 constructionis,
3250 3570 3335 3630 est
3357 3596 3426 3632 ex
3453 3583 3574 3632 uni-

2019 3649 2127 3692 tate
2148 3678 2164 3700 ,
2191 3640 2369 3692 omnia
2404 3641 2508 3692 alia
2538 3654 2801 3708 superans
2821 3679 2834 3701 ,
2866 3650 2921 3693 et
2954 3642 3084 3694 nihil
3118 3644 3332 3702 habens
3361 3650 3459 3702 sibi
3493 3650 3570 3702 si«

2016 3709 2142 3762 mile
2161 3749 2174 3771 ,
2198 3709 2284 3762 vel
2310 3708 2534 3776 aequale.
2557 3727 2577 3760 ι
2605 3708 2752 3762 Vera:
2790 3725 2952 3777 porro
2983 3713 3242 3768 Ecclesia!
3269 3718 3363 3770 has
3391 3729 3569 3773 certas

2016 3794 2079 3832 ac
2108 3781 2328 3831 minime
2374 3779 2568 3856 dubias
2608 3794 2747 3856 esse
2771 3789 2925 3834 notas
2947 3821 2962 3845 ,
2998 3798 3060 3836 ac
3095 3789 3344 3856 proprios
3375 3791 3567 3856 genui-

2017 3863 2224 3916 nosque
2257 3862 2376 3902 esse
2413 3849 2594 3913 illius,
2635 3849 2835 3917 quibus
2879 3867 2906 3901 a
2956 3849 3168 3907 (ueteris
3199 3849 3332 3910 aliis
3377 3849 3570 3912 distin-

2016 3920 2223 3985 guitur,
2253 3921 2601 3972 characteres
2624 3957 2638 3982 ,
2685 3933 2750 3973 eo
2795 3919 3048 3974 Clemens
3086 3935 3274 3979 noster
3301 3926 3572 3983 eﬂicacius

2016 3989 2208 4055 probat
2227 4028 2242 4051 ,
2271 4003 2378 4056 quo
2408 3989 2606 4042 clarius
2634 4004 2694 4043 ea
2732 3991 2911 4042 omnia
2947 3992 3078 4045 nttlli
3112 3997 3324 4061 penitus
3353 3998 3571 4053 hermi-

2017 4074 2204 4112 eorum
2238 4069 2402 4111 secta:
2442 4062 2738 4112 convenire
2789 4061 2986 4113 ibidem
3029 4069 3290 4120 ostendit.
3328 4068 3392 4122 Et
3438 4084 3570 4122 vero

2015 4143 2174 4194 quam
2206 4127 2399 4182 validis
2426 4129 2512 4182 ille
2537 4130 2870 4198 argumentis
2901 4145 3088 4186 omnes
3110 4134 3342 4192 haereses
3368 4147 3423 4192 et
3455 4139 3566 4192 hae-

2017 4198 2218 4253 reticos
2245 4199 2358 4267 ipsa
2389 4213 2512 4252 vera
2548 4199 2788 4254 Ecclesia
2825 4202 3158 4259 recentiores
3187 4220 3308 4262 esse
3341 4210 3566 4262 convin-

2018 4275 2105 4321 cat
2127 4309 2142 4332 ,
2175 4267 2315 4321 infra
2347 4282 2376 4320 a
2408 4268 2562 4322 nobis
2592 4270 3075 4328 demonstrabitttr.

2091 4337 2473 4418 Dntttn‘itaque
2499 4340 2758 4418 duntagtat
2789 4340 3220 4418 hichadjiciamus
3239 4388 3254 4408 ,
3282 4349 3423 4417 quod
3451 4349 3566 4418 ipse

2010 4409 2234 4462 tradidit
2265 4411 2333 4480 ξ’,
2367 4423 2464 4461 nos
2492 4425 2511 4458 ι
2541 4423 2636 4475 per
2668 4409 2811 4477 ipsas
2861 4411 3171 4480 Scripturas
3214 4409 3425 4473 discere
3469 4409 3564 4473 de-

2009 4479 2365 4553 monstrativc
2395 4480 2664 4553 quomodo
2695 4482 2857 4548 lapsae
2890 4479 3015 4535 sunt
3045 4487 3282 4542 haereses
3301 4527 3317 4553 ,
3344 4499 3398 4541 et
3433 4506 3562 4543 con-

2011 4558 2090 4627 tra
2129 4551 2483 4627 quomodoin
2527 4549 2640 4603 sola
2677 4553 2925 4627 veritate
2959 4561 3014 4627 et
3043 4549 3562 4627 antiqua’Ecclesia

2007 4619 2080 4696 sit
2112 4617 2769 4696 perfectissima‘rognitip
2799 4640 2812 4674 :
2846 4623 2970 4696 DhAt’
2997 4625 3173 4677 αὐτῶν
3196 4617 3312 4680 ’τῶν
3336 4628 3566 4696 Γραφῶν

2007 4687 2365 4769 ὲιεμαγθᾲνειν
2402 4687 2792 4769 ἀκποδειδξςτικῶς
2811 4733 2835 4769 ,Α
2864 4693 3010 4769 ὃπιος
3056 4696 3152 4765 μὲν
3179 4687 3567 4769 ἁπεσφάληάαν

2008 4760 2064 4838 αξ
2105 4761 2380 4838 αἱρέσεις]
2425 4762 2573 4838 omni;
2600 4761 2657 4838 δὲ
2697 4763 2789 4838 καῖ.
2820 4765 2877 4815 ὲν
2904 4760 3140 4838 μόνῃσῇ
3183 4760 3568 4838 ἀληθείᾳ,’καὶ

2093 4831 2294 4901 ἀρχαίᾳ
2309 4831 2599 4904 Ἐκκλησία
2619 4832 2652 4901 ἦ
2675 4849 2734 4884 τε
2760 4831 3139 4904 (Σικριϐεστὶὶτή⁷
3155 4831 3566 4903 vitarem-Vides

2005 4899 2168 4966 igitur
2201 4899 2468 4976 quomodo
2484 4899 2750 4976 Clemens
2785 4899 2992 4971 repetat
3023 4916 3076 4976 et
3111 4899 3344 4961 inculcet
3374 4911 3564 4976 praeci-

2004 4985 2170 5044 puam
2195 4985 2337 5024 vera:
2370 4971 2626 5044 Ecclesiae
2657 4983 2836 5024 notam
2869 4989 2993 5028 esse
3029 4975 3175 5030 illius
3208 4992 3320 5044 pra:
3348 4971 3564 5033 caeteris

2005 5039 2254 5114 omnibus
2307 5043 2469 5094 sectis
2505 5041 2914 5114 antiquitatem.
2966 5047 3035 5098 At
3093 5039 3280 5100 sedulo
3340 5049 3568 5114 insuper

2007 5111 2407 5179 animadvertas
2437 5111 2595 5166 velim
2623 5126 2780 5179 quam
2810 5115 3013 5168 diserte
3052 5115 3141 5169 ille
3180 5111 3480 5174 asseverct‘
3500 5135 3566 5172 ex

2008 5176 2305 5248 Scripturis
2351 5183 2522 5236 sacris
2568 5176 2718 5235 certo
2775 5193 2829 5236 et
2882 5186 3162 5239 evidenter
3204 5189 3566 5241 demonstrari

2006 5251 2095 5316 qui
2128 5252 2238 5303 sint
2271 5252 2644 5305 haereticorum
2677 5267 2893 5306 errores
2917 5295 2930 5314 ,
2962 5265 3016 5308 et
3066 5257 3118 5308 in
3169 5259 3280 5309 sola
3328 5258 3562 5311 veritate

2004 5329 2060 5398 et
2089 5321 2308 5388 antiqua
2346 5321 2582 5376 Ecclesia
2617 5319 3064 5391 perfectissimam
3111 5329 3335 5396 reperiri
3374 5330 3558 5398 cogni-

2007 5397 2227 5443 ῑιυιιθιη.

2375 5571 2424 5623 p.
2455 5555 2582 5611 274.
2678 5557 2718 5588 ²¹
2761 5556 2895 5612 Ibid.
2921 5597 2936 5623 ,

2288 5571 2300 5608 I
2328 5595 2343 5617 ,
2375 5571 2424 5623 p.
2455 5559 2582 5611 274.
2678 5559 2718 5588 ²¹
2761 5559 2895 5612 lbid.
2921 5597 2936 5623 ,
2973 5574 3024 5628 p.
3055 5559 3182 5616 275.
3278 5564 3322 5593 "
3360 5561 3482 5618 Lih.
3512 5577 3568 5630 v,

2288 5628 2333 5658 "
2373 5630 2504 5698 Sup.
2542 5645 2589 5682 c.
2625 5627 2688 5692 4,
2726 5638 2829 5681 art.
2860 5628 2913 5682 9..
3011 5631 3054 5662 ³⁸
3095 5631 3300 5688 Strom.
3333 5633 3429 5689 lib.
3461 5645 3568 5695 vn.

2001 5637 2052 5690 p.
2083 5624 2199 5695 2157
2288 5628 2333 5658 "
2373 5630 2504 5695 Sup.
2542 5645 2589 5682 c.
2625 5627 2688 5692 4,
2726 5638 2829 5681 art.
2860 5628 2913 5682 2.
2973 5624 3054 5662 ’³⁸
3095 5631 3300 5688 Strom.
3333 5633 3429 5689 lib.
3461 5624 3574 5695 vn;

1729 5693 1772 5724 η
1811 5689 1942 5748 lbid.
1968 5733 1981 5759 ,
2004 5689 2076 5762 έν.
2117 5694 2240 5751 755.
