3924 6306
161 271 290 325 “Si

1355 275 1444 332 DE
1485 275 1706 331 LIBRIS
1744 276 2019 364 STRQMA
2030 276 2174 332 TUM
2189 320 2203 334 .

3269 283 3402 340 Ηῖῖ

154 395 446 473 alia,_sicut
465 393 888 473 dixintus,_illius
901 399 967 453 de
991 397 1169 452 divina
1189 397 1457 453 Trinitate
1482 403 1703 454 testimo

1827 399 1996 473 περι),
2025 411 2070 452 et
2092 401 2422 473 inanietttur,
2463 401 2860 473 κενωθήσονται
2892 399 3120 472 (Polygl.
3156 403 3401 457 ἐκκενω-

155 467 242 520 nia
281 464 332 518 in
371 466 602 520 medium
637 466 891 522 adduxit?

226 537 328 590 Sed
354 537 579 604 agedum
607 580 619 600 ,
644 553 754 607 Aqua
779 579 794 602 ,
822 551 1002 607 quaeso
1023 578 1037 597 .
1075 541 1292 594 tandem
1341 540 1556 596 ratione
1601 541 1726 595 Cle-

154 623 330 670 mens,
363 605 851 678 aliiqueiejttsdem
881 610 1056 664 mtatis
1087 609 1386 678 scriptores
1420 626 1485 664 ex
1517 611 1724 665 duobus

151 679 530 732 tantmnmodo
579 677 672 731 Dei
717 679 1015 742 attributis,
1065 677 1288 734 minime
1331 696 1462 735 vero
1493 699 1556 735 ex
1603 680 1723 734 aliis

152 749 439 821 distinctas
487 762 516 799 a
566 746 892 821 Pat_re_.‘s_ed
942 751 1180 815 ejusdem
1225 760 1434 805 naturae
1463 767 1723 821 personas

150 817 347 890 fecisse
377 818 680 890 dicantur?
729 817 884 872 Nulla
927 830 1074 874 certe
1110 821 1269 882 ratio,
1306 817 1479 890 neque
1505 822 1573 875 ab
1619 822 1722 876 hoc

151 889 447 960 Sociniatio
475 889 762 960 scriptore,
795 905 971 959 neque
998 892 1063 942 ah
1093 892 1202 944 ullo
1232 892 1337 944 alio
1373 889 1606 960 unquam
1641 892 1722 946 af-

152 959 278 1012 ferri
312 959 534 1026 poterit.
575 957 679 1012 Sed
722 957 897 1028 pudet
931 962 1200 1028 taedetque
1243 962 1296 1015 in
1326 957 1720 1018 absurdissima

149 1030 424 1101 opinione,
451 1044 514 1101 ex
549 1029 739 1098 putido
771 1031 1011 1085 haeretici
1046 1032 1282 1088 hominis
1312 1034 1536 1088 cerebro
1567 1043 1717 1101 nata,

150 1100 352 1155 diutius
381 1099 672 1156 refellenda
705 1103 1050 1157 commorari.

668 1197 1062 1256 ARTICULUS
1111 1199 1198 1256 IV.

147 1289 225 1343 De
246 1287 441 1361 Christi
455 1289 508 1341 in
522 1287 774 1340 mundum
791 1291 1315 1361 venturiprasmmtiis
1328 1301 1374 1345 et
1389 1295 1638 1361 oraculis,
1658 1312 1718 1349 ac

206 1359 495 1426 praesertim
525 1362 589 1412 de
615 1361 944 1428 septuaginta
976 1359 1210 1416 Danielis
1252 1359 1680 1421 hebdomadibus.

214 1454 326 1508 Cttr
351 1454 519 1508 Filius
543 1453 662 1516 Dei,
686 1469 846 1508 verus
871 1463 1212 1524 aeternusque
1239 1455 1398 1519 Deus,
1428 1458 1715 1511 humanam

146 1542 373 1597 carnem
402 1534 610 1597 statuto
643 1526 872 1597 quodam
906 1537 1148 1594 tempore
1181 1527 1402 1581 induere
1445 1529 1715 1597 homoque

147 1595 264 1648 tit-ri
296 1595 556 1658 voluerit,
600 1595 736 1649 hanc
778 1595 1027 1650 Clemens
1058 1607 1244 1650 contra
1279 1597 1595 1652 Cassianum
1629 1595 1713 1652 af-

144 1669 254 1720 l'ert
313 1666 573 1720 rationem
613 1664 690 1718 ’δε
731 1677 786 1718 ιιι
832 1676 1073 1720 nostrum
1121 1667 1384 1736 primique
1433 1669 1711 1723 hominum

142 1737 392 1810 parentis
422 1746 727 1810 peccatum,
758 1737 1130 1810 _inobedientia
1162 1753 1531 1810 perversaque
1559 1741 1710 1793 volu-
1746 1755 1784 1810 Β

140 1818 291 1875 ptate
321 1808 651 1874 admissum,
689 1807 890 1860 deleret
929 1809 1300 1878 aboleretque.
1333 1807 1502 1863 Porro
1529 1823 1706 1864 autem

141 1879 291 1949 illum
318 1878 607 1949 Christiad
630 1879 874 1931 homines
898 1879 1208 1938 adventum.
1237 1879 1375 1942 sive,
1396 1891 1450 1932 ttt
1478 1882 1706 1949 theologi

138 1948 474 2019 loquuntur.
519 1947 960 2001 incarnationem
997 1950 1063 2002 ab
1101 1949 1214 2015 ipso
1260 1952 1443 2003 ntuudi
1480 1947 1708 2005 exordio

139 2017 306 2073 variis
332 2017 638 2091 divinisque
663 2019 1048 2088 prophetarum
1077 2021 1312 2091 oraculis
1365 2021 1534 2076 fuisse
1574 2039 1708 2091 prae-

139 2092 481 2154 ttuntiatatn,
528 2089 606 2143 sic
653 2100 840 2142 attctor
872 2099 1056 2143 noster
1103 2089 1405 2144 luculenter
1445 2089 1701 2147 tradidit:

145 2179 161 2210 ι
200 2161 496 2223 \‘enientis,
537 2160 711 2228 inquit
737 2160 802 2222 '9,
829 2161 893 2212 ad
916 2161 1178 2231 homines
1209 2161 1416 2214 Domini
1438 2202 1452 2222 .
1483 2165 1574 2231 qui
1610 2181 1707 2220 nos

139 2243 256 2284 erat
288 2236 548 2285 docturus
572 2269 586 2293 ,
624 2230 1046 2285 innumerabiles
1077 2229 1228 2285 fuere
1267 2229 1666 2296 siqnilieaitores
1689 2276 1704 2298 ,

140 2302 584 2367 attttuntiatores,
636 2311 1027 2369 prreparatores
1047 2341 1062 2364 ,
1107 2316 1470 2368 praecursores
1500 2304 1567 2357 ab
1595 2307 1705 2361 alto

138 2391 200 2428 ex
243 2374 425 2425 mundi
457 2372 864 2445 constitutione,
898 2385 993 2440 per
1021 2387 1206 2439 opera,
1246 2387 1341 2440 per
1374 2375 1532 2428 verba
1564 2393 1697 2445 prae-

139 2444 524 2513 signiﬁcantes,
581 2444 932 2516 praedic-entes
979 2458 1098 2497 esse
1134 2453 1417 2516 venturum
1440 2485 1454 2506 ,
1486 2457 1539 2499 et
1566 2444 1702 2516 quo-

139 2517 320 2578 modo,
355 2524 410 2568 et
451 2515 666 2584 quando
690 2553 704 2576 ,
735 2523 791 2566 et
820 2529 1064 2579 quantam
1094 2524 1273 2566 essent
1303 2515 1480 2568 futura
1527 2515 1700 2585 signa.

141 2587 365 2639 Eminus
387 2595 535 2640 certe
559 2585 640 2637 lex
665 2585 1066 2653 praemeditatur
1093 2594 1148 2636 et
1176 2588 1479 2653 prophetia.
1502 2587 1703 2644 Deinde

138 2672 446 2725 praecursor
499 2651 786 2726 (videlicet
835 2651 1071 2710 Joannes
1119 2651 1359 2722 Baptista
1401 2669 1420 2726 )
1465 2661 1703 2712 ostendit

139 2738 481 2800 praesentem,
514 2737 795 2800 postquam
829 2727 1212 2800 praedicatores
1252 2727 1516 2800 docentes
1543 2730 1724 2800 169.

137 2800 405 2852 adventus
433 2799 687 2849 virtutem
723 2798 1049 2865 sigttilicant.
1081 2815 1099 2848 ι
1141 2795 1271 2862 Quae
1295 2809 1472 2850 autent
1499 2795 1702 2854 ruet-1m

138 2869 218 2922 hae
244 2869 646 2937 praedictiones.
681 2876 735 2919 et
760 2868 1028 2934 quomodo
1062 2882 1216 2920 suum
1248 2872 1450 2921 sortitae
1487 2872 1596 2924 sint
1622 2871 1730 2925 el'--

138 2938 364 3001 tectum,
393 2954 422 2991 a
450 2938 604 2991 nobis
648 2937 1007 2991 demonstrari
1056 2937 1189 2990 nihil
1237 2939 1446 3004 penitus
1477 2955 1700 2995 necesse

135 3018 238 3062 est.
294 3007 404 3063 Hoc
444 3009 584 3061 enim
621 3017 996 3077 argumentum
1029 3023 1132 3060 non
1165 3009 1321 3061 modo
1350 3011 1418 3064 ab
1446 3013 1698 3066 omnibus

138 3080 256 3157 fere
275 3079 616 3157 scholasticis
636 3077 920 3146 theologis,
948 3083 1039 3131 sed
1061 3078 1282 3157 abatliis
1307 3083 1468 3133 etiattt
1502 3082 1700 3157 doctis-
1727 3095 1774 3157 ρ

137 3151 293 3204 simis
321 3150 680 3217 scriptoribus
716 3163 838 3201 cum
873 3149 1266 3220 recentioribus
1295 3159 1403 3201 tttnt
1439 3152 1698 3220 antiquis,

134 3230 298 3290 atque
331 3223 382 3275 itt
415 3220 606 3289 printis
636 3220 864 3272 Eusebio
888 3228 941 3271 et
971 3219 1166 3272 Huetio
1196 3219 1234 3282 ³,
1277 3221 1498 3289 integris
1530 3219 1702 3276 maxi-

138 3289 352 3360 misqne
378 3293 443 3345 de
472 3290 560 3343 illo
585 3289 744 3343 editis
771 3289 1151 3354 voluminibus,
1188 3290 1465 3345 lusissime
1491 3301 1544 3346 et
1578 3309 1702 3347 eru-

135 3363 400 3416 ditissime
422 3369 970 3433 pertractatutttcsse
1000 3360 1177 3433 nullus
1213 3361 1456 3429 profecto
1481 3375 1584 3426 est,
1609 3364 1701 3433 qui

134 3434 212 3486 vel
244 3428 469 3492 nesciat,
489 3433 572 3485 vel
603 3445 791 3484 eorum
809 3428 978 3485 libros
1007 3431 1165 3484 facile
1193 3428 1342 3486 adire
1375 3449 1479 3486 non
1508 3428 1696 3502 possit.

200 3503 371 3556 Nefas
404 3512 583 3554 tamen
626 3512 876 3570 putamus
904 3517 965 3554 ea
1005 3502 1222 3555 silentio
1251 3508 1695 3572 praetermittere,

131 3593 251 3642 qua:
301 3582 492 3628 auctor
525 3583 705 3625 noster
748 3574 814 3623 ad
862 3573 1240 3640 explicanduttt
1284 3575 1696 3630 celeberrimum

135 3645 372 3698 Itanielis
425 3645 490 3696 de
535 3643 732 3696 futuris
796 3658 964 3710 usque
991 3643 1057 3694 ad
1104 3642 1378 3697 Christum
1425 3646 1696 3699 hominem

131 3718 338 3769 tactum
396 3714 829 3767 hebdomadibus
869 3712 1148 3766 oraculum
1195 3715 1397 3783 scripto
1451 3717 1694 3769 tradidit.

130 3786 260 3841 Tria
295 3787 508 3854 itaque,
546 3800 664 3852 quze
699 3785 762 3835 ad
800 3783 1134 3854 propositum
1172 3797 1416 3838 nostrum
1464 3787 1696 3840 maxime

128 3853 402 3926 pertinent
427 3863 615 3926 ,Asunt
663 3863 915 3926 accurate
959 3853 1325 3926 enucleanda:
1357 3855 1554 3923 pritno,
1580 3871 1698 3924 quae

129 3924 263 3982 vera
303 3928 375 3980 sit
414 3924 710 3979 Clementis
741 3924 909 3978 nostri
941 3925 1006 3976 de
1055 3925 1157 3977 hoc
1187 3927 1442 3979 vaticittio
1470 3939 1694 3979 senten-

129 4003 222 4065 tia,
261 3998 620 4067 genuinaque,
652 3998 719 4050 de
748 4011 851 4059 qua
878 3995 1117 4050 nonnulli
1150 3995 1291 4049 inter
1314 3996 1695 4067 sedigladian-

131 4083 243 4132 tur,
271 4066 425 4122 illius
456 4068 862 4136 interpretatio:
896 4068 1134 4119 secundo
1155 4110 1168 4130 ,
1202 4067 1331 4133 quid
1377 4066 1427 4118 itt
1462 4067 1548 4118 illa
1573 4067 1697 4136 jure

129 4142 209 4192 vel
268 4140 464 4207 injuria
510 4148 803 4205 arguatur;
842 4153 904 4188 ac
956 4139 1113 4189 tertio
1152 4140 1364 4190 tandem
1392 4174 1408 4199 ,
1444 4152 1562 4206 qua:
1587 4140 1696 4193 sint

127 4214 361 4264 altorum
388 4210 455 4263 de
481 4213 666 4262 eadem
699 4209 1046 4278 praedictione
1074 4209 1374 4276 Opittiones.

200 4285 347 4335 Ante
375 4283 554 4335 omnia
587 4276 732 4342 vero,
766 4295 886 4332 cum
920 4280 1188 4346 itttcgtum
1219 4276 1455 4330 Dattielis
1487 4287 1692 4333 textum

129 4353 383 4408 Clemens
429 4364 612 4404 noster
643 4352 1010 4418 descripserit,
1055 4364 1083 4400 a
1125 4349 1277 4403 nobis
1327 4362 1584 4404 acrurate
1625 4351 1693 4404 ob

1826 470 2110 542 θήσονται)
2143 482 2418 542 tempora.
2435 481 2488 525 et
2525 470 2670 540 ροιῖι⁷
2693 473 2980 542 sexaginta
3010 470 3146 527 duas
3191 474 3400 530 hebdo-

1827 541 2015 594 madas
2061 541 2519 595 exterminabitur
2550 543 2784 596 chrisma
2823 580 2837 600 ,
2873 553 2927 595 et
2965 541 3231 604 judicium
3288 561 3393 602 non

1823 613 1948 690 erit,
1981 612 2079 664 οὐκ
2107 610 2456 690 ἐστᾳιίροιγ.
2494 622 2548 666 et
2587 612 2784 666 Euseb.
2817 613 2916 690 οὐκ
2947 613 3114 675 ἔστιν,
3145 631 3247 668 non
3281 619 3394 690 est)

1827 681 1878 734 itt
1910 697 1972 734 ea
1997 722 2010 743 ,
2043 691 2098 736 et
2125 685 2398 736 civitatem
2429 691 2484 736 et
2529 693 2775 736 sanctum
2819 685 3061 738 destruet
3091 701 3211 738 cum
3260 681 3395 742 duce

1823 753 2108 817 veniente;
2138 760 2188 805 et
2225 754 2609 807 exscindentnr
2637 754 3006 816 inundatione,
3041 765 3090 807 ct
3129 771 3298 822 usque
3327 760 3393 813 ad

1825 822 1990 894 liuent
2039 822 2158 894 belli
2209 823 2530 894 abbreviati,
2585 825 3028 894 συντετμημένου
3071 825 3150 894 (L.
3208 844 3393 881 συντε-

1822 892 2130 964 τηγμὲνου)
2184 892 2695 964 internecionibtts,
2755 892 2809 947 et
2856 892 3196 948 conﬁrmabit
3230 908 3394 952 testa-

1825 975 2062 1040 mentum
2080 966 2336 1040 multum,
2361 963 2558 1040 πολλὴν
2593 965 2808 1040 (Euseb.
2832 976 2881 1040 et
2903 965 3112 1040 Polygl.
3150 967 3388 1035 πολλοῖς,

1824 1033 2008 1108 ttt_u_ltis
2027 1030 2414 1108 )_|tebdomade
2445 1030 2569 1108 una,
2589 1030 2718 1108 etin
2751 1035 2972 1108 dimidio
2995 1030 3151 1108 (ante
3203 1030 3392 1108 ἡμίσὲὶ

1822 1104 1961 1156 adde
2005 1102 2118 1174 τῷ)
2167 1104 2517 1174 hebdomadis
2562 1105 2781 1157 tolletur
2832 1102 3158 1159 sacrilieittttt
3211 1102 3388 1165 meum

1822 1173 2062 1244 (Euseb.
2086 1177 2234 1228 deest
2259 1173 2406 1245 μοῦ),
2433 1185 2485 1226 et
2513 1175 2765 1235 libamen,
2791 1185 2841 1226 et
2871 1177 2922 1228 itt
2956 1178 3152 1244 templo
3175 1178 3387 1234 abomi-

1821 1245 1970 1297 natio
1989 1245 2380 1299 desolationum
2409 1245 2628 1314 (Euseb.
2659 1255 2712 1297 et
2736 1245 2936 1315 Polygl.
2958 1248 3160 1300 addunt
3187 1248 3386 1316 ἔσται),

1820 1325 1875 1368 et
1916 1331 2083 1382 usque
2127 1316 2194 1368 ad
2258 1317 2778 1369 consummationem
2832 1317 3088 1384 temporis
3137 1334 3388 1375 consum-

1821 1385 1990 1439 matio
2025 1385 2244 1439 dabitur
2275 1385 2326 1438 in
2359 1384 2766 1439 desolationem.
2794 1403 2812 1434 ι

1893 1454 2181 1524 Hucusque
2217 1471 2374 1510 sacer
2401 1456 2672 1510 editorum
2709 1454 3002 1508 Bibliorttm
3039 1465 3221 1512 textus
3247 1498 3262 1524 ,
3303 1461 3387 1514 ni-

1820 1525 2003 1595 hilque
2058 1527 2110 1580 itt
2164 1526 2256 1579 illo
2289 1541 2462 1596 neque
2518 1526 2656 1594 apud
2694 1527 2984 1579 Eusebium
3025 1529 3255 1595 amplius
3289 1531 3386 1584 hac

1823 1600 2002 1650 betur.
2062 1596 2244 1666 Pergit
2288 1606 2465 1650 tamen
2493 1596 2765 1657 Clemens,
2798 1604 2853 1649 et
2888 1599 3230 1653 continenter
3256 1602 3388 1656 sub-

1822 1667 2153 1743 nectituhmc
2209 1667 2368 1743 sacri
2410 1677 2617 1743 textus‘
2641 1667 2804 1743 verba
2843 1687 2869 1743 :_
2908 1666 3016 1721 Καὶ
3045 1669 3226 1743 Αῆμισυ
3282 1671 3385 1743 τῆς

1818 1736 2372 1812 ξὸδομάδοςκαςξαπαύ
2381 1754 2460 1790 σει
2487 1736 2734 1812 ρυμίαμα
2749 1736 3068 1812 (incingere!
3082 1736 3381 1812 έιςσςερυτιόύ

1811 1808 2156 1884 ἀφανισμοῦ,
2193 1809 2296 1884 ἓως
2337 1807 2664 1884 συντελεξας,
2690 1809 2784 1884 καὶ
2815 1808 3046 1884 σπονδῆς
3069 1807 3385 1884 τάξιὺᾼᾶφα-

1810 1878 2027 1949 νισμοῦ.
2073 1897 2091 1929 ‹
2127 1880 2189 1931 Et
2232 1880 2514 1932 dimidium
2566 1880 2920 1932 hebdomadis
2968 1893 3186 1935 cessare
3221 1878 3383 1940 faciet

1813 1951 2108 2020 thymiama
2166 1951 2459 2010 sacrilieii,
2499 1958 2555 2004 et
2619 1949 2884 2020 expattsio
2953 1949 3378 2016 destructiottis.

1812 2019 1982 2087 usque
2029 2019 2095 2072 ad
2129 2021 2656 2074 eoatsummationem
2689 2029 2744 2072 et
2789 2019 2964 2072 instar
2997 2022 3384 2081 destructionis

1811 2089 2106 2142 lihaminis.
2158 2109 2175 2142 ι
2240 2088 2343 2144 Sed
2396 2090 2448 2143 in
2502 2089 2817 2158 Anglicanis
2870 2089 3178 2159 polyglottis
3241 2095 3385 2152 inter

1809 2159 2084 2214 variantes
2111 2159 2372 2216 lectiones
2396 2160 2856 2232 animadvertitur
2879 2173 3005 2214 ante
3030 2161 3143 2217 haec
3174 2166 3338 2220 verba
3357 2209 3372 2232 ,

1815 2239 2248 2284 «testamentum
2300 2230 2484 2285 tnnltis
2536 2230 2872 2284 hebdomade
2925 2245 3066 2297 una;
3101 2252 3121 2285 ι
3180 2235 3264 2288 vel
3323 2230 3381 2290 ut

1814 2309 1967 2353 notat
1999 2299 2250 2355 Nobilius
2273 2341 2289 2365 ,
2336 2311 2456 2369 post
2489 2302 2600 2354 ha-c
2642 2302 2747 2353 dno
2798 2301 3018 2364 verba,t
3052 2305 3378 2360 sacriticinnt

1814 2386 2040 2434 meum,»
2077 2373 2282 2437 islhmc,
2311 2386 2431 2440 qua:
2461 2372 2617 2440 patth
2645 2372 2802 2425 aliter
2834 2372 2883 2424 in
2914 2375 3153 2430 editione
3184 2377 3376 2430 Aldina

1811 2451 1873 2514 et
1917 2442 1993 2514 ini
2024 2441 2300 2514 Vaticana:
2352 2447 2608 2514 margine
2653 2453 3080 2514 repraesentata”
3107 2485 3121 2504 ,
3175 2449 3377 2514 scripta

1805 2511 1932 2583 olim
1972 2511 2136 2566 fuisse
2169 2529 2182 2565 :
2217 2514 2324 2565 Καὶ
2351 2515 2519 2583 ἥμισυ
2561 2513 2658 2583 τῆς
2703 2512 2993 2582 ἑϐδομάδος
3036 2511 3379 2572 καταπαύσει

1805 2580 2184 2659 Θυσιρστήριον
2204 2583 2317 2659 atth
2349 2580 2560 2659 θ’ὑσίοις,
2601 2580 3025 2659 δὶαλπτειρργίου.
3047 2586 3376 2659 ἀφανισμοῦ,

1803 2653 1894 2729 ita!
1919 2653 2023 2729 ἕως
2046 2653 2370 2729 συντελείας,
2399 2655 2492 2707 καὶ
2521 2653 2753 2725 σπουδῆς
2777 2654 2924 2729 τᾲξει
2945 2655 3036 2706 ἐπὶ
3063 2653 3374 2729 ἀφανισμῷ.

1802 2723 2048 2794 Nobilius
2091 2736 2270 2778 autem
2321 2728 2575 2778 observat
2612 2721 2720 2787 pro
2754 2726 2846 2777 καὶ
2883 2721 3175 2794 πτερυγίου
3220 2721 3378 2784 aliter

1803 2793 1989 2847 haberi
2039 2793 2143 2858 ἕως
2197 2796 2509 2865 πτερυγῐου.
2545 2813 2563 2846 ι
2600 2796 2666 2850 Et
2707 2793 2996 2847 dimidium
3024 2793 3378 2854 hebdomadis

1802 2878 2023 2938 cessare
2055 2866 2216 2938 faciet
2249 2867 2442 2938 altare,
2483 2877 2535 2919 et
2567 2866 2833 2938 sacriﬁcia
2862 2875 2916 2918 et
2945 2867 3043 2920 alae
3075 2867 3171 2935 (al.
3205 2885 3375 2938 usque

1803 2935 1869 2987 ad
1903 2936 2068 3005 alam)
2105 2950 2132 2988 a
2161 2937 2516 3000 desolatione,
2553 2952 2722 3005 usque
2753 2936 2818 2986 ad
2845 2935 3371 2993 consummationem

1801 3014 1854 3058 et
1894 3004 2302 3060 festinationem
2339 3019 2500 3075 ponet
2535 3007 2586 3059 itt
2636 3004 3044 3060 dcsolatiOnetn.
3076 3026 3094 3058 ι
3132 3009 3374 3074 Denique

1806 3075 2338 3138 Tertttlliattus',ttbi
2385 3077 2621 3130 Danielis
2672 3084 2874 3129 textum
2925 3077 3246 3147 descripsit,
3283 3080 3371 3134 illa

1805 3147 2110 3212 posteriora
2153 3149 2314 3202 verba
2355 3148 2576 3212 omisit,
2617 3150 2838 3214 haecque
2882 3147 3040 3199 habet
3093 3165 3120 3198 a
3172 3155 3374 3206 nostris

1801 3218 2047 3271 diversa:
2086 3237 2104 3268 ι
2132 3219 2315 3286 Usque
2355 3217 2421 3270 ad
2461 3219 2733 3272 Christum
2764 3218 2950 3270 ducem
3006 3217 3374 3276 hebdomadas

1801 3297 2005 3356 septem
2035 3298 2090 3343 et
2119 3290 2416 3354 dimidiam,
2439 3301 2494 3343 et
2517 3292 2797 3358 sexaginta
2825 3289 2962 3341 duas
2981 3298 3036 3341 et
3067 3291 3370 3361 dimidiam,

1800 3367 1855 3412 et
1882 3369 2180 3421 convertet,
2207 3379 2226 3411 ι
2270 3370 2376 3414 etc.

1874 3427 1967 3482 llis
2002 3431 2073 3482 ita
2105 3432 2408 3483 observatis
2435 3468 2451 3494 ,
2493 3428 3056 3500 jamexaminandttnt
3111 3439 3194 3484 est
3228 3447 3368 3500 quo-

1802 3503 1961 3552 modo
2000 3500 2126 3552 illttd
2169 3500 2402 3553 Danielis
2439 3499 2718 3553 oraculum
2752 3500 3003 3553 Clemens
3043 3499 3370 3569 interprete-

1802 3579 1922 3623 tur:
1946 3589 1963 3618 ι
1985 3571 2134 3636 Quod
2163 3571 2343 3635 itaque
2364 3572 2413 3622 itt
2439 3581 2643 3638 septem
2667 3570 3111 3630 hebdomadibus,
3131 3572 3298 3638 inquit
3324 3573 3369 3637 ⁸,

1798 3642 2121 3694 aediﬁcatum
2159 3641 2228 3693 sit
2259 3641 2553 3708 templum,
2593 3640 2693 3692 hoc
2730 3641 2936 3708 clarum
2966 3650 3067 3692 est.
3108 3641 3162 3692 ltt
3197 3641 3366 3696 Esdra

1796 3713 1942 3763 enim
1974 3712 2238 3778 scriptum
2285 3707 2379 3763 est?
2413 3727 2425 3763 :
2481 3710 2545 3762 Et
2571 3725 2650 3764 ste
2683 3709 2781 3762 fuit
2812 3707 3062 3763 Christus
3112 3726 3229 3779 rex,
3260 3713 3368 3768 dux

1796 3779 2124 3845 Judaeorutu,
2158 3797 2278 3832 cum
2299 3781 2533 3849 impletae
2549 3789 2736 3835 essent
2763 3790 2968 3848 septem
3003 3779 3372 3838 hebdomades

1797 3852 1850 3906 itt
1883 3850 2202 3916 Jerusalem,
2233 3859 2286 3902 et
2310 3852 2362 3903 itt
2391 3852 2669 3918 sexaginta
2697 3851 2908 3902 duabus
2934 3851 3370 3908 hebdomadibus

1797 3923 2005 3990 quievit
2059 3923 2312 3975 universa
2346 3919 2530 3975 Jttdaea
2557 3961 2572 3984 ,
2609 3931 2664 3972 et
2703 3921 2804 3973 fuit
2835 3924 3044 3985 absque
3096 3921 3281 3986 hellis,
3316 3935 3371 3978 ιιι

1798 3993 2056 4047 Dominus
2084 4003 2269 4047 noster
2306 3992 2572 4056 Christus,
2604 3990 2837 4044 Sanetus
2868 4003 3206 4058 sanctorum,
3242 4010 3364 4048 cum

1795 4067 2053 4128 venisset,
2085 4073 2140 4115 et
2166 4063 2426 4116 visionem
2491 4061 2788 4130 implesset,
2833 4070 2887 4114 et
2927 4063 3243 4130 prophetam
3269 4105 3283 4128 ,
3314 4067 3366 4120 itt

1796 4150 1960 4190 carne
1995 4146 2188 4186 unctus
2239 4143 2322 4187 est
2369 4132 2544 4186 Patris
2596 4133 2677 4184 stti
2735 4131 2954 4200 spiritu.
2997 4133 3050 4184 ltt
3096 4135 3178 4188 Itis
3207 4151 3368 4188 sexao

1797 4209 1944 4274 ginta
1981 4205 2190 4257 duabus
2228 4203 2679 4266 hebdomadibus,
2726 4203 3178 4274 quemadmodum
3232 4206 3370 4259 dixit

1796 4273 2053 4346 prepheta
2076 4311 2092 4338 ,
2122 4285 2174 4326 et
2198 4275 2251 4328 in
2278 4274 2739 4346 utta_l_tebdomade
2769 4273 3051 4346 Dominus:
3082 4275 3364 4328 dimidittnt

1797 4343 2152 4400 hebdomadis
2185 4347 2354 4398 tenttit
2390 4343 2529 4396 Nero
2580 4358 2846 4412 regnans.
2894 4351 2950 4396 et
2985 4345 3035 4395 itt
3067 4357 3252 4398 saneta
3295 4362 3370 4398 ct-

131 4425 322 4478 oculos
343 4423 542 4489 cuique
565 4413 959 4494 subjiciendum
974 4430 1064 4494 est.
1091 4434 1199 4487 quo
1222 4429 1276 4494 et
1295 4434 1460 4494 quam
1482 4421 1694 4494 diverso
1728 4439 1772 4494 ι)
1801 4419 1972 4494 vitate
1998 4413 3046 4494 Jer_us_aletn__statuitabominationem,
3080 4425 3134 4468 et
3184 4417 3237 4494 in
3273 4418 3366 4494 _di-

130 4498 198 4549 ab
229 4495 354 4546 aliis
384 4496 542 4544 modo
572 4493 715 4544 hunc
739 4491 825 4543 ille
842 4491 1131 4543 exhibeat:
1163 4507 1187 4540 τι
1209 4492 1581 4560 Septuaginta,
1611 4492 1694 4544 itt-

128 4568 251 4635 qttit
275 4565 319 4625 ²,
354 4562 720 4635 hebdomades
749 4563 1074 4614 asbbt'eviatae
1118 4575 1280 4629 super
1311 4562 1596 4629 populum,
1643 4571 1698 4615 et

127 4634 296 4702 super
316 4634 592 4685 civitatem
619 4640 861 4684 sanctam
894 4643 1038 4683 tuam
1065 4670 1081 4693 ,
1109 4643 1166 4683 ut
1191 4643 1543 4684 consumatur
1572 4647 1697 4702 pee-

125 4701 312 4760 catum
339 4743 354 4766 ,
385 4711 439 4754 et
468 4703 715 4769 obsignct
745 4714 983 4767 peccata,
1015 4715 1068 4756 et
1099 4702 1276 4756 deleat
1316 4703 1631 4770 iniquitates
1652 4701 1694 4767 ³,

124 4775 232 4838 τὰς
255 4772 467 4835 ἀδικίας
497 4773 716 4838 (Euseb.
736 4772 758 4798 ⁸
784 4771 1054 4841 ἀνομίας),
1104 4786 1153 4826 et
1187 4784 1242 4825 ttt
1263 4774 1444 4840 expiet
1472 4771 1693 4836 (Euseb.

125 4858 183 4900 et
227 4845 424 4915 Polygl.
468 4843 674 4916 addunt
716 4842 943 4916 ἀδικίας,
985 4848 1323 4916 iniquitates,
1358 4864 1454 4902 seu
1483 4847 1700 4913 iniustiv

129 4917 277 4988 tias),
310 4913 376 4970 et'
399 4922 459 4968 ut
497 4923 618 4984 agat
652 4913 913 4988 justitiam
943 4913 1344 4986 sempiternam,
1373 4929 1426 4972 et
1456 4917 1703 4988 obsignet

127 4987 418 5072 visionem,
453 4994 508 5072 et
538 4984 886 5072 prophetam,
922 4984 1202 5072 προφῇτην
1228 4989 1450 5055 (Euseb,
1488 4984 1702 5057 πρᾱφη-

127 5057 301 5117 τείαν,
321 5055 706 5126 prophetiam),
731 5063 795 5126 ει
809 5064 867 5126 ιιι
893 5055 1054 5126 ungat
1075 5055 1331 5114 Sanctum
1358 5055 1697 5112 sanctarum:

130 5138 185 5180 et
227 5124 518 5195 cognosces
559 5133 626 5195 et
653 5124 916 5195 intelliges
943 5124 1010 5180 ab
1044 5129 1187 5182 exitu
1222 5129 1504 5186 sermonis.
1534 5138 1592 5183 ut
1616 5144 1703 5181 re-

132 5193 402 5263 spondeas
427 5193 866 5265 ἀποκρίνασθαιῖ
875 5196 1071 5265 Euseb.
1104 5209 1158 5252 et
1181 5200 1378 5263 Polvgl.
1402 5198 1701 5265 dnogptbﬁ-

127 5278 239 5325 ναι,
271 5263 706 5333 respondeatur),
735 5273 791 5318 et
817 5263 1118 5317 aediﬁcetur
1157 5269 1477 5320 Jerusatem.
1509 5263 1694 5333 Usque

130 5335 195 5384 ad
242 5334 516 5387 Christum
567 5333 758 5388 ducem
795 5335 1156 5387 hebdomades
1199 5348 1404 5404 st-ptetn
1446 5347 1499 5388 ct
1540 5351 1694 5389 sexa-

133 5407 278 5468 iginta
309 5407 449 5468 duae,
479 5414 535 5457 et
569 5414 940 5466 convertetttr,
971 5417 1025 5456 et
1057 5407 1408 5458 :editicabitur
1435 5408 1608 5474 platea
1639 5414 1695 5458 et

133 5488 319 5528 murus
344 5475 436 5526 καὶ
465 5476 640 5544 τεῖχος
663 5475 848 5544 (variae
876 5475 1136 5529 lectiones
1166 5489 1219 5530 ct
1250 5477 1453 5546 Polygl.
1493 5479 1697 5529 addunt

233 5618 278 5650 "‘
306 5621 506 5675 Strom.
552 5620 588 5675 Ι.
621 5637 702 5687 ιιι,
737 5640 790 5690 p.
822 5620 944 5675 J66.

186 5691 316 5744 Dan.
357 5709 429 5745 tx.
477 5691 545 5746 24
582 5703 634 5745 et
675 5710 789 5761 seq.

124 5759 247 5816 :30.
325 5764 341 5792 τ
372 5764 509 5817 ibid.
547 5777 598 5832 p.
630 5763 753 5816 sto.

1043 5621 1088 5654 ”
1125 5621 1329 5676 Strom.
1363 5621 1397 5672 I.
1442 5634 1514 5684 vt,
1559 5636 1610 5688 p.
1643 5617 1768 5671 697.

869 5693 891 5723 δ
921 5693 1196 5747 Demonst.
1228 5709 1421 5762 evang.
1455 5683 1644 5756 κνιη,
1671 5706 1729 5760 p.
1757 5690 1878 5746 58L
1955 5691 1976 5722 '
2002 5689 2065 5744 L.
2103 5693 2224 5746 adv.
2267 5683 2585 5754 Judansfc.
2620 5683 2672 5741 8.
2752 5685 2773 5715 ⁸
2826 5685 2944 5739 Lib.
2980 5700 2994 5738 ι
3037 5685 3271 5749 Strom.,
3313 5699 3370 5752 ι),

1803 4487 1970 4540 midio
2017 4487 2399 4547 hebdomadis,
2447 4495 2500 4538 et
2550 4485 2664 4552 ipse
2690 4484 2931 4536 sublatus
2971 4495 3076 4547 est,
3113 4494 3168 4538 et
3198 4484 3366 4554 Otho,

1801 4570 1854 4612 et
1891 4557 2058 4612 Galba
2084 4599 2098 4622 ,
2135 4566 2189 4608 et
2245 4554 2510 4609 Vitellius.
2549 4554 2910 4620 Vespasianus
2942 4565 3121 4608 autem
3160 4565 3214 4608 et
3260 4560 3362 4610 im-

1800 4630 2006 4697 perium
2052 4628 2319 4688 obtinuit,
2355 4638 2407 4680 et
2451 4625 2750 4680 Jerusalem
2783 4625 2974 4688 diruit,
3008 4635 3064 4678 et
3114 4639 3362 4680 sanctum

1800 4699 2099 4753 desolatum
2147 4699 2398 4751 reddidit.
2432 4716 2450 4747 ι

1869 4769 2060 4823 Postea
2094 4783 2220 4820 vero
2253 4769 2496 4837 pluribus
2531 4763 2738 4835 paginis
2765 4762 3065 4837 interiectis
3101 4781 3115 4820 :
3158 4783 3176 4816 ι
3223 4765 3370 4820 Prae-

1797 4848 1969 4904 terea,
2004 4841 2180 4908 inquit
2203 4836 2364 4901 ⁷,ἱΙΙίι
2395 4852 2611 4907 quoque
2643 4846 2761 4889 sunt
2793 4836 3072 4908 referenda
3103 4838 3168 4908 ad
3203 4839 3366 4891 chro-

1801 4907 2092 4979 ttologiam,
2131 4913 2268 4974 dtes,
2303 4911 2562 4976 inquam,
2598 4921 2732 4979 quos
2779 4907 3052 4979 signiticet
3101 4907 3282 4960 Daniel
3333 4922 3365 4960 ι

1799 4977 2140 5034 desolatione
2200 4979 2537 5040 Jerusalem,
2598 4977 2910 5046 Vespasiani
2973 4979 3101 5030 anui
3154 4989 3363 5046 septem

1799 5067 2016 5104 menses
2047 5059 2274 5118 septem.
2310 5051 2422 5103 Duo
2452 5049 2619 5102 etiam
2651 5049 2775 5100 anni
2805 5047 3170 5116 adjnnguntur
3197 5051 3366 5102 Otho-

1798 5124 1881 5176 ttis
1902 5163 1917 5186 ,
1971 5130 2025 5175 et
2056 5119 2237 5175 Galbae
2257 5163 2271 5187 ,
2300 5131 2356 5174 et
2387 5119 2606 5180 Vitellti,
2649 5120 3032 5186 septemdecim
3067 5121 3363 5180 mensibus,

1797 5203 1920 5246 octo
1968 5195 2206 5246 diebus:
2243 5202 2297 5246 et
2345 5192 2426 5245 sic
2473 5191 2603 5242 liuut
2639 5191 2764 5241 anni
2798 5199 2935 5251 tres,
2985 5204 3194 5241 menses
3243 5205 3363 5251 sex,

1796 5265 1939 5326 quod
1993 5272 2076 5316 est
2138 5262 2420 5316 ditnidittttt
2479 5260 2870 5320 hebdomadis,
2906 5261 3361 5325 qnetuadmodum

1800 5333 1935 5386 dixit
1972 5332 2158 5386 Daniel
2191 5335 2472 5404 propheta.
2514 5333 2668 5404 Dixit
2687 5331 2831 5404 enim
2864 5328 2949 5404 bis
2983 5328 3128 5404 mille
3151 5341 3367 5404 trecen-

1801 5417 1883 5458 tos
1917 5405 2035 5459 dies
2071 5399 2260 5466 fuisse,
2295 5399 2379 5456 'ex
2409 5417 2517 5471 quo
2551 5401 2698 5455 Stetit
2729 5399 3061 5471 abominatio
3088 5417 3118 5453 a
3149 5400 3367 5454 Nerone

1803 5476 1853 5530 in
1906 5476 2183 5530 civitatem
2232 5469 2475 5530 sanctam
2529 5487 2698 5539 usque
2739 5469 2806 5523 ad
2841 5471 2958 5538 ejus
3001 5473 3362 5525 eversionem.

1873 5621 1888 5650 ¹
1925 5617 1998 5672 De
2034 5620 2303 5688 demonst.
2359 5631 2550 5688 evang.
2626 5615 2680 5688 _’
2712 5611 2917 5688 Strom.
2973 5613 3008 5666 l.
3043 5630 3115 5688 ιι,
3148 5630 3201 5682 p.
3237 5611 3366 5665 330.
