3924 6306
634 314 775 373 1135

1269 308 1331 362 ΙΝ
1371 305 1785 364 CLEMENTEM
1821 304 2023 361 ALEX.
2065 305 2127 360 1).
2166 305 2251 361 LE
2289 305 2572 369 NOUBBY
2608 303 3058 361 DlSSERTATIO
3098 303 3159 360 ll.
3656 318 3749 373 tm

635 435 730 490 Sic
758 433 899 486 enim
928 426 1164 484 ostendit
1191 426 1418 488 diciiitn,
1448 424 1591 492 quod
1623 421 1910 489 subjicitur
1938 439 1955 477 :
1988 423 2198 491 Quous-
2225 427 2272 485 Α
2305 423 2509 491 quintae
2547 422 2649 477 fuit
2688 436 2859 491 usque
2898 422 2963 475 ad
3001 420 3488 491 Jerosolymitanum
3517 430 3733 485 excidium

634 521 733 578 que
758 501 912 578 ambit
944 500 1071 553 uisio
1099 538 1115 578 ἶ
1142 496 1465 578 sacriﬁcium
1500 492 1783 578 sii‘blatum,
1812 504 2079 578 peccatum
2112 495 2197 547 de-

635 568 941 630 sola‘i’onis,
979 571 1115 633 quod
1158 568 1342 618 datum
1381 575 1491 620 est:
1524 573 1569 616 et
1614 574 1842 631 potestas
1869 573 1915 615 et
1954 574 2196 617 sanctum

637 641 1047 698 ronculeabitur.
1085 637 1151 690 Et
1183 637 1317 689 dixit
1356 637 1437 689 ei:
1474 633 1643 701 Usque
1688 635 1756 685 ad
1786 649 2043 698 vesperam
2082 635 2194 688 dies

637 716 712 766 bis
742 710 884 765 mille
922 708 1176 769 trecenti,
1215 717 1265 759 et
1297 705 1504 759 tolletur
1528 712 1767 757 sanctum
1787 703 1832 759 ⁸.
1865 702 1929 756 Hi
1954 719 2082 770 ergo
2113 703 2195 759 his

638 785 784 837 mille
818 781 1040 834 trecenti
1073 780 1191 832 dies
1224 776 1356 829 ﬁunt
1384 774 1510 827 anni
1540 789 1657 836 sex,
1692 789 1907 827 menses
1940 786 2194 842 quatuor,

633 866 862 922 qnoriitn
895 850 1174 922 dimidium
1207 846 1379 922 tenuit
1407 844 1566 922 Nero,
1603 845 1888 922 itnpcriiiin
1920 845 2192 908 obtinens,

633 915 685 978 et
731 922 833 975 fuit
877 920 1157 973 dimidium
1219 915 1614 977 hebdomadis;
1669 915 1951 967 dimidium
2013 922 2192 968 autent

641 990 1002 1059 Vespasianus
1033 1005 1151 1059 cuin
1176 986 1420 1059 Othone,
1440 984 1607 1039 Galba
1640 983 1947 1059 et_Vite_|lio.
1984 983 2049 1037 Et
2078 986 2194 1059 ideo

632 1051 763 1116 dicit
818 1060 1036 1112 Daniel:
1094 1057 1285 1110 Beatus
1333 1056 1420 1125 qui
1454 1051 1738 1123 peruenerit
1776 1056 1845 1107 ad
1893 1056 2003 1106 dies
2049 1055 2195 1109 mille

632 1142 883 1185 trecentos
907 1128 1120 1196 triginta
1142 1128 1423 1196 quinque”.
1481 1125 1559 1178 Ad
1590 1138 1683 1177 eos
1711 1125 1853 1177 enini
1882 1138 2050 1196 usque
2080 1127 2196 1179 dies

631 1202 730 1255 fuit
776 1194 994 1263 bellum,
1030 1194 1301 1267 posthaec
1346 1196 1835 1267 autemcessavit.
1876 1194 2195 1250 Ostenditur

631 1280 810 1326 autent
863 1270 948 1323 hic
978 1261 1213 1341 :q'uoqiie
1261 1280 1517 1320 numerus
1565 1280 1631 1341 ex
1684 1261 1940 1341 subjecto
1973 1267 2190 1333 capite,

630 1344 769 1410 quod
798 1340 880 1394 sic
908 1333 1066 1392 habet
1089 1333 1203 1392 {Et
1237 1354 1264 1410 ξι
1309 1346 1548 1410 tempore
1584 1333 2193 1410 iin_iiiuiationis_peren-

631 1404 837 1471 uitatis,
861 1422 914 1464 et
941 1425 1051 1474 quo
1078 1412 1199 1461 data
1232 1408 1392 1461 fuerit
1422 1407 1464 1437 ιθ
1489 1405 1819 1460 aboniinatio
1843 1404 2190 1463 desolationis

629 1483 744 1535 dies
793 1480 934 1534 mille
982 1479 1200 1533 ducenti
1258 1479 1571 1545 nonaginta.
1635 1474 1829 1528 Beatus
1876 1477 1967 1542 qui
2023 1478 2191 1529 susti-

634 1554 806 1607 nuerit
840 1561 893 1605 et
924 1550 1230 1619 pervenerit
1261 1548 1329 1602 ad
1346 1547 1461 1601 dies
1494 1545 1639 1600 mille
1672 1554 1945 1600 trecentos
1968 1546 2188 1614 triginta

628 1638 937 1746 quiiZgEZs-i
963 1689 1257 1744 Clementis
1289 1685 1458 1741 nostri
1488 1686 1554 1739 de
1585 1684 1823 1740 Danielis
1852 1687 2098 1750 oraculo,
2130 1697 2189 1746 et

626 1763 915 1830 assignaiis
942 1761 1009 1813 ab
1036 1775 1099 1813 eo
1131 1757 1554 1830 hebdomadibus
1586 1757 2032 1830 scittciiiia._Qu:e
2064 1762 2185 1828 qni-
2215 1767 2258 1825 Β

627 1828 826 1888 deniut
847 1831 1053 1884 facilius
1080 1829 1425 1894 intelligatur,
1451 1828 1986 1897 animadvertendum
2013 1832 2185 1897 primo

624 1914 709 1957 est
747 1905 844 1956 has
889 1898 1514 1954 Danielis‘hebdomadas
1537 1897 1688 1964 juxta
1716 1895 2186 1954 Cieinetitisnten-

627 1984 734 2026 tem
767 1986 939 2039 neque
972 1972 1179 2024 dierum
1212 1983 1353 2027 esse.
1390 1982 1559 2040 neque
1586 1967 1992 2040 decenniornni,
2024 1970 2184 2040 17o

624 2058 796 2111 neque
850 2037 1374 2111 jnbilieortimaseu
1427 2037 1817 2105 quinquaginta
1877 2037 2180 2105 aiiiioﬁiiii',

623 2109 797 2178 neque
826 2109 1139 2165 saiculorunt
1158 2148 1173 2171 ,
1213 2109 1329 2161 sive
1357 2121 1621 2159 annorum
1649 2118 1862 2160 centum
1890 2146 1905 2168 ,
1938 2111 2013 2162 titi
2048 2127 2183 2163 non-

622 2184 783 2237 nullis
814 2195 1096 2251 perperam
1146 2179 1317 2251 vistini
1349 2186 1469 2231 est:
1502 2179 1595 2229 sed
1629 2184 1686 2227 tit
1714 2179 2043 2251 ipseiapcrte
2088 2182 2179 2234 de.

620 2248 828 2319 clarat,
853 2248 1115 2304 annorum
1141 2265 1155 2313 ;
1188 2250 1269 2319 ita
1299 2256 1355 2300 ut
1398 2261 1732 2319 unaquaeque
1759 2248 2063 2319 ΔΙιιξῄιιιιοιιιιιε
2088 2266 2178 2305 se-

620 2333 761 2391 ptem
790 2315 1000 2376 constet
1025 2321 1198 2391 annis.
1230 2317 1522 2371 Enimvero
1550 2316 1661 2381 ille,
1696 2315 1771 2368 uti
1803 2317 2056 2385 vidimus,
2087 2335 2181 2374 ex-

619 2390 821 2461 pressis
849 2393 983 2445 dixit
1014 2390 1196 2461 verbis
1238 2401 1408 2461 annos
1453 2394 1561 2461 tres
1602 2396 1657 2440 et
1688 2401 2028 2461 niensesseit
2058 2404 2180 2447 esse

620 2456 975 2517 hebdomadis
998 2459 1298 2513 iliiiiidiiiiii.
1317 2457 1390 2511 De
1411 2457 1569 2510 annis
1586 2471 1747 2524 porro
1769 2456 2036 2513 solaribus
2054 2475 2177 2515 eitni

618 2534 763 2602 loqui
796 2547 862 2586 eo
895 2530 1052 2585 facile
1079 2529 1369 2602 colligitur,
1392 2528 1543 2602 quod
1576 2527 1641 2578 ad
1676 2525 2041 2602 Romanorum
2073 2530 2178 2582 itii-

620 2597 928 2671 peratorum
961 2599 1278 2671 attnos,_gui_
1326 2597 1533 2671 salares
1574 2597 1953 2671 proculdubio
1999 2609 2174 2664 erant,

619 2666 738 2727 illos
753 2671 1143 2725 accommodet.
1166 2667 1243 2722 Ex
1268 2669 1437 2737 ipsius
1459 2668 1640 2736 itaque
1661 2676 1714 2720 et
1737 2666 1963 2722 aliorum
1984 2671 2180 2723 certio-

621 2760 677 2798 re
704 2742 958 2809 opinione
978 2739 1318 2809 septuaginta
1349 2738 1706 2809 liebdoniades
1730 2752 1902 2792 annos
1924 2739 2178 2809 quadrin-

615 2806 825 2883 gentos
861 2806 1151 2883 nonaginta
1175 2806 1520 2883 coniiciunt:
1539 2806 1747 2883 Quibus
1781 2806 2025 2883 profecto
2051 2826 2173 2883 cum

615 2878 755 2937 duas
782 2882 917 2935 alias
943 2881 1193 2934 dimidias
1219 2878 1608 2940 hebdomades,
1641 2878 1782 2930 sicut
1813 2889 1867 2932 et
1892 2878 2176 2935 Tertullia-

620 2968 742 3015 itus,
777 2952 869 3006 sed
901 2952 1061 3019 paulo
1088 2951 1271 3012 aliter,
1301 2952 1378 3002 uti
1416 2948 1616 3019 dictum
1647 2956 1750 3013 est,
1779 2963 1808 3001 a
1840 2951 2059 3003 Daniele
2088 2953 2176 3006 ad-

608 3023 782 3092 jectus
806 3017 928 3076 esse
960 3020 1261 3092 putaverit;
1288 3017 1643 3092 indeliquido
1672 3028 1823 3085 patet
1855 3035 2171 3088 persuasum

2300 493 2442 568 quod
2486 492 2802 568 Olympiade
2852 493 3215 568 ducentesima
3256 493 3540 549 duodecima
3569 504 3759 568 contigit,

2296 563 2642 638 Olympiadas
2664 572 2877 638 ceninoi
2904 563 3295 638 quinquaginta
3324 575 3469 629 Octo,
3498 578 3634 638 atque
3664 563 3759 628 adeo

2295 633 2423 687 anni
2454 635 2692 689 sementi
2730 633 2916 702 viginti
2947 640 3069 686 octo
3100 645 3455 688 numerentur.

2367 703 2563 758 Verum
2592 703 2846 757 Petavius
2872 703 2913 733 "
2933 713 3079 770 putat
3104 718 3284 755 veram
3308 704 3567 759 Clementis
3585 721 3759 765 mentem

2294 785 2349 828 et
2376 775 2683 844 opinionem
2713 790 2886 844 neque
2912 775 2995 827 his
3023 778 3154 826 satis
3174 772 3339 828 fuisse
3365 787 3674 844 perspectam,
3695 798 3759 834 ite-

2294 859 2401 914 qtte
2435 846 2648 913 ipsimct
2692 843 3056 910 Hieronymo,
3087 844 3177 912 qui
3209 860 3310 897 non
3341 843 3673 901 animadvertit
3700 867 3757 905 se-

2294 917 2691 985 pttiagesiinamr
2720 915 3111 968 helidotnadem
3146 915 3437 985 solitariam
3460 958 3474 983 ,
3500 928 3550 969 et
3589 920 3646 972 ab
3679 924 3759 976 aliis

2294 983 2587 1053 sejiniclain
2611 1003 2639 1038 a
2663 984 2938 1039 Clemente
2957 984 3207 1040 distrahi.
3236 983 3451 1039 Fatetur
3481 989 3662 1054 quidem
3682 992 3758 1044 εις.

2296 1070 2530 1117 mentem
2563 1055 2892 1124 perobscnre
2924 1054 3105 1123 loqui,
3156 1056 3295 1109 hunc
3331 1066 3496 1109 tanien
3540 1059 3758 1119 genuitiun

2292 1140 2587 1193 verumque
2621 1125 2919 1178 arbitratur
2948 1139 3071 1178 esse
3099 1124 3240 1177 illius
3266 1141 3491 1180 sensum.
3522 1125 3757 1182 Hebdoma-

2292 1195 2517 1257 darum,
2561 1196 2735 1264 inquit
2778 1195 3051 1258 Petavius,
3094 1195 3305 1250 initium
3350 1196 3432 1249 ille
3462 1200 3655 1263 aprittio
3675 1199 3758 1252 Pei-

2291 1265 2389 1319 sici
2417 1265 2627 1333 imperii
2645 1280 2810 1323 anno.
2833 1264 2957 1335 Cyri
2983 1274 3165 1319 autem
3195 1268 3440 1324 secundo.
3469 1272 3678 1334 sumpsit,
3697 1287 3757 1335 [illo

2294 1344 2475 1405 latque
2506 1346 2711 1403 septem
2759 1337 2959 1403 primas
2991 1336 3355 1391 hebdomades
3376 1337 3591 1391 secundo
3614 1340 3757 1396 absolvi

2294 1405 2438 1458 ltarii
2480 1420 2648 1459 anno.
2712 1405 2889 1473 Neque
2920 1420 3080 1474 porro
3119 1405 3328 1460 censuit
3376 1408 3668 1475 septuaginta
3699 1410 3757 1463 lie

2289 1476 2587 1529 hdomadas
2617 1475 2716 1529 sibi
2748 1477 3063 1545 conjtiitctas
3091 1491 3214 1531 esse
3251 1487 3308 1531 et
3333 1477 3669 1544 coniiiiuatas,
3695 1480 3754 1534 sed

2289 1561 2350 1599 ea
2362 1562 2475 1599 rtiin
2498 1556 2604 1600 ires
2627 1557 2805 1613 partes
2831 1564 2857 1598 ιι
2879 1561 2937 1600 se
2958 1546 3187 1601 invicem
3214 1547 3527 1615 temporibus
3547 1547 3753 1612 disjunxit.

2290 1615 2528 1669 Primum
2583 1615 2847 1684 siquidem
2899 1617 3240 1670 intervallum
3296 1632 3542 1670 annorum
3589 1620 3756 1685 quadra-

2329 1687 2435 1758 inia
2486 1702 2675 1739 novent
2722 1701 2754 1740 a
2794 1687 3102 1758 primordiis
3130 1687 3258 1758 Cyri
3296 1689 3529 1756 perducit
3554 1690 3755 1757 usquead

2336 1756 2435 1809 arii
2463 1761 2779 1810 secundum.
2816 1757 3019 1811 Dehinc
3046 1756 3336 1812 vero‘duas
3365 1773 3515 1825 supra
3550 1756 3753 1827 sexaginta

2288 1827 2655 1881 hebdomadas
2677 1866 2694 1892 ,
2732 1828 2783 1879 id
2818 1837 2908 1897 est
2936 1842 3106 1882 annos
3142 1830 3552 1897 quadringentos
3599 1829 3754 1895 triginta

2285 1906 2516 1962 quatuor
2549 1897 2844 1964 subjnnxit.
2877 1895 3267 1966 Opinatus’est
3294 1895 3466 1951 autem
3496 1898 3555 1950 ad
3588 1898 3753 1965 aliquem

2282 1967 2558 2021 Christum
2589 1968 2856 2032 desinere,
2884 1981 2935 2020 et
2966 1980 3250 2035 utramque
3279 1968 3423 2021 illam
3444 1966 3751 2022 hebdomadam

2282 2048 2515 2106 partem,
2557 2039 2735 2091 ethoc
2774 2038 3033 2105 temporis
3074 2039 3439 2095 intervallum;
3470 2037 3536 2089 ita
3565 2049 3753 2101 utprinio

2282 2108 2500 2177 quidem
2529 2107 2846 2170 intervallo,
2880 2123 2969 2160 seti
3012 2107 3208 2176 elapsis
3251 2120 3451 2177 septem
3481 2107 3750 2162 hebdomadi-

2281 2177 2404 2250 bus,
2433 2175 3084 2250 Jerosolytiize_ea5titerit
3102 2175 3246 2250 ἡγοῦ
3256 2175 3413 2250 μένος
3437 2178 3665 2250 Christus.
3679 2178 3749 2242 Quo

2279 2248 2496 2317 quidem
2530 2249 2744 2301 nomine
2780 2248 3031 2302 Petavius
3057 2248 3334 2304 existim-nt
3368 2248 3560 2302 Judaici
3604 2250 3749 2315 populi,

2280 2328 2566 2387 postquam
2608 2333 2705 2372 sua
2744 2318 2821 2374 illi
2863 2319 3084 2373 libertas
3122 2321 3371 2374 restituta
3403 2328 3501 2381 est,
3533 2320 3746 2386 principem

2280 2403 2343 2441 ac
2375 2389 2570 2443 ducem
2620 2403 2740 2443 esse
2786 2388 3220 2459 intelligendum.
3279 2390 3476 2443 Deinde
3517 2404 3624 2442 vero
3655 2388 3746 2441 aliud

2281 2459 2739 2512 hebdomadarum
2792 2463 3073 2527 sexaginta
3121 2463 3355 2514 duarum
3413 2459 3697 2511 intervallum
3728 2472 3746 2509 ι

2278 2528 2555 2583 Clemente
2591 2529 2855 2584 clauditur
2880 2530 2961 2581 vel
2998 2530 3202 2585 Christi
3232 2542 3375 2594 ortu,
3406 2531 3486 2580 vel
3513 2528 3614 2595 ejus
3634 2531 3746 2648 banti.

2279 2612 2427 2648 snio:
2461 2610 2709 2648 neutrum
2740 2600 2884 2648 enim
2914 2600 3000 2648 ille
3032 2602 3162 2648 satis
3180 2611 3368 2648 auerte
3396 2600 3667 2648 designavit.
3735 2624 3745 2634 -

2279 2612 2427 2661 snio;
2461 2610 2709 2652 neutrum
2740 2600 2884 2653 enim
2914 2600 3000 2654 ille
3032 2602 3162 2655 satis
3180 2611 3368 2669 aperte
3396 2600 3667 2669 designavit.
3682 2600 3745 2669 lic-

2276 2672 2440 2735 iiique
2464 2669 2664 2723 ultimae
2687 2684 2780 2724 seu
2804 2667 3229 2739 septuagesima!
3244 2670 3586 2731 hebdomadis,
3602 2668 3655 2719 ab
3670 2667 3745 2739 aliis

2275 2739 2566 2808 sejuttctic,
2595 2737 2879 2794 dimidiam
2910 2737 3114 2808 partem
3156 2743 3386 2808 imperio
3421 2737 3745 2807 consignatae-

2278 2811 2464 2880 ronis,
2513 2825 2622 2878 quo
2654 2821 2915 2880 regnante
2949 2829 2967 2862 ι
2994 2813 3336 2866 abominatio
3369 2808 3741 2863 desulalIOIllSilll

2279 2879 2475 2949 templo
2506 2882 2679 2948 posita
2713 2879 2821 2935 est.
2871 2883 3111 2934 Alteram
3146 2898 3279 2936 vero
3324 2880 3580 2949 dimidiam
3607 2887 3740 2949 partem

2273 2947 2607 3018 occupavere
2645 2953 2784 3005 Otho
2808 2990 2824 3015 ,
2856 2950 3050 3015 Galba,
3088 2949 3373 3016 Vitellius,
3414 2965 3474 3003 ac
3516 2947 3740 3015 Vespasiani

2275 3022 2567 3091 primordia
2615 3022 2681 3074 ad
2715 3021 2958 3075 ultimam
3008 3038 3177 3091 usque
3223 3021 3639 3091 Jerosolynioruui
3677 3027 3741 3069 tati

616 3088 714 3167 ipsi
746 3093 911 3145 fuisse
936 3088 1019 3144 his
1044 3088 1277 3167 Danielis
1302 3088 1726 3142 hebdomadibus
1750 3104 2015 3143 annorum
2042 3107 2176 3167 qtia-
2205 3110 2250 3167 C
2280 3090 2514 3167 civitatis
2539 3106 2701 3167 quam
2732 3092 2927 3167 templi
2951 3088 3332 3167 vasnitioneiii.

615 3152 1025 3228 tit-ingeniorum
1055 3163 1347 3231 nonaginta
1371 3169 1573 3231 septeni
1598 3152 2178 3231 suntinamgconsdtui.
2207 3152 2250 3170 “’

2351 3161 2513 3232 Addit
2530 3158 2717 3232 adhuc
2746 3158 2999 3216 Petavius
3024 3165 3365 3232 septuaginta
3389 3158 3614 3216 Jeremize
3628 3169 3740 3210 annos

616 3233 906 3298 Hucusque
959 3240 1135 3283 autem
1181 3228 1476 3283 Clementis
1506 3228 1573 3281 de
1620 3229 1705 3283 his
1749 3228 2183 3287 hebdomadibus
2276 3229 2428 3299 juxta
2477 3230 2770 3287 Clementis
2820 3233 2992 3287 nostri
3053 3228 3289 3287 inente'nt
3331 3242 3387 3285 et
3434 3240 3739 3285 sententiain:

615 3301 883 3357 sententia
908 3311 962 3355 et
997 3298 1287 3368 explicatio
1316 3314 1444 3352 vera
1483 3298 1820 3353 doctioribus
1857 3300 2093 3363 videtur,
2129 3312 2183 3355 et

613 3372 853 3441 opinioni
885 3371 1261 3438 anteponenda
1311 3368 1687 3441 alioruin,_qui
1730 3383 1898 3441 usque
1928 3370 1996 3422 ad
2041 3385 2178 3436 prte-

616 3438 920 3495 iiuiitiataiit
944 3457 974 3493 a
1001 3441 1217 3493 Daniele
1246 3459 1264 3490 t
1284 3438 1740 3492 abominationent
1761 3438 2133 3506 desolationis,
2151 3460 2173 3493 ι

611 3522 668 3565 et
710 3509 909 3567 Christi
940 3521 1143 3572 ortum,
1187 3518 1272 3563 aut
1303 3510 1521 3561 brevius
1544 3548 1561 3574 ,
1609 3516 1705 3561 atit
1738 3507 1974 3579 longius,
2014 3526 2177 3578 quam

615 3597 710 3651 par
737 3591 840 3644 est,
873 3580 1132 3648 temporis
1158 3580 1394 3647 spatium
1425 3581 1723 3648 assignant.

686 3651 938 3707 Secundo
970 3647 1129 3717 igitur
1160 3651 1456 3721 notandum
1480 3647 1571 3721 est
1604 3647 1928 3721 praecipuam
1952 3664 2014 3705 ac
2037 3665 2178 3721 pene

615 3731 781 3776 totam
833 3721 886 3774 in
926 3720 1257 3789 explicandis
1306 3717 1545 3772 Danielis
1592 3717 2176 3787 liebdotnad‘ibus'dif-

614 3793 910 3846 licultatem
958 3792 1008 3843 iii
1046 3803 1234 3845 earum
1283 3789 1437 3842 initio
1485 3798 1538 3842 et
1575 3789 1680 3842 (ine
1725 3792 2010 3845 statuendo
2055 3807 2177 3847 esse

612 3866 867 3931 positam.
898 3859 1084 3915 Utrum
1111 3871 1289 3913 autem
1317 3859 1439 3931 haec
1459 3875 1488 3913 a
1512 3859 1791 3931 Clemente
1818 3870 1999 3914 nostro
2027 3873 2175 3917 recte

611 3929 1154 3993 circuitiscribantur,
1190 3938 1285 3983 aut
1313 3930 1446 3997 quid
1475 3931 1526 3982 iii
1558 3932 1639 3984 eis
1666 3929 2175 3986 circumscribendis

612 4017 868 4069 peccasse
903 4011 957 4055 et
1003 4016 1036 4055 a
1081 4014 1212 4055 vero
1255 4001 1544 4055 aberrasse
1573 4001 1821 4065 dicatur,
1861 3999 1975 4068 jam
2023 4003 2175 4059 inve-

608 4072 913 4138 stigandum
941 4082 1044 4124 est.
1677 4077 1689 4102 ‘

679 4136 891 4197 Primus
920 4153 1050 4208 ergo
1084 4140 1136 4193 in
1170 4139 1404 4194 medium
1449 4136 2073 4210 prodeatillieronyuius
2102 4142 2170 4206 η,

608 4222 664 4265 et
695 4212 822 4279 quid
869 4213 921 4265 in
946 4226 1011 4263 ea
1039 4210 1333 4265 Clementis
1361 4210 1629 4264 sententia
1678 4209 1803 4264 falsi
1837 4209 2053 4280 arguat,
2088 4222 2171 4265 at-

611 4287 930 4334 tendamus:
974 4296 991 4329 ι
1016 4283 1269 4335 Clemens
1291 4319 1308 4346 ,
1342 4281 1554 4350 inquit,
1598 4280 1681 4333 vir
1720 4282 2123 4336 eruditissimus
2152 4321 2169 4347 ,

608 4354 893 4420 presbyter
922 4350 1304 4404 Alexandrina:
1337 4351 1611 4415 Ecclesiae,
1647 4353 2044 4420 parvipeiidens
2073 4369 2169 4405 ati-

609 4435 800 4491 norum
833 4435 1133 4488 numerum,
1163 4439 1190 4474 a
1223 4424 1364 4491 Cyro
1414 4436 1542 4491 rege
1572 4421 1857 4475 Persarum
1905 4437 2072 4490 usque
2099 4423 2165 4476 ad

614 4490 998 4561 Vespasianum
1029 4502 1084 4545 et
1113 4490 1294 4545 Titum
1346 4494 1704 4560 imperatores
1732 4492 2002 4546 Romanos
2021 4533 2037 4558 ,
2087 4509 2171 4547 se-

605 4563 885 4631 ptuaginta
905 4576 1170 4617 annorum
1188 4563 1553 4616 hebdomadas
1567 4562 1695 4615 dicit
1715 4575 1839 4614 esse
1852 4563 2169 4632 completas,

608 4636 664 4685 id
713 4641 797 4686 est
839 4646 1008 4686 annos
1065 4633 1492 4702 quadringentos
1530 4634 1843 4700 nonaginta,
1881 4634 2077 4689 additis
2117 4639 2170 4690 in

607 4702 723 4771 ipso
759 4717 987 4755 numero
1022 4704 1233 4757 duobus
1273 4702 1510 4756 millibus
1551 4704 1809 4755 trecentis
1846 4703 2034 4757 diebus
2058 4744 2073 4769 ,
2105 4708 2171 4760 de

605 4776 803 4841 quibus
843 4788 1004 4842 supra
1050 4775 1321 4827 diximus:
1363 4772 1763 4840 Persarumque
1810 4782 1864 4827 et
1914 4773 2170 4830 Macedo-

605 4858 733 4898 num
759 4882 775 4907 ,
808 4853 866 4898 et
904 4848 1179 4898 Cassarum
1229 4852 1471 4911 tempora
1522 4846 1576 4896 in
1607 4842 1690 4895 his
1736 4843 2165 4901 hebdomadibus

605 4928 927 4969 enumerare
973 4923 1244 4976 conatur;
1315 4928 1436 4966 cum
1480 4912 1634 4980 juxta
1696 4911 2161 4981 diligentissimam

604 4986 1040 5054 supputationem
1073 4999 1104 5036 a
1135 4983 1310 5052 primo
1334 4996 1479 5036 anno
1517 4983 1668 5052 Cyri,
1695 4988 1836 5053 regis
1875 4984 2161 5040 Persarum

603 5065 766 5123 atque
795 5054 1097 5119 Medorum,
1124 5055 1179 5107 in
1210 5068 1316 5122 quo
1345 5054 1636 5122 imperavit
1658 5062 1715 5107 et
1743 5054 1954 5125 Darius,
1991 5071 2163 5125 usque

601 5128 669 5178 ad
713 5125 1102 5191 Vespasianum
1141 5135 1198 5179 et
1234 5125 1573 5179 eversionem
1619 5124 1827 5192 templi,
1869 5124 2165 5194 supputen-

603 5207 691 5248 tur
719 5196 846 5247 anni
879 5194 1123 5249 sexcenti
1162 5195 1404 5263 triginta.
1432 5213 1453 5247 ι
1489 5194 1822 5248 Clementem
1853 5195 2016 5264 igitur
2055 5212 2164 5249 ina-

601 5265 692 5333 gni
722 5265 945 5331 erroris,
987 5266 1238 5319 nimirum
1273 5268 1628 5320 ducentorum
1659 5267 2019 5335 quadraginta
2055 5281 2154 5320 an-

603 5349 794 5406 norum
819 5335 1224 5406 aiiacbronisnii
1248 5335 1607 5405 Hieronymus
1624 5343 1865 5401 accusat,
1894 5351 2155 5406 reumque

600 5404 732 5469 agit.
777 5404 884 5459 Alii
924 5421 1137 5478 quoque
1170 5408 1410 5474 ejusdem
1455 5404 1581 5460 lere
1626 5407 1990 5461 aberrationis
2027 5404 2154 5462 Cle-

600 5486 835 5549 mentem
859 5490 1114 5548 arguunt,
1137 5492 1203 5533 eo
1226 5479 1372 5531 ducti
1399 5487 1741 5549 argumento,
1770 5482 1894 5547 quia
1923 5493 1952 5530 a
1978 5479 2157 5547 primo

599 5543 721 5613 Cyri
751 5560 896 5601 anno
916 5543 1053 5615 [qui
1102 5550 1309 5616 primus
1350 5543 1681 5620 Olympiadis
1704 5543 2160 5620 quuiquagesiitiie

668 5684 689 5714 ⁸
718 5684 852 5761 Dan.
876 5703 990 5754 vui,
1018 5689 1105 5757 15,
1134 5691 1220 5745 ﬂ.
1295 5693 1316 5725 ⁸
1349 5693 1480 5749 Dan.
1514 5709 1613 5761 ait,
1643 5694 1731 5751 12.

599 5752 674 5810 De
708 5758 876 5812 doctr.
910 5752 1071 5831 temp.
1092 5752 1149 5816 ὀ.
1179 5761 1268 5817 30.

2281 3304 2454 3367 primo
2480 3344 2481 3347 η
2512 3302 2753 3356 inchoari
2793 3303 3124 3373 Olympiadis
3158 3303 3570 3373 quadragesima:
3598 3308 3740 3373 octava

2279 3386 2454 3435 anno,
2485 3373 2575 3442 qui
2608 3371 2921 3427 undecimus
2953 3371 3220 3428 Joacbin'ii
3261 3382 3317 3429 et
3350 3371 3739 3442 Nabuchodonoso-

2278 3441 2356 3493 ris
2383 3439 2644 3509 septimus
2670 3454 2776 3509 est,
2806 3455 2861 3498 et
2890 3446 2955 3498 ad
2988 3444 3133 3497 Darii
3165 3449 3461 3499 secundum
3488 3439 3679 3511 perduci.

2344 3511 2522 3577 Atque
2555 3514 2693 3567 hanc
2720 3515 3069 3569 doctissimus
3099 3513 3357 3569 Petavius
3384 3514 3637 3567 arbitratur
3663 3520 3737 3561 esse

2279 3594 2462 3653 vet-ani
2500 3581 2794 3653 Clementis
2835 3586 3166 3653 opinionem.
3200 3583 3336 3642 Nam
3372 3584 3585 3651 alioqui,
3608 3581 3737 3645 inquit,

2276 3652 2380 3704 sibi
2422 3652 2518 3721 ipsi
2548 3655 2707 3707 nimis
2736 3652 2920 3723 aperte
2947 3656 3198 3709 Clemens
3225 3656 3610 3713 contradiceret,
3633 3664 3735 3715 utpo-

2279 3731 2332 3775 te
2357 3723 2446 3789 qui
2478 3737 2793 3790 persuasum
2825 3726 3039 3788 haheat,
3078 3725 3261 3779 Persis
3296 3724 3655 3794 imperantibus,
3680 3734 3736 3771 aii-
3830 3748 3831 3794 ἦ

2275 3806 2373 3845 nos
2399 3794 2654 3848 ducentos
2682 3797 2896 3864 triginta
2923 3797 3182 3864 quinque,
3212 3808 3269 3849 et
3294 3793 3415 3848 inde
3438 3800 3496 3847 ad
3517 3793 3736 3867 Cleotiaita

2277 3872 2504 3934 mortem
2546 3878 2715 3919 annos
2752 3876 3019 3920 trecentos
3045 3876 3304 3934 quatuor,
3337 3878 3490 3933 atque
3516 3865 3577 3915 ita
3603 3878 3626 3914 a
3645 3865 3735 3929 Cpit

2274 3933 2343 3985 ad
2383 3935 2660 4004 Actiacam
2709 3937 2992 3989 victoriam
3030 3933 3358 4004 quingentos
3385 3935 3579 4003 triginta
3609 3942 3733 4004 notet!

2274 4016 2443 4077 annos
2469 4003 2710 4058 ﬂuxisse.
2755 4002 3132 4060 Verumtamen
3162 4002 3220 4060 in
3256 4002 3529 4061 Clementis
3557 4002 3733 4077 opinione

2274 4074 2430 4138 plura
2462 4077 2592 4128 l'alsa
2616 4086 2671 4130 et
2687 4077 2918 4131 absurda
2943 4091 3063 4131 esse
3087 4078 3233 4131 haud
3253 4079 3545 4131 dubitanter
3563 4071 3734 4125 Petavius

2273 4154 2570 4207 asseverat,
3489 4187 3492 4190 .

2341 4218 2425 4267 Au
2479 4227 2658 4267 autem
2702 4212 2788 4268 ille
2842 4216 3080 4270 auctoris
3128 4217 3305 4271 nostri
3359 4224 3568 4271 mentem
3602 4210 3731 4265 melius

2271 4297 2432 4352 quam
2460 4286 2548 4337 alii
2572 4289 2906 4352 exploratam
2931 4288 3200 4352 habuerit,
3231 4292 3284 4341 in
3314 4289 3517 4340 dubium
3543 4284 3731 4336 bauditit-

2272 4353 2467 4425 merito
2497 4358 2675 4409 vocari
2715 4365 2911 4425 potest.
2944 4356 3182 4411 Primum
3218 4360 3361 4411 enim
3387 4358 3451 4411 de
3478 4354 3728 4421 interiecto:

2273 4423 2551 4478 Clemente
2580 4423 2727 4478 intra
2755 4428 3094 4496 septuaginta
3112 4430 3472 4487 hebdomadas
3488 4429 3731 4496 aliquowi-

2274 4497 2428 4564 poris
2463 4496 2749 4551 intervallo
2794 4494 2996 4549 nullum
3024 4499 3242 4566 quidem
3276 4501 3327 4550 in
3362 4498 3456 4550 boc
3490 4494 3728 4566 librovestl-

2273 4563 2417 4634 gium
2452 4576 2693 4635 apparet.
2727 4572 2819 4629 At,
2850 4563 3331 4635 iiiqttit'Petavius,
3360 4568 3455 4619 nisi
3488 4565 3595 4617 illud
3618 4563 3728 4635 inier-

2272 4634 2526 4704 ponatur,
2558 4636 2810 4693 Clemens
2838 4634 3091 4691 immanis
3129 4641 3519 4692 anachronisnii
3546 4634 3726 4687 condem-

2272 4710 2482 4762 nandus
2516 4718 2620 4761 est.
2657 4708 2763 4761 Sed
2804 4710 2869 4760 ad
2920 4711 3242 4775 scriptorem
3274 4722 3455 4762 errore
3480 4706 3724 4775 liberandum

2273 4776 2355 4830 fas
2385 4793 2489 4830 non
2523 4788 2607 4831 cst
2644 4792 2707 4830 ea
2738 4778 2814 4831 illi
2860 4770 3173 4843 eset-lbere,
3205 4781 3272 4833 de
3308 4779 3492 4847 quibus
3515 4787 3559 4827 et
3588 4770 3723 4825 uulltiui

2268 4847 2435 4919 habet
2471 4849 2717 4911 verbum,
2749 4859 2804 4902 et
2832 4863 2899 4900 ite
2921 4849 3188 4917 cogitasse
3218 4853 3426 4919 quidem
3458 4848 3681 4919 videtnon.

2337 4918 2457 4971 Alia
2500 4934 2663 4987 porro
2697 4908 2837 4972 illius
2872 4908 3165 4973 excusandi
3199 4908 3253 4973 ei
3286 4918 3606 4987 percipienda-
3631 4908 3725 4987 illitis

2266 4990 2464 5043 mentis
2499 4979 2639 5042 ratio
2666 4989 2789 5042 iniri
2822 4991 3046 5043 lursitaii
3077 4979 3555 5059 potest.'l\oneniin
3579 4990 3631 5034 ita
3652 4979 3726 5059 σιξ

2269 5074 2388 5112 runt
2417 5071 2472 5111 et
2497 5069 2742 5128 apertum
2776 5069 2882 5123 est,
2914 5048 3174 5129 quidquid
3204 5064 3349 5113 dicat
3377 5058 3609 5114 Petavius,
3632 5048 3726 5129 unde

2266 5128 2517 5201 Clemens
2532 5125 2871 5201 septuaginta
2888 5125 3346 5185 hebdomadarum
3366 5129 3550 5180 initium
3564 5125 3721 5201 egw“-

2265 5200 2332 5252 Et
2361 5212 2512 5253 certe
2553 5192 2803 5268 quaiiﬁis
2834 5203 2923 5255 ille
2955 5202 3353 5270 chronologiani
3401 5192 3721 5270 reguni_l’er_sa-

2260 5285 2378 5342 runt
2412 5260 2947 5342 exhibeat,eaiti_que
2975 5288 3004 5324 a
3037 5272 3182 5342 Cyro
3208 5260 3526 5342 [immitti-[et

2262 5341 2437 5393 beleni
2461 5347 2519 5393 iit
2545 5341 2801 5410 templum
2818 5338 3330 5413 Jérosolyiiiitaititin
3357 5338 3722 5413 itistaurat‘clifff

2263 5425 2332 5464 tio
2380 5413 2618 5483 secundo
2656 5403 2809 5466 Darii
2859 5403 3140 5483 Hystaspis
3187 5413 3281 5465 lilii
3311 5414 3511 5464 missum
3548 5403 3719 5483 dixerit;

2265 5495 2369 5534 non
2417 5481 2541 5535 inde
2586 5492 2762 5536 tamen
2815 5473 3070 5551 seq'uiiur'
3088 5483 3437 5551 Clementem
3466 5473 3721 5551 asseverate

2266 5553 2610 5622 Septuaginta
2657 5545 3022 5609 hebdomadas
3053 5570 3083 5607 a
3110 5558 3282 5622 primo
3325 5550 3443 5622 Cyri
3468 5560 3583 5600 anno
3605 5545 3718 5593 sum“

1811 5695 1855 5727 ιο
1884 5694 2012 5751 ibid.
2048 5695 2133 5766 to,
2173 5714 2177 5748 τ

2372 5697 2411 5728 ⁸⁸
2446 5697 2751 5754 Comment.
2785 5698 2835 5751 iii
2879 5714 2927 5754 c.
2964 5713 3016 5752 ix
3056 5698 3210 5768 Dan.,
3237 5714 3291 5769 p.
3334 5694 3476 5753 “5!.
3540 5684 3699 5738 “l-ﬂl
