3924 6306
128 284 282 340 “’55

1349 292 1436 348 ne
1476 291 1698 348 LlBRIS
1738 268 2193 350 sne-narum.

3287 295 3422 352 “€26

133 411 436 489 accepisse
478 409 845 489 principium;
876 415 942 489 at
965 452 981 472 ,
1016 409 1190 489 inquit.
1223 411 1518 489 Petavius,
1565 415 1632 489 ah
1666 430 1731 468 eo
1761 419 1809 476 Α
1838 414 1946 489 litin
1973 455 1990 489 ,
2014 423 2230 489 eertum
2273 415 2356 489 [ει
2402 415 2703 489 incertum,
2747 415 2927 489 disces
2960 415 3419 489 exilieronymo,

131 484 265 553 (.yri
305 498 464 535 anno
501 495 670 548 usque
705 481 768 534 ad
814 481 1035 554 Darium
1081 481 1334 554 Clemens
1367 484 1722 554 quadraginta

137 551 343 624 novem
380 567 562 624 annos
589 561 880 624 t-oinpntat.
917 551 991 604 Eo
1027 552 1193 624 igitur
1223 551 1448 607 numero
1482 551 1685 624 septem
1709 596 1722 616 ,

135 624 214 676 uti
251 623 350 674 ille
382 624 485 686 ait,
512 621 584 674 ab
617 623 784 674 Esdra
819 633 1140 688 computat-.e
1180 621 1726 679 hebdomades—com-

135 693 586 757 prel-ienduntur.
634 690 828 745 Verum
881 693 993 744 lucc
1039 694 1322 747 conclusio
1364 695 1570 749 Petavii
1619 706 1724 759 est,

136 780 246 816 non
279 778 422 816 vero
452 761 770 826 Clementis,
802 761 894 830 qui
927 761 1112 815 nullibi
1144 764 1281 817 dixit
1313 765 1407 817 has
1430 767 1727 820 hebdoma-

135 833 236 887 des
277 834 367 906 his
406 833 535 906 Cyri
564 874 579 906 ,_
606 833 836 906 ejusque
885 835 1215 906 successoris
1243 835 1526 906 Cambysis
1573 838 1728 890 annis

133 905 446 974 contineri.
481 903 618 974 Quid
661 915 862 974 autem,
894 904 1034 972 quod
1071 902 1323 958 Clemens
1354 902 1501 958 illam
1538 922 1723 974 regum

132 972 443 1028 Persarum
468 973 875 1042 chronologiam
903 989 1008 1026 non
1036 974 1158 1026 ideo
1193 976 1392 1039 retulit,
1421 986 1479 1029 ttt
1513 972 1632 1030 cum
1660 996 1722 1030 ea

133 1054 352 1114 septem
390 1045 554 1114 171
593 1046 794 1111 primas
844 1054 1198 1112 componeret
1257 1046 1490 1101 Danielis
1521 1048 1725 1101 hebdo-

134 1119 354 1177 mades,
395 1118 496 1170 sed
524 1125 580 1167 ut
599 1115 860 1168 llelirmos
881 1128 1169 1180 sacrosque
1197 1117 1491 1185 scriptores
1513 1119 1725 1174 caeteris

133 1187 492 1252 antiquiores
520 1201 637 1239 esse
664 1185 1099 1238 demonstraret?

203 1255 483 1309 Fatemur
523 1256 741 1326 quidem
789 1256 948 1307 linem
987 1255 1177 1308 harum
1219 1255 1678 1310 hebdomadarum
1706 1299 1722 1322 ,

131 1343 260 1381 cum
311 1326 690 1379 Romanorum
735 1325 1120 1392 imperatorum
1161 1327 1318 1380 annis
1358 1328 1424 1380 ab
1465 1327 1557 1380 illo
1583 1329 1722 1382 haud

131 1397 504 1465 indiligenter
551 1406 990 1463 comparatarmn
1021 1435 1036 1458 ,
1077 1395 1144 1449 ad
1198 1394 1506 1465 Vespasiani
1552 1413 1722 1467 usque

133 1479 415 1536 tempora,
453 1483 518 1520 ac
541 1466 1000 1536 Jerosolymornni
1032 1481 1152 1537 cum
1183 1468 1354 1527 urbis.
1387 1478 1496 1520 litui
1533 1466 1720 1537 templi

129 1539 418 1593 excidium
457 1537 707 1606 produci.
744 1539 812 1588 At
844 1552 950 1602 quo
978 1536 1293 1604 diligentius
1322 1538 1461 1592 hanc
1491 1536 1725 1593 instituit

127 1611 635 1677 comparationem,
662 1622 727 1660 eo
754 1607 958 1660 clarius
986 1617 1132 1674 patet
1156 1608 1254 1675 ipsi
1280 1609 1332 1660 in
1354 1619 1585 1662 mentem
1611 1625 1718 1662 non

129 1684 376 1746 venisse,
411 1688 471 1732 ut
497 1679 708 1731 illarmn
739 1677 1018 1731 exordium
1045 1693 1168 1730 cum
1193 1677 1395 1749 Persici
1431 1681 1581 1749 regni
1608 1681 1722 1747 pri-

132 1751 370 1804 mordiis
409 1750 786 1803 contenderet.
816 1749 897 1800 Ad
929 1749 1042 1801 hare
1073 1763 1221 1812 vero,
1256 1747 1386 1816 legis
1412 1747 1721 1803 ad'rcstan—

130 1823 369 1875 randum
427 1818 891 1890 Jerosolymorum
937 1818 1202 1890 templum
1256 1835 1286 1871 a
1337 1821 1480 1890 Cyro
1535 1821 1717 1885 datae,

130 1908 238 1962 qtta
269 1893 504 1960 quidem
549 1891 616 1954 ii,
647 1888 745 1962 qui
777 1888 907 1962 inde
935 1888 1174 1962 Danielis
1212 1888 1579 1962 hebdomades
1633 1895 1718 1943 iti-

134 1958 328 2017 cboari
355 1971 613 2022 censent,
644 1959 801 2012 unico
825 1959 1094 2028 opinionis
1123 1974 1232 2013 sua:
1260 1958 1608 2016 fundamento
1637 1962 1718 2014 iu-

132 2034 391 2086 nituntur
418 2071 435 2092 ,
483 2031 682 2084 nullam
715 2031 871 2098 plane
910 2030 1161 2084 Clemens
1203 2030 1529 2084 mentionem
1564 2033 1714 2086 fecit.

135 2104 337 2158 Verum
373 2100 693 2158 econtrario
728 2099 817 2154 ille
847 2100 1049 2154 diserte
1089 2111 1270 2154 narrat
1301 2103 1567 2168 quomodo
1611 2102 1716 2156 Zo-

132 2174 364 2227 rohabel
396 2214 411 2235 ,
459 2171 640 2240 templi
670 2169 1110 2240 Jerosolymitani
1163 2171 1482 2225 restituendi
1511 2186 1673 2226 causa
1698 2213 1714 2238 ,

131 2246 381 2299 secundo
417 2243 563 2296 Darii
605 2257 746 2294 anno
773 2242 976 2296 emissus
1010 2241 1190 2294 fuerit.
1243 2240 1514 2295 Incertum
1548 2243 1717 2310 igitur

131 2326 213 2368 est
241 2327 432 2368 utrum
478 2313 564 2366 ille
603 2313 668 2364 ab
701 2314 801 2365 hoc
835 2321 1039 2364 tantum
1075 2312 1336 2381 temporis
1387 2322 1583 2378 puncto
1617 2314 1718 2366 Da-

134 2386 292 2438 nielis
331 2382 709 2438 hebdomadas
746 2382 958 2435 initium
993 2386 1290 2452 sumpsisse
1317 2387 1608 2452 putaverit.

202 2455 490 2522 Quidquid
521 2467 648 2508 vero
679 2454 744 2505 de
791 2454 892 2506 hac
922 2462 1030 2505 tam
1059 2451 1286 2506 obscura
1310 2451 1330 2514 ζ
1357 2461 1414 2506 ut
1447 2454 1525 2506 ait
1552 2454 1714 2508 Peta-

133 2529 278 2587 vius,
311 2526 626 2580 Clementis
651 2523 916 2590 opinione
953 2525 1187 2587 dicatur,
1224 2523 1407 2590 negari
1439 2539 1571 2577 sane
1606 2539 1712 2578 non

132 2607 314 2662 potest
354 2611 482 2649 eam
528 2609 594 2649 eo
642 2593 941 2662 majoribus
969 2593 1234 2660 implicari
1268 2593 1669 2649 dillicultatibus
1698 2636 1713 2659 ,

132 2684 242 2734 quo
277 2667 371 2719 ille
403 2667 619 2735 longius
649 2679 810 2732 quant
841 2678 940 2730 par
967 2674 1050 2718 est
1074 2679 1290 2726 earum,
1335 2673 1396 2716 ut
1441 2665 1711 2735 diximus,

132 2734 612 2791 hebdomadarum
657 2745 868 2803 tempus
900 2735 1237 2804 protraxisse
1269 2735 1411 2787 haud
1443 2734 1714 2790 immerito

133 2819 427 2877 arguatur.
482 2806 841 2877 Quamobrem
891 2803 935 2858 Si
998 2805 1123 2872 quis
1171 2805 1223 2856 in
1258 2803 1376 2870 ejus
1412 2805 1669 2877 Opinione
1697 2846 1712 2869 ,

131 2875 298 2947 quam
332 2891 518 2930 tamen
544 2875 795 2947 nonnulli
829 2885 1014 2947 postea
1041 2883 1454 2947 propugnarunt
1480 2913 1496 2939 ,
1527 2875 1600 2928 sit
1626 2891 1716 2928 er-

133 2944 250 3009 r'or,
285 2949 333 3001 is
369 2945 598 3018 saneqin
626 2944 849 3018 allatum
880 2945 948 3018 ab
985 2945 1098 3013 ipso
1124 2959 1189 3018 ex
1221 2944 1456 3018 quodam
1483 2960 1714 3018 apocry-

132 3021 243 3086 pho
269 3019 466 3072 Esdrse
499 3015 636 3069 libro
672 3011 1040 3086 te5timonium
1066 3011 1438 3086 retundendus
1468 3011 1574 3069 est.

203 3090 486 3144 Caeterum
522 3087 565 3139 is
606 3086 786 3152 lapsus
817 3084 1076 3138 Clementi
1117 3097 1303 3138 nostro
1353 3086 1472 3138 ideo
1501 3086 1714 3143 facilius

1834 486 1924 551 qui
1959 486 2206 538 Africani
2235 527 2248 546 ,
2285 484 2541 550 Eusebii,
2573 484 2871 556 hippolyti,
2906 484 3274 555 Apollinaris,
3302 484 3422 544 (1164-

1832 558 2038 609 mentis
2070 557 2241 608 nostri
2263 566 2317 610 et
2349 556 2671 609 Tertulliani
2702 559 3004 627 sententias
3028 560 3228 617 retulit.
3252 570 3416 627 atque

1831 641 1897 679 ex
1937 627 2360 691 recentioribus,
2391 627 2706 695 Scaligero,
2741 625 2985 691 Petavio,
3020 627 3234 691 lluetio,
3268 625 3418 685 Ball-

1831 696 1929 758 lio,
1960 705 2013 750 et
2042 697 2165 749 aliis
2190 711 2312 748 cum
2348 698 2636 764 theologis,
2670 707 2778 750 tum
2807 713 2981 751 sacrm
3002 699 3300 766 Scriptura:
3333 702 3419 754 iti-

1831 769 2182 838 terpretibus,
2209 779 2374 836 atque
2398 769 2563 820 etiam
2600 768 2879 821 historicis
2903 777 2958 822 et
2981 769 3329 840 chronologis
3347 770 3413 826 “.

2362 856 2761 914 ARTICULUS
2815 857 2875 912 V.

1879 948 1957 1003 De
1982 949 2181 1002 Christi
2214 948 2432 1003 Domini
2460 965 2606 1004 ortus
2633 961 2679 1004 et
2719 951 2967 1019 baptismi
2995 968 3133 1006 anno
3161 962 3210 1007 et
3233 954 3338 1010 die.

1899 1043 1972 1096 De
2008 1058 2152 1096 anno
2181 1053 2236 1097 et
2257 1044 2344 1096 die
2368 1057 2476 1112 quo
2500 1043 2776 1107 Christus,
2798 1045 2953 1113 juxta
2985 1043 3135 1098 illam
3169 1045 3414 1104 Danielis

1827 1114 2234 1183 przedictiOnem
2292 1113 2636 1181 aliorumque
2687 1117 3082 1184 prOphetarum
3147 1119 3410 1184 oracula,

1828 1195 1989 1238 natus
2018 1193 2071 1238 et
2101 1194 2348 1238 mortuus
2375 1194 2478 1243 est.
2509 1199 2629 1254 quae
2650 1184 2906 1240 Clemens
2937 1197 3120 1240 noster
3149 1193 3412 1252 statuerit

1825 1269 1890 1306 eo
1939 1256 2249 1307 accuratius
2302 1254 2675 1307 examinanda
2705 1266 2848 1317 sunt,
2908 1270 3016 1324 quo
3059 1271 3120 1310 ea
3171 1259 3238 1310 ab
3279 1258 3413 1313 ller-

1826 1333 1948 1378 veto
1971 1325 2147 1378 niinns
2173 1326 2468 1380 intellecta.
2497 1324 2616 1377 aliis
2645 1324 2873 1379 forsitan
2917 1325 3218 1381 difﬁciliora
3240 1329 3410 1385 videri

1823 1406 2072 1463 possunt.
2103 1397 2170 1447 At
2202 1397 2269 1448 de
2294 1394 2458 1448 natali
2479 1394 2683 1449 Christi
2713 1411 2856 1449 anno
2876 1397 2990 1450 haec
3014 1398 3104 1450 ille
3121 1400 3315 1453 scribit
3340 1399 3404 1454 “z

1830 1484 1847 1515 ε
1873 1463 2047 1518 Natus
2085 1477 2167 1518 est
2194 1466 2456 1519 Dominus
2489 1474 2677 1519 noster
2703 1468 2961 1536 vigesimo
3001 1478 3198 1521 octavo
3233 1485 3408 1535 anno,

1823 1552 1946 1589 cum
1975 1536 2205 1597 primum
2230 1537 2515 1606 jusserunt
2539 1551 2762 1589 censmn
2790 1539 3281 1606 descriptionemve
3314 1541 3412 1595 lie-

1825 1606 1868 1658 ri
1918 1615 2159 1672 tempore
2204 1608 2453 1673 Augusti.
2487 1604 2642 1670 Quod
2684 1617 2865 1661 autem
2910 1604 3012 1661 hoc
3065 1623 3249 1662 verum
3291 1611 3409 1676 sit,

1823 1676 1903 1729 sic
1952 1677 2210 1742 scriptum
2251 1688 2331 1729 est
2378 1678 2428 1730 in
2481 1677 2780 1745 Evangelio
2812 1679 3108 1731 secundum
3157 1679 3404 1736 Lucam:

1823 1746 1983 1799 Anno
2015 1757 2194 1800 autem
2234 1747 2424 1816 quinto
2450 1746 2658 1801 decimo
2685 1746 2890 1802 Tiberii
2919 1749 3169 1814 Caesaris,
3205 1751 3409 1807 factum

1826 1828 1910 1870 est
1957 1818 2181 1871 verbum
2237 1817 2451 1870 Domini
2513 1832 2680 1885 super
2707 1817 2973 1872 Joannem
3015 1818 3300 1874 Zacharize
3341 1826 3407 1874 li-

1825 1887 1978 1942 lium.
2001 1905 2018 1937 ι
2053 1886 2117 1940 Et
2146 1903 2337 1941 rursus
2369 1888 2420 1940 in
2447 1889 2671 1941 eodem:
2709 1907 2725 1938 ι
2753 1889 2882 1943 Erat
2905 1887 3062 1943 Jesus
3087 1893 3310 1944 veniens
3339 1893 3406 1946 ad

1825 1957 2094 2030 baptisma
2151 1959 2304 2026 quasi
2340 1958 2918 2030 Atrigintagannorum.
2962 1977 2980 2010 ι
3027 1962 3186 2030 Anno
3239 1962 3409 2030 igitur

1825 2028 2086 2098 vigesimo
2117 2041 2312 2081 octavo
2339 2028 2550 2097 imperii
2587 2028 2815 2098 Augusti
2853 2029 3086 2084 Caesaris
3120 2028 3403 2086 Christum

1828 2095 2117 2170 Dominum
2150 2109 2337 2152 natum
2377 2095 2501 2170 esse
2534 2095 2782 2153 Clemens
2814 2110 3001 2154 noster
3039 2101 3242 2155 diserte
3276 2117 3404 2170 pro-

1825 2169 2059 2239 nuntiat.
2086 2168 2427 2237 Qaapi-Opter
2451 2169 2569 2236 ipse
2591 2173 2752 2237 paulo
2775 2180 2929 2239 post:
2965 2189 2983 2221 ι
3003 2170 3171 2235 Quem
3194 2168 3405 2237 dicunt,

1825 2237 2006 2308 inquit
2035 2239 2106 2304 ⁸⁸,
2137 2239 2459 2308 vigesimum
2502 2248 2756 2293 octavum
2777 2237 2988 2294 annum
3031 2242 3279 2308 Augusti.
3308 2260 3328 2294 ι

1898 2307 2096 2373 Verum
2154 2307 2497 2364 celeberrimi
2561 2319 2616 2363 et
2670 2311 3038 2380 antiquissimi
3107 2307 3407 2380 scriptores

1822 2378 2096 2452 Christum
2110 2395 2251 2452 anno
2262 2380 2500 2447 ejusdem
2518 2378 2862 2448 imperatoris
2885 2382 2966 2436 vel
2985 2378 3405 2452 quadragesimo

1824 2450 2019 2520 primo,
2043 2451 2125 2504 vel
2149 2452 2564 2520 quadragesimo
2583 2453 2823 2520 secundo
2847 2462 3024 2505 ortmn
3050 2450 3218 2507 fuisse
3247 2454 3406 2507 val-le

1822 2531 2206 2575 asseveranter
2241 2519 2532 2574 allii-ruant.
2582 2519 2821 2575 [renatus
2861 2522 3127 2591 siquidem
3177 2523 3289 2577 haec
3336 2526 3404 2577 de

1819 2605 1887 2645 eo
1927 2592 2150 2644 totidem
2189 2593 2373 2645 verbis
2408 2593 2629 2645 tradidit
2652 2592 2729 2646 "z
2777 2611 2795 2643 ι
2823 2591 2992 2646 Natus
3024 2605 3107 2646 est
3141 2593 3403 2648 Dominus

1822 2673 2007 2715 noster
2032 2663 2178 2715 circa
2205 2663 2435 2731 primmn
2468 2671 2522 2715 et
2559 2664 3036 2731 quadragesimum
3065 2678 3264 2717 annum
3293 2667 3404 2716 Au-

1821 2733 1962 2801 gusti
1990 2733 2225 2800 imperii.
2255 2753 2273 2784 ι
2311 2733 2682 2786 Tertullianus
2709 2749 2839 2786 vero
2862 2735 3031 2802 magis
3070 2748 3325 2802 eXpresse
3349 2742 3404 2787 et

1820 2803 2105 2856 enucleate
2135 2803 2282 2854 illum
2328 2817 2474 2855 anno
2519 2803 2939 2871 quadragesimo
2968 2803 3146 2870 primo
3170 2804 3399 2870 Augusti

1822 2880 2009 2926 natum
2043 2887 2162 2926 esse
2193 2882 2499 2926 asseverat:
2541 2890 2558 2922 ι
2589 2874 2842 2927 Videmus
2868 2884 3074 2932 autem,
3113 2875 3187 2925 ait
3220 2873 3306 2926 ille
3333 2875 3400 2936 ¹⁶,

1823 2942 2078 3011 quoniam
2114 2944 2534 3012 quadragesimo
2568 2953 2622 2996 et
2659 2945 2833 3012 primo
2860 2957 3006 2996 anno
3041 2941 3253 3012 imperii
3287 2945 3401 2996 Au-

1821 3013 1983 3082 gusti,
2011 3027 2120 3081 quo
2143 3024 2266 3081 post
2295 3023 2522 3066 mortem
2551 3012 2851 3080 Cleopatrae
2879 3015 3180 3080 imperavit,
3213 3017 3400 3068 nasci-

1825 3094 1917 3136 tur
1943 3083 2216 3140 Cbristus.
2248 3083 2314 3136 Et
2349 3085 2652 3152 supervixit
2683 3084 2824 3138 idem
2859 3086 3155 3151 Augustus,
3189 3099 3252 3139 ex
3291 3100 3400 3154 quo

129 3159 546 3214 condonabitur
570 3196 582 3216 ,
614 3147 740 3224 quia
787 3156 972 3224 plures
1003 3165 1130 3208 sunt
1168 3165 1222 3209 et
1265 3165 1507 3210 veterum
1541 3167 1598 3212 ei,
1627 3175 1716 3212 re-
1742 3147 1785 3204 C
1820 3154 2067 3209 nascitur
2093 3147 2553 3224 Chrisms.a'nnis
2585 3154 2922 3222 quindecim.
2951 3147 2974 3205 ἰ
3019 3147 3280 3209 Eusebius
3309 3147 3401 3209 ἰιι-

134 3233 448 3284 centiorum
467 3228 532 3280 de
553 3227 633 3279 his
648 3226 885 3278 Damelis
904 3227 1242 3295 septuaginta
1263 3225 1710 3296 hebdomadibus,

132 3315 196 3353 ac
241 3302 554 3368 praesertim
585 3300 667 3368 de
709 3297 918 3368 illarum
949 3296 1172 3350 exordio
1196 3305 1250 3349 et
1278 3296 1383 3348 line
1409 3298 1712 3364 opiniones.

132 3367 268 3423 Tam
294 3369 480 3423 varias
503 3367 701 3436 quippe
722 3376 776 3420 et
796 3367 1037 3420 diversas
1060 3367 1110 3419 iu
1136 3368 1434 3420 sententias
1457 3369 1536 3421 illi
1566 3372 1717 3424 abie-

136 3450 284 3505 runt,
319 3451 376 3493 ut
409 3448 488 3492 tot
516 3453 703 3492 eorum
731 3453 944 3500 sensus,
975 3447 1106 3506 quot
1131 3438 1310 3505 capita
1337 3452 1460 3492 esse
1488 3439 1714 3494 videan-

135 3520 241 3562 tur.
285 3512 399 3565 uas
433 3524 602 3576 porro
631 3508 942 3577 singulatim
973 3522 1255 3563 recensere
1287 3523 1317 3560 a
1349 3521 1534 3563 nostro
1562 3513 1715 3564 insti-

135 3591 249 3633 tuto
283 3592 397 3635 tam
427 3581 664 3633 alienmn
693 3590 795 3640 est,
823 3594 985 3646 quam
1018 3579 1068 3630 id
1102 3582 1386 3648 operosius
1409 3595 1437 3628 a
1465 3579 1710 3644 Petavio,

132 3649 328 3705 Baillio
350 3692 366 3716 ,
404 3651 780 3747 aliisque,.sed
820 3650 1097 3747 in‘prnnis
1130 3667 1160 3702 a
1209 3652 1462 3719 synopsis
1490 3653 1712 3706 critico-

133 3735 251 3774 rum
283 3733 516 3776 auctore
546 3721 847 3773 factitatum
881 3720 942 3772 ¹³.

204 3793 477 3858 Quzenam
516 3800 695 3844 autem
744 3805 810 3842 ex
848 3789 917 3844 iis
948 3789 1232 3843 sententiis
1258 3828 1275 3854 ,
1307 3805 1427 3860 qua:
1459 3805 1491 3844 a
1536 3791 1712 3846 soluta

132 3865 456 3930 captivitate
489 3860 822 3932 Babylonica
850 3861 1061 3914 initium
1104 3862 1364 3915 harumce
1403 3861 1714 3932 hebdoma-

133 3933 330 3987 darum
361 3931 955 3996 ducunt,’cclebriores
985 3933 1228 3995 luerunt,
1263 3933 1306 3984 si
1337 3931 1480 3985 scire
1515 3947 1710 3999 aveas,

137 4013 252 4057 tres
295 4015 396 4058 aut
437 4011 671 4072 quatuor
713 4006 1013 4072 przecipuas
1042 4002 1136 4054 tibi
1182 4004 1710 4069 repraesentabimus.

134 4072 319 4145 Itaque
350 4071 550 4145 prima,
582 4074 648 4126 de
678 4087 783 4139 qua
806 4071 1501 4145 hactenusdisputavimus,
1522 4083 1714 4145 etquae

133 4143 404 4200 Clementi
424 4154 610 4199 nostro
633 4159 738 4195 non
758 4157 866 4194 uno
882 4143 1181 4209 eodemque
1211 4158 1372 4196 sensu
1397 4144 1710 4210 ascribitut',

135 4214 354 4269 illorum
385 4225 486 4278 est,
520 4215 611 4283 qui
639 4213 878 4267 Danielis
915 4215 1282 4266 hebdomades
1317 4215 1601 4283 primoaut
1627 4231 1712 4269 se-

136 4289 313 4340 cundo
354 4287 480 4356 Cyri
513 4282 657 4356 anno
685 4285 1037 4356 primordium
1075 4286 1360 4347 habuisse,
1401 4294 1456 4337 et
1491 4282 1714 4340 Jeroso-

137 4354 412 4424 lyutoruui
438 4355 588 4409 urbis
615 4364 669 4409 et
698 4354 879 4422 templi
910 4357 1063 4407 ruina
1097 4356 1374 4410 terminari
1403 4366 1707 4410 autumant.

133 4432 318 4479 Altera
370 4426 827 4480 hebdomadarum
881 4425 1100 4479 initium
1149 4426 1338 4479 statuit
1385 4427 1710 4483 Artaxerxis

136 4494 459 4565 Longimani
486 4510 627 4548 anno
649 4498 901 4563 septimo,
925 4511 978 4550 et
1005 4511 1192 4550 earum
1221 4499 1275 4550 iu
1301 4497 1503 4550 Christi
1535 4508 1709 4552 morte

135 4567 324 4620 tinem.
361 4565 542 4620 Tertia
588 4579 683 4620 eas
711 4569 905 4619 asserit
954 4583 1100 4620 anno
1154 4567 1394 4620 secundo
1430 4567 1573 4621 Darii
1613 4579 1707 4620 aut

130 4635 447 4705 Hystaspis,
481 4645 576 4688 aut
598 4635 757 4688 Nothi
791 4637 1104 4706 increpisse,
1129 4653 1192 4692 ac
1219 4637 1452 4692 Neronis
1479 4639 1708 4694 desiisse

128 4721 277 4759 anno
303 4708 646 4768 duodecimo,
680 4721 789 4774 quo
827 4707 1030 4761 bellum
1061 4709 1332 4764 Romanos
1352 4709 1494 4762 inter
1521 4718 1575 4762 et
1608 4708 1706 4762 Ju-

127 4779 275 4830 daeos
309 4779 386 4830 ita
413 4778 737 4847 gerebatur,
767 4787 825 4830 ut
859 4781 1029 4832 tribus
1060 4790 1244 4847 postea
1276 4781 1432 4832 annis
1453 4821 1466 4844 ,
1502 4795 1706 4845 sexque

129 4850 332 4915 elapsis
367 4844 641 4918 iuensibus
669 4844 972 4902 Jerusalem
1013 4844 1187 4901 diruta
1229 4851 1459 4918 soloque
1489 4844 1701 4918 aequata

129 4920 319 4975 fuerit.
365 4923 566 4986 Quarta
610 4916 1154 4989 illarum‘consignat
1190 4916 1518 4989 principium
1553 4916 1704 4973 anno

132 4993 398 5058 vigesimo
459 4990 784 5042 Artaxerxis
839 4987 1207 5057 Lougimani,
1233 5001 1289 5044 et
1345 4998 1508 5044 tinem
1558 5005 1702 5042 anno

133 5073 257 5128 post
305 5061 506 5115 Christi
567 5069 799 5113 mortem
848 5061 1302 5127 quadragesimo,
1347 5067 1451 5124 vel,
1487 5069 1546 5114 ut
1579 5062 1704 5114 aliis

138 5136 330 5199 placet,
363 5135 500 5185 intra
532 5131 738 5184 ultima:
753 5130 1120 5184 hebdomadis
1145 5132 1396 5199 spatium,
1426 5147 1533 5200 quo
1551 5131 1705 5186 Chri-

139 5214 255 5256 stus
285 5207 465 5257 crucis
498 5202 764 5270 supplicio
796 5202 959 5254 vitam
989 5202 1182 5255 linivit.

207 5281 336 5338 Quae
373 5285 556 5328 autem
601 5276 712 5327 sint
751 5275 956 5342 harum
1003 5273 1338 5342 aliarumque
1388 5271 1700 5342 opinionum

140 5345 501 5411 ﬁrmamenta,
524 5345 725 5414 etqmd
757 5343 812 5396 iit
849 5341 955 5396 illis
975 5344 1047 5396 sit
1073 5341 1306 5403 validum
1337 5354 1432 5396 aut
1459 5341 1705 5397 itnbccd-

1820 3239 1942 3282 men
1966 3227 2216 3278 eumdem
2245 3223 2480 3278 natalem
2503 3224 2706 3279 ChriSli
2731 3225 2872 3278 diem
2904 3225 2954 3277 iu
2985 3240 3186 3278 anuunt
3213 3225 3404 3280 subse-

1816 3305 2076 3364 quentem
2116 3296 2325 3364 rejicit:
2375 3314 2392 3345 ι
2422 3296 2634 3364 Aunus,
2667 3295 2953 3366 inquit",
2990 3295 3102 3363 jam
3134 3293 3402 3366 agebatur

1816 3367 2087 3420 secundus
2111 3366 2644 3435 etquadragesimus
2683 3365 2892 3435 imperii
2924 3365 3234 3435 Augusti.A
3266 3365 3402 3422 sub-

1817 3447 1937 3490 acta
1983 3446 2165 3491 autem
2209 3436 2464 3506 Egypto,
2496 3445 2550 3490 et
2571 3435 2640 3489 ab
2665 3436 2894 3506 interitu
2917 3437 3139 3489 Antonii
3166 3446 3220 3490 et
3250 3438 3402 3490 Cleo-

1814 3517 2010 3574 patras,
2051 3507 2103 3560 in
2134 3522 2236 3576 qua
2289 3504 2707 3561 Ptolemzeorum
2739 3508 2791 3560 in
2833 3504 3069 3576 Egypto
3099 3507 3398 3560 dominatio

1817 3577 2003 3645 desiit.
2036 3587 2262 3632 octavus
2296 3593 2360 3630 ac
2395 3579 2686 3645 vigesimus
2714 3593 2728 3642 ;
2769 3591 2892 3631 cum
2922 3579 3184 3631 Servator
3213 3586 3400 3630 noster

1815 3644 1974 3718 Jesus
2001 3647 2249 3701 Christus
2279 3644 2468 3718 prima
2490 3646 2576 3698 illa
2618 3647 2989 3716 descriptione
3026 3661 3245 3706 census.
3276 3663 3398 3715 quae

1817 3716 1965 3771 facta
1992 3728 2076 3772 est
2099 3716 2348 3784 Quirinio
2372 3716 2546 3787 Syria}
2572 3718 2915 3787 prmsidente,
2940 3718 3242 3787 secundum
3275 3733 3401 3786 pro-

1816 3788 2103 3858 phetarum
2123 3789 2189 3840 de
2229 3788 2318 3843 illo
2335 3784 2610 3858 vaticinia,
2639 3790 2690 3840 in
2728 3786 3040 3858 Bethlehem
3071 3784 3396 3858 Judazrena-

1821 3855 1907 3914 tus
1936 3868 2041 3913 est.
2068 3877 2088 3911 ι
2127 3859 2492 3926 Quamobrem
2524 3857 2578 3910 in
2627 3872 2743 3926 eius
2784 3855 3046 3912 Chronico
3073 3856 3161 3910 hic
3189 3857 3396 3913 Christi

1819 3929 2018 3983 natalis
2043 3945 2218 3984 annus
2241 3931 2360 3998 ipso
2382 3929 2800 3997 quadragesimo
2818 3934 3056 3982 secundo
3074 3927 3399 3998 imperantis

1814 4002 2043 4070 Augusti
2077 4015 2220 4053 anno
2252 3997 2626 4070 eonsignatur.
2655 3998 2893 4070 Eusebio
2919 4013 3027 4052 non
3063 3999 3233 4051 semel
3260 3997 3394 4069 Epi-

1813 4066 2056 4140 phanius
2087 4071 2286 4140 aliique
2308 4066 2860 4140 subscripserunt”.

1885 4139 2248 4208 Quamobrem
2280 4139 2567 4204 llervetus,
2589 4138 2826 4202 Eusebii,
2856 4138 2930 4191 uti
2951 4137 3052 4207 ipsi
3078 4136 3392 4206 videbatur,

1815 4213 2140 4265 auctoritate
2162 4212 2358 4276 fretus,
2387 4219 2644 4278 ratusque
2665 4218 2978 4278 corruptum
3003 4224 3123 4264 esse
3142 4208 3393 4264 Graecum

1814 4283 2113 4337 Clementis
2154 4292 2386 4346 textum,
2418 4296 2516 4349 pro
2550 4298 2568 4330 ι
2592 4279 2853 4350 vigesimo
2893 4288 3086 4333 octavo
3113 4295 3254 4333 anno
3280 4283 3395 4332 Au-

1815 4355 1988 4420 gusti,
2019 4371 2038 4405 ι
2088 4352 2844 4422 legendum:quadragesimo
2887 4350 3066 4422 primo
3105 4364 3246 4422 anno
3281 4350 3393 4402 Au-

1816 4419 1980 4492 gusti,
2017 4441 2036 4474 i
2069 4419 2392 4492 persuasum
2427 4419 2500 4476 ita
2530 4419 2740 4486 habuit,
2761 4430 2826 4492 ot
2853 4421 3103 4492 eumdem
3135 4419 3391 4492 Clemen-

1740 4499 1785 4554 D
1816 4487 1884 4548 [is
1919 4487 2124 4547 textum
2158 4508 2322 4547 ausus
2345 4491 2512 4546 fuerit
2540 4493 2590 4544 in
2629 4507 2724 4544 sua
2760 4489 3214 4558 interpretatione
3242 4487 3394 4543 Lati-

1813 4581 1882 4619 na
1912 4566 2222 4618 immutare.
2264 4563 2371 4618 Sed
2417 4576 2726 4632 perperam.
2757 4558 3045 4632 Nesciebat
3074 4562 3220 4614 enim
3252 4561 3342 4614 ille
3371 4598 3390 4626 ,

1814 4645 1907 4688 ant
1936 4643 2082 4688 certe
2104 4635 2347 4688 animum
2375 4631 2479 4688 nun
2507 4633 2840 4694 adverterat,
2869 4631 3011 4698 quod
3036 4641 3214 4684 tamen
3243 4633 3388 4699 apud

1815 4705 2183 4774 chronologos
2213 4704 2436 4773 vulgare
2473 4711 2529 4757 et
2576 4703 2762 4755 tritum
2799 4711 2883 4754 est
2912 4740 2927 4764 ,
2959 4702 3066 4774 duo
3095 4702 3150 4774 in
3199 4701 3392 4774 primis

1813 4790 1936 4830 esse
1972 4770 2251 4828 Octaviani
2297 4770 2508 4844 iinperii
2557 4774 2745 4844 initia,
2785 4787 2951 4844 unum
2979 4771 3194 4844 quidem
3232 4770 3389 4844 ipso,

1814 4848 1898 4900 vel
1933 4847 2181 4915 sequenti
2223 4840 2389 4908 anno,
2431 4860 2538 4914 quo
2572 4842 2746 4898 Julius
2785 4841 2968 4896 Caesar
2995 4843 3209 4915 occisus
3239 4840 3385 4915 fuit;

1815 4911 2044 4969 alterum
2079 4930 2208 4968 vero
2245 4916 2314 4968 ab
2340 4911 2562 4970 Actiaca
2601 4915 2851 4974 victoria,
2885 4927 2978 4964 seu
3009 4919 3126 4980 post
3161 4911 3388 4964 Antonii

1809 4997 1863 5040 et
1896 4989 2202 5055 Cleopatra:
2237 4995 2490 5048 tnortem,
2528 4989 2747 5054 quando
2777 4986 3055 5055 Augustus
3081 4995 3259 5033 rerum
3286 4995 3381 5055 po-

1813 5059 1946 5110 titus
1978 5051 2082 5112 es't.
2122 5059 2203 5110 Ab
2241 5056 2345 5110 hoc
2378 5051 2564 5110 autem
2592 5065 2801 5108 tantum
2853 5051 3096 5106 secundo
3130 5051 3390 5119 temporis

1811 5139 2011 5196 puncto
2036 5167 2052 5191 ,
2085 5126 2338 5201 Clemens
2365 5135 2426 5201 et
2461 5127 2749 5201 populares
2796 5123 2915 5201 ejus
2957 5120 3196 5201 Egypt-ii
3226 5121 3388 5201 ,.qui

1812 5194 1964 5261 tunc,
2003 5207 2140 5252 teste
2182 5197 2432 5262 Eusebio,
2463 5194 2656 5251 relicta
2695 5194 3106 5248 Ptolemaaoruut
3135 5194 3387 5245 domina-

1810 5270 1979 5330 tione,
2010 5269 2065 5321 in
2093 5270 2320 5338 Augusti
2348 5272 2853 5338 potestatemerant
2878 5263 3107 5323 redacti,
3143 5262 3390 5338 solebant

1810 5339 1952 5394 illius
1983 5339 2141 5410 172
2180 5331 2401 5408 imperii
2447 5336 2745 5407 primordia
2789 5345 3124 5402 computare.
3172 5331 3238 5385 Et
3269 5332 3387 5386 haec

207 5511 250 5542 ¹⁸
300 5513 354 5568 in
391 5516 522 5569 Dan.
549 5528 598 5570 c.
635 5530 710 5569 ix.
789 5512 834 5545 ⁸⁸
864 5513 1011 5568 llier.
1067 5512 1118 5566 in
1165 5527 1217 5568 c.
1279 5527 1336 5566 ix
1366 5510 1596 5575 .Daniel.
1640 5510 1832 5565 Euseb.
1865 5509 1900 5562 1.
1943 5523 2036 5563 vni
2070 5508 2144 5562 De
2177 5508 2474 5562 demonsu.
2517 5517 2734 5571 evang.,
2769 5514 2818 5554 c.
2850 5499 2904 5551 2.
2941 5494 3088 5552 Scal.
3130 5492 3166 5547 l.
3199 5508 3295 5575 vi.“
3311 5491 3385 5575 De

140 5591 351 5638 emend.
388 5597 513 5639 tem.
547 5602 599 5654 p.
629 5586 732 5640 526
761 5595 816 5640 et
844 5600 961 5654 seq.
1008 5583 1196 5638 Petav.
1234 5583 1271 5637 Ι.
1306 5583 1512 5654 ιιιηυθ
1541 5591 1712 5636 uoctr.
1750 5591 1913 5650 temp.
1960 5597 2011 5634 c.
2040 5579 2108 5632 50
2146 5586 2203 5654 et
2240 5593 2355 5654 seq.
2415 5575 2574 5654 llu_et.
2618 5575 2898 5654 υυιιξεῐλδι.
2935 5583 3033 5654 ,εξῇ
3059 5581 3120 5654 ,ρ

141 5651 569 5778 ῖείιι-έξςυιτυῖιέλ
597 5651 1525 5778 ἑιιθῆῗὲίῖεῗίῗπέἓςῳίῗῗῖέέἆῗ
1550 5668 1751 5778 rut.-
1969 5667 2100 5776 ius

1364 5741 1522 5777 el'tltl.
1562 5741 1596 5776 Ι.
1632 5741 1756 5778 aur.
1791 5741 1943 5784 JUtl.,
1976 5741 2030 5788 c.
2068 5741 2120 5776 δ.
2205 5741 2243 5749 ’ν
2292 5741 2486 5772 uitauit.
2521 5741 2556 5767 ι.
2599 5741 2611 5766 ι
2676 5741 2838 5771 ιιιδιο,
2865 5741 2915 5764 ι.
2953 5743 2959 5758 η

1441 5812 1493 5866 p.
1547 5796 1672 5862 4H,
1708 5807 1760 5848 et
1791 5796 1828 5847 l.
1870 5793 1944 5848 De
1987 5794 2213 5863 pou'lcr.
2249 5802 2300 5842 et
2345 5806 2516 5845 mens.
2564 5782 2591 5854 ᾗ
2626 5785 2706 5848 ll,
2745 5799 2796 5852 p.
2837 5782 2959 5834 169.

144 5719 182 5748 ¹⁷
220 5719 358 5779 lren.
406 5727 443 5780 ι.
480 5741 562 5791 ttt,
597 5719 941 5782 adt-hones.
975 5741 1024 5780 c.
1057 5725 1148 5779 25.

151 5796 342 5861 “mres.
408 5822 455 5871 ρ,
510 5805 576 5857 48
640 5814 693 5859 et
755 5803 846 5860 5‘2
884 5803 1035 5872 Αῑοίζο
1107 5797 1133 5870 §
1207 5801 1275 5856 29-
1319 5848 1332 5871 ,

3127 5603 3142 5618 .
3191 5563 3298 5616 455
3326 5570 3386 5616 et

2935 5638 2977 5670 ¹⁸
2999 5633 3130 5692 Ibid.
3167 5652 3219 5704 p.
3250 5633 3382 5689 340.

2163 5648 2206 5678 ¹³
2249 5640 2456 5701 Strom.
2493 5647 2526 5696 Ι.
2568 5659 2606 5707 t,
2645 5661 2700 5711 p.
2728 5640 2854 5694 559.
2935 5640 3130 5692 "Ibid.
3167 5652 3219 5704 p.
3250 5640 3336 5686 3M

2203 5719 2244 5749 ’³
2292 5719 2486 5772 Euseb.
2521 5716 2556 5767 Ι.
2598 5731 2611 5766 ι
2676 5712 2838 5771 llist.,
2865 5724 2915 5764 c.
2953 5709 3007 5764 5.
3082 5708 3128 5740 ’⁸
3163 5704 3336 5774 Epiph

2203 5719 2244 5749 ’³
2292 5719 2486 5772 Euseb.
2521 5716 2556 5767 Ι.
2598 5731 2611 5766 ι
2647 5709 2838 5771 illisu,
2865 5724 2915 5764 c.
2953 5709 3007 5764 5.
