3924 6306
202 244 335 300 “'29

195 435 387 506 ptisnia
411 436 564 506 quasi
591 437 808 504 triginta
834 450 1094 506 annorum
1113 435 1176 490 “.
1204 453 1222 485 ι
1250 437 1506 489 continuo
1529 435 1752 504 subjun-

194 504 271 576 git
295 505 337 535 "
369 523 383 558 ι
414 523 450 576 Ci
481 504 544 576 Et
575 506 712 566 quod
764 519 906 559 anno
928 505 1048 576 solo
1072 513 1348 576 oporteret
1401 520 1525 576 eum
1559 507 1752 574 praedi-

193 574 343 637 care,
373 575 465 627 καὶ
484 575 574 647 ,ὅτι
601 576 844 629 ἐνιαυτὸν
872 574 1160 647 μόνον-εδει
1183 575 1342 628 αὐτὸν
1365 574 1622 647 κηρύξαι,
1654 578 1754 631 hoc

196 660 416 714 quoque
449 646 528 697 sic
569 647 823 712 seiiptum
857 655 971 699 est:
1008 645 1214 698 Annum
1251 645 1617 711 acceptabilem
1646 647 1754 700 Do-
1795 657 1800 662 ‘

193 716 323 767 mini
355 714 705 784 prdidit-attint,
732 717 868 768 misit
908 732 989 768 me
1012 717 1078 767 ’⁸.
1115 715 1224 768 Hoc
1247 726 1300 769 et
1332 716 1590 784 propheta
1620 718 1754 771 dixit

194 794 247 838 et
281 785 648 853 Evangeliutn.
679 783 875 849 Quinto
902 785 1107 838 decimo
1139 800 1269 854 ergo
1298 783 1443 838 anno
1471 784 1671 840 Tiberii
1699 796 1755 841 et

195 856 386 923 quinto
421 854 631 907 decimo
657 855 903 922 Augusti,
939 856 1017 908 sic
1051 856 1342 924 implentur
1371 856 1592 922 triginta
1623 859 1751 911 anni

197 939 368 993 usque
419 925 485 976 ad
520 935 728 993 tempus
780 941 886 993 quo
939 940 1126 994 passus
1187 933 1350 994 ρει.»
1410 924 1554 979 Nihil
1608 937 1756 981 certe

197 995 284 1048 his
330 995 512 1064 verbis
555 995 753 1064 clarius
797 1005 851 1048 et
893 996 1220 1062 expressius.
1269 993 1460 1048 Verum
1493 1010 1603 1064 quo
1647 997 1755 1049 cla-

199 1066 345 1116 riora
381 1063 820 1134 cvidcntioraque
863 1075 1022 1126 sunt,
1059 1081 1124 1119 eo
1168 1073 1317 1119 certe
1357 1063 1551 1134 majori
1582 1065 1756 1119 admi-

200 1135 408 1186 ratione
458 1148 644 1187 onines
685 1133 819 1188 aﬂici
854 1136 1068 1188 debent.
1121 1135 1315 1200 Ecquis
1343 1133 1470 1188 vero
1517 1151 1621 1188 non
1656 1138 1756 1188 nii-

199 1204 410 1274 rabitur
435 1203 704 1272 quomodo
744 1205 920 1274 quivis
963 1204 1304 1258 Christianus
1350 1205 1542 1268 homo,
1568 1204 1753 1259 Evan-

197 1273 466 1344 gelioruui
508 1274 742 1328 lectione
767 1273 850 1326 vel
897 1275 1174 1329 levissima
1222 1275 1494 1340 imbutus,
1540 1290 1604 1328 ac
1631 1291 1757 1344 pro-

201 1342 531 1414 iutteimulto
563 1346 736 1412 magis
788 1344 1034 1399 Clemens
1075 1353 1292 1409 noster,
1343 1355 1449 1397 tam
1495 1342 1755 1414 praic’lara

197 1413 503 1465 eruditione
560 1422 615 1466 et
670 1415 914 1468 doctrina
973 1415 1262 1478 excultus,
1318 1415 1370 1467 in
1427 1413 1754 1470 sententiam

200 1483 388 1554 iisdem
423 1482 730 1551 Evangeliis
761 1486 894 1540 adeo
919 1486 1246 1540 contrariam
1279 1495 1330 1539 et
1361 1496 1752 1554 repugnantem

198 1553 352 1605 abire
382 1554 616 1619 potuerit
640 1553 662 1605 Ἰ

267 1623 488 1694 Auctori
539 1622 888 1694 nihilominus
951 1634 1137 1680 nostro
1191 1621 1470 1694 suu‘ragari
1536 1625 1753 1679 videtur

198 1690 483 1758 Origenes,
508 1691 662 1759 cujus
685 1696 796 1748 huic
827 1704 950 1749 sunt
972 1694 1132 1749 verba
1151 1696 1194 1727 "
1218 1712 1231 1748 :
1254 1711 1273 1746 ι
1299 1690 1553 1748 Indicium
1577 1708 1752 1749 autem

197 1765 384 1815 etI'usic
417 1764 603 1830 gratiae.
637 1766 688 1817 in
731 1764 888 1838 labiis
933 1765 1089 1838 ejus,
1133 1765 1232 1820 lioe
1279 1775 1362 1838 est
1411 1766 1554 1832 quod
1597 1765 1747 1838 brevi

199 1845 440 1903 tempore
471 1841 746 1887 transacto
777 1837 956 1901 (anno
986 1836 1126 1890 enim
1163 1849 1217 1889 et
1243 1836 1443 1903 aliquot
1479 1836 1751 1891 mensibus

194 1899 428 1972 docuit)
477 1899 992 1959 universus'tamen
1052 1907 1199 1958 orbis
1255 1899 1497 1959 doctrina
1542 1916 1595 1959 et
1649 1906 1753 1961 ﬁth

197 1974 414 2093 rietatis
452 1973 566 2041 ejus
600 1973 846 2042 impletus
877 1985 979 2028 est.
1011 1993 1031 2028 ι
1073 1975 1286 2029 Scimus
1316 1974 1530 2042 quidem
1559 1977 1666 2030 alio
1699 1977 1750 2029 iii

223 2044 338 2093 ibro
359 2042 404 2074 ³ο
440 2043 579 2093 inter
611 2044 730 2093 eius
775 2059 939 2093 onera
971 2045 1114 2093 edito
1148 2055 1256 2093 tres
1295 2059 1465 2093 annos
1506 2055 1560 2093 et
1590 2047 1750 2093 dimi-

223 2044 338 2112 ibro
359 2042 404 2074 '°
440 2043 579 2096 inter
611 2044 730 2111 ejus
775 2059 939 2112 opera
971 2045 1114 2099 edito
1148 2055 1256 2099 tres
1295 2059 1465 2098 annos
1506 2055 1560 2099 et
1590 2047 1750 2100 dimi-

198 2111 348 2164 dium
375 2113 575 2167 Chi-isti
607 2111 1073 2180 pi-redicationibus
1110 2115 1250 2168 hunc
1288 2114 1338 2167 in
1374 2121 1588 2169 modum
1617 2117 1754 2170 assi-

197 2184 351 2250 gnari
394 2200 408 2236 :
449 2201 468 2233 ‹
489 2183 791 2236 Debuerant
821 2187 897 2246 hi,
927 2185 1015 2252 qui
1056 2193 1167 2239 tres
1203 2199 1374 2239 annos
1402 2195 1456 2239 et
1475 2185 1752 2239 dimidium

200 2253 367 2306 fuisse
400 2254 672 2322 passionis
700 2253 800 2307 Job
831 2264 1099 2320 astruunt,
1134 2264 1242 2309 tres
1275 2269 1486 2308 menses
1517 2264 1571 2309 et
1597 2255 1754 2309 dimi-

197 2322 346 2394 dium
377 2327 595 2386 dicere;
636 2333 694 2377 ut
725 2334 869 2377 certe
901 2325 983 2377 vel
1007 2339 1070 2378 ex
1102 2334 1250 2394 parte
1285 2325 1496 2378 veritati
1527 2339 1631 2378 non
1669 2341 1754 2380 re-

201 2393 481 2464 sisterent,
508 2403 564 2447 et
592 2394 926 2448 Dominicum
956 2393 1257 2464 exemplum
1288 2395 1415 2447 illud
1440 2396 1754 2449 consimile-

201 2473 348 2534 rent.
377 2462 574 2518 Tribus
616 2479 850 2534 namque
897 2466 1052 2518 annis
1087 2462 1140 2518 et
1175 2464 1397 2518 dimidio
1442 2466 1755 2533 praedicavit

203 2531 458 2604 Dominus
487 2551 514 2586 a
560 2531 828 2602 baptismo
877 2549 1046 2604 usque
1086 2534 1138 2588 iii
1188 2531 1521 2604 passionem.
1569 2538 1660 2589 Sic
1699 2544 1754 2589 et

203 2601 317 2668 ipsa
357 2603 582 2658 historia
628 2601 734 2659 non
771 2619 879 2659 ires
916 2601 1086 2659 annos
1127 2601 1395 2672 signiﬁcat
1419 2645 1434 2670 ,
1465 2606 1560 2660 sed
1593 2606 1755 2661 breve

202 2673 465 2726 mensium
517 2684 792 2737 tempus.»
843 2675 950 2728 Sed
1009 2674 1234 2742 hujusce
1280 2676 1752 2730 commentationis

203 2751 392 2814 auctor
415 2760 538 2798 cum
569 2745 703 2800 alius
728 2747 946 2800 omnino
970 2748 1036 2799 ab
1064 2747 1294 2813 Origene
1318 2747 1410 2810 sit,
1441 2745 1569 2798 nulli
1598 2747 1756 2814 plane

202 2812 399 2866 mirum
431 2815 700 2868 videbitur
731 2818 776 2868 si
829 2831 857 2867 a
901 2815 1036 2868 falsa
1067 2812 1184 2881 ejus
1208 2815 1459 2883 opinione
1487 2812 1750 2874 discedat.

200 2893 296 2936 aut
323 2897 443 2936 eam
475 2885 706 2953 corrigat
737 2895 793 2938 et
818 2886 1087 2940 emendet.

276 2952 649 3007 'I‘ertullianus
675 2963 878 3019 tamen,
912 2955 1053 3008 sicut
1082 2952 1365 3022 Origenes,
1399 2953 1611 3007 videtur
1635 2952 1756 3007 Cle-

203 3023 402 3093 mentis
447 3025 618 3077 nostri
665 3023 947 3078 sententiae
981 3026 1062 3078 bis
1108 3025 1288 3078 verbis
1319 3023 1641 3093 patrocinari
1665 3023 1750 3076 "z

208 3092 402 3165 {Post
433 3096 765 3163 Augustum,
796 3096 888 3163 qui
912 3095 1209 3165 supervixit
1255 3082 1374 3162 post
1418 3094 1754 3148 nativitatem
1784 3082 1826 3139 C

204 3161 440 3230 Christi,
477 3161 601 3217 anui
633 3161 938 3228 quindecim
977 3161 1329 3220 ’etliciuntiir:
1361 3165 1450 3219 cui
1494 3167 1757 3218 successit

207 3231 458 3308 'I‘iiierius
492 3234 705 3308 Caesar,
739 3244 796 3290 et
832 3238 1115 3308 imperium
1162 3235 1534 3308 liabuitaii_iiis
1564 3234 1754 3308 viginti

205 3304 331 3366 duo,
363 3307 636 3359 mensibus
668 3322 871 3375 septeni
891 3304 921 3371 ,⁷
940 3308 1056 3360 dies
1105 3319 1318 3360 novem.
1356 3304 1523 3373 Hujus
1569 3304 1758 3374 quinto

205 3375 417 3446 decimo
439 3391 582 3429 anno
609 3377 818 3443 imperii
843 3391 1032 3446 passus
1059 3386 1142 3430 est
1161 3377 1431 3439 Christus,
1456 3390 1629 3446 annos
1657 3377 1758 3430 ba-

205 3443 340 3498 bens
388 3447 543 3514 quasi
588 3447 804 3514 triginta
829 3443 858 3514 ,“
891 3463 1012 3503 cuin
1067 3457 1357 3515 pateretur.
1390 3466 1408 3498 ι
1439 3445 1756 3502 Africanum

204 3527 419 3584 quoque
469 3531 534 3570 ac
573 3515 915 3571 Lactantium
967 3516 1297 3571 'l‘ertulliano
1333 3531 1589 3571 assensos
1635 3531 1758 3571 esse

206 3585 328 3656 ideo
351 3586 567 3655 quidam
583 3589 754 3652 aiunt,
775 3588 900 3655 quia
918 3596 1142 3656 uterque
1162 3586 1432 3641 Christum
1450 3597 1640 3656 quinto
1661 3588 1758 3639 de-

201 3654 344 3725 cimo
361 3656 561 3711 Tiberii
579 3671 724 3710 anno
740 3674 768 3710 a
793 3654 998 3713 ’Judaiis
1015 3654 1353 3710 interfectum
1387 3654 1671 3725 perhibent
1689 3656 1755 3710 ³³.

205 3723 405 3778 Verum
435 3737 809 3798 ipraiterquain
838 3729 978 3798 quod
1025 3728 1078 3780 in
1107 3727 1294 3781 Graeco
1321 3723 1586 3798 Africani
1612 3737 1757 3780 textu

201 3798 404 3863 legitur
427 3796 810 3852 ἑκκαιδέκατον
835 3796 1139 3860 {decimum
1174 3806 1384 3852 sextum
1409 3837 1424 3861 ,
1455 3797 1544 3866 qui
1576 3796 1628 3849 in
1659 3812 1758 3850 an-

203 3883 336 3940 num
367 3869 663 3931 secundum
707 3870 917 3940 Olyinp.
950 3883 1053 3923 ccu
1097 3870 1170 3940 ab
1204 3868 1293 3920 illo
1335 3877 1646 3921 memorata:
1677 3869 1761 3920 iti-

200 3938 360 4009 eidit,
388 3949 577 3993 neuter
621 3953 753 3994 sane
776 3937 886 4009 quo
918 3953 1062 3992 anno
1087 3937 1336 3992 Christus
1365 3948 1609 3993 mortuus
1651 3947 1759 4004 est,

203 4008 403 4061 ibidem
433 4009 637 4063 delinit.

277 4077 386 4132 Fac
418 4091 595 4134 tamen
631 4079 749 4133 illos
777 4093 986 4143 omnes,
1016 4089 1180 4149 atque
1205 4078 1365 4133 etiam
1381 4077 1758 4145 Gaudentium,

203 4147 502 4203 Clementis
521 4153 690 4204 nostri
717 4151 956 4220 Opinioni
987 4147 1392 4217 subacripsisse,
1423 4150 1553 4203 nulli
1581 4159 1759 4204 tamen

205 4220 334 4272 inde
357 4235 475 4272 eam
503 4235 684 4273 veram
711 4235 832 4274 esse
858 4234 1091 4288 unquam
1122 4221 1456 4288 probabitur.
1483 4220 1559 4272 Ex
1589 4224 1763 4275 sacris

206 4290 474 4356 siquidem
502 4289 809 4360 @vatigeliis
826 4291 987 4357 plane
1013 4301 1225 4344 constat
1271 4293 1371 4343 tria
1399 4302 1456 4344 ut
1480 4292 1760 4344 minimum

202 4375 236 4414 a
270 4361 488 4413 Christo
516 4358 749 4415 Domitio
785 4371 904 4430 post
927 4363 1252 4428 baptismum
1292 4363 1572 4429 pascbata,
1599 4372 1763 4430 atque

1381 241 1468 296 DE
1507 242 1728 300 LIBRIS
1767 241 2208 299 STROMATUM.

196 364 421 437 protulit
443 364 604 437 Luca:
625 364 785 419 verba
809 383 823 420 :
857 381 874 415 i
895 364 961 418 Et
985 375 1106 418 erat
1120 363 1286 437 {esus
1317 368 1538 421 veniens
1567 369 1642 437 ad,
1665 370 1753 421 ba-
1783 376 1824 432 Α

3274 245 3412 300 1150

1926 369 2111 436 Itaque
2141 366 2435 422 Clementis
2477 365 2645 422 nostri
2675 364 3040 436 hallucinatio,
3060 363 3281 436 tametsi
3310 380 3413 418 ex-

1857 433 2035 491 cnsari
2061 438 2283 492 omnino
2309 449 2562 506 nequeat,
2596 451 2661 490 eo
2686 447 2863 492 tamen
2892 451 2921 490 a
2954 435 3183 506 benigno
3211 433 3412 489 lectore

1857 507 2024 561 minui
2056 509 2286 574 poterit,
2316 505 2457 576 quoii
2491 507 2580 562 ille
2623 516 2908 576 postquam
2955 505 3229 576 Christum
3264 519 3411 576 anno

1857 579 2061 632 Tiberii
2087 578 2298 633 decimo
2328 573 2516 646 quinto
2541 573 2685 631 cruci
2715 573 2883 631 fuisse
2920 574 3134 629 allixum
3165 573 3414 644 dixisset,

1859 648 2086 701 aliorum
2121 660 2368 703 recenset
2398 650 2702 716 opiniomis,
2747 648 2838 716 qui
2887 647 3054 713 ipsius
3094 653 3322 716 mortem
3359 646 3411 700 in

1856 719 2274 786 subsequentem
2296 714 2494 772 annum
2529 714 2876 787 rejiciendam
2905 724 3246 788 putaverant.
3269 714 3414 769 Prte-

1857 785 2166 842 statauteni
2197 789 2425 857 ipsamet
2452 785 2746 842 Clementis
2784 787 2834 840 in
2869 785 3100 857 medium
3141 785 3413 857 adducere

1857 859 2041 923 verba,
2075 855 2271 924 quibus
2298 867 2352 912 et
2380 857 2618 925 ejusdem
2646 857 2846 910 Christi
2885 855 3076 909 mortis
3103 867 3208 907 n0n
3240 855 3411 910 solum

1859 941 2052 991 annus,
2084 927 2176 981 sed
2199 928 2359 981 etiam
2383 929 2498 982 dies
2517 927 2704 980 abillis
2722 928 3027 994 assignatus
3051 938 3411 982 memoratur:

1861 1015 1880 1049 ι
1920 997 1984 1051 Ει
2014 999 2079 1052 de
2108 997 2245 1064 ejus,
2275 998 2450 1066 inquit
2479 997 2566 1051 ille
2587 997 2654 1061 ³⁸,
2684 997 2931 1066 passione
2960 995 3413 1066 subtilius_disse-

1858 1077 2076 1130 rentes,
2125 1067 2291 1136 aliqui
2320 1064 2536 1136 quidem
2573 1064 2726 1121 sexto
2756 1066 2966 1122 decimo
3022 1081 3164 1136 anno
3211 1064 3413 1122 Tiberii

1855 1136 2086 1192 Caesaris
2109 1177 2123 1201 ,
2153 1135 2414 1207 vigesimo
2444 1138 2632 1207 quinto
2657 1137 3013 1207 Phanemotb,
3057 1135 3144 1188 alii
3177 1149 3302 1207 vero
3333 1141 3412 1189 vi-

1860 1207 2065 1277 gesimo
2094 1205 2283 1277 quinto
2308 1205 2649 1273 ΡΙιιιιιιιιιιΙιί,
2688 1207 2776 1260 alii
2815 1221 2942 1277 vero
2990 1205 3304 1277 Pharmtitlii
3332 1209 3414 1262 vi-

1861 1275 2069 1347 gesimo
2099 1275 2239 1332 nono
2273 1277 2460 1332 dicunt
2488 1293 2701 1344 passum
2732 1291 2853 1332 esse
2880 1275 3185 1347 Dominum.
3219 1293 3237 1326 ι
3266 1275 3333 1330 At
3359 1277 3412 1332 bi

1856 1343 2099 1412 nienses,
2133 1348 2207 1402 titi
2240 1348 2349 1418 jam
2399 1364 2427 1402 a
2480 1343 2636 1418 nobis
2675 1348 3016 1418 observatum
3044 1385 3058 1410 ,
3084 1343 3411 1418 ΔιλΕεξγμιῙιιεί

1854 1426 2015 1487 sunt.
2058 1415 2286 1487 quorum
2315 1418 2522 1487 primus
2560 1416 2896 1487 Phaneniotli
2928 1415 3196 1487 vigesimo,
3227 1415 3415 1484 quinto

1857 1485 2182 1552 Februarii,
2231 1485 2504 1542 secundus
2557 1496 2736 1540 autem
2799 1485 3116 1540 Pharmutbi
3152 1486 3415 1554 vigesimo

1855 1558 2084 1624 septimo
2119 1558 2295 1612 Martii
2320 1558 2531 1610 initium
2562 1556 2811 1612 ducebat.
2846 1556 3212 1624 Quamobrem
3236 1570 3301 1610 ex
3331 1558 3415 1610 his

1856 1627 2021 1695 aliqui
2054 1628 2328 1683 Christum
2381 1627 2639 1694 vigesima
2687 1627 2863 1694 prima
2915 1625 3092 1695 Martii
3143 1627 3229 1679 die
3260 1666 3276 1687 ,
3322 1627 3415 1680 alii

1858 1694 2034 1750 autem
2065 1700 2348 1768 vigesima,
2383 1707 2479 1750 aut
2524 1698 2775 1768 vigesima
2807 1704 2995 1766 quarta
3043 1694 3242 1763 Aprilis
3271 1711 3420 1768 mor-

1860 1778 2007 1820 tuum
2039 1767 2156 1823 esse
2185 1768 2593 1823 existimabant.
2631 1767 2684 1819 In
2709 1781 2871 1835 quam
2897 1780 3061 1835 porro
3089 1767 3416 1821 sententiain

1856 1837 2104 1908 Clemens
2143 1838 2497 1908 propendeat,
2532 1837 2762 1908 ipsemet
2790 1839 2989 1892 ibidem
3024 1837 3242 1905 penitus
3267 1837 3410 1908 silet.

1857 1907 2229 1962 Cznteriim’in
2277 1921 2342 1961 eo
2386 1922 2493 1976 quo
2544 1907 2793 1962 Christus
2836 1915 3084 1961 mortuus
3134 1915 3220 1960 est
3268 1907 3416 1961 desi-

1859 1979 2073 2045 gnando
2102 1978 2190 2033 die
2223 1976 2574 2032 eruditissimi
2607 1984 2807 2030 nostrae
2831 1985 2882 2030 et
2915 1976 3210 2046 superioris
3241 1979 3418 2032 :etatis

1859 2047 2154 2115 scriptores
2179 2062 2284 2101 non
2316 2061 2505 2115 parum
2534 2061 2563 2099 a
2593 2046 2786 2115 seipsis
2813 2047 3096 2102 dissident.
3123 2046 3226 2100 Alii
3251 2047 3421 2113 siqui-

1858 2117 1978 2168 dem
2002 2132 2067 2170 ex
2095 2117 2390 2180 constanti,
2416 2127 2476 2170 ut
2506 2117 2678 2181 aiunt,
2709 2131 2805 2185 per
2830 2119 2927 2170 tria
2956 2117 3137 2186 priora
3165 2116 3420 2173 Ecclesiae

1859 2190 2055 2257 saacnla
2092 2187 2381 2242 traditione
2414 2189 2500 2242 die
2537 2184 2796 2257 vigesima
2829 2184 3028 2257 quinta
3050 2184 3226 2240 Martii
3255 2225 3272 2253 ,
3324 2189 3417 2242 alii

1859 2254 1947 2326 die
1974 2258 2231 2325 vigesima
2259 2257 2414 2312 tertia
2441 2254 2683 2324 ejusdém
2712 2254 2933 2326 mensis.
2963 2256 3054 2310 alii
3083 2258 3236 2310 tertia
3262 2258 3391 2326 Apri

1860 2325 1947 2396 iis.
1977 2329 2057 2380 vel
2087 2329 2253 2381 etiam
2288 2327 2397 2382 alio
2426 2329 2510 2382 die
2539 2342 2662 2381 eum
2710 2341 2738 2378 a
2789 2325 2989 2382 Judaeis
3036 2327 3418 2396 interemptum

1860 2395 2027 2467 fuisse
2060 2407 2394 2453 asseverant.
2446 2397 2549 2452 Sed
2599 2397 2768 2451 haece
2801 2399 2866 2452 de
2896 2397 3192 2467 quazstione
3225 2395 3420 2466 pra-ter

1859 2465 2056 2538 c_itatos
2087 2482 2115 2518 a
2151 2468 2304 2538 nobis
2335 2468 2618 2538 superiore
2649 2467 2879 2522 articulo
2913 2465 3193 2533 auctores,
3226 2465 3420 2538 legesis

1859 2532 2084 2608 Gerardi
2131 2537 2298 2590 Vossii
2329 2532 2553 2592 dissert.
2589 2536 2665 2608 ρο
2691 2538 2846 2608 annis
2889 2539 3078 2608 quibus
3113 2532 3305 2604 natus,-
3325 2538 3420 2592 ba-

1857 2605 2083 2730 gizalus
2114 2616 2435 2688 carnarium
2475 2617 2552 2661 est
2589 2604 2832 2688 Christus
2862 2646 2877 2672 ,
2901 2604 2958 2688 et
2997 2607 3323 2663 Ilenschenii
3353 2623 3421 2663 ac

1904 2677 2213 2730 aoebroeliii
2242 2678 2309 2730 ad
2345 2676 2414 2730 25
2443 2678 2623 2730 Martii
2653 2679 3081 2730 obserVationes.

1904 2677 2213 2732 aDebroeliii
2242 2678 2309 2731 ad
2345 2676 2414 2731 25
2443 2678 2623 2731 Martii
2653 2679 3081 2732 obserVationes.

1973 2755 2209 2800 ostremo
2257 2761 2423 2800 unum
2475 2755 2650 2800 restat
2693 2761 2724 2801 a
2773 2748 2927 2801 nobis
2981 2745 3420 2800 animadverten-

1859 2815 2007 2879 dum,
2032 2817 2175 2886 quod
2197 2816 2261 2871 de
2283 2817 2472 2870 mortis
2491 2817 2691 2871 Christi
2714 2818 2845 2871 hora
2869 2816 3124 2886 Clemens
3135 2815 3328 2886 alit-ubi
3347 2817 3415 2883 ³⁸,

1861 2886 1954 2938 sed
1983 2884 2134 2953 quasi
2171 2901 2265 2955 per
2293 2897 2639 2940 transennam
2678 2887 3032 2954 perstrinxit:
3084 2884 3335 2939 Τοιοῦτόν
3362 2903 3418 2940 τι

1859 2954 2344 3029 καζᾼήᾼὲκτηρῶριι
2366 2956 2464 3029 τῆς
2497 2957 2764 3029 ᾳῳτηρίου
2801 2955 3115 3029 οἱιρνομιαςᾲ
3143 2956 3422 3029 ἐμφαίνει,

1860 3023 1981 3099 κᾳεν
2000 3023 2079 3096 ἢν
2106 3023 2390 3099 sietsiqu
2419 3023 2452 3079 ὃ
2487 3023 2790 3098 ἄνθρῶπος.
2826 3045 2844 3079 ι
2871 3023 2999 3083 Tale
3026 3026 3156 3096 quid
3180 3023 3425 3083 ostendit

1859 3097 2021 3148 etiam
2050 3099 2180 3150 hora
2213 3107 2364 3151 sexta
2381 3097 2646 3153 salutaris
2672 3099 3006 3165 (economiae,
3032 3113 3137 3167 qua
3168 3112 3422 3152 consum-

1859 3177 2036 3220 matus
2061 3167 2160 3221 fuit
2186 3167 2366 3222 homo.
2392 3186 2412 3218 ι
2446 3168 2582 3235 Quid
2610 3179 2790 3222 autem
2824 3168 2907 3224 liis
2931 3169 3114 3222 verbis
3142 3167 3286 3221 aliud
3316 3169 3420 3223 sibi

1862 3235 1977 3289 vult
2005 3237 2276 3300 Clemens,
2314 3237 2414 3291 nisi
2443 3240 2719 3293 Christum
2755 3239 2886 3292 hora
2909 3248 3065 3293 sexta
3095 3239 3272 3308 egisse
3302 3242 3423 3294 ani-

1861 3321 2036 3371 mam,
2083 3317 2494 3378 extremumque
2540 3308 2778 3365 edidisse
2837 3308 3084 3364 mortalis
3138 3323 3252 3362 sua:
3301 3309 3426 3363 vitae

1858 3378 2104 3447 spiritum
2124 3379 2148 3430 ἲ

1929 3447 2037 3504 Nos
2076 3449 2292 3517 quidem
2343 3463 2452 3505 non
2507 3447 2647 3518 fugit
2705 3457 2921 3518 quantae
2956 3447 3010 3503 in
3067 3447 3425 3505 conciliandis

1861 3519 2317 3589 evangelistarum
2346 3521 2412 3574 de
2436 3521 2538 3574 liae
2560 3533 2811 3589 suprema
2834 3518 3038 3574 Christi
3071 3519 3202 3575 liora
3231 3519 3422 3581 variis,

1861 3599 2025 3659 atque
2055 3589 2133 3642 uti
2160 3591 2396 3654 videtur,
2437 3591 2537 3645 sibi
2572 3589 2802 3644 invicem
2839 3589 3103 3659 oppositis
3135 3589 3425 3659 sententiis

1861 3657 2412 3726 et_itarrationibus,
2444 3659 2786 3713 diilicuitates
2823 3657 3141 3714 occurrant.
3191 3658 3262 3712 At
3303 3657 3425 3713 Cle-

1862 3746 2014 3784 mens
2063 3728 2222 3800 174
2265 3730 2335 3784 ibi
2368 3746 2474 3783 non
2503 3731 2734 3800 obscure
2772 3729 2955 3800 innuit
2990 3728 3266 3800 Christum
3298 3739 3424 3783 ante

1864 3802 2051 3854 horam
2086 3798 2293 3854 sextam
2329 3800 2480 3854 cruci
2531 3799 2698 3853 fuisse
2727 3798 2945 3854 ail‘ixum
2973 3839 2989 3866 ,
3024 3807 3080 3854 et
3131 3799 3245 3866 ipsa
3293 3800 3422 3851 liora

1862 3882 2011 3924 sexta
2045 3885 2109 3923 ex
2137 3871 2239 3923 hac
2268 3872 2378 3924 vita
2429 3869 2736 3925 recessisse.
2774 3868 2966 3925 Utrum
2992 3880 3170 3925 autem
3199 3883 3324 3923 vera
3357 3870 3428 3921 sit

1863 3939 1976 3994 lia-c
2001 3940 2146 4012 illius
2172 3941 2381 4009 opinio,
2414 3948 2468 3994 et
2497 3941 2620 4012 inde
2646 3940 2823 4010 aliqua
2856 3940 3219 4012 evangelistas
3240 3953 3423 4012 secum

1863 4011 2185 4063 conciliandi
2208 4007 2360 4064 ratio
2395 4007 2792 4080 suppeditetur,
2827 4007 3052 4066 aliorum
3079 4008 3314 4080 arbitrio
3338 4007 3426 4074 ju-

1862 4081 2114 4149 dicioque
2138 4079 2538 4134 decernendum
2566 4081 2705 4134 ultro
2735 4082 3110 4152 relinquimus.
3143 4080 3243 4145 Qui
3271 4079 3424 4152 plura

1863 4153 1929 4203 de
1965 4153 2065 4205 hac
2102 4153 2403 4218 quiestione
2451 4152 2591 4205 scire
2641 4150 2914 4214 voluerit,
2972 4153 3016 4207 is
3069 4153 3247 4204 varios
3286 4150 3427 4217 legat

1866 4219 2139 4290 Evangelii
2179 4222 2523 4292 interpretes,
2555 4229 2718 4288 atque
2744 4221 3100 4292 Augustinum
3134 4221 3227 4275 lib.
3260 4233 3318 4274 ιιι
3351 4219 3427 4292 De

1865 4306 2072 4360 conscii.
2091 4306 2295 4360 evaiig.,
2313 4305 2433 4359 cap.
2455 4291 2543 4358 15,
2560 4303 2832 4347 auctorem
2845 4291 3352 4346 Commentariorum
3371 4291 3427 4341 in

1867 4359 2108 4414 Psalmos
2155 4359 2295 4428 apud
2344 4361 2754 4430 Hieronymum,
2802 4363 2854 4415 in
2894 4364 3028 4430 psal.
3061 4375 3265 4423 Lxxvn;
3299 4360 3424 4430 Six-j

204 4430 344 4482 adeo
389 4439 498 4484 tres
535 4441 592 4483 ut
641 4427 923 4486 ιιιὶιιίιιιιιιιι
973 4427 1145 4485 annos
1167 4469 1181 4493 ,
1210 4427 1308 4498 per
1351 4447 1489 4501 quos
1530 4427 1757 4499 publicis
1795 4427 1837 4480 D
1867 4444 1977 4484 tum
2010 4431 2140 4485 Sen.
2172 4427 2264 4484 liti.
2297 4447 2346 4486 vi
2373 4427 2648 4492 Biblioilt.,
2677 4435 2860 4487 adnot.
2893 4427 3014 4497 l5t;
3043 4432 3332 4501 Baronitim
3357 4429 3423 4481 ad

205 4501 560 4554 coneionibus
578 4513 632 4556 et
654 4503 1124 4570 praedicationibus
1149 4516 1368 4570 operata
1392 4502 1561 4567 dedit,
1590 4503 1756 4555 fuisse

202 4572 469 4638 expletos.

281 4645 351 4694 At
383 4639 591 4708 rogabit
625 4639 849 4695 forsitan
889 4643 1084 4712 aliquis
1111 4657 1208 4696 cur
1233 4642 1285 4696 in
1321 4641 1464 4694 hunc
1486 4655 1756 4704 errorem,

206 4725 381 4764 sacrae
419 4712 871 4778 evangebstarum
925 4714 1165 4767 historia:
1213 4715 1346 4767 adeo
1393 4713 1756 4776 contrarium,

208 4792 320 4834 tam
368 4780 740 4849 imprudenter
771 4782 1017 4836 Clemens
1051 4793 1144 4836 aut
1185 4785 1272 4836 alii
1307 4785 1525 4852 quidam
1561 4784 1755 4834 eruditi

207 4852 456 4906 homines
483 4852 822 4920 impegerint.
856 4851 1048 4906 Facilis
1077 4863 1159 4908 est
1193 4865 1247 4908 et
1272 4857 1428 4907 obvia
1459 4852 1755 4920 responsio.

208 4923 366 4975 Patet
391 4923 534 4975 enim
566 4925 712 4976 illum
741 4937 807 4974 ex
831 4923 916 4985 iis,
946 4939 1064 4991 qua:
1095 4926 1276 4977 retulit
1303 4963 1316 4985 ,
1347 4925 1526 4976 citatis
1555 4941 1583 4974 a
1612 4921 1757 4976 Luca

205 4995 359 5046 Isaite
419 4994 623 5046 verbis:
666 5009 685 5043 ι
710 4995 922 5062 Αιιιιιιιιι
953 4996 1335 5062 acceptabilein
1379 4993 1587 5049 Domini
1616 5008 1753 5062 pra:-

205 5065 445 5116 dicatutn
493 5065 639 5117 misit
675 5077 760 5115 me
779 5061 858 5128 ³³,
899 5081 916 5112 i
963 5065 1015 5116 in
1052 5061 1289 5118 animum
1331 5066 1433 5118 sibi
1476 5061 1757 5116 inmisisse

205 5137 480 5187 Christum
505 5150 612 5188 uno
627 5136 887 5188 dunlaXttl.
907 5143 1023 5201 post
1052 5135 1372 5204 baptismum
1396 5149 1450 5189 et
1478 5145 1604 5187 ante
1628 5148 1766 5186 inor-

210 5213 315 5257 tein
360 5219 510 5258 suam
567 5221 711 5258 anno
758 5205 1000 5272 publicas
1058 5207 1198 5272 apud
1245 5205 1460 5262 Jiidaios
1510 5205 1766 5258 habuisse

207 5287 514 5329 COIICIOIICS.

281 5440 324 5471 “
363 5438 490 5492 Luc.
541 5451 622 5501 ιιι,
656 5436 748 5490 23.
822 5438 864 5468 ’⁷
902 5435 1019 5491 Lib.
1054 5451 1068 5489 i
1101 5434 1303 5490 Strom.
1334 5451 1387 5505 p.
1417 5435 1543 5489 ⁸540.

205 5511 329 5575 Job,
365 5525 417 5578 p.
448 5508 572 5561 260.
647 5509 687 5538 ³³
719 5507 946 5572 Tertul.,
977 5509 1069 5561 tib.
1105 5512 1228 5561 adv.
1251 5506 1580 5578 Ιιιιιηιςηιὸ.

209 5584 332 5635 niel.
361 5597 411 5634 c.
439 5593 515 5641 ix,
548 5596 599 5648 p.
635 5581 769 5642 I48;
801 5579 974 5644 Lact.,
1013 5580 1049 5630 ι.
1087 5593 1160 5640 iv,
1191 5595 1240 5632 c.
1280 5580 1364 5631 10.

207 5651 252 5682 ³⁸
282 5654 482 5706 Strom.
512 5651 547 5702 Ι.
582 5666 675 5715 vn,
710 5669 762 5720 p.
963 5648 1048 5702 δ”
1085 5649 1317 5702 B..rnah.
1354 5649 1542 5718 epist.,
1582 5650 1719 5720 p16.

210 5736 264 5790 ρ,
293 5723 431 5787 550;
461 5721 670 5790 Prolug.
707 5738 758 5774 ιιι
790 5721 868 5774 1.ι
906 5723 978 5773 De
1010 5721 1100 5773 tid.
1132 5735 1182 5775 c.
1221 5723 1302 5786 18,
1335 5734 1389 5790 p.
1423 5720 1544 5778 467.

446 5821 715 5882 Parum.
780 5815 897 5876 Gn.
958 5814 1075 5880 IX.

1618 5435 1662 5465 ”
1694 5434 1795 5489 lsa.
1827 5450 1934 5498 ut,
1962 5434 2017 5487 '2.

1502 5506 1580 5561 t8.
1657 5507 1700 5537 ³²
1720 5506 1938 5567 Etiseu.,
1970 5506 2003 5557 l.
2038 5521 2128 5558 vri-i
2163 5508 2436 5561 Demonst.
2463 5507 2622 5577 ev.,§
2651 5508 2704 5574 ‘2,
2736 5526 2788 5578 p.
2821 5506 2963 5574 389;
2991 5522 3047 5564 et
3074 5509 3222 5565 Hier.
3247 5513 3299 5564 in
3325 5510 3432 5563 Da-

1473 5577 1515 5606 ³³
1547 5579 1646 5631 Isa.
1678 5592 1786 5631 Lit.
1813 5576 1866 5628 ‘2.
1975 5576 2020 5606 ³⁵
2049 5579 2249 5628 ὃιιυιιι.
2279 5578 2314 5631 l.
2344 5593 2383 5631 ι.
2406 5592 2467 5631 ι).
2498 5577 2624 5631 510.
2735 5581 2780 5609 ³³
2810 5577 3014 5631 Stroni.
3045 5582 3079 5631 l.
3114 5597 3189 5631 ιι.
3217 5597 3270 5631 n.
3303 5581 3430 5631 684.

1863 4516 2063 4572 annum
2090 4501 2290 4556 Christi
2321 4503 2412 4567 51,
2445 4501 2472 4572 §
2503 4502 2604 4554 I62
2631 4511 2685 4555 et
2710 4517 2889 4572 seqq.;
2919 4503 3194 4557 Petaviuni
3223 4499 3316 4572 ιψ.
3347 4512 3423 4552 xtl

1866 4571 1942 4622 De
1966 4573 2134 4624 doctr.
2171 4565 2415 4641 tempor.,
2445 4565 2586 4641 'cap.
2617 4575 2721 4637 I9;
2753 4565 2998 4627 B'ailliuni
3029 4573 3119 4626 lib.
3151 4585 3190 4626 Il
3240 4565 3424 4635 Opem

1865 4641 2050 4712 liisior.
2079 4652 2127 4693 et
2162 4644 2366 4706 chrum,
2397 4653 2590 4712 quiest.
2630 4644 2719 4699 14.

1938 4709 2031 4764 His
2057 4713 2235 4764 obiter
2261 4707 2524 4765 addamus
2552 4713 2880 4768 Clementem
2901 4711 2969 4776 ³⁸,
3001 4711 3092 4766 ubi
3126 4709 3191 4764 de
3217 4707 3321 4764 318
3349 4710 3424 4760 A-

1867 4781 2062 4852 brahae
2085 4783 2414 4848 vernaculis,
2449 4783 2647 4851 quibus
2694 4786 2966 4852 captivum
3007 4782 3233 4835 fratrem
3261 4793 3424 4852 suum

1866 4851 1966 4927 _l.o_t
2015 4851 2281 4917 liberavit,
2313 4847 2552 4927 breviier
2594 4847 2872 4927 disputat,
2909 4855 3226 4927 observasse

1866 4924 2011 4974 illius
2034 4928 2144 4991 τιην
2176 4923 2388 4993 numeri
2425 4930 2598 4993 prima
2621 4921 2800 4977 littera
2822 4939 2852 4973 τ
2871 4939 3085 4977 crucem
3117 4921 3349 4993 Domini,
3372 4925 3426 4993 ιτι

1863 4992 2068 5063 duobus
2099 4990 2219 5063 aliis
2247 5009 2264 5044 t
2287 5002 2342 5046 et
2362 5009 2398 5063 η
2425 4990 2606 5063 ipsius
2629 4999 2844 5048 sacrum
2874 4993 2998 5048 Jesu
3030 5006 3225 5045 nomen
3256 4990 3426 5063 signi-

1869 5061 2043 5114 ticari.
2083 5063 2149 5114 At
2177 5062 2230 5114 id
2265 5065 2330 5116 ab
2371 5061 2551 5117 illo'ex
2584 5064 2957 5132 antiquissima
2983 5103 2998 5127 ,
3030 5061 3427 5133 quani__s:ep_iu5_

1871 5141 2025 5194 citat,
2061 5133 2315 5185 Barnaba:
2341 5135 2569 5203 epistola
2587 5128 2928 5203 desuinpium
2958 5128 3171 5187 videtur
3193 5130 3258 5203 ⁸7.
3293 5128 3426 5203 Illud

1874 5215 2088 5270 quoque
2119 5196 2440 5258 Ambrosius
2472 5220 2577 5257 non
2609 5196 2866 5271 seniel'”,
2890 5212 2944 5257 et
2971 5201 3296 5257 Paschasius
3319 5196 3430 5271 βυ·

1877 5269 2054 5326 clesiae
2078 5271 2333 5326 Romana:
2351 5275 2609 5327 diaconus
2632 5275 2698 5338 ³³,
2718 5289 2812 5328 seu
2842 5269 3019 5346 potius
3052 5271 3286 5327 Faustus
3315 5269 3423 5324 Βο-

2096 5436 2139 5466 ⁹⁹
2174 5434 2235 5488 L.
2264 5452 2313 5489 iv
2343 5433 2646 5508 Periarcb.,
2677 5441 2800 5502 c.I,
2829 5452 2881 5508 p.
2911 5436 3036 5492 467.
3115 5438 3157 5471 ³ο
3183 5439 3236 5493 in
3269 5441 3364 5494 lib.
3386 5452 3427 5495 ιι

1975 5576 2020 5606 ³⁵
2049 5579 2249 5628 Strom.
2279 5578 2314 5631 l.
2344 5593 2383 5641 t,
2406 5592 2467 5644 ῃ.
2498 5576 2624 5634 3N.

2735 5577 2780 5609 ³³
2810 5577 3014 5633 Stroni.
3045 5582 3079 5634 Ι.
3114 5597 3189 5642 ιι,
3217 5597 3270 5650 p.
3303 5581 3430 5633 684.

1816 5647 1858 5720 3F
1894 5647 2285 5720 Atubros.,‘l.i
2317 5650 2383 5720 de
2421 5649 2649 5712 Abrah.,
2685 5667 2738 5707 c.
2773 5650 2829 5718 5,
2853 5665 2908 5720 η.
2934 5650 3080 5716 9.87;
3117 5653 3154 5706 ι.
3188 5647 3250 5718 ιι,
3289 5665 3340 5706 c.
3377 5650 3432 5714 ἶ,

1620 5718 1664 5751 ³⁹
1689 5719 1977 5784 Paulus"
2009 5718 2046 5775 l.
2084 5732 2101 5774 ι
2151 5717 2226 5772 De
2256 5718 2314 5772 ὃ.
2348 5718 2516 5790 Spir.,
2539 5735 2590 5775 c.
2621 5724 2672 5775 1.

3075 5827 3156 5893 3G
