3924 6306
547 244 697 304 1151·

1180 246 1248 303 ΙΝ
1287 247 1711 305 CLEMENTEM
1752 247 1955 304 ALEX.
1998 247 2060 302 Ι).
2101 246 2187 301 LE
2223 244 2510 302 NOURRY
2549 243 3007 303 DISSERTATIO
3043 245 3110 302 ιι.

3587 257 3700 314 “Si

546 369 748 438 giensis
775 408 789 430 ,
842 367 1042 439 aliique
1089 368 1301 425 Patres
1326 371 1599 425 dixerunt.
1639 370 1797 425 Plura
1848 371 1986 424 hanc
2048 369 2101 424 in
2131 375 2178 430 Α
2208 368 2323 434 Dei,
2355 369 2441 439 qui
2469 366 2820 432 fecitomnia,
2845 383 3066 424 carnem
3097 370 3411 439 suscepisse.
3435 372 3548 427 etin
3575 386 3705 430 utero

545 454 680 499 rem.
712 439 755 493 si
792 438 974 504 libeat,
1010 438 1185 509 legere
1213 441 1414 508 poteris
1440 440 1814 496 animadversa
1842 456 1870 494 a
1897 440 2104 495 Cotele-

547 511 627 562 rio
670 511 720 562 in
753 511 863 591 sitis
902 512 968 591 ad
998 509 1257 591 liamaba:
1277 509 1760 591 epistolam‘notis,
1793 526 1916 582 pag.
1959 513 2022 568 18
2053 520 2106 564 et

547 594 725 648 seqq.;
754 577 966 650 Moynio
1005 578 1139 662 γαῖ’.
1173 577 1338 646 εαονξ,
1371 596 1492 651 pag.
1525 581 1629 664 7.80
1651 590 1705 635 et
1733 577 1956 650 seq.,'et
1985 597 2106 652 qum

545 665 642 702 nos
674 649 740 703 ad
768 649 1039 704 Ambrosn
1074 649 1241 704 libros
1268 651 1706 718 sulinotavnnus.

1047 761 1441 819 ARTICULUS
1493 763 1602 818 VII.

545 874 622 930 De
671 893 873 948 summa
925 876 1123 932 Christi
1171 878 1509 948 perfectione,
1558 889 1606 933 et
1643 887 1819 932 utrum
1869 876 2105 932 Clemens

619 949 768 1001 illum
798 947 951 1016 fumis
971 989 985 1011 ,
1017 949 1135 1002 sitis
1160 947 1178 1011 ,
1206 948 1435 1010 doloris,
1477 949 1804 1016 aliarumque
1844 951 2104 1002 humana-

610 1035 728 1072 rum
767 1018 1103 1087 a/fectionum
1151 1028 1198 1072 et
1233 1029 1465 1072 motuum
1506 1028 1765 1086 expertem
1799 1019 2100 1076 crediderit.

612 1132 873 1199 Quamvis
901 1131 1176 1203 Clemens,
1210 1134 1286 1185 uti
1317 1142 1441 1186 ante
1473 1133 1674 1188 dictum
1705 1142 1786 1188 est
1811 1131 1878 1196 ⁸ο,
1907 1147 2105 1203 corpus

539 1204 744 1259 Christi
778 1203 1000 1257 minime
1040 1202 1323 1268 pulchrum
1359 1217 1481 1257 esse
1517 1206 1784 1267 docuerit,
1820 1202 2106 1271 ipsumia-

539 1289 662 1329 men
713 1274 958 1327 eumdem
1007 1272 1282 1327 Christum
1341 1273 1622 1327 Dominum
1673 1274 1890 1328 eximiis
1928 1274 2106 1329 perfe-

541 1344 912 1412 ctissimisque
951 1343 1115 1396 animi
1149 1344 1367 1398 dotibus
1415 1352 1470 1398 et
1514 1343 1806 1398 virtutibus
1852 1343 2104 1412 pulcher-

543 1416 739 1478 rimum
794 1413 961 1468 fuisse
1007 1427 1263 1482 perquam
1313 1424 1696 1467 aSseveranter
1744 1413 1976 1467 aﬂirmat
2010 1415 2098 1466 “z

545 1503 562 1534 ι
586 1483 738 1551 Quod
767 1483 811 1538 si
839 1484 983 1552 quis,
1017 1483 1210 1552 inquit,
1243 1482 1471 1537 aﬂirmet
1501 1483 1694 1550 justos,
1727 1486 1828 1538 etsi
1861 1486 1973 1539 sint
2009 1486 2103 1539 de—

539 1554 741 1608 formes
765 1569 1013 1623 corpore,
1037 1562 1304 1622 quatenus
1327 1553 1544 1622 quidem
1569 1565 1694 1608 sunt
1717 1570 1896 1609 mores
1916 1554 2104 1623 justis-

538 1625 680 1684 simi.
712 1639 833 1679 esse
866 1624 1140 1693 pulchros,
1160 1623 1545 1692 propemodum
1565 1623 1744 1679 nullus
1772 1625 1851 1679 sic
1877 1627 2062 1679 dicens
2082 1664 2099 1690 ,

537 1694 706 1768 videri
753 1696 922 1764 pOSsit
966 1693 1345 1768 maledicere:
1382 1693 1446 1768 Et
1489 1695 1696 1768 species
1732 1695 1847 1765 ejus
1879 1695 2097 1768 delieie-
2128 1713 2172 1768 Β
2199 1706 2253 1753 et
2291 1697 2507 1768 refellit.

536 1766 626 1819 hat
653 1762 852 1834 praeter
874 1779 1061 1820 oumes
1094 1762 1235 1818 filios
1263 1762 1562 1828 hominum,
1592 1765 1724 1819 dicit
1752 1762 2088 1834 prophetia»

534 1835 897 1902 Quamobrem
931 1835 1018 1888 ille
1051 1835 1176 1888 alibi
1214 1834 1384 1888 solum
1415 1835 1692 1889 Christum
1739 1835 1989 1890 omnibus
2025 1835 2096 1888 si-

535 1910 646 1959 mul
677 1906 971 1959 virtutibus
1000 1905 1279 1973 praeditum
1311 1913 1366 1958 et
1408 1904 1703 1975 perfectum
1734 1904 1905 1975 fuisse
1933 1919 2096 1975 aper-

535 1977 744 2031 tissime
791 1976 948 2030 docet
978 1985 1033 2029 et
1080 1975 1372 2041 praedicat:
1411 1994 1430 2026 ι
1458 1973 1763 2037 Perlicitur,
1795 1973 1984 2045 inquit
2025 1974 2092 2039 “,

531 2055 587 2100 et
614 2055 1020 2102 consummatur
1049 2045 1264 2114 aliquis,
1295 2056 1349 2099 et
1382 2055 1441 2099 ut
1470 2045 1589 2114 pius
1621 2061 1683 2099 ac
1710 2044 2012 2116 religiosus,
2039 2055 2096 2102 et

534 2128 595 2171 ut
644 2116 880 2170 tolerans
903 2154 918 2180 ,
949 2124 1002 2169 et
1029 2126 1086 2168 ut
1113 2115 1415 2182 continens,
1451 2124 1505 2168 et
1531 2123 1588 2168 ut
1618 2117 1921 2184 operarius,
1953 2125 2007 2170 et
2037 2126 2094 2170 ut

535 2195 773 2257 martyr,
803 2194 858 2239 et
889 2196 946 2239 ut
980 2186 1280 2257 gnosticus.
1331 2185 1388 2257 In
1421 2185 1675 2257 omnibus
1712 2196 1891 2257 autem
1934 2188 2093 2241 simul

532 2254 828 2326 perfectus,
857 2257 1037 2326 nescio
1063 2271 1128 2308 an
1155 2254 1295 2310 ullus
1316 2256 1410 2322 sit,
1440 2254 1543 2310 nisi
1575 2256 1750 2311 solum
1782 2255 1828 2311 is
1854 2257 1942 2326 qui
1967 2272 2093 2325 pro-

532 2325 650 2396 pter
690 2341 786 2380 nos
816 2325 993 2380 induit
1027 2325 1318 2396 hominem.
1346 2345 1364 2377 ι

582 2398 678 2451 .Ea
709 2409 874 2465 porro
901 2397 1146 2450 eumdem
1178 2395 1458 2465 Christum,
1493 2395 1733 2450 omnium
1779 2395 1938 2464 plane
1978 2412 2090 2450 ma-

531 2469 677 2522 xima
711 2463 1026 2534 bmnigenaa
1075 2467 1313 2536 virtutis,
1345 2463 1676 2536 perlectione
1726 2463 1800 2520 ita
1839 2475 2088 2535 ornatum

531 2537 904 2601 existimavit;
941 2551 1046 2605 qua
1098 2535 1189 2590 ille
1240 2534 1385 2591 solus
1413 2544 1732 2590 cunctarum
1781 2551 1886 2590 non
1918 2534 2088 2591 selum

531 2610 725 2661 anima:
753 2606 1241 2676 perturbationum,
1273 2607 1365 2660 sed
1390 2620 1772 2676 corporearum
1802 2606 1968 2676 etiam
1998 2621 2090 2660 ne-

529 2674 844 2732 cessitatum
864 2690 1057 2746 expers
1081 2685 1364 2745 scmperet
1383 2674 1634 2746 immunis
1659 2676 1840 2731 fuerit.
1873 2694 1892 2727 ι
1919 2674 2087 2742 Talis,

531 2749 704 2817 inquit
736 2745 960 2816 ipsemet
982 2757 1172 2817 auctor
1200 2757 1386 2802 noster
1409 2745 1475 2811 δ’,
1509 2756 1591 2800 est
1618 2746 1917 2816 gnosticus;
1951 2754 2006 2800 ut
2035 2747 2090 2800 in

519 2815 649 2872 eum
689 2815 818 2872 solae
850 2819 1043 2872 cadant
1079 2815 1413 2880 aifectiones,
1445 2830 1564 2885 quae
1593 2815 1847 2870 oriuntur
1881 2826 1938 2870 ut
1977 2831 2090 2870 cor-

529 2904 630 2957 pus
661 2897 898 2952 maneat,
935 2903 1127 2956 nempe
1153 2887 1343 2951 fames,
1375 2888 1496 2943 sitis
1551 2895 1609 2940 et
1635 2885 1852 2940 similia.
1895 2885 2000 2942 Sed
2035 2887 2086 2940 in

528 2958 822 3013 Servatore
864 2957 1083 3026 quidem
1135 2972 1366 3024 corpus.
1413 2968 1472 3010 ut
1521 2972 1739 3025 corpus,
1781 2957 2088 3011 necessaria

527 3029 807 3099 postulare
825 3028 1147 3099 ministeria,
1167 3037 1582 3096 utpcrmaneat,
1601 3027 1762 3080 fuerit
1780 3027 2085 3082 ridiculum.

529 3098 861 3154 Comedebat
885 3098 1029 3167 enim
1067 3114 1172 3152 non
1203 3107 1419 3167 prepter
1447 3112 1676 3166 corpus.
1713 3099 1857 3165 quod
1897 3108 2086 3152 sancta

527 3172 727 3224 virtute
764 3166 1328 3232 contii'tebatur;’sed
1361 3182 1428 3220 ne
1454 3167 1554 3231 eis,
1596 3167 1684 3236 qui
1730 3182 1836 3220 una
1864 3182 1987 3221 cum
2027 3182 2092 3222 eo

524 3241 930 3301 versabantur,
965 3238 1016 3291 in
1047 3250 1278 3292 mentem
1308 3237 1517 3292 veniret
1543 3238 1608 3291 de
1644 3250 1708 3290 eo
1737 3237 1895 3290 aliter
1923 3239 2093 3293 senti-

523 3325 606 3375 re,
639 3311 944 3364 sicutcerte
971 3321 1152 3378 postea
1171 3309 1391 3378 quidam
1415 3308 1819 3378 existimarunt,
1843 3323 1968 3362 eum
1998 3323 2093 3377 ap-

525 3381 775 3452 paruisse
801 3377 1090 3452 visioneet
1117 3377 1511 3449 phantasmate.
1534 3377 1651 3444 Ipse
1681 3386 1889 3442 autem,
1919 3387 2090 3452 utse-

526 3448 632 3506 inel
659 3451 856 3515 dicam,
888 3448 1160 3520 passionis
1203 3458 1321 3520 erat
1367 3463 1584 3518 expers,
1619 3456 1679 3520 ut
1712 3461 1874 3520 quem
1915 3448 2094 3504 nullus

525 3521 737 3576 subiret
765 3517 966 3587 motus,
1005 3535 1182 3590 neque
1213 3519 1479 3587 voluptas,
1514 3532 1614 3573 nec
1643 3517 1848 3572 dolor.»

595 3593 668 3644 At
701 3591 885 3659 plures
934 3587 1265 3646 Clementem
1319 3599 1560 3643 nostrum
1589 3627 1605 3652 ,
1637 3587 2090 3656 quemadmodum

525 3662 579 3716 in
610 3663 899 3715 minuenda
936 3661 1178 3729 corporis
1221 3659 1420 3713 Christi
1469 3659 1899 3728 pulchritudine,
1932 3660 2005 3712 ita
2039 3661 2091 3714 in

525 3731 788 3802 augendis
836 3733 1072 3803 ejusdem
1122 3731 1269 3803 illius
1315 3731 1562 3798 corporis
1606 3729 1820 3803 dotibus
1865 3729 2092 3803 nimium

525 3816 579 3856 et
603 3799 760 3857 extra
795 3799 1037 3857 veritatis
1066 3801 1334 3856 cancellos
1361 3815 1642 3870 egressum
1673 3799 1841 3870 fuisse
1865 3799 2092 3866 opinan-

527 3883 632 3926 tur.
652 3873 727 3927 lbi
757 3874 901 3927 enim
924 3877 1207 3942 perspicue
1230 3869 1422 3925 docere
1445 3869 1945 3925 videturChristum
1971 3870 2094 3925 ideo

525 3953 733 3999 tantum
754 3943 1073 4008 comedisse,
1094 3958 1160 3997 ne
1183 3952 1491 4011 susceptum
1509 3942 1576 3995 ab
1595 3955 1661 3996 eo
1689 3954 1908 4008 corpus,
1927 3955 2094 4011 appa-

513 4029 652 4068 rens
692 4016 1065 4070 tantummodo
1106 4022 1162 4066 et
1191 4014 1572 4066 adumbratam
1593 4051 1609 4075 ,
1648 4025 1756 4065 nou
1789 4020 1971 4066 autem
2002 4026 2092 4065 ve-

526 4101 645 4137 rum
674 4094 980 4151 putaretur.
1013 4083 1378 4150 Quamobrem
1415 4081 1592 4135 nullas
1615 4081 1776 4149 plane
1801 4081 2013 4135 videtur
2034 4081 2091 4136 in

522 4156 742 4208 Clu-isto
783 4154 1068 4208 admittere
1105 4153 1284 4215 famis,
1313 4151 1454 4216 sitis,
1491 4151 1714 4213 doloris.
1757 4151 2010 4217 tristitiae,
2039 4161 2101 4208 et

523 4226 657 4278 alias
681 4226 846 4278 etiam
895 4226 1119 4280 minime
1149 4225 1368 4278 vitiosas
1398 4223 1734 4278 all‘ectiones.
1765 4222 1930 4291 Atqui
1967 4237 2092 4277 eum

525 4309 714 4349 revera
742 4293 1018 4361 esui-ﬁsse,
1051 4295 1287 4350 sitivisse
1307 4301 1362 4347 et
1393 4293 1650 4359 doluisse,
1669 4293 2093 4363 aliisqueanimi

524 4371 881 4435 corporisque
912 4365 1150 4420 motibus
1191 4365 1441 4419 allecwm
1489 4365 1660 4418 fuisse
1687 4362 1924 4418 Matthxi
1956 4363 2090 4420 alio-

523 4449 753 4504 rumque
777 4436 1230 4504 evangelistarum
1274 4435 1582 4490 testimonio
1615 4436 1689 4488 ita
1725 4445 1938 4489 certum
1967 4445 2084 4503 est,

523 4515 585 4560 ut
611 4507 664 4558 id
693 4508 812 4560 sine
841 4521 1028 4560 errore
1054 4507 1122 4560 ab
1154 4506 1265 4560 ullo
1305 4517 1541 4574 unquam
1573 4505 1752 4573 negari
1783 4507 1972 4574 possit.

598 4576 794 4630 Verum
822 4579 868 4629 si
905 4593 1054 4632 mens
1080 4588 1133 4632 et
1163 4579 1434 4633 sententia
1466 4575 1760 4630 Clementis
1791 4577 1984 4643 nostri,
2020 4593 2084 4632 ac

523 4661 591 4700 ea
613 4663 731 4714 qua:
755 4647 880 4702 alibi
915 4649 980 4702 de
1008 4649 1225 4704 Christo
1253 4647 1491 4714 scripsit,
1521 4656 1729 4700 attente
1755 4659 1820 4699 ac
1849 4645 2082 4715 diligen-

524 4729 608 4771 ter
631 4720 1030 4786 esaminentur,
1055 4721 1230 4787 quivis
1263 4718 1420 4770 tacite
1441 4717 1732 4785 perspiciet
1749 4723 1960 4770 tantum
1989 4721 2084 4772 ab-

524 4805 668 4854 esse,
691 4800 746 4842 ut
776 4790 868 4844 ille
891 4786 1085 4845 omnes
1102 4790 1306 4844 doloris
1327 4797 1419 4840 aut
1441 4786 1674 4840 ll‘iSllliiB
1686 4801 1900 4851 sensus,
1925 4789 2084 4842 alias.

524 4874 629 4927 que
656 4865 902 4914 humanae
928 4870 1133 4913 natura:
1165 4858 1502 4922 aﬂectioncs,
1531 4872 1597 4910 ac
1620 4857 1668 4910 si
1699 4857 1828 4911 velis
1853 4857 2080 4912 inﬁrmi-

529 4939 686 4995 tates,
716 4949 745 4983 a
769 4932 988 4985 Christo
1017 4931 1247 4984 Domino
1278 4943 1555 4982 removere
1584 4929 1797 4995 penitus
1826 4929 2076 4994 voluerit,

525 5001 656 5068 quin
685 5003 866 5071 potius
893 5011 1078 5070 aperte
1107 5001 1423 5067 pronuntiet
1453 5013 1577 5052 vere
1607 4999 1884 5064 patibilem
1909 4999 2078 5054 fuisse

525 5073 726 5126 Chrisu
755 5087 994 5137 carnem,
1029 5079 1212 5139 utpote
1233 5084 1383 5138 quae,
1416 5071 1558 5122 sicut
1589 5085 1713 5124 vere
1744 5078 1952 5123 mortua
1974 5082 2076 5133 est,

525 5141 600 5193 ita
633 5153 755 5196 ante
796 5152 1066 5209 mortem,
1101 5143 1312 5195 dolores
1343 5151 1402 5193 et
1446 5141 1716 5194 cruciatus
1755 5155 1882 5193 vere
1921 5155 2078 5209 passa

524 5213 708 5266 fuerit.
731 5213 955 5266 Praestat
980 5208 1161 5264 hutem
1180 5212 1790 5280 ipsummetloquentem
1806 5208 1994 5264 audire
2010 5212 2077 5264 “z

530 5297 553 5332 ι
573 5281 689 5337 Jam
720 5299 848 5337 vero
888 5282 1136 5336 universa
1172 5295 1385 5350 quoque
1419 5281 1754 5345 mcunornia,
1785 5296 1906 5347 quae
1937 5295 2078 5348 prae-

523 5353 669 5422 dicta
699 5363 783 5406 est
807 5369 835 5405 a
863 5354 1138 5422 prophetis
1162 5358 1226 5406 de
1257 5351 1504 5414 Domino,
1533 5351 1745 5404 videtur
1772 5365 2078 5422 verepara-

524 5420 646 5476 bola
701 5425 765 5477 iis
799 5420 893 5493 qui
928 5420 1208 5479 vcrttatem
1243 5439 1351 5478 non
1391 5429 1606 5486 norunt,
1635 5423 1850 5490 quando
1879 5421 2073 5476 Filium

592 5655 637 5690 “
670 5655 892 5714 Dissert.
923 5671 1124 5725 super.,
1161 5671 1278 5724 cap.
1317 5655 1367 5719 ι,
1401 5655 1491 5708 alt.
1527 5655 1579 5709 δι
1655 5656 1698 5687 ⁸³
1737 5656 1938 5710 Strom.
1972 5655 2006 5725 li.
2051 5667 2117 5717 tt,
2148 5670 2198 5722 p.
2237 5651 2365 5707 508.
2471 5713 2473 5715 ,

521 5725 566 5758 ⁸⁸
598 5727 800 5784 Stt‘om.
836 5730 872 5784 ι.
905 5722 1058 5798 γι,ἰ›.
1092 5722 1240 5782 677(
1292 5725 1336 5758 ⁸⁵
1377 5728 1506 5784 ibid.
1541 5741 1662 5798 pag.
1696 5726 1820 5784 649.
1899 5727 1944 5758 ⁵⁵
1968 5724 2030 5782 Τ.
2052 5727 2091 5793 .l,

2195 5729 2321 5784 ituri.
2354 5729 2420 5780 de
2444 5738 2583 5795 grat.
2617 5723 2841 5794 agenti”
2863 5737 2918 5794 Ρ.
2950 5722 3077 5779 5152-

2116 3067 2157 3126 C

2117 4409 2165 4466 D

2217 438 2444 510 virginis
2477 446 2793 510 conceptum
2824 453 2964 510 esse,
2999 438 3264 510 quatenus
3304 440 3398 493 fuit
3424 446 3579 510 genus
3603 460 3702 497 Sett-

2210 507 2328 583 silis
2350 507 2465 578 ejus
2484 508 2803 583 caruncula,
2821 507 2941 561 καθ’
2958 510 2986 562 ὃ
3000 507 3287 581 γεγένηται
3301 511 3357 563 τὸ
3379 507 3599 583 ais-0111M
3625 517 3708 568 αὖ·

2207 578 2302 633 τοῦ
2333 579 2576 650 σαρκίον.
2615 578 3108 651 Et_consequenter
3136 578 3401 650 quatenus
3427 578 3522 635 fuit
3541 587 3704 651 genita,

2209 648 2418 718 passam
2450 665 2589 714 esse,
2615 648 2775 704 τοῦτο
2805 650 3129 716 πεπονθότα,
3154 648 3218 706 ἐι
3244 648 3577 705 resurrexiise
3597 668 3711 708 unus

2207 722 2425 790 quidem
2473 721 2641 782 dicit,
2679 719 2774 790 alii
2822 734 2950 774 vero
2983 723 3258 786 audiunt,
3293 719 3481 776 ludatis
3526 726 3707 790 quidem

2208 789 2544 854 scandalum,
2579 789 2784 845 Graecis
2813 798 2995 845 autem
3025 791 3333 850 stultitiam.
3377 802 3432 844 ut
3456 789 3572 844 dicit
3594 793 3708 858 Ᾱιιθο

2207 860 2397 931 st-olus.
2442 860 2641 928 Aperte
2688 869 2872 914 autem
2923 859 3216 931 Scripturze
3248 870 3302 914 et
3355 861 3436 925 iis,
3469 863 3547 929 qui
3581 877 3710 916 aures

2207 929 2432 994 habent,
2459 945 2644 984 verum
2673 929 3202 996 ostemlentes,'illud
3231 932 3401 1000 ipsum
3429 932 3559 1000 quod
3583 946 3705 1000 passa

2206 1010 2287 1072 est
2319 1015 2447 1072 caro
2472 1039 2493 1072 ,ί
2539 1015 2699 1072 quam
2740 1002 2979 1072 suscepit
3011 999 3268 1072 Dominus
3291 1040 3306 1064 ,
3352 1000 3380 1052 ὃ
3419 999 3654 1054 πέπονθεν
3681 1004 3708 1072 ὴ

2207 1068 2362 1150 ςὰρξ,
2380 1068 2446 1140 ἣν
2472 1068 2758 1150 ἀνεςληφεν
2783 1070 2811 1122 ὁ
2833 1069 3059 1144 Κύριος,
3079 1070 3173 1125 Dei
3202 1071 3448 1126 virtutem
3471 1080 3521 1125 et
3538 1068 3707 1140 sapient;

2209 1141 2334 1193 tiam
2369 1141 2712 1194 annuntiant.
2739 1159 2757 1192 ι

2273 1211 2362 1274 Αι,
2384 1211 2615 1279 inquies,
2652 1223 2828 1264 nonne
2851 1209 3102 1266 Clemens
3123 1225 3242 1266 eam
3275 1209 3442 1265 solam
3473 1225 3561 1264 cur
3584 1209 3709 1266 Chri-

2205 1287 2320 1333 stus
2353 1279 2648 1334 comederit
2688 1281 2952 1334 rationem
3003 1280 3195 1341 ali‘ert,
3236 1297 3306 1335 ne
3336 1281 3452 1334 [icta
3484 1289 3535 1335 et
3562 1283 3709 1337 adum-

2204 1348 2355 1419 brata
2391 1364 2516 1404 caro
2560 1350 2628 1403 ab
2661 1364 2724 1404 eo
2759 1355 3012 1418 suscepta
3057 1350 3410 1405 crederetur?
3439 1349 3615 1403 Verum
3638 1359 3706 1419 qui

2205 1418 2320 1472 haec
2343 1419 2499 1474 nobis
2519 1419 2817 1484 objectant,
2844 1421 3084 1474 animum
3114 1436 3219 1474 non
3254 1421 3386 1474 satis
3413 1418 3709 1476 adverterunt

2204 1487 2343 1544 hanc
2392 1490 2655 1543 rationem
2710 1489 2784 1543 ibi
2841 1505 2871 1542 a
2920 1488 3196 1544 Clemente
3245 1488 3448 1555 aﬂ‘erri,
3498 1492 3607 1558 quia
3646 1497 3705 1546 sui

2204 1560 2462 1627 temporis
2493 1559 2798 1624 hmreticos,
2832 1558 2922 1627 qui
2958 1573 3143 1613 veram
3177 1559 3380 1614 Christi
3408 1575 3608 1614 carnem
3636 1578 3707 1618 ne-

2201 1629 2426 1692 gabant,
2466 1629 2702 1683 strictim
2734 1637 2790 1681 et
2819 1643 2918 1697 pro
2949 1645 3098 1684 more
3124 1645 3225 1684 suo
3258 1629 3490 1684 breviter
3513 1630 3707 1687 conlulat

2538 1698 2802 1766 Quamvis
2837 1700 3003 1769 igitur
3035 1714 3154 1754 eam
3185 1699 3354 1752 solam
3386 1701 3628 1754 rationem
3656 1706 3706 1756 ilii

2198 1767 2463 1832 attulerit,
2491 1771 2615 1838 quia
2649 1769 2714 1822 ad
2745 1767 3250 1824 illos‘confutandos
3278 1784 3398 1823 eam
3441 1771 3596 1824 solani
3623 1775 3706 1825 sut-

2199 1838 2364 1908 llcere
2389 1841 2631 1908 putabat;
2661 1840 2783 1892 inde
2815 1849 2990 1893 tamen
3017 1840 3153 1894 alias
3176 1840 3246 1894 ab
3273 1839 3366 1894 illo
3389 1841 3611 1896 exclusos
3628 1843 3708 1896 nul.

2195 1907 2282 1979 ius
2306 1907 2428 1979 jure
2470 1909 2664 1963 merito
2710 1909 2912 1963 inferre
2951 1920 3150 1976 potest.
3206 1910 3274 1963 Et
3323 1925 3449 1964 vero
3479 1910 3618 1964 aliam
3645 1913 3706 1966 illo

2196 1978 2318 2050 ipse
2357 1979 2554 2052 ibidem
2605 1980 2873 2048 suggerit.
2918 1979 3008 2032 Ait
3055 1981 3200 2052 enim
3230 1979 3279 2012 “
3307 1980 3506 2034 Christi
3534 1995 3705 2052 corpus,

2200 2049 2230 2098 r
2252 2049 2394 2120 quod
2423 2058 2611 2104 sancta
2649 2052 2848 2120 virtute
2896 2049 3302 2115 ccutinebatur,
3347 2059 3404 2103 ut
3433 2049 3702 2120 corpusne-

2194 2119 2435 2189 cessaria
2470 2134 2574 2173 non
2606 2118 2880 2189 postulare
2910 2120 3237 2184 ministeria,
3277 2129 3336 2172 ut
3362 2118 3698 2188 permaneat.»

2195 2188 2335 2256 Quid
2367 2191 2533 2261 enim,
2566 2188 2770 2258 quaeso,
2802 2189 2944 2261 aliud
2977 2190 3063 2244 his
3090 2191 3275 2245 verbis
3308 2189 3408 2261 sibi
3441 2189 3559 2261 v_ull,
3583 2206 3701 2261 quam

2193 2261 2474 2314 Christum
2503 2259 2633 2313 fami
2670 2268 2725 2313 et
2747 2260 2860 2323 siti,
2880 2259 3105 2328 aliisque
3130 2259 3576 2314 commotionibus
3597 2259 3700 2313 nulla

2194 2332 2516 2385 necessitate
2556 2329 2722 2384 fuisse
2773 2330 3112 2384 obnoxium?
3143 2329 3570 2400 quandoquidem
3615 2332 3700 2398 ejus

2193 2413 2390 2471 Corpus
2417 2417 2438 2447 ο
2465 2410 2656 2471 sancta
2681 2400 2882 2471 virtute
2911 2398 3314 2465 continebatur,
3339 2417 3357 2452 ι
3377 2398 3586 2471 δυνάμει
3608 2416 3699 2453 συν-

2191 2469 2448 2540 εχόμενον
2490 2469 2643 2541 ἁγίᾳ,
2686 2470 2790 2541 lioc
2817 2479 2902 2524 est
2947 2470 3256 2534 divinitate,
3292 2485 3411 2538 qua:
3441 2469 3595 2540 ipsum
3619 2473 3699 2539 ejus

2193 2553 2389 2608 Corpus
2425 2539 2639 2605 poterat
2670 2539 2787 2594 sine
2823 2551 2951 2607 potu
2992 2548 3047 2593 et
3088 2541 3213 2594 cibo
3239 2580 3255 2603 ,
3290 2539 3480 2608 quibus
3529 2541 3604 2593 alii
3635 2544 3700 2594 lio-

2193 2610 2365 2664 miues
2419 2609 2661 2680 indigent
2688 2649 2703 2672 ,
2735 2619 3075 2675 sustentare,
3101 2609 3265 2678 eique
3299 2612 3530 2680 prtebere
3568 2612 3697 2664 incre-

2191 2689 2398 2734 menta.
2434 2680 2516 2734 Ad
2571 2694 2751 2734 veram
2806 2680 2988 2748 itaque
3016 2721 3032 2745 ,
3075 2695 3268 2734 sanam
3303 2689 3359 2734 et
3393 2681 3695 2735 orthodoxam

2190 2764 2380 2819 eorum
2426 2749 2735 2819 opinionem
2782 2747 3030 2805 Clemens
3082 2751 3300 2804 accedit
3329 2788 3344 2812 .
3394 2751 3483 2818 qui
3525 2761 3696 2804 censent

2190 2817 2476 2873 Christum
2498 2819 2582 2874 bis
2605 2819 2677 2872 ita
2707 2833 2885 2884 usum,
2908 2831 2965 2874 ut
2987 2827 3166 2874 tamen
3189 2834 3298 2875 non
3328 2817 3611 2889 iudiguerit,
3629 2833 3695 2887 po-

2193 2891 2464 2958 tueritque
2489 2902 2686 2960 corpus
2707 2904 2860 2944 suum
2891 2893 3007 2944 sine
3044 2890 3264 2944 illorum
3290 2890 3592 2944 adminiculo
3614 2901 3696 2940 suto

2194 2968 2437 3029 tentare.
2487 2959 2652 3029 atque
2681 2975 2870 3014 omnes
2907 2961 3085 3026 famis,
3122 2960 3269 3024 sitis,
3301 2960 3494 3014 doloris
3523 2959 3695 3026 aliaeque

2191 3028 2508 3100 ail'ectiottes
2537 3028 2589 3083 in
2620 3044 2742 3082 eum
2776 3045 2881 3084 non
2913 3031 3228 3085 necessario
3256 3029 3412 3100 175
3439 3031 3695 3090 ceciderint,

2191 3102 2364 3199 seduin
2392 3099 2566 3199 libl‘e'ro|
2591 3101 2880 3199 voluntatis
2909 3102 3025 3199 ejus
3049 3101 3287 3199 ar'b'itﬂo
3313 3114 3521 3199 semper

2191 3171 2403 3239 positas.
2449 3169 2515 3223 Et
2553 3169 2669 3224 haec
2715 3173 2935 3236 quidem
2980 3171 3163 3225 Basilii
3201 3169 3387 3240 Magni
3406 3169 3471 3235 “,
3505 3178 3555 3224 ut
3596 3171 3695 3222 alios

2194 3250 2504 3311 taceamus,
2529 3251 2648 3294 erat
2672 3242 2963 3306 sententia,
2998 3255 3158 3311 quam
3193 3239 3313 3311 ipse
3339 3239 3422 3293 his
3449 3241 3606 3311 verbis
3626 3252 3693 3292 et-

2193 3309 2411 3376 primit:
2449 3310 2700 3364 Christus
2741 3326 2760 3360 ι
2785 3311 2897 3363 edit
2925 3321 2982 3366 et
3013 3309 3185 3376 bibit,
3213 3309 3340 3365 'non
3375 3311 3440 3364 iis
3470 3309 3693 3378 indigeas.

2195 3381 2288 3434 sed
2317 3380 2412 3434 tibi
2440 3393 2686 3433 normam
2715 3389 2878 3449 atque
2905 3384 3122 3436 modum
3149 3395 3365 3444 eorum,
3398 3393 3510 3448 qua
3531 3377 3692 3448 corpori

2191 3459 2248 3503 et
2281 3451 2529 3503 humanae
2559 3449 2682 3504 vita:
2715 3452 3020 3505 necessaria
3053 3453 3407 3514 conveniunt,
3439 3451 3689 3504 ostendens.

2194 3520 2286 3574 Sic
2310 3522 2491 3589 itaque
2516 3516 2686 3586 ﬂevit,
2718 3523 2963 3576 modeste
2993 3523 3278 3590 querendo
3303 3530 3357 3590 et
3390 3520 3691 3577 lamentando,

2194 3591 2523 3658 nimiumque
2540 3590 2778 3644 dolorem
2795 3599 2848 3644 et
2872 3589 3248 3646 vehementem
3270 3589 3691 3658 alllictioueniom-

2193 3661 2322 3714 nino
2351 3655 2670 3729 corrigendo
2689 3701 2704 3717 .
2733 3701 2747 3716 .
2775 3698 2790 3714 .
2815 3697 2832 3714 .
2861 3697 2876 3714 .
2911 3660 3379 3728 Quemadmodum
3407 3661 3536 3714 enim
3559 3655 3690 3715 cibus.

2193 3744 2354 3797 quem
2391 3729 2507 3797 ipse
2543 3730 2879 3800 degustavit,
2919 3746 3024 3786 nou
3053 3739 3138 3785 est
3171 3731 3491 3800 voluptatis,
3518 3730 3596 3800 sed
3620 3742 3690 3792 po-

2196 3800 2301 3855 tius
2329 3798 2670 3855 abstiuentia:
2697 3801 2941 3870 quaidam
2976 3801 3217 3866 occasio,
3247 3798 3387 3856 etut
3410 3798 3576 3870 paucis
3599 3810 3690 3870 con-

2194 3871 2328 3925 tenti
2363 3872 2566 3934 simus,
2598 3865 2924 3938 frugalitatis
2947 3865 3258 3939 exemplum
3285 3889 3300 3938 ;
3334 3865 3485 3926 sic'et
3515 3868 3613 3941 ejus
3632 3865 3690 3941 la:

2193 3955 2392 4010 cryma:
2425 3954 2532 3995 non
2582 3934 2740 3996 ﬂendi
2779 3943 2940 3997 nobis
2992 3934 3126 4006 lex;
3179 3934 3294 3996 sed
3321 3934 3688 4010 honeste'nendi

2194 4009 2383 4082 regula
2412 4011 2682 4081 quaedam,
2713 4014 3006 4066 secundum
3032 4025 3195 4081 quam
3226 4010 3475 4068 convenit
3515 4009 3688 4062 honesto

2192 4091 2249 4137 et
2295 4096 2418 4135 cum
2458 4084 2679 4152 decoro,
2707 4083 2942 4136 servatis
2974 4093 3183 4136 natura:
3230 4082 3432 4152 legibus
3453 4118 3469 4144 ,
3495 4091 3596 4152 qua:
3618 4086 3687 4152 tn-

2193 4153 2295 4210 stia
2339 4162 2473 4223 sunt
2520 4144 2782 4223 perterre.
2824 4171 2843 4205 ι
2873 4152 3175 4218 Contende,
3199 4144 3441 4213 obsecro,
3462 4144 3595 4223 hujus

2193 4223 2301 4278 silii
2331 4215 2940 4292 Magtii'Clernentisque
2972 4215 3346 4278 nostri-verba
3379 4229 3433 4273 et
3459 4215 3688 4292 dicta._l_lle

2194 4295 2327 4349 dicit
2348 4286 2628 4348 Chiistum
2651 4286 2952 4348 comedi—sse
2981 4295 3201 4362 quidem
3231 4303 3286 4347 et
3317 4292 3520 4353 bibisse,
3542 4286 3617 4340 sed
3638 4286 3686 4361 iis

2195 4369 2300 4418 no'n
2328 4365 2692 4433 indigentem;
2730 4364 2817 4418 hic
2848 4379 2974 4418 vero
3001 4379 3202 4431 corpus
3225 4362 3419 4418 Christi
3437 4367 3684 4433 necessum

2195 4435 2286 4488 illa
2323 4431 2794 4503 non—postulasse,
2833 4444 2889 4487 ut
2923 4444 3291 4504 permaneret.
3332 4432 3544 4504 Basilius
3565 4431 3686 4504 docet

2192 4497 2475 4558 Christum'
2494 4497 2791 4558 comedisse
2819 4513 2875 4558 et
2906 4497 3126 4568 bibisse,
3155 4514 3214 4557 ut
3252 4505 3305 4556 in
3335 4517 3396 4555 eo
3425 4497 3686 4574 frugalitati:

2190 4577 2515 4628 haberemus
2544 4574 2869 4643 exemplum;
2903 4573 3153 4629 Clemens
3179 4585 3379 4636 autem,
3408 4569 3684 4643 ne_Cb_ris|Iu

2188 4645 2499 4699 simulatum
2523 4639 2721 4714 corpus
2743 4645 3102 4715 assumpsisse
3135 4645 3428 4715 diceretur.
3451 4639 3568 4715 Qui}!
3589 4647 3684 4699 ετεο

2189 4718 2243 4769 iti
2279 4718 2364 4769 his
2400 4708 2696 4769 Cleuientis
2727 4716 2897 4783 magis
2925 4708 3088 4783 quam
3137 4720 3192 4768 in
3229 4713 3407 4768 Basilii
3445 4708 3595 4783 verbis
3621 4719 3683 4783 τε·

2176 4786 2550 4856 .prehensione
2565 4787 2615 4839 di
2622 4802 2784 4855 guunt
2801 4775 3114 4855 {Qui-plura
3127 4787 3205 4856 Vde
3229 4784 3465 4856 hisﬁscire
3486 4775 3680 4856 volucr“.

2189 4849 2233 4910 is
2263 4858 2536 4925 theologos
2569 4849 2886 4910 scolasticos
2914 4849 3091 4919 adeat,
3124 4855 3178 4910 iu
3212 4872 3271 4911 ιιι
3302 4855 3464 4925 Sent"
3491 4849 3677 4925 dislitlcf:

2189 4926 2274 4989 15,
2302 4936 2357 4980 et
2391 4914 2540 4979 invi).
2567 4925 2853 4990 Thomam,
2879 4940 2940 4978 ιιι
2965 4914 3131 4995 part”
3163 4935 3355 4995 quaest.
3385 4922 3464 4984 15,
3488 4925 3576 4972 art.
3598 4914 3623 4965 5
3641 4920 3680 4961 et

2186 5011 2365 5066 seqq.;
2397 4997 2814 5050 'l‘homassinum
2840 4999 2934 5050 lib.
2972 5011 3024 5050 tv
3061 4994 3310 5065 Theotog.
3335 4995 3676 5066 dogmatRC-‘d'j

2184 5057 2282 5130 “.-
2301 5057 2404 5131 ’19η
2443 5067 2530 5132 ίὸς
2567 5077 2624 5121 et
2659 5066 3006 5121 Coutautium
3041 5057 3303 5132 nostrum,
3337 5057 3598 5130 iu'preiat.
3626 5059 3676 5102 ad

2186 5136 2379 5191 Hilarii
2411 5137 2606 5208 Opera,
2639 5139 2666 5208 ς
2705 5139 2795 5190 151
2834 5150 2886 5190 et
2912 5153 3030 5206 seq.

2479 5652 2522 5683 “
2567 5655 2601 5707 ι.
2636 5668 2689 5716 v,
2726 5667 2779 5721 p.
2811 5650 2936 5706 525.
3025 5649 3070 5679 "
3109 5648 3308 5704 Strotn.
3341 5647 3376 5700 ι.
3407 5657 3471 5710 vr,
3495 5655 3540 5709 μ.
3572 5632 3660 5686 ιιι.
