3924 6306
624 297 656 369 ,ι
676 298 770 365 r59

1167 251 1177 259 ’
1265 294 1336 351 ιιι
1372 292 1797 352 CLEMENTEM
1839 290 2043 363 snex.
2078 294 2143 351 ι).
2180 291 2266 349 LE
2305 282 2593 350 NOL'RBY
2637 288 3087 351 DlSSERTATlO
3123 290 3188 352 ιι.

3654 295 3761 373 illo

636 431 825 490 aperta
863 428 1009 486 sunt,
1033 426 1089 473 nt
1118 418 1158 474 il
1188 418 1355 474 etiam
1404 420 1496 490 qui
1551 432 1679 488 erga
1716 418 2062 490 Clementem
2101 432 2204 471 uo-
2235 421 2279 479 Α
2311 415 2687 490 nostrum‘sibi
2721 429 2939 490 semper
2967 415 3509 490 nongcouslitisse,et_
3523 417 3669 490 libero
3688 423 3762 475 ho-

635 487 808 546 sirum
841 491 1066 545 minime
1101 503 1375 559 propenso
1399 487 1580 544 allecti
1605 487 1733 544 sunt
1785 493 1989 553 animo,
2040 487 2197 543 fateri

636 570 906 633 cogantur
953 560 1026 614 ibi
1066 560 1134 615 ab
1164 562 1282 630 ipso
1311 560 1743 633 vere_agnitam_
1766 559 1964 615 divina:
2012 559 2201 633 gratia

638 628 889 686 ad'bene
932 628 1199 701 agendum
1254 628 1657 701 necessitatem.
1702 628 1770 684 Et
1816 640 1969 701 certe
2022 628 2202 701 nullus

637 702 889 771 profecto
918 699 1002 755 es't
1034 710 1142 755 tam
1176 700 1345 755 hebes
1371 711 1425 754 et
1462 700 1650 755 tardus
1675 739 1692 763 ,
1733 699 1827 769 qui
1878 714 1987 754 non
2020 700 2200 771 videat

640 770 805 838 Quam
840 770 989 825 clare
1017 779 1069 824 et
1100 771 1387 840 perspicue
1429 771 1624 825 divinae
1668 771 1871 841 gratiae
1900 770 2202 841 necessitas

638 855 705 912 ac
732 842 899 896 libera
931 839 1168 896 hominis
1195 856 1317 912 cum
1342 857 1402 896 ea
1437 841 1644 911 agentis
1671 839 1915 912 operatio
1937 839 2136 896 ibidem
2169 854 2199 893 a

639 911 916 967 Clemente
945 921 1131 966 nostro
1156 910 1474 978 explicetur.

710 981 852 1053 Quid
917 991 1189 1053 praeterea
1227 982 1381 1053 quod
1440 984 1590 1037 πᾶσα
1640 979 1877 1053 ὠφέλειᾳ
1929 979 2199 1053 βιωτική,

643 1068 665 1105 ι
703 1051 916 1115 omnis,
958 1052 1217 1121 inquit”,
1265 1051 1494 1116 utilitas,
1546 1067 1669 1121 quae
1700 1053 1767 1105 ad
1818 1051 1983 1104 vitam
2033 1051 2201 1119 perti-

640 1131 753 1184 net,
787 1140 805 1172 ι
841 1122 944 1175 hoc
990 1132 1075 1175 est
1104 1121 1354 1190 qumlibet
1386 1123 1619 1176 hominis
1646 1123 1810 1186 actio,
1851 1135 1972 1189 quae
2009 1121 2077 1175 ad
2111 1121 2198 1176 vi-

641 1203 751 1246 tam
797 1201 1054 1245 aeternam
1108 1192 1525 1259 promerendam
1575 1192 1727 1247 utilis
1751 1199 1856 1255 est,
1894 1208 1913 1241 ι
1946 1205 2197 1260 suprema

639 1263 856 1328 quidem
891 1262 1099 1331 ratione
1153 1277 1181 1313 a
1231 1261 1344 1317 Deo
1393 1262 1793 1331 omnipotente,
1845 1260 1937 1330 qui
2003 1270 2199 1330 praeest

641 1332 929 1395 omnibus,
957 1330 1151 1393 Patre,
1185 1332 1467 1400 perﬁcitur
1498 1330 1595 1397 per
1639 1331 1834 1385 Filium
1860 1372 1876 1396 ,
1909 1331 2001 1400 qui
2034 1331 2197 1386 etiam

638 1410 927 1471 propterea
967 1410 1052 1456 est
1079 1412 1325 1457 servator
1352 1403 1615 1463 omnium,
1661 1403 1833 1469 inquit
1868 1400 2196 1470 Apostolus,

641 1478 875 1525 maxime
913 1480 1092 1527 autem
1123 1472 1382 1526 lidelium.
1431 1490 1450 1523 ι
1489 1472 1770 1539 Quomodo
1806 1481 1986 1525 autem
2018 1472 2200 1526 omnis

642 1542 732 1595 illa
769 1540 998 1605 utilitas,
1028 1555 1123 1596 seu
1151 1544 1287 1595 bona
1315 1543 1458 1597 actio
1482 1558 1509 1594 a
1539 1544 1648 1597 Deo
1687 1542 1848 1596 Patre
1874 1554 1971 1609 per
2002 1541 2197 1596 Filium

642 1610 942 1681 perﬁcitur,
993 1612 1099 1666 nisi
1156 1611 1415 1666 interiore
1467 1619 1523 1665 et
1574 1613 1755 1667 divina
1815 1611 1959 1666 illius
1998 1613 2197 1681 gratia,

641 1684 759 1736 siue
797 1696 901 1750 qua
928 1683 1088 1737 homo
1112 1682 1243 1735 nihil
1276 1682 1398 1735 boni
1448 1692 1501 1737 et
1552 1681 1618 1736 ad
1665 1690 1925 1737 aeternam
1967 1684 2198 1738 salutem

642 1751 995 1807 conducentis
1020 1750 1196 1806 facere
1227 1767 1462 1820 unquam
1491 1752 1702 1820 potest?

711 1821 873 1894 Plura
903 1821 947 1875 si
978 1821 1155 1894 adhuc
1178 1823 1457 1894 desideres
1476 1865 1490 1888 ,
1526 1838 1588 1877 ea
1610 1864 1624 1887 ,
1658 1836 1874 1894 quaeso,
1902 1820 2191 1894 diligenter

641 1891 877 1957 attende,
913 1906 1032 1959 quae
1054 1891 1120 1944 ab
1147 1906 1213 1947 eo
1239 1892 1366 1946 alibi
1420 1893 1640 1959 scriptis
1677 1891 1886 1947 tradita
1939 1891 2069 1948 sunt
2094 1894 2141 1925 ὀ
2171 1910 2187 1948 :

644 1978 668 2013 ι
694 1959 912 2015 Clarum
948 1970 1053 2025 est,
1085 1963 1298 2024 aiebat,
1338 1964 1482 2030 quod
1533 1959 1727 2016 bonam
1765 1963 2001 2032 ipsorum
2034 1971 2192 2018 natu-

643 2045 757 2083 ram
782 2044 835 2084 et
871 2042 1116 2085 sanctum
1145 2032 1450 2086 institutmn
1479 2034 1786 2096 honorans,
1822 2033 1889 2088 iis
1932 2033 2022 2101 qui
2054 2034 2191 2088 bene

641 2100 829 2172 vivere
876 2102 1308 2167 constituerunt,
1346 2103 1492 2156 vires
1545 2103 1775 2172 inspirat
1823 2106 1889 2157 ad
1920 2100 2188 2171 reliquam

642 2170 893 2236 salutem,
928 2172 1065 2226 alios
1092 2172 1305 2240 quidem
1333 2170 1847 2239 solum'adhortans,
1884 2173 2007 2227 aliis
2036 2170 2186 2240 vero,

640 2241 733 2313 qui
759 2255 824 2295 ex
865 2255 925 2295 se
950 2241 1093 2311 digni
1123 2251 1447 2313 evaserunt,
1473 2257 1630 2313 opem
1668 2242 1960 2298 ferens.....
1984 2244 2189 2309 Quem-

641 2310 929 2383 admodum
953 2320 1133 2373 autem
1163 2312 1401 2383 medicus
1425 2310 1628 2381 praebet
1675 2313 1958 2368 sanitatem
1997 2314 2066 2368 iis
2096 2315 2188 2383 qui

638 2396 797 2449 opem
822 2381 872 2435 ei
909 2381 1085 2435 ferunt
1116 2383 1183 2436 ad
1216 2382 1500 2437 sanitatem
1522 2423 1538 2450 ,
1567 2383 1641 2436 ita
1671 2385 1832 2437 etiam
1867 2384 2007 2439 Deus
2030 2381 2191 2439 teter-

641 2465 766 2505 nam
819 2452 1049 2505 salutem
1091 2453 1172 2506 eis
1207 2453 1297 2521 qui
1342 2467 1498 2523 opem
1538 2453 1613 2506 illi
1656 2453 1859 2515 ferunt.
1889 2464 1942 2508 et
1967 2469 2091 2508 cum
2124 2469 2190 2508 eo

639 2531 1004 2589 cooperantur
1026 2528 1090 2574 an
1112 2523 1475 2592 cognitionem
1501 2533 1555 2578 et
1576 2525 1642 2578 ad
1667 2526 1837 2578 bonas
1858 2527 2120 2579 actiones.
2164 2543 2183 2577 ι

638 2592 709 2644 At
755 2592 1009 2647 observes
1050 2591 1212 2646 velim
1265 2594 1456 2648 horum
1505 2594 1795 2648 Clementis
1841 2595 2129 2649 verborum
2167 2611 2183 2652 :

644 2677 666 2712 ι
709 2660 809 2729 Qui
840 2675 906 2715 ex
942 2662 1191 2732 se_digni
1235 2674 1545 2732 evaserunt,
1581 2683 1602 2716 ι
1634 2679 1757 2719 eum
1780 2679 1886 2719 non
1915 2679 2036 2719 esse
2065 2679 2189 2720 sen-

639 2745 757 2803 sum
781 2771 796 2795 ,
827 2732 897 2785 iis
926 2747 956 2786 a
1005 2730 1122 2786 Deo
1142 2746 1300 2802 apem
1349 2731 1505 2800 ferri,
1540 2734 1631 2803 qui
1665 2753 1684 2785 r
1723 2749 1791 2789 ex
1821 2750 1902 2800 se,
1938 2751 1959 2786 ι
1997 2749 2092 2790 seu
2121 2751 2188 2791 ex

639 2802 772 2874 solis
803 2810 1010 2857 natura:
1044 2818 1155 2874 suae
1180 2803 1405 2874 viribus,
1446 2804 1539 2859 sed
1560 2802 1664 2874 qui
1701 2821 1722 2856 ι
1754 2819 1824 2859 ex
1863 2819 1961 2869 se,
1996 2823 2018 2857 ι
2064 2820 2187 2860 cum

638 2871 822 2945 divina
847 2872 1144 2945 gratia,ttti
1162 2872 1365 2945 dictum
1392 2871 1754 2945 est,agéntes,
1779 2884 1837 2930 et
1857 2875 1994 2945 bona
2021 2889 2188 2945 opera

640 2942 936 2996 etiicientes
971 2960 991 2993 ι
1036 2942 1181 3010 digni
1227 2942 1597 2998 evaseruntCi
1632 2943 1707 2998 lbi
1747 2946 1891 2999 enim
1938 2942 2189 2999 Clemens

640 3013 761 3084 de_¢
794 3014 1066 3082 guostico,
1100 3030 1123 3084 ρ
1157 3027 1253 3067 seu
1291 3012 1527 3082 perfecto
1581 3015 1887 3070 Christiano
1928 3015 2187 3084 loquitur,

639 3082 732 3150 qui
766 3098 871 3135 non
903 3084 1075 3137 solum
1098 3082 1270 3151 iustus
1296 3094 1380 3137 est
1411 3086 1675 3140 habituali
1699 3125 1715 3148 ,
1741 3096 1802 3138 ut
1837 3082 2192 3153 aiunt,justi-

640 3153 738 3217 tia,
768 3156 861 3206 sed
894 3153 984 3219 qui
1026 3154 1186 3207 etiam
1236 3155 1499 3210 maximos
1534 3156 1586 3208 in
1632 3156 1938 3209 Christiana
1987 3157 2189 3210 virtute

639 3221 769 3296 fecit
820 3236 1163 3296 progressus:
1211 3223 1549 3296 Quapropter
1620 3228 1815 3281 ibidem
1866 3224 2131 3296 adjecit“
2172 3241 2191 3285 :

643 3309 663 3342 ι
699 3290 853 3345 Hunc
878 3290 1096 3362 quicque
1137 3293 1281 3348 Deus
1322 3290 1540 3362 adjuvat
1586 3290 1968 3365 propinquiore
2010 3298 2191 3355 hono-

638 3376 769 3415 rans
794 3364 1095 3420 curatione.
1151 3383 1171 3417 ›
1220 3366 1421 3432 Aperte
1469 3364 1633 3431 igitur
1675 3364 1834 3421 docet
1878 3367 2124 3422 Clemens
2141 3372 2191 3405 "

640 3432 889 3506 homines
905 3444 976 3506 ut
1015 3435 1149 3506 bene
1172 3443 1388 3500 aganta
1436 3433 1547 3491 Deo
1582 3436 1822 3506 adjuvari
1868 3452 1974 3490 non
2011 3444 2186 3493 solum

637 3502 1136 3574 adhortationibus,
1158 3520 1254 3559 seu
1287 3515 1512 3559 externa
1544 3502 1720 3574 aliqua
1745 3547 1761 3572 ,
1793 3521 1982 3561 verum
2016 3508 2189 3562 etiam

638 3573 898 3627 interiore
922 3575 1097 3644 gratia
1123 3616 1139 3641 ,
1186 3587 1342 3643 Opem
1384 3576 1490 3630 illis
1537 3573 1781 3642 ferendo,
1811 3577 1882 3630 ita
1908 3588 2086 3634 tamen
2128 3588 2189 3633 ut

558 3674 581 3687 -
636 3657 759 3720 cum
787 3644 906 3720 illo,
928 3647 1395 3720 tanquama'groti
1446 3662 1567 3720 cum
1608 3649 1838 3712 medico,
1865 3646 2187 3720 συνεργοῦσι

634 3712 1008 3788 πρὸςῗγνῶσίν
1029 3731 1089 3767 τε
1128 3717 1222 3769 καὶ
1262 3712 1588 3788 ἐύπραστίαν,
1639 3734 1659 3769 ι
1712 3712 2070 3788 cooperculo}
2118 3722 2183 3775 ad

635 3787 1005 3843 cognitionem
1034 3796 1091 3839 et
1119 3788 1288 3841 bonas
1315 3787 1576 3843 aetioues.
1618 3806 1638 3840 ι

757 3855 952 3930 enique
996 3857 1327 3930 pauloante
1358 3857 1574 3913 dixerat
1621 3857 1871 3930 eumdem
1905 3875 1925 3909 ι
1974 3859 2183 3930 gnosti-

635 3938 782 3984 cum.
823 3943 843 3976 ι
872 3925 1084 3979 etiamsi
1117 3927 1182 3981 ad
1211 3941 1479 3981 summum
1510 3927 1888 3982 conscenderit
1915 3925 2180 3996 cognitio-

633 3995 721 4066 nis
750 3996 996 4066 apicem,
1039 4012 1069 4047 a
1099 3996 1205 4050 Deo
1252 4007 1431 4051 tamen
1476 3998 1751 4066 postulare
1777 4037 1792 4063 ,
1832 4008 1891 4052 ut
1941 3995 2183 4054 edntem-

632 4063 801 4135 platio
833 4076 1117 4135 augeatur,
1147 4076 1202 4121 et
1226 4066 1280 4119 in
1311 4063 1512 4138 virtute
1530 4076 1583 4122 et
1603 4067 1812 4138 justitia
1836 4083 2051 4138 semper
2069 4084 2182 4138 tua-

635 4143 765 4188 neat
787 4143 842 4189 et
862 4146 1167 4203 perseveret
1198 4154 1211 4190 :
1245 4155 1264 4188 ι
1292 4136 1393 4204 Qui
1436 4136 1616 4193 autem
1655 4138 1721 4191 ad
1757 4136 2025 4192 summdm
2067 4137 2180 4205 jam

633 4205 883 4279 pervenit
910 4206 1237 4274 cognitionis
1263 4210 1489 4276 gradum
1509 4248 1524 4273 ,
1550 4217 1800 4279 precatur
1831 4218 1888 4263 ut
1935 4218 2207 4263 contetn-'

631 4273 806 4348 platio
826 4273 1089 4348 augeatur
1113 4273 1170 4330 et
1200 4273 1517 4346 permaneat
1538 4273 1565 4341 ;’
1597 4281 1739 4333 sicut
1769 4281 1861 4348 qui
1895 4288 1978 4333 est
2018 4280 2181 4335 homo

633 4345 899 4419 vulgaris,
931 4353 989 4398 ut
1016 4345 1102 4419 sit
1140 4345 1399 4419 perpetuo
1448 4363 1633 4405 sanus.
1691 4345 1810 4405 1am
1858 4363 1990 4404 vero
2033 4360 2182 4418 petet

631 4415 796 4469 etiam
824 4425 942 4489 ut_a
978 4415 1173 4470 virtute
1198 4415 1472 4489 nunquam
1496 4420 1730 4483 excidat,
1768 4421 2001 4474 maxime
2029 4415 2182 4489 adju-

2307 487 2473 541 minis
2500 485 2726 540 arbitrio
2753 485 2873 554 plus
2910 501 3071 555 qnam
3094 484 3103 494 '
3126 488 3223 554 par
3266 497 3380 542 erat
3435 487 3668 554 tribuisse,
3703 504 3765 544 at-

2299 570 2407 623 que
2452 558 2588 610 adeo
2628 555 2778 609 illum
2837 556 3035 611 divina:
3088 558 3275 623 gratiae
3323 559 3655 612 necessitatem
3693 564 3764 612 ali.

2299 628 2519 695 quando
2547 626 2831 688 minuisse.
2855 641 2919 681 ac
2946 642 2977 680 e
2999 626 3174 682 medio
3196 637 3400 681 tantum
3424 643 3519 682 non
3545 629 3765 686 sustulisse

2299 697 2564 751 audacter
2599 704 2879 751 accusant.
2906 696 3109 767 'Utrum
3150 706 3328 751 autem
3352 696 3489 765 insta
3516 698 3590 753 vel
3616 698 3763 767 iniusta

2298 767 2369 821 sit
2399 767 2512 821 hac
2547 767 2844 837 accusatio,
2873 782 3023 821 nunc
3050 765 3472 837 investigandum
3498 779 3589 822 est.

2369 837 2425 891 ln
2456 852 2564 908 quo
2611 834 2801 908 itaque
2828 837 3011 908 Δεἰιιιιιι
3054 838 3125 892 sit
3165 834 3389 908 liberum
3424 838 3633 908 hominis
3658 839 3762 892 arbi-

2301 905 2489 973 trium,
2520 920 2612 961 seu
2637 905 2872 961 hominis
2903 905 3151 973 libertas,
3182 908 3261 963 sic
3285 906 3522 962 Clemens
3541 907 3762 965 deﬁnit“:

2307 994 2327 1028 ι
2365 977 2420 1031 ld
2445 985 2531 1032 est
2559 978 2612 1032 in
2632 985 2819 1031 nostra
2851 986 3123 1045 potestate
3143 1022 3158 1044 ,
3186 978 3340 1046 cujus
3378 992 3442 1031 ex
3478 992 3613 1044 aequo
3634 994 3763 1034 sumas

2300 1047 2527 1109 domini,
2575 1061 2697 1100 cum
2737 1060 2802 1101 eo
2854 1048 2998 1114 quod
3039 1048 3087 1102 ei
3117 1053 3455 1113 adversatur,
3492 1057 3548 1101 ιιι
3586 1048 3763 1116 philoso-

2300 1118 2479 1187 phari,
2508 1116 2598 1172 vel
2623 1130 2729 1170 non
2753 1132 2771 1182 ;
2801 1127 2856 1172 et
2884 1117 3128 1179 credere.
3145 1127 3200 1172 et
3222 1131 3328 1171 non
3354 1119 3581 1172 credere.
3602 1117 3763 1175 Perbo:

2301 1201 2467 1258 ergo,
2503 1187 2644 1258 quod
2678 1201 2868 1241 sumus
2906 1202 3067 1258 seque
3109 1188 3763 1258 participesiutriusqueeo-
3834 1187 3835 1253 ἓ

2301 1256 2442 1321 ruin,
2468 1257 2750 1325 quaeinter
2769 1271 2826 1311 se
2853 1256 3232 1323 adversantur,
3257 1257 3518 1312 invenitur
3539 1256 3636 1313 licri
3661 1274 3763 1327 pone

2301 1327 2353 1381 id
2383 1330 2525 1398 quod
2552 1336 2635 1381 est
2660 1327 2725 1398 in
2752 1336 2936 1382 nostra
2979 1336 3272 1398 potestate.
3309 1328 3596 1395 Quinetiam
3622 1344 3762 1397 prece
3834 1327 3835 1398 ἦ

2300 1405 2390 1466 pta
2409 1397 2673 1466 ejusmodi
2695 1412 2724 1451 a
2749 1397 2904 1452 nobis
2929 1407 3156 1467 possunt
3180 1399 3320 1461 ﬁeri,
3349 1406 3403 1454 et
3428 1413 3527 1451 non
3556 1398 3671 1461 ﬁeri,
3690 1415 3762 1465 qua

2300 1477 2721 1522 consentaneum
2747 1477 2830 1521 est
2865 1477 2926 1522 ut
2973 1479 3345 1537 consequatur
3383 1468 3496 1523 laus
3532 1478 3582 1523 et
3616 1470 3761 1537 Vitupe—

2301 1539 2475 1603 ratio;
2504 1547 2559 1592 et
2590 1538 2685 1608 qui
2718 1552 2906 1593 rursus
2935 1539 3230 1607 puniuntur
3265 1549 3483 1608 propter
3507 1553 3590 1601 ea.
3613 1540 3762 1607 quasi
3834 1538 3835 1595 ἲ

2301 1608 2435 1675 ipsis
2463 1608 2698 1679 admissa
2738 1619 2866 1662 sunt
2909 1619 3155 1679 peccata,
3188 1620 3412 1679 propter
3439 1609 3548 1677 ipsa
3589 1608 3679 1662 sola
3705 1624 3763 1677 pu-
3834 1634 3835 1655 ξ

2301 1679 2542 1732 niuntur.
2576 1696 2595 1730 ι
2626 1677 2706 1748 lbi
2746 1677 3164 1733 certeﬁhomiuis
3192 1677 3493 1734 libertatem
3531 1679 3579 1733 in
3605 1682 3763 1748 seposi-

2302 1756 2412 1801 tam
2440 1761 2566 1803 esse
2585 1747 2735 1810 dicit,
2770 1759 2827 1818 ut
2858 1751 3031 1818 possit
3061 1750 3265 1817 aliquid
3293 1749 3473 1804 facere
3510 1750 3582 1803 vel
3614 1747 3693 1802 non
3714 1750 3760 1801 la-

2297 1831 2443 1882 cere,
2472 1826 2528 1872 ει
2554 1827 2613 1873 ιιι
2634 1819 2749 1888 ipse
2781 1817 3030 1889 Clemens
3058 1821 3299 1889 loquitur
3323 1858 3341 1885 ,
3369 1819 3580 1873 credere
3604 1828 3676 1872 aut
3695 1834 3760 1872 nos

2290 1889 2660 1970 credermnac
2713 1888 3088 1970 philosophari
3128 1888 3235 1944 aut
3286 1906 3394 1970 non
3458 1890 3760 1970 philosqpbari.

2291 1957 2444 2030 Quod
2465 1958 2690 2030 quidem
2713 1957 2845 2017 illud
2868 1957 3043 2028 ipsum
3072 1970 3155 2015 est
3176 2001 3192 2022 ,
3218 1961 3365 2030 quod
3390 1957 3682 2030 scholastici
3703 1974 3760 2013 no-

2292 2029 2393 2101 stri
2419 2029 2730 2101 libertatem
2766 2031 3217 2101 contradictionis
3238 2029 3531 2101 appellant.

2359 2097 2498 2172 Quid
2515 2100 2767 2172 sitetiam
2789 2099 3175 2167 voluntarium,
3199 2097 3329 2170 ipse
3343 2115 3550 2172 quoque
3581 2101 3647 2154 sic
3661 2114 3760 2154 enato

2291 2169 2442 2242 rat“
2474 2169 2965 2242 :_LYoluntarium
2996 2183 3101 2235 est,
3130 2169 3380 2242 veliqund
3416 2182 3496 2223 est
3539 2186 3597 2229 ex
3622 2172 3757 2242 appeti:

2290 2238 2458 2302 tione.
2484 2239 2645 2310 179
2672 2242 2755 2294 vel
2781 2242 2926 2306 quod
2947 2255 3015 2296 ex
3052 2238 3308 2296 instituto
3336 2256 3401 2295 ac
3432 2242 3690 2299 electione.
3709 2240 3758 2292 rel

2289 2310 2431 2381 quod
2451 2326 2517 2363 ex
2544 2309 2873 2381 cogitatione
2903 2328 2918 2365 :
2959 2330 2978 2365 ι
3011 2311 3072 2366 τὸ
3102 2312 3162 2366 δὲ
3181 2312 3430 2366 ἑκούσιον
3454 2310 3486 2381 ἢ
3509 2311 3565 2364 τὸ
3586 2311 3676 2364 κατ’
3693 2309 3761 2381 ὁρε-

2290 2328 2431 2373 quoa
2451 2328 2517 2363 ex
2544 2328 2610 2365 co
2649 2328 2873 2366 natione
2903 2328 2918 2365 :
2959 2330 2978 2365 ι
3011 2328 3072 2366 το
3102 2328 3162 2366 οε
3181 2328 3430 2366 εκουσιον
3454 2328 3486 2381 η
3509 2328 3565 2364 το
3586 2328 3665 2364 κατ
3693 2328 3757 2381 ape-

2290 2377 2373 2456 ξίν
2389 2381 2578 2456 Δ(ἔστιν,
2600 2328 2643 2453 ἧς
2660 2380 2727 2456 ’ξδ-
2744 2381 3234 2456 κατὰ-προαιρεσιν
3256 2423 3272 2448 ,
3297 2384 3333 2454 ἢ
3357 2382 3421 2436 τὸ
3439 2382 3571 2435 κατὰ
3586 2380 3757 2456 διάγοιενἒ

2289 2452 2358 2523 A_t
2382 2448 2649 2523 Clemens,
2676 2452 2761 2507 bis
2794 2448 2974 2523 verbis
3021 2448 3202 2523 potius
3252 2448 3399 2509 unde
3430 2463 3483 2508 et
3508 2468 3596 2507 cur
3622 2451 3758 2518 aliquid

2290 2520 2360 2572 sit
2383 2521 2748 2594 voluntarium
2784 2520 3053 2594 explicat}
3080 2538 3247 2594 quam
3299 2535 3598 2580 accuratam
3631 2523 3759 2575 volos-

2292 2590 2414 2669 tarii
2438 2591 2814 2669 deﬁnitionem
2840 2590 3114 2669 exhibet;
3290 2666 3302 2669 _
3630 2661 3641 2669 ,
3708 2659 3717 2669 ,

2361 2660 2416 2714 ln
2446 2660 2550 2714 hac
2572 2669 2750 2717 autem
2780 2664 3029 2718 humana:
3057 2665 3359 2729 libertatis,
3390 2680 3481 2720 seu
3512 2661 3642 2717 liberi
3665 2660 3758 2714 arbi-

2291 2732 2383 2785 trii
2411 2746 2475 2786 ac
2510 2732 2805 2787 voluntarii
2837 2732 3242 2808 explicatione,
3300 2734 3611 2808 nihilplane
3632 2738 3759 2808 estis!

2291 2816 2395 2856 non
2436 2816 2628 2874 sanum
2655 2810 2747 2874 aut
2765 2816 2876 2857 non
2909 2801 3298 2861 orthodOmm.
3322 2801 3690 2874 Quid'igitur‘i
3709 2801 3758 2853 bis

2290 2873 2623 2949 caponendis
2649 2871 2901 2940 Clemens
2932 2876 3221 2949 peccavit?
3251 2870 3417 2949 Nihil
3443 2870 3598 2949 certe.
3629 2870 3758 2949 01915:

2289 2938 2480 3013 obl-em
2522 2938 2812 3012 diligenter
2856 2938 3132 3012 expendas
3157 2947 3322 3001 velim
3343 2988 3359 3013 ,
3405 2946 3493 3000 ubi
3527 2945 3685 2997 morosi
3714 2938 3758 2991 illi

2292 3011 2539 3067 homines
2568 3011 2691 3066 eum
2715 3020 2887 3068 statos
2912 3011 3054 3070 vera:
3082 3011 3353 3072 doctrinm
3396 3016 3584 3071 limites
3614 3020 3757 3080 preter-

2291 3096 2533 3158 gressum
2560 3097 2686 3158 esse
2708 3083 3090 3158 criminantur.
3140 3087 3315 3142 Nobis
3370 3096 3543 3158 autem
3571 3082 3757 3158 objicislt

2296 3154 2470 3207 tribus
2500 3154 2553 3206 in
2585 3152 2721 3207 locis
2751 3152 2954 3222 aliquid
2980 3156 3200 3211 lmmaui
3227 3158 3382 3212 liberi
3406 3154 3601 3211 arbitrii
3625 3152 3758 3204 viribus

2293 3223 2413 3292 plus
2439 3238 2593 3291 :equo
2621 3226 2689 3278 ab
2724 3221 2858 3292 ipso’
2877 3228 3104 3280 concedi
3139 3237 3197 3281 et
3228 3229 3478 3283 attribui.
3516 3225 3685 3279 Primus
3706 3232 3758 3284 pe-

2297 3292 2429 3361 titur
2453 3308 2521 3348 ex
2550 3294 2698 3349 illius
2728 3292 2795 3348 ad
2823 3305 3012 3361 gentes
3038 3297 3437 3361 Admonitioue.
3465 3297 3547 3350 ubi
3575 3303 3668 3361 past
3689 3292 3757 3341 Ιια

2297 3309 2429 3346 utur
2453 3309 2521 3348 ex
2550 3309 2698 3349 unus
2728 3309 2795 3348 aa
2859 3309 3012 3350 entes
3038 3309 3437 3361 Admomttoue.
3465 3309 3547 3350 um
3633 3309 3668 3344 st
3689 3309 3755 3341 nu

2290 3360 2493 3439 Christi
2517 3364 2717 3439 verba:
2756 3381 2776 3415 ι
2812 3309 3061 3439 gestulm
3101 3376 3195 3439 est
3238 3382 3463 3439 regnum
3499 3309 3755 3436 εωιῒιιιιιω

2292 3436 2567 3507 continuo
2577 3433 2832 3507 Clemens
2874 3436 3207 3507 subnectit”
3240 3455 3256 3492 :
3291 3433 3330 3490 ι’
3346 3438 3577 3507 Vestrum
3609 3442 3700 3507 est,
3730 3433 3757 3507 ξι

2291 3504 2490 3571 velitis,
2534 3503 2759 3558 liberam
2803 3506 2969 3559 animi
3012 3506 3351 3564 voluntatem
3407 3510 3470 3562 ad
3514 3506 3653 3559 Deum
3674 3501 3757 3553 diri-

2290 3575 2502 3642 gendo;
2533 3573 2578 3628 si
2605 3583 2814 3628 tantum
2844 3576 3040 3641 velitis,
3077 3579 3322 3645 inquam,
3358 3578 3757 3645 credere,ctr9m-
3834 3608 3835 3617 η

2292 3645 2543 3712 pendium
2578 3645 2735 3714 sequi
2766 3642 3184 3714 praedicationis.
3225 3669 3244 3701 ι
3296 3648 3568 3703 Secundus
3607 3645 3647 3696 in
3672 3642 3757 3693 libro

2290 3711 2525 3788 Secundo
2580 3711 2908 3788 Stromatum
2969 3717 3040 3770 ita
3092 3719 3299 3788 legitur
3330 3719 3377 3751 ⁸⁸
3424 3733 3441 3770 :
3478 3735 3496 3767 ι
3528 3716 3756 3788 Νοελιυιω

2289 3786 2379 3857 qui
2408 3784 2655 3857 liberact
2676 3784 2922 3839 absoluta
2960 3784 3233 3854 potestate
3280 3789 3482 3857 eligere
3514 3797 3565 3841 et
3601 3784 3757 3856 vitare}
3834 3806 3835 3857 ι

2289 3854 2518 3908 Domino
2535 3854 2740 3928 _(_latum
2764 3869 2894 3928 esse
2909 3857 3224 3913 hominibus
3255 3876 3283 3912 a
3317 3854 3758 3928 scripturisacccpio

2291 3938 2429 3998 mus.
2477 3942 2497 3976 ι
2534 3923 2754 3998 Tertius
2776 3926 3011 3998 denique
3034 3944 3100 3983 ex
3133 3930 3224 3983 his
3258 3923 3499 3998 ejusdem
3514 3925 3618 3981 libri
3641 3925 3758 3998 verbis

2288 3992 2572 4067 decerptus
2604 3995 2679 4067 ab
2703 3995 2783 4050 eis
2804 3992 2969 4049 fuit"
3003 4014 3021 4052 ι
3049 4018 3067 4049 ι
3100 3992 3349 4056 Deiectio
3372 4041 3388 4067 ,
3412 4010 3465 4053 et
3490 3994 3754 4065 recessusel
3834 4024 3835 4035 ι

2290 4064 2653 4141 inobedientia
2676 4074 2805 4120 sunt
2845 4068 2898 4118 in
2937 4079 3122 4141 nostra
3159 4064 3617 4141 potestate,_sicu_t
3651 4064 3756 4141 ςιιπι

2286 4135 2444 4188 estin
2467 4144 2652 4208 nostra
2679 4143 2942 4203 potestate
2963 4134 3293 4194 obedientia.
3320 4139 3566 4208 Quocirca
3583 4134 3756 4205 judiﬂl'

2289 4211 2376 4256 tur
2407 4206 2573 4258 etiam
2611 4220 2732 4275 qua:
2758 4217 2885 4261 sunt
2908 4209 3233 4264 voluntaria.
3271 4230 3290 4262 ι
3347 4206 3359 4208 ’
3711 4266 3720 4275 ,

2358 4275 2465 4330 Sed
2484 4274 2637 4344 quid,
2665 4277 2861 4331 amabo
2886 4286 2957 4345 te,
2985 4278 3071 4333 his
3102 4281 3280 4335 tribus
3313 4281 3367 4335 in
3402 4278 3527 4333 locis
3560 4274 3754 4346 occari".

2286 4347 2432 4414 quod
2451 4342 2607 4418 verte
2632 4354 2687 4400 et
2714 4342 2997 4418 catholicae
3040 4352 3104 4403 de
3138 4351 3318 4408 libero
3353 4348 3572 4406 hominis
3601 4342 3755 4418 arbitr"

2289 4411 2549 4470 doctrina:
2573 4417 2901 4485 statutisque
2928 4419 2997 4473 de
3021 4419 3113 4474 illo
3131 4420 3372 4478 decretis
3405 4430 3457 4475 et
3476 4411 3756 4473 sanctiouiW

630 4499 771 4561 trans
789 4495 845 4541 et
871 4486 1010 4540 dans
1044 4502 1287 4561 operam,
1331 4485 1401 4543 ἰιι
1449 4499 1713 4561 perpetuo
1768 4499 1983 4561 maneat
2035 4485 2180 4554 ejds-
2213 4485 2258 4540 D
2289 4502 2391 4539 non
2416 4487 2501 4561 s_i_t_
2515 4485 2673 4561 plane
2697 4490 3163 4544 consentaneum?
3190 4490 3443 4561 Nunquid
3472 4489 3751 4561 Clemens)?

629 4557 798 4618 modi,
826 4566 892 4626 ut
933 4571 1041 4609 non
1089 4560 1261 4626 possit
1285 4557 1565 4614 excidere.
1604 4577 1625 4611 ι
1678 4558 1781 4625 Qui
1821 4571 2000 4615 autem
2047 4561 2181 4613 dicit

628 4625 1105 4695 contemplationis
1131 4628 1469 4685 incrementa
1497 4644 1563 4684 ac
1599 4628 1848 4684 ultimam
1877 4630 1930 4683 in
1958 4632 2101 4685 bono
2127 4641 2183 4685 et

628 4696 833 4749 virtute
874 4699 1332 4770 perseverantiam
1378 4714 1406 4751 a
1441 4698 1547 4753 Deo
1579 4702 1687 4769 peti
1720 4708 1777 4753 et
1820 4698 2085 4770 ﬂagitari,
2136 4703 2182 4757 is

628 4776 780 4838 certe
822 4770 922 4821 hoc
949 4782 1054 4820 non
1092 4769 1144 4821 in
1184 4784 1280 4823 sua
1319 4778 1591 4838 potestate
1620 4771 1805 4836 situm,
1838 4769 1933 4825 sed
1969 4787 2182 4826 merum

629 4838 723 4893 Dei
751 4837 954 4892 donum
983 4848 1039 4892 et
1071 4839 1301 4907 gratiam
1331 4854 1451 4894 esse
1478 4842 1775 4895 existimat.

1152 4929 1547 4989 ARTICULUS
1587 4933 1647 4987 ll.

624 5021 889 5079 Delibero
911 5023 1138 5078 [laminis
1172 5024 1425 5096 arbitrio,
1442 5035 1499 5096 et
1527 5034 1703 5079 utrum
1730 5024 1969 5080 Clemens
2001 5027 2049 5081 ei
2065 5025 2187 5096 plus

1186 5111 1337 5166 raquo
1360 5095 1617 5149 tribuerit.

694 5184 1261 5259 Vidimusbactenus
1317 5192 1478 5256 quam
1535 5188 1691 5259 plene
1761 5198 2184 5259 constanterque

622 5256 901 5329 Clemens,
963 5258 1029 5313 iis
1082 5260 1248 5313 etiam
1288 5260 1379 5328 qui
1409 5260 1507 5329 ipsi
1535 5256 1765 5314 'miuime
1805 5260 1989 5314 favent
2039 5256 2183 5316 ultro

622 5327 958 5400 latentibus,
1010 5344 1275 5384 summam
1306 5327 1502 5400 gratiae
1541 5331 1745 5400 Christi
1800 5331 2180 5385 necessitatem

622 5399 892 5465 docuerit,
921 5401 1208 5471 palamque
1232 5399 1505 5471 professus
1528 5399 1712 5455 fuerit.
1744 5400 1941 5456 Verum
1973 5401 2046 5455 illi
2080 5402 2181 5468 ipsi

621 5482 811 5591 rerum
841 5472 981 5540 aequi
1010 5470 1332 5526 orthodete
1369 5471 1717 5540 antiquorum
1764 5472 2094 5540 scriptorum
2124 5481 2182 5528 et

648 5541 844 5591 ’atrum
874 5539 1140 5591 doctrinae
1165 5544 1530 5591 aestimatores
1554 5545 1803 5591 eumdem
1845 5543 2179 5591 Clementem

648 5541 844 5593 ’atruin
874 5539 1140 5597 doctrinae
1165 5539 1530 5597 aestimatores
1554 5545 1803 5598 eumdem
1845 5539 2179 5598 Clementem

692 5702 738 5735 ”
762 5702 962 5776 S_trom.
991 5703 1030 5760 l.
1058 5718 1132 5771 vr,
1161 5721 1212 5776 p.
1247 5704 1371 5761 695.
1447 5705 1494 5737 ’θ
1516 5704 1553 5759 l.
1587 5719 1684 5768 vn,
1708 5718 1761 5773 p.
1797 5703 1925 5761 727.
1996 5705 2043 5737 “
2074 5704 2203 5760 ibid.

2287 4568 2403 4611 ster
2432 4547 2652 4630 ibi-ullo
2681 4572 2907 4630 prorsus
2941 4562 3101 4614 modo
3130 4577 3231 4617 nos
3263 4547 3463 4630 ab'sque
3492 4557 3644 4630 divina
3669 4547 3754 4630 Set:

2286 4626 2491 4703 vatoris
2515 4626 2689 4696 gratia
2720 4627 2803 4703 vel
2827 4630 3108 4684 minimum
3142 4634 3275 4701 quid
3301 4626 3443 4686 recte
3464 4639 3514 4683 ει
3529 4626 3755 4703 Caret???

2289 4692 2656 4771 credereI‘ant
2683 4698 2771 4771 pie
2799 4710 2854 4752 ει
2889 4712 3077 4755 sanete
3103 4692 3241 4757 ve'lle
3263 4702 3351 4756 vel
3374 4713 3544 4771 agere.
3569 4692 3754 4771 dif“???

2291 4768 2564 4821 asseruit?
2591 4762 2813 4823 Minime
2841 4772 3082 4837 quidem.
3116 4771 3182 4826 Et
3206 4787 3336 4828 vero
3369 4762 3557 4825 ta'ntuiu
3582 4763 3697 4816 abes!
3718 4762 3754 4805 ³⁸

2295 4837 2347 4890 id
2363 4837 2595 4912 dixerit,
2624 4842 2897 4912 autetiam
2914 4843 3258 4909 cogitaverit,
3287 4843 3415 4912 quin
3436 4841 3592 4912 potius
3610 4837 3752 4912 ερεξηῇ

2299 4908 2374 4961 uti
2409 4901 2660 4972 vidimus,
2706 4901 3075 4965 Christianam
3126 4901 3451 4968 Iidem'essé
3492 4906 3576 4962 Dei
3613 4901 3753 4972 dent!!!

2297 4979 2571 5051 praedicet.
2608 4969 2746 5047 Quid
2783 4996 2932 5047 vero,
2958 4982 3104 5051 quod
3143 4984 3233 5037 ille
3257 5024 3274 5051 ,
3312 4984 3388 5036 uti
3427 4980 3574 5034 etiam
3599 4969 3756 5051 an???

2296 5036 2656 5104 observatum~
2674 5058 2776 5116 est,
2805 5036 3177 5109 disertissimis
3208 5036 3390 5107 verbis
3417 5050 3651 5116 asseverat
3665 5036 3755 5116 lib?

2300 5133 2441 5189 rum,
2485 5121 2627 5188 quod
2684 5110 2943 5176 in'nohis
2988 5133 3106 5190 cst,
3136 5123 3434 5184 arbitrium,
3482 5130 3573 5173 non
3608 5110 3755 5190 absft'lf

2274 5168 2441 5265 ,ὲὶἱὶίῖ
2442 5168 2627 5244 ιεῗῦὲῖ
2644 5168 2821 5265 gelu;
2828 5168 2910 5247 ad
2918 5168 3043 5248 1κῖιῖ
3048 5168 3071 5247 ἶ
3088 5168 3624 5265 indagantem.
3645 5168 3753 5265 si}?!

2288 5242 2353 5313 ea
2377 5242 2497 5331 qua
2520 5242 3157 5331 ἓιιῤεῖἓὲιὶιῖηὲῆιῖέιὶιιιῖ
3166 5242 3367 5331 ξ’ὄυῖιῖ
3378 5242 3751 5331 "unaquaque

2289 5320 2411 5404 ιιι)ιῖ
2426 5320 2615 5386 minus
2630 5335 2911 5404 perspicue
2937 5334 3115 5401 docet,
3139 5320 3569 5404 queinadmodutn
3588 5320 3755 5404 2499f?

2288 5402 2484 5465 vimus,
2517 5420 2536 5451 ι
2574 5393 2885 5458 universum
2921 5422 2941 5456 ι
2970 5420 3075 5459 non
3100 5393 3225 5460 res-se
3251 5406 3306 5459 in
3328 5412 3504 5458 nostra
3526 5393 3753 5467 potestate,

2287 5473 2726 5549 quandoquidem
2761 5474 3065 5549 pei‘gratia
3097 5472 3413 5549 servampr?
3644 5521 3710 5549 Am

2360 5526 2551 5598 Plures
2575 5526 2706 5599 sane
2733 5526 2827 5599 alii
2867 5526 2937 5601 in
2954 5526 3611 5603 Clemetitisnsvtromatiiu
3642 5526 3751 5580 aliis-

2280 5704 2764 5779 "_ibid.,gp.7726.
2855 5707 3130 5764 "Strom.
3162 5710 3308 5777 LIV,
3348 5701 3533 5779 p.536.
3592 5692 3745 5753 "tu.

619 5788 676 5847 p.
705 5773 827 5829 587.
906 5775 954 5807 ”
976 5773 1205 5832 Admoti.
1239 5782 1303 5831 ad
1338 5785 1512 5848 gent.,
1544 5792 1598 5847 p.
1624 5778 1711 5832 ϐξ.
1790 5776 2055 5832 “Strom.
2091 5777 2128 5830 Ι.
2162 5791 2189 5832 ι]

2294 5819 2305 5831 .
2340 5777 2463 5832 363.
2539 5773 2582 5809 θ’*
2620 5777 2776 5847 lbed.,
2806 5795 2856 5835 ι).
2883 5780 3007 5850 .586.
