3786 6294
160 290 299 350 ttts
576 333 617 368 ,ι

1355 292 1443 355 tu:
1480 294 1705 352 uanis
1744 293 2195 367 STBOMATUM.

3254 294 3392 353 HM

152 411 289 486 bare
316 412 574 468 volebant
599 413 1008 486 generationem
1039 416 1290 486 corporis
1325 418 1522 471 malam
1554 434 1678 472 esse
1701 461 1715 479 .
1749 420 1795 476 A
1822 432 1984 485 quam
2034 415 2228 470 malam
2260 430 2366 469 non
2395 430 2516 471 esse
2552 414 2850 480 contendit,
2896 413 3247 484 generatione
3290 418 3391 470 im-

152 482 353 537 lisdem
385 482 1177 554 quoque‘conlleietprobari.
1231 488 1373 555 quod
1427 487 1588 542 iidem
1635 489 1711 544 illi

157 561 308 607 recte
339 562 397 624 et
429 564 740 608 constanter
783 557 1075 624 negabant,
1129 556 1323 612 malam
1378 567 1434 614 et
1466 559 1714 613 vitiosam

154 623 502 704 esseanimte
531 623 958 704 generationem.
984 623 1216 680 Tantum
1248 636 1428 704 autem
1459 630 1635 704 abest,
1659 638 1718 684 ut

154 693 476 768 Cassianus,
520 693 764 768 ejusque,
817 708 1008 751 contra
1069 710 1203 762 quos
1248 699 1498 753 Clemens
1539 693 1718 768 dispu-

156 764 321 837 ηυξ,
352 773 653 837 sectatores
683 766 1037 837 depravatum;
1076 769 1272 820 animae
1310 764 1713 837 generationem

154 832 477 906 crederent.
510 835 639 903 quin
665 832 845 902 potius
873 835 911 888 ii
943 835 1064 906 ipsi,
1098 845 1155 888 ut
1179 832 1715 903 alibi'ostendimus,

155 903 941 961 contendebantsubstantiam
966 903 1278 962 animarum
1320 924 1442 963 esse
1486 908 1578 962 Dei
1620 925 1717 963 na-

157 974 518 1040 ιρι-διαρκῆ
555 985 731 1028 autem
780 991 925 1030 sana:
962 978 1155 1031 mentis
1200 978 1364 1032 homo
1392 979 1603 1034 inﬁcias
1638 983 1718 1034 ire

155 1041 396 1097 voluerit
422 1042 790 1119 hociunicum
826 1049 891 1099 ad
924 1046 1192 1119 hominem
1214 1089 1229 1113 ,
1264 1059 1321 1101 ιιι
1357 1050 1529 1113 aiunt,
1556 1064 1717 1119 argu-

152 1122 423 1176 mentum.
478 1118 545 1167 ad
596 1115 884 1169 absurdam
945 1118 1328 1173 hatreticorum
1385 1120 1599 1174 illorum
1626 1115 1719 1175 'de

153 1181 295 1255 mala
337 1184 585 1255 corporis
608 1187 956 1255 generatione
981 1189 1294 1254 opinionem
1317 1190 1533 1255 penitus
1558 1204 1717 1246 ever-

151 1253 375 1322 tendam
409 1254 650 1322 potuisse
678 1254 940 1309 Clementi
976 1253 1159 1311 nostro
1184 1253 1466 1313 sufﬁcere?

224 1321 668 1400 Quamvisergo
713 1325 801 1377 ille
829 1325 896 1400 de
922 1336 1145 1396 peccato
1183 1328 1437 1400 originali
1479 1328 1612 1384 nihil
1645 1330 1716 1385 ibi

149 1404 383 1460 prorsus
414 1393 682 1457 dixisset,
715 1410 778 1447 ex
813 1393 936 1462 ejus‘
974 1405 1151 1451 tamen
1205 1393 1419 1453 silentio
1472 1400 1717 1455 concludi

152 1462 347 1538 nequit
375 1462 524 1538 abeo
552 1475 639 1518 aut
668 1466 887 1538 minime
910 1467 1277 1535 agnitatn,aut
1302 1480 1549 1538 negatam
1575 1471 1717 1524 illius

152 1531 443 1600 originalis
465 1537 676 1601 peccati
704 1534 903 1588 labem.
928 1531 1066 1602 Quid
1096 1539 1238 1592 enim
1263 1578 1280 1601 ,
1313 1531 1508 1594 amabo
1546 1548 1597 1592 te
1623 1579 1637 1603 ,
1671 1540 1718 1596 si

151 1603 506 1657 doctissimus
536 1604 625 1657 ille
651 1606 733 1657 vir
764 1620 1082 1673 persuasum
1132 1609 1320 1662 habuit
1358 1610 1425 1663 ad
1469 1609 1721 1664 refellen-

150 1674 252 1747 dos
274 1675 445 1747 hosce
479 1674 763 1747 litereticos
788 1676 933 1747 nihil
957 1676 1057 1731 sibi
1083 1688 1218 1747 opus
1246 1692 1387 1738 esse.
1420 1688 1478 1732 ut
1505 1681 1571 1734 ad
1606 1680 1718 1733 ori-

150 1743 351 1817 ginalis
371 1745 580 1817 peccati
611 1746 1005 1815 expositionem
1031 1743 1383 1817 confugeret?
1402 1747 1540 1816 Quid
1568 1765 1717 1811 vero.

147 1815 195 1867 uti
213 1814 515 1889 haereticos
543 1814 929 1889 interrogando
949 1857 965 1881 ,
987 1832 1083 1889 eos
1109 1819 1176 1870 ad
1199 1814 1476 1887 publicam
1505 1821 1710 1889 peccati

147 1883 438 1957 originalis
453 1886 844 1957 confessionem
859 1888 1019 1941 etiam
1036 1883 1232 1941 invitos
1253 1903 1446 1957 cogere
1462 1883 1717 1944 voluerit?

222 1900 228 1936 ι
275 1898 438 1937 tnatts
453 1898 844 1941 contessnonem
859 1898 1019 1941 etiam
1037 1898 1232 1941 invitos
1253 1903 1446 1957 cogere
1462 1898 1713 1944 voluerit?

222 1898 671 2021 argebistamen
710 1954 960 2010 Ieremia:
996 1956 1159 2010 verba
1211 1960 1280 2011 ab
1331 1961 1447 2026 ipso
1490 1974 1596 2014 nou
1646 1960 1713 2015 de

151 2035 384 2095 peccato
409 2025 688 2095 originali,
720 2029 816 2079 sed
845 2027 911 2080 tle
946 2028 1122 2095 populi
1156 2025 1388 2093 peccatis
1425 2041 1479 2085 et
1524 2031 1709 2085 inobe-

148 2094 359 2147 dientia
403 2094 702 2169 explicari.
733 2094 1244 2169 Jerentias’quippe
1267 2138 1282 2165 ,
1313 2101 1485 2169 inquit
1522 2110 1714 2155 auctor

148 2173 362 2227 uoster,
403 2178 465 2218 ea
505 2165 768 2233 protulit:
805 2183 823 2217 ι
854 2165 972 2220 Non
1025 2165 1272 2222 absolute
1320 2165 1709 2226 exsecrandam

148 2233 347 2289 dicens
372 2237 817 2309 generationem,
855 2237 1157 2309 sed_p0puli
1191 2248 1411 2307 peccata
1459 2255 1603 2309 aegre
1635 2240 1714 2294 fe-

149 2312 392 2379 rens,_et
424 2306 865 2379 inobedientiam.
889 2325 933 2379 ι
960 2306 1158 2362 Verum
1190 2306 1433 2379 iumquid
1464 2306 1715 2366 Cletnens

147 2374 291 2447 dixit
320 2374 665 2447 banc_solam
695 2390 817 2431 esse
849 2378 1180 2447 objectorum
1213 2374 1413 2435 sihi'ab
1446 2382 1715 2435 haereticis

147 2445 443 2497 verborum
476 2445 1013 2520 interpretationem.
1047 2463 1144 2520 nec
1178 2449 1341 2520 ullam
1373 2452 1533 2505 aliam
1559 2468 1712 2520 teque

149 2526 337 2591 serant
366 2528 399 2567 a
433 2528 704 2585 quoquam
733 2516 914 2591 alferri
950 2519 1144 2587 posse?
1164 2518 1324 2591 illanc
1354 2522 1535 2591 itaque
1556 2562 1570 2585 ,
1605 2516 1710 2576 alia

148 2584 379 2657 minime
406 2584 655 2656 excepta,
691 2588 902 2654 attulit;
940 2584 1063 2657 quia
1094 2590 1208 2643 sola
1237 2593 1302 2645 atl
1326 2584 1709 2647 destruendum

147 2653 558 2728 hereticorutn'
575 2671 817 2711 errorem
847 2653 1005 2728 plane
1027 2658 1345 2716 sulllciebat.

214 2725 302 2778 Ad
356 2724 571 2792 objecta
625 2737 807 2781 autem
847 2724 935 2783 'ab
983 2728 1255 2784 haereticis
1312 2733 1426 2786 haec
1492 2729 1713 2788 Davidis

144 2797 319 2869 verba
344 2816 357 2851 :
393 2812 414 2847 ι
462 2796 795 2869 lu_pec.catis
841 2811 1140 2869 conceptus
1191 2816 1329 2864 sum,
1386 2819 1405 2852 ι
1457 2815 1579 2855 cum
1637 2816 1714 2854 re-

148 2865 385 2940 spondet
413 2882 484 2940 :‘C
516 2867 581 2921 Et
618 2868 661 2921 si
698 2868 749 2921 in
794 2865 1030 2938 peccatis
1075 2868 1183 2940 fuit
1223 2880 1522 2940 conceptus
1546 2911 1562 2937 ,
1617 2874 1710 2926 sed

148 2953 253 2989 non
282 2938 403 3011 ipse
434 2937 489 3011 in
520 2949 748 3011 peccato
768 2978 783 3001 ,
813 2954 989 3011 neque
1016 2954 1143 2993 vero
1175 2938 1289 3011 ipse
1323 2937 1641 3009 peccatum;
1685 2960 1703 2992 ι

146 3009 397 3080 nunquid
424 3008 549 3080 jure
580 3008 772 3080 merito
799 3010 955 3080 argui
1007 3008 1207 3079 potest’
1247 3008 1446 3065 tmllam
1489 3025 1711 3080 prorsus

146 3079 359 3146 peccati
386 3077 673 3147 originalis
709 3077 906 3134 fecisse
932 3077 1302 3134 ιιιιέιιιξοιιθιιιῖ
1341 3081 1418 3135 lbi
1448 3077 1593 3134 enim
1622 3083 1711 3136 ille

1825 486 2099 556 pulsiones
2131 495 2198 556 et,
2239 496 2419 541 motus
2465 500 2588 541 esse
2636 499 2824 542 revera
2885 486 3225 556 impietates,
3287 489 3388 541 nisi

1825 553 2139 625 persuasum
2190 555 2307 622 ipse
2352 560 2574 610 omnino
2602 556 2855 611 habuerit
2904 553 3181 609 hominem
3234 556 3387 610 nasci
3465 599 3471 605 .

1822 627 2069 695 originali
2101 626 2505 694 coinquinatmn
2526 635 2770 694 peccato,
2802 640 2868 678 ex
2901 640 3008 691 quo
3035 635 3292 694 tanquam
3318 641 3389 680 ex

1826 696 1975 750 fonte
2008 708 2065 751 et
2096 697 2267 764 prima
2298 696 2507 763 origine
2534 696 2854 751 exoriuntur
2884 696 2961 748 illi
3004 700 3152 763 pravi
3186 704 3386 761 motus,

1823 767 2632 838 perversmqtte_impulsiones,
2695 785 2714 818 ι
2759 780 2857 837 per
2900 780 3037 836 quas
3071 765 3235 820 Deum
3282 782 3387 821 non

1823 836 2294 909 cognoscimus?!
2411 907 2421 909 _
2696 906 2711 909 _
2764 836 2769 837 ί
2870 904 2884 909 _
2924 905 2937 909 _
3195 905 3211 909 _
3376 906 3377 909 η

2013 855 2020 864 -
2275 853 2294 886 ι

1889 853 2197 962 iiéoiiiiiii':
2211 853 2387 960 :idhuc
2409 907 2672 962 instarent
2695 904 2959 965 hmretici.
2997 914 3166 976 atque
3189 905 3387 961 ""9""

1825 985 2083 1045 putarent
2107 991 2167 1031 se
2194 976 2320 1031 inde
2344 991 2500 1044 posse
2522 977 2844 1032 concludere
2864 976 3061 1029 malam
3086 976 3309 1031 omnino
3336 986 3391 1029 et

1825 1063 1879 1118 a__
1906 1048 2125 1102 diabolo
2161 1061 2300 1118 esse
2332 1046 2570 1102 hominis
2600 1046 3005 1118 generationem
3028 1087 3043 1109 ,
3100 1058 3392 1115 eapropter

1824 1116 2076 1172 Clemens
2106 1114 2310 1170 addidit
2333 1131 2452 1171 eam
2475 1114 2700 1171 eatenus
2723 1131 2845 1186 esse
2866 1118 3084 1181 bonam,
3119 1114 3390 1186 quatenus

1825 1202 1922 1256 per
1951 1188 2116 1257 ipsam
2155 1187 2321 1239 Deum
2354 1189 2751 1257 cognoscimus.
2773 1185 2885 1240 Nisi
2910 1189 3054 1239 enim
3096 1185 3207 1241 nati
3239 1202 3391 1243 esse-

1825 1250 1980 1327 mus,
1991 1250 2155 1311 Deum
2172 1257 2356 1325 utique
2370 1250 2639 1325 nunquam
2664 1260 3026 1326 potuissemus
3039 1273 3387 1327 cognoscere.

1896 1325 2061 1381 Vides
2100 1327 2263 1395 igitur
2282 1329 2554 1393 quomodo
2583 1325 2831 1382 Clemens
2859 1342 3086 1396 pravum
3112 1325 3389 1383 haeretico-

1827 1410 1945 1451 rum
1995 1396 2062 1469 de
2095 1396 2233 1449 mala
2289 1397 2523 1469 hominis
2579 1400 2929 1469 generatione
2980 1411 3253 1469 errorem
3291 1400 3387 1469 de.

1824 1468 2107 1526 struendo.
2139 1475 2194 1521 et
2222 1468 2399 1521 varias
2426 1482 2617 1521 eorum
2650 1469 2888 1522 rationes
2923 1483 2990 1521 ex
3029 1483 3183 1523 sacra
3231 1468 3387 1523 Scri-

1823 1545 1978 1607 ptura
2015 1537 2210 1607 petitas
2246 1537 2523 1607 diluendo.
2582 1539 2648 1593 de
2679 1537 2957 1605 originalis
3001 1538 3211 1606 peccati
3264 1537 3387 1595 labe

1827 1606 2118 1677 pravisque
2175 1606 2321 1659 illius
2367 1606 2648 1677 effectibus
2696 1609 2910 1677 penitus
2963 1623 3069 1662 non
3123 1609 3386 1674 tacuerit,

1826 1676 2105 1749 multoque
2129 1678 2322 1749 Διιιίιιιιξ
2349 1676 2479 1730 illttd
2509 1677 2672 1749 fuerit
2698 1676 2995 1749 inliciatus.
3030 1679 3271 1749 Denique
3305 1688 3387 1732 ta-

1750 1782 1794 1838 Β
1825 1746 1984 1838 mets}
2011 1744 2142 1838 illud
2161 1746 2397 1838 ein-nino
2427 1748 2624 1838 tacitus
2654 1748 2748 1838 ibi.
2770 1744 3385 1838 prfelertnisissct,“quia

1821 1816 1982 1870 etiam
2011 1815 2129 1870 sine
2159 1816 2304 1870 illius
2338 1815 2856 1872 commemoratione
2879 1833 3069 1872 onmes
3098 1815 3385 1874 haeretico-

1820 1901 1937 1938 rum
1971 1886 2348 1959 cavillationes
2375 1886 2583 1942 solvere
2612 1901 2665 1941 et
2694 1900 2944 1943 evertere
2991 1887 3246 1944 facillime
3292 1904 3390 1959 po-

1819 1963 2076 2028 tera_t,_ex
2108 1956 2226 2023 ejus
2251 1959 2435 2022 utique
2453 1959 2694 2028 silentio,
2729 1966 3076 2028 quantumvis
3098 1956 3382 2025 altissimo,

1814 2025 2296 2098 conlicinunquam
2312 2027 2509 2093 poterit
2524 2025 2771 2094 negatum
2794 2028 2861 2082 ab
2878 2029 2991 2097 ipso
3011 2029 3176 2084 fuisse
3195 2043 3390 2098 pecca-

1818 2094 2225 2167 tutuoriginale,
2240 2106 2334 2150 aut
2348 2111 2449 2149 non
2468 2099 2700 2167 agnitam
2717 2094 3016 2166 ejuslabem
3029 2109 3082 2154 et
3098 2094 3384 2153 maculam.

1889 2164 2097 2239 Contra
2107 2176 2301 2239 tamen
2339 2164 2576 2234 insurget
2604 2164 2835 2222 fortasse
2863 2169 3085 2237 aliquis,
3118 2170 3385 2239 nobisque

1815 2233 2037 2307 objiciet
2060 2235 2395 2307 Clementem
2423 2233 2666 2291 nostrum
2690 2249 2909 2307 putasse
2942 2233 3254 2294 sanctorum
3287 2233 3389 2294 sal-

1817 2314 1921 2379 tem
1956 2306 2233 2360 hominum
2260 2306 2404 2379 filios
2429 2309 2576 2362 nasci
2609 2306 2891 2379 originalis
2919 2311 3128 2379 peccati
3162 2314 3382 2379 penitus

1817 2374 2086 2430 immunes
2122 2390 2210 2450 iul
2265 2376 2464 2450 Eorum
2498 2374 2791 2449 siquidem,
2840 2374 3016 2450 inquit
3070 2374 3176 2435 ille'
3209 2380 3258 2413 ⁸ο
3287 2382 3382 2449 qui

1816 2454 1942 2498 sunt
1974 2445 2317 2519 sa‘nctillca‘ti,
2340 2445 2600 2519 sanctum
2639 2463 2876 2519 quoque,
2913 2445 2970 2505 ut
3009 2460 3161 2519 puto,
3192 2445 3375 2504 semen

1816 2525 1920 2588 est.
1966 2533 1985 2567 ι
2016 2515 2122 2570 Sed
2151 2530 2311 2588 verus
2339 2516 2534 2572 horum
2563 2515 2850 2573 verborum
2887 2515 3080 2574 sensus
3116 2528 3175 2573 ut
3208 2521 3385 2588 perci-

1814 2587 2012 2655 piatur,
2041 2594 2187 2640 totus
2215 2587 2366 2641 locus
2395 2587 2780 2642 describendus
2801 2598 2883 2643 est
2911 2607 2923 2642 :
2953 2608 2973 2640 ι
3008 2589 3368 2655 Sceleratmn,

1813 2660 1890 2707 ait
1940 2654 2214 2719 Clemens,
2275 2658 2519 2711 dicentes
2575 2658 2660 2711 isti
2707 2674 2828 2712 esse
2859 2659 3097 2721 coitum,
3156 2659 3245 2726 qui
3281 2658 3383 2727 ipsi

1813 2739 2025 2797 quoque
2053 2734 2109 2797 ut
2126 2727 2507 2792 consisterent,
2531 2742 2596 2797 ex
2620 2729 2764 2782 coitu
2795 2742 3077 2797 accepere,
3103 2732 3381 2797 quomodo

1816 2809 1925 2867 non
1964 2794 2167 2867 fuerint
2197 2797 2490 2850 scelerati?
2518 2796 2717 2851 Eorum
2748 2794 2940 2851 autem
2964 2797 3057 2867 qui
3087 2794 3215 2851 sunt
3255 2813 3381 2853 san-

1814 2863 2061 2937 etilicati.
2084 2876 2355 2937 sanctum
2395 2881 2634 2936 quoque,
2663 2877 2720 2919 ιιι
2748 2880 2897 2937 puto.
2933 2863 3118 2923 sémen
3164 2879 3267 2922 est.
3303 2874 3380 2924 Ac

1815 2934 1972 2987 nobis
2001 2935 2219 3001 quidem
2271 2934 2431 2990 debei
2460 2934 2580 2990 esse
2629 2934 3004 2995 sanétilicatus
3055 2955 3163 2992 non
3200 2938 3375 2993 solum

1814 3004 2054 3071 spiritus,
2072 3005 2172 3077 sed
2206 3014 2483 3077 etmores,
2506 3017 2567 3077 et
2594 3009 2721 3072 vita,
2747 3020 2800 3061 ct
2827 3024 3048 3077 corpus.
3086 3009 3219 3062 Nam
3245 3025 3378 3076 qua-

1816 3088 1943 3127 nam
1984 3074 2192 3146 ratione
2222 3076 2355 3129 dicit
2385 3074 2584 3131 Paulus
2613 3080 2887 3146 apostolus
2919 3074 3040 3133 esse
3065 3074 3377 3135 sauctillca-

147 3132 319 3200 itnum
354 3132 456 3217 pro
475 3132 609 3210 sua,
650 3161 741 3201 seu
771 3132 950 3216 potius
982 3132 1707 3206 cantant};'eéétesia'séiil
1736 3132 1781 3191 ο
1817 3153 1952 3217 tam
1978 3143 2255 3217 mulierem
2311 3160 2341 3200 τι
2387 3146 2543 3212 Viro.
2600 3132 2690 3201 Nil
2733 3150 2905 3203 Virum
2954 3165 2983 3203 ὃ
3037 3150 3307 3203 muliere?
3351 3169 3371 3204 ο

149 3219 357 3283 tentia;
413 3217 644 3271 alterum
678 3229 868 3271 contra
907 3219 1127 3288 impium
1157 3220 1403 3274 Cassiani
1446 3221 1706 3288 aliorum-

146 3303 249 3356 que
275 3288 662 3360 btereticorum
688 3284 1053 3360 commentum
1093 3292 1483 3359 pronuntiavit.
1518 3284 1581 3345 Et
1611 3307 1707 3360 pro

147 3372 243 3410 sua
274 3359 500 3428 quidem
538 3359 949 3428 orthodoxaque
991 3363 1259 3414 sententia
1293 3363 1429 3416 dixit
1461 3380 1474 3417 :
1515 3359 1625 3417 Καὶ
1659 3365 1706 3417 ει

145 3429 203 3482 ὲν
226 3427 533 3500 ἁμαρτίαις
566 3427 892 3499 συνελήφθη,
922 3446 942 3480 t
968 3441 1018 3484 et
1052 3432 1095 3484 si
1125 3432 1176 3484 in
1200 3435 1434 3500 peccatis
1456 3431 1553 3485 fuit
1575 3449 1707 3487 cou-

144 3510 358 3568 ceptus.
401 3515 421 3551 ι
474 3500 672 3553 Contra
714 3500 997 3553 haereticos
1030 3514 1190 3555 vero:
1229 3502 1369 3555 Ἀλλ’
1405 3503 1503 3556 οὐκ
1545 3503 1706 3568 αὐτὸς

143 3571 200 3623 ἂν
226 3568 502 3641 ἁμαρτίᾳ,
533 3568 655 3621 οὐδὲ
684 3568 779 3640 μὲν
804 3569 1045 3642 ἁμαρτία
1076 3572 1258 3636 αὐτὸς,
1277 3590 1305 3624 ,ι
1337 3574 1428 3627 sed
1459 3589 1561 3626 non
1595 3574 1705 3641 ipse

144 3641 200 3694 in
254 3652 507 3708 peccato,
558 3655 733 3710 neque
782 3641 1052 3710 veroipse
1096 3652 1397 3707 peccatum.
1445 3662 1464 3695 ι
1495 3643 1703 3709 Quibus

144 3712 397 3781 profecto
422 3710 600 3781 verbis
622 3709 870 3781 Clemens
897 3709 1081 3765 noster
1100 3713 1239 3765 haud
1273 3714 1504 3768 obscure
1530 3714 1705 3766 decla-

147 3778 254 3844 rat,
292 3780 455 3851 182
486 3783 705 3851 etiamsi
738 3778 924 3848 David,
956 3793 1011 3834 ιιι
1038 3782 1303 3837 catholica
1337 3788 1493 3837 docet
1523 3783 1707 3837 Eccle-

145 3852 246 3922 sia,
289 3853 345 3904 iu
370 3850 636 3922 peccatis,
661 3850 714 3905 id
743 3861 826 3903 est
860 3852 1105 3921 originali
1139 3862 1385 3922 peccato.
1413 3864 1704 3922 conceptus

145 3920 353 3987 fuerit;
399 3935 505 3974 non
535 3921 658 3975 inde
684 3934 864 3974 tamen
898 3924 964 3975 ab
1002 3920 1273 3977 haereticis
1319 3938 1479 3992 posse
1506 3920 1696 3979 inferri

145 3993 295 4048 illum
328 3992 388 4046 itt
410 4003 654 4059 peccato,
685 3992 768 4044 vel
805 3993 981 4059 potius
1010 4002 1291 4062 peccatum
1325 3994 1511 4059 fuisse,
1539 4009 1606 4048 eo
1624 3994 1706 4047 ni-

145 4065 345 4117 mirutn
382 4076 568 4122 sensu,
589 4075 701 4129 quo
721 4061 798 4115 illi
828 4061 991 4115 stulte
1012 4061 1250 4117 omnino
1277 4064 1588 4132 garriebant
1625 4062 1705 4117 vi-

147 4135 343 4188 tiosam
384 4141 441 4186 et
483 4140 795 4204 corruptam
845 4147 965 4188 esse
999 4132 1246 4204 Davidis,
1280 4142 1705 4204 ceterorumque

147 4205 434 4258 hominum
482 4203 885 4273 generationem
913 4243 929 4264 .
984 4202 1211 4273 ejusque
1259 4215 1535 4260 auctorem
1596 4202 1701 4261 non

149 4273 315 4327 Deum
341 4287 489 4333 esse.
524 4272 618 4326 sed
645 4272 938 4327 diabolum.

212 4344 463 4415 Denique
489 4357 591 4396 non
613 4343 788 4415 minus
798 4351 1006 4415 attenta
1033 4343 1465 4399 consideratione
1481 4344 1703 4415 dignum

144 4416 366 4469 videtur
390 4412 683 4485 Clementis
706 4414 772 4466 ad
795 4413 1026 4469 Michteaa
1053 4417 1214 4469 verba
1234 4412 1569 4485 responsum.
1586 4417 1703 4470 Cla-

1817 3215 2043 3291 Eosdem
2070 3216 2139 3268 ibi
2162 3217 2412 3291 Clemens
2439 3232 2501 3272 ac
2524 3220 2778 3286 superius
2801 3222 3042 3291 exagitat
3069 3221 3377 3287 hazreticos,

1814 3287 1904 3352 qui
1954 3286 2265 3348 συνουσίαν,
2318 3287 2556 3353 coitum,
2595 3291 2709 3343 sive
2762 3286 3054 3353 queuilibet
3094 3292 3195 3343 viri
3249 3305 3374 3345 cum

1815 3356 2041 3430 muliere
2069 3358 2441 3430 concubitum,
2475 3360 2737 3430 sceluset
2759 3356 3021 3430 ﬂagitium
3069 3375 3197 3416 esse
3228 3375 3379 3415 som-

1814 3427 2059 3500 niabant.
2087 3425 2403 3500 Ridiculum
2442 3437 2621 3483 autem
2646 3429 2775 3482 illud
2802 3425 3076 3500 opinionis
3098 3444 3381 3485 commeno

1816 3506 1925 3570 tum
1951 3496 2073 3549 ideo
2098 3511 2241 3570 nunc
2271 3497 2516 3551 confutat
2544 3500 2813 3563 Clemens,
2839 3496 2964 3570 quia
2996 3502 3210 3570 ipsimet
3235 3500 3378 3555 illius

1813 3564 2059 3619 fautores
2112 3568 2414 3621 sceleratos
2466 3583 2525 3623 se
2565 3585 2688 3624 esse
2720 3564 3056 3625 fatebantur.
3103 3572 3376 3625 Praeterea

1819 3653 1838 3687 ι
1866 3636 2348 3703 sanctificatorutu,
2373 3657 2393 3691 ι
2431 3651 2604 3710 pergit
2640 3641 2912 3707 Clemens,
2951 3658 2969 3691 ι
2998 3651 3270 3707 sanetum,
3319 3652 3379 3694 ut

1812 3715 1988 3780 puto,_
2013 3721 2198 3780 semen
2246 3716 2349 3772 est,
2379 3726 2398 3758 ι
2429 3724 2533 3763 non
2582 3726 2643 3764 ea
2674 3711 2889 3779 quidem
2919 3714 3233 3775 sanctitate,
3261 3727 3368 3780 qua

1812 3777 1951 3848 sine
1976 3777 2244 3845 baptismo
2277 3780 2448 3847 possit
2470 3781 2591 3848 quis
2620 3777 2712 3834 aut
2741 3792 3001 3834 teteruatn
3053 3777 3369 3835 felicitatem

1812 3846 2076 3920 adipisci,
2111 3856 2220 3920 aut_
2254 3846 2626 3904 remissionem
2676 3852 2923 3920 accipere
2967 3863 3315 3919 peccatorum
3354 3867 3370 3904 :

1811 3917 2025 3990 sedhtali
2053 3917 2361 3990 sanctitate,
2389 3921 2534 3989 quali
2556 3917 2850 3990 Apostolus
2872 3917 3063 3975 scribit
3083 3923 3259 3974 virum
3278 3933 3376 3974 aut

1812 3987 2105 4058 mulieretn
2126 3987 2456 4043 iulidelema
2493 3987 2629 4043 ﬁdeli
2683 4008 2703 4042 ι
2744 3992 3092 4047 sanctilicari.
3125 4010 3145 4044 ι
3171 3991 3376 4058 Quam-

1811 4059 1997 4111 obrem
2065 4055 2432 4113 Tertullianus
2477 4062 2540 4114 ad
2587 4062 2881 4116 Clementis
2929 4063 3099 4116 nostri
3132 4055 3372 4115 tuentem

1810 4128 1945 4200 satis
1984 4128 2228 4196 apposite
2256 4129 2395 4183 dixit
2418 4130 2461 4160 “
2499 4149 2514 4184 :
2550 4149 2569 4183 ι
2610 4130 2902 4200 Apostolus
2937 4146 3004 4184 ex
3036 4133 3375 4185 sauctillcato

1813 4199 2234 4270 alterutro‘sexu
2265 4210 2488 4253 sanatos
2516 4199 2793 4270 procreari
2816 4202 2891 4254 ait
2920 4212 3027 4255 tam
3055 4215 3121 4255 ex
3145 4202 3375 4257 setninis

1812 4267 2195 4341 praerogativa,
2220 4283 2383 4337 quam
2412 4285 2476 4324 ex
2505 4267 2856 4326 institutionis
2877 4272 3205 4341 disciplina.
3255 4272 3370 4327 Cte-

1812 4347 2008 4401 terutn,
2041 4339 2234 4407 inquit,
2264 4341 2521 4412 itumundi
2544 4350 2919 4412 nascerentur,
2941 4339 3097 4410 quasi
3121 4342 3378 4412 designa-

1814 4418 1898 4464 tos
1930 4417 2108 4462 tamen
2134 4410 2434 4476 sanctitati,
2469 4426 2532 4464 ac
2556 4427 2654 4480 per
2681 4415 2784 4466 hoc
2808 4411 2973 4467 etiam
2999 4413 3181 4477 saluti,
3213 4410 3372 4466 intel-

146 4482 599 4555 mabantetenim
626 4483 862 4555 haeretici
891 4485 1035 4538 illum
1062 4485 1115 4540 in
1153 4480 1450 4555 prophetia:
1480 4501 1593 4542 sua:
1642 4484 1706 4539 li-
1742 4495 1785 4548 ι)
1815 4481 1904 4548 “gi
1939 4481 2396 4555 \{olelts_lidelitIttt
2448 4480 2623 4555 lilios;
2673 4494 2732 4534 ut
2774 4483 2936 4550 hujus
2982 4484 3095 4551 spei
3145 4484 3372 4552 pignore

146 4557 241 4609 bro
271 4554 596 4626 scripsisse:
621 4570 640 4604 ι
667 4552 885 4607 Videam
914 4552 1271 4624 primogenita
1305 4571 1400 4625 pro
1435 4557 1711 4626 impietate

144 4626 385 4681 lructum
412 4625 621 4678 ventris
654 4626 756 4677 mei
778 4639 874 4694 pro
909 4630 1148 4693 peccatis
1177 4627 1371 4679 anima:
1398 4625 1581 4680 meai.»
1603 4627 1706 4679 Sed

143 4697 213 4753 ad
260 4698 403 4760 haec,
433 4695 882 4763 quemadmodum
911 4697 976 4748 ad
1008 4698 1285 4765 superiora
1330 4697 1545 4752 Davidts
1584 4711 1705 4750 ver-

145 4766 235 4832 ba,
271 4767 525 4820 Clemens
556 4766 662 4836 duo
685 4765 912 4834 reponit.
953 4765 1134 4821 Primo
1166 4767 1387 4836 quidem
1430 4766 1702 4827 Michaeas.

146 4840 224 4892 uti
250 4838 484 4905 ipsemet
514 4835 765 4890 Clemens
791 4836 1028 4904 loquitur
1060 4856 1072 4892 :
1120 4854 1139 4887 ι
1181 4835 1296 4890 Non
1320 4849 1703 4900 accusatcum,

146 4910 237 4979 qui
269 4908 462 4979 dixit;
491 4905 733 4979 Crescite
773 4916 827 4960 et
851 4908 1336 4979 ‘multiplicamiui,
1388 4925 1408 4960 ι
1452 4909 1556 4962 hoc
1600 4920 1704 4971 εει,

145 4975 366 5033 divinus
405 4975 518 5048 ille“
541 4977 796 5044 propheta
846 4975 1155 5048 Deum—non
1185 4988 1427 5043 accusat,
1454 4979 1545 5048 qui
1580 4993 1702 5048 cum

145 5050 350 5103 dixerit
377 5062 394 5099 :
434 5066 454 5097 ι
480 5046 725 5100 Crescite
750 5055 805 5100 et
833 5046 1285 5115 multiplicamini,
1320 5068 1339 5101 ι
1374 5046 1485 5103 non
1506 5047 1698 5101 malam

146 5122 290 5173 sicut
309 5117 608 5173 Cassianus
636 5115 862 5185 ejusque
888 5116 1151 5182 fautores,
1188 5119 1281 5171 sed
1305 5119 1504 5173 bonam
1536 5133 1699 5189 gene—

147 5192 412 5243 rationem
431 5201 552 5241 esse
580 5197 764 5256 aperte
781 5189 1126 5254 signiﬁcavit.
1155 5189 1404 5243 Secundo
1424 5190 1696 5248 Micha:as,

145 5272 199 5312 et
233 5261 307 5311 ita
337 5258 552 5327 quidem
588 5269 782 5311 auctor
811 5269 996 5311 noster
1018 5260 1399 5328 prosequitur:
1439 5278 1456 5309 ι
1492 5260 1702 5312 Prtmas

146 5329 494 5397 impulsioues
518 5338 572 5381 et
602 5339 779 5382 ructus
795 5343 858 5382 ex
881 5332 1245 5398 generatione,
1263 5344 1358 5398 per
1380 5344 1514 5398 quos
1539 5330 1701 5398 Deum

144 5416 249 5454 non
285 5400 699 5471 cognoscimus,
739 5397 1213 5471 dicitiimpietates
1240 5397 1309 5471 τι
1347 5397 1460 5463 Τὰς
1484 5397 1706 5471 πρώτας

145 5472 209 5525 ἐκ
234 5470 501 5541 γενέσεως
524 5466 719 5541 ὁρμὰς,
742 5468 862 5541 καθ’
884 5467 948 5533 ἃς
964 5466 1094 5523 Θεὸν
1111 5469 1171 5522 οὐ
1193 5466 1548 5540 γινώσκομεν,
1576 5470 1705 5541 ἀσε-

146 5541 296 5606 ϐείας
320 5541 491 5609 λέγει.
523 5540 801 5605 Quomodo
818 5550 995 5593 autem
1023 5556 1093 5593 ex
1126 5541 1366 5596 Michaete
1394 5543 1572 5595 verbis
1591 5540 1705 5593 col-

147 5613 313 5682 ligere
333 5614 584 5667 Clemens
607 5613 778 5679 potuit
812 5612 986 5681 ipsum
1014 5612 1215 5666 dixisse
1243 5613 1446 5682 primas
1466 5628 1533 5666 ex
1565 5612 1703 5680 ipsa,

216 5710 259 5741 η
286 5707 382 5764 lib.
414 5723 467 5779 lli
490 5708 731 5779 ,Appar,
764 5722 815 5760 c.
843 5706 894 5772 7,
926 5718 1031 5760 art.
1065 5707 1131 5771 ὃς
1164 5714 1225 5779 σιν
1240 5722 1360 5778 sup.
1396 5709 1497 5765 hoc
1524 5708 1641 5774 lib.,
1668 5724 1709 5765 c.

1820 5748 1830 5773 ,
1860 5714 1962 5762 art.
1986 5708 2039 5760 5.

151 5779 340 5845 anim”
369 5795 422 5835 c.
441 5778 530 5834 39.
557 5776 570 5779 ’
593 5776 647 5811 ή¹¹
678 5778 879 5834 Strata.
907 5778 942 5832 ι.
968 5793 1052 5845 ιιι,
1079 5794 1129 5849 p.
1163 5776 1286 5833 L55.

1818 4550 2196 4622 matrimoniis,
2229 4564 2350 4622 quae
2381 4550 3025 4622 retinendaicensuerat,’
3058 4550 3367 4622 patrocina-

1817 4631 1991 4676 retur.
2024 4620 2281 4687 AliOquiu
2314 4622 2635 4675 meminerat
2665 4621 2960 4677 Dominicte
2988 4620 3314 4677 deiinitionis
3351 4639 3364 4674 :

1806 4689 1918 4743 Nisi
1949 4692 2079 4763 quis
2117 4700 2431 4763 nasceretur
2452 4706 2517 4745 ex
2544 4707 2682 4762 aqua
2709 4702 2764 4747 et
2790 4696 3006 4763 spiritu,
3042 4708 3151 4763 non
3177 4691 3274 4745 ibit
3312 4692 3363 4744 iu

1807 4775 2031 4829 regnum
2069 4762 2183 4824 Dei,
2217 4761 2268 4813 id
2294 4770 2378 4814 est
2438 4776 2543 4816 non
2579 4761 2684 4818 erit
2713 4761 2957 4818 sanctus.
3000 4784 3019 4816 ι
3053 4762 3158 4816 Sed
3191 4766 3257 4815 de
3285 4764 3369 4815 his

1804 4831 2329 4902 pluraAugustinus
2360 4832 2456 4886 lib.
2483 4848 2523 4887 tt
2563 4833 2639 4888 De
2670 4844 2869 4902 peccat.
2898 4849 3030 4887 nter.
3058 4844 3106 4885 et
3132 4832 3365 4898 νηπίω..

1806 4916 1926 4969 cap.
1958 4900 2050 4963 Q6,
2089 4916 2210 4969 pag.
2245 4902 2346 4965 62,
2383 4911 2439 4955 et
2468 4903 2562 4957 ltb.
2603 4900 2683 4970 tu,
2708 4919 2758 4957 c.
2789 4905 2879 4969 12,
2914 4921 2966 4974 p.
3000 4904 3092 4967 82,
3116 4911 3170 4955 et
3192 4902 3361 4966 alibi;

1807 4988 1905 5041 nec
1937 4981 2122 5025 nonet
2148 4974 2294 5025 liter.
2324 4975 2485 5041 epist.
2517 4976 2619 5029 155
2645 4975 2713 5029 ad
2747 4975 2980 5041 Pauliu.,
3011 4979 3099 5028 ubi
3129 4981 3185 5026 et
3217 4974 3360 5025 hunc

1808 5040 2121 5095 Tertulliani
2155 5044 2332 5098 locum
2362 5040 2619 5099 laudasse
2651 5047 2881 5108 videtur,
2912 5043 3157 5112 quamvis
3177 5056 3365 5096 errore

1808 5114 2012 5184 aliqtto,
2053 5112 2137 5164 vel
2175 5116 2450 5167 memoria:
2483 5115 2637 5184 lapsu
2668 5117 2806 5170 liber
2834 5115 2911 5169 De
2943 5114 3276 5182 monogamia
3308 5113 3362 5165 itt

1807 5182 1922 5250 ejus
1956 5193 2102 5236 textu
2130 5184 2326 5237 citatus
2353 5182 2582 5252 legatur.

1879 5255 1988 5308 Sed
2010 5260 2261 5322 agedum,
2278 5251 2504 5323 jamque
2527 5255 2801 5311 videamus
2827 5252 3095 5324 quomodo
3114 5251 3366 5307 Clemens

1812 5336 2000 5380 noster
2029 5324 2149 5378 altis
2188 5326 2239 5377 in
2274 5327 2425 5379 libris
2465 5329 2639 5395 ipsum
2685 5327 2943 5394 originale
2970 5333 3244 5392 peccatum
3275 5337 3365 5374 re—

1814 5396 1926 5462 ipsa
1954 5397 2235 5461 agnoverit
2260 5395 2325 5448 “.
2352 5394 2670 5449 Eon-tundent
2694 5394 2878 5464 igitur,
2902 5409 3037 5465 quos
3073 5407 3234 5461 supra
3267 5407 3365 5446 no-

1815 5466 2068 5529 tavimus,
2103 5465 2511 5528 hatreticormn,
2545 5466 2757 5536 nuptias
2786 5470 2838 5518 in
2866 5464 3049 5519 odium
3085 5464 3362 5518 Creatoris

1812 5537 2309 5604 condenmautium,
2337 5537 2425 5589 ubi
2458 5538 2666 5603 objecta
2691 5537 2882 5602 diluit,
2923 5544 3204 5605 peccatum
3240 5548 3361 5587 esse

1816 5612 2011 5662 anima:
2048 5616 2277 5661 mortem
2307 5607 2658 5661 demonstrat.
2700 5606 2807 5661 Sed
2841 5623 2969 5678 quo,
2999 5619 3173 5675 putas,
3203 5621 3361 5671 argu-

2154 5705 2197 5735 '°
2238 5688 2436 5761 Strom.
2464 5705 2498 5758 l.
2529 5719 2611 5768 tu,
2641 5721 2693 5778 p.
2735 5703 2860 5759 H5.
2954 5704 3001 5736 “
3042 5701 3248 5762 Tertul.
3289 5708 3366 5761 De
