3924 6306
577 308 712 366 ΗΠ

1205 305 1270 361 ΙΝ
1298 304 1720 362 CLEMENTEM
1760 304 1966 363 ALEX.
2005 305 2068 362 D.
2109 304 2198 360 LE
2232 299 3008 360 NOURRY-DISSERTATIO
3044 298 3108 356 ll.

3613 305 3720 359 ιιιδ

576 438 758 486 mento
781 429 984 483 utitur?
1004 428 1095 482 liis
1124 427 1412 498 ipsissimis
1443 428 1683 497 Apostoli
1711 429 1894 485 verbis
1914 430 1960 460 "
1981 446 1995 482 :
2019 450 2037 481 ι
2072 430 2134 484 Ει
2165 435 2208 491 Δ
2238 438 2416 484 catum
2450 443 2647 497 negare
2671 428 2905 490 videtur,
2929 425 3148 497 quando
3182 424 3260 498 sic
3286 385 3556 490 disputat"
3578 444 3590 480 :
3609 448 3624 479 ι
3645 429 3722 483 inn

577 500 697 554 ideo
725 499 1178 567 quemadmodum
1205 513 1300 566 per
1339 515 1505 554 unum
1536 501 1812 553 hominem
1844 509 2130 567 peccatum

575 569 876 636 ingressum
916 579 994 622 est
1031 569 1081 621 in
1131 568 1390 622 mundum
1413 609 1428 632 ,
1461 584 1555 636 per
1601 579 1883 638 peccatum
1917 585 2133 638 quoque

575 632 722 708 mors
761 641 826 690 ad
875 653 1063 691 omnes
1105 638 1354 692 homines
1399 632 1668 707 pervasit,
1730 640 1816 708 ἐφ’
1845 632 1889 708 ᾧ
1933 632 2134 703 ἆτάνέτες

569 705 840 778 ἥμαρτον,
874 708 925 760 in
952 722 1057 774 quo
1077 722 1265 762 omnes
1288 705 1668 776 peccaverunt.
1703 727 1722 760 ι

645 779 760 850 Quo
787 787 966 831 autem
1001 778 1174 850 modo;
1200 791 1390 850 omnes
1429 781 1483 833 in
1516 781 1721 850 Adamo
1751 781 2131 850 peccaverint,

572 847 653 900 sic
676 847 790 913 ipse
815 856 999 914 postea
1037 847 1175 900 haud
1209 847 1440 903 obscure
1471 847 2008 916 explicarc'videtur,
2038 851 2130 904 ubi

569 916 711 970 hanc
751 931 850 971 cur
886 916 1056 970 Filius
1090 916 1181 971 Dei
1214 918 1378 971 homo
1427 918 1602 972 factus
1632 919 1720 983 sit,
1755 920 1930 974 reddit
1964 921 2133 974 ratio-

573 1001 691 1067 nem
721 1002 736 1040 :
767 1003 786 1037 t
825 985 1043 1070 Certum
1071 995 1174 1048 est,
1205 987 1370 1068 inquit
1497 987 1778 1041 Dominum
1801 1004 2130 1070 quoqueve-

572 1055 718 1128 nisse
910 1055 976 1109 ad
1013 1070 1107 1128 eos
1157 1057 1530 1128 quisensibus
1571 1072 1662 1112 seu
1706 1055 2132 1128 cogitationibus

572 1125 981 1198 aberraverzmt,
1016 1127 1080 1178 ad
1106 1125 1223 1198 nos,
1255 1126 1493 1196 inquam,
1526 1131 1670 1182 venit
1701 1125 2132 1198 Servator;qu:e

518 1227 525 1238 ο
571 1197 788 1265 quidem
821 1211 884 1248 ex
921 1205 1101 1250 nostra
1140 1197 1190 1249 in
1223 1201 1504 1266 praeceptis
1535 1199 1904 1252 inobedieutia
1932 1212 2129 1252 corru-

568 1277 656 1332 pta
687 1275 830 1327 sunt,
872 1266 998 1337 dum
1035 1267 1200 1320 nimis
1220 1266 1375 1321 avide
1418 1267 1746 1334 voluptatem
1773 1280 2131 1337 persequere-

569 1350 710 1406 ntur,
738 1350 858 1388 cum
892 1333 1118 1388 forsitan
1145 1337 1504 1405 protoplastus
1529 1333 1713 1391 noster
1742 1333 1967 1406 tempus
1987 1353 2129 1405 pra:-

569 1405 824 1469 venisset,
860 1415 914 1458 et
944 1420 1048 1458 non
1103 1406 1155 1459 in
1213 1415 1450 1473 tempore
1503 1405 1865 1460 matrimonii
1893 1409 2127 1475 gratiam

564 1477 858 1548 appetisset
898 1484 952 1527 et
985 1477 1362 1548 aberrassetLr
1402 1477 1494 1548 Ei;
1529 1477 1656 1548 coit;
1685 1476 2130 1548 πεπλανημένως

563 1544 630 1597 τὰ
652 1543 916 1619 Mem,
951 1545 1030 1619 εές
1047 1546 1212 1614 ἡμᾶς,
1248 1547 1275 1597 ὁ
1302 1546 1822 1619 ξωτὴρ-ἀφίκετοίδι
1846 1543 1996 1619 δὴέκ
2029 1547 2129 1618 τῆς

564 1616 703 1688 {cura
734 1614 841 1688 τὰςΔ
859 1614 1076 1677 ἐντολὰς
1108 1616 1387 1688 παρακρῇς
1425 1614 1654 1688 ἐφθάρη,
1710 1614 2130 1688 φιληδοῖθοὺντών

563 1682 738 1752 ἡμῶν,
783 1683 922 1759 ῖᾲχα
958 1701 1058 1736 που
1098 1682 1659 1759 πρὸλαξόὺτοςῇμῶὑ-
1677 1682 1767 1759 τδν
1799 1682 1988 1759 δὲαιρδν
2035 1688 2128 1740 τοῦ

561 1753 1004 1829 πρωῖοςπλάστοιξ,
1027 1756 1119 1829 ita).
1149 1753 1256 1825 irpb
1282 1754 1428 1829 ᾦρας
1571 1755 1662 1829 τοῦ
1707 1753 2129 1829 γάμουξχὰριτος

560 1822 883 1896 ὀρεχθὲνξτοςῄ
909 1822 1444 1896 καὶνδιαμοίρτόνὲος,
1490 1822 1626 1880 Dicit
1658 1822 1841 1895 itaque
1863 1822 2114 1883 Cictitens

557 1907 659 1948 nos
693 1893 1056 1952 inobetlientia
1103 1893 1438 1950 aberravisse
1482 1907 1534 1948 et
1571 1893 1899 1963 peccavisse,
1948 1896 2110 1951 nimis

559 1963 716 2015 avide
753 1963 1074 2031 voluptatem
1110 1974 1218 2018 tum
1255 1966 1644 2034 persequendo,
1688 1982 1809 2019 cum
1838 1977 1966 2021 ante
1998 1977 2110 2019 sta-

560 2039 672 2084 tum
703 2042 908 2101 tempus
933 2043 984 2087 ct
1019 2034 1206 2087 horam
1255 2035 1622 2103 protoplastus
1662 2045 1846 2090 noster
1879 2038 2108 2104 gratiam

558 2103 885 2156 matrimonii
919 2105 1238 2172 appetisset,
1277 2117 1438 2172 atque
1470 2106 1670 2159 idcirco
1702 2103 2039 2161 aberrasset.

628 2172 1028 2225 Advertetnlum
1054 2189 1219 2240 porro
1245 2185 1327 2229 est
1356 2176 1692 2229 Clementem
1750 2176 1821 2229 ibi
1863 2175 2109 2231 consulto

559 2239 828 2316 addidisse
858 2243 996 2314 τάχα
1030 2260 1153 2307 που,
1181 2245 1304 2316 hoc,
1337 2255 1418 2298 est
1451 2265 1468 2316 ρ
1509 2243 1756 2311 forsitan,
1797 2264 1815 2296 ι
1847 2263 1951 2316 qua
1983 2247 2109 2315 qni-

555 2309 676 2384 detn
709 2325 837 2384 voce
868 2309 1044 2366 uti-um
1082 2328 1266 2384 revera
1294 2315 1394 2369 hoc
1417 2315 1487 2369 sit
1510 2316 1635 2368 Adae
1662 2309 1966 2384 peccatum,
2001 2309 2110 2384 quo

553 2381 814 2453 conjugii.
850 2392 905 2435 et
933 2397 1056 2437 cum
1092 2383 1198 2436 Eva
1230 2385 1455 2453 conjuge
1483 2399 1577 2438 sua
1603 2381 1869 2439 statutum
1901 2381 2106 2442 cancu-

553 2446 696 2502 bittis
725 2446 955 2519 'tempus
1001 2446 1355 2520 praeverterit',
1393 2446 1513 2508 'non
1545 2456 1764 2508 omnino
1799 2466 2008 2510 certum
2050 2472 2111 2513 se

551 2532 672 2571 esse
693 2521 996 2577 confitetur.
1035 2522 1261 2594 Etrsane
1289 2523 1427 2594 hanc
1457 2524 1764 2594 Opinionem
1788 2525 2109 2594 quibusdam

555 2597 781 2663 tantum,
813 2594 1002 2663 iisque,
1039 2593 1116 2646 uti
1145 2594 1376 2656 videtnr,
1401 2593 1671 2648 haereticis
1694 2593 1961 2651 attribuit.
1992 2597 2109 2663 Qua

551 2659 767 2735 quidem
791 2676 890 2716 nec
921 2661 1116 2735 rejects
1143 2678 1239 2735 nec
1268 2663 1523 2735 admissa,
1548 2663 1893 2735 manifestum
1925 2659 2112 2735 utique

553 2726 681 2804 facit
707 2745 770 2783 ex
805 2747 867 2784 ea
901 2726 1190 2787 alt‘iisdem
1226 2726 1774 2804 haereticisgconcludi
1811 2752 1914 2790 nou
1952 2726 2110 2804 posse

551 2797 746 2874 malam
785 2816 904 2874 esse
939 2805 1344 2874 generationem
1382 2822 1396 2858 :
1438 2822 1456 2854 ι
1488 2802 1646 2870 Etsi,
1686 2803 1859 2874 inquit
1886 2797 2106 2870 “,cum

549 2882 614 2920 ex
653 2870 826 2923 brutis
877 2874 1241 2926 animantibus
1279 2873 1523 2928 insidiosi
1574 2870 1788 2929 consilii
1840 2876 2106 2930 rationem

547 2937 782 3006 cepisset
812 2940 969 3010 183
993 2957 1218 3010 serpens
1249 2952 1302 2997 et
1331 2945 1718 3013 persuasisset,
1754 2946 1900 2999 dicat
1935 2945 2105 2999 Adam

545 3023 831 3084 assensum
858 3027 981 3084 esse
1008 3028 1132 3084 cum
1170 3014 1276 3066 Eva
1313 3013 1711 3084 conjunctioui,
1738 3029 1930 3084 nempe
1963 3016 2106 3084 quod

549 3076 861 3154 hacnatura
893 3081 1030 3136 alias
1055 3083 1137 3135 usi
1175 3097 1278 3136 non
1302 3076 1483 3154 essent
1506 3076 1944 3154 protoplastifut
1972 3076 2105 3139 non-

2236 509 2417 553 autem
2440 496 2619 565 justus
2649 515 2663 552 :
2698 498 2833 565 Ipse,
2872 496 3067 565 inquit,
3102 496 3272 565 nudus
3292 509 3516 564 egressus
3548 511 3642 551 sum
3673 516 3723 554 rx

2238 579 2394 623 utero
2426 564 2616 622 matris
2645 564 2811 632 meae,
2862 576 2918 621 et
2952 564 3128 620 nudus
3181 564 3305 618 illuc
3355 577 3596 632 revertar;
3641 585 3721 623 non

2237 638 2415 693 nudus
2441 653 2470 693 a
2505 637 2973 705 possessionibus,
3004 637 3107 690 hoc
3134 634 3384 705 enimest
3403 644 3453 687 et
3478 651 3663 702 parvum
3683 650 3726 692 et

2233 703 2544 771 commune,
2573 708 2664 762 sed
2688 717 2747 759 ut
2766 707 2944 774 justus
2975 706 3177 759 recedit
3195 703 3368 757 nudus
3388 720 3414 756 a
3439 705 3551 759 vitio
3571 715 3616 759 et
3637 723 3727 772 pec-

2233 789 2377 844 cato,
2401 787 2457 832 et
2487 778 2554 830 ab
2597 777 2812 830 informi
2847 776 3158 846 simulacro.
3194 775 3337 846 quod
3371 789 3459 846 eos
3497 778 3728 846 consequi-

2239 857 2326 901 tur
2374 848 2463 917 qui
2498 847 2699 917 injuste
2740 848 3015 917 vixerunt.
3052 844 3162 917 ljoc
3195 843 3500 917 enim_l'_nit,
3525 843 3727 917 quod’di-

2233 913 2493 971 etum'est
2526 913 2682 970 {Nisi
2717 915 2962 971 conversi
3015 913 3196 969 elfecti
3235 913 3441 968 fueritis
3483 913 3550 968 ut
3577 915 3724 982 puelli,

2233 987 2418 1040 mundi
2443 987 2664 1056 quidem
2699 1001 2886 1047 carne,
2923 985 3094 1038 sancti
3121 984 3469 1056 vero_anima,
3501 999 3585 1056 per
3606 987 3726 1038 absti-

2237 1053 2475 1110 nentiam
2502 1071 2529 1109 a
2563 1055 2721 1110 malis
2751 1055 3024 1123 operibus,
3074 1053 3366 1108 ostendens
3407 1055 3536 1120 quod
3565 1069 3644 1107 nos
3670 1064 3726 1106 ta-

2233 1126 2314 1197 l_es
2328 1140 2448 1180 esse
2471 1125 2803 1197 vult,qnales
2829 1127 2990 1197 etiam
3023 1127 3208 1193 genuit
3226 1138 3291 1197 ert
3321 1124 3539 1197 matrice
3559 1139 3721 1197 aqua.»

2237 1194 2434 1248 Verum
2469 1195 2617 1262 quid,
2633 1193 2854 1266 'qureso,
2885 1195 2956 1266 ibi
2975 1206 3190 1266 icontra
3230 1193 3488 1266 sinceram
3514 1193 3571 1246 de
3602 1195 3723 1263 origi-

2235 1265 2320 1318 nis
2349 1275 2570 1332 peccato
2593 1264 2932 1321 doctrinam?
2962 1265 3212 1320 Clemens
3247 1264 3440 1316 etenim
3498 1270 3722 1333 postquam

2233 1334 2300 1406 de
2333 1334 2573 1406 perfecta
2598 1346 2948 1406 peccatorum
2977 1335 3057 1406 fit
3083 1357 3117 1406 γι
3146 1333 3438 1406 gnostico‘r
3469 1335 3725 1406 purgatiooe

2233 1394 2616 1467 disseruisset:
2657 1421 2724 1460 ex
2778 1407 2944 1460 citato
2971 1394 3092 1458 Jobi
3143 1394 3444 1457 testimonio
3470 1394 3722 1457 'doCEteum

2230 1487 2260 1526 a
2290 1474 2423 1527 vitio
2455 1484 2508 1528 et
2530 1485 2750 1545 peccato
2781 1476 3083 1543 prgesertim
3103 1472 3438 1545 idololatriae
3464 1487 3661 1545 vacuum
3686 1485 3722 1526 et

2230 1545 2488 1598 mundum
2517 1541 2581 1599 ex
2602 1549 2701 1599 hoc
2727 1541 2924 1599 mundo
2950 1543 3132 1614 egredi
3158 1545 3442 1605 debere,ut
3463 1541 3513 1594 iu
3538 1546 3721 1612 requiem

2229 1621 2284 1685 et
2313 1624 2568 1668 aeternam
2605 1615 2918 1685 felicitatem
2953 1614 3184 1685 septimo
3234 1623 3291 1666 et
3337 1623 3520 1668 octavo
3549 1629 3722 1666 numero

2229 1682 2563 1754 designatum
2593 1684 2949 1754 ingrediatur.

2303 1751 2466 1808 Recte
2492 1751 2732 1823 quidem,
2768 1755 2997 1823 inquies.
3047 1753 3211 1821 Atqui
3249 1751 3492 1808 Clemens
3521 1751 3631 1806 dicit
3654 1753 3722 1805 bo-

2229 1824 2427 1876 minem
2459 1838 2524 1877 ex
2547 1835 2700 1878 utero
2733 1825 2924 1878 matris
2953 1839 3065 1880 suae
3109 1825 3183 1878 ita
3215 1823 3389 1885 exire,
3420 1823 3554 1877 sicut
3575 1837 3629 1875 ex
3651 1824 3720 1876 hoc

2223 1895 2425 1962 mundo
2446 1894 2560 1948 vitii
2588 1903 2644 1950 et
2676 1893 2886 1962 peccati
2918 1909 3112 1962 expers
3136 1903 3193 1947 et
3218 1893 3469 1947 immunis
3496 1894 3623 1946 exire
3657 1897 3719 1946 de-

2217 1961 2334 2019 bet.
2364 1961 2577 2017 Nullam
2609 1961 2737 2033 ergo
2780 1961 3003 2033 agnovit
3039 1964 3249 2033 peccati
3276 1962 3544 2033 originalis
3571 1964 3718 2016 labem.

2290 2033 2397 2087 Sed
2426 2032 2687 2096 animum,
2723 2032 2977 2098 obsecro,
3015 2032 3272 2087 advertas
3303 2032 3610 2088 Clementem
3651 2034 3719 2085 ilii-

2220 2100 2342 2157 dem
2374 2118 2440 2155 ex
2485 2104 2688 2157 Christi
2723 2103 2978 2172 colligere
3012 2105 3197 2158 verbis
3233 2105 3406 2172 ipsum
3438 2102 3562 2156 velle
3588 2112 3634 2155 ut
3653 2119 3719 2156 nos

2216 2185 2284 2226 ex
2313 2173 2415 2227 hoc
2447 2173 2644 2226 mundo
2668 2188 2950 2237 exetmtes,
2977 2177 3147 2228 simus
3173 2175 3353 2240 reipsa
3383 2173 3531 2234 tales,
3550 2190 3564 2222 ι
3585 2172 3717 2239 quales

2216 2244 2379 2295 etiam
2410 2243 2598 2312 genuit
2625 2259 2688 2298 ex
2726 2247 2949 2300 matrice
2979 2259 3149 2311 aqum,
3179 2263 3199 2295 ι
3234 2244 3379 2307 οἴους
3408 2244 3495 2296 καὶ
3522 2242 3717 2312 γεγέννη-

2217 2329 2310 2365 κεν
2341 2314 2406 2366 ὲκ
2437 2315 2649 2384 μήτρας
2678 2313 2886 2378 ὓδατος,
2921 2315 3059 2369 sacri
3086 2315 3298 2369 scilicet
3322 2330 3454 2383 aqua
3477 2316 3716 2382 baptisma-

2221 2383 2311 2454 tis,
2339 2383 2448 2454 qua
2473 2383 2663 2439 ottmes
2695 2385 2850 2452 plane
2879 2386 3249 2454 quorumlibet
3289 2393 3607 2452 peccatorum
3638 2397 3714 2435 sor-

2217 2451 2312 2523 des
2341 2451 2616 2510 eluuntur.
2647 2451 2784 2520 Quid
2827 2451 2992 2523 igitur
3036 2457 3118 2509 bis
3171 2451 3350 2509 verbis
3373 2462 3549 2508 auctor
3586 2461 3716 2506 noster

2219 2522 2366 2600 aliud
2397 2524 2595 2586 innuit,
2629 2525 2732 2578 nisi
2764 2522 2862 2600 nos
2887 2539 2951 2579 cx
2979 2525 3109 2600 solis
3139 2527 3288 2600 sacri
3332 2523 3711 2600 baptismiundis,

2218 2594 2324 2645 non
2359 2602 2535 2647 autem
2565 2611 2628 2648 ex
2658 2594 2844 2648 matris
2876 2605 2929 2648 et
2957 2596 3246 2664 genitricis
3295 2606 3493 2651 nostra:
3534 2595 3634 2647 alvo
3652 2606 3714 2660 pu-

2220 2672 2384 2733 ros_et
2418 2674 2640 2732 peccato
2666 2680 2868 2720 vacuos
2901 2665 3115 2733 prodire
3140 2668 3161 2719 !

2284 2729 2393 2788 Nos
2409 2729 2624 2802 Quidem
2646 2750 2751 2789 non
2777 2729 2914 2803 fugit
2926 2734 3168 2789 Nicetam
3188 2733 3455 2790 Heraclea:
3472 2731 3711 2799 metropoli.

2218 2809 2325 2854 tam
2352 2804 2404 2857 in
2437 2819 2532 2857 sua
2559 2803 2873 2859 Graecorum
2907 2805 3127 2859 Patrum
3159 2807 3215 2859 in
3249 2807 3389 2859 hunc
3420 2803 3533 2858 Jobi
3570 2803 3711 2856 librum

2215 2882 2411 2927 catena
2448 2875 2591 2929 hunc
2625 2877 2675 2928 in
2704 2877 2918 2929 tnodum
2978 2878 3236 2929 I'ClllliSSt:
3275 2875 3552 2931 Clementis
3589 2870 3711 2926 nostri

2216 2943 2380 3015 verba
2404 2944 2448 2976 ³⁸
2475 2959 2488 2995 :
2525 2961 2544 2996 t
2580 2945 2764 2999 Nudus
2785 2963 2814 2998 a
2849 2946 2981 2998 vitio
2999 2958 3051 2999 et
3080 2958 3332 3015 peccato,
3351 2945 3493 3014 quasi
3523 2959 3578 2998 ex
3605 2952 3710 2995 utero

2215 3013 2408 3067 matris
2454 3026 2487 3068 e
2527 3024 2670 3069 terra
2705 3017 2860 3068 initio
2884 3013 3151 3070 formatus
3185 3032 3332 3081 sum,
3371 3013 3605 3068 nudusin
3629 3027 3709 3065 eam

2217 3093 2504 3149 revertar;
2543 3101 2647 3138 non
2681 3094 2860 3140 autem
2902 3100 2931 3138 a
2984 3089 3453 3154 possessionibus,
3494 3087 3581 3138 hoc
3608 3083 3708 3137 enim

547 3146 1043 3225 nulliexistimaut;
1076 3168 1261 3225 rursus
1283 3146 1887 3225 tttaledictisittcessitur
1901 3157 2124 3225 creatio,
2151 3162 2193 3221 ο
2229 3167 2452 3220 parvum
2487 3146 2543 3208 et
2567 3155 2789 3225 vulgare
2819 3146 2998 3220 esset;
3016 3159 3109 3210 sed
3147 3172 3179 3211 a
3215 3158 3348 3210 vitio
3371 3165 3423 3210 et
3443 3146 3651 3225 peccato.
3674 3161 3709 3201 cl

547 3225 607 3270 ut
638 3233 757 3289 quin
783 3221 1006 3276 rationis
1036 3223 1335 3289 expertium
1351 3223 1704 3277 animantium
1724 3235 1914 3280 natura
1941 3224 2120 3280 homi-

547 3301 639 3340 nes
668 3287 1278 3365 feceritimbecilliores,
1315 3309 1539 3365 quorum
1561 3297 1806 3365 citempla
1835 3296 2112 3351 consecuti

544 3360 797 3436 sunt,qui
819 3377 846 3412 a
870 3361 977 3416 Deo
993 3365 1149 3436 primi
1174 3360 1387 3417 formati
1409 3364 1578 3436 fuere.
1601 3363 1695 3418 Sin
1715 3360 1895 3436 autem
1923 3378 2114 3419 natura

543 3431 760 3509 quidem
804 3445 919 3494 eos,
957 3431 1101 3488 sicut
1133 3435 1312 3498 bruta,
1352 3434 1574 3509 dedusit
1607 3432 1945 3488 adtiliorum
1990 3449 2116 3509 pro-

543 3505 917 3574 creationem:
946 3509 1075 3574 moti
1098 3517 1276 3559 autem
1309 3514 1434 3558 sunt
1461 3505 1619 3559 citius
1644 3520 1805 3574 quam
1850 3505 2108 3573 oportuit,

543 3564 734 3646 fraude
761 3573 985 3646 inducti,
1012 3588 1173 3646 _cum_
1196 3574 1369 3646 adhuc
1400 3585 1583 3628 essent
1615 3564 1865 3646 juvenes,
1887 3564 2110 3644 'justuni

544 3638 776 3714 quidem
805 3651 889 3696 est
932 3641 1024 3696 Dei
1060 3643 1321 3712 judicium
1354 3644 1405 3696 in
1429 3659 1544 3702 eos.
1575 3638 1667 3714 qui
1697 3660 1802 3699 non
1827 3638 2110 3714 exspecta-

543 3709 1024 3784 runt_voluutatem
1041 3709 1266 3776 {sancta
1297 3727 1474 3768 autem
1497 3709 1796 3783 generatio,
1826 3709 2107 3784 per—quam

541 3777 791 3857 consistit
816 3784 1066 3857 mundus,
1093 3801 1112 3836 ι
1135 3793 1240 3857 etc.
1280 3777 1548 3854 Quidquid
1583 3800 1744 3854 porro
1771 3777 1870 3838 hac
1896 3777 2110 3839 de'seu-

543 3851 708 3900 tentia
734 3849 982 3905 Clemens
1003 3849 1257 3907 statuisse
1279 3849 1514 3920 dicatur,
1543 3849 1648 3908 non
1665 3856 1955 3908 obscurum
1976 3870 2109 3908 sane

545 3924 630 3994 est
659 3931 779 3970 eum
797 3919 974 3994 fateri
1001 3938 1102 3977 nos
1133 3925 1185 3978 in
1231 3924 1434 3977 Adatno
1463 3919 1798 3993 peccavisse,
1835 3935 2000 3994 atque
2022 3926 2104 3978 id-

542 3991 693 4063 circo
728 3991 976 4063 originali
1006 4006 1229 4061 peccato
1257 4009 1379 4049 esse
1412 3991 1749 4063 inquinatos.

615 4056 776 4136 Quod
801 4056 1021 4128 quidem
1052 4065 1178 4118 inde
1221 4065 1422 4136 adhuc,
1452 4056 1551 4118 nec
1585 4079 1806 4136 prorsus
1834 4063 2105 4136 immerito

539 4128 778 4205 statniiri
829 4138 1027 4197 potest,
1069 4136 1212 4202 quod
1262 4128 1491 4188 alibi—ab
1521 4128 1638 4205 ipso
1668 4135 1931 4202 scriptum
1965 4134 2096 4203 legi-

539 4209 662 4250 mus
687 4197 733 4228 “
766 4215 780 4250 :
816 4197 1274 4274 Quemadmodum
1306 4205 1446 4259 Deus
1486 4223 1504 4257 ι
1542 4197 1626 4260 est
1670 4197 1823 4274 pater
1856 4197 2098 4259 omnium

537 4279 636 4347 per
661 4273 998 4346 creationem
1173 4277 1254 4330 sic
1293 4292 1393 4330 nos
1435 4291 1625 4347 rursus
1665 4273 1960 4330 conversos
1987 4275 2102 4326 vult

535 4335 673 4421 ellici
723 4348 783 4421 ut
809 4355 1028 4421 pueros,
1067 4360 1190 4399 eum
1217 4347 1308 4414 qui
1345 4361 1473 4421 vere
1500 4346 1660 4401 Pater
1688 4356 1770 4401 est
1795 4359 2100 4421 θεειοξοθη-

540 4415 645 4486 tes:
672 4418 736 4486 ,ιιι
761 4415 853 4486 qui
875 4415 1047 4486 simus
1076 4419 1381 4484 regenerati
1408 4432 1505 4485 per
1533 4431 1754 4483 aquam,
1787 4433 1805 4466 ι
1840 4415 2096 4468 nimirum

535 4475 898 4558 baptismatis.
934 4484 1004 4558 At
1030 4475 1297 4554 quomodo
1330 4475 1447 4540 fieri
1495 4475 1678 4555 pofest
1722 4475 1810 4558 ilia
1853 4489 2095 4540 onmium

534 4559 632 4613 per
655 4547 996 4627 baptismatis
1025 4547 1223 4622 aquam
1263 4547 1602 4627 regeneratio
1623 4596 1638 4623 ,
1669 4556 1775 4610 nisi
1812 4572 1881 4610 ex
1916 4565 2094 4610 morte

535 4632 656 4693 quae
689 4624 936 4692 originali
972 4636 1195 4693 peccato
1227 4624 1388 4680 allata
1415 4626 1535 4681 est?

613 4685 828 4760 Verum,
853 4685 1059 4765 inquiet
1080 4698 1295 4766 aliquis.
1324 4712 1430 4752 nou
1453 4697 1702 4753 Clemens
1724 4693 1955 4766 originis
1969 4708 2094 4766 pec-

2128 4522 2177 4581 Ι)

2225 3238 2269 3296 a_
2293 3226 2636 3296 tenebricoso
2668 3223 2833 3290 idolo,
2884 3227 3023 3294 quod
3074 3241 3170 3282 eos
3199 3228 3421 3296 excipit,
3449 3226 3530 3293 qui
3567 3223 3708 3290 injuste

2219 3292 2494 3349 vixerunt.
2533 3313 2553 3347 ι
2596 3295 2788 3349 Verum
2821 3292 2927 3350 non
2961 3297 3186 3352 omnino
3230 3292 3442 3351 constat
3467 3292 3632 3350 utrum
3664 3305 3706 3343 ex

2218 3359 2542 3435 Stromatum
2573 3365 2726 3420 libris
2768 3367 2884 3421 haec
2929 3364 3151 3422 Nicetas
3207 3367 3548 3435 excerpserit.
3591 3363 3706 3417 Plura

2215 3433 2484 3501 siquidem
2521 3437 2860 3491 continenter
2905 3451 2970 3491 ex
3029 3438 3221 3492 eodem
3269 3433 3531 3492 Clemente
3575 3444 3707 3486 nostro

2213 3503 2512 3582 subjungit,
2541 3507 2896 3582 quaa‘quidem
2922 3510 3063 3582 sicut
3089 3509 3235 3560 unde
3262 3507 3579 3582 hausta-sint,
3599 3503 3707 3572 plane

2212 3576 2480 3627 incertum
2515 3586 2616 3640 est,
2658 3577 2730 3630 ita
2761 3579 2921 3630 etiam
2951 3579 3138 3632 istlnec
3169 3593 3241 3632 ex
3266 3580 3413 3631 hisce
3441 3576 3574 3630 libris
3599 3589 3706 3626 sum-

2211 3649 2300 3708 pta
2334 3659 2438 3697 non
2471 3643 2642 3700 fuisse
2690 3648 2832 3700 haud
2868 3649 3142 3702 irumcrito
3188 3648 3368 3717 colligi
3413 3654 3587 3715 potest.
3612 3642 3706 3707 Quia

2214 3722 2392 3791 tamen
2443 3716 2696 3791 quaedam
2731 3732 2798 3770 ex
2852 3719 2936 3791 his
2970 3732 3089 3791 quae
3125 3716 3446 3791 relulttuns,
3499 3717 3547 3769 in
3589 3728 3703 3790 διιρη

2208 3786 2374 3836 citato
2401 3799 2430 3837 a
2463 3787 2616 3839 nobis
2647 3788 2782 3841 libro
2813 3789 2880 3842 ad
2908 3790 3155 3850 verbum,
3195 3788 3462 3841 nonnullis
3487 3786 3704 3839 latnenitt-

2209 3854 2482 3920 terpositis
2495 3865 2551 3909 et
2570 3857 2924 3924 detruncatis,
2943 3869 3260 3923 occurrunt,
3281 3859 3463 3912 dernus
3480 3860 3568 3910 alia
3585 3862 3702 3906 etiam

2205 3925 2391 3976 omnia
2424 3928 2473 3977 in
2510 3940 2576 3980 eo
2603 3929 2803 3996 scripta
2845 3923 3036 3982 fuisse.
3073 3928 3347 3998 Sedgquid
3387 3931 3521 3989 inde,
3553 3923 3700 3998 amabo

2207 4001 2286 4066 te,
2318 4006 2509 4048 contra
2539 3992 2770 4065 originis
2804 3998 3123 4066 peccatum!
3159 3992 3306 4052 Nihil
3336 4012 3559 4066 prorsus.
3581 3992 3701 4047 Terr:

2202 4065 2500 4138 enimvero,
2520 4081 2584 4138 ex
2618 4082 2722 4138 qua
2759 4065 2975 4121 formati
3004 4083 3219 4133 sumus,
3245 4084 3305 4123 ea
3337 4065 3444 4138 ipsa
3469 4077 3609 4138 estex
3630 4077 3700 4136 qua

2201 4132 2441 4206 Adamus
2467 4152 2495 4188 a
2529 4132 2651 4190 Deo'
2670 4135 2847 4194 factus
2899 4150 3004 4193 est.
3036 4132 3212 4206 Atqui
3236 4132 3487 4192 Adainum
3513 4137 3568 4188 ab
3596 4132 3700 4186 omni

2203 4204 2334 4256 vitio
2361 4215 2415 4258 et
2435 4217 2656 4274 peccato
2687 4211 2886 4261 nudum
2916 4221 2971 4262 et
3001 4204 3233 4264 vacuum
3259 4225 3324 4263 ex
3342 4224 3399 4262 ea
3423 4213 3698 4277 procreatum

2200 4285 2321 4353 955,3
2372 4278 2809 4353 (ιιιίεηοιηῡίεειξ
2842 4279 3024 4353 ,Ροιῄτο
3066 4289 3257 4353 ωηιξη)Δ
3293 4283 3343 4353 in
3383 4281 3493 4342 his,
3518 4288 3629 4353 aqua:
3655 4284 3697 4322 er

2200 4345 2448 4419 ipsismet
2480 4345 2808 4402 Struma—tum
2839 4350 2997 4404 libris
3025 4351 3484 4419 transcripsimus,
3511 4346 3699 4400 Clemens

2200 4414 2403 4468 nullam
2434 4431 2658 4483 prorsus
2684 4429 2845 4474 terrae
2876 4420 3214 4475 mentionem
3251 4414 3397 4485 lacit,
3423 4435 3479 4472 ac
3506 4419 3562 4471 de
3588 4426 3698 4468 sacra

2205 4491 2415 4560 tantum
2467 4489 2707 4560 loquitur
2757 4489 3100 4559 baptismatis
3157 4509 3176 4542 ι
3230 4506 3380 4560 aqua:
3427 4486 3694 4560 matrice”

2205 4570 2308 4622 qua
2344 4559 2503 4611 homo
2533 4555 2602 4613 ab
2635 4563 2783 4614 omni
2818 4555 2950 4615 vitio
2971 4571 3027 4616 et
3051 4555 3438 4632 peccato'liber
3465 4571 3513 4614 et
3544 4555 3698 4611 solum!

2201 4640 2513 4696 generatur.

1757 4895 2134 4986 CAPUT
2209 4896 2488 4986 Vlll.

1171 5027 1265 5089 De
1293 5027 1513 5090 mundi
1548 5043 1895 5106 rerumque
1925 5025 2214 5089 omnium
2249 5027 2572 5090 creatione
2613 5037 2674 5090 et
2730 5033 3122 5109 prtestantia.

1086 5217 1478 5274 ARTICULUS
1510 5219 1549 5273 Ι.

525 5325 785 5404 Mundam
800 5340 977 5404 totum
1001 5331 1178 5396 simul,
1211 5332 1354 5385 nullo
1385 5332 1658 5404 interjecto
1686 5333 1937 5401 temporis
1973 5350 2100 5404 spa-

595 5401 691 5462 tio,
721 5417 751 5452 a
788 5399 895 5453 Deo
935 5413 1206 5472 creatum;
1231 5419 1292 5456 ac
1310 5405 1371 5457 de
1401 5403 1482 5458 Itis
1514 5399 1686 5459 uerbis
1709 5419 1728 5459 :
1751 5399 1868 5472 Quo
1897 5399 2101 5460 die'fe-

593 5471 666 5521 cit
693 5472 836 5524 Dens
871 5471 1070 5526 cmlum
1100 5483 1155 5527 et
1191 5484 1412 5528 terram.

593 5563 671 5616 De
704 5563 924 5620 homine
950 5576 1236 5637 peccatore
1283 5568 1559 5624 hactenus.
1596 5569 1669 5622 De
1697 5569 1863 5622 totius
1897 5578 2084 5622 autem

666 5677 908 5769 fiomkv,
943 5683 1072 5769 i2.“
1115 5686 1167 5769 ξδ
1191 5685 1396 5769 Strom:
1419 5685 1456 5769 l_.
1485 5701 1653 5769 tn,_p.
1687 5685 1811 5769 46g.

1916 5685 1961 5757 ξε
1997 5686 2152 5751 ibid.,
2185 5702 2238 5757 p.
2265 5687 2392 5743 470.

2202 5218 2383 5274 mundi
2417 5232 2482 5273 ac
2509 5218 2810 5287 praesertim
2843 5220 3004 5288 primi
3027 5220 3261 5277 hominis
3275 5218 3539 5288 creatione,
3555 5211 3687 5288 illitis-

2200 5306 2306 5359 que
2349 5304 2473 5342 cum
2510 5280 2782 5364 'corporis
2843 5280 2958 5364 't_um
2986 5292 3182 5346 anima:
3203 5293 3435 5364 dotibus,
3464 5280 3684 5364 φηςι-εἷς·

2203 5353 2360 5414 mens
2414 5371 2596 5433 noster
2635 5353 3127 5433 animadversione
3184 5362 3390 5433 dignius
3423 5353 3679 5433 tradiderit.

2201 5447 2345 5484 nunc
2376 5429 2783 5506 expcrnlamus._
2801 5431 3041 5486 Primum
3091 5422 3268 5506 igitur:
3292 5433 3376 5486 ille
3420 5422 3678 5506 _no_n__§0'9f"

2201 5508 2386 5573 aperte
2428 5502 2586 5553 docet
2623 5502 2880 5573 mundum
2915 5513 2971 5557 et
3008 5497 3213 5567 omnia,
3252 5517 3365 5573 qua:
3388 5501 3448 5573 ab
3473 5497 3597 5573 initio
3615 5499 3676 5573 to:

2202 5564 2290 5624 tus
2344 5571 2456 5637 ipse
2493 5571 2721 5625 mundus
2749 5564 3246 5641 complectebatur,
3269 5564 3438 5628 'simul
3481 5564 3680 5627 nulloque

2491 5690 2536 5722 "
2567 5691 2728 5760 ibid.,
2752 5706 2804 5762 p.
2843 5691 2968 5748 465.
3064 5695 3108 5727 ³⁷
3139 5693 3332 5750 Strom.
3362 5690 3395 5746 L
3425 5701 3489 5753 tv,
3511 5699 3554 5755 q.
3578 5675 3678 5734 εὗδο-

524 5748 572 5783 ³³
596 5750 782 5806 Cateu.
813 5751 986 5811 Graec.
1032 5753 1252 5810 Patrum
1289 5757 1341 5810 in
1370 5755 1494 5824 Job,
1527 5748 1670 5812 edita
1696 5774 1722 5812 a
1755 5756 1870 5813 Pet.
1898 5755 2077 5824 iunio,
2116 5748 2292 5828 p359.
